1910 2816
59 250 172 26 Reservanten

62 283 76 26 !inom
157 286 64 23 riks-

64 320 166 29 försäkrings-

79 354 135 23 anstalten.

81 956 121 31 Departe-

55 990 178 25 mentschefen.

258 159 40 29 14
659 161 115 28 Första
797 161 223 34 lagutskottets
1042 161 163 29 utlåtande
1229 162 48 28 Nr
1304 162 48 30 14.

307 245 228 33 Reservanten
557 246 88 32 inom
670 246 465 43 riksförsäkringsanstalten,
1160 260 69 21 som
1253 248 168 39 avstyrkt,
1452 252 51 30 att
1526 249 243 33 handhavande

264 308 42 20 av
332 297 348 38 trafikförsäkringen
708 298 172 38 förlägges
907 299 54 32 till
989 299 178 40 anstalten,
1195 300 61 33 har
1282 300 54 32 till
1364 300 74 33 stöd
1465 301 118 31 härför
1611 301 159 38 åberopat

264 347 101 32 bland
383 351 101 28 annat
501 348 91 31 vissa
610 348 212 38 principiella
841 349 267 37 betänkligheter
1125 354 68 27 mot
1212 351 184 31 anstaltens
1415 351 202 31 bedrivande
1637 363 42 19 av
1702 354 66 28 tra-

265 396 260 38 fikförsäkring.
576 398 77 31 Han
679 398 150 37 påpekar
856 399 152 38 sålunda,
1035 403 52 28 att
1115 400 133 38 frågan,
1277 400 167 32 huruvida
1472 401 60 31 och
1558 401 12 31 i
1598 401 65 31 vad
1692 401 77 31 mån

264 447 187 37 ersättning
475 447 59 31 bör
559 448 93 38 utgå,
678 448 196 38 antagligen
907 449 246 37 jämförelsevis
1180 449 73 32 ofta
1278 449 130 32 komme
1435 454 52 30 att
1512 450 123 38 dragas
1662 450 107 33 under

264 497 158 32 domstols
454 497 175 40 prövning,
664 498 118 32 därvid
813 501 126 30 statens
971 499 134 39 privata
1137 500 140 32 intresse
1310 500 108 32 såsom
1453 504 228 35 representant
1714 501 53 32 för

263 547 152 34 enskilda
440 553 101 33 ägare
564 560 42 21 av
630 549 228 33 motorfordon
881 550 130 33 komme
1035 554 51 29 att
1111 550 119 34 ställas
1254 555 168 34 gentemot
1447 555 126 29 statens
1598 552 168 33 allmänna

262 598 141 32 intresse
421 610 42 20 av
483 599 157 37 gällande
658 600 343 33 trafikföreskrifters
1022 601 209 32 efterlevnad
1251 602 60 32 och
1330 602 180 32 beivrande
1529 615 43 19 av
1591 602 177 32 förseelser

262 651 68 28 mot
350 648 82 37 dem,
453 648 142 32 likasom
615 648 144 38 givetvis
780 648 354 40 ersättningsanspråk
1155 651 77 31 från
1253 651 60 32 den
1336 663 69 20 som
1425 651 77 32 lidit
1522 652 244 38 kroppsskada.

262 697 67 32 För
360 697 472 39 riksförsäkringsanstaltens
864 699 163 39 ställning
1057 700 60 32 och
1148 701 292 38 arbetsuppgifter
1471 703 44 37 på
1547 702 61 32 den
1642 702 124 32 sociala

263 747 253 39 försäkringens
545 749 133 32 område
706 749 142 32 likasom
876 750 54 31 för
958 751 55 32 det
1049 751 200 40 förtroende,
1277 763 106 20 varav
1412 752 62 32 den
1502 752 119 32 därvid
1650 764 77 20 vore
1754 753 12 31 i

263 801 84 29 stort
370 798 115 38 behov,
509 798 111 33 kunde
644 799 55 32 det
722 799 151 33 medföra
896 798 147 40 menliga
1068 799 124 39 följder
1214 804 52 29 att
1288 801 106 32 under
1418 802 39 33 de
1482 802 285 38 omständigheter

257 847 61 32 och
340 848 12 31 i
377 847 62 32 den
464 848 216 38 omfattning,
707 861 114 19 varom
846 850 62 31 här
932 861 78 21 vore
1035 850 110 39 fråga,
1170 851 135 32 inträda
1330 851 12 31 i
1367 851 104 32 sådan
1496 852 271 38 partsställning,

257 907 69 20 som
346 896 110 33 kunde
474 897 135 32 befaras
629 898 91 32 bliva
739 899 202 38 nödvändig.

305 947 19 31 I
344 947 100 39 fråga
465 960 51 20 om
539 948 472 40 riksförsäkringsanstaltens
1035 950 198 39 deltagande
1255 952 12 31 i
1294 951 471 40 trafikförsäkringsrörelsen

262 997 106 39 enligt
392 998 55 33 det
472 999 226 33 automatiska
723 1003 160 36 systemet
906 1001 100 32 anför
1031 1001 366 39 departementschefen
1421 1022 45 4 —
1492 1003 87 35 efter
1602 1007 50 30 att
1678 1003 87 33 hava

260 1048 136 41 uttalat,
414 1052 51 29 att
484 1050 55 32 det
556 1050 144 33 förvisso
718 1063 77 20 vore
813 1052 43 37 på
874 1052 87 37 goda
980 1052 156 39 grunder,
1160 1053 182 32 frånvaron
1362 1066 43 20 av
1424 1053 340 40 anskaffningsorga-

259 1098 156 39 nisation,
436 1111 69 21 som
526 1100 456 38 riksförsäkringsanstalten
1002 1102 143 33 bestämt
1166 1102 158 34 avvisade
1344 1103 124 33 tanken
1488 1105 43 37 på
1553 1104 47 33 fri
1619 1104 146 32 konkur-

261 1159 73 21 rens
354 1149 122 31 mellan
494 1149 169 33 anstalten
683 1151 60 31 och
763 1150 39 32 de
822 1151 152 32 enskilda
996 1152 486 39 försäkringsinrältningarna
1507 1154 12 31 i
1541 1154 62 32 den
1625 1155 139 37 formen,

260 1202 51 28 att
330 1198 174 38 bilägaren
524 1199 84 33 hade
628 1202 51 29 att
701 1200 54 32 för
774 1201 109 31 avtals
905 1201 175 32 träffande
1102 1202 177 32 hänvända
1302 1203 52 38 sig
1375 1203 54 33 till
1452 1202 62 33 den
1538 1204 226 38 försäkrings-

260 1248 127 39 givare,
408 1248 456 40 riksförsäkringsanstalten
884 1250 81 33 eller
984 1263 119 29 annan,
1124 1252 66 32 han
1214 1253 124 37 ansåge
1359 1253 54 32 för
1433 1253 53 39 sig
1506 1254 197 39 lämpligast
1721 1273 44 5 —

261 1298 164 38 följande:

303 1356 77 32 Men
408 1356 170 33 saknaden
601 1369 43 20 av
667 1358 141 38 dugliga
831 1362 138 34 agenter
990 1359 67 32 kan
1080 1360 70 32 helt
1173 1360 113 33 säkert
1309 1361 74 31 visa
1408 1361 53 38 sig
1481 1362 176 38 betänklig
1681 1367 82 27 även

257 1398 58 32 vid
335 1398 217 38 tillämpning
573 1411 43 20 av
637 1400 55 32 det
713 1403 137 36 system,
873 1412 69 20 som
965 1401 456 38 riksförsäkringsanstalten
1442 1403 74 33 icke
1538 1404 160 38 avstyrkt
1719 1424 37 5 —

258 1451 51 20 om
334 1440 61 32 ock
419 1441 29 37 ej
474 1441 104 32 heller
602 1442 171 38 tillstyrkt
798 1462 44 3 —
867 1443 168 38 nämligen
1062 1444 206 32 automatisk
1295 1444 196 39 försäkring
1517 1446 12 32 i
1555 1446 167 32 anstalten
1750 1447 12 30 i

257 1482 68 32 alla
347 1482 39 33 de
412 1483 74 38 fall,
510 1483 60 32 där
591 1484 93 32 avtal
705 1484 72 32 icke
799 1485 143 32 träffats
965 1486 75 32 med
1062 1487 108 37 någon
1193 1486 131 33 enskild
1348 1487 413 39 försäkringsinrättning.

258 1524 61 32 Om
338 1525 168 39 nämligen
525 1525 178 39 bilägarna
723 1527 129 33 lämnas
872 1530 81 30 utan
973 1528 47 32 all
1041 1528 111 34 direkt
1172 1529 170 38 påverkan
1365 1530 77 32 från
1463 1529 299 40 riksförsäkrings-

257 1567 184 32 anstaltens
466 1568 73 32 sida
561 1580 74 20 men
659 1569 36 31 så
719 1569 136 38 mycket
876 1569 192 39 kraftigare
1093 1571 173 32 bearbetas
1292 1583 42 20 av
1361 1572 38 32 de
1424 1572 152 33 enskilda
1601 1572 160 38 bolagens

257 1613 147 34 agenter,
426 1610 148 31 riskerar
594 1611 167 31 anstalten
782 1615 51 29 att
853 1612 102 32 vinna
974 1613 205 32 automatisk
1201 1613 197 38 anslutning
1418 1614 118 32 endast
1556 1626 43 20 av
1621 1615 140 31 mindre-

255 1651 84 32 talet
363 1652 59 31 och
447 1652 116 31 därtill
587 1652 39 32 de
650 1653 102 32 minst
775 1653 188 33 önskvärda
990 1654 368 38 försäkringstagarna.
1405 1655 75 32 Den
1506 1656 83 32 enda
1614 1659 147 35 utvägen

257 1696 51 29 att
331 1693 150 32 undvika
504 1694 91 31 detta
617 1706 78 20 vore
718 1698 51 29 att
792 1694 92 33 hålla
908 1695 94 38 lägre
1026 1696 143 37 premier
1193 1701 42 27 än
1261 1697 39 31 de
1325 1697 152 32 enskilda
1502 1697 153 39 bolagen,
1687 1710 74 19 men

253 1736 52 29 att
322 1733 456 39 riksförsäkringsanstalten
796 1737 105 31 under
918 1737 146 38 angivna
1083 1738 211 38 betingelser,
1313 1738 11 31 i
1342 1738 63 32 allt
1424 1738 64 32 fall
1506 1739 74 31 med
1600 1740 55 31 det
1672 1739 92 38 bety-

258 1776 105 32 dande
393 1776 190 39 försprång,
609 1778 38 31 de
671 1778 92 32 förra
788 1778 100 32 redan
913 1783 74 34 äga,
1013 1779 109 32 skulle
1146 1792 81 20 vara
1252 1780 131 38 mäktig
1407 1784 51 28 att
1480 1781 196 38 igångsätta
1701 1781 60 32 och

258 1818 153 38 fullfölja
440 1830 38 20 en
507 1819 344 39 premiekonkurrens,
882 1821 88 31 lärer
998 1821 56 32 väl
1084 1821 170 38 knappast
1283 1822 112 32 kunna
1428 1823 185 38 förväntas,
1645 1823 116 32 såvida

255 1859 74 32 icke
351 1863 108 29 staten
481 1860 108 33 skulle
611 1861 117 38 släppa
749 1862 54 32 till
824 1862 116 32 därför
961 1863 223 38 erforderliga
1207 1863 116 33 medel.
1368 1864 79 32 Man
1469 1865 55 31 må
1544 1864 120 32 härvid
1687 1864 73 33 icke

256 1901 136 39 förbise,
413 1906 51 29 att
485 1903 379 39 tvångsförsäkringens
891 1905 260 37 genomförande
1174 1910 60 33 gör
1257 1906 54 32 det
1332 1905 134 39 möjligt
1490 1907 53 31 för
1566 1907 38 32 de
1626 1907 134 38 privata

257 1944 355 39 försäkringsbolagen
636 1948 52 30 att
711 1946 100 38 högst
834 1946 184 39 väsentligt
1042 1947 184 39 nedbringa
1253 1948 72 32 sina
1352 1949 410 38 förvaltningskostnader

255 2005 45 4 —
324 1986 140 33 särskilt
488 1988 93 32 torde
606 1988 61 32 den
691 2000 44 20 nu
761 1988 135 39 mycket
920 1989 87 38 höga
1034 1989 455 39 anskaffningsprovisionen
1517 1992 36 32 åt
1578 1994 182 35 agenterna

255 2027 113 33 kunna
389 2029 150 38 undergå
558 2042 39 19 en
618 2030 188 38 betydande
828 2031 176 32 reduktion
1028 2051 45 3 —
1094 2036 87 28 samt
1201 2035 51 29 att
1273 2033 158 37 bolagens
1454 2033 307 33 konkurrenskraft

257 2073 168 34 gentemot
448 2075 109 28 staten
579 2072 12 31 i
614 2083 127 20 samma
764 2073 75 31 mån
862 2072 92 32 ökas.
1000 2073 79 32 Man
1101 2074 106 31 måste
1229 2074 120 32 härvid
1374 2079 83 27 även
1480 2075 105 32 räkna
1608 2076 73 31 med
1706 2076 56 32 det

256 2115 104 28 större
388 2112 189 33 förtroende
604 2113 223 32 allmänheten
855 2115 91 31 torde
972 2115 86 37 hysa
1083 2115 55 32 till
1174 2116 37 31 de
1239 2116 152 31 enskilda
1419 2116 159 38 bolagens
1606 2117 154 38 förmåga

256 2156 50 29 att
328 2154 120 32 snabbt
469 2154 60 32 och
549 2154 135 32 liberalt
705 2155 129 38 reglera
859 2156 214 32 framställda
1096 2156 381 39 skadeståndsanspråk.
1524 2158 61 32 Om
1609 2170 77 20 man
1710 2159 49 32 så-

257 2195 100 32 lunda
379 2196 106 32 måste
508 2196 105 38 draga
636 2197 11 31 i
670 2197 191 32 tvivelsmål
884 2197 472 39 riksförsäkringsanstaltens
1382 2200 154 38 förmåga
1560 2204 51 28 att
1642 2212 118 26 genom

257 2237 76 32 från
362 2238 185 32 anstaltens
576 2239 173 37 synpunkt
779 2239 133 38 skäliga
942 2241 142 37 premier
1115 2241 105 37 draga
1250 2241 53 33 till
1335 2242 53 38 sig
1417 2254 39 20 en
1485 2242 189 39 betydande
1706 2243 52 32 del

253 2290 44 20 av
323 2279 359 40 försäkringsstocken,
711 2285 38 27 är
776 2281 56 32 det
857 2282 20 31 å
903 2282 105 32 andra
1035 2282 96 32 sidan
1159 2283 76 32 fara
1261 2287 87 34 värt,
1377 2287 51 29 att
1453 2284 55 32 det
1535 2284 226 33 automatiska

255 2325 160 34 systemet
434 2322 88 33 skall
541 2323 174 32 föranleda
733 2336 38 19 en
789 2324 193 38 anhopning
1000 2325 58 32 hos
1077 2325 455 38 riksförsäkringsanstalten
1552 2339 42 20 av
1615 2327 38 32 de
1674 2331 83 28 säm-

256 2367 52 28 sta
326 2364 151 32 riskerna
494 2384 45 3 —
556 2365 102 32 bland
677 2370 103 27 annat
799 2366 108 32 skulle
925 2366 36 37 ju
981 2367 221 33 automatiskt
1222 2370 176 35 övertagas
1423 2367 68 33 alla
1514 2368 244 40 försäkringar,

256 2417 67 20 som
343 2406 43 37 på
405 2406 109 37 grund
533 2419 42 20 av
595 2406 196 33 underlåten
812 2408 297 38 premiebetalning
1132 2409 137 32 förfölle
1290 2410 58 32 hos
1371 2410 38 32 de
1432 2410 151 32 enskilda
1605 2411 152 37 bolagen.

256 2447 65 32 Det
339 2452 37 28 är
394 2448 117 32 därför
527 2448 73 32 icke
621 2449 161 32 uteslutet
800 2453 50 28 att
869 2450 55 32 det
940 2450 226 33 automatiska
1186 2455 161 34 systemet
1365 2452 72 31 med
1459 2464 37 20 en
1516 2452 12 32 i
1546 2452 211 32 förhållande

255 2490 53 31 till
334 2490 471 39 riksförsäkringsanstaltens
834 2492 308 38 försäkringsstock
1169 2493 125 39 dyrbar
1321 2494 373 38 förvaltningsapparat
1721 2496 36 32 så
