1870 2792
494 119 122 29 Första
644 117 244 39 lagutskottets
915 116 179 29 utlåtande
1120 125 42 19 nr
1190 115 50 29 27.
1604 114 16 30 7

117 206 81 29 eller
221 205 135 29 mindre
378 202 267 40 stadigvarande
667 211 41 20 av
731 201 93 29 olika
846 200 229 39 anledningar
1097 199 108 30 vistas
1226 199 74 29 här.
1325 199 80 29 Dels
1429 199 96 29 torde
1548 198 68 30 för-

117 248 281 37 utsättningarna
425 246 53 29 för
505 247 49 26 att
580 245 145 28 bedöma
752 245 65 28 den
845 243 142 29 relativa
1015 243 238 28 förekomsten
1279 251 40 19 av
1347 240 178 40 opålitliga
1551 241 65 28 ele-

117 293 93 26 ment
232 289 104 29 bland
360 290 40 28 de
426 287 165 30 nordiska
618 286 118 29 folken
763 285 101 30 ställa
889 285 50 38 sig
964 285 93 28 olika
1082 285 126 28 mellan
1232 284 100 28 dessa
1356 284 120 28 länder
1500 283 115 29 inbör-

115 332 59 29 des
196 332 77 29 med
297 331 136 38 hänsyn
454 330 52 29 till
530 330 99 28 deras
651 328 93 30 olika
767 328 146 28 inrikes-
934 327 65 29 och
1022 326 299 39 utrikespolitiska
1347 325 268 38 förutsättning-

116 384 47 19 ar.
189 375 80 28 Dels
297 374 96 30 torde
420 374 66 29 vad
512 371 171 30 beträffar
713 370 147 30 svenska
887 370 227 38 medborgare
1141 368 282 38 samhörigheten
1452 368 77 29 med
1558 367 57 29 det

114 424 85 30 egna
221 416 116 29 landet
359 416 9 28 i
389 415 64 28 och
475 414 54 29 för
553 414 50 39 sig
625 413 134 39 grunda
784 422 42 19 en
851 412 68 30 viss
942 411 307 39 trygghetskänsla
1271 420 84 25 som,
1376 410 80 29 med
1480 410 62 29 allt
1564 419 49 20 er-

116 459 184 28 kännande
323 458 34 29 åt
383 458 65 28 den
472 455 227 40 vänskapliga
724 455 251 39 inställningen
999 455 78 29 med
1104 453 231 39 grannfolken
1360 453 75 28 icke
1460 453 70 29 kan
1556 461 59 20 an-

116 510 51 20 ses
192 501 70 29 lika
287 500 193 38 berättigad
506 500 65 28 vad
598 498 169 29 beträffar
793 497 99 30 dessa
918 497 82 29 våra
1027 504 160 31 grannar.
1214 496 73 29 Den
1314 495 185 38 viktigaste
1525 494 88 29 erin-

114 552 61 20 ran
194 545 72 27 mot
286 544 55 28 det
362 552 40 19 av
424 541 260 29 motionärerna
703 540 148 29 anförda
871 539 206 40 påståendet
1097 548 101 29 synes
1217 537 191 31 emellertid
1428 538 89 37 ligga
1537 536 76 30 däri

112 588 58 30 att,
190 586 124 28 medan
332 584 253 38 medborgarna
604 583 9 29 i
632 584 56 29 det
707 591 87 30 egna
816 583 117 28 landet
951 583 60 28 äro
1030 582 7 28 i
1058 583 86 27 stort
1163 583 65 27 sett
1248 581 114 28 kända
1381 580 55 29 för
1456 580 157 38 myndig-

111 629 140 28 heterna
274 628 63 28 och
360 627 212 29 åtminstone
594 626 43 39 på
660 626 117 36 längre
802 624 68 29 sikt
893 625 119 28 kunna
1036 623 216 39 någorlunda
1274 622 215 37 tillförlitligt
1512 622 101 28 bedö-

114 679 72 20 mas
208 671 77 28 med
308 670 136 37 hänsyn
465 669 52 28 till
542 667 53 30 sin
619 667 273 38 medborgerliga
914 665 206 38 inställning
1141 666 64 28 och
1226 664 203 40 pålitlighet,
1452 666 54 27 vet
1529 673 81 20 man

114 712 218 28 beträffande
355 710 245 30 besökandena
625 709 79 29 från
730 708 283 39 grannländerna
1038 708 178 38 ingenting
1242 716 55 19 om
1320 708 66 28 vad
1413 707 100 28 dessa
1538 714 75 31 per-

107 765 100 20 soner
227 755 40 38 gå
286 755 63 34 för,
370 755 63 28 och
453 763 82 20 man
555 753 108 29 måste
684 753 143 32 således,
846 752 90 29 intill
957 753 78 28 dess
1055 761 81 19 man
1155 752 63 28 här
1237 759 122 29 genom
1379 758 86 29 egna
1485 751 125 28 under-

114 797 188 38 sökningar
329 797 135 28 kunnat
492 794 107 31 vinna
626 803 41 20 en
699 793 217 39 någorlunda
947 793 135 29 hållbar
1111 792 225 39 uppfattning
1366 800 56 20 om
1450 791 162 30 vederbö-

114 840 115 33 rande,
256 839 195 28 åtminsone
483 837 188 30 tillsvidare
697 837 111 29 räkna
837 836 78 29 med
942 835 269 39 möjligheterna
1239 836 49 28 att
1315 835 39 29 de
1381 834 120 29 kunna
1529 842 82 21 vara

111 881 187 39 opålitliga.

156 929 62 29 Det
244 937 101 30 synes
370 927 83 29 böra
480 924 204 31 framhållas
710 926 49 27 att
786 922 66 29 den
878 930 122 30 genom
1029 921 40 30 de
1097 918 409 41 interparlamentariska
1533 927 78 20 nor-

111 971 99 29 diska
232 969 232 30 strävandena
484 967 153 30 aktuella
658 966 189 28 tendensen
868 965 50 28 att
937 962 181 40 jämställa
1139 963 40 29 de
1201 961 166 30 nordiska
1389 961 222 38 medborgar-

113 1022 41 20 na
174 1012 161 30 inbördes
357 1012 10 28 i
389 1010 194 40 respektive
604 1008 120 30 länder
744 1007 75 30 icke
841 1005 213 40 följdriktigt
1074 1005 61 29 bör
1159 1005 74 28 leda
1255 1004 51 29 till
1329 1005 49 27 att
1398 1013 83 19 man
1505 1002 105 30 också

111 1055 136 38 släpper
272 1054 87 29 efter
384 1053 43 39 på
453 1053 41 29 de
518 1049 404 31 säkerhetsföreskrifter
948 1057 74 20 som
1046 1048 64 28 här
1134 1048 58 28 äro
1217 1046 121 38 ifråga.
1363 1047 12 28 I
1402 1046 114 29 stället
1540 1045 70 28 kan

107 1098 78 28 med
208 1097 57 38 fog
285 1096 130 30 hävdas
437 1096 49 29 att
508 1094 122 29 endast
650 1093 81 29 fullt
754 1091 168 30 effektiva
944 1089 414 31 säkerhetsföreskrifter,
1381 1088 131 29 sådana
1535 1096 74 20 som

111 1140 257 28 motionärerna
394 1147 89 24 avse,
511 1136 120 29 kunna
657 1134 206 39 möjliggöra
889 1132 131 29 sådana
1047 1133 91 28 stora
1165 1130 191 39 eftergifter
1382 1129 10 29 i
1419 1129 112 39 övrigt
1555 1129 55 29 be-

110 1181 177 30 träffande
311 1177 405 41 utlänningskontrollen
742 1176 10 28 i
777 1176 126 32 landet,
931 1183 75 21 som
1031 1173 139 39 nyligen
1195 1173 91 29 skett
1313 1172 64 29 och
1402 1181 75 20 som
1505 1173 105 37 ytter-

110 1224 104 39 ligare
237 1223 171 39 planeras.
430 1223 11 28 I
464 1222 93 29 detta
579 1219 255 37 sammanhang
856 1218 61 29 bör
938 1217 253 37 understrykas
1212 1215 71 30 dels
1305 1217 49 27 att
1374 1214 235 40 uppdelandet

110 1276 41 20 av
176 1266 273 37 utlänningarna
477 1264 10 28 i
514 1263 92 29 olika
635 1271 72 20 mer
735 1261 81 29 eller
844 1260 135 30 mindre
1007 1258 226 40 prioriterade
1261 1265 149 31 grupper
1438 1258 37 28 är
1505 1257 104 38 ägnat

110 1310 49 28 att
186 1309 108 37 skapa
323 1306 188 39 förvirring
536 1305 105 29 bland
670 1303 236 30 allmänheten
933 1302 64 28 och
1025 1303 50 27 att
1102 1301 217 37 undergräva
1345 1300 67 28 den
1441 1298 168 30 effektiva

110 1350 257 29 efterlevnaden
389 1358 41 20 av
451 1349 40 29 de
514 1349 178 37 strängare
714 1346 120 38 regler,
857 1354 74 20 som
956 1344 106 38 gäller
1084 1343 54 29 för
1160 1342 92 30 vissa
1274 1341 236 38 utlänningar,
1536 1341 72 29 dels

110 1394 48 28 alt
185 1393 104 28 bland
315 1391 236 38 utlänningar,
578 1398 73 21 som
678 1389 69 29 tala
773 1387 118 29 finska
917 1387 64 28 och
1009 1386 117 38 övriga
1152 1384 164 30 nordiska
1345 1383 116 40 språk,
1488 1383 119 29 kunna

109 1435 94 37 dölja
226 1434 50 38 sig
297 1443 40 20 en
359 1432 180 38 mångfald
561 1431 225 37 medborgare
808 1429 9 28 i
841 1429 109 30 andra
972 1428 130 32 länder,
1127 1427 93 29 vilka
1242 1434 122 30 genom
1390 1427 75 28 sina
1489 1425 120 39 språk-

106 1479 66 37 liga
194 1476 292 39 förutsättningar
507 1475 120 28 kunna
648 1473 231 38 undandraga
899 1472 50 38 sig
970 1473 40 28 de
1033 1471 223 33 misstankar,
1279 1479 73 20 som
1373 1469 101 39 eljest
1496 1469 112 29 skulle

104 1522 140 27 komma
270 1522 48 27 att
343 1518 109 29 riktas
477 1519 72 27 mot
574 1517 88 28 dem.

155 1561 223 29 Beträffande
400 1558 258 38 verkningarna
679 1567 40 19 av
741 1558 47 28 ett
808 1555 186 30 eventuellt
1015 1554 97 29 bifall
1133 1554 51 30 till
1205 1553 277 30 motionärernas
1504 1553 105 29 fram-

111 1603 164 38 ställning
294 1603 58 29 vill
372 1602 59 38 jag
451 1600 188 30 framhålla
658 1599 167 39 följande.

155 1646 61 28 Det
243 1645 188 36 väsentliga
460 1643 105 39 syftet
592 1642 76 29 med
695 1641 214 30 inrättandet
937 1649 41 20 av
1005 1639 150 29 militära
1186 1637 299 39 skyddsområden
1512 1637 98 29 torde

112 1689 42 28 ha
176 1688 86 28 varit
285 1689 49 27 att
354 1687 92 28 hålia
467 1685 185 38 obehöriga
675 1684 42 38 på
738 1683 146 29 avstånd
905 1682 79 29 från
1007 1680 407 39 försvarsanläggningar
1434 1689 42 20 av
1497 1680 113 28 skilda

111 1730 81 37 slag.
216 1730 127 28 Genom
364 1730 39 28 de
426 1728 164 37 generellt
608 1727 176 28 verkande
807 1725 171 29 förbuden
1001 1725 53 28 för
1075 1724 224 37 utlänningar
1320 1725 59 32 att,
1401 1724 85 27 utan
1507 1722 9 28 i
1540 1724 71 28 sär-

112 1772 89 29 skild
225 1772 147 36 ordning
398 1770 161 29 utverkat
582 1769 168 32 tillstånd,
777 1767 185 39 uppehålla
987 1767 51 38 sig
1061 1766 10 28 i
1096 1765 322 39 skyddsområdena
1441 1765 63 28 har
1528 1774 82 20 man

112 1814 121 28 vunnit
251 1814 65 28 den
335 1813 155 28 fördelen
508 1813 50 27 att
576 1812 119 28 kunna
716 1810 116 29 avvisa
852 1820 40 18 en
911 1809 186 37 utlänning
1117 1808 78 29 från
1217 1808 168 29 närheten
1405 1817 41 19 av
1465 1807 146 38 skydds-

108 1857 189 29 föremålen
322 1858 83 27 utan
430 1857 49 28 att
504 1856 93 28 detta
621 1854 205 38 ingripande
851 1853 125 29 behövt
1000 1852 180 39 uppfattas
1205 1861 73 18 som
1304 1851 53 28 för
1380 1851 230 37 utlänningen

111 1897 315 29 diskriminerande
448 1897 63 27 och
534 1898 83 26 utan
639 1898 49 26 att
710 1895 50 28 till
783 1894 229 37 utlänningen
1036 1893 124 29 behövt
1183 1893 134 28 lämnas
1342 1901 116 19 annan
1482 1891 129 29 förkla-

113 1940 74 37 ring
211 1940 48 28 till
286 1939 220 38 ingripandet
532 1939 43 27 än
600 1946 41 20 en
666 1936 210 38 hänvisning
900 1935 51 29 till
978 1935 157 38 gällande
1160 1933 452 39 fridlysningsbestämmel-

113 1991 63 19 ser.
198 1982 64 28 Om
286 1990 78 19 man
388 1981 197 35 undantoge
610 1980 64 28 den
697 1979 85 28 allra
807 1979 126 28 största
956 1978 99 28 delen
1080 1986 40 19 av
1143 1976 224 37 utlänningar
1389 1975 10 29 i
1421 1975 75 30 vårt
1519 1975 92 33 land,

114 2024 171 36 nämligen
306 2023 224 37 medborgare
552 2023 8 27 i
579 2023 39 28 de
639 2021 165 29 nordiska
825 2021 176 32 länderna,
1023 2019 77 29 från
1120 2020 92 28 detta
1231 2017 268 30 vistelseförbud
1519 2017 93 29 skul-

115 2066 26 27 Ile
160 2066 54 28 det
237 2065 175 32 innebära,
432 2068 50 26 att
501 2064 129 29 antalet
652 2063 51 28 för
727 2062 428 39 tillsynsmyndigheterna
1177 2061 136 29 okända
1333 2069 165 29 personer
1517 2059 95 28 inom

114 2107 319 39 skyddsområdena
461 2107 157 28 avsevärt
644 2106 158 28 kommer
828 2107 46 27 att
903 2105 85 28 ökas
1014 2104 63 28 och
1105 2106 48 27 att
1179 2105 46 27 ett
1253 2103 186 28 avvisande
1465 2111 41 19 av
1531 2102 82 28 eller

114 2153 105 26 annat
243 2149 203 38 ingripande
470 2150 67 27 mot
563 2149 99 27 dessa
687 2156 164 29 personer
875 2147 73 28 icke
973 2146 111 28 skulle
1111 2146 117 28 kunna
1253 2145 58 28 ske
1338 2146 84 27 utan
1447 2145 48 27 att
1520 2144 92 28 detta

116 2192 105 28 måste
248 2191 177 38 uppfattas
452 2190 113 28 såsom
596 2190 51 27 för
674 2189 227 36 utlänningen
929 2189 204 28 kränkande
1159 2188 62 27 och
1249 2187 99 29 ställa
1374 2186 240 38 tillsynsmyn-

112 2234 200 36 digheterna
343 2233 91 27 inför
464 2232 239 37 skyldigheten
734 2233 48 26 att
815 2231 154 28 redovisa
999 2231 40 27 de
1068 2230 70 28 ofta
1171 2237 81 28 vaga
1285 2229 222 31 misstankar,
1539 2237 72 19 som

115 2275 79 28 böra
219 2275 175 28 föranleda
419 2273 213 38 ingripande.
658 2273 57 28 Det
745 2273 102 35 ligger
870 2272 6 27 i
902 2272 126 28 sakens
1051 2272 102 27 natur
1175 2272 47 26 att
1246 2271 106 28 härav
1374 2270 111 28 skulle
1509 2270 105 27 fram-

116 2316 132 36 tvingas
273 2317 109 27 ökade
409 2315 327 36 försiktighetsmått
769 2314 75 27 från
872 2315 39 28 de
939 2313 165 28 militära-
1130 2313 61 27 och
1222 2311 161 39 polisiära
1414 2311 200 37 myndighe-

116 2359 114 27 ternas
254 2358 83 27 sida.
362 2358 64 27 För
449 2358 40 28 de
516 2357 110 27 förras
651 2356 267 28 vidkommande
945 2356 65 27 kan
1038 2364 77 18 man
1143 2354 103 29 tänka
1271 2354 50 37 sig
1344 2363 39 18 en
1409 2352 205 37 utvidgning

116 2409 39 19 av
178 2401 39 27 de
242 2400 163 27 områden
431 2399 161 35 omkring
618 2397 466 37 försvarsanläggningarna,
1112 2396 47 29 till
1186 2396 89 29 vilka
1306 2395 150 28 tillträde
1483 2394 132 38 förbju-

112 2443 66 28 dits
205 2444 82 27 även
316 2443 51 28 för
393 2442 146 28 svenska
569 2441 232 36 medborgare.
830 2440 274 39 Uppenbarligen
1133 2440 110 27 skulle
1270 2439 105 28 härav
1404 2439 116 27 kunna
1549 2439 67 27 för-
