2230 2662
710 147 234 44 Lagutskottets
971 149 165 33 Utlåtande
1161 150 63 33 N:o
1247 154 55 30 26.
1750 157 16 31 7

201 238 221 44 förfarande,
465 245 40 28 är
544 242 54 31 att
639 241 120 45 någon
798 252 144 35 process
983 240 148 36 alldeles
1168 241 79 36 icke
1274 241 247 37 förekommer
1548 243 12 35 i
1587 244 219 37 detsamma:

199 295 39 32 så
278 296 101 30 snart
419 289 62 36 det
521 289 165 48 anspråk,
716 302 78 23 som
825 290 117 47 gjorts
974 291 181 48 gällande,
1184 298 115 30 mötes
1327 292 40 37 af
1391 306 44 23 en
1463 294 231 50 invändning
1720 296 88 36 eller

199 347 53 30 ett
293 339 243 44 bestridande,
579 339 188 37 afstannar
806 340 241 38 förfarandet.
1110 342 214 37 Detsamma
1363 344 153 37 innebär
1555 346 164 44 allenast,
1752 352 55 31 att

198 405 45 23 en
288 392 181 48 borgenär
513 390 65 36 hos
623 391 273 37 vederbörande
942 393 217 49 myndighet
1201 394 196 48 uppgifver
1436 396 73 35 viss
1549 395 153 37 fordran
1742 397 65 36 hos

198 455 120 23 annan
358 442 67 36 och
465 442 164 35 anhåller
666 455 60 22 om
764 443 277 49 handräckning
1073 445 59 35 för
1158 444 82 37 dess
1269 445 325 45 utbekommande;
1623 447 184 37 hvarefter

198 493 264 49 myndigheten
501 496 21 32 å
561 494 253 47 ansökningen
854 495 160 42 tecknar,
1043 494 57 36 för
1140 495 210 49 delgifning
1389 497 83 36 med
1499 498 233 47 gäldenären,
1761 512 44 23 en

196 545 199 47 anmaning
435 544 56 35 till
529 543 117 36 denne
687 548 65 39 att,
794 557 59 22 om
894 545 72 35 han
1007 545 181 37 bestrider
1228 546 154 45 krafvet,
1411 548 99 36 inom
1539 549 73 35 viss
1640 549 83 36 kort
1750 550 54 35 tid

195 596 144 35 anmäla
366 595 65 35 sitt
456 593 60 48 jäf
540 600 76 30 mot
642 593 228 50 fordringen,
898 595 63 36 vid
989 595 173 50 äfventyr
1190 602 54 31 att
1272 597 104 46 eljest
1403 599 214 48 utmätning
1643 599 58 36 för
1727 601 76 47 gäl-

195 646 70 36 den
293 649 58 32 må
379 646 72 35 ske.
505 644 261 37 Förfarandets
793 646 154 36 resultat
975 646 72 36 blir
1065 647 79 36 icke
1164 661 44 22 en
1229 647 174 50 pröfning
1421 648 40 37 af
1477 649 323 49 fordringsrätten,

194 697 78 36 icke
300 709 63 23 ens
390 696 237 46 fordringens
655 695 254 37 fastställande
937 697 57 36 till
1023 698 190 48 betalning
1239 699 90 35 eller
1355 705 54 30 att
1438 701 109 35 målet
1574 704 118 33 såsom
1713 702 89 36 tvis-

194 748 72 47 tigt
304 747 154 36 förvisas
493 747 56 35 till
590 747 170 44 domstol,
789 752 87 31 utan
905 748 153 36 allenast
1085 753 55 31 att
1167 749 273 37 vederbörande
1468 751 219 49 rayndighet
1715 753 88 35 kon-

193 803 166 39 staterar,
388 797 184 36 huruvida
600 796 216 50 fordringen
845 804 110 30 mötts
983 798 41 36 af
1042 799 60 46 jäf
1125 800 90 35 eller
1242 800 71 36 den
1335 802 158 36 lämnats
1513 802 201 45 obestridd,
1735 804 66 35 och

192 854 64 38 att,
286 850 12 34 i
325 849 63 36 det
416 861 125 23 senare
568 847 117 44 fallet,
715 849 284 48 myndighetens
1027 849 101 37 bevis
1147 850 139 45 därom,
1307 852 172 36 tecknadt
1497 856 21 32 å
1536 854 264 48 ansökningen,

192 901 141 34 lämnar
360 900 158 47 tillgång
545 899 58 35 till
633 900 211 45 utmätning
871 899 57 36 för
955 900 69 36 den
1051 901 12 35 i
1091 902 251 48 ansökningen
1372 902 181 49 uppgifna
1573 903 227 50 fordringen.

193 950 52 35 Då
272 949 131 48 frågan
430 963 59 22 om
516 949 238 48 fordringens
781 951 147 35 tillvaro
957 952 89 34 eller
1072 964 57 22 om
1159 952 172 48 beloppet
1358 953 40 36 af
1423 953 211 37 densamma
1661 956 139 35 således

190 1001 79 36 icke
310 1002 11 34 i
362 1002 134 35 minsta
533 1013 83 22 mån
644 999 160 49 pröfvas,
833 1002 95 35 lärer
955 1001 61 36 det
1043 1010 98 28 ännu
1169 1003 143 36 mindre
1335 1011 46 28 än
1408 1005 12 35 i
1447 1005 353 47 lagsökningsförfa-

189 1051 131 37 randet
347 1052 89 35 böra
462 1064 86 23 vara
575 1051 224 48 gäldenären
827 1052 147 49 betaget
993 1058 55 30 att
1066 1053 35 35 få
1120 1054 56 35 sin
1197 1053 425 51 betalningsskyldighet
1640 1056 158 48 pröfvad

189 1101 39 36 af
252 1102 172 36 domstol.
479 1101 86 36 Rätt
591 1102 58 35 till
677 1103 355 48 återvinningstalan
1053 1104 106 47 ingår
1178 1105 139 36 således
1337 1109 118 33 såsom
1476 1111 54 31 ett
1548 1107 251 48 komplement

188 1153 57 35 till
273 1152 238 37 förfarandet.
570 1152 63 36 Ett
661 1156 39 32 så
727 1154 238 36 summariskt
994 1153 222 45 förfarande,
1244 1156 12 34 i
1284 1156 140 37 hvilket
1451 1160 124 44 någon
1598 1158 200 49 utredning

188 1203 147 37 utöfver
375 1204 270 46 ansökningens
672 1204 162 35 innehåll
861 1205 80 35 icke
968 1204 254 43 förekommer,
1252 1205 218 38 förutsätter
1497 1213 54 31 att
1579 1207 219 50 fordringen

186 1255 11 34 i
238 1255 250 48 ansökningen
527 1254 166 47 angifves
735 1254 83 36 med
858 1255 111 36 sådan
999 1256 268 48 noggrannhet,
1297 1262 54 31 att
1378 1259 61 34 vid
1467 1259 326 48 verkställigheten

186 1308 122 45 någon
336 1306 146 42 tvekan,
510 1317 58 23 om
597 1305 95 35 hvad
721 1305 325 49 verkställigheten
1073 1306 92 36 skall
1185 1306 87 44 afse,
1292 1308 79 36 icke
1390 1309 69 35 kan
1480 1317 67 39 äga
1565 1322 96 23 rum.
1708 1310 86 36 För-

185 1355 168 36 farandet
379 1355 104 36 torde
506 1355 122 35 därför
654 1356 80 34 icke
762 1356 203 52 lämpligen
1006 1356 87 36 böra
1122 1358 207 35 utsträckas
1357 1359 55 35 till
1440 1360 113 35 andra
1581 1359 211 49 fordringar

184 1414 46 27 än
258 1406 145 43 sådana,
433 1419 76 22 som
537 1405 77 36 afse
642 1407 215 46 penningar.
907 1407 190 47 Åberopas
1117 1408 57 35 till
1194 1408 82 36 stöd
1296 1408 58 36 för
1373 1409 218 49 fordringen
1610 1410 183 49 skriftligt

184 1455 303 49 fordringsbevis,
529 1469 109 36 synes
678 1457 200 48 anledning
918 1458 79 35 icke
1037 1458 117 36 finnas
1196 1464 55 30 att
1290 1460 122 35 lämna
1440 1460 228 49 borgenären
1696 1463 96 35 valet

184 1508 132 34 mellan
361 1506 453 49 lagsökningsförfarande
859 1508 67 36 och
972 1508 443 46 anmaningsförfarande,
1459 1517 88 30 utan
1587 1512 105 36 torde
1732 1513 62 35 det

183 1557 100 36 förra
323 1558 233 36 uteslutande
598 1558 87 36 böra
726 1560 146 34 komma
912 1560 57 34 till
1009 1559 245 47 användning.
1309 1561 231 37 Beträffande
1582 1562 70 36 den
1690 1576 104 36 myn-

182 1609 138 47 dighet,
361 1612 36 32 åt
439 1609 145 36 hvilken
617 1609 209 48 befattning
859 1610 83 35 med
970 1609 62 37 det
1058 1624 73 35 nya
1158 1610 230 37 förfarandet
1416 1613 68 35 bör
1511 1612 194 45 anförtros,
1735 1626 59 36 sy-

181 1672 64 22 nes
272 1663 122 44 någon
422 1660 131 35 tvekan
583 1660 180 48 knappast
791 1661 125 34 kunna
944 1660 97 43 råda,
1071 1666 55 30 att
1154 1661 212 45 detsamma,
1392 1666 117 33 såsom
1530 1664 56 35 till
1606 1664 56 35 sin
1682 1669 111 31 natur

181 1715 163 30 närmast
371 1710 360 48 sammanhängande
760 1710 82 36 med
869 1711 257 47 lagsöknings-
1150 1712 66 34 och
1237 1712 468 48 handräckningsärenden,
1726 1715 66 35 bör

180 1759 245 37 öfverlämnas
466 1761 54 34 till
549 1759 296 37 öfverexekutor.
900 1760 137 36 Härför
1063 1762 74 34 tala
1164 1760 109 37 äfven
1301 1763 196 36 historiska
1523 1763 265 45 förhåHanden,

178 1811 11 34 1
231 1810 61 36 det
333 1815 54 31 att
427 1810 79 36 före
543 1824 74 35 nya
654 1811 344 47 utsökningslagens
1026 1812 180 35 tillkomst
1234 1812 224 49 Konungens
1487 1814 302 47 befallningshaf-

179 1861 118 35 vande
337 1867 66 42 tog
443 1860 210 48 befattning
693 1861 107 35 äfven
835 1861 82 36 med
945 1861 222 47 fordringar,
1197 1875 77 23 som
1303 1863 32 47 ej
1366 1864 147 36 stöddes
1541 1864 42 36 af
1607 1865 183 48 skriftligt

178 1911 302 47 fordringsbevis.
536 1904 297 44 Öfverexekutor
856 1913 65 35 har
940 1912 107 35 också
1066 1912 61 36 det
1145 1912 203 37 företrädet
1367 1914 155 36 framför
1541 1915 248 37 domstolarna

178 1965 45 44 på
251 1962 124 35 landet
402 1967 54 30 att
483 1975 85 23 vara
596 1963 166 48 ständigt
789 1964 224 47 tillgänglig,
1042 1963 203 47 hvarjämte
1273 1965 245 36 allmänheten
1548 1966 64 35 har
1630 1967 159 48 tillgång

176 2013 57 34 till
261 2012 65 35 hos
357 2011 287 37 öfverexekutor
677 2014 156 35 anställd
862 2014 280 35 kommissionär
1169 2013 60 36 för
1257 2016 199 36 ärendenas
1484 2016 210 37 bevakande
1722 2018 65 35 och

176 2062 58 36 för
274 2063 237 46 handlingars
551 2063 228 36 insändande
819 2064 70 35 kan
922 2065 113 34 anlita
1066 2064 185 35 allmänna
1279 2071 139 41 posten.
1473 2067 168 35 Rörande
1668 2066 118 37 öfver-

175 2114 199 35 exekutors
402 2114 215 46 kompetens
645 2114 105 35 torde
778 2114 87 35 böra
889 2114 184 35 meddelas
1093 2126 139 23 samma
1251 2115 241 46 föreskrifter,
1513 2130 78 22 som
1612 2118 12 34 i
1643 2118 143 46 lagsök-

175 2164 194 48 ningsmål.
429 2163 13 35 I
475 2163 62 35 det
573 2163 64 36 fall
674 2169 54 30 att
763 2164 221 47 gäldenären
1022 2165 111 35 vistas
1167 2170 103 30 utom
1303 2166 93 35 riket
1429 2180 107 35 synes
1568 2167 216 47 billigheten

176 2215 135 44 fordra,
353 2219 54 30 att
440 2220 52 29 ett
525 2212 221 43 förfarande,
778 2215 100 35 hvari
907 2215 128 47 frågan
1063 2227 59 22 om
1151 2214 169 48 behörigt
1348 2216 234 48 delgifvande
1610 2218 66 34 och
1707 2223 78 31 ute-
