2210 2656
387 227 114 32 Andra
524 226 208 32 Kammarens
757 223 174 42 Tillfälliga
960 222 131 34 Utskotts
1113 220 81 44 (N:o
1216 221 38 38 3)
1283 220 162 33 Utlåtande
1466 220 63 32 N:o
1551 222 48 29 11.
1752 220 44 34 13

191 310 181 39 officiella
410 313 253 45 rapporterna
703 307 35 49 ej
778 306 252 49 fullständiga
1058 303 291 51 upplysningar.
1402 302 112 37 Hvad
1543 315 81 23 som
1652 302 12 36 i
1693 302 106 37 detta

192 362 183 38 afseende
413 361 219 46 inhemtats,
670 358 110 38 torde
818 358 98 38 dock
954 356 165 50 förtjena
1159 355 164 37 anföras.
1377 354 55 36 Af
1460 355 70 35 371
1559 352 89 38 med
1676 353 123 37 fosfor

192 412 208 51 förgiftade
440 424 185 37 personer
656 410 43 37 af
722 409 163 50 qvinligt
912 408 75 37 kön
1015 420 92 24 voro
1136 408 21 35 6
1185 405 122 38 under
1336 407 18 35 1
1385 407 41 35 år
1453 408 99 33 samt
1579 406 21 35 6
1629 403 108 38 öfver
1767 405 33 45 1,

192 477 89 24 men
308 462 121 38 under
460 463 45 35 10
533 465 56 42 år;
626 463 46 35 35
700 474 93 23 voro
822 459 141 38 mellan
993 460 45 35 10
1066 457 72 37 och
1168 459 44 35 19
1242 459 52 44 år,
1322 455 112 37 deraf
1457 454 116 49 ingen
1601 454 124 38 under
1754 456 45 35 15

193 518 56 43 år;
290 516 70 35 227
398 527 92 23 voro
518 512 141 37 mellan
687 513 48 35 20
764 511 71 37 och
862 512 47 35 29
939 513 57 42 år;
1041 511 45 35 78
1115 521 91 24 voro
1234 506 142 38 mellan
1404 507 48 35 30
1480 505 71 37 och
1579 507 46 35 39
1655 508 56 43 år;
1742 507 58 34 16

192 578 94 24 voro
325 564 139 37 mellan
504 565 48 35 40
580 563 71 37 och
679 564 47 35 49
756 565 53 43 år,
838 565 99 33 samt
964 562 21 34 3
1014 559 139 37 mellan
1183 559 47 36 50
1258 557 72 38 och
1358 558 45 35 59
1433 559 50 34 år.
1537 556 127 37 Häraf
1687 556 115 36 fram-

192 620 83 45 går,
305 621 54 31 att
386 615 87 37 med
500 614 201 48 undantag
729 612 42 37 af
796 612 47 37 de
871 610 258 49 minderåriga
1155 622 93 24 voro
1275 612 128 33 nästan
1427 602 89 67 -alla
1534 606 12 37 i
1571 607 47 37 de
1643 610 53 42 år,
1716 619 81 24 som

191 667 109 49 ligga
339 665 139 38 mellan
517 665 230 49 puberteten
787 662 72 38 och
897 673 273 37 menopausen,
1202 659 72 37 och
1302 663 55 33 att
1384 658 114 37 dessa
1524 657 277 50 förgiftningar

192 718 121 37 räkna
353 716 83 38 sina
474 716 93 37 offer
604 713 327 50 hufvudsakligen
970 711 118 38 bland
1127 724 105 36 unga
1258 722 196 38 personer.
1508 708 112 37 Hvad
1648 708 153 49 förgift-

193 769 188 48 ningarne
421 767 42 37 af
485 779 184 37 personer
697 766 42 36 af
764 764 166 38 mankön
957 763 193 45 beträffar,
1179 774 92 25 voro
1299 760 47 37 de
1373 759 185 50 temligen
1585 759 216 49 likformigt

193 818 197 39 fördelade
418 821 49 47 på
494 817 47 37 de
569 817 101 37 olika
697 815 340 38 åldersklasserna.
1612 843 2 3 :

327 863 231 43 Åndamålet
596 867 87 38 med
723 866 93 38 eller
852 865 165 38 orsaken
1048 863 58 37 till
1134 855 327 62 förgiftningarne
1489 860 121 38 under
1633 859 168 38 nämnda

194 922 48 36 20
271 924 40 34 år
334 933 83 25 var:
1636 941 2 3 :

546 1008 358 50 fosterfördrifning
931 1008 11 37 i
971 1010 71 35 616
1071 1006 67 38 fall
1166 1005 93 38 eller
1287 1007 92 45 82,01
1407 1007 27 30 Z

549 1060 200 52 sjelfmord
770 1090 128 7 ..........
927 1070 18 23 »
998 1061 45 35 T4
1099 1069 18 22 »
1204 1068 17 22 oo»
1311 1058 68 44 9Ij96
1409 1066 18 23 »

550 1112 108 38 MÖTA
668 1141 230 8 262.5ssörianssnsnnnns
926 1121 17 23 »
997 1111 47 36 20
1098 1120 18 22 »
1207 1119 19 22 oo»
1311 1109 67 44 2,69
1409 1117 17 22 »

549 1162 205 51 olycksfall
769 1192 128 7 ..........
925 1172 17 22 »
1019 1163 21 33 2
1096 1172 18 22 »
1202 1170 18 22 »
1307 1159 119 46 027»

550 1212 347 51 qvacksalfveri.....
941 1223 1 22 »
1021 1213 18 34 I
1097 1222 17 22 »
1203 1220 17 22 »
1306 1210 68 45 0,13
1405 1219 17 22 »

551 1263 226 39 obestämda
802 1293 94 7 ........
924 1273 17 22 »
994 1263 47 35 30
1096 1272 18 22 »
1202 1270 18 23 oo»
1265 1256 19 57 >
1306 1261 70 43 4,04
1406 1269 17 22 »

762 1323 157 37 Summa
970 1323 73 35 743
1067 1319 69 38 fall
1158 1319 73 37 och
1260 1319 117 46 100,00
1403 1321 26 29 &

329 1426 164 37 Fosforn
533 1438 115 36 synes
687 1427 13 34 i
735 1425 182 36 allmänhet
944 1422 116 37 hafva
1088 1419 188 38 användts
1303 1418 12 37 i
1343 1418 96 38 form
1470 1417 42 37 af
1535 1416 221 38 tändsatser
1784 1419 21 34 å

195 1478 156 48 vanliga
391 1475 281 48 fosforstickor,
712 1475 10 36 i
763 1478 120 46 några
916 1472 67 38 fall
1011 1472 12 36 i
1050 1472 96 37 form
1177 1471 42 37 af
1243 1473 170 34 råttmos.
1467 1467 193 50 Vanligen
1688 1466 117 38 hafva

195 1529 270 37 tändsatserna
492 1527 231 49 afskrapats,
742 1525 282 49 uppslammats
1040 1523 12 36 i
1071 1526 128 45 någon
1217 1534 107 39 varm
1343 1520 150 46 vätska,
1513 1522 126 34 såsom
1659 1523 145 41 vatten,

196 1579 118 49 mjölk
343 1578 92 37 eller
468 1578 110 45 kaffe,
608 1577 71 37 och
708 1577 157 36 förtärts
892 1578 50 46 på
970 1574 105 37 detta
1102 1578 87 32 sätt.
1234 1572 129 36 Åfven
1390 1571 123 36 finnes
1541 1568 177 50 exempel
1745 1571 60 46 på,

197 1636 55 31 att
280 1629 148 38 fosforn
456 1628 148 37 afbitits
628 1627 127 37 direkt
778 1627 84 36 från
891 1625 206 37 stickorna.

333 1679 49 38 Så
408 1679 109 49 långt
545 1677 230 38 statistiken.
829 1676 114 37 Flera
971 1675 124 37 siffror
1121 1674 111 37 torde
1260 1672 33 49 ej
1327 1671 186 38 behöfvas
1542 1671 59 36 för
1629 1674 56 33 att
1711 1669 95 47 visa,

196 1731 11 36 i
248 1731 156 37 hvilken
443 1728 221 38 förfärande
704 1727 97 49 grad
843 1726 234 36 missbruket
1118 1724 41 37 af
1184 1724 123 36 fosfor
1333 1722 159 48 tilltagit
1519 1724 48 46 på
1595 1721 47 36 de
1671 1733 135 24 senare

198 1785 102 42 åren,
342 1780 71 37 och
451 1780 96 36 huru
587 1778 239 49 nödvändigt
866 1777 65 36 det
971 1781 40 31 är
1050 1780 55 32 att
1145 1780 106 31 snart
1288 1778 95 44 göra
1422 1771 76 38 slut
1524 1774 49 46 på
1601 1771 66 36 det
1695 1770 110 37 onda.

197 1833 92 36 Man
332 1831 57 36 får
424 1829 203 49 härvidlag
653 1828 84 38 icke
765 1828 165 49 förgäta,
960 1831 55 32 att
1042 1826 65 36 det
1135 1824 87 37 med
1251 1824 50 37 all
1329 1822 245 37 sannolikhet
1602 1821 138 36 endast
1768 1825 40 32 är

198 1896 48 23 en
274 1882 111 48 ringa
412 1880 61 38 del
503 1880 41 37 af
568 1880 65 36 det
666 1878 176 49 verkliga
869 1876 245 47 missbruket,
1143 1889 82 23 som
1254 1887 139 37 genom
1423 1873 73 37 den
1525 1871 180 38 officiella
1733 1876 75 32 sta-

197 1933 156 37 tistiken
382 1945 60 23 om
471 1930 166 37 dödsfall
665 1929 73 37 blir
765 1929 158 45 bekant;
965 1928 59 36 för
1051 1924 342 51 hemlighållandet
1423 1924 42 36 af
1489 1923 47 37 de
1564 1923 112 36 flesta
1705 1921 103 50 sjuk-

199 1982 227 38 domsfallen
467 1981 108 37 torde
610 1979 292 39 anförvandters
930 1978 71 36 och
1027 1982 164 32 vänners
1215 1975 257 49 förtegenhet,
1499 1972 309 38 vederbörandes

198 2033 157 37 vistelse
383 2032 11 36 i
423 2032 171 48 aflägsna
623 2031 93 36 eller
740 2029 222 48 folkfattiga
990 2033 102 32 orter
1115 2031 100 33 samt
1237 2025 178 38 läkarens
1436 2022 373 52 tystlåtenhetspligt

200 2084 123 48 enligt
350 2084 46 35 60
425 2080 21 48 $
476 2083 41 35 af
541 2080 282 37 instruktionen
852 2079 121 48 draga
1000 2079 164 47 försorg.

334 2133 113 36 Detta
475 2130 435 38 fosfortändstickornas
938 2127 295 37 missbrukande
1260 2126 56 36 till
1346 2124 232 50 förgiftning
1600 2123 12 36 i
1632 2122 179 49 förening

200 2184 87 36 med
324 2183 110 36 deras
462 2181 251 47 obestridliga
742 2179 247 48 eldfarlighet
1016 2183 82 43 gör,
1127 2182 55 31 att
1209 2176 189 36 utskottet
1425 2175 58 37 för
1511 2174 58 36 sin
1598 2173 62 36 del
1689 2176 121 33 måste

200 2234 94 48 gilla
322 2232 258 37 motionärens
609 2231 111 48 åsigt,
750 2235 55 31 att
832 2229 130 49 dylika
989 2227 259 38 tändstickors
1276 2225 237 49 utbjudande
1541 2224 56 36 till
1626 2223 84 37 salu
1740 2223 71 37 och

201 2283 229 50 försäljning
456 2282 101 37 inom
586 2281 131 37 landet
745 2280 198 37 äfvensom
973 2279 112 36 deras
1112 2276 201 38 införande
1343 2277 81 35 från
1454 2274 238 37 främmande
1721 2273 89 37 land
