2218 2656
376 232 111 32 Andra
512 231 209 31 Kammarens
746 223 169 47 Tillfälliga
945 228 136 33 Utskotts
1104 225 78 41 (N:o
1205 225 35 36 3)
1270 224 161 32 Utlåtande
1454 224 65 32 N:o
1545 227 47 28 11.
1766 225 19 33 3

182 315 182 37 månader
403 313 173 47 förflutit,
617 318 90 32 utan
743 317 55 32 att
826 311 192 37 derunder
1045 313 126 45 någon
1202 309 59 35 för
1289 308 95 36 hans
1413 307 107 37 helsa
1548 305 156 50 skadlig
1731 306 54 36 in-

182 366 143 37 verkan
368 366 41 36 af
448 365 148 37 arbetet
635 364 207 48 försports;
883 367 55 32 att
965 362 59 37 för
1052 360 106 37 detta
1186 358 176 38 ändamål
1391 357 97 37 skall
1517 357 62 37 vid
1608 357 177 36 fabriken

182 418 122 36 fiunas
334 415 164 38 särskild
525 414 90 45 bok,
658 415 68 36 der
754 414 58 36 för
840 413 132 48 hvarje
1001 412 176 36 arbetare
1206 409 209 37 antecknas
1443 408 96 37 hans
1568 421 116 24 namn
1713 408 71 37 och

183 468 117 45 ålder,
342 467 199 37 äfvensom
586 465 140 48 dagen,
760 464 48 37 då
836 464 75 36 han
934 463 63 36 vid
1026 468 55 31 ett
1110 462 94 35 visst
1231 460 56 37 slag
1345 460 41 36 af
1410 458 374 49 fabriksgöromålen

183 518 206 45 anstäldes,
418 517 71 36 och
517 516 140 49 dagen,
687 515 48 37 då
764 515 75 36 han
867 513 156 38 dermed
1051 512 201 49 upphörde
1280 509 12 47 ($
1345 513 54 43 6);

317 574 55 31 att
400 568 186 45 arbetare,
628 580 81 23 som
745 566 249 49 sysselsättas
1028 563 87 37 med
1144 562 269 36 tändmassans
1441 559 227 49 beredning,
1697 559 87 37 stic-

183 620 140 37 kornas
351 618 213 50 doppning,
592 616 185 49 torkning
805 616 72 37 och
904 614 247 51 inpackning,
1182 612 107 37 skola
1318 611 132 38 dervid
1479 611 94 36 bära
1592 610 191 37 särskilda
1806 644 7 8 .

182 669 277 42 arbetskläder,
507 667 141 45 hvilka,
695 667 59 37 för
801 666 132 49 hvarje
978 668 106 46 gång
1125 663 137 38 sådant
1303 663 130 37 arbete
1475 662 136 45 slutar,
1652 661 11 36 i
1704 666 79 31 sär-

182 721 119 37 skildt
328 734 82 22 rum
440 720 191 48 afläggas;
661 723 55 32 att
743 721 49 46 på
819 716 177 50 lämpligt
1024 715 111 37 ställe
1163 715 101 36 inom
1295 712 175 38 fabriken
1494 711 99 37 skall
1614 725 92 23 vara
1727 717 55 31 att

182 772 109 48 tillgå
331 778 85 30 rent
455 775 144 38 vatten,
641 768 185 37 hvarmed
855 768 113 36 desse
997 767 175 36 arbetare
1200 765 130 36 kunna
1358 764 96 36 efter
1479 762 145 37 slutadt
1651 762 132 37 arbete

183 822 122 49 skölja
346 834 168 24 munnen
550 820 72 37 och
651 819 86 37 med
767 818 251 37 användande
1048 818 41 35 af
1113 816 79 37 tvål
1221 815 93 37 eller
1341 817 105 47 såpa,
1476 827 81 23 som
1587 813 196 37 fabrikens

183 886 116 36 egare
341 872 193 45 bekostar,
575 875 125 32 tvätta
734 869 150 49 ansigte
917 869 71 37 och
1016 867 158 45 händer,
1207 866 114 36 innan
1350 865 46 36 de
1425 864 157 48 begifva
1611 863 61 49 sig
1699 864 84 36 från

183 923 175 37 fabriken
387 922 93 37 eller
508 922 67 36 der
604 921 101 37 hålla
733 920 149 45 måltid;
917 926 55 30 att
1000 919 84 36 icke
1112 918 11 36 i
1151 917 47 39 de
1228 930 95 33 rum,
1351 915 68 38 der
1446 914 253 38 förenämnda
1727 927 58 23 ar-

183 975 113 36 beten
325 973 241 45 verkställas,
596 971 204 37 arbetarne
829 974 60 32 må
917 969 204 50 uppehålla
1150 968 61 48 sig
1239 967 135 48 längre
1403 971 47 31 än
1479 965 149 37 arbetet
1651 964 133 49 hvarje

183 1028 105 46 gång
315 1023 205 46 erfordrar,
549 1022 95 37 eller
671 1027 80 31 mat
778 1021 94 37 eller
900 1026 116 31 annat
1044 1020 177 43 förtäras,
1250 1022 99 32 samt
1378 1021 55 33 att
1461 1016 115 37 dessa
1596 1029 84 23 rum
1699 1015 85 36 icke

184 1076 120 36 heller
333 1074 196 38 användas
556 1073 58 37 till
644 1072 264 49 boningsrum,
946 1070 202 38 sofställen
1177 1068 93 38 eller
1298 1067 199 49 förvaring
1526 1067 40 36 af
1592 1071 194 32 matvaror

183 1126 93 38 eller
304 1126 133 36 kläder
465 1122 35 50 ($
531 1121 51 50 7);

318 1182 55 31 att
413 1175 116 37 minst
570 1188 47 23 en
659 1177 106 45 gång
797 1173 94 36 hvar
919 1172 123 48 tredje
1071 1170 136 37 månad
1237 1169 142 46 läkare,
1408 1182 81 24 som
1521 1169 43 35 af
1589 1167 197 37 fabrikens

185 1241 114 36 egare
329 1227 156 46 aflönas,
514 1225 98 37 skall
642 1224 209 36 verkställa
879 1236 204 35 noggrann
1112 1221 223 48 besigtning
1364 1223 20 33 å
1412 1219 75 37 alla
1516 1219 69 36 der
1610 1217 175 38 anstälde

184 1279 186 44 arbetare,
400 1277 129 36 derom
560 1274 236 49 anteckning
824 1273 97 37 skall
949 1279 116 42 göras
1094 1273 10 35 i
1133 1272 114 36 ofvan
1278 1270 167 37 nämnda
1471 1269 76 36 bok
1578 1267 34 47 ($
1640 1267 52 47 8);

319 1333 55 32 att
411 1327 305 37 arbetsrummen
746 1325 87 36 med
862 1324 68 36 der
958 1323 169 37 varande
1156 1321 94 37 bord
1279 1321 70 36 och
1379 1319 271 38 arbetsställen
1679 1318 107 37 skola

186 1379 115 37 minst
329 1392 46 23 en
403 1381 108 46 gång
537 1376 133 48 hvarje
699 1376 77 47 dag
804 1379 200 44 rengöras,
1044 1373 88 49 golf
1157 1372 70 37 och
1256 1377 147 43 väggar
1430 1370 234 37 åtminstone
1693 1370 94 35 hvar

186 1429 191 50 fjortonde
418 1429 77 48 dag
534 1427 195 45 aftvättas,
772 1439 114 35 sopor
925 1425 70 36 och
1036 1423 102 37 affall
1175 1422 276 48 ofördröjligen
1479 1421 180 45 brännas,
1689 1425 98 31 samt

187 1486 115 31 tvätt-
331 1479 70 37 och
430 1478 232 49 sköljvatten
691 1482 207 31 uttömmas
926 1476 11 36 i
965 1474 166 38 särskild
1160 1473 91 49 djup
1280 1473 124 36 brunn
1433 1469 35 49 ($
1497 1469 54 49 9);
1580 1475 101 32 samt

321 1536 56 31 att
416 1527 325 39 helsotillståndet
772 1526 69 37 hos
871 1527 201 35 arbetarne
1101 1524 98 37 skall
1227 1537 102 35 noga
1357 1522 241 47 öfvervakas,
1627 1534 160 34 synner-

188 1582 101 49 ligen
319 1582 69 35 hos
417 1581 98 45 dem,
545 1593 82 22 som
656 1578 117 36 hafva
802 1577 169 36 skadade
999 1576 136 37 tänder
1164 1575 92 36 eller
1283 1574 77 36 lida
1383 1574 42 35 af
1449 1573 176 48 sjukdom
1647 1572 11 35 i
1678 1571 110 37 tand-

189 1633 133 45 köttet,
364 1631 72 36 och
472 1637 56 30 att
554 1629 64 36 vid
647 1627 254 38 förefallande
930 1627 120 37 behof
1075 1625 315 50 skyndsamligen
1420 1623 193 37 anskaffas
1641 1622 148 37 läkare-

188 1683 148 37 biträde
364 1679 36 49 ($
431 1679 71 48 10).

320 1732 197 37 Utskottet
544 1731 69 35 har
641 1729 199 45 inhemtat,
883 1733 54 31 att
973 1733 55 30 ett
1055 1726 147 50 förslag
1229 1725 59 37 till
1318 1739 50 34 ny
1397 1723 228 49 förordning
1652 1723 11 36 i
1691 1723 99 36 före-

191 1783 167 36 varande
400 1787 111 31 ämne
555 1780 118 37 redan
716 1778 125 37 blifvit
869 1779 9 35 i
908 1778 398 47 civildepartementet
1338 1774 221 37 utarbetadt
1587 1774 71 35 och
1687 1773 102 36 inom

191 1834 85 36 kort
316 1833 56 36 lär
412 1832 152 36 komma
605 1836 56 31 att
702 1830 100 35 inför
843 1828 140 49 Kongl.
1018 1827 107 48 Maj:t
1159 1826 236 48 föredragas,
1424 1825 11 36 i
1463 1824 147 37 hvilket
1643 1823 147 49 förslag

192 1883 194 49 åtskilliga
415 1883 42 36 af
481 1883 46 36 de
556 1895 50 23 nu
635 1880 181 50 gällande
837 1879 342 37 bestämmelserna
1199 1876 125 37 blifvit
1343 1875 170 38 ändrade
1529 1874 71 38 och
1620 1874 169 49 skärpta,

191 1938 125 33 såsom
347 1939 55 31 att
429 1933 97 36 både
554 1945 75 35 nya
658 1931 71 37 och
758 1930 118 36 redan
905 1930 9 35 i
942 1933 106 45 gång
1070 1928 168 37 varande
1259 1927 169 36 fabriker
1448 1926 108 36 skola
1575 1924 215 49 besigtigas

194 1986 40 35 af
257 1983 327 50 yrkesinspektör,
615 1988 55 30 att
697 1981 117 48 ingen
843 1982 58 35 får
928 1979 195 38 användas
1152 1978 11 36 i
1192 1978 101 36 vissa
1318 1977 180 48 farligare
1520 1976 158 36 arbeten
1698 1981 93 30 utan

194 2034 234 49 föregående
469 2031 368 49 läkarebesigtning,
880 2035 55 31 att
977 2029 277 37 minimiåldern
1293 2029 60 35 för
1393 2026 106 50 dylik
1543 2025 250 47 användning

194 2085 99 48 höjts
335 2085 83 36 från
450 2086 43 34 15
521 2082 57 37 till
610 2085 44 33 18
684 2085 39 32 år
758 2081 72 36 och
866 2080 152 48 längsta
1047 2079 205 36 oafbrutna
1280 2076 348 50 sysselsättningen
1658 2075 134 36 sänkts

194 2135 191 48 betydligt
413 2134 121 35 under
563 2133 72 36 den
665 2145 49 22 nu
746 2130 231 37 föreskrifna
1005 2130 51 35 tid
1088 2129 41 36 af
1155 2131 19 33 6
1205 2128 190 44 månader,
1425 2132 100 31 samt
1553 2131 55 31 att
1635 2126 157 36 läkaren

195 2185 97 37 skall
333 2189 162 43 antagas
536 2183 42 36 af
613 2181 289 37 vederbörande
943 2179 252 49 länsstyrelse
1234 2179 70 35 och
1345 2178 56 35 till
1443 2177 125 36 denna
1604 2181 97 43 göra
1727 2189 66 22 an-

196 2235 139 46 mälan,
378 2234 128 36 derest
546 2233 96 36 hans
679 2230 242 38 föreskrifter
948 2230 33 48 ej
1010 2229 222 37 efterlefvas
1261 2228 92 37 eller
1381 2226 325 38 helsotillståndet
1729 2225 63 36 vid

195 2285 175 38 fabriken
398 2285 121 36 finnes
548 2281 394 39 otillfredsställande.
