1852 2784
476 154 124 42 Första
626 152 247 40 lagutskottets
899 151 179 31 utlåtande
1102 160 44 21 nr
1168 151 52 30 26.
1561 150 41 30 dd

275 237 131 39 (Kung.
426 236 125 40 Maj:ts
570 236 162 40 förslag.)
1024 235 213 35 (Utskottets
1256 234 163 45 förslag.)

140 322 36 34 3)
205 321 137 30 Jämväl
364 321 359 39 medicinalstyrelsen
745 321 79 39 äger
844 320 128 40 begära
993 319 190 40 utredning
1202 319 82 30 eller
1306 319 83 39 göra
1411 317 190 31 framställ-

96 373 85 39 ning
202 381 56 20 om
280 371 132 36 förhör,
436 380 75 21 som
532 372 11 29 i
565 371 41 30 42
632 371 15 37 $
674 371 15 29 1
713 380 105 21 mom.
841 370 112 31 andra
975 369 135 40 stycket
1132 371 88 38 sägs,
1244 369 64 30 och
1330 369 57 31 för
1408 368 192 30 undersök-

97 424 129 38 ningen
255 422 138 40 påkalla
424 421 182 41 intagning
636 421 21 30 å
686 421 274 39 sinnessjukhus
990 430 42 21 av
1061 420 77 36 den,
1170 429 74 20 som
1273 420 109 30 vistas
1412 419 21 30 å
1461 419 46 29 fri
1537 419 63 29 fot.

97 473 131 30 Varder
258 473 121 30 förhör
409 474 119 33 utsatt,
559 472 111 40 åligge
700 472 197 29 domstolen
925 472 52 30 att
1005 471 205 30 underrätta
1240 469 360 40 medicinalstyrelsen

96 524 133 29 därom.

140 574 37 34 4)
206 574 263 29 Vederbörande
492 574 138 29 läkares
651 591 153 4 ——
760 567 29 49 —
824 572 81 31 med
928 571 217 41 avgivandet,

800 673 42 31 46
865 673 28 37 8.

141 733 40 40 Ej
204 733 56 30 må
293 751 27 3 —
344 751 27 3 —
392 751 24 3 —
450 734 56 38 ägt
524 742 90 21 rum.

140 784 26 31 Å
188 783 109 30 sådan
318 783 264 39 undersökning
604 783 98 29 skola
723 783 312 30 bestämmelserna
1054 782 12 29 i
1087 781 41 30 42
1150 781 65 30 och
1235 781 42 30 43
1300 780 38 38 88
1362 781 11 29 i
1393 780 209 40 tillämpliga

97 834 96 29 delar
220 834 104 30 lända
351 833 53 30 till
431 833 233 30 efterrättelse
689 833 79 30 med
794 832 226 40 iakttagande
1047 841 44 21 av
1116 833 51 30 att
1192 832 66 30 vad
1286 831 65 30 där
1377 831 139 39 stadgas
1544 839 58 21 om

96 885 195 30 domstolen
310 886 11 28 i
341 884 116 30 stället
476 884 89 30 skall
585 884 91 39 gälla
695 893 56 20 om
770 883 215 40 myndighet,
1006 892 74 20 som
1099 882 156 41 påkallat
1274 881 325 40 undersökningen;

97 936 90 29 dock
213 937 59 34 att,
299 944 59 20 om
383 935 119 31 läkare
528 935 63 29 hos
618 934 250 40 myndigheten
895 933 93 40 gjort
1014 933 261 39 framställning
1301 941 58 21 om
1385 932 131 34 förhör,
1533 931 70 29 -det

93 986 93 29 skall
207 986 191 29 ankomma
417 985 44 40 på
482 985 251 39 myndigheten
753 986 50 29 att
824 984 168 30 förordna
1013 993 58 20 om
1093 983 124 30 sådant
1238 983 122 30 förhör
1379 982 58 30 vid
1459 981 143 40 lämplig

97 1037 183 29 underrätt
306 1036 65 29 och
397 1035 46 40 på
468 1036 114 29 rätten
609 1036 51 29 att
687 1035 117 29 lämna
830 1034 250 40 myndigheten
1106 1033 228 30 meddelande
1362 1043 56 20 om
1445 1033 157 30 förhöret

96 1089 65 29 och
180 1087 138 40 vidtaga
337 1089 41 29 de
398 1087 170 39 åtgärder,
590 1097 75 21 som
684 1088 11 29 i
713 1087 41 29 42
776 1086 15 36 $
815 1087 14 29 1
851 1096 105 20 mom.
977 1088 110 29 andra
1106 1087 134 39 stycket
1260 1087 238 29 omförmälas.
1518 1086 83 30 Prö-

97 1146 60 21 var
182 1136 249 40 myndigheten
456 1136 230 39 erforderligt,
712 1137 50 29 att
785 1136 133 39 jämväl
944 1134 376 40 medicinalstyrelsens
1346 1133 181 31 utlåtande
1550 1134 53 29 in-

97 1187 149 36 hämtas,
273 1187 98 29 skola
397 1186 240 40 stadgandena
660 1187 11 29 i
696 1185 42 30 44
765 1186 15 36 $
807 1185 123 30 därvid
955 1184 104 31 lända
1084 1185 53 29 till
1162 1184 231 31 efterrättelse
1419 1185 78 29 med
1523 1193 80 20 ena-

97 1238 117 31 handa
236 1237 203 36 avvikelser,
464 1246 74 20 som
561 1246 83 30 nyss
666 1236 180 40 angående
868 1236 410 39 läkarundersökningen
1302 1237 105 38 sagts.

782 1328 41 31 46
845 1338 20 21 a
888 1328 27 37 8.

143 1388 129 30 Finner
298 1388 365 39 fångvårdsstyrelsen
690 1387 190 39 anledning
905 1387 221 30 förekomma
1150 1386 119 30 därtill
1296 1387 52 30 att
1374 1386 124 39 någon,
1528 1395 76 20 som

97 1438 174 38 undergår
295 1437 115 36 straff,
434 1437 233 30 underkastas
691 1436 188 40 förvaring,
905 1436 88 30 skall
1018 1436 180 38 styrelsen,
1221 1436 111 30 innan
1354 1436 250 39 internerings-

98 1488 196 30 nämndens
324 1487 164 40 yttrande
518 1488 11 29 i
560 1487 125 40 frågan
716 1487 188 34 inhämtas,
937 1487 209 29 föranstalta
1177 1495 57 21 om
1265 1486 264 40 undersökning
1560 1496 43 20 av

97 1539 89 29 hans
211 1538 367 30 sinnesbeskaffenhet
601 1538 65 29 och
689 1537 222 31 beträffande
935 1536 123 40 frågan
1082 1537 174 29 huruvida
1279 1537 71 29 han
1375 1537 87 30 efter
1485 1536 119 40 frigiv-

98 1590 129 39 ningen
249 1589 71 29 kan
340 1590 146 37 antagas
507 1588 92 30 bliva
620 1588 118 39 vådlig
757 1588 55 29 för
833 1596 137 21 annans
993 1587 163 30 säkerhet
1177 1587 52 30 till
1250 1596 128 31 person
1401 1587 81 30 eller
1504 1595 100 31 egen-

99 1641 91 34 dom,
213 1640 61 30 där
296 1639 30 39 ej
351 1648 42 21 av
415 1639 173 29 särskilda
611 1639 76 29 skäl
710 1638 108 30 sådan
839 1638 264 39 undersökning
1125 1638 115 29 finnes
1262 1637 191 40 obehövlig.

144 1689 226 30 Beträffande
399 1689 311 39 undersökningen
737 1688 98 30 skola
863 1688 312 30 bestämmelserna
1201 1688 11 29 i
1239 1687 41 30 42
1311 1687 15 37 $
1356 1688 12 29 i
1395 1687 208 40 tillämpliga

100 1741 95 29 delar
221 1740 104 30 lända
352 1739 52 31 till
430 1739 241 35 efterrättelse,
699 1739 78 29 med
802 1738 226 39 iakttagande
1054 1747 42 20 av
1122 1739 50 28 att
1197 1737 65 30 vad
1290 1738 62 29 där
1377 1737 141 39 stadgas
1545 1746 58 21 om

99 1793 195 29 domstolen
299 1787 15 48 i
338 1792 115 30 stället
470 1792 89 29 skall
576 1792 90 39 gälla
683 1800 56 20 om
756 1791 184 38 styrelsen;
960 1791 88 29 dock
1065 1792 60 31 att,
1143 1800 53 20 om
1216 1791 118 29 läkare
1351 1791 62 30 hos
1432 1791 168 39 styrelsen

100 1843 92 39 gjort
217 1841 261 41 framställning
502 1851 56 20 om
584 1841 130 34 förhör,
741 1841 56 30 det
821 1841 90 29 skall
936 1841 189 29 ankomma
1149 1841 44 40 på
1218 1841 170 38 styrelsen
1413 1843 49 28 att
1487 1841 117 30 föran-

100 1893 104 30 stalta
225 1902 56 20 om
302 1892 126 29 sådant
449 1892 121 29 förhör
590 1892 57 29 vid
669 1890 142 40 lämplig
832 1891 184 29 underrätt
1037 1891 65 28 och
1122 1891 45 39 på
1187 1892 114 28 rätten
1323 1891 51 28 att
1395 1892 117 28 lämna
1534 1893 69 37 sty-

100 1943 114 29 relsen
233 1942 228 29 meddelande
481 1951 56 20 om
558 1941 156 30 förhöret
735 1941 64 29 och
819 1941 139 39 vidtaga
978 1941 40 29 de
1039 1941 170 38 åtgärder,
1231 1950 74 20 som
1326 1941 10 29 i
1357 1940 40 29 42
1420 1940 15 36 $
1460 1941 13 28 1
1496 1950 106 20 mom.

99 1993 111 30 andra
231 1993 133 38 stycket
386 1991 238 30 omförmälas.
647 1991 130 30 Prövar
798 1991 169 38 styrelsen
989 1990 228 40 erforderligt,
1239 1992 49 29 att
1309 1991 131 39 jämväl
1462 1991 140 30 medici-

99 2043 248 39 nalstyrelsens
374 2042 179 30 utlåtande
580 2040 186 35 inhämtas,
794 2041 99 29 skola
919 2041 237 38 stadgandena
1181 2041 10 29 i
1216 2040 41 29 44
1285 2039 15 37 $
1328 2041 10 29 i
1363 2042 65 29 vad
1455 2042 40 29 de
1521 2050 80 21 avse

99 2094 131 30 häktad
258 2094 64 38 äga
348 2092 245 30 motsvarande
620 2091 223 40 tillämpning
870 2092 78 30 med
976 2092 183 30 enahanda
1186 2092 202 35 avvikelser,
1417 2101 73 20 som
1518 2101 84 29 nyss

100 2143 176 38 angående
304 2141 411 39 läkarundersökningen
742 2143 103 37 sagts.

417 2239 40 29 47
483 2239 26 36 8.

141 2300 29 28 2.
207 2299 72 28 Har
297 2297 152 29 domstol
467 2297 44 39 på
530 2297 172 38 grundval
720 2306 43 20 av
782 2297 51 28 ut-

97 2347 149 37 låtande,
283 2356 74 20 som
396 2346 141 39 jämlikt
574 2346 94 30 detta
704 2345 130 39 kapitel

97 2398 145 38 avgivits
264 2407 41 19 av
327 2395 403 39 undersökningsläkare
752 2395 82 30 eller

97 2447 369 38 medicinalstyrelsen,
492 2447 81 30 eller
595 2447 45 39 på
663 2446 171 40 grundval
