1870 2782
278 150 39 29 26
652 150 283 30 Statsutskottets
955 151 179 31 utlåtande
1155 161 42 19 nr
1216 152 19 28 3
1254 151 40 30 år
1316 152 83 29 1963

277 233 96 38 getår
390 233 136 39 placera
544 233 88 29 flera
649 233 204 30 biträdande
870 236 157 36 experter
1044 235 45 28 än
1107 235 57 29 det
1181 235 106 34 antal,
1306 244 74 20 som
1399 235 106 39 ligger
1522 236 52 29 till
1593 238 111 38 grund
1723 237 54 30 för

279 281 237 40 beräkningen
539 292 43 20 av
605 292 47 20 nu
676 283 265 39 ifrågavarande
965 284 230 39 anslagspost,
1220 285 126 40 Kungl.
1371 286 105 39 Maj:t
1502 286 55 29 för
1580 287 200 30 ändamålet

278 331 107 30 äskar
408 331 301 40 kompletterande
734 334 122 39 anslag
880 334 44 39 på
949 334 219 39 tilläggsstat,
1196 335 103 30 såvitt
1326 335 75 30 icke
1426 337 41 28 de
1494 337 285 39 uppkommande

278 381 312 32 merkostnaderna
612 382 120 31 kunna
752 383 171 31 bestridas
944 394 42 20 av
1005 386 188 29 eventuellt
1214 386 221 39 outnyttjade
1457 387 112 29 medel
1591 388 111 29 under
1722 389 56 28 öv-

278 431 73 39 riga
373 432 269 38 anslagsposter.

321 482 175 32 Utskottet
512 483 212 35 hemställer,

631 535 50 28 att
710 534 186 40 riksdagen
924 535 66 35 må,
1021 536 79 29 med
1129 536 99 30 bifall
1256 536 52 30 till
1338 537 125 40 Kungl.
1493 538 125 40 Maj:ts
1647 538 130 40 förslag

586 586 91 27 samt
697 585 78 29 med
796 586 117 38 avslag
933 586 20 30 å
972 586 217 31 motionerna
1210 588 28 28 I:
1253 587 60 30 312
1334 588 64 29 och
1419 588 44 29 II:
1478 588 57 30 371
1560 592 88 27 samt
1669 589 28 30 I:
1713 589 63 30 469

586 634 65 29 och
672 634 44 29 II:
732 634 72 35 576,
826 635 160 40 samtliga
1005 636 174 30 motioner
1199 637 103 30 såvitt
1323 647 47 20 nu
1391 638 39 29 är
1449 638 11 29 i
1483 638 107 40 fråga,
1612 639 53 30 till
1684 640 93 29 Fält-

582 685 142 38 projekt
743 685 54 29 för
815 686 203 39 budgetåret
1040 687 151 34 1963/64
1211 687 120 30 anvisa
1351 690 49 28 ett
1419 690 357 39 reservationsanslag

583 744 43 20 av
645 735 41 29 23
700 735 61 30 000
776 735 62 30 000
858 736 52 30 kr.

315 884 97 34 22:0)
431 886 204 34 Stipendiat-
651 888 62 28 och
731 888 311 30 kursverksamhet.
1059 889 123 37 Kungl.
1199 890 102 36 Maj:t
1316 890 63 30 har
1396 891 177 37 föreslagit
1588 891 185 38 riksdagen

275 934 127 35 (punkt
422 934 49 36 26,
493 944 26 21 s.
540 935 139 35 35—37)
704 939 48 27 att
772 936 50 31 till
844 937 268 40 ifrågavarande
1133 939 163 30 ändamål
1319 940 54 29 för
1395 940 203 40 budgetåret
1624 941 148 36 1963/64

271 984 122 31 anvisa
409 987 48 28 ett
473 986 355 41 reservationsanslag
844 998 42 19 av
902 988 19 29 3
935 988 62 30 500
1011 988 63 30 000
1092 989 52 30 kr.

314 1068 166 40 Anslaget
498 1069 40 30 är
557 1070 55 29 för
631 1070 234 31 innevarande
885 1072 169 40 budgetår
1075 1073 143 40 uppfört
1239 1075 78 29 med
1340 1075 18 29 3
1372 1074 63 30 000
1449 1075 63 30 000
1533 1076 51 29 kr.

314 1154 38 33 a)
381 1153 420 40 Stipendiatverksamhet

314 1204 78 29 Med
412 1204 136 39 hänsyn
567 1205 52 29 till
638 1205 66 29 den
721 1207 193 39 väsentliga
931 1207 148 40 höjning
1098 1218 42 20 av
1159 1209 154 40 anslaget
1333 1209 52 30 till
1405 1209 158 31 bilateral
1584 1211 185 39 stipendie-

269 1254 233 36 verksamhet,
527 1264 74 20 som
625 1255 168 31 beslutats
816 1266 42 20 av
882 1257 82 31 1962
988 1257 57 31 års
1068 1258 152 40 riksdag,
1243 1259 65 30 har
1330 1260 74 30 NIB
1428 1260 175 31 utarbetat
1625 1270 42 21 en
1690 1262 78 30 klar

269 1304 228 40 målsättning
516 1305 54 30 för
588 1306 115 29 denna
720 1307 221 30 verksamhet
959 1308 65 30 och
1044 1309 78 30 sökt
1140 1309 112 31 fixera
1268 1310 95 30 vissa
1381 1311 176 39 principer
1575 1311 193 31 beträffan-

269 1354 40 29 de
331 1355 135 29 länder-
486 1355 63 29 och
571 1357 187 29 ämnesval.
780 1357 187 30 Dessutom
988 1359 64 29 har
1074 1359 151 31 särskild
1247 1360 314 40 uppmärksamhet
1583 1364 123 38 ägnats
1725 1363 42 30 de

268 1404 182 38 praktiska
482 1405 166 40 frågorna
675 1406 221 32 beträffande
927 1409 468 40 rekryteringsförfarandet,
1428 1412 338 40 stipendiatmottag-

268 1454 128 39 ningen
416 1455 63 29 och
499 1456 80 29 över
600 1456 118 30 huvud
739 1459 91 37 taget
849 1458 66 29 den
934 1459 163 31 kurativa
1118 1460 99 30 sidan
1239 1470 41 20 av
1300 1461 279 31 verksamheten.

312 1505 147 30 Särskilt
481 1506 167 30 önskvärt
670 1507 64 30 och
755 1508 158 39 lämpligt
935 1511 38 28 är
996 1510 106 39 enligt
1125 1511 83 35 NIB,
1232 1513 50 28 att
1306 1512 458 39 stipendiatverksamheten

267 1554 8 29 i
301 1554 195 40 betydande
522 1557 244 39 utsträckning
792 1559 205 31 samordnas
1023 1561 79 29 med
1128 1560 262 41 fältprojekten.
1416 1563 132 30 Genom
1575 1564 190 39 stipendier

264 1604 61 29 bör
343 1614 82 20 man
444 1605 43 30 bl.
506 1616 29 19 a.
556 1607 109 39 skapa
683 1608 221 39 möjligheter
923 1609 54 30 för
996 1612 344 38 mottagarländerna
1361 1615 50 28 att
1431 1613 134 31 utbilda
1585 1622 84 32 egen
1689 1624 76 31 per-

265 1655 96 29 sonal
383 1655 54 29 för
456 1656 40 29 de
517 1656 206 40 fältprojekt
745 1667 73 20 som
840 1658 171 41 förlägges
1032 1660 52 29 till
1106 1661 100 30 dessa
1228 1662 130 30 länder.

310 1706 138 29 Antalet
466 1706 182 40 förlängda
665 1708 187 39 stipendier
868 1709 171 31 beräknas
1055 1710 47 30 bli
1119 1713 108 28 större
1244 1713 110 29 under
1370 1713 293 31 nästkommande
1679 1715 84 29 bud-

265 1755 96 38 getår
380 1757 43 28 än
443 1757 109 29 under
572 1757 56 29 det
649 1758 242 35 innevarande,
912 1769 78 20 men
1010 1761 166 30 eftersom
1196 1763 129 30 antalet
1344 1764 271 40 nyrekryterade
1636 1765 127 39 stipen-

265 1805 111 29 diater
394 1806 69 29 inte
482 1816 97 21 avses
599 1808 7 29 i
628 1807 111 40 någon
759 1810 193 29 nämnvärd
971 1811 244 40 utsträckning
1233 1813 76 34 öka,
1330 1813 147 31 föreslår
1494 1815 74 30 NIB
1588 1815 55 30 för
1661 1817 101 29 nästa

260 1854 169 40 budgetår
450 1857 122 30 endast
594 1867 42 20 en
658 1858 135 30 mindre
814 1860 223 40 uppräkning
1058 1862 80 29 med
1161 1861 60 31 100
1237 1862 62 31 000
1320 1863 52 30 kr.
1394 1863 51 30 till
1470 1864 14 29 1
1501 1864 63 30 600
1578 1865 63 30 000
1663 1866 52 29 kr.

307 1939 37 34 b)
372 1940 319 31 Kursverksamhet

305 1990 75 29 NIB
401 1989 215 38 framhåller,
640 1994 49 28 att
710 1993 41 29 de
774 1994 281 31 sammanhållna
1077 1996 172 30 kurserna
1272 1998 136 30 medför
1432 1999 131 30 sådana
1585 2000 173 40 påtagliga

261 2039 154 30 fördelar
433 2041 149 30 framför
600 2042 67 29 den
684 2043 227 31 individuella
929 2045 294 40 stipendieringen
1244 2049 50 28 att
1312 2057 82 21 man
1414 2048 62 31 bör
1495 2049 131 31 inrikta
1646 2052 51 38 sig
1715 2052 42 39 på

258 2091 50 28 att
326 2097 39 32 ge
382 2090 98 39 dylik
497 2091 312 32 kursverksamhet
827 2103 42 20 en
887 2096 266 38 proportionellt
1173 2098 108 29 större
1301 2098 101 30 andel
1421 2108 42 21 av
1480 2109 204 22 resurserna
1704 2102 53 30 för

256 2140 191 31 utländska
467 2141 246 40 stipendiaters
732 2144 208 40 utbildning.
960 2146 109 30 Dessa
1088 2147 150 30 behöver
1257 2148 122 31 därvid
1398 2149 71 30 inte
1489 2150 161 40 inpassas
1670 2152 10 29 i
1700 2153 55 29 det

256 2191 151 30 svenska
425 2192 439 41 undervisningssystemet
884 2196 64 29 och
968 2196 243 41 utbildningen
1232 2198 69 30 kan
1322 2199 173 31 utformas
1516 2201 88 30 efter
1624 2203 41 29 de
1686 2205 68 28 stu-

255 2241 171 31 derandes
444 2242 120 31 behov.
583 2244 186 30 Dessutom
788 2245 199 31 elimineras
1005 2254 125 32 genom
1149 2248 225 31 kursformen
1393 2250 56 30 det
1468 2250 55 31 för
1540 2252 216 30 u-landsstu-

256 2291 153 31 derande
430 2293 107 30 oftast
559 2294 134 39 ganska
715 2295 234 40 meningslösa
971 2297 198 31 inlärandet
1191 2308 43 20 av
1256 2300 149 30 svenska
1429 2301 151 39 språket.

299 2340 69 29 För
403 2342 311 31 kursverksamhet
750 2344 174 31 beräknar
957 2347 74 29 NIB
1068 2347 56 30 för
1160 2348 101 30 nästa
1297 2349 169 40 budgetår
1491 2353 48 28 ett
1566 2352 124 39 belopp
1716 2363 42 20 av

257 2390 14 28 1
288 2390 63 30 900
365 2391 63 31 000
446 2393 52 29 kr.

299 2442 209 39 Stipendiat-
532 2445 66 28 och
623 2445 354 32 kursverksamheten
1003 2449 111 38 utgör,
1141 2449 205 31 framhåller
1371 2452 198 34 statsrådet,
1595 2462 42 20 en
1663 2453 93 40 bety-
