1908 2800
92 492 126 25 Utskottet.

273 148 59 30 124
678 156 379 33 Jordbruksutskottets
1079 158 176 33 utlåtande
1276 170 42 21 nr
1342 161 26 29 1.

274 245 59 21 om
350 239 48 27 att
416 236 122 37 Kungl.
558 237 100 40 Maj:t
674 246 125 29 genom
816 239 110 31 beslut
945 240 65 31 den
1033 242 38 30 13
1091 251 91 21 mars
1205 243 83 30 1942
1306 244 51 30 till
1373 244 134 31 danska
1525 246 253 37 utrikesdepar-

276 288 177 29 tementets
476 288 346 38 personalavdelning
844 291 210 31 utanordnat
1077 294 46 28 ett
1144 293 125 37 belopp
1291 295 243 31 motsvarande
1561 297 115 35 10,000
1701 297 78 30 kro-

274 345 65 21 nor
362 336 125 32 danskt
510 341 106 33 mynt,
641 338 105 32 vilket
768 340 158 39 utgjorde
947 341 66 31 den
1034 341 45 37 på
1103 342 135 38 Sverige
1261 343 55 31 för
1338 344 93 31 tiden
1452 347 41 28 22
1517 345 63 40 juli
1607 347 169 31 1941—21

277 387 65 36 juli
371 389 82 30 1942
481 390 192 36 belöpande
696 392 147 30 andelen
870 393 11 29 i
905 393 233 32 kostnaderna
1161 395 56 30 för
1241 395 267 37 ifrågavarande
1532 399 155 29 anstalt.»

322 488 210 33 Biträdande
558 491 122 37 Kungl.
710 492 118 39 Maj:ts
854 493 255 38 framställning
1135 495 199 31 hemställer
1358 498 175 36 utskottet,

628 579 50 28 att
695 576 186 38 riksdagen
897 577 58 32 må
972 579 50 29 till
1038 579 126 37 Bidrag
1181 580 52 30 till
1249 581 255 30 internationell
1518 582 262 39 hydrografisk-

587 626 170 37 biologisk
781 629 126 30 anstalt
932 629 55 30 för
1011 630 201 36 budgetåret
1239 626 138 43 1943/44
1403 632 119 31 anvisa
1544 636 48 28 ett
1618 633 162 38 förslags-

585 677 119 38 anslag
726 688 42 21 av
793 679 116 35 10,000
931 680 138 33 kronor.

318 808 112 40 234:0)
458 810 129 38 Bidrag
614 811 53 31 till
695 812 286 34 internationella
1009 818 295 36 meteorologiska
1333 820 255 39 sekretariatet,
1616 823 162 38 förslags-

276 859 128 38 anslag.
433 860 256 38 Tillstyrkande
715 863 100 31 bifall
841 865 51 30 till
919 865 122 38 Kungl.
1069 868 118 36 Maj:ts
1225 869 258 39 framställning
1520 873 109 30 under
1667 875 112 34 punkt

276 910 64 30 234
364 928 45 4 —
432 910 237 34 innebärande
694 915 321 39 anslagsanvisning
1040 918 57 30 för
1124 919 199 32 ändamålet
1348 921 50 30 till
1423 922 204 32 oförändrat
1652 925 127 36 belopp

274 977 45 4 —
342 961 199 32 hemställer
561 964 174 37 utskottet,

627 1051 50 28 att
699 1049 184 38 riksdagen
906 1051 57 31 må
985 1053 50 29 till
1056 1053 129 38 Bidrag
1206 1054 52 31 till
1279 1056 276 32 internationella
1576 1059 202 31 meteorolo-

586 1099 100 36 giska
718 1100 236 32 sekretariatet
984 1103 56 30 för
1070 1104 203 37 budgetåret
1308 1102 138 42 1943/44
1476 1108 122 31 anvisa
1630 1112 48 28 ett
1709 1110 70 37 för-

583 1150 212 38 slagsanslag
813 1161 42 21 av
873 1153 97 35 2,600
987 1154 138 31 kronor.

317 1280 113 40 235:0)
458 1282 246 38 Ersättningar
736 1285 58 30 för
825 1286 92 31 vissa
948 1287 242 38 besiktningar
1222 1291 68 29 och
1321 1292 354 39 syneförrättningar,
1707 1295 70 37 för-

274 1330 221 40 slagsanslag.
525 1333 210 32 Biträdande
765 1336 122 37 Kungl.
919 1337 117 39 Maj:ts
1064 1340 112 30 under
1202 1341 114 35 punkt
1347 1342 63 31 235
1438 1343 123 36 gjorda
1589 1345 188 31 framställ-

274 1381 82 37 ning
377 1400 45 4 —
445 1383 236 32 innebärande
701 1386 323 39 anslagsanvisning
1047 1389 57 30 för
1126 1390 198 32 ändamålet
1347 1392 50 31 till
1421 1393 203 32 oförändrat
1650 1396 126 36 belopp

272 1449 46 4 —
341 1433 198 32 hemställer
558 1436 175 36 utskottet,

626 1523 49 27 att
704 1521 186 37 riksdagen
915 1522 58 32 må
1000 1524 50 30 till
1077 1524 241 39 Ersättningar
1343 1527 56 38 för
1424 1528 90 31 vissa
1542 1529 235 38 besiktningar

583 1571 65 30 och
672 1572 335 39 syneförrättningar
1030 1575 55 30 för
1107 1576 202 37 budgetåret
1335 1573 138 43 1943/44
1496 1580 119 31 anvisa
1637 1583 47 28 ett
1707 1582 69 37 för-

582 1621 212 39 slagsanslag
816 1633 42 21 av
878 1625 96 35 6,000
995 1626 137 31 kronor.

315 1753 112 40 236:0)
458 1755 232 32 Kommittéer
717 1758 69 30 och
811 1759 230 37 utredningar
1069 1767 126 30 genom
1224 1763 234 38 sakkunniga,
1486 1767 290 30 reservationsan-

273 1803 82 38 slag.
379 1804 78 31 Med
480 1805 239 38 tillstyrkande
742 1818 43 21 av
806 1809 99 31 bifall
926 1810 52 30 till
1002 1811 122 37 Kungl.
1149 1812 118 39 Maj:ts
1291 1814 130 37 förslag
1445 1815 109 31 under
1576 1817 114 35 punkt
1712 1818 64 30 236

271 1871 45 4 —
339 1854 236 33 innebärande
597 1858 11 30 i
632 1857 221 33 förhållande
876 1860 51 31 till
951 1861 226 38 anvisningen
1202 1863 56 30 för
1281 1864 234 32 innevarande
1538 1867 170 37 budgetår
1732 1877 44 21 en

272 1904 131 39 ökning
425 1907 79 30 med
525 1908 118 35 50,000
664 1909 130 31 kronor
813 1927 45 5 —
879 1912 198 31 hemställer
1098 1914 175 36 utskottet,

625 1995 48 28 att
697 1993 185 38 riksdagen
907 1995 58 31 må
990 1997 50 29 till
1064 1997 226 32 Kommittéer
1315 2000 64 30 och
1405 2000 222 38 utredningar
1650 2011 125 28 genom

581 2043 221 38 sakkunniga
828 2045 56 31 för
912 2046 202 37 budgetåret
1144 2043 139 44 1943/44
1311 2051 119 31 anvisa
1458 2054 46 28 ett
1532 2054 243 29 reservations-

580 2094 119 37 anslag
717 2104 44 22 av
780 2097 140 35 200,000
938 2097 139 31 kronor.

314 2216 112 41 237:0)
453 2218 109 31 Extra
598 2219 156 39 utgifter,
790 2224 358 37 reservationsanslag.
1186 2225 14 31 1
1227 2227 150 36 enlighet
1400 2229 80 30 med
1506 2228 122 37 Kungl.
1656 2228 119 36 Maj:ts

271 2267 112 31 under
405 2270 114 35 punkt
541 2271 61 30 237
624 2271 125 36 gjorda
771 2272 256 39 framställning
1050 2292 45 4 —
1115 2275 239 33 innebärande
1376 2279 322 36 anslagsanvisning
1720 2279 56 31 för

271 2318 197 33 ändamålet
487 2321 50 29 till
556 2321 204 32 oförändrat
778 2323 125 37 belopp
920 2341 46 4 —
984 2325 199 32 hemställer
1199 2328 176 36 utskottet,

624 2409 49 27 att
698 2407 186 37 riksdagen
909 2408 58 31 må
991 2409 52 31 till
1068 2410 107 31 Extra
1203 2412 140 38 utgifter
1369 2413 56 31 för
1449 2412 201 38 budgetåret
1680 2414 94 38 1943]

580 2457 41 29 44
642 2457 119 31 anvisa
782 2461 46 28 ett
848 2461 349 38 reservationsanslag
1217 2472 43 21 av
1283 2463 118 36 50,000
1422 2464 137 30 kronor.
