2192 2624
185 231 135 25 Utskottet.

422 153 19 31 8
845 154 346 33 Jordbruksutskottets
1215 155 163 32 utlåtande
1402 156 53 31 Nr
1478 157 53 31 44.

535 231 134 37 Såsom
711 232 11 36 i
760 233 414 49 statsrådsprotokollet
1210 234 145 48 jämväl
1397 236 143 35 erinras
1582 236 224 36 hemställde
1848 236 143 49 Kungl.

377 283 109 49 Maj:t
527 284 116 35 redan
685 284 64 36 vid
795 286 97 34 1916
937 288 59 33 års
1037 285 158 49 riksdag
1230 299 60 23 om
1320 287 254 48 medgivande
1602 287 57 36 till
1688 288 229 49 försäljning
1946 302 47 22 av

377 335 292 49 ifrågavarande
710 335 322 48 kronoegendom.
1089 337 136 36 Denna
1257 337 285 50 framställning
1570 339 215 49 avstyrktes
1815 353 47 22 av
1885 339 108 49 jord-

377 387 314 47 bruksutskottet,
722 400 80 23 som
832 388 134 36 därvid
994 389 151 48 yttrade
1174 389 182 48 följande:

512 473 84 32 »Det
618 473 225 41 föreliggande
867 474 161 41 förslaget
1051 485 97 22 avser
1171 475 254 41 ifrågavarande
1449 477 175 39 egendoms
1637 476 198 42 uppdelning
1847 476 61 33 och
1925 477 67 32 för-

376 516 145 41 säljning
542 516 11 32 i
576 516 54 32 nio
654 517 163 32 särskilda
839 517 112 32 lotter.

508 559 114 42 Enligt
644 561 64 31 vad
731 560 216 41 utredningen
970 561 11 32 i
1004 562 135 32 ärendet
1162 572 59 31 ger
1243 562 56 32 vid
1321 562 130 33 handen
1474 563 112 32 består
1608 564 126 40 skogen
1757 565 19 30 å
1792 564 201 40 egendomen

376 603 52 33 till
461 605 123 31 största
606 603 93 33 delen
732 614 42 22 av
805 605 212 41 växtkraftig
1038 605 152 41 bokskog
1213 606 73 32 med
1309 606 139 33 bestånd
1471 618 42 21 av
1537 607 101 32 sådan
1661 607 92 40 skog,
1785 607 91 32 vilka
1898 608 95 32 torde

376 658 83 21 vara
482 647 96 32 bland
601 647 39 32 de
662 648 177 33 vackraste
863 648 10 32 i
896 649 99 32 länet.

509 690 119 41 Kungl.
663 691 112 41 Maj:ts
809 691 358 42 befallningshavande,
1203 703 70 22 som
1308 694 149 32 förordat
1491 694 217 41 egendomens
1730 694 228 33 bibehållande
1982 695 12 31 i

377 734 145 32 kronans
546 739 72 36 ägo,
643 735 61 32 har
727 735 123 33 uttalat
873 736 98 32 bland
995 738 109 37 annat,
1130 738 52 31 att
1205 747 40 21 en
1268 736 154 41 skövling
1445 748 42 21 av
1511 738 217 41 egendomens
1740 739 84 40 skog
1847 757 20 3 —
1890 739 104 40 något

376 788 72 22 som
483 778 102 41 enligt
619 778 119 42 Kungl.
773 780 114 41 Maj:ts
910 780 367 41 befallningshavandes
1300 781 133 40 mening
1455 781 11 31 i
1489 781 154 33 händelse
1667 792 42 21 av
1731 781 196 42 försäljning
1951 793 43 21 av

377 821 200 41 egendomen
611 822 74 32 med
710 823 207 32 bestämdhet
940 824 107 31 kunde
1070 824 144 32 förutses
1238 824 132 32 komma
1394 826 51 31 att
1468 825 59 32 ske
1552 845 39 3 —
1616 825 105 32 skulle
1744 836 81 22 vara
1848 825 146 33 särdeles

377 865 272 41 beklagansvärd.

510 909 299 41 Domänstyrelsen,
846 911 74 31 med
955 909 110 34 vilken
1093 911 127 41 jämväl
1243 911 362 42 departementschefen
1628 912 146 39 iristämt,
1798 912 62 32 har
1883 914 112 31 ansett

377 952 74 32 skäl
484 951 73 33 icke
591 952 162 42 föreligga
776 955 52 30 att
850 953 53 32 för
925 954 279 41 skogsväsendets
1227 955 140 41 räkning
1390 955 81 33 eller
1494 967 41 21 av
1557 958 109 40 någon
1689 967 107 22 annan
1819 956 176 41 anledning

376 995 131 33 behålla
529 996 253 41 ifrågavarande
806 997 160 41 egendom
990 998 79 32 eller
1091 999 109 40 någon
1223 998 52 33 del
1297 999 112 32 därav.

510 1039 176 33 Utskottet
708 1041 91 31 delar
822 1040 29 41 ej
877 1040 107 33 denna
1006 1041 379 41 departementschefens
1409 1043 219 42 uppfattning.
1663 1044 152 32 Fastmer
1838 1054 100 31 synas
1954 1044 40 31 de

377 1093 43 21 av
453 1083 119 40 Kungl.
597 1083 113 42 Maj:ts
732 1083 349 42 befallningshavande
1106 1085 138 32 anförda
1266 1085 73 32 skäl
1362 1086 53 32 för
1437 1086 227 33 bibehållande
1688 1086 198 33 åtminstone
1909 1087 84 32 tills-

376 1126 115 32 vidare
524 1137 43 21 av
601 1127 200 41 egendomen
823 1127 12 31 i
858 1127 144 33 kronans
1036 1132 62 37 ägo
1133 1128 209 41 synnerligen
1376 1129 304 42 behjärtansvärda.
1726 1130 119 43 Kungl.
1880 1131 115 41 Maj:ts

375 1170 366 41 befallningshavandes
775 1170 158 42 farhågor
967 1171 201 32 beträffande
1203 1183 40 21 en
1277 1173 164 32 eventuell
1468 1174 256 41 skogsskövling
1745 1174 62 33 har
1829 1175 165 34 utskottet

376 1213 109 33 funnit
508 1215 36 31 så
567 1214 136 40 mycket
725 1224 91 22 mera
839 1214 207 41 berättigade
1069 1226 71 21 som
1163 1226 44 21 nu
1230 1216 143 33 rådande
1395 1216 270 44 högkonjunktur
1687 1219 42 41 på
1744 1219 250 32 trävarumark-

375 1257 108 33 naden
505 1257 11 32 i
540 1261 42 28 än
604 1257 102 41 högre
729 1259 82 39 grad
835 1262 43 28 än
901 1258 96 41 eljest
1020 1258 149 42 inbjuder
1192 1259 51 32 till
1266 1260 217 41 spekulation.

509 1301 176 33 Utskottet
718 1301 105 32 håller
858 1302 137 32 sålunda
1024 1302 80 38 före,
1130 1304 51 31 att
1204 1304 108 40 någon
1334 1303 197 43 försäljning
1554 1316 41 21 av
1618 1305 254 41 ifrågavarande
1894 1316 99 32 egen-

376 1344 76 32 dom
484 1345 43 41 på
550 1346 68 31 sätt
641 1345 189 41 föreslagits
853 1345 75 32 icke
951 1357 43 21 nu
1017 1346 59 32 bör
1098 1346 134 32 komma
1255 1347 51 32 till
1328 1348 107 32 stånd.
1483 1349 191 32 Emellertid
1696 1351 94 31 torde
1814 1349 104 42 enligt
1941 1352 53 30 ut-

376 1388 146 32 skottets
556 1388 211 42 uppfattning
800 1389 56 40 vid
880 1389 108 32 beslut
1010 1390 139 32 rörande
1173 1390 139 41 förnyad
1336 1392 249 41 utarrendering
1609 1404 41 21 av
1673 1394 200 40 egendomen
1896 1395 98 40 tagas

377 1432 102 32 under
503 1433 238 40 övervägande,
766 1432 163 33 huruvida
951 1432 73 33 icke
1047 1434 108 40 någon
1179 1434 52 31 del
1255 1445 41 21 av
1321 1428 197 55 densamma.
1531 1436 176 43 lämpligen
1731 1437 59 32 bör
1806 1447 188 22 reserveras

376 1475 59 47 för
451 1475 157 32 framtida
629 1475 107 33 behov
760 1487 42 21 av
825 1476 401 42 egnahemslägenheter.»

509 1563 74 36 Vid
625 1562 286 50 behandlingen
953 1578 47 23 av
1040 1565 145 48 Kungl.
1215 1566 126 49 Maj:ts
1375 1566 145 49 förslag
1553 1567 184 37 stannade
1764 1568 229 49 riksdagens

377 1614 150 36 kamrar
554 1615 12 35 i
595 1615 102 36 olika
725 1615 135 49 beslut,
890 1617 12 35 i
932 1616 92 49 följd
1052 1630 119 22 varav
1188 1617 224 37 detsamma
1440 1619 139 36 förföll.

509 1665 58 37 Av
595 1666 73 36 vad
700 1669 97 34 1916
828 1670 59 33 års
912 1668 360 49 jordbruksutskott
1300 1670 127 36 anfört
1456 1675 179 32 ävensom
1665 1685 47 23 av
1733 1672 72 36 vad
1825 1685 82 23 som
1927 1672 66 37 vid

377 1717 175 37 ärendets
594 1717 235 51 behandling
857 1720 12 35 i
897 1720 201 35 kamrarna
1140 1720 229 38 frambhållits
1411 1722 58 36 till
1509 1723 148 36 förmån
1699 1723 58 36 för
1798 1725 133 48 avslag
1973 1727 20 33 å

377 1769 167 36 nämnda
572 1771 237 48 proposition
837 1771 108 36 torde
975 1771 161 49 framgå,
1166 1777 55 31 att
1249 1773 121 36 skälet
1389 1780 80 30 mot
1490 1775 72 36 den
1587 1777 41 33 år
1650 1776 97 35 1916
1767 1775 226 48 ifrågasatta

377 1820 279 49 försäljningen
698 1822 323 50 huvudsakligast
1062 1823 100 36 varit
1203 1824 107 36 faran
1352 1824 59 37 för
1448 1826 181 49 skövling
1656 1840 48 22 av
1732 1827 260 49 egendomens

376 1871 152 47 vackra,
557 1872 57 36 för
641 1874 151 35 trakten
820 1874 154 36 särskilt
1002 1875 308 37 karakteristiska
1339 1875 248 46 bokbestånd,
1619 1878 121 36 vilkas
1764 1880 229 48 motsvarig-

377 1923 65 36 het
471 1923 134 36 endast
633 1938 103 23 mera
765 1932 189 43 sparsamt
983 1926 234 37 förekomme
1245 1927 102 37 inom
1372 1928 114 37 länet.

507 1975 242 49 Riksdagens
792 1977 184 37 skrivelse
1004 1978 12 35 i
1044 1978 157 37 ärendet
1240 1979 171 37 innehöll
1451 1981 227 49 visserligen
1715 1985 48 46 på
1791 1982 124 49 grund
1945 1995 48 23 av

377 2027 223 36 kamrarnas
641 2028 223 49 skiljaktiga
908 2029 122 37 beslut
1072 2030 158 36 allenast
1272 2037 52 30 ett
1352 2032 259 47 meddelande,
1641 2038 53 31 att
1724 2034 268 49 försäljnings-

377 2078 138 49 frågan
552 2079 170 36 förfallit.
779 2079 196 38 Utskottet
1012 2095 111 22 anser
1161 2082 62 48 sig
1251 2082 97 37 dock
1377 2084 167 47 givetvis
1572 2084 92 37 böra
1692 2085 216 47 förutsätta,
1938 2091 55 31 att

377 2129 410 49 skogsförvaltningen
828 2132 72 36 och
929 2133 12 35 i
969 2134 105 48 varje
1102 2133 67 36 fall
1198 2134 339 49 domänstyrelsen,
1566 2136 130 37 vilken
1725 2138 120 47 enligt
1872 2137 121 37 hand-

376 2181 177 48 lingarna
580 2182 12 35 i
621 2182 155 37 ärendet
819 2183 181 37 fastställt
1040 2184 47 37 de
1129 2184 81 37 däri
1247 2186 251 37 omförmälda
1535 2188 456 50 skogsförsäljningarna,

376 2233 83 35 haft
487 2233 61 48 sig
576 2233 143 38 bekant
748 2234 46 37 de
823 2234 95 48 skäl,
949 2236 113 48 vilka,
1091 2238 50 47 på
1170 2242 74 31 sätt
1272 2250 97 24 ovan
1390 2238 179 49 angivits,
1591 2240 231 48 föranledde,
1844 2246 56 31 att
1916 2241 76 36 för-
