1882 2828
420 175 403 40 Bevillningsutskottets
845 173 219 31 betänkande
1084 183 43 20 nr
1146 174 42 29 26
1208 173 40 30 år
1270 173 83 30 1969
1611 173 17 29 1

147 259 88 28 dade
259 258 149 29 kvinnor
433 258 131 29 varken
589 257 71 29 kan
685 257 110 29 ordna
820 257 57 28 det
902 256 176 39 praktiskt
1103 256 54 29 för
1181 256 133 29 barnen
1339 255 82 30 eller
1448 255 100 30 finna
1573 255 57 29 det

148 312 222 29 ekonomiskt
399 311 214 30 försvarbart
643 312 50 28 att
722 311 89 38 ägna
841 311 50 39 sig
919 310 35 29 åt
982 309 209 30 arbetslivet.
1222 309 171 40 Systemet
1421 309 79 30 med
1528 309 102 29 barn-

148 366 149 39 daghem
318 366 37 29 är
375 366 30 39 ej
428 365 282 30 tillnärmelsevis
730 364 144 40 utbyggt
896 364 37 30 så
955 366 49 28 att
1025 364 57 31 det
1102 365 194 28 motsvarar
1316 363 157 30 behoven
1493 363 138 30 härvid-

148 420 64 39 lag,
232 420 64 29 och
313 419 154 30 rådande
486 419 241 39 skattepolitik
742 418 80 29 med
837 419 44 29 bl.
897 428 28 19 a.
944 418 114 29 nekad
1074 419 70 28 rätt
1160 418 53 29 till
1231 417 129 40 avdrag
1377 417 54 30 för
1449 417 181 39 hemhjälp

147 474 111 30 under
273 474 168 30 rubriken
459 473 210 30 »kostnader
685 473 54 30 för
755 473 219 29 intäkternas
990 471 250 32 förvärvande>
1260 472 60 40 gör
1337 472 56 29 det
1412 470 221 41 synnerligen

148 530 209 38 ogynnsamt
377 527 54 30 för
451 527 86 39 gifta
555 527 180 39 kvinnliga
752 526 284 40 yrkesutbildade
1056 528 50 28 att
1126 525 185 40 återuppta
1331 525 58 30 sitt
1408 525 95 40 yrke.

194 581 189 31 Samhället
409 581 64 30 har
498 581 81 35 inte,
607 581 79 30 med
712 590 42 20 en
779 580 153 40 påtaglig
956 580 257 30 bristsituation
1240 579 53 30 för
1321 579 143 39 ögonen,
1491 579 64 29 råd
1581 580 52 29 att

149 644 128 21 avvara
294 635 157 29 insatsen
471 644 42 20 av
532 643 43 20 en
595 634 195 40 betydande
810 634 107 29 kader
938 643 42 20 av
998 633 83 39 högt
1101 632 228 30 kvalificerad
1348 633 162 38 personal
1531 633 11 28 i
1564 640 67 21 ser-

147 689 219 39 viceyrkena.
394 688 160 30 Ändrade
582 687 245 31 förhållanden
854 688 11 29 i
893 687 94 29 detta
1014 687 168 30 avseende
1211 687 112 29 skulle
1351 686 159 31 medföra
1538 695 94 20 avse-

149 743 84 29 värd
255 742 147 40 vinning
424 742 53 30 för
501 742 193 34 samhället,
720 750 74 21 som
816 741 40 40 ju
880 741 88 29 först
990 741 12 29 i
1025 743 70 27 stor
1118 740 245 39 utsträckning
1384 740 65 29 har
1471 740 160 29 bekostat

148 796 246 39 utbildningen
415 805 43 21 av
478 795 209 30 hithörande
709 795 166 39 kategori.
898 795 64 29 Det
984 795 70 29 kan
1077 795 78 29 med
1177 794 86 30 visst
1286 794 58 40 fog
1366 795 110 38 sägas,
1500 796 50 28 att
1573 803 60 20 an-

150 853 113 27 svaret
283 850 54 30 för
356 850 101 29 dessa
476 849 135 40 frågors
630 849 180 30 ordnande
830 849 105 40 ligger
954 849 64 30 hos
1038 849 258 30 kommunerna
1314 848 65 29 och
1398 848 232 39 landstingen,

150 913 80 20 men
247 904 102 30 dessa
365 904 174 29 instanser
558 904 36 29 är
611 903 144 31 bundna
772 904 11 28 i
802 903 53 30 sin
872 902 260 40 handläggning
1149 903 44 29 bl.
1209 912 29 20 a.
1257 909 124 32 genom
1398 901 234 40 utformning-

150 968 43 19 en
210 968 42 20 av
269 958 295 39 skattepolitiken.

145 1068 32 28 1:
192 1067 64 30 684
275 1067 64 30 och
358 1067 48 30 II:
420 1066 64 30 802

192 1139 60 28 Att
277 1138 116 30 införa
418 1137 131 30 sådana
572 1138 120 39 regler,
719 1146 75 20 som
818 1136 147 30 föreslås
990 1137 10 28 i
1025 1136 218 29 motionerna
1268 1135 85 31 1:34
1379 1137 65 28 och
1468 1136 46 29 It:
1530 1135 39 30 41
1597 1136 37 29 är

148 1193 90 29 enda
259 1192 228 40 möjligheten
509 1192 49 30 att
579 1192 45 39 på
645 1192 47 29 ett
715 1191 215 29 konsekvent
953 1191 68 29 sätt
1042 1191 36 29 ta
1099 1191 138 38 hänsyn
1259 1189 52 30 till
1335 1189 299 40 skatteförmågan

147 1247 63 29 hos
235 1246 173 30 föräldrar
431 1246 80 29 med
533 1245 222 39 nödvändiga
777 1244 188 31 kostnader
990 1245 54 29 för
1067 1243 219 40 barntillsyn.
1311 1243 243 30 Motsvarande
1579 1252 55 20 av-

150 1300 174 40 dragsrätt
341 1300 62 30 bör
419 1299 198 30 tillkomma
633 1299 88 34 dem,
741 1308 74 21 som
833 1307 119 22 svarar
969 1299 55 30 för
1041 1297 198 41 nödvändig
1255 1297 120 40 tillsyn
1393 1307 41 20 av
1452 1297 84 40 sjuk
1553 1297 82 29 eller

149 1354 112 40 åldrig
280 1354 87 29 nära
387 1353 156 39 anhörig.
564 1354 75 29 Den
659 1354 12 29 i
692 1353 101 30 dessa
812 1353 171 29 motioner
1004 1352 197 38 föreslagna
1222 1351 231 39 utredningen
1474 1352 62 29 bör
1558 1351 77 29 där-

151 1408 54 30 för
223 1408 37 30 få
277 1408 11 29 i
306 1407 159 40 uppdrag
483 1409 50 28 att
551 1407 123 30 utreda
692 1408 65 29 och
775 1406 129 31 föreslå
922 1406 218 39 avdragsrätt
1160 1406 86 29 även
1264 1405 55 30 för
1338 1405 132 30 sådana
1489 1405 145 39 styrkta,

150 1461 222 40 nödvändiga
388 1461 198 35 kostnader,
607 1470 74 21 som
699 1461 232 40 uppkommer
948 1460 58 30 vid
1023 1460 119 39 tillsyn
1161 1469 42 21 av
1221 1459 82 40 sjuk
1321 1459 82 30 eller
1422 1458 110 41 åldrig
1550 1459 86 29 nära

150 1516 155 40 anhörig.

148 1643 49 29 II:
212 1642 63 31 236

196 1713 251 39 Barnbidraget
470 1713 137 39 upphör
630 1713 58 30 vid
715 1712 37 30 16
776 1712 48 30 år.
848 1712 160 29 Därefter
1032 1711 54 30 får
1111 1721 82 20 man
1217 1711 145 30 allmänt
1387 1711 246 38 studiebidrag,

154 1777 75 20 som
248 1767 89 30 skall
354 1777 84 20 vara
456 1776 43 20 en
517 1766 269 39 kompensation
804 1766 54 29 för
877 1766 94 30 detta
988 1775 81 19 men
1087 1765 101 39 utgår
1206 1765 123 29 endast
1348 1765 111 28 under
1478 1764 19 29 9
1517 1764 119 30 måna-

154 1821 60 29 der
233 1830 61 30 per
313 1820 38 30 år
370 1820 64 30 och
453 1820 52 29 till
525 1821 47 28 ett
591 1819 125 40 belopp
736 1829 42 20 av
797 1819 61 30 675
879 1820 52 28 kr.
951 1819 104 29 Detta
1072 1818 131 39 bidrag,
1225 1827 74 21 som
1320 1818 102 30 alltså
1442 1818 38 29 är
1500 1817 61 30 225
1582 1818 53 29 kr.

154 1874 93 39 lägre
267 1875 45 28 än
329 1873 255 39 barnbidraget,
605 1873 54 30 får
679 1882 82 20 man
782 1873 92 29 fram
892 1873 52 30 till
966 1873 56 29 det
1041 1872 136 30 kvartal
1198 1872 44 30 då
1260 1872 123 29 barnet
1403 1871 101 40 fyller
1528 1871 37 29 18
1587 1871 48 30 år.

152 1928 81 28 Men
254 1927 177 39 samtidigt
452 1927 78 29 sker
552 1929 93 28 stora
664 1926 246 39 förändringar
929 1927 12 28 i
960 1926 279 39 beskattningen.

198 1981 75 29 Den
296 1990 74 20 som
394 1981 37 29 är
454 1980 265 30 ensamstående
742 1979 152 30 förälder
917 1979 65 30 och
1004 1979 64 30 har
1089 1979 89 30 barn
1200 1979 111 30 under
1337 1979 37 29 15
1398 1979 37 29 år
1458 1979 178 29 beskattas

153 2035 107 38 enligt
277 2035 147 29 kolumn
442 2034 19 29 4
479 2035 11 30 i
508 2034 274 30 skattetabellen.
801 2034 52 30 Då
870 2034 133 29 barnen
1022 2035 37 29 är
1077 2033 128 30 mellan
1226 2033 37 30 15
1283 2034 65 29 och
1368 2033 37 29 17
1426 2033 38 30 år
1483 2033 54 30 får
1556 2042 82 20 man

151 2089 115 29 betala
286 2089 92 29 skatt
398 2088 105 40 enligt
522 2089 146 29 kolumn
687 2088 18 30 2
725 2089 63 29 och
808 2087 152 31 därefter
979 2087 107 39 enligt
1104 2087 146 30 kolumn
1272 2087 27 36 1,
1320 2087 31 30 d.
1365 2096 30 20 v.
1411 2096 25 20 s.
1455 2086 184 40 ungkarls-

155 2143 104 29 skatt.
285 2142 103 29 Detta
413 2142 70 29 kan
507 2142 137 39 belysas
670 2142 79 29 med
775 2143 49 28 ett
849 2142 155 38 exempel
1031 2150 75 20 som
1131 2141 106 39 gäller
1265 2140 211 30 Stockholm.
1503 2140 65 30 Vid
1595 2148 42 21 en

155 2196 306 30 månadsinkomst
481 2205 42 20 av
542 2196 18 30 2
575 2195 62 30 000
658 2196 52 29 kr.
730 2195 66 30 blir
817 2195 175 39 ökningen
1012 2204 60 30 per
1093 2195 38 29 år
1152 2195 18 29 2
1185 2194 62 30 268
1268 2196 52 28 kr.
1342 2194 129 30 mellan
1491 2194 146 30 kolumn

155 2251 18 29 2
190 2251 65 29 och
274 2250 14 30 1
307 2251 65 29 och
387 2249 18 30 3
420 2250 63 30 612
499 2250 51 30 kr.
567 2249 128 30 mellan
712 2249 146 31 kolumn
874 2249 19 29 4
909 2250 64 29 och
992 2249 27 30 1.
1038 2248 297 40 Skatteökningen
1350 2248 66 31 blir
1433 2248 103 30 alltså
1552 2248 87 29 flera

155 2304 127 39 gånger
306 2304 37 29 så
366 2305 71 28 stor
460 2313 74 20 som
557 2303 56 30 det
636 2303 237 39 studiebidrag
895 2312 75 20 som
991 2303 214 29 tillkommer
1227 2302 57 30 vid
1307 2302 141 29 fortsatt
1471 2301 167 40 skolgång

154 2359 87 29 efter
264 2358 37 30 16
322 2358 48 30 år.
389 2358 127 30 Vidare
536 2357 154 30 inträder
710 2357 67 30 den
797 2357 250 39 förändringen
1067 2357 44 30 då
1129 2357 123 30 barnet
1272 2356 78 40 fyllt
1373 2356 38 30 16
1432 2357 47 34 år,
1501 2358 49 28 att
1570 2356 69 30 för-

154 2412 270 39 värvsavdraget
440 2411 44 40 på
500 2411 18 30 3
534 2411 61 30 000
612 2411 52 30 kr.
682 2411 147 39 upphör,
848 2411 64 30 och
929 2411 94 30 detta
1039 2410 142 30 bortfall
1198 2410 171 40 påverkar
1388 2410 138 30 skatten
1544 2418 95 21 avse-

155 2466 77 30 värt
250 2466 120 39 uppåt.

203 2519 80 30 Som
299 2528 102 30 synes
418 2520 37 29 är
471 2519 57 30 det
542 2519 64 29 här
623 2519 98 39 fråga
736 2528 57 20 om
809 2519 69 30 rätt
893 2518 195 40 betydande
1104 2518 124 39 belopp
1244 2518 54 30 för
1314 2527 43 20 en
1373 2517 266 30 ensamstående
