1868 2842
289 141 18 30 2
707 144 108 29 Andra
834 144 223 35 lagutskottets
1074 146 165 31 utlåtande
1259 148 48 29 Nr
1325 153 48 26 18.

295 221 186 40 förvunnen
504 230 128 39 varder,
658 230 115 39 fällas,
799 231 52 32 för
873 232 94 38 varje
994 233 90 38 gång
1107 234 71 31 åtal
1203 238 87 29 emot
1314 235 116 32 honom
1458 240 59 34 ägt
1542 248 71 21 rum
1639 237 60 32 och
1725 238 65 32 han

295 278 104 33 därav
419 279 141 33 undfått
581 280 62 39 del,
667 280 55 32 till
746 281 38 32 de
805 281 101 40 böter,
930 294 70 20 som
1023 283 53 32 för
1100 283 182 34 förseelsen
1305 289 55 28 äro
1385 285 184 35 bestämda.

1004 341 18 39 8
1048 343 28 32 5.

336 383 33 36 Å
393 387 167 39 olovligen
584 389 192 33 saluhållna
799 402 97 21 varor
920 392 54 31 må
1002 392 123 32 allmän
1149 392 161 39 åklagare
1335 394 103 38 lägga
1463 395 125 38 beslag.

338 437 174 34 Anställes
533 439 29 39 ej
583 439 70 32 åtal
675 439 89 33 inom
784 452 39 21 en
843 442 121 32 månad
986 442 76 32 från
1083 443 55 32 det
1158 443 118 39 beslag
1299 444 132 41 skedde,
1454 445 87 33 skall
1562 446 151 39 beslaget
1735 460 55 20 an-

294 499 50 21 ses
364 488 166 34 förfallet.

336 538 125 32 Finner
486 539 192 40 åklagaren,
705 544 52 29 att
780 541 75 32 fara
880 547 37 27 är
943 542 54 32 för
1021 555 159 21 varornas
1209 544 191 34 förstörelse
1425 546 81 32 eller
1530 550 51 29 att
1604 547 186 33 kostnaden

293 588 53 32 för
367 588 96 33 deras
486 589 202 33 förvarande
712 591 107 33 skulle
839 592 92 32 bliva
953 596 105 29 större
1079 598 42 28 än
1145 594 128 39 skäligt
1294 600 46 35 är,
1364 596 95 32 skola
1481 597 40 32 de
1543 609 42 20 av
1605 597 184 39 åklagaren

293 638 158 39 försäljas
472 640 20 32 å
513 640 161 39 offentlig
695 641 147 39 auktion,
865 643 36 32 så
921 643 168 39 kungjord
1110 656 70 21 som
1202 657 52 20 om
1275 646 137 32 auktion
1434 647 20 32 å
1477 651 124 29 utmätt
1621 648 49 32 lös
1694 660 95 27 egen-

293 688 73 33 dom
385 694 38 28 är
442 690 211 34 föreskrivet.
692 692 387 39 Försäljningssumman
1099 695 88 32 skall
1209 696 171 33 nedsättas
1400 697 12 31 i
1432 697 203 33 riksbanken
1655 700 44 37 på
1722 703 68 29 sätt

293 739 137 33 särskilt
449 745 38 27 är
507 741 150 40 stadgat;
679 742 61 32 och
762 742 85 33 skall
867 755 51 21 om
937 744 188 39 insättning
1145 746 12 31 i
1176 746 279 40 bankinrättning
1476 748 115 33 vidare
1612 749 92 38 gälla
1724 750 65 32 vad

291 789 9 32 i
324 791 61 32 160
407 790 18 39 $
446 791 303 40 utsökningslagen
771 798 86 33 sägs.

1000 853 18 39 $
1044 855 28 32 6.

334 898 110 40 Böter,
468 911 69 21 som
560 900 136 33 ådömas
718 901 106 39 enligt
846 903 107 32 denna
974 904 68 39 lag,
1067 904 143 33 tillfalla
1232 905 136 34 kronan.
1413 906 131 34 Saknas
1567 908 146 39 tillgång
1736 910 52 31 till

290 949 154 33 böternas
468 950 88 33 fulla
579 951 178 40 gäldande,
782 953 196 33 förvandlas
1003 954 39 32 de
1066 955 107 39 enligt
1196 956 124 33 allmän
1345 957 175 39 strafflag.

1000 1013 18 39 8
1041 1016 29 30 7.

333 1066 118 33 Denna
467 1067 58 39 lag
543 1068 111 32 träder
671 1073 119 34 genast
807 1070 11 31 i
835 1070 95 33 kraft
947 1072 61 31 och
1025 1072 106 38 gäller
1147 1076 24 29 t.
1190 1085 29 21 o.
1237 1086 42 20 m.
1298 1074 60 32 den
1377 1077 39 31 31
1435 1075 169 33 december
1624 1078 94 31 1935.
1755 1074 33 35 Ä

291 1116 166 41 förseelse,
480 1130 68 20 som
567 1119 105 32 under
691 1119 116 39 lagens
827 1121 228 38 giltighetstid
1074 1123 144 40 begåtts,
1241 1124 93 33 skola
1353 1125 127 38 jämväl
1500 1126 87 32 efter
1605 1128 184 37 utgåendet

290 1178 42 21 av
355 1168 146 32 nämnda
524 1168 49 33 tid
597 1169 174 39 tillämpas
797 1171 12 31 i
832 1171 99 38 lagen
956 1173 192 32 meddelade
1172 1174 280 34 bestämmelser.»

333 1242 19 32 I
376 1243 166 33 motionen
565 1244 53 33 II:
644 1246 63 31 501
735 1245 158 39 slutligen
917 1247 62 32 har
1005 1248 199 40 hemställts,
1230 1253 51 29 att
1306 1250 181 39 riksdagen
1511 1252 12 31 i
1548 1252 161 33 skrivelse
1734 1254 53 32 till

289 1293 127 38 Kungl.
440 1293 104 39 Maj:t
565 1295 102 32 måtte
690 1296 135 32 anhålla
847 1308 51 21 om
920 1298 181 38 utredning
1123 1300 141 32 rörande
1287 1300 39 33 de
1349 1301 320 40 samhällsskadliga
1692 1304 94 32 verk-

288 1342 120 39 ningar
423 1356 44 20 av
481 1344 108 39 illojal
604 1344 209 34 konkurrens
830 1346 76 33 från
927 1359 25 21 s.
970 1347 33 34 k.
1020 1349 331 41 enhetsprisföretag,
1371 1363 69 20 som
1457 1352 79 33 hota
1554 1353 62 32 den
1634 1353 153 33 enskilda

287 1393 161 34 handelns
470 1395 61 32 och
550 1395 217 33 hantverkets
787 1396 139 34 bestånd
947 1398 60 32 och
1026 1399 207 39 utveckling.

331 1468 225 34 Beträffande
576 1470 38 32 de
633 1470 86 39 skäl,
740 1482 68 22 som
826 1472 176 39 åberopats
1021 1474 53 32 till
1093 1475 74 32 stöd
1187 1475 54 32 för
1261 1476 38 32 de
1317 1476 12 32 i
1347 1477 204 33 motionerna
1571 1478 216 34 framställda

287 1518 205 41 yrkandena,
521 1520 55 32 får
602 1521 167 33 utskottet
797 1522 141 33 hänvisa
965 1524 54 32 till
1047 1525 215 34 motionerna.

333 1603 174 33 Utskottet
528 1604 60 32 har
610 1605 109 32 berett
740 1606 90 32 vissa
853 1606 134 40 företag
1009 1609 60 31 och
1091 1610 342 40 sammanslutningar
1456 1612 138 34 tillfälle
1618 1617 51 29 att
1692 1618 89 35 yttra

287 1653 51 38 sig
363 1658 77 28 över
468 1654 39 32 de
533 1655 221 33 förevarande
780 1657 213 41 motionerna,
1021 1659 168 39 nämligen
1216 1660 200 40 Enhetspris
1444 1662 226 41 aktiebolaget
1698 1664 86 39 Epa,

286 1703 121 39 Tempo
430 1704 201 41 aktiebolag,
655 1705 156 40 Sveriges
833 1707 347 43 köpmannaförbund,
1205 1710 154 40 Sveriges
1382 1713 299 41 grossistförbund,
1707 1714 76 34 Sve-

285 1753 87 39 riges
401 1754 305 42 industriförbund,
739 1756 152 40 Sveriges
922 1758 413 40 hantverksorganisation
1366 1763 60 32 och
1458 1763 142 33 svenska
1630 1765 153 33 handels-

285 1804 341 35 arbetareförbundet.
671 1807 189 33 Yttranden
881 1809 88 32 hava
990 1809 175 33 inkommit
1187 1811 77 32 från
1287 1812 157 39 samtliga
1466 1825 44 20 nu
1532 1815 145 32 nämnda
1698 1815 84 33 före-

283 1857 58 36 tag
365 1856 60 32 och
450 1857 343 40 sammanslutningar
816 1859 59 32 och
901 1860 114 33 finnas
1042 1861 106 32 såsom
1173 1862 132 39 bilagor
1329 1863 111 33 A—G
1465 1864 123 39 fogade
1612 1866 57 32 vid
1694 1866 91 33 detta

282 1905 182 33 utlåtande.
509 1906 172 34 Utskottet
701 1908 127 33 tillåter
848 1910 52 38 sig
922 1914 51 28 att
993 1911 141 33 hänvisa
1154 1912 55 32 till
1230 1913 218 38 yttrandenas
1470 1915 158 33 innehåll.

326 1956 18 32 I
380 1956 219 34 förevarande
638 1963 96 28 ämne
769 1959 86 33 hava
890 1960 118 33 vidare
1034 1961 179 34 skrivelser
1239 1963 175 34 inkommit
1440 1964 54 33 till
1519 1966 166 33 utskottet
1713 1967 69 33 dels

285 2006 75 32 från
389 2007 197 39 föreningen
615 2008 100 33 Gefle
745 2009 142 39 köpmän
918 2016 154 28 ävensom
1104 2011 99 34 Gefle
1233 2013 355 42 köpmannaförening,
1620 2016 70 33 dels
1721 2017 61 32 ock

284 2057 76 32 från
374 2058 93 32 vissa
485 2058 141 40 företag,
643 2071 71 20 som
730 2059 145 34 leverera
891 2073 100 20 varor
1007 2062 54 32 till
1077 2063 330 41 enhetsprisaffärer,
1425 2066 168 38 nämligen
1610 2066 172 34 Bröderna

281 2106 165 39 Engblom
468 2108 27 32 &
517 2107 60 34 C:o
601 2109 103 33 borst-
727 2110 27 32 &
775 2111 229 38 penselfabrik
1025 2112 11 32 i
1058 2112 263 41 Kristinehamn,
1345 2114 40 33 E.
1408 2115 175 34 Ericssons
1606 2117 175 33 kokkärls-

284 2158 113 32 fabrik
415 2158 12 32 i
447 2159 141 39 Hovsta,
608 2160 241 39 Aktiebolaget
868 2162 83 38 tång
971 2163 27 32 &
1017 2163 145 39 verktyg
1181 2164 12 31 i
1214 2164 199 34 Eskilstuna
1434 2170 87 29 samt
1541 2167 241 40 Aktiebolaget

283 2208 185 38 Fåglaviks
489 2209 162 39 glasbruk
670 2211 12 31 i
704 2210 176 40 Göteborg.

326 2293 18 32 I
362 2304 39 21 en
416 2293 60 32 vid
495 2294 83 32 1933
597 2295 55 31 års
670 2294 140 39 riksdag
827 2295 88 33 inom
934 2297 106 32 andra
1057 2297 193 33 kammaren
1267 2299 101 33 väckt
1387 2300 133 40 motion,
1540 2313 39 20 nr
1598 2303 73 39 397,
1692 2302 87 33 hem-

281 2344 118 32 ställde
421 2344 77 32 herr
518 2344 143 40 Wallén,
683 2349 52 29 att
756 2346 179 39 riksdagen
956 2348 12 31 i
991 2347 159 34 skrivelse
1172 2349 55 32 till
1249 2349 126 40 Kungl.
1398 2351 103 38 Maj:t
1522 2353 101 32 måtte
1645 2353 135 32 anhålla

282 2405 51 20 om
357 2391 181 42 utredning
562 2394 107 39 enligt
693 2396 100 38 lagen
818 2408 51 20 om
893 2397 251 40 undersökning
1170 2410 43 21 av
1239 2401 275 38 monopolistiska
1541 2402 132 39 företag
1698 2403 82 33 eller

282 2444 42 37 på
341 2448 102 28 annat
461 2448 68 29 sätt
546 2445 139 32 rörande
703 2446 204 33 trustartade
924 2447 143 41 företag,
1086 2461 69 20 som
1173 2461 117 26 genom
1308 2450 107 39 illojal
1433 2451 207 34 konkurrens
1658 2453 121 33 hotade
