2264 2640
740 207 260 33 Statsutskottets
1033 209 177 33 Utlåtande
1238 210 64 32 N:o
1330 215 54 29 57.
1761 212 46 32 53

573 291 70 34 2:o.
698 288 58 37 Då
784 288 141 50 Kongl.
955 289 107 49 Maj:t
1088 290 121 37 finner
1237 292 134 36 sådant
1397 292 184 50 lämpligt,
1610 297 60 33 må
1688 293 174 38 kontors-

469 339 185 38 skrifvare
683 341 142 37 aflönas
855 342 98 36 efter
980 342 132 50 beting
1139 346 48 46 på
1215 343 64 37 det
1311 348 87 44 sätt,
1427 349 56 32 att
1509 345 73 37 han
1610 345 160 38 erhåller
1798 346 63 37 be-

468 392 147 50 talning
654 393 13 36 i
708 393 75 36 den
825 396 84 34 mån
950 394 76 37 han
1066 396 226 37 verkställer
1333 396 140 48 arbete,
1515 397 116 37 hvarå
1672 398 189 49 styrelsen

468 450 120 31 utsatt
627 445 97 37 visst
764 445 89 50 pris.
910 446 49 37 Så
1000 447 148 37 aflönad
1189 448 348 38 kontorsskrifvare
1580 449 96 37 skall
1717 450 60 37 för
1804 455 57 32 ut-

469 497 176 37 förandet
684 497 42 36 af
765 498 138 36 sådana
940 498 166 48 arbeten,
1144 500 128 37 hvilka
1309 500 82 38 icke
1425 501 206 49 lämpligen
1661 502 126 37 kunna
1814 505 48 47 på

468 549 162 36 nämnda
658 554 75 32 sätt
761 550 223 48 godtgöras,
1018 551 140 38 erhålla
1190 552 196 49 betalning
1405 552 60 37 för
1483 553 129 37 timme
1632 554 120 49 enligt
1769 555 91 49 pris,

469 614 80 24 som
578 600 190 50 styrelsen
799 601 215 38 fastställer.

852 775 39 48 d)
923 758 352 72 Ålderstillägg.

793 860 140 50 Kongl.
963 874 108 37 prop.
1102 862 121 49 punkt
1249 862 83 37 VII.

371 963 81 36 Mot
479 964 47 36 de
554 963 11 36 i
594 964 103 36 detta
725 968 110 32 ämne
855 964 218 49 föreslagna
1092 965 239 49 stadganden
1349 966 69 37 har
1435 967 187 36 utskottet
1639 967 84 37 icke
1744 971 116 46 något

267 1020 55 31 att
363 1015 134 37 erinra.
554 1015 90 37 Som
685 1016 187 36 utskottet
913 1017 210 37 emellertid
1163 1018 172 37 kommer
1377 1023 54 32 att
1467 1018 151 49 föreslå,
1647 1025 56 32 att
1730 1020 130 49 hyres-

267 1067 174 50 bidraget
470 1067 93 37 skall
593 1068 60 36 för
679 1067 86 37 hela
794 1067 400 50 distriktspersonalen
1214 1075 135 44 utgöra
1370 1072 47 36 20
1437 1076 160 45 procent
1615 1072 41 36 af
1672 1072 186 48 arfvodet,

267 1120 149 37 oafsedt
442 1120 74 36 den
545 1125 69 43 ort,
642 1120 157 37 hvarest
827 1121 224 48 personalen
1079 1126 42 32 är
1149 1122 242 48 stationerad,
1421 1123 188 37 erfordrar
1629 1124 92 36 sista
1740 1125 113 49 punk-

266 1176 66 33 ten
359 1172 11 36 i
399 1172 124 53 första
547 1172 152 49 stycket
726 1172 42 36 af
792 1186 110 23 mom.
934 1175 58 34 3:o
1022 1187 48 23 en
1098 1175 293 48 omredigering.
1443 1175 134 37 Denna
1604 1176 121 49 punkt
1752 1176 108 49 lyder

268 1223 170 37 sålunda:
480 1226 75 34 »År
595 1224 85 37 med
723 1225 219 47 någondera
983 1225 264 50 befattningen
1286 1227 13 36 i
1341 1227 126 37 stället
1506 1228 61 36 för
1607 1228 254 50 hyresbidrag

266 1276 158 37 förenad
460 1276 195 36 förmånen
692 1275 42 37 af
767 1276 46 36 fri
841 1276 146 48 bostad,
1016 1277 96 37 skall
1140 1278 135 47 denna,
1304 1278 66 37 allt
1398 1279 96 37 efter
1523 1284 120 42 orten,
1673 1280 185 37 beräknas

265 1327 58 37 till
364 1328 143 36 femton
551 1327 92 37 eller
683 1328 108 49 tjugo
833 1334 159 43 procent
1028 1330 41 35 af
1093 1329 184 48 arfvodet,
1307 1334 47 46 på
1383 1336 75 31 sätt
1485 1331 12 36 i
1524 1331 121 50 punkt
1672 1332 34 36 X
1735 1337 123 44 sägs.»

267 1379 86 37 Med
394 1380 148 48 hänsyn
579 1379 55 36 till
671 1380 205 37 utskottets
906 1380 147 50 förslag
1079 1381 12 36 i
1118 1382 110 48 fråga
1257 1395 59 23 om
1346 1383 512 54 inqvarteringsprocentens

266 1432 145 36 storlek
438 1431 157 37 föreslår
623 1432 198 47 utskottet,
850 1437 55 32 att
931 1433 167 49 punkten
1128 1434 148 37 affattas
1304 1438 48 46 på
1371 1435 167 49 följande
1559 1440 91 32 sätt:
1680 1438 76 34 »Är
1773 1437 86 36 med

266 1484 219 49 någondera
525 1483 265 50 befattningen
832 1484 12 36 i
885 1484 127 38 stället
1045 1485 59 37 för
1132 1485 251 51 hyresbidrag
1411 1487 157 37 förenad
1596 1487 197 38 förmånen
1821 1489 41 36 af

264 1535 49 37 fri
356 1536 144 45 bostad,
542 1536 95 37 skall
679 1536 144 37 dennas
864 1537 114 36 värde
1013 1537 187 38 beräknas
1230 1542 47 45 på
1305 1552 141 24 samma
1475 1544 74 32 sätt
1577 1553 79 23 som
1687 1540 171 50 hyresbi-

266 1587 146 49 draget,
442 1587 119 50 enligt
595 1586 140 52 punkt”
745 1588 58 37 X.»

369 1640 195 37 Utskottet
592 1640 221 37 hemställer
840 1640 247 49 fördenskull,

769 1743 80 49 VII)
879 1748 55 31 att
961 1744 218 48 Riksdagen
1199 1748 60 33 må
1277 1745 60 37 för
1356 1745 58 37 sin
1434 1746 60 37 del
1514 1746 204 48 godkänna
1733 1748 125 36 nedan

661 1795 162 37 nämnda
851 1795 302 38 bestämmelser:

569 1901 68 35 1:o.
695 1898 132 38 Såsom
856 1898 189 38 allmänna
1072 1899 123 38 vilkor
1226 1901 60 36 för
1306 1901 214 38 erhållande
1540 1902 42 37 af
1597 1902 261 49 ålderstillägg

464 1951 117 48 enligt
623 1951 121 49 punkt
785 1951 51 37 IV
877 1952 136 48 gäller:
1056 1958 54 31 att
1150 1952 230 49 tjensteman
1421 1954 118 36 under
1566 1967 104 24 mera
1698 1959 48 32 än
1775 1954 83 49 fyra

462 2003 222 36 femtedelar
726 2003 40 36 af
800 2004 74 36 den
900 2004 210 48 tjenstetid,
1141 2018 82 23 som
1256 2006 188 36 erfordras
1474 2006 57 36 för
1560 2011 54 31 att
1642 2006 114 36 vinna
1783 2011 75 31 rätt

462 2054 55 36 till
554 2054 313 49 ålderstillägget,
896 2055 160 36 bestridt
1085 2056 59 36 sin
1173 2069 98 34 egen
1299 2057 92 36 eller
1418 2061 47 44 på
1493 2057 122 47 grund
1645 2058 42 35 af
1711 2058 146 36 förord-

462 2106 123 35 nande
619 2119 123 22 annan
778 2111 144 31 statens
956 2107 128 48 tjenst,
1113 2107 97 36 dock
1239 2113 54 30 att
1321 2108 132 36 härvid
1483 2109 32 48 ej
1546 2111 59 34 må
1633 2109 139 36 honom
1801 2109 56 36 till

461 2157 75 36 last
576 2157 138 36 räknas
757 2156 73 37 den
871 2158 67 47 tid,
978 2158 73 36 han
1093 2159 75 35 kan
1210 2159 113 36 hafva
1364 2160 150 49 åtnjutit
1551 2165 184 32 semester
1767 2160 90 37 eller

464 2208 288 49 tjenstledighet
779 2215 90 30 utan
899 2210 329 48 arfvodesafdrag;
1258 2216 55 31 att
1340 2211 94 37 hans
1463 2211 258 49 tjenstgöring
1740 2212 117 37 under

463 2260 123 37 denna
618 2261 54 36 tid
705 2260 99 37 varit
832 2262 40 35 af
897 2261 261 37 beskaffenhet
1187 2267 54 31 att
1268 2263 126 36 kunna
1422 2263 59 36 väl
1510 2263 205 46 vitsordas;
1760 2270 97 30 samt

463 2317 55 31 att
546 2313 70 36 den
647 2313 119 48 högre
795 2313 214 49 aflöningen
1041 2314 33 48 ej
1106 2315 55 35 får
1189 2314 184 37 tillträdas
1402 2316 77 35 förr
1508 2320 46 31 än
1583 2315 62 37 vid
1666 2316 134 48 början
1819 2316 41 37 af
