2220 2638
464 202 45 31 22
891 202 260 32 Statsutskottets
1184 203 175 33 Utlåtande
1385 204 65 31 N:o
1480 206 58 31 57.

411 294 141 34 ensam,
583 283 86 36 med
695 282 257 49 iakttagande,
982 288 54 31 att
1063 284 177 36 ofvanför
1268 289 152 31 namnet.
1448 284 172 36 tecknas:
1651 284 73 37 »På
1751 284 250 37 distriktsför-

411 333 242 49 valtningens
681 339 161 44 vägnar»
873 340 96 31 samt
997 335 312 49 kontrasigneras
1338 336 41 35 af
1403 336 449 37 distriktssekreteraren.

514 385 229 38 Skrifvelser
777 387 71 36 och:
881 387 273 48 expeditioner,
1189 387 127 36 hvilka
1345 387 506 49 afdelningsföreståndarne
1881 387 120 49 enligt

463 439 45 35 70
537 438 161 47 utfärda,
726 438 279 37 undertecknas
1033 439 43 36 af
1101 439 284 37 vederbörande
1414 439 271 37 föreståndare.

421 663 56 35 10.
538 663 57 35 De
623 663 181 36 särskilda
836 664 292 48 tjenstemännens
1157 665 61 35 vid
1247 665 477 48 distriktsförvaltningarna
1754 665 226 47 åligganden.

1149 800 110 49 $-18

511 904 296 49 Distriktschefen
835 908 41 31 är
905 905 125 35 såsom
1059 902 441 50 distriktsförvaltningens
1528 903 81 47 chef
1633 903 188 48 styrelsen
1849 903 11 36 i
1883 903 117 38 första

409 955 100 36 hand
528 955 178 49 ansvarig
726 955 58 37 för
804 955 73 36 den
897 955 188 36 allmänna
1105 955 210 48 ordningen
1337 955 70 37 och
1427 955 223 37 ekonomien
1670 955 101 37 inom
1792 955 206 47 distriktet;

410 1006 201 49 åliggande
653 1007 11 35 i
706 1007 134 36 sådant
881 1006 215 37 hänseende
1139 1006 307 37 distriktschefen
1487 1007 180 37 särskildt
1706 1012 55 31 att
1793 1007 86 36 med
1908 1021 92 36 upp-

409 1059 257 37 märksamhet
707 1059 92 49 följa
840 1059 45 36 de
928 1058 248 36 ekonomiska
1216 1058 283 37 förhållandena
1540 1059 101 36 inom
1684 1059 191 36 distriktet
1904 1066 96 30 samt

411 1111 80 36 dels
533 1110 92 49 sjelf
662 1110 165 49 vidtaga,
857 1110 81 36 dels
981 1110 68 36 ock
1082 1110 70 36 hos
1181 1110 189 48 styrelsen
1397 1109 138 38 föreslå
1563 1111 187 47 åtgärder,
1780 1124 80 23 som
1890 1111 110 37 lända

409 1162 54 36 till
491 1162 254 37 befordrande
773 1162 43 36 af
835 1162 275 48 jernvägarnes
1140 1161 182 48 ändamål,
1351 1162 208 36 förökande
1588 1162 41 36 af
1654 1162 108 37 deras
1791 1162 209 38 inkoraster

409 1214 71 36 och
520 1214 222 36 minskande
784 1214 41 36 af
862 1214 110 36 deras
1000 1213 169 48 utgifter,
1198 1213 197 36 äfvensom
1424 1219 53 31 att
1505 1213 111 47 tillse,
1647 1219 55 31 att
1728 1214 272 37 instruktioner

410 1266 70 36 och
520 1266 261 48 reglementen
823 1265 219 37 efterlefvas
1084 1270 98 31 samt
1222 1270 54 31 att
1304 1266 223 36 samverkan
1557 1279 93 36 eger
1677 1280 80 22 rum
1787 1266 136 37 mellan
1953 1267 46 36 de

410 1317 99 37 olika
552 1317 300 48 afdelningarna,
894 1318 59 36 för
993 1316 128 38 hvilka
1162 1317 171 36 ändamål
1375 1318 72 35 han
1487 1318 68 35 har
1586 1322 56 32 att
1669 1318 52 36 tid
1752 1318 96 36 efter
1875 1331 124 24 annan

408 1370 173 48 företaga
609 1369 346 50 inspektionsresor
973 1368 102 37 inom
1095 1369 206 45 distriktet;
1331 1369 163 37 varande
1515 1369 312 38 distriktschefen
1846 1370 154 49 skyldig

410 1427 65 41 att,
505 1434 61 23 om
593 1421 75 37 han
696 1421 173 48 vidtager
896 1421 145 48 åtgärd,
1071 1434 80 23 som
1181 1420 107 37 faller
1315 1421 100 36 inom
1444 1434 125 24 annan
1598 1421 401 48 afdelningsförestån-

409 1473 108 36 dares
560 1473 164 47 område,
756 1473 61 36 vid
860 1472 476 48 distriktsförvaltningens
1383 1478 108 32 nästa
1533 1474 278 36 sammanträde
1854 1474 145 37 anmäla

410 1524 184 50 åtgärden
635 1524 56 37 till
731 1524 239 50 protokollet.
1032 1524 15 36 I
1091 1524 234 37 förhållande
1366 1524 56 36 till
1464 1525 233 37 främmande
1732 1525 267 50 myndigheter

410 1590 92 36 eger
542 1576 311 37 distriktschefen
889 1576 142 48 jemväl
1071 1581 55 31 att
1166 1577 190 36 företräda
1397 1577 190 36 distriktet
1629 1579 70 34 och
1728 1578 142 46 dervid,
1899 1578 100 37 hvad

413 1628 192 37 distriktet
632 1628 248 47 vidkommer,
910 1628 143 37 bevaka
1082 1633 143 32 statens
1250 1628 225 49 jernvägars
1504 1634 75 31 rätt
1607 1629 71 36 och
1705 1629 174 37 intresse.

513 1680 133 37 Såsom
682 1680 260 37 föreståndare
977 1680 59 36 för
1064 1682 289 35 administrativa
1381 1680 230 50 afdelningen
1638 1680 146 50 åligger
1812 1681 187 37 distrikts-

410 1731 150 37 chefen:

512 1788 56 32 att
608 1783 207 37 öfvervaka
857 1783 71 37 och
961 1783 230 37 kontrollera
1219 1783 333 38 distriktskassans
1582 1785 145 37 skötsel
1754 1785 12 36 i
1794 1784 205 38 allmänhet

410 1840 97 33 samt
534 1835 169 49 granska
737 1835 69 37 och
835 1835 56 37 till
925 1835 188 49 styrelsen
1141 1836 158 36 insända
1328 1836 377 37 distriktskassörens
1733 1837 267 49 redogörelser

409 1888 197 36 äfvensom
649 1891 54 32 att
743 1886 11 36 i
789 1887 118 48 öfrigt
936 1887 217 49 handlägga
1181 1887 191 37 distriktet
1399 1888 159 37 rörande
1587 1889 165 36 ärenden
1782 1889 43 36 af
1848 1889 151 37 beskaf-

411 1940 130 36 fenhet
570 1944 55 32 att
654 1938 117 49 enligt
799 1939 124 36 denna
949 1939 242 47 instruktion,
1220 1940 175 36 utfärdad
1415 1940 295 50 arbetsordning
1731 1941 90 37 eller
1838 1941 161 37 särskild

410 1991 201 38 föreskrift
639 1991 150 36 tillhöra
817 1991 299 37 administrativa
1144 1991 256 49 afdelningen.

513 2043 321 37 Distriktschefen
863 2046 123 34 såsom
1017 2043 261 37 föreståndare
1308 2044 59 36 för
1395 2043 338 50 trafikafdelningen
1761 2044 162 50 åligger:

413 2117 147 5 SS
630 2116 341 7 SAS
1242 2116 140 5 Sc
1453 2118 134 4 ce
1648 2119 127 4 cc
1830 2118 39 5 -

513 2147 239 37 Beträffande
799 2148 404 48 centralförvaltningen.
1245 2147 68 37 har
1358 2147 178 48 komitén,
1578 2148 12 36 i
1639 2152 95 32 stort
1777 2148 96 47 sedt,
1915 2148 83 38 icke

411 2199 122 36 funnit
575 2198 205 49 anledning
820 2199 135 48 frångå
996 2198 72 37 den
1109 2200 218 36 nuvarande
1370 2199 212 49 ordningen
1624 2206 115 31 annat
1779 2205 48 31 än
1862 2201 9 35 i
1900 2200 98 37 hvad

411 2252 40 36 af
484 2250 383 37 decentralisationen
903 2250 187 48 betingas,
1120 2264 87 24 men
1239 2251 12 36 i
1280 2250 126 38 stället
1439 2252 88 36 sökt
1559 2252 127 36 vidare
1718 2252 174 37 utveckla
1928 2253 71 35 och

410 2315 103 25 mera
557 2303 13 35 i
620 2302 113 50 detalj
785 2302 210 37 bestämma
1040 2302 125 37 denna
1215 2303 173 48 ordning,
1428 2303 12 36 i
1482 2303 100 49 syfte
1627 2303 114 38 bland
1789 2309 114 32 annat
1944 2309 55 32 att
