2254 2638
453 203 48 31 60
874 205 258 32 Statsutskottets
1165 206 175 33 Utlåtande
1368 208 65 31 N:o
1463 210 53 29 57.

400 288 55 31 att
498 287 37 32 åt
575 284 198 37 arbetarne
814 285 138 37 bereda
994 299 98 36 egna
1132 287 86 36 hem
1248 308 47 5 —
1323 288 108 36 torde
1469 288 113 36 hafva
1620 288 58 36 sin
1715 289 124 47 grund
1874 289 10 35 i
1919 290 72 36 den

400 335 228 48 erfarenhet,
673 350 85 23 man
799 336 114 49 gjort,
955 342 55 32 att
1051 338 246 48 vidtagandet
1337 339 42 36 af
1416 353 47 23 en
1498 340 102 48 dylik
1630 341 133 48 åtgärd
1792 341 33 49 ej
1857 340 136 37 endast

398 387 184 37 innebure
611 388 232 37 beredandet
871 389 42 36 af
937 403 46 23 en
1012 390 175 37 afsevärd
1207 391 222 36 ekonomisk
1450 392 145 36 förmån
1615 395 37 33 åt
1671 392 210 47 arbetarne,
1901 398 90 31 utan

401 439 115 36 äfven
558 439 157 49 bidroge
757 440 56 37 till
855 446 54 31 att
949 441 89 48 höja
1080 441 108 38 deras
1232 443 145 48 sedliga
1417 443 88 36 nivå
1534 444 70 36 och
1632 444 146 47 ingifva
1805 445 70 36 hos
1905 444 86 37 dem

399 491 161 37 känslan
588 492 41 36 af
652 505 104 23 mera
785 493 258 49 samhörighet
1072 495 84 35 med
1187 495 73 36 den
1288 494 224 48 institution,
1541 496 60 36 för
1628 496 114 36 hvars
1763 496 164 49 räkning
1945 497 46 36 de

401 544 172 35 använde
604 543 81 36 sina
712 544 282 38 arbetskrafter.
1052 545 80 37 Och
1161 546 65 36 det
1254 547 124 37 kunde
1402 547 44 49 ju
1475 547 46 37 då
1549 547 253 49 ifrågasättas,
1829 561 59 23 om
1908 548 83 36 icke

401 595 116 36 äfven
546 595 60 36 för
628 596 483 50 jernvägsförvaltningen,
1141 611 82 23 som
1253 612 89 23 vore
1363 612 46 23 en
1431 599 152 48 mycket
1602 605 80 30 stor
1701 600 289 48 arbetsgifvare,

402 647 125 37 denna
556 648 193 48 synpunkt
776 662 91 23 vore
896 652 41 33 så
964 663 91 36 pass
1083 650 135 49 vigtig,
1249 655 54 31 att
1329 651 200 49 hänsynen
1557 651 56 36 till
1641 651 74 36 den
1743 651 249 37 ekonomiska

402 699 150 37 vinsten
587 700 40 35 af
651 714 46 22 en
726 700 257 49 väsentligare
1012 702 260 48 begränsning
1299 703 12 35 i
1338 717 50 22 nu
1416 704 191 48 utgående
1636 703 357 49 inqvarteringsför-

402 754 86 33 mån
518 751 127 37 derför
672 752 118 37 borde
820 753 96 36 vika.
972 754 88 35 Man
1088 754 107 36 torde
1223 754 83 37 icke
1335 754 118 37 heller
1482 755 63 36 vid
1575 755 153 48 frågans
1758 755 234 37 bedömande

402 804 128 36 kunna
570 803 194 37 underlåta
805 809 55 32 att
900 810 89 43 taga
1030 806 148 49 hänsyn
1215 806 56 36 till
1305 806 73 37 den
1408 807 344 49 omständigheten,
1782 812 55 32 att
1866 812 125 32 staten

402 855 119 36 redan
563 855 59 37 för
662 869 46 23 en
749 856 90 49 lång
879 857 94 48 följd
1016 858 41 36 af
1089 860 39 33 år
1157 858 185 36 anskaffat
1369 859 181 36 bostäder
1578 862 35 33 åt
1641 859 239 48 personalen,
1910 859 82 36 dels

403 907 126 37 direkt
555 921 138 35 genom
723 908 204 49 byggande
957 909 60 36 för
1045 923 96 35 egen
1170 910 162 49 räkning
1361 911 70 36 och
1452 911 81 36 dels
1553 910 164 38 indirekt
1735 924 137 35 genom
1887 912 105 48 jern-

405 964 150 44 vägens
584 960 112 36 enke-
726 961 71 35 och
826 960 232 50 pupillkassa
1087 964 124 34 såsom
1231 961 251 38 mellanhand.
1529 962 73 37 Vid
1622 962 121 50 dylikt
1761 963 234 37 förhållande

406 1012 113 36 torde
549 1025 47 23 en
623 1012 327 49 genomgripande
979 1013 234 48 förändring,
1243 1014 115 36 sådan
1383 1014 71 37 den
1476 1015 166 36 komitén
1664 1015 214 48 principielt
1896 1016 98 35 före-

404 1063 128 49 slagit,
575 1064 83 36 icke
688 1086 50 4 —
765 1065 13 34 i
806 1064 76 38 allt.
906 1064 66 37 fall
1004 1065 83 36 icke
1114 1068 48 46 på
1189 1065 111 49 länge
1331 1088 45 3 —
1406 1066 128 36 kunna
1562 1066 85 36 med
1676 1066 149 48 verklig
1854 1067 141 36 ekono-

404 1115 100 36 misk
548 1115 122 37 fördel
711 1117 60 35 för
813 1116 266 36 statsbanorna
1119 1117 244 48 genomföras
1396 1117 12 36 i
1436 1121 126 45 någon
1603 1131 101 24 mera
1733 1118 176 37 afsevärd
1938 1125 56 30 ut-

405 1167 233 49 sträckning.
694 1161 127 43 Äfven
850 1168 104 36 detta
981 1168 233 37 förhållande
1242 1169 124 36 kunde
1394 1170 121 36 väcka
1540 1170 151 47 tvekan,
1711 1170 182 37 huruvida
1913 1170 81 37 skäl

403 1220 223 35 förefunnes
662 1225 55 30 att
743 1219 12 36 i
783 1219 145 50 princip
957 1220 148 36 besluta
1133 1234 46 23 en
1207 1221 232 49 förändring,
1470 1234 81 24 som
1579 1222 12 36 i
1618 1221 265 49 verkligheten
1910 1222 84 37 icke

406 1271 123 37 skulle
572 1271 126 36 kunna
739 1271 238 49 konseqvent
1018 1272 101 36 föras
1153 1273 165 48 igenom,
1346 1279 90 30 utan
1465 1273 319 49 hufvudsakligen
1811 1274 184 37 resultera

405 1323 95 48 deri,
544 1328 54 31 att
630 1323 407 48 befattningshafvare,
1067 1337 82 23 som
1176 1338 91 23 vore
1296 1325 197 49 placerade
1522 1328 20 33 å
1569 1326 154 49 platser,
1753 1326 67 36 der
1841 1327 155 48 jernvä-

402 1389 76 35 gen
506 1389 48 22 nu
584 1375 41 36 af
649 1389 122 23 annan
801 1380 47 31 än
877 1376 112 36 enke-
1020 1376 70 36 och
1117 1376 258 50 pupillkassan
1401 1377 179 49 förhyrde
1600 1378 393 48 bostadslägenheter,

404 1427 122 37 skulle
568 1427 149 37 komma
752 1428 12 35 i
802 1432 122 32 sämre
964 1428 223 37 ekonomisk
1225 1428 180 50 ställning
1432 1434 48 31 än
1509 1429 111 37 deras
1648 1429 213 37 vederlikar
1888 1433 21 34 å
1938 1433 55 34 så-

405 1479 98 37 dana
532 1479 151 50 platser,
713 1479 67 37 der
803 1480 214 48 jernvägen
1047 1480 95 49 egde
1172 1480 92 37 eller
1292 1481 41 36 af
1347 1481 165 36 nämnda
1531 1481 113 37 kassa
1662 1482 180 49 förhyrde
1861 1482 132 49 lägen-

404 1531 168 37 heterna.
629 1531 80 37 Och
753 1531 178 48 slutligen
975 1532 86 36 ville
1103 1533 420 49 departementschefen
1551 1533 83 37 icke
1664 1534 170 45 förneka,
1863 1539 55 31 att
1946 1534 46 36 de

403 1583 128 37 lokala
570 1583 284 37 förhållandena
896 1584 124 36 kunde
1050 1597 87 24 vara
1166 1585 152 47 sådana,
1347 1590 53 31 att
1424 1585 144 49 jemväl
1596 1585 116 37 andra
1740 1586 253 48 befattnings-

403 1635 157 37 hafvare
590 1640 46 31 än
664 1636 46 36 de
740 1636 41 35 af
805 1635 168 37 komitén
1002 1635 153 50 angifna
1183 1650 217 37 grupperna
1428 1637 125 36 kunde
1584 1637 58 36 för
1669 1637 187 48 tjenstens
1875 1638 117 36 behö-

403 1687 84 48 riga
516 1687 187 36 skötande
733 1701 89 23 vara
849 1688 12 35 i
889 1687 166 50 verkligt
1083 1689 117 36 behof
1217 1689 41 35 af
1274 1694 54 31 att
1346 1702 140 35 genom
1502 1689 489 49 jernvägsförvaltningens

403 1739 155 49 försorg
598 1739 138 36 erhålla
776 1739 189 48 bostäder,
1007 1740 160 49 belägna
1194 1741 12 36 i
1229 1741 234 48 jernvägens
1506 1741 239 37 omedelbara
1772 1742 144 36 närhet.
1941 1764 51 4 —

405 1790 71 37 Om
524 1791 144 36 således
709 1791 188 36 komiténs
940 1792 362 49 regleringsförslag
1329 1793 11 35 i
1369 1793 124 36 denna
1535 1793 60 36 del
1636 1793 83 36 icke
1757 1793 107 36 torde
1902 1793 90 37 böra

403 1842 12 36 i
443 1843 86 36 hela
558 1843 55 36 sin
643 1843 262 49 utsträckning
932 1844 256 48 genomföras,
1219 1844 116 48 följde
1365 1844 98 36 dock
1492 1844 109 37 deraf
1624 1845 217 49 ingalunda,
1870 1850 54 32 att
1945 1845 46 37 de

404 1895 218 36 nuvarande
659 1895 335 37 bestämmelserna
1022 1895 116 37 borde
1166 1896 206 37 bibehållag
1403 1896 252 38 oförändrade
1684 1896 91 37 eller
1803 1897 85 37 med
1917 1897 74 37 den

404 1947 42 36 af
464 1946 376 50 jernvägsstyrelsen
867 1947 221 49 ifrågasatta
1115 1948 307 49 formuleringen.
1481 1949 82 35 Den
1591 1949 288 48 inskränkning,
1909 1963 82 23 som

403 1999 109 36 torde
550 2012 88 23 vara
667 1999 228 49 erforderlig
921 2000 55 36 uti
1003 2000 286 49 ifrågavarande
1318 2001 158 48 förmån,
1506 2006 130 43 syntes
1666 2001 171 36 deremot
1864 2002 127 36 kunna

403 2051 280 36 åstadkommas
710 2064 140 35 genom
880 2065 46 23 en
954 2052 135 49 partiel
1117 2052 164 36 revision
1310 2052 42 37 af
1376 2053 45 36 de
1450 2054 85 35 utaf
1560 2053 137 48 Kongl.
1727 2053 106 48 Maj:t
1850 2066 141 35 genom

402 2103 151 36 brefvet
583 2103 72 37 den
684 2105 47 34 23
762 2104 200 36 december
993 2106 97 34 1880
1111 2104 219 37 meddelade
1349 2105 299 47 föreskrifterna,
1669 2105 322 49 hufvudsakligen

405 2154 170 49 sålunda,
617 2160 53 31 att
698 2155 83 36 från
811 2155 247 50 möjligheten
1088 2161 53 31 att
1169 2156 140 36 erhålla
1336 2157 47 36 fri
1411 2157 261 49 inqvartering
1699 2156 38 37 in
1765 2162 133 32 natura
1927 2171 63 23 en-

401 2206 71 48 ligt
501 2206 73 37 den
602 2207 186 37 allmänna
816 2208 132 48 regeln
976 2208 183 36 uteslötes
1189 2208 138 36 sådana
1354 2222 168 36 grupper
1550 2209 40 36 af
1614 2209 190 49 personal,
1826 2222 83 23 som
1929 2222 59 23 er-

402 2258 223 37 farenheten
667 2259 98 36 visat
792 2258 230 50 näppeligen
1050 2273 89 23 vara
1167 2260 109 36 deraf
1299 2261 12 35 i
1337 2260 128 47 behof,
1496 2260 71 36 och
1595 2266 55 32 att
1677 2261 12 36 i
1718 2261 273 48 sammanhang

401 2309 154 40 dermed
586 2311 214 48 stadgades,
830 2316 54 33 att
903 2312 226 48 förhyrning
1149 2312 40 36 af
1205 2312 380 49 bostadslägenheter
1604 2316 35 33 åt
1659 2312 227 52 personalen
1906 2313 83 38 icke
