1882 2827
419 192 405 32 Konstitutionsutskottets
841 191 160 33 utlåtande
1017 203 37 21 nr
1071 191 43 32 30
1132 191 35 32 år
1185 192 87 32 1970
1575 198 17 28 3

152 274 163 32 Utskottet
330 274 190 38 hemställer,

472 333 45 26 att
537 328 167 40 riksdagen
725 327 101 32 avslår
845 327 200 32 motionerna
1066 328 24 31 I:
1105 327 65 33 269
1193 328 61 31 och
1274 328 41 31 II:
1332 327 64 32 306
1417 328 11 30 i
1448 328 39 31 de
1509 327 86 32 delar

427 391 70 22 som
511 382 188 31 behandlats
715 382 10 31 i
742 382 85 31 detta
842 381 171 32 utlåtande.

153 490 185 30 Stockholm
354 490 62 31 den
431 490 18 30 5
466 489 63 40 maj
551 489 84 32 1970

553 596 45 32 På
610 597 392 31 konstitutionsutskottets
1016 598 127 38 vägnar:

626 703 155 32 GEORG
799 704 277 30 PETTERSSON

739 928 219 32 Närvarande:

150 991 71 32 från
257 991 155 32 första
446 992 195 31 kammaren:
669 992 109 30 herrar
802 992 108 39 Georg
933 993 180 29 Pettersson
1140 992 51 37 (s),
1219 992 76 31 Erik
1321 992 117 31 Olsson
1464 992 52 38 (s),
1543 993 50 30 fru

106 1036 178 40 Segerstedt
305 1036 128 40 Wiberg
456 1036 72 40 (fp),
551 1036 109 31 herrar
681 1036 212 40 Sveningsson
915 1036 70 38 (m),
1008 1036 203 31 Richardson
1234 1036 72 40 (fp),
1330 1036 168 32 Hernelius
1523 1036 70 39 (m),

107 1082 138 39 Nyquist
261 1081 52 38 (s),
330 1082 73 30 Ivar
417 1081 202 31 Andersson”
637 1081 52 38 (s),
705 1081 147 39 Norberg
868 1081 41 38 (s)
926 1081 61 31 och
1002 1081 83 31 Axel
1100 1081 108 40 Georg
1223 1082 179 30 Pettersson
1420 1082 80 39 (cp);
1515 1086 81 26 samt

151 1151 72 32 från
250 1152 141 31 andra
417 1151 195 33 kammaren:
632 1153 108 30 herrar
756 1153 139 30 Larsson
912 1153 10 30 i
938 1153 112 30 Luttra
1067 1152 77 41 (cp),
1163 1152 184 31 Adamsson
1366 1153 52 37 (s),
1436 1152 131 32 Nilsson
1584 1153 11 31 i

107 1196 176 32 Östersund
307 1197 52 38 (s),
383 1197 161 31 Nelander
567 1197 72 40 (fp),
663 1197 175 40 Björkman
863 1197 70 38 (m),
956 1197 52 31 fru
1030 1197 157 31 Thunvall
1211 1197 52 38 (s),
1289 1198 107 30 herrar
1419 1198 71 30 Boo
1516 1198 77 39 (cp),

112 1243 109 30 Sterne
238 1242 72 39 (fp),
327 1242 188 31 Andersson
530 1242 11 31 i
557 1242 138 31 Storfors
712 1242 40 37 (s)
771 1242 61 30 och
848 1242 184 31 Henrikson
1050 1242 51 37 (s).

111 1314 24 31 +)
156 1314 30 32 Ej
203 1314 171 26 närvarande
388 1314 47 26 vid
449 1314 174 32 justeringen.

692 1470 209 31 Reservation

155 1561 38 21 av
208 1552 108 30 herrar
330 1552 221 40 Sveningsson,
567 1552 169 31 Hernelius
750 1552 63 31 och
826 1552 177 40 Björkman
1018 1552 76 37 (alla
1107 1553 45 37 m)
1169 1552 85 31 vilka
1268 1552 115 31 anfört:

151 1659 223 31 Förevarande
394 1659 303 40 motionsyrkanden
717 1664 48 27 tar
784 1669 66 31 upp
870 1659 54 32 två
942 1659 240 41 frågekomplex
1204 1669 38 21 av
1262 1659 153 41 väsentlig
1435 1659 159 40 betydelse

106 1712 52 31 för
176 1713 63 30 den
257 1713 136 30 svenska
410 1713 230 39 folkstyrelisen.
660 1713 43 31 Vi
722 1714 138 30 ansluter
878 1723 53 21 oss
949 1713 46 31 till
1014 1713 39 31 de
1073 1714 194 39 synpunkter
1285 1713 237 31 motionärerna
1540 1723 55 21 an-

106 1766 72 31 fört.
204 1766 93 31 Såväl
318 1766 112 40 frågan
450 1776 55 21 om
527 1767 165 30 införande
716 1776 38 21 av
776 1771 44 27 ett
841 1767 404 39 folkomröstningsinstitut
1267 1767 43 40 på
1331 1767 172 40 riksplanet
1526 1776 69 22 som

108 1819 40 30 de
171 1820 75 29 med
269 1819 175 40 partiernas
467 1820 206 39 finansiering
697 1820 312 40 sammanhängande
1031 1820 151 40 frågorna
1205 1820 59 31 bör
1288 1820 109 31 därför
1420 1820 96 40 enligt
1539 1820 56 31 vår

109 1873 128 39 mening
253 1874 94 38 göras
362 1873 46 30 till
423 1873 135 31 föremål
574 1873 52 31 för
641 1873 168 40 utredning
823 1873 43 40 på
881 1875 62 29 sätt
959 1874 92 39 yrkas
1074 1874 5 30 i
1095 1873 209 32 motionerna.
1322 1874 43 30 Vi
1382 1883 92 22 anser
1491 1874 104 31 sålun-

112 1925 42 30 da
171 1930 43 25 att
229 1925 153 31 utskottet
397 1925 72 31 bort
484 1925 176 37 hemställa,

474 1985 45 25 att
539 1980 169 40 riksdagen
728 1980 10 30 i
760 1980 169 40 anledning
950 1990 38 21 av
1010 1980 200 32 motionerna
1231 1981 24 30 I:
1271 1981 65 31 269
1358 1981 62 30 och
1441 1981 41 30 II:
1499 1981 65 30 306
1585 1981 10 30 i

428 2033 224 31 motsvarande
671 2033 88 31 delar
779 2033 140 32 anhåller
938 2033 59 32 hos
1017 2034 115 40 Kungl.
1155 2034 95 39 Maj:t

478 2086 30 37 1)
534 2096 53 22 om
610 2087 168 40 utredning
800 2097 39 21 av
861 2087 113 40 frågan
995 2097 55 21 om
1072 2087 167 32 införande
1264 2097 39 22 av
1325 2092 44 27 ett
1391 2088 204 31 folkomröst-

429 2140 213 40 ningsinstitut
657 2140 43 40 på
716 2140 183 40 riksplanet;
917 2141 62 31 och

475 2193 33 38 2)
534 2203 54 22 om
609 2193 192 32 tillsättande
822 2203 38 22 av
881 2203 42 23 en
943 2194 134 32 särskild
1098 2194 168 41 utredning
1286 2195 51 31 för
1359 2195 123 41 allsidig
1502 2197 94 39 pröv-

428 2247 76 40 ning
530 2257 39 21 av
595 2248 39 30 de
661 2248 74 30 med
761 2248 174 40 partiernas
962 2248 205 40 finansiering
1194 2249 311 40 sammanhängande
1532 2249 63 31 frå-

429 2310 107 30 gorna.
