1866 2798
528 135 328 32 Bankoutskottets
872 134 187 32 utlåtande
1076 144 43 22 nr
1136 135 52 31 21.
1587 134 21 32 3

785 353 57 40 Nr
868 354 69 40 21.

301 464 192 33 Utlåtande
515 466 13 30 i
549 466 188 39 anledning
760 475 44 21 av
827 466 132 30 väckta
980 465 178 31 motioner
1180 464 184 40 angående
1387 464 153 41 ändring
1563 474 44 22 av

480 519 325 40 tidsangivelserna
819 519 13 31 i
847 519 322 40 riksdagstrycket.

162 626 16 29 I
197 625 62 32 två
278 625 96 32 inom
393 625 194 40 riksdagen
607 625 141 37 väckta,
769 625 55 31 till
843 625 301 31 bankoutskottet
1164 625 195 31 hänvisade
1381 624 226 40 likalydande

116 679 187 37 motioner,
325 688 43 21 nr
387 679 21 29 4
429 679 11 30 i
460 679 119 31 första
601 679 205 30 kammaren
827 687 45 22 av
892 679 128 30 herrar
1039 679 185 38 Bengtson
1245 678 66 31 och
1332 679 160 30 Nerman
1512 679 96 29 samt

116 741 44 21 nr
179 732 20 31 8
218 732 11 31 i
248 732 112 31 andra
379 732 210 31 kammaren
609 741 45 21 av
672 732 84 30 herr
775 731 171 32 Ericsson
965 732 11 30 i
996 732 77 30 Näs
1092 741 45 22 m.
1157 732 53 39 fl.,
1229 732 67 30 har
1315 731 216 37 hemställts,
1552 732 56 30 att

116 786 193 39 riksdagen
326 784 112 32 måtte
455 785 152 37 besluta,
626 787 55 29 att
697 785 277 39 tidsangivelser
991 785 11 30 i
1020 784 313 40 riksdagstrycket
1349 783 114 32 måtte
1480 784 65 31 ske
1562 782 46 42 på

117 840 76 31 sätt
207 848 78 22 som
299 839 159 40 angivits
472 839 11 30 i
498 839 235 37 motionerna,
750 839 11 30 i
776 838 60 31 det
850 840 57 30 att
921 838 192 39 timslagen
1128 837 84 32 från
1227 838 46 31 kl.
1290 838 19 30 1
1326 847 28 22 e.
1370 846 45 23 m.
1432 838 55 31 till
1504 837 43 31 12
1562 836 46 41 på

117 894 123 29 natten
259 892 189 40 uttryckes
464 893 78 30 med
558 892 170 31 talserien
746 892 42 31 13
806 892 55 31 till
878 891 53 32 24.

161 946 239 31 Beträffande
414 946 263 39 motiveringen
690 945 59 31 för
762 945 224 31 motionerna
1001 945 172 31 hänvisas
1187 945 55 31 till
1257 945 181 31 motionen
1452 945 49 30 II:
1518 943 31 32 8.

163 998 91 33 Över
269 999 225 32 motionerna
512 999 67 31 har
596 999 195 39 yttranden
807 999 200 31 inhämtats
1024 997 84 32 från
1126 997 397 39 talmanskonferensen
1542 997 66 31 och

117 1052 230 40 fullmäktige
367 1052 12 31 i
400 1052 364 40 riksgäldskontoret,
785 1052 96 30 vilka
902 1051 93 32 båda
1017 1051 181 31 förklarat
1219 1051 57 40 sig
1297 1051 77 31 icke
1395 1051 47 31 ha
1464 1050 145 31 erinran

117 1108 76 29 mot
209 1106 103 31 bifall
328 1106 56 31 till
400 1106 235 31 motionerna.

165 1178 187 31 Utskottet
368 1178 120 31 finner
503 1177 60 31 för
579 1177 56 31 sin
651 1177 56 31 del
723 1177 60 31 det
800 1186 87 22 vara
904 1176 194 41 praktiskt,
1117 1178 56 29 att
1189 1185 83 22 man
1290 1176 96 31 inom
1402 1176 205 39 riksdagen,

117 1231 78 31 icke
209 1231 94 31 blott
317 1231 11 30 i
343 1230 107 41 fråga
466 1240 58 22 om
539 1231 314 39 riksdagstrycket
867 1232 88 29 utan
971 1230 136 39 jämväl
1123 1229 230 32 beträffande
1370 1229 169 31 kallelser
1553 1229 55 32 till

117 1285 292 31 sammanträden
430 1287 77 35 etc.,
529 1284 61 31 vid
610 1284 256 39 tidsangivelse
887 1283 154 40 övergår
1061 1283 55 32 till
1138 1283 67 31 den
1225 1283 221 39 vedertagna
1467 1282 141 32 24-tim-

117 1338 309 39 marsräkningen.

163 1390 233 41 Åberopande
412 1391 60 31 det
489 1391 153 31 anförda
659 1390 208 31 hemställer
882 1390 191 36 utskottet,

526 1446 56 29 att
595 1444 202 39 riksdagen,
811 1443 81 31 med
903 1443 103 31 bifall
1020 1443 55 32 till
1089 1443 41 31 de
1144 1443 226 39 likalydande
1384 1443 224 31 motionerna

480 1499 31 30 I:
527 1498 21 30 4
571 1499 66 30 och
659 1499 49 30 II:
725 1498 31 38 8,
779 1498 59 32 må
860 1499 141 31 besluta
1024 1500 57 30 att
1104 1498 96 31 inom
1222 1497 192 39 riksdagen
1437 1496 61 31 vid
1520 1496 88 31 tids-

479 1551 182 40 angivelse
679 1552 163 40 tillämpa
858 1552 218 39 vedertagen
1094 1550 390 39 24-timmarsräkning.

163 1621 208 31 Stockholm
386 1621 67 32 den
469 1622 21 31 5
505 1622 74 40 maj
597 1622 97 33 1953.

582 1729 50 32 På
648 1730 320 32 bankoutskottets
984 1731 153 39 vägnar:

666 1810 156 31 FRANS
839 1811 215 31 SEVERIN.

733 1978 253 32 Närvarande:

161 2046 84 31 från
272 2047 173 31 första
473 2048 224 32 kammaren:
718 2050 128 31 herrar
862 2050 170 38 Sundvik,
1051 2052 212 38 Fahlander,
1282 2053 160 40 Mogård,
1461 2055 148 30 Werner

118 2101 66 29 och
201 2100 51 30 De
269 2100 105 37 Geer;

161 2152 82 31 från
272 2154 154 30 andra
454 2154 225 32 kammaren:
698 2157 128 30 herrar
842 2157 146 31 Severin
1006 2158 12 30 i
1035 2158 217 38 Stockholm,
1271 2160 171 37 Schmidt,
1461 2161 146 30 Nilsson

117 2205 11 30 i
149 2206 244 36 Landskrona,
416 2208 153 30 Persson
592 2209 10 29 i
623 2209 153 39 Norrby,
799 2210 203 31 Johansson
1026 2211 9 29 i
1058 2212 157 36 Kalmar,
1238 2213 168 39 Löfgren,
1429 2213 146 31 Severin
1598 2214 10 29 i

117 2259 110 30 Gävle
245 2260 66 29 och
328 2260 198 39 Nordqvist
543 2261 11 29 i
572 2261 213 40 Karlskoga.
