2186 2624
679 160 117 33 Första
820 163 211 41 lagutskottets
1054 166 164 31 utlåtande
1241 167 52 31 Nr
1317 169 49 31 15.
1739 173 37 30 31

219 245 141 37 papper
393 235 128 37 kunna
554 239 120 35 under
706 252 46 23 en
781 240 257 50 baisseperiod
1067 244 245 49 tillfälligtvis
1341 247 136 47 sjunka
1506 248 198 49 betydligt,
1730 255 91 31 utan

218 289 53 30 att
313 285 103 37 detta
457 288 165 38 behöver
663 297 210 31 motsvaras
917 307 46 22 av
1003 295 150 49 verklig
1195 298 350 50 värdeminskning.
1615 301 85 36 Med
1729 301 92 37 hän-

219 348 70 37 syn
327 338 56 35 till
412 344 54 31 att
494 340 63 36 det
586 341 97 36 dock
711 356 113 34 synes
853 343 92 37 böra
974 346 202 37 förefinnas
1205 361 45 23 en
1279 349 77 36 viss
1384 351 159 36 relation
1571 353 160 36 emellan
1760 354 62 36 det

215 389 176 36 anmälda
431 391 70 35 och
543 391 62 37 det
646 395 238 36 återstående
925 396 180 49 kapitalet
1138 399 70 36 och
1237 400 47 35 då
1313 401 268 50 fordringarna
1608 404 79 36 lära
1728 404 92 37 böra

215 439 101 36 bliva
356 446 199 43 strängare
597 450 78 30 mot
715 445 85 48 den,
843 459 81 23 som
953 448 134 36 endast
1114 451 143 35 anmält
1291 451 63 36 det
1382 453 246 49 erforderliga
1656 455 163 37 minimi-

213 490 193 48 kapitalet,
436 493 214 38 hemställer
672 496 71 48 jag
772 502 55 31 att
858 500 44 33 12
931 498 21 49 $
981 498 36 49 3)
1047 502 60 34 må
1136 502 140 35 erhålla
1305 502 167 49 följande
1501 501 158 57 lydelse:

745 599 35 49 3)
810 613 60 23 om
913 601 76 36 han
1031 602 155 37 förlorat
1228 607 41 33 så
1301 611 79 31 stor
1406 606 62 36 del
1498 620 45 23 av
1572 608 62 36 det
1660 608 155 49 kapital,

614 650 75 36 han
731 651 58 36 för
830 652 225 38 tillståndets
1097 656 253 37 förvärvande
1385 658 98 36 visat
1512 659 61 49 sig
1601 660 214 49 disponera,

613 707 56 30 att
702 704 215 36 återstoden
945 706 242 48 understiger
1214 708 184 49 antingen
1426 710 144 37 hälften
1599 725 46 22 av
1674 725 143 23 samma

610 753 142 48 kapital
778 755 91 36 eller
888 756 69 36 ock
978 758 445 39 etthundrafemtiotusen
1443 762 141 36 kronor
1603 769 98 31 samt
1720 764 92 36 bris-

610 810 63 30 ten
702 806 83 36 icke
814 806 110 37 blivit
951 808 93 49 fylld
1072 810 101 36 inom
1203 816 56 31 tre
1288 813 178 36 månader
1502 814 94 36 efter
1628 815 63 36 det
1724 815 88 37 den-

609 869 144 24 samma
780 859 188 48 yppades;
998 861 149 48 ägande
1175 884 50 3 —
1253 884 50 4 —
1332 884 48 6 —
1409 867 65 33 två
1502 868 50 33 år.

907 1013 72 37 Vid
1009 1017 45 34 27
1085 1015 31 49 8.

338 1107 59 37 Av
440 1108 128 38 herrar
608 1113 197 47 Lindqvist
846 1116 11 35 i
891 1116 130 49 Kosta,
1063 1120 168 47 Lindley,
1276 1122 272 46 Hederstierna,
1596 1126 167 36 Carlsson
1796 1127 12 35 i

204 1157 204 39 Frosterud
451 1161 70 37 och
564 1165 208 47 Söderberg,
817 1168 101 36 vilka
950 1169 82 37 icke
1061 1171 126 36 funnit
1215 1173 62 47 sig
1304 1175 233 48 övertygade
1565 1189 47 23 av
1640 1176 47 38 de
1715 1178 92 47 skäl,

204 1222 82 23 som
329 1224 45 22 av
415 1212 86 37 herr
535 1214 132 38 Lamm
697 1218 145 37 anförts
869 1220 13 35 i
910 1220 72 37 den
1011 1235 47 22 av
1087 1222 138 38 honom
1255 1225 161 37 anförda
1445 1227 204 48 motionen,
1679 1234 56 32 att
1762 1230 47 37 de

202 1260 148 50 viktiga
390 1267 149 45 ämnen,
577 1280 79 23 som
687 1270 243 38 omförmälas
958 1273 119 36 under
1105 1288 112 23 mom.
1248 1275 37 49 4)
1313 1277 71 36 och
1414 1277 36 49 6)
1479 1279 54 35 uti
1562 1280 246 38 förevarande

200 1314 191 47 paragraf,
425 1315 91 37 böra
547 1318 267 51 undandragas
843 1324 190 49 prövning
1061 1326 70 35 och
1159 1325 123 38 beslut
1310 1341 47 23 av
1384 1329 143 49 Kungl.
1558 1331 121 49 Maj:t,
1709 1342 98 27 samt

202 1363 128 38 därför
374 1366 202 50 hemställt,
626 1377 56 30 att
721 1375 230 47 paragrafen
993 1379 116 34 måtte
1150 1378 141 37 erhålla
1332 1379 72 38 den
1440 1381 156 49 lydelse,
1639 1397 80 23 som
1760 1398 47 23 av

201 1415 143 51 Kungl.
376 1418 108 50 Maj:t
511 1420 227 52 föreslagits.

904 1581 72 37 Vid
1006 1584 47 35 30
1081 1583 32 49 8.

330 1676 34 49 1)
392 1678 59 35 Av
479 1678 130 38 herrar
635 1683 194 47 Lindqvist
862 1686 12 35 i
900 1685 130 48 Kosta,
1059 1688 166 47 Lindley,
1256 1692 169 36 Carlsson
1455 1693 11 35 i
1495 1693 203 38 Frosterud
1732 1696 69 36 och

198 1728 207 47 Söderberg,
435 1743 82 24 som
544 1732 124 49 yrkat,
698 1740 56 31 att
782 1736 246 38 förevarande
1056 1741 183 48 paragraf
1254 1745 115 34 måtte
1395 1744 140 37 erhålla
1555 1746 72 37 den
1647 1743 154 58 lydelse,

196 1791 81 23 som
307 1793 48 23 av
382 1781 142 50 Kungl.
556 1784 107 49 Maj:t
690 1787 227 50 föreslagits.

325 1884 35 48 2)
387 1887 60 35 Av
474 1887 88 36 herr
588 1890 269 46 Hederstierna,
890 1906 81 24 som
999 1895 141 37 anfört:

323 1936 134 49 Enligt
485 1939 122 38 denna
635 1944 186 47 paragraf
846 1945 57 36 får
930 1945 275 50 börsstyrelsen
1234 1951 86 36 med
1348 1947 450 61 tillsynsmyndighetens

192 1987 169 37 tillstånd
391 1989 58 36 för
476 1991 79 36 viss
583 1992 53 36 tid
665 1995 174 36 meddela
864 1996 294 50 bestämmelser,
1179 2014 81 23 som
1281 2003 180 37 innebära
1480 2006 215 37 avvikelser
1713 2007 83 37 från

192 2038 304 51 börsordningen
524 2043 12 35 i
555 2044 100 37 vissa
676 2059 47 22 av
743 2047 46 36 de
809 2052 149 42 ämnen,
978 2062 81 24 som
1081 2052 243 38 omförmäles
1343 2055 12 36 i
1376 2058 46 33 27
1444 2057 31 47 8.
1518 2057 192 49 Lagrådet
1731 2060 67 36 har

191 2091 176 48 påpekat,
397 2098 54 31 att
484 2094 139 49 Kungl.
659 2096 108 50 Maj:t
796 2103 91 45 äger
914 2106 55 31 att
996 2102 174 37 meddela
1197 2104 289 40 bestämmelser
1514 2114 95 32 även
1637 2111 13 35 i
1678 2111 118 36 andra
1827 2158 2 2 |

191 2146 137 33 ämnen
345 2148 45 32 än
412 2145 68 36 där
499 2148 257 49 uppräknade,
778 2151 70 36 och
868 2157 54 31 att
941 2153 448 51 tillsynsmyndighetens
1406 2160 390 51 dispensbefogenhet

191 2200 130 42 syntes
349 2195 92 38 böra
468 2199 180 48 utvidgas
676 2207 56 31 att
750 2216 91 23 avse
861 2203 323 50 börsordningens
1204 2211 179 48 samtliga
1405 2212 285 38 bestämmelser
1709 2215 85 36 med

189 2246 103 37 vissa
333 2248 247 39 omförmälda
608 2253 205 50 undantag.
870 2255 427 50 Departementschefen
1340 2263 67 36 har
1442 2264 171 38 häremot
1641 2263 153 58 erinrat,
