1902 2844
1567 163 15 28 NI

240 171 103 27 Andra
364 171 199 26 kammarens
605 165 122 33 andra
773 167 155 35 tillfälliga
951 166 133 27 utskotts
1107 164 159 28 utlåtande
1288 164 42 27 Nr
1353 163 26 27 2.

1415 269 62 32 Bil.
1506 269 36 30 A.

185 356 64 31 Till
272 355 214 38 Riksdagens
507 354 109 38 första
639 353 196 30 kammares
858 350 172 38 tillfälliga
1054 349 130 30 utskott
1205 357 42 21 nr
1269 348 29 30 2.

140 436 132 31 Genom
292 434 121 31 remiss
436 435 67 30 den
524 435 20 29 8
564 432 152 32 februari
740 432 82 31 1935
843 431 65 30 har
929 430 124 39 Kungl.
1076 429 101 39 Maj:t
1199 427 169 31 anbefallt
1389 425 199 32 medicinal-

98 481 167 40 styrelsen
296 483 59 34 att,
386 480 115 30 därest
532 478 38 31 så
598 478 127 31 funnes
754 475 216 40 erforderligt
1002 475 85 30 efter
1118 472 275 33 vederbörandes
1423 471 166 35 hörande,

97 526 123 40 avgiva
239 526 66 31 och
322 525 51 31 till
390 524 204 39 riksdagens
612 523 110 31 första
738 523 199 29 kammares
954 519 173 39 tillfälliga
1145 519 133 31 utskott
1295 527 41 21 nr
1352 518 19 30 2
1389 516 201 32 överlämna

96 571 161 39 yttrande
282 572 79 29 över
384 579 43 21 en
451 569 97 31 inom
570 569 204 30 kammaren
799 576 42 21 av
864 567 80 30 herr
968 565 181 38 Nordborg
1174 563 104 31 väckt
1302 561 133 32 motion
1461 571 42 21 nr
1528 561 62 30 180

95 614 180 41 angående
298 615 148 39 ändring
470 614 12 31 i
505 613 306 31 bestämmelserna
838 609 180 41 angående
1041 609 154 31 handeln
1216 608 80 31 med
1319 605 270 33 farmacevtiska

97 660 234 40 specialiteter.

141 704 217 32 Motionären
381 704 209 36 hemställer,
614 706 50 27 att
687 702 187 38 riksdagen
897 700 79 31 ville
997 700 65 31 hos
1087 698 124 40 Kungl.
1239 697 100 40 Maj:t
1363 695 151 38 anhålla,
1541 697 49 29 att

97 752 18 29 2
135 750 20 40 8
173 750 109 31 första
301 750 133 39 stycket
451 758 43 22 av
511 747 232 40 kungörelsen
761 745 180 40 angående
959 744 154 32 handeln
1132 743 81 31 med
1229 741 268 32 farmacevtiska
1516 750 73 31 spe-

97 797 164 30 cialiteter
281 805 41 21 av
343 796 67 30 den
432 795 38 30 15
492 794 75 39 juni
590 794 82 29 1934
692 791 108 32 måtte
819 790 131 32 erhålla
970 789 155 40 följande
1144 788 155 31 ändrade
1317 787 142 39 lydelse:

147 839 277 31 »Farmacevtisk
441 838 188 41 specialitet
645 836 59 32 må
719 836 77 31 icke
812 835 173 40 försäljas,
1003 837 98 28 utom
1116 833 46 40 på
1180 842 43 21 av
1241 831 215 41 legitimerad
1473 831 119 30 läkare

99 884 154 32 utfärdat
276 887 124 37 recept,
424 884 81 30 med
528 883 135 31 mindre
687 880 233 42 specialiteten
945 880 38 30 är
1005 881 175 38 upptagen
1204 878 11 30 i
1242 880 46 29 ett
1312 876 55 32 för
1393 874 198 33 ändamålet

100 930 67 31 fört
189 929 171 40 register.»

143 970 91 36 Över
256 973 178 32 motionen
456 974 64 30 har
543 971 385 42 specialitetshämnden
950 969 129 40 avgivit
1100 968 161 40 yttrande
1285 968 67 30 den
1374 968 42 30 23
1440 964 153 33 februari

103 1020 82 31 1935
207 1029 43 21 av
271 1019 56 31 det
348 1017 155 32 innehåll
523 1018 139 39 bilagda
682 1015 317 42 protokollsutdrag
1020 1014 141 31 utvisar.

144 1063 354 40 Medicinalstyrelsen
523 1062 203 31 instämmer
750 1061 12 30 i
788 1061 68 30 vad
881 1058 386 42 specialitetshämnden
1293 1056 146 32 sålunda
1466 1056 126 31 anfört.

101 1108 224 31 Beträffande
346 1107 236 31 motionärens
603 1106 174 40 uppgifter
798 1105 149 31 rörande
967 1102 354 41 tillvägagångssättet
1342 1102 59 31 vid
1424 1101 170 31 sökandet

101 1163 42 22 av
172 1154 106 30 licens
306 1153 54 31 för
388 1152 77 31 icke
494 1151 224 40 registrerade
747 1150 227 40 specialiteter
1000 1149 63 31 hos
1092 1148 167 39 styrelsen
1286 1147 114 31 finner
1427 1146 167 40 styrelsen

102 1199 122 31 endast
240 1198 119 39 nödigt
375 1201 49 27 att
441 1197 129 31 omtala
586 1200 49 27 att
651 1196 88 31 blott
755 1205 42 21 en
813 1196 119 29 läkare
949 1193 186 31 inkommit
1151 1192 81 31 med
1247 1193 136 38 tryckta
1399 1191 194 31 blanketter

101 1244 65 30 och
184 1242 180 31 formulär.
394 1243 14 29 I
428 1241 111 40 övrigt
557 1242 96 30 torde
673 1241 42 30 de
733 1239 252 41 upplysningar
1005 1247 82 23 vara
1107 1237 178 40 tillfyllest,
1305 1246 75 21 som
1401 1235 192 32 återfinnas

102 1289 10 30 i
131 1289 64 30 här
214 1288 139 39 bilagda
372 1287 37 31 V.
431 1287 37 31 P.
489 1287 44 31 M.

145 1332 173 39 Styrelsen
340 1332 71 30 kan
432 1332 76 30 icke
530 1331 99 30 finna
651 1331 67 30 den
740 1340 42 21 av
803 1329 219 31 motionären
1044 1327 203 40 ifrågasatta
1271 1326 193 40 ändringen
1484 1325 12 31 i
1520 1335 73 30 spe-

102 1376 377 40 cialitetskungörelsen
497 1376 52 31 till
565 1375 115 40 någon
698 1376 54 30 del
768 1374 166 40 påkallad
952 1383 43 21 av
1012 1374 43 30 de
1071 1372 154 31 faktiska
1243 1370 267 33 förhållandena
1528 1370 65 31 och

102 1422 53 31 får
178 1422 55 31 för
258 1422 67 30 den
350 1421 92 32 skull
464 1421 193 35 hemställa,
682 1423 51 27 att
756 1420 64 30 här
846 1419 152 31 avsedda
1020 1418 132 30 motion
1177 1417 75 30 icke
1276 1415 106 32 måtte
1403 1416 52 30 till
1479 1414 114 40 någon

102 1466 202 40 riksdagens
327 1465 117 31 vidare
467 1464 122 40 åtgärd
611 1465 190 30 föranleda.

148 1528 201 30 Stockholm
373 1528 67 29 den
464 1528 40 29 28
527 1527 151 30 februari
705 1527 93 30 1935.

641 1589 99 30 NILS
763 1582 284 36 HELLSTRÖM.

145 1651 103 30 Ernst
270 1649 142 31 Matérn.

1169 1684 10 42 |
1205 1689 148 29 Lennart
1380 1687 166 38 Löfquist.

148 1823 131 38 Utdrag
301 1831 39 21 ur
363 1819 412 41 specialitetshämndens
796 1816 179 41 protokoll
995 1816 67 30 den
1084 1815 40 30 23
1146 1813 157 31 februari
1327 1813 92 29 1935.

155 1875 236 31 Närvarande:
436 1871 350 42 Expeditionschefen
829 1869 198 35 Landelius,
1059 1867 175 40 professor
1266 1865 217 39 Liljestrand,
1517 1873 75 30 pro-

104 1922 112 29 fessor
242 1919 186 39 Berglund,
454 1918 190 39 apotekare
670 1916 99 39 Ripa,
795 1915 158 30 direktör
981 1912 212 40 Kjellander.

149 1974 92 31 Från
270 1971 373 39 Medicinalstyrelsen:
674 1968 220 40 Byråchefen
924 1967 147 30 Matérn.

152 2054 87 30 D:nr
259 2053 27 30 A
309 2053 73 30 211.

815 2101 20 41 8
864 2103 26 29 1.

150 2170 132 31 Remiss
304 2179 42 21 av
366 2167 257 39 framställning
643 2176 42 21 av
704 2165 203 39 riksdagens
928 2164 109 29 första
1057 2163 197 29 kammares
1275 2159 171 38 tillfälliga
1467 2158 131 30 utskott

107 2225 40 21 nr
163 2217 19 29 2
201 2225 58 21 om
276 2213 201 32 erhållande
495 2222 42 21 av
555 2209 371 39 medicinalstyrelsens
944 2207 161 39 yttrande
1122 2207 81 29 över
1222 2214 42 21 en
1281 2204 95 30 inom
1393 2203 205 30 kammaren

107 2260 102 30 väckt
233 2257 143 37 motion,
401 2266 41 22 nr
468 2257 71 35 180,
564 2266 57 20 om
644 2255 68 30 viss
738 2253 147 38 ändring
907 2253 10 29 i
940 2251 305 31 bestämmelserna
1269 2256 77 31 ang.
1369 2247 129 30 handel
1519 2245 80 31 med

109 2302 267 32 farmacevtiska
399 2300 235 40 specialiteter.

153 2348 83 30 Som
263 2346 170 31 infordrat
459 2345 160 39 yttrande
646 2345 81 29 över
754 2352 43 21 en
825 2352 42 20 av
897 2341 124 38 Kungl.
1050 2338 100 40 Maj:t
1181 2346 124 31 genom
1334 2336 120 31 remiss
1484 2335 67 30 den
1580 2335 19 29 8

110 2392 152 30 februari
294 2392 81 29 1935
405 2390 51 30 till
483 2388 352 38 Medicinalstyrelsen
863 2386 54 30 för
944 2384 160 39 yttrande
1130 2381 233 35 överlämnad,
1392 2380 96 30 inom
1515 2379 85 29 riks-

111 2437 129 38 dagens
268 2436 108 29 första
403 2435 180 29 kammare
612 2442 40 20 av
680 2432 80 29 herr
788 2431 181 36 Nordborg
995 2429 102 30 väckt
1124 2426 134 31 motion
1285 2435 41 21 nr
1358 2425 61 30 180
1448 2433 59 21 om
1533 2423 67 30 viss

109 2480 147 40 ändring
278 2481 10 29 i
309 2478 304 31 bestämmelserna
636 2475 178 40 angående
835 2474 130 31 handel
984 2473 78 30 med
1085 2470 265 32 farmacevtiska
1376 2464 225 49 specialiteter

112 2525 52 31 får
183 2523 384 42 specialitetshämnden
586 2522 143 30 härmed
749 2521 121 29 anföra
891 2518 168 39 följande:
