1916 2856
480 189 398 33 Jordbruksutskottets
904 189 189 32 utlåtande
1119 189 53 32 Nr
1198 191 51 30 59.
1531 190 40 31 11

151 269 54 29 att
229 267 61 32 vid
314 267 220 37 försäljning
558 269 81 31 med
663 268 215 36 äganderätt
904 268 287 37 köpeskillingen
1214 268 139 31 erlades
1378 268 152 31 kontant
1554 267 63 32 vid

110 311 124 36 köpets
260 310 207 38 avlutande,

151 356 55 29 att
229 354 62 32 vid
322 355 200 36 upplåtelse
556 366 45 20 av
634 356 166 30 tomträtt
831 365 44 21 en
907 355 95 36 årlig
1036 355 142 36 avgäld,
1212 355 253 31 motsvarande
1498 354 118 37 skälig

111 399 107 30 ränta
240 399 21 30 å
282 400 154 30 tomtens
460 399 119 36 värde,
602 399 147 36 erlades,

151 443 54 29 att
227 441 200 37 upplåtelse
449 452 46 21 av
519 442 72 31 viss
611 444 89 30 tomt
722 441 33 37 ej
780 442 100 36 finge
903 442 60 31 ske
985 442 80 31 med
1088 441 141 32 mindre
1253 442 134 36 Kungl.
1412 441 110 37 Maj:t
1546 441 70 32 för-

110 484 120 33 klarat
257 486 55 36 sig
336 486 78 31 icke
441 486 95 31 hava
562 487 109 35 något
698 487 54 30 att
775 485 122 32 erinra
922 487 74 30 mot
1024 485 203 37 föreslagen
1252 485 280 36 tomtindelning
1560 485 55 31 för

110 529 42 31 de
174 529 157 36 kvarter,
354 529 98 31 inom
474 529 111 32 vilket
607 530 136 30 tomten
764 539 84 21 vore
871 529 159 36 belägen,

150 574 54 29 att
227 573 197 31 kostnaden
446 573 56 31 för
525 572 172 38 upplåten
717 574 107 30 tomts
846 572 173 37 behöriga
1039 573 212 36 utstakning
1272 574 22 30 å
1315 572 149 32 marken
1486 572 130 32 bestre-

110 616 61 31 des
191 626 47 21 av
260 616 76 36 den,
357 616 57 31 till
432 616 122 31 vilken
574 618 135 29 tomten
731 617 175 36 upplätes,

149 661 54 29 att
225 660 103 31 mark
351 660 57 31 till
432 660 12 31 i
467 660 232 37 stadsplanen
721 661 186 35 upptagna
929 662 125 34 vägar,
1078 661 90 35 torg,
1190 660 251 36 planteringar
1465 661 65 30 och
1553 659 62 32 all-

108 706 134 28 männa
266 703 134 37 platser
424 703 256 32 kostnadsfritt
705 703 270 32 överlämnades
1001 703 57 32 till
1084 704 58 31 det
1167 703 169 32 blivande
1362 703 200 37 samhället,

150 749 54 28 att
226 747 205 36 inflytande
466 746 281 37 köpeskillingar
781 747 65 30 och
880 746 263 36 tomtavgälder
1177 746 115 31 skulle
1327 747 209 36 disponeras
1566 748 49 35 så,

107 791 55 31 att
186 791 113 31 därav
323 791 90 30 först
434 791 151 30 ersattes
609 791 67 31 den
700 790 56 31 del
779 800 45 21 av
847 790 242 31 kostnaderna
1114 790 56 31 för
1194 791 251 35 stadsplanens
1469 792 147 35 upprät-

109 835 119 35 tande,
254 844 75 21 som
353 834 139 36 belöpte
519 835 21 30 å
565 834 248 36 kronoparken
839 833 135 32 Västra
1001 833 64 37 Ed,
1091 835 93 30 samt
1211 833 241 32 kostnaderna
1478 834 56 31 för
1561 836 54 30 ut-

109 878 82 31 förd
213 878 333 36 polygonmätning,
569 879 54 29 att
644 878 149 30 därnäst
816 877 100 36 finge
939 878 88 35 utgå
1049 877 203 36 ersättning
1275 878 82 31 med
1379 878 138 36 belopp,
1541 887 74 21 som

108 932 46 20 av
182 922 134 35 Kungl.
344 921 110 36 Maj:t
481 921 209 36 bestämdes,
717 920 57 32 till
800 921 313 31 tomtinnehavare
1143 921 56 31 för
1227 921 41 31 de
1293 921 221 37 byggnader,
1541 930 74 22 som

109 965 56 31 för
186 965 251 36 stadsplanens
458 964 278 36 genomförande
757 965 114 30 måste
890 964 181 31 bortrivas
1093 965 65 30 och
1179 964 77 31 icke
1279 974 83 22 vore
1384 967 89 29 utan
1495 965 120 31 veder-

109 1008 133 37 börligt
267 1008 167 32 tillstånd
458 1008 190 36 uppförda,
675 1009 54 30 att
754 1008 126 31 vidare
907 1007 100 36 finge
1035 1009 87 35 utgå
1148 1008 232 36 erforderligt
1405 1008 126 37 belopp
1558 1008 58 31 till

108 1052 195 36 utdikning
327 1062 45 21 av
397 1061 127 27 myren
549 1052 12 30 i
586 1051 388 37 stadsplaneområdets
998 1052 124 30 västra
1147 1051 56 31 del
1230 1052 65 30 och
1320 1051 224 37 anläggning
1569 1062 47 21 av

109 1095 189 37 behövliga
320 1098 126 33 vägar,
468 1095 12 31 1
504 1095 68 31 den
593 1096 84 30 mån
699 1095 136 31 sådana
858 1094 176 31 befunnos
1057 1094 87 31 böra
1166 1094 141 31 utföras
1329 1103 127 28 genom
1479 1097 136 29 statens

108 1139 151 36 försorg,
283 1141 169 29 ävensom
476 1138 58 32 till
557 1138 212 36 utstakning
792 1148 45 21 av
861 1137 233 37 stadsplanen
1118 1138 65 31 och
1207 1138 109 36 nödig
1340 1138 275 37 byggnadskon-

107 1183 84 30 troll
223 1182 451 37 (byggnadsinspektörens
700 1180 197 37 avlöning),
925 1183 93 29 samt
1044 1180 172 37 slutligen
1243 1182 54 31 att
1325 1182 206 36 inflytande
1557 1182 58 31 kö-

107 1226 237 37 peskillingar
365 1226 65 30 och
452 1225 263 36 tomtavgälder
739 1225 12 30 i
773 1224 120 36 övrigt
913 1224 101 37 finge
1037 1225 186 31 användas
1245 1225 57 31 till
1325 1225 109 37 inköp
1458 1226 56 30 för
1537 1226 78 30 kro-

107 1280 91 21 nans
222 1269 155 36 räkning
402 1279 46 21 av
473 1269 247 36 skogbärande
743 1268 86 31 eller
853 1268 59 31 till
936 1268 196 36 skogsbörd
1156 1268 132 37 tjänlig
1312 1269 105 31 mark
1441 1270 94 30 samt
1557 1268 58 33 till

107 1313 140 31 inlösen
268 1324 45 20 av
338 1314 191 35 ströängar
553 1314 21 29 å
597 1312 293 36 kronoparkerna
915 1312 13 30 i
951 1312 182 31 Norrland
1156 1313 65 30 och
1245 1312 170 36 Dalarna,
1439 1315 93 29 samt

147 1359 55 29 att
225 1357 200 35 ordningen
453 1356 56 31 för
537 1355 359 37 tomtupplåtelserna
923 1355 66 31 och
1017 1355 177 32 villkoren
1221 1356 13 30 i
1259 1356 121 36 övrigt
1407 1356 125 31 därför
1560 1356 54 31 be-

107 1401 157 31 stämdes
282 1410 46 20 av
345 1400 135 36 Kungl.
500 1400 119 36 Maj:t.

148 1444 135 31 Genom
313 1444 127 36 nådigt
471 1444 88 30 brev
590 1443 58 31 till
679 1443 309 36 domänstyrelsen
1020 1443 66 31 den
1118 1444 38 30 12
1188 1443 81 36 juni
1300 1443 79 31 1925
1410 1443 204 31 anbefallde

107 1487 135 37 Kungl.
262 1487 110 36 Maj:t
394 1487 187 36 styrelsen,
601 1486 113 31 under
735 1486 162 37 punkten
918 1486 48 36 13,
988 1487 54 30 att
1063 1486 59 31 till
1141 1486 135 37 Kungl.
1299 1486 111 36 Maj:t
1431 1486 184 31 inkomma

106 1531 82 30 med
209 1530 146 37 förslag,
375 1530 111 31 bland
505 1531 121 35 annat,
646 1530 58 31 till
724 1530 87 36 plan
831 1530 56 30 för
908 1530 201 35 upplåtelse
1130 1530 12 30 i
1162 1530 355 30 överensstämmelse
1535 1529 80 31 med

107 1573 136 37 Kungl.
267 1574 130 36 Maj:ts
422 1574 66 30 och
512 1573 212 37 riksdagens
748 1573 118 31 beslut
893 1583 57 21 om
975 1574 131 30 tomter
1132 1573 84 30 från
1243 1573 68 31 den
1335 1573 57 31 del
1417 1584 46 20 av
1488 1573 126 31 krono-

106 1618 204 30 hemmanet
337 1615 39 36 ”/s
400 1617 140 31 mantal
565 1616 135 32 Västra
725 1616 54 31 Ed
805 1626 42 21 nr
873 1618 18 29 2
917 1617 13 30 i
957 1614 198 38 Älvsborgs
1180 1616 70 36 län,
1275 1626 75 21 som
1374 1616 168 31 berördes
1568 1627 46 20 av

107 1661 67 31 den
198 1662 89 29 utav
310 1660 136 37 Kungl.
470 1660 111 37 Maj:t
605 1660 207 31 fastställda
835 1659 232 37 stadsplanen
1091 1660 56 30 för
1173 1659 90 31 visst
1287 1660 144 31 område
1455 1670 47 21 av
1524 1670 90 21 sam-

106 1714 60 21 ma
193 1704 281 31 kronohemman
499 1704 112 36 jämte
638 1703 250 37 angränsande
915 1704 105 30 mark
1046 1703 12 31 1
1084 1702 175 32 Dals-Eds
1286 1704 138 30 socken.

145 1747 213 32 Emellertid
380 1747 123 31 inkom
527 1747 60 31 vid
610 1756 136 22 samma
769 1746 64 37 tid,
856 1746 80 36 juni
957 1746 88 36 1925,
1067 1747 59 31 till
1148 1747 176 36 styrelsen
1347 1757 44 21 en
1412 1746 201 37 ansökning

108 1792 83 30 från
220 1792 52 30 ett
301 1791 124 31 flertal
452 1791 13 30 i
494 1791 55 31 Ed
577 1791 144 31 bosatta
748 1800 169 26 personer
946 1800 57 21 om
1032 1790 219 36 vidtagande
1281 1800 47 21 av
1357 1790 170 37 åtgärder
1558 1791 55 31 för

105 1835 192 36 jämkning
322 1845 46 20 av
393 1834 252 31 ovannämnda
670 1844 46 21 av
739 1833 136 38 Kungl.
900 1833 111 37 Maj:t
1038 1833 208 31 fastställda
1270 1834 196 36 stadsplan.
1510 1833 19 31 I
1554 1844 60 20 an-

107 1879 146 36 ledning
277 1879 115 30 härav
416 1878 196 31 anmodade
639 1877 309 35 domänstyrelsen
972 1877 68 31 den
1063 1877 39 30 21
1126 1877 147 36 augusti
1298 1877 79 31 1925
1400 1877 77 36 den,
1500 1877 114 37 enligt

106 1922 242 31 förordnande
369 1932 45 20 av
436 1920 135 36 Kungl.
593 1920 121 36 Maj:t,
735 1930 47 20 av
802 1920 122 35 kungl.
945 1919 368 37 byggnadsstyrelsen
1334 1920 150 31 utsedde
1504 1920 110 36 bygg-

106 1965 322 36 nadsinspektören
454 1965 56 30 för
534 1964 174 31 Dals-Eds
732 1963 353 36 stadsplaneområde
1111 1964 54 30 att
1192 1964 141 30 snarast
1357 1964 145 36 möjligt
1527 1973 87 27 upp-

106 2010 98 29 rätta
225 2008 65 31 och
310 2008 58 30 till
388 2007 177 36 styrelsen
585 2007 126 36 ingiva
731 2006 136 37 förslag
888 2006 59 31 till
965 2006 155 37 ändring
1140 2017 46 20 av
1207 2006 240 37 stadsplanen.
1487 2007 127 31 Denna

106 2052 156 36 ändring
288 2051 114 31 skulle
428 2051 13 30 i
466 2050 190 31 huvudsak
682 2059 84 22 avse
791 2050 41 30 de
859 2050 162 30 centrala
1046 2049 149 31 delarna
1220 2060 45 20 av
1291 2050 322 36 stadsplaneområ-

106 2095 68 31 det.
224 2095 117 31 Sedan
369 2094 440 37 byggnadsinspektörens
840 2092 137 37 förslag
1005 2093 67 31 den
1100 2093 38 30 19
1168 2093 146 37 augusti
1345 2093 79 31 1926
1453 2093 160 38 avgivits

106 2139 75 36 och,
201 2139 93 30 efter
314 2137 127 32 remiss
462 2137 58 31 till
539 2137 123 36 kungl.
683 2136 378 37 byggnadsstyrelsen,
1080 2136 59 31 till
1157 2136 308 36 domänstyrelsen
1488 2137 67 31 den
1576 2138 38 30 10

105 2182 80 36 juni
207 2182 78 30 1927
307 2182 77 30 åter
405 2181 201 35 inkommit,
629 2180 251 31 överlämnade
904 2179 308 36 domänstyrelsen
1233 2180 81 31 med
1335 2180 188 31 utlåtande
1546 2180 68 31 den

105 2226 39 31 18
165 2235 137 21 samma
323 2224 132 31 månad
477 2224 147 30 ärendet
645 2223 57 31 till
723 2222 135 37 Kungl.
881 2222 121 37 Maj:t,
1025 2232 75 21 som
1121 2223 146 35 jämlikt
1289 2223 127 37 nådigt
1437 2223 87 31 brev
1546 2223 68 31 den

105 2270 18 30 1
146 2269 69 36 juli
238 2268 78 31 1927
339 2268 89 30 fann
449 2268 77 35 gott
549 2266 182 31 fastställa
751 2265 155 37 ändring
929 2276 46 20 av
997 2266 232 36 stadsplanen
1252 2266 55 31 för
1329 2266 283 37 ifrågavarande

106 2312 98 31 delar
229 2322 46 20 av
299 2310 161 31 området
485 2310 114 35 enligt
623 2310 51 29 ett
699 2319 46 20 av
768 2308 371 37 byggnadsstyrelsen
1161 2309 13 29 i
1198 2309 148 30 ärendet
1370 2309 148 36 avgivet
1544 2310 69 30 för-

105 2355 87 36 slag.
235 2354 52 30 På
312 2353 117 37 grund
453 2363 46 19 av
523 2352 156 31 nämnda
703 2350 364 37 stadsplaneändring
1092 2351 201 36 fördröjdes
1316 2352 228 36 upplåtelsen
1567 2362 47 21 av

106 2399 130 29 tomter
261 2397 96 30 inom
382 2396 41 30 de
448 2395 160 31 centrala
633 2394 149 31 delarna
804 2404 46 20 av
875 2393 200 31 samhället.

144 2439 213 33 Emellertid
381 2438 126 37 vidtog
533 2438 186 35 styrelsen,
744 2437 79 31 med
849 2437 196 36 anledning
1071 2447 46 20 av
1142 2437 198 36 åberopade
1366 2438 135 37 nådiga
1526 2438 87 31 brev

106 2484 67 31 den
194 2484 38 29 12
254 2483 80 36 juni
354 2482 90 36 1925,
465 2483 40 29 så
527 2482 100 30 snart
650 2480 60 31 ske
732 2479 128 37 kunde,
882 2479 170 37 åtgärder
1074 2480 55 31 för
1153 2480 219 37 försäljning
1394 2491 46 21 av
1463 2481 41 31 de
1525 2482 87 30 tom-
