1884 2812
545 175 306 35 Bankoutskottets
867 174 171 35 memorial
1055 186 39 21 nr
1114 178 31 31 1.
1547 175 42 30 238

816 256 21 42 8
862 260 51 30 14.

139 322 124 34 Under
286 321 22 42 8
334 325 40 29 14
398 321 11 33 i
434 320 215 42 föregående
673 320 57 33 års
755 319 192 34 berättelse
971 318 65 33 har
1060 317 158 34 lämnats
1234 328 45 22 en
1295 315 223 43 redogörelse
1535 314 56 34 för

95 375 242 42 insättningar
369 375 11 33 i
414 374 229 39 riksbanken,
678 385 76 22 som
784 372 207 34 verkställts
1016 383 45 21 av
1086 370 154 34 rederier
1264 369 10 34 i
1299 369 67 34 och
1391 368 56 34 för
1470 369 119 42 provi-

95 429 115 34 sorisk
241 429 169 43 påföring
443 440 47 22 av
524 426 439 43 krigskonjunkturskatt.
1011 424 126 34 Såsom
1162 435 46 21 av
1233 422 111 43 sagda
1369 422 223 42 redogörelse

96 483 167 42 framgår,
288 481 168 34 innestod
480 480 61 34 vid
568 484 86 30 1944
678 481 57 33 års
760 480 137 42 utgång
920 479 112 42 enligt
1057 481 41 30 18
1115 479 15 39 $
1147 489 91 30 resp.
1258 480 39 30 19
1316 476 42 40 $i
1378 479 96 36 1941,
1493 479 96 36 1942,

99 540 83 31 1943
213 536 68 34 och
316 539 85 30 1944
435 536 57 33 års
525 531 704 46 krigskonjunkturskatteförordningar
1261 530 54 42 (14
1348 542 91 31 resp.
1475 533 39 30 15
1539 530 51 39 $i

99 594 84 30 1940
216 590 57 34 års
306 588 222 43 förordning)
560 592 42 30 23
619 591 138 30 114171
784 587 132 33 kronor
939 598 90 30 resp.
1054 589 42 30 29
1111 589 62 30 721
1189 588 65 30 032
1278 584 142 33 kronor.
1467 583 124 34 Under

97 645 39 33 år
169 647 85 30 1945
288 643 65 34 har
386 642 78 34 icke
497 641 209 34 verkställts
738 641 111 42 några
877 639 243 42 insättningar
1144 638 112 42 enligt
1282 641 40 30 18
1347 639 15 38 $
1386 637 11 34 i
1424 640 85 30 1945
1534 637 56 33 års

97 697 210 42 förordning
330 708 59 22 om
412 694 439 43 krigskonjunkturskatt.
882 693 125 42 Enligt
1025 696 40 30 19
1083 692 43 40 $i
1143 703 139 22 samma
1299 690 211 41 förordning
1525 690 66 33 har

98 750 112 34 under
242 762 139 22 samma
415 750 39 33 år
486 748 132 34 insatts
651 751 65 31 966
732 751 63 30 100
827 747 143 34 kronor.
1018 746 56 34 Av
1107 744 235 34 innestående
1376 743 117 34 medel
1525 743 66 33 har

97 804 113 34 under
242 804 78 33 året
353 802 155 43 uttagits
541 807 55 29 ett
628 801 241 42 sammanlagt
899 800 132 43 belopp
1056 811 46 21 av
1130 802 19 30 3
1167 801 62 31 125
1244 801 63 30 149
1331 798 144 39 kronor,
1499 809 90 30 resp.

97 862 92 30 2531
205 861 65 30 969
303 857 143 33 kronor.
494 855 70 35 Vid
597 856 95 33 årets
726 855 137 42 utgång
894 853 168 34 innestod
1090 857 56 29 ett
1168 852 133 42 belopp
1325 863 46 21 av
1396 854 42 30 20
1450 853 140 31 084305

98 912 141 39 kronor,
272 911 114 33 insatt
417 909 113 42 enligt
555 913 40 30 18
619 908 22 43 8
664 908 54 42 (14
742 908 43 42 8),
819 908 66 33 och
919 912 54 29 ett
996 907 132 42 belopp
1153 918 47 21 av
1223 909 43 30 28
1279 908 65 31 246
1358 908 65 30 526
1447 904 143 39 kronor,

98 965 113 34 insatt
234 964 113 42 enligt
371 967 40 30 19
437 965 15 38 $
476 963 54 42 (15
555 962 36 42 $).

797 1032 21 43 8
843 1036 50 30 15.

143 1098 152 34 Jämlikt
329 1096 240 43 medgivande
602 1108 46 21 av
683 1099 86 30 1945
802 1096 56 33 års
890 1094 147 42 riksdag
1060 1093 51 42 (se
1135 1092 96 34 BU:s
1255 1092 191 33 utlåtande
1469 1104 42 20 nr
1534 1091 56 41 45)

98 1153 65 33 har
185 1151 221 34 riksbanken
430 1150 172 34 överlåtit
624 1150 164 33 bankens
810 1147 364 42 kontorsfastigheter
1189 1146 12 34 i
1217 1146 153 33 Kalmar
1386 1145 68 34 och
1468 1145 123 33 Karls-

100 1206 112 34 krona
245 1205 56 34 till
325 1203 280 43 telegrafverket
628 1203 83 34 med
736 1202 161 34 tillträde
921 1201 70 34 den
1017 1204 15 30 1
1058 1200 67 42 juli
1152 1203 95 30 1945.
1295 1198 296 44 Köpeskillingen

100 1259 166 43 utgjorde
299 1262 65 30 500
378 1261 65 31 000
475 1258 144 39 kronor,
653 1256 204 43 respektive
879 1258 64 31 550
956 1258 65 30 000
1049 1254 143 33 kronor.
1241 1253 79 42 (Jfr.
1345 1252 246 42 fullmäktiges

98 1313 194 34 berättelse
315 1312 56 34 till
397 1315 85 30 1945
508 1311 56 33 års
588 1310 147 42 riksdag
757 1309 22 43 $&
804 1309 63 42 16.)

143 1366 236 35 Riksbanken
412 1365 125 42 förhyr
560 1376 150 21 numera
735 1375 46 22 av
805 1361 279 44 telegrafverket
1109 1361 44 33 de
1176 1360 155 42 tidigare
1355 1359 237 43 disponerade

98 1420 191 34 lokalerna.

798 1478 21 42 &
844 1482 51 30 16.

143 1545 124 35 Under
295 1545 40 33 år
360 1547 84 30 1945
469 1543 96 33 hava
588 1542 97 34 vissa
710 1554 45 21 av
780 1540 351 43 omorganisationen
1156 1539 85 33 eller
1264 1539 69 33 den
1357 1537 156 42 vidgade
1537 1542 56 29 ut-

99 1599 251 34 rikesrörelsen
383 1596 212 34 föranledda
628 1599 135 30 smärre
795 1594 322 42 ändringsarbeten
1150 1592 176 42 vidtagits
1358 1591 64 34 vid
1454 1591 139 33 huvud-

100 1653 180 34 kontoret.
327 1650 280 41 Sammanlagda
631 1649 203 33 kostnaden
859 1651 106 39 utgör
989 1647 167 41 omkring
1180 1649 119 31 17000
1322 1645 144 34 kronor.

143 1705 288 43 Ombyggnaden
456 1716 46 21 av
526 1703 237 34 riksbankens
787 1700 326 42 kontorsfastighet
1136 1700 11 33 i
1173 1699 185 42 Göteborg
1382 1702 39 30 är
1444 1709 149 22 numera

99 1761 76 33 helt
196 1759 166 34 slutförd.
410 1757 215 34 Kostnaden
654 1756 146 42 belöper
823 1756 53 41 sig
899 1755 56 33 till
978 1766 53 22 c:a
1058 1757 95 30 1090
1167 1756 65 30 000
1256 1753 133 33 kronor
1412 1751 69 43 (jfr.
1505 1751 22 42 8
1552 1755 40 30 15

99 1815 10 32 i
135 1813 245 41 fullmäktiges
404 1811 194 34 berättelse
622 1810 55 34 till
702 1809 214 42 föregående
940 1809 56 33 års
1021 1807 292 41 bankoutskott).

143 1867 71 33 Vid
238 1867 171 32 kontoret
433 1865 11 33 i
470 1864 140 34 Malmö
634 1864 66 33 har
717 1863 195 41 utredning
927 1861 210 34 verkställts
1154 1873 59 20 om
1230 1872 43 21 en
1290 1859 304 43 genomgripande

100 1919 231 43 ombyggnad
356 1930 46 21 av
425 1918 189 33 kontorets
639 1916 183 42 fastighet.
869 1916 56 33 Av
949 1914 87 34 flera
1059 1914 78 33 skäl
1161 1913 65 33 har
1250 1913 127 41 frågan
1396 1912 198 34 emellertid

100 1973 150 42 skjutits
273 1973 48 42 på
345 1970 196 35 framtiden
565 1970 67 33 och
657 1969 227 42 fullmäktige
908 1968 96 33 hava
1027 1967 193 33 inskränkt
1236 1966 54 42 sig
1306 1966 55 33 till
1379 1970 57 29 att
1452 1965 142 34 besluta

100 2039 59 21 om
193 2030 57 30 att
283 2025 96 33 vissa
409 2027 135 30 smärre
575 2023 149 33 arbeten
750 2022 113 34 skulle
888 2021 36 34 få
948 2021 62 33 ske
1034 2021 67 33 och
1125 2032 44 22 en
1194 2020 57 33 del
1275 2031 73 31 nya
1371 2019 138 33 möbler
1533 2031 60 21 an-

100 2080 134 34 skaffas
259 2079 56 33 för
338 2090 44 22 en
406 2076 157 35 kostnad
588 2089 46 21 av
659 2076 154 42 tillhopa
836 2075 166 42 omkring
1027 2078 40 29 10
1081 2077 65 30 000
1170 2073 143 34 kronor.

145 2134 71 32 För
232 2137 58 29 att
302 2131 132 34 bereda
447 2130 373 34 bankvaktmästaren
834 2128 62 34 vid
908 2129 171 32 kontoret
1092 2127 10 33 i
1119 2127 121 42 Visby,
1253 2126 139 33 vilkens
1407 2125 113 42 familj
1536 2125 59 34 be-

100 2187 76 33 står
193 2198 45 21 av
256 2186 127 33 hustru
401 2184 67 33 och
485 2183 59 33 nio
561 2183 101 38 barn,
679 2182 226 41 erforderligt
920 2181 334 41 bostadsutrymme
1270 2179 65 33 har
1351 2179 244 33 vaktmästar-

101 2239 178 34 bostaden
304 2237 199 38 därstädes,
528 2236 153 41 tidigare
707 2236 64 32 två
795 2247 79 21 rum
891 2235 66 32 och
974 2234 83 38 kök,
1075 2233 189 41 utvidgats
1281 2244 129 30 genom
1427 2236 57 29 att
1500 2232 95 33 vissa

102 2292 316 41 vindsutrymmen
442 2289 289 41 iordningställts
756 2288 55 33 för
834 2300 43 21 en
894 2287 157 33 kostnad
1069 2298 46 21 av
1133 2285 166 41 omkring
1320 2288 39 29 15
1371 2288 65 30 000
1453 2285 141 32 kronor.

146 2345 69 33 Vid
249 2344 125 40 övriga
409 2342 132 34 kontor
575 2342 96 32 hava
704 2341 129 33 endast
866 2340 188 41 företagits
1087 2342 134 30 smärre
1245 2337 350 43 byggnadsarbeten,

101 2396 289 41 huvudsakligen
415 2394 255 43 reparationer.

147 2452 55 33 En
228 2448 283 42 modernisering
534 2460 45 21 av
604 2447 242 41 möbleringen
873 2446 62 33 vid
960 2445 390 42 avdelningskontoren
1376 2444 64 33 har
1460 2448 137 29 ansetts

102 2504 196 34 successivt
322 2503 88 33 böra
434 2502 146 33 komma
604 2501 54 33 till
686 2500 117 34 stånd.
