1858 2768
403 154 387 35 Bevillningsutskottets
816 154 208 29 betänkande
1049 164 40 19 nr
1115 156 36 27 19
1178 153 36 29 år
1241 155 74 28 1965
1587 154 13 27 1

784 367 63 39 Nr
880 367 52 40 19

330 474 387 36 Bevillningsutskottets
746 475 209 29 betänkande
981 477 11 26 i
1018 475 179 35 anledning
1225 483 40 20 av
1293 474 120 29 väckta
1440 475 162 28 motioner

543 526 170 37 angående
732 528 254 36 beskattningen
1004 537 40 19 av
1063 528 418 35 traktamentsersättning.

1435 582 62 35 (2:a
1517 581 85 34 avd.)

158 678 64 28 Till
238 679 364 36 bevillningsutskottet
617 680 61 28 har
694 680 171 28 hänvisats
883 679 148 36 följande
1047 680 90 28 inom
1154 679 177 35 riksdagen
1347 679 130 34 väckta,
1493 688 41 19 av
1551 681 52 26 ut-

118 732 125 29 skottet
263 732 51 28 till
334 732 203 36 behandling
557 733 10 28 i
587 734 47 27 ett
654 733 241 35 sammanhang
915 734 169 34 upptagna
1104 733 173 34 motioner,
1297 732 170 36 nämligen

161 786 26 34 1)
211 785 41 29 de
274 785 215 36 likalydande
509 787 208 28 motionerna
739 787 24 27 I:
777 787 57 27 470
857 794 41 20 av
919 786 116 28 herrar
1058 786 102 28 Gösta
1182 785 181 29 Jacobsson
1384 785 60 29 och
1466 786 137 34 Risberg

118 840 87 27 samt
228 839 111 28 II:583
364 847 42 20 av
430 839 78 28 herr
532 839 183 36 Nordgren,
739 840 73 28 vari
836 839 195 34 hemställts,
1057 841 48 27 att
1131 839 178 36 riksdagen
1333 840 10 27 i
1367 839 161 29 skrivelse
1551 839 51 28 till

119 892 122 35 Kungl.
258 892 97 35 Maj:t
371 891 104 30 måtte
491 891 133 30 anhålla
641 895 48 26 att
705 900 119 28 genom
840 892 366 29 riksskattenämndens
1222 892 129 36 försorg
1368 901 41 20 en
1425 892 178 35 utredning

119 945 150 35 vidtages
284 945 141 29 rörande
441 945 256 36 beskattningen
713 954 42 20 av
771 946 408 35 traktamentsersättning
1194 945 61 29 och
1270 945 171 36 angående
1456 945 147 36 skyldig-

118 998 100 28 heten
238 1000 48 26 att
306 998 111 29 lämna
436 998 318 36 kontrolluppgifter
774 999 51 28 till
844 998 135 36 ledning
999 999 56 28 vid
1075 999 198 35 taxeringen
1291 998 52 29 för
1362 997 104 30 sådan
1484 1000 119 27 ersätt-

119 1052 89 35 ning,
223 1053 86 27 samt
323 1053 48 27 att
385 1052 126 35 förslag
525 1052 51 28 till
591 1052 127 28 ändrad
732 1052 211 35 lagstiftning
957 1053 11 27 i
982 1053 112 28 ämnet
1108 1052 186 36 förelägges
1309 1052 226 28 innevarande
1550 1051 53 29 års

118 1104 221 36 höstriksdag;
360 1106 158 27 ävensom

159 1158 29 35 2)
211 1159 168 27 motionen
392 1158 41 28 II:
448 1158 56 28 572
519 1167 41 20 av
571 1158 80 28 herr
666 1158 205 28 Gustavsson
884 1159 11 27 i
908 1158 146 35 Alvesta,
1069 1159 72 28 vari
1154 1158 196 35 hemställts,
1364 1160 49 27 att
1426 1158 177 36 riksdagen

119 1212 10 27 i
149 1211 162 28 skrivelse
333 1211 50 28 till
404 1211 122 35 Kungl.
547 1211 98 36 Maj:t
664 1210 104 30 måtte
790 1210 133 30 anhålla
944 1220 53 20 om
1017 1210 157 37 åtgärder
1192 1211 54 29 för
1264 1212 204 35 justeringar
1488 1213 10 27 i
1519 1212 84 28 riks-

118 1264 294 29 skattenämndens
434 1265 215 35 anvisningar
670 1263 171 37 angående
862 1264 125 36 avdrag
1007 1265 52 28 för
1080 1264 106 29 ökade
1207 1265 319 29 levnadskostnader
1547 1265 56 28 vid

120 1319 197 33 tjänsteresa
330 1318 11 27 i
354 1317 148 36 enlighet
513 1317 75 29 med
601 1318 64 28 vad
678 1318 10 28 i
702 1318 169 28 motionen
885 1318 136 28 anförts.

158 1423 219 29 Beträffande
391 1423 40 28 de
444 1423 82 34 skäl,
540 1431 70 20 som
624 1423 128 28 anförts
766 1423 50 29 till
830 1423 74 28 stöd
917 1423 52 28 för
982 1423 39 29 de
1042 1424 4 27 i
1060 1424 208 28 motionerna
1281 1424 186 29 framförda
1480 1425 123 35 yrkan-

119 1476 94 34 dena,
231 1475 53 29 får
302 1476 171 33 utskottet,
497 1476 5 28 i
518 1476 64 28 den
598 1475 78 29 mån
693 1476 209 35 redogörelse
918 1476 115 28 härför
1050 1477 29 35 ej
1099 1477 129 28 lämnas
1244 1478 10 27 i
1273 1477 55 28 det
1345 1477 158 35 följande,
1521 1478 82 28 hän-

119 1530 71 28 visa
204 1529 51 28 till
267 1529 208 28 motionerna
488 1529 25 28 I:
526 1529 57 28 470
597 1529 61 28 och
671 1530 41 27 II:
726 1529 67 28 572.

160 1636 12 27 I
190 1635 179 35 anledning
386 1644 41 19 av
444 1636 207 27 motionerna
668 1636 24 27 I:
706 1636 58 27 470
781 1635 60 29 och
858 1636 40 28 II:
912 1636 56 28 583
985 1635 61 29 har
1062 1636 52 28 till
1130 1636 163 29 utskottet
1308 1637 136 35 ingivits
1461 1646 40 20 en
1517 1638 86 28 skri-

118 1688 90 28 velse
227 1687 76 30 från
322 1688 151 28 Svenska
493 1688 434 35 arbetsgivareföreningen,
949 1689 73 28 vari
1042 1689 198 35 föreningen
1261 1690 125 28 uttalar
1406 1691 52 27 sin
1478 1691 126 28 anslut-

119 1742 79 35 ning
212 1742 51 28 till
276 1741 102 36 syftet
392 1741 76 29 med
481 1742 216 28 motionerna.

158 1847 128 28 Genom
311 1847 110 28 beslut
448 1855 41 20 av
518 1847 74 28 1963
621 1846 53 29 års
701 1846 198 37 vårriksdag
925 1848 179 35 (Bev.utsk.
1131 1848 66 28 bet.
1226 1857 40 19 nr
1293 1849 50 35 43)
1371 1850 233 34 genomfördes

118 1901 127 35 viktiga
269 1900 234 35 förändringar
525 1899 41 36 på
590 1900 351 36 lönebeskattningens
964 1900 143 29 område.
1131 1901 103 29 Dessa
1258 1902 130 28 tillkom
1411 1903 11 28 i
1444 1903 88 35 syfte
1556 1905 48 27 att

119 1954 152 28 förenkla
287 1953 334 35 lönebeskattningen
637 1953 60 28 och
714 1955 49 26 att
779 1952 228 30 åstadkomma
1024 1955 107 27 större
1148 1954 219 36 likställighet
1383 1956 10 27 i
1410 1956 193 29 skattehän-

118 2007 120 28 seende
253 2006 122 29 mellan
389 2005 249 29 statsanställda
653 2006 61 28 och
729 2006 113 29 andra.

157 2059 112 35 Enligt
290 2058 143 36 tidigare
455 2058 155 36 gällande
632 2060 68 27 rätt
723 2059 132 35 gjordes
879 2060 11 27 i
913 2059 423 36 beskattningshänseende
1358 2070 43 20 en
1424 2060 180 31 åtskillnad

118 2112 123 28 mellan
258 2112 133 36 statliga
408 2112 384 35 kostnadsersättningar
809 2112 60 29 och
886 2112 123 29 sådana
1027 2114 224 35 ersättningar
1267 2123 70 20 som
1354 2115 113 35 utgick
1484 2116 10 27 i
1510 2116 93 28 kom-

116 2165 115 28 munal
248 2165 81 28 eller
345 2164 130 29 enskild
493 2165 111 35 tjänst.
622 2165 143 35 Statliga
783 2166 223 35 ersättningar
1023 2165 235 30 deklarerades
1276 2168 70 27 inte
1361 2176 71 20 som
1449 2168 154 35 inkomst,

117 2218 61 28 och
193 2218 125 35 avdrag
331 2218 67 28 fick
412 2219 69 27 inte
493 2218 105 28 heller
611 2219 96 34 göras
722 2218 53 28 för
787 2217 124 29 sådana
924 2219 179 28 kostnader
1115 2227 71 21 som
1200 2220 153 36 översteg
1366 2222 236 35 ersättningen.

118 2272 13 27 I
151 2270 95 36 fråga
266 2279 52 19 om
338 2270 192 28 kommunal
550 2270 60 28 och
630 2270 131 28 enskild
781 2271 103 34 tjänst
903 2271 212 28 redovisades
1134 2272 175 34 uppburen
1329 2274 185 35 ersättning
1533 2282 70 20 som

117 2324 154 33 inkomst,
292 2322 60 28 och
373 2322 40 29 de
434 2323 243 34 omkostnader,
698 2331 71 20 som
788 2323 108 28 skulle
916 2323 137 28 därmed
1073 2324 173 34 bestridas,
1267 2325 208 29 avräknades
1496 2325 108 30 såsom

117 2376 235 30 omkostnader
373 2376 10 27 i
404 2376 155 34 tjänsten.
580 2376 63 27 Om
664 2375 119 29 därvid
804 2376 228 35 ersättningen
1053 2377 70 28 inte
1145 2376 124 36 förslog
1291 2378 51 28 till
1363 2378 241 30 kostnadernas

118 2430 173 36 gäldande,
311 2429 67 28 fick
397 2429 126 28 bristen
542 2428 197 36 fråndragas
760 2429 150 28 intäkten
929 2430 10 28 i
959 2430 117 35 övrigt.
1097 2430 127 28 Härvid
1243 2430 109 36 gällde
1371 2431 93 35 dock,
1483 2434 48 27 att
1550 2441 53 20 om

117 2503 116 27 Bihang
248 2503 43 23 till
303 2501 176 27 riksdagens
492 2501 146 28 protokoll
651 2503 71 22 1965.
736 2504 14 20 7
762 2502 83 24 saml.
858 2502 43 23 Nr
914 2504 30 21 19
