2172 2612
443 202 102 29 Första
569 205 184 28 kammarens
771 204 139 37 första
933 208 147 37 tillfälliga
1104 210 123 27 utskotts
1252 211 150 27 utlåtande
1428 212 44 27 Nr
1497 214 46 27 27.
1777 215 16 26 7

187 276 95 35 Herr
319 277 231 38 Anderssons
580 282 8 32 i
618 280 269 38 Fiskebäckskil
917 286 139 34 motion
1085 286 128 35 kräver
1241 300 43 22 en
1316 288 257 44 konfessionell
1602 291 195 45 religions-
1849 309 8 10 «

188 327 268 49 undervisning
497 331 193 41 såtillvida,
733 345 77 22 som
852 333 119 36 denna
1013 335 268 48 undervisning
1318 339 89 34 skall
1436 352 84 22 avse
1549 345 53 29 att
1630 342 167 46 religiöst

187 376 115 36 fostra
344 379 250 46 lärjungarna,
636 383 67 33 och
746 396 43 21 en
819 385 164 45 dogmfri
1019 386 447 50 religionsundervisning
1494 390 194 42 såtillvida,
1719 405 76 21 som

185 427 256 37 inhämtandet
484 444 42 21 av
577 432 193 35 lärosatser
824 434 90 35 skall
960 440 154 30 ersättas
1168 437 82 35 med
1302 439 401 49 uppbyggelseläsning
1753 455 43 21 av

186 477 135 35 bibeln.

286 526 238 38 Gemensamt
552 530 57 35 för
631 531 92 35 båda
750 545 214 35 grupperna
992 548 43 20 av
1064 537 181 34 motioner
1273 544 50 35 är,
1353 544 53 28 att
1433 539 45 34 de
1506 539 207 44 förutsätta,
1744 547 52 29 att

185 576 70 35 den
285 577 195 36 förordade
509 580 315 48 undervisningen
853 584 91 33 skall
971 597 86 21 vara
1084 586 247 45 obligatorisk.

285 627 238 37 Tvivelsutan
548 632 207 46 återspegla
779 632 104 35 dessa
895 633 97 35 olika
1007 633 252 49 reformlinjer
1271 636 44 35 de
1328 637 268 46 huvudsakliga
1608 640 186 46 problem-

184 677 269 48 ställningarna
481 681 99 34 inom
609 680 69 36 den
708 683 168 35 alltmera
904 684 213 36 brännande
1145 685 257 38 diskussionen
1432 701 58 22 om
1518 692 63 32 vår
1600 690 195 47 religions-

185 726 277 50 undervisning.
518 730 14 35 I
560 731 82 35 kort
669 732 332 50 sammanfattning
1028 736 106 35 torde
1161 736 45 35 de
1235 737 219 36 hithörande
1476 738 174 49 frågorna
1670 742 124 34 kunna

184 776 220 38 formuleras
433 781 168 35 sålunda:

286 826 35 46 1)
349 828 99 37 Skall
472 831 493 51 religionsundervisningen
989 848 85 22 vara
1093 836 290 37 konfessionslös
1404 839 88 35 eller
1512 839 281 37 konfessionell?

284 876 37 45 2)
349 879 133 36 Därest
510 881 70 35 den
609 888 39 28 är
675 882 299 46 konfessionslös,
1004 885 97 35 huru
1131 888 91 33 skall
1251 888 71 34 den
1351 888 45 35 då
1423 888 156 36 förhålla
1606 892 56 46 sig

350 927 34 47 a)
412 930 57 34 till
497 932 455 50 moralundervisningen?

349 977 40 47 b)
417 981 56 34 till
502 982 115 35 andra
644 983 199 47 religioner
870 992 46 28 än
945 987 327 47 statsreligionen?

282 1027 38 47 3)
349 1030 130 36 Därest
507 1031 71 36 den
606 1039 39 28 är
672 1033 271 45 konfessionell,
973 1037 92 34 skall
1093 1037 69 35 den
1192 1037 46 35 då
1265 1051 87 22 vara

349 1078 36 46 a)
413 1081 230 47 dogmatisk?

348 1127 39 48 b)
415 1131 184 48 dogmfri?

348 1178 34 49 c)
410 1185 92 33 även
529 1184 199 35 historisk?

279 1232 69 35 och
377 1232 97 35 huru
503 1234 91 34 skall
622 1234 70 36 den
720 1234 157 37 förhålla
905 1238 56 46 sig
988 1238 57 34 till

343 1279 39 48 d)
410 1282 114 36 andra
552 1285 198 47 religioner
778 1293 46 28 än
852 1289 320 46 statsreligionen?

346 1330 35 47 e)
410 1334 70 35 den
508 1336 204 46 teologiska
739 1335 264 50 forskningen?

279 1379 38 48 4)
344 1381 101 37 Skall
472 1385 494 49 religionsundervisningen
995 1401 85 22 vara
1107 1389 241 47 obligatorisk

345 1429 35 48 a)
408 1445 59 23 om
496 1433 70 36 den
594 1441 41 28 är
662 1435 307 37 konfessionslös?

344 1481 40 47 b)
412 1496 59 23 om
500 1483 70 37 den
599 1493 39 27 är
665 1485 286 38 konfessionell?

278 1533 14 35 I
331 1533 84 36 herr
442 1534 129 36 Skölds
604 1537 141 35 motion
773 1538 121 36 finnas
922 1540 157 47 angivna
1107 1539 44 36 de
1179 1541 236 47 svårigheter,
1445 1555 45 22 en
1517 1543 267 38 konfessionell

176 1584 448 50 religionsundervisning
650 1583 128 40 vållar.
831 1588 80 36 Den
939 1590 171 47 religiösa
1138 1591 68 35 och
1230 1591 208 47 irreligiösa
1455 1593 329 38 individualismen

176 1634 65 35 hos
282 1632 191 46 föräldrar,
513 1638 178 34 målsmän
732 1639 68 35 och
840 1640 119 35 lärare
1000 1641 138 35 känner
1179 1643 55 46 sig
1271 1642 108 36 trädd
1416 1642 58 37 för
1500 1651 100 37 nära,
1629 1644 67 36 där
1724 1645 61 36 det

176 1684 284 37 konfessionella
499 1687 202 36 innehållet
737 1690 11 33 i
786 1702 45 22 en
871 1689 102 49 dylik
1009 1690 268 50 undervisning
1305 1693 133 35 strider
1465 1700 77 30 mot
1569 1695 105 36 deras
1702 1709 83 34 per-

175 1735 144 48 sonliga
354 1737 238 48 övertygelse.
648 1738 15 35 I
691 1752 140 23 samma
857 1743 85 32 mån
971 1740 71 36 den
1070 1741 267 37 bekännelsens
1364 1744 121 43 enhet,
1514 1757 77 23 som
1616 1753 40 28 är
1683 1747 101 47 varje

173 1787 270 46 statsreligions
485 1786 280 51 förutsättning,
806 1790 126 48 brytes
972 1791 143 44 sönder,
1144 1793 151 48 skärpas
1324 1794 292 49 uppenbarligen
1644 1798 140 47 svårig-

175 1836 152 35 heterna
354 1837 68 35 och
449 1838 245 37 konflikterna
721 1841 12 34 i
761 1840 102 36 detta
890 1842 190 35 avseende.

274 1886 236 37 Beträffande
539 1889 70 35 den
629 1889 309 38 konfessionslösa
957 1893 495 50 religionsundervisningen
1472 1899 77 32 åter
1563 1898 149 35 inställa
1727 1898 56 48 sig

173 1935 164 49 följande
365 1938 237 48 svårigheter:
630 1940 79 36 Den
729 1942 166 35 kommer
912 1943 12 35 i
944 1944 210 47 principiell
1170 1946 219 47 motsägelse
1403 1946 57 35 till
1475 1946 207 49 ordningen
1697 1949 85 35 med

173 2000 43 22 en
245 1989 261 47 statsreligion.
561 1990 260 37 Auktoriserar
848 1993 187 48 nämligen
1064 1999 121 31 staten
1215 2008 45 22 en
1287 1997 73 34 viss
1387 1997 168 48 religion,
1570 2001 39 32 så
1636 1999 71 35 kan
1736 2012 45 22 en

172 2037 287 38 konfessionslös
508 2041 446 51 religionsundervisning
993 2045 80 34 icke
1113 2046 304 47 motsägelsefritt
1458 2049 270 46 upprätthållas
1769 2051 10 33 i

172 2093 139 31 statens
330 2090 134 35 skolor.
485 2090 690 52 Religionsundervisningsproblemet
1195 2098 270 35 sammanflätas
1485 2099 65 34 här
1569 2099 84 35 med
1672 2104 108 31 stats-

172 2139 324 48 kyrkoproblemet
535 2141 68 36 och
644 2142 152 36 därmed
844 2144 84 35 med
980 2145 521 50 religionsfrihetsproblemet
1552 2150 226 36 överhuvud.

172 2189 143 48 Frågan
357 2203 60 23 om
457 2192 458 49 moralundervisningens
954 2196 177 48 ställning
1169 2197 252 37 aktualiseras.
1476 2198 99 37 Skall
1617 2200 72 35 den
1735 2222 39 4 —

170 2239 125 37 därest
347 2241 70 36 den
471 2254 104 24 anses
628 2242 218 51 erforderlig
901 2264 45 5 —
993 2247 133 48 knytas
1175 2247 60 35 till
1284 2249 496 50 religionsundervisningen
