2290 2750
691 209 61 31 Lay
772 202 155 43 Utskottets
942 209 146 27 Utlåtande
1114 209 53 27 N:o
1191 206 51 30 20).
1693 212 30 25 13

166 290 114 29 rätten
307 284 144 35 tillhöra
479 285 124 34 endast
630 286 107 44 några
764 285 36 34 få
827 297 177 35 personer,
1033 285 141 35 hvilken
1202 298 127 31 genom
1358 284 150 36 landbor
1535 285 84 35 eller
1649 298 119 22 arren-

166 337 139 34 datorer
332 336 112 35 bruka
472 337 42 34 de
542 336 144 48 spridda
715 336 262 48 lägenheterna.
1019 337 126 36 Under
1172 338 132 34 sådana
1332 337 246 35 förhållanden
1607 337 124 40 skulle,
1757 337 11 34 i

164 389 86 47 följd
279 389 35 34 af
340 388 264 48 ifrågavarande
632 389 170 47 rättighet
829 389 54 35 för
912 402 135 34 egaren,
1068 389 80 35 hela
1167 389 462 48 kommunalmyndigheten
1651 390 118 33 kunna

166 440 246 35 sammanfalla
455 441 49 33 uti
542 453 42 22 en
615 441 85 34 eller
727 442 108 45 några
862 441 36 34 få
926 454 183 34 personers
1139 442 104 40 hand,
1273 442 63 34 och
1367 442 42 34 de
1436 443 128 45 många
1592 442 46 46 på
1667 441 101 34 kom-

167 506 150 22 munens
358 492 172 35 särskilda
568 493 207 47 lägenheter
816 493 137 34 boende
994 493 250 41 arrendatorer,
1278 494 149 34 landbor
1454 507 46 20 m.
1529 506 45 21 m.
1603 493 103 35 alltså
1733 493 36 35 få

166 545 99 47 nöjas
293 546 36 33 åt
357 544 90 34 hvad
477 545 68 34 den
574 545 89 34 ende
692 544 84 34 celler
804 545 42 33 de
874 545 36 34 få
938 557 125 34 egarne
1092 546 108 33 funne
1229 546 85 46 godt
1341 552 49 28 att
1422 546 5 33 i
1455 546 237 33 kommunens
1707 557 61 34 ge-

166 609 219 22 mensamma
420 596 298 48 angelägenheter
746 602 83 56 göra
858 596 84 34 eller
971 597 193 34 underlåta.
1219 597 71 35 Det
1317 598 59 33 må
1404 597 204 47 medgifvas,
1637 603 49 28 att
1714 596 53 35 äf-

166 661 64 21 ven
261 648 94 34 detta
382 625 150 58 öRRalA
541 626 64 56 nde
633 649 117 45 någon
778 649 92 46 gång
898 648 53 35 för
978 648 219 35 kommunen
1225 649 118 34 kunde
1372 649 106 34 alstra
1506 645 109 69 något
1641 647 129 48 nyttigt

169 700 66 34 och
275 700 95 46 godt,
407 700 37 47 ja
484 699 175 48 nyttigare
701 699 65 35 och
794 699 116 35 bättre
940 705 44 29 än
1015 700 78 35 dess
1122 707 157 28 motsats.
1334 701 86 34 Men
1449 713 43 22 en
1521 702 39 33 så
1588 699 180 35 beskaffad

166 751 243 58 patriarkalisk
453 751 151 47 ordning
645 752 72 34 står
757 752 28 46 cj
829 751 11 34 i
881 752 367 35 öfverensstämmelse
1282 753 77 34 med
1390 751 379 35 kommunalfrihetens

168 803 134 63 princip
344 803 48 34 uti
436 803 59 34 det
531 802 290 36 konstitutionella
849 803 199 39 samhället;
1079 804 67 34 den
1174 804 118 36 kunde
1322 804 64 47 ock
1414 803 184 48 lätteligen
1627 803 143 34 komma

167 862 50 27 att
244 857 46 45 på
318 855 42 34 de
389 855 111 47 öfriga
528 855 276 34 medlemmarne
834 856 117 33 utöfva
979 868 41 21 en
1049 856 219 34 förlamande
1297 846 72 45 och
1390 829 235 78 förtryckande
1644 855 20 34 i
1656 868 113 21 inver-

168 907 66 34 kan
279 907 66 33 och
386 884 172 57 återhålla
598 906 45 34 all
684 906 112 47 nyttig
824 907 494 47 kommunalföretagsamhet,
1347 907 64 35 och
1442 896 96 46 detta
1565 908 40 33 så
1632 907 140 47 mycket

168 958 137 41 lättare,
340 971 57 22 om
433 970 137 36 egarne,
599 958 137 35 boende
765 965 98 27 utom
891 958 229 41 kommunen,
1149 959 52 34 för
1229 959 206 35 densamma
1463 959 28 48 ej
1520 958 118 35 kände
1666 964 106 29 annat

167 1010 149 35 intresse
345 1015 45 29 än
419 986 351 71 ränteuppbörden".

300 1061 240 48 Upptagande
582 1062 101 34 dessa
725 1061 78 35 skäl
844 1062 117 33 såsom
1004 1061 77 35 sina
1116 1074 98 35 egna,
1243 1062 66 34 och
1337 1062 55 40 då,
1421 1063 40 33 så
1487 1061 74 35 vidt
1587 1060 184 36 Utskottet

168 1113 62 35 har
271 1113 53 48 sig
365 1113 140 41 bekant,
532 1113 265 47 ifrågavarande
825 1113 193 47 stadgande
1047 1113 125 35 hittills
1201 1113 76 35 icke
1305 1114 74 34 ledt
1406 1113 53 35 till
1486 1114 109 46 några
1624 1118 145 29 oroväc-

168 1166 114 34 kande
311 1165 187 40 missbruk,
526 1166 53 33 får
608 1164 182 36 Utskottet
817 1164 198 41 hemställa,

470 1216 73 48 9:0)
573 1223 50 28 att
651 1216 93 35 Herr
771 1215 190 36 Hammars
991 1216 146 35 berörda
1164 1216 131 49 förslag
1323 1218 60 34 må
1404 1217 34 34 af
1453 1215 207 49 Riksdagen
1679 1215 89 35 lem-

579 1281 62 22 nas
670 1275 83 28 utan
780 1268 118 34 vidare
926 1269 176 34 afseende.

368 1336 207 36 Stockholm
604 1338 68 33 den
701 1340 44 32 31
776 1336 98 35 Mars
905 1340 107 32 1869.

743 1439 54 35 På
827 1438 200 36 Utskottets
1056 1444 143 42 vägnar:

806 1540 154 36 ARVID
990 1541 146 35 FAXE.

790 1830 363 37 Reservationer:

306 1932 34 34 af
367 1931 93 35 Herr
488 1931 128 36 Grefve
645 1932 34 35 J.
718 1932 41 35 O.
789 1932 150 36 Mörner
972 1940 95 28 emot
1097 1932 198 37 Utskottets
1326 1932 203 41 Utlåtande,
1557 1933 11 34 i
1598 1932 88 35 hvad
1715 1933 59 34 det

170 1985 93 34 afser
291 1984 68 34 den
388 1984 228 34 kommunala
643 1990 189 30 rösträtten
860 1986 46 46 på
933 1985 137 38 landet;

305 2036 35 34 af
367 2035 92 35 Herr
485 2049 66 22 von
579 2036 145 39 Möller;

304 2088 35 33 af
368 2086 92 36 Herr
488 2087 275 36 Hederstierna:
821 2088 331 48 "Hufvudsakligen
1192 2088 224 45 åberopande
1447 2101 135 22 samma
1615 2087 158 41 motiver,

172 2151 75 22 som
268 2139 181 35 Utskottet
467 2139 114 34 anfört
601 2146 75 27 mot
704 2140 67 34 den
800 2141 136 33 direkta
965 2119 464 68 personlighetsprincipens
1457 2140 240 47 tillämpning,
1713 2139 61 34 har

166 2190 61 47 jag
256 2190 75 35 icke
359 2191 136 34 kunnat
524 2191 9 34 i
561 2190 54 35 sin
644 2191 120 35 helhet
805 2192 138 35 biträda
988 2191 198 36 Utskottets
1226 2189 131 47 förslag
1397 2192 53 35 till
1478 2191 257 48 inskränkning
1764 2191 8 34 i

172 2242 66 34 den
269 2242 229 35 kommunala
525 2248 202 29 rösträtten.

308 2293 71 35 Det
418 2294 177 35 förefaller
634 2294 73 48 mig
740 2295 103 47 högst
873 2295 197 49 betänkligt
1097 2302 49 28 att
1175 2295 117 35 häruti
1320 2302 83 42 göra
1431 2296 117 46 någon
1576 2295 200 49 väsendtlig
