1858 2788
489 191 389 31 Jordbruksutskottets
899 189 181 31 utlåtande
1100 198 42 20 nr
1163 188 52 30 37.
1579 186 18 30 3

113 285 36 29 B.
180 284 19 28 £
225 282 64 30 206
304 296 40 11 =
357 282 62 29 lire
447 281 60 30 185
523 280 62 30 400
601 294 39 11 =
655 280 89 30 sfres
770 280 18 29 3
803 280 62 29 535

178 329 18 28 £
225 327 61 30 129
302 341 39 11 —
355 327 62 29 lire
444 326 61 30 116
522 326 60 29 100
598 339 38 11 =
652 325 89 30 sfres
759 325 18 29 2
792 324 63 30 214
877 324 46 39 (ej
945 333 75 21 som
1036 323 183 29 Lindstedt
1236 321 131 40 angivit

224 372 90 30 sfres
337 371 126 34 1583).

178 417 184 30 Lindstedt
380 417 59 39 gör
458 416 154 36 anspråk
629 415 44 37 på
693 415 89 29 sfres
801 414 18 30 5
836 413 61 31 749
915 414 82 29 eller
1017 413 185 30 omräknat
1221 412 53 29 till
1300 434 72 7 ....
1424 411 52 29 kr.
1503 410 94 30 6787

179 462 78 30 Han
278 462 63 29 har
361 460 139 31 erhållit
520 462 18 28 £
559 460 61 30 335
642 460 82 30 eller
745 459 186 30 omräknat
952 458 53 30 till
1033 479 339 8 ............--+-
1424 456 52 29 kr.
1502 455 20 29 4
1536 454 61 30 847

1027 521 201 30 Lindstedts
1250 519 128 31 förlust
1424 519 52 29 kr.
1505 519 13 29 1
1536 517 62 31 940

157 606 201 30 Lindstedts
381 605 262 39 sammanlagda
664 603 217 31 kursförlust
903 603 113 30 skulle
1038 602 101 30 alltså
1160 601 117 39 uppgå
1299 600 52 29 till
1373 600 51 29 kr.
1447 600 19 29 6
1481 599 73 30 368.

156 651 203 30 Lindstedts
385 649 233 40 beräkningar
645 649 179 39 angående
851 647 261 30 kursförlusten
1139 647 37 28 är
1201 663 46 3 —
1274 654 73 21 som
1375 644 155 39 framgår
1558 653 41 20 av

113 696 240 39 nyssnämnda
373 695 231 39 uträkningar
624 712 44 2 —
687 694 73 29 helt
780 693 166 29 baserade
968 692 45 37 på
1034 692 66 29 den
1122 690 313 39 omständigheten,
1457 691 51 28 att
1529 689 70 29 han

114 740 112 31 skulle
246 740 137 30 kunnat
404 739 228 40 tillgodogöra
655 739 50 39 sig
726 738 93 30 vissa
841 737 230 30 kursvinster.
1094 736 182 30 Gentemot
1298 735 94 29 detta
1412 734 58 29 må
1492 734 107 29 fram-

113 785 112 30 hållas
245 785 168 39 följande.

114 866 37 29 A.
176 865 227 40 Beträffande
425 865 57 30 det
502 864 155 31 erhållna
679 863 159 38 beloppet
857 863 19 30 å
896 864 19 28 £
937 862 73 30 765.

157 919 117 40 Enligt
300 929 42 20 av
365 919 183 30 Lindstedt
572 919 161 29 lämnade
757 917 254 39 upplysningar
1036 916 139 39 erbjöds
1200 915 131 29 honom
1357 915 18 28 £
1402 913 62 30 749
1489 913 11 29 i
1526 922 73 27 sep-

114 964 131 31 tember
271 963 83 30 1948
376 963 64 30 och
463 964 19 29 £
509 963 37 30 16
569 964 11 29 i
601 963 78 39 juni
705 962 93 30 1949.
823 962 52 30 Då
897 961 311 37 pund-lirekursen
1231 960 58 29 vid
1313 960 99 29 dessa
1435 958 163 30 tillfällen

113 1018 60 21 var
196 1009 13 29 1
234 1010 18 28 £
269 1022 40 11 =
325 1009 14 29 1
357 1008 60 30 937
439 1008 63 30 lire
523 1007 194 37 respektive
741 1008 14 29 1
779 1008 18 28 £
813 1021 40 10 =
867 1007 18 29 2
900 1006 61 30 317
985 1006 73 34 lire,
1082 1005 111 30 skulle
1215 1004 183 30 Lindstedt
1418 1021 45 3 —
1483 1003 116 29 därest

113 1054 69 29 han
198 1054 191 39 omgående
404 1052 156 30 inväxlat
576 1052 171 39 erbjudna
762 1051 224 38 pundbelopp
1003 1051 52 29 till
1072 1051 62 29 lire
1149 1067 45 3 —
1208 1050 46 29 ha
1271 1048 138 31 erhållit
1427 1048 14 29 1
1458 1047 63 30 450
1536 1047 62 30 813

112 1098 62 30 lire
194 1098 195 37 respektive
409 1098 40 30 37
465 1097 63 30 072
549 1097 62 30 lire
631 1097 82 29 eller
735 1096 234 39 sammanlagt
992 1096 15 29 1
1024 1095 62 30 487
1100 1095 63 29 885
1185 1094 73 30 lire.

158 1143 80 30 Som
260 1143 146 39 tidigare
428 1143 153 33 nämnts,
604 1142 132 29 hävdar
759 1141 193 33 Lindstedt,
976 1142 50 28 att
1049 1140 70 29 han
1143 1139 112 30 skulle
1278 1139 46 29 ha
1347 1138 138 30 erhållit
1510 1137 88 29 sfres

116 1187 37 30 13
170 1187 61 30 128
254 1187 11 30 i
289 1187 114 30 stället
426 1187 55 30 för
504 1188 19 28 £
549 1187 71 29 765.
644 1186 125 30 Därest
792 1186 184 29 Lindstedt
1000 1184 138 30 erhållit
1162 1185 95 29 detta
1282 1182 229 37 sfres-belopp
1535 1181 64 30 och

113 1232 90 31 velat
224 1232 160 30 omväxla
405 1232 57 30 det
482 1231 53 30 till
556 1231 72 34 lire,
651 1232 39 29 är
711 1232 57 29 det
791 1230 93 31 svårt
906 1232 50 28 att
978 1232 78 28 veta
1076 1229 116 30 vilken
1213 1229 87 29 kurs
1324 1237 73 20 som
1420 1227 112 30 skulle
1554 1227 45 29 ha

113 1277 203 37 tillämpats,
350 1277 43 30 då
424 1276 58 31 vid
516 1276 113 30 denna
662 1275 168 37 tidpunkt
869 1274 212 37 (september
1118 1273 99 34 1948)
1258 1273 123 30 endast
1415 1272 184 29 noterades

112 1321 241 40 clearingkurs
401 1321 179 30 sfres-lire.
629 1321 77 29 Med
754 1320 266 39 utgångspunkt
1068 1319 79 30 från
1196 1319 116 29 denna
1359 1316 240 40 clearingkurs

118 1367 33 33 (1
182 1366 145 30 sfres
298 1357 23 50 =
344 1365 59 31 143
430 1365 80 34 lire)
545 1365 110 30 skulle
683 1365 183 29 Lindstedt
893 1365 46 30 ha
967 1364 139 30 erhållit
1136 1363 92 30 1877
1244 1362 64 30 304
1336 1362 72 30 lire.
1436 1361 162 39 Troligen

112 1411 88 30 hade
221 1411 72 29 han
315 1411 87 29 dock
423 1411 138 29 kunnat
583 1410 35 30 få
638 1412 40 28 ut
698 1410 72 30 viss
792 1410 178 29 överkurs.
994 1408 189 30 ”Vinsten”
1208 1407 112 30 skulle
1342 1407 87 29 dock
1451 1406 147 39 troligen

113 1455 88 30 varit
216 1455 110 30 minst
342 1464 39 21 ca
397 1454 63 30 400
475 1454 63 30 000
554 1455 71 29 lire.
642 1455 97 29 Hade
756 1454 70 30 han
842 1455 121 29 väntat
981 1455 50 28 att
1048 1453 159 30 omväxla
1224 1453 58 29 det
1300 1451 171 39 erbjudna
1488 1450 111 37 pund-

113 1500 159 36 beloppet
289 1499 52 29 till
360 1508 198 21 sommaren
578 1498 92 34 1949,
688 1499 89 29 hade
794 1499 70 29 han
882 1498 88 30 efter
988 1498 131 29 kursen
1140 1497 14 29 1
1175 1498 19 28 £
1210 1510 40 11 =
1265 1497 19 30 2
1299 1496 60 30 317
1379 1496 62 30 lire
1461 1495 138 30 erhållit

116 1544 92 29 1772
223 1544 63 29 505
305 1544 72 29 lire.
396 1544 13 29 I
427 1544 95 29 detta
540 1544 61 29 fall
622 1543 147 30 sålunda
788 1544 123 29 endast
930 1552 42 20 en
991 1543 93 29 vinst
1102 1542 44 37 på
1164 1551 40 21 ca
1226 1541 61 30 100
1302 1541 62 29 000
1382 1541 72 28 lire.
1474 1540 125 29 Därest

114 1588 183 31 Lindstedt
321 1588 174 30 omväxlat
519 1590 48 28 ett
591 1588 144 30 erhållet
759 1588 123 36 belopp
908 1588 20 29 å
953 1588 89 29 sfres
1069 1587 38 29 138
1124 1586 60 30 128
1209 1586 52 30 till
1287 1586 147 30 svenska
1458 1585 140 33 kronor,

113 1634 88 29 hade
224 1634 58 30 det
303 1633 57 30 vid
382 1634 114 29 denna
519 1633 165 37 tidpunkt
712 1632 212 37 (september
949 1631 84 31 1948
1057 1631 194 37 respektive
1273 1631 79 39 juni
1378 1630 100 33 1949)
1509 1630 91 29 skett

114 1678 86 30 efter
221 1678 133 29 kursen
377 1678 60 29 100
460 1678 89 29 sfres
565 1691 39 11 —
618 1677 56 30 83:
690 1678 52 29 30.
764 1677 183 30 Lindstedt
969 1677 89 29 hade
1081 1677 43 29 då
1145 1675 139 31 erhållit
1306 1676 39 28 10
1360 1675 61 29 936
1444 1675 51 31 kr.
1520 1674 79 30 Som

113 1722 146 40 tidigare
278 1723 140 29 nämnts
437 1722 73 30 fick
528 1723 88 29 dock
634 1722 183 30 Lindstedt
835 1722 195 38 ersättning
1048 1721 178 30 utbetalad
1244 1721 12 29 i
1275 1721 95 36 pund
1389 1720 79 29 med
1487 1721 19 27 £
1527 1719 72 34 765,

114 1767 106 30 vilket
242 1767 124 36 belopp
389 1766 175 31 omväxlat
586 1767 51 29 till
659 1767 131 29 kronor
813 1767 134 38 uppgår
970 1766 52 29 till
1048 1766 36 29 117
1101 1765 62 30 070
1185 1766 52 29 kr.
1261 1765 82 29 eller
1368 1764 60 30 134
1451 1765 52 28 kr.
1526 1772 74 21 mer

113 1813 43 29 än
175 1812 55 30 via
251 1812 100 30 sfres.

158 1856 394 39 Sammanfattningsvis
574 1857 69 28 kan
665 1856 104 30 alltså
792 1857 99 38 sägas
914 1856 222 29 beträffande
1160 1854 437 40 gratifikationsbeloppet:

157 1901 185 30 Lindstedt
360 1901 72 29 fick
451 1901 71 29 viss
543 1901 53 29 del
616 1910 42 20 av
677 1901 95 30 detta
792 1900 147 30 utbetalt
959 1900 11 29 i
990 1900 97 36 pund
1107 1900 11 28 i
1140 1900 115 29 stället
1275 1899 55 29 för
1350 1899 10 28 i
1383 1898 98 30 sfres.
1504 1898 96 29 Hade

113 1946 69 28 han
208 1946 191 39 omgående
424 1945 155 30 inväxlat
604 1945 145 29 erhållet
775 1945 159 36 £-belopp
960 1945 11 28 i
999 1944 148 30 svenska
1172 1944 141 33 kronor,
1339 1943 88 29 hade
1454 1943 70 29 han
1550 1951 50 20 er-

114 1989 99 30 hållit
237 1989 63 31 134
321 1990 51 29 kr.
395 1999 74 20 mer
493 1990 45 28 än
561 1999 55 20 om
639 1990 71 29 han
732 1990 90 29 hade
845 1989 155 29 inväxlat
1023 1988 247 30 motsvarande
1295 1987 228 36 sfres-belopp
1548 1987 51 29 till

114 2034 140 29 kronor.
279 2035 95 29 Hade
397 2034 70 29 han
491 2035 157 29 däremot
670 2035 122 28 väntat
815 2035 78 28 med
918 2036 50 27 att
992 2033 112 30 inlösa
1128 2034 48 28 ett
1200 2032 145 30 erhållet
1371 2032 228 35 sfres-belopp

114 2078 51 30 till
190 2078 89 30 efter
304 2078 275 40 devalveringen,
604 2079 88 30 hade
717 2079 71 29 han
813 2079 137 29 kunnat
976 2079 82 38 göra
1083 2087 42 20 en
1150 2077 182 30 kursvinst
1357 2077 43 36 på
1425 2075 96 30 4428
1547 2076 51 28 kr.

113 2123 95 29 Hade
227 2122 72 30 han
319 2123 156 29 däremot
495 2123 55 29 för
568 2124 65 28 den
652 2123 158 29 erhållna
830 2122 239 39 ersättningen
1089 2122 126 29 önskat
1236 2122 161 29 förvärva
1417 2121 73 36 lire,
1511 2121 88 28 hade

113 2167 69 29 han
200 2167 140 29 erhållit
357 2169 47 28 ett
421 2167 137 30 mindre
575 2167 199 37 lirebelopp,
793 2177 56 20 om
868 2167 70 29 han
957 2167 67 29 fått
1043 2166 239 39 ersättningen
1301 2165 154 30 utbetald
1474 2165 11 29 i
1504 2165 96 36 pund

113 2212 44 28 än
178 2211 158 29 utbetald
356 2211 11 29 i
389 2211 99 30 sfres.
510 2212 65 29 Det
596 2211 270 39 ursprungligen
887 2211 261 29 tillförsäkrade
1170 2210 225 36 lirebeloppet
1417 2210 18 29 å
1459 2209 63 29 688
1537 2208 63 30 564

113 2255 62 30 Hre
194 2255 91 30 hade
304 2255 87 29 dock
410 2256 10 28 i
441 2255 68 30 alla
530 2256 183 29 händelser
733 2256 109 29 minst
862 2255 231 30 fördubblats.

113 2336 35 29 B.
173 2335 227 39 Beträffande
422 2334 154 31 erhållen
600 2335 194 38 ersättning
813 2335 57 39 för
891 2333 450 40 repatrieringskostnader.

157 2388 117 39 Enligt
295 2388 136 38 uppgift
451 2388 80 29 från
552 2388 181 30 Lindstedt
754 2388 64 30 har
838 2389 114 28 denna
974 2387 193 39 ersättning
1187 2386 188 30 utbetalats
1396 2387 79 29 med
1497 2388 18 27 £
1537 2386 61 29 335

113 2433 127 29 medan
262 2432 182 30 Lindstedt
466 2433 142 33 hävdar,
631 2434 49 28 att
702 2433 67 29 den
794 2432 111 30 skulle
928 2432 45 30 ha
995 2432 166 29 utbetalts
1182 2432 79 29 med
1287 2431 87 29 sfres
1397 2431 17 29 5
1432 2430 62 30 749
1523 2430 77 33 (fel-

114 2477 126 30 räknat
264 2476 52 30 till
340 2477 88 29 sfres
451 2477 18 29 5
488 2477 93 34 118),
604 2477 107 29 vilket
734 2477 55 29 för
813 2477 128 29 honom
966 2477 152 29 medfört
1142 2485 42 20 en
1209 2475 127 30 förlust
1360 2476 43 36 på
1429 2474 94 30 1940
1548 2475 51 29 kr.
