2224 2630
386 192 19 28 2
879 193 263 31 Statsutskottets
1169 193 172 31 Utlåtande
1363 195 64 30 N:o
1451 197 70 28 123.

384 271 203 37 förordade
622 271 139 36 villkor
793 270 68 36 och
898 270 281 36 bestämmelser
1211 270 233 37 beträffande
1476 273 278 36 vaktmästaren
1796 275 68 35 hos
1896 274 117 37 öfver-

381 324 182 44 styrelsen
592 321 57 36 för
677 320 221 45 åtnjutande
926 320 42 36 af
992 320 44 36 de
1063 333 78 32 nya
1167 321 328 37 löneförmånerna
1530 322 193 37 äfvensom
1750 323 178 46 förklara,
1957 331 54 30 att

382 373 83 44 den,
493 386 81 23 som
601 371 85 36 med
714 372 91 35 eller
833 370 93 37 efter
952 370 189 47 ingången
1169 371 42 36 af
1225 371 41 36 år
1283 374 97 34 1910
1399 372 189 37 tillträder
1605 373 262 48 befattningen
1887 376 122 36 såsom

381 425 253 35 vaktmästare
661 422 67 35 hos
757 421 300 46 öfverstyrelsen,
1081 422 98 36 skall
1206 435 91 23 vara
1322 423 140 46 pliktig
1488 428 56 31 att
1570 424 227 36 underkasta
1825 426 58 46 sig
1909 439 103 31 nyss-

381 473 162 37 berörda
568 472 140 37 villkor
735 472 69 36 och
831 472 289 36 bestämmelser.

479 522 438 48 Departementschefens
945 522 207 37 anförande
1178 524 13 35 i
1220 529 124 30 ämnet
1371 524 61 35 till
1457 525 160 35 berörda
1636 525 374 47 statsrådsprotokoll

378 582 42 29 är
447 574 41 36 af
510 574 170 46 följande
706 573 157 44 lydelse:

487 625 37 35 »I
560 624 234 46 underdånig
834 623 195 37 skrifvelse
1069 624 73 35 den
1184 626 47 34 30
1258 625 211 45 september
1499 627 95 35 1908
1624 627 69 34 har
1720 626 288 45 öfverstyrelsen

377 676 61 36 för
463 677 114 35 rikets
605 676 192 35 allmänna
822 675 174 36 läroverk
1022 675 99 45 giort
1149 673 280 48 framställning
1457 689 61 22 om
1545 677 255 46 lönereglering
1815 678 64 47 för
1896 679 113 46 öfver-

376 728 193 45 styrelsens
596 726 82 46 chef
701 726 62 36 och
790 726 194 36 ledamöter
1000 730 92 31 samt
1110 726 264 36 vaktmästaren
1391 727 64 36 hos
1473 727 258 37 ämbetsverket.
1775 728 73 36 För
1866 728 140 49 ifråga-

375 777 168 37 varande
584 775 175 37 ändamål
800 776 122 35 skulle
960 776 116 45 enligt
1112 776 161 36 berörda
1299 776 281 49 framställning
1607 779 168 45 anslaget
1801 780 61 35 till
1890 779 117 37 öfver-

375 830 181 43 styrelsen
596 826 163 37 behöfva
799 827 108 45 höjas
949 826 85 36 med
1076 827 110 44 5,370
1214 828 148 35 kronor.
1431 820 116 43 Öfver
1582 827 328 49 framställningen
1938 831 69 35 har

374 880 271 35 statskontoret
685 877 72 36 den
798 879 47 33 29
890 877 156 36 oktober
1085 879 97 34 1908
1212 877 147 46 afgifvit
1386 878 214 36 infordradt
1627 879 253 49 underdånigt
1908 881 98 36 utlå-

373 930 125 36 tande.
564 928 88 37 Som
693 927 309 45 öfverstyrelsens
1031 927 452 47 aflöningsförhållanden
1509 929 13 35 i
1549 929 100 36 vissa
1675 931 238 36 hänseenden
1941 939 64 29 äro

374 980 224 47 egenartade
640 979 69 35 och
749 978 228 36 därutinnan
1019 978 29 45 ej
1090 978 120 36 förete
1243 978 123 46 någon
1395 980 272 46 motsvarighet
1693 980 85 36 med
1804 980 203 37 förhållan-

374 1032 98 36 dena
497 1031 104 36 inom
629 1030 119 36 andra
774 1030 102 43 verk,
904 1029 147 36 hvilkas
1078 1030 106 35 löner
1211 1029 119 36 under
1357 1030 47 36 de
1432 1036 143 30 senaste
1603 1030 89 37 åren
1719 1032 191 46 reglerats,
1939 1032 69 36 har

374 1082 155 37 ärendet
554 1082 226 35 remitterats
807 1081 60 35 till
895 1080 73 35 den
995 1079 119 37 under
1142 1080 72 36 den
1243 1082 20 34 3
1293 1081 157 35 oktober
1481 1082 94 35 1902
1605 1083 158 34 tillsatta
1780 1083 227 36 kommittén

371 1133 61 36 för
472 1131 219 47 afgifvande
734 1130 40 36 af
805 1130 197 37 utlåtande
1031 1131 69 35 och
1127 1129 143 47 förslag
1294 1131 164 36 rörande
1486 1132 187 46 reglering
1701 1132 41 36 af
1765 1138 139 31 statens
1933 1140 73 29 äm-

370 1184 193 37 betsverks
592 1183 71 36 och
691 1181 282 47 myndigheters
1000 1180 364 37 löneförhållanden.
1418 1181 59 37 Då
1504 1183 212 36 emellertid
1743 1183 44 36 de
1806 1183 60 36 för
1885 1183 119 37 öfver-

372 1236 202 43 styrelsens
611 1232 86 37 chef
734 1232 68 36 och
843 1232 208 36 ledamöter
1090 1232 73 36 den
1208 1234 44 34 28
1287 1232 159 36 oktober
1476 1235 98 34 1904
1601 1234 13 35 i
1641 1233 117 37 nåder
1785 1234 220 37 meddelade

370 1284 282 38 förordnanden
681 1283 21 36 å
727 1282 288 46 ifrågavarande
1042 1283 160 45 tjänster
1228 1284 132 46 utlöpa
1386 1283 89 36 med
1502 1284 40 35 år
1563 1284 97 36 1909
1682 1285 69 35 och
1769 1284 235 47 följaktligen

371 1349 78 32 nya
488 1334 283 37 förordnanden
815 1333 22 36 å
877 1347 144 23 samma
1062 1334 156 44 tjänster
1261 1334 118 36 måste
1420 1333 167 37 utfärdas
1629 1334 80 37 före
1749 1335 191 46 utgången
1968 1336 41 35 af

370 1386 168 37 nämnda
565 1386 49 44 år,
643 1393 42 28 är
712 1385 62 35 det
805 1384 42 36 af
870 1385 91 45 vikt,
994 1390 54 30 att
1074 1383 134 47 frågan
1236 1398 61 22 om
1324 1385 278 46 lönereglering
1628 1385 60 36 för
1716 1385 287 45 öfverstyrelsen

368 1437 209 46 förelägges
605 1436 213 45 Riksdagen
845 1435 117 36 redan
990 1434 41 36 år
1060 1436 109 35 1909.
1222 1434 57 36 Då
1300 1435 68 45 jag
1393 1436 83 35 icke
1503 1437 137 34 saknar
1665 1436 264 46 förhoppning,
1949 1442 54 30 att

370 1488 40 36 så
451 1488 98 36 skall
589 1488 131 35 kunna
751 1487 74 44 ske,
852 1485 109 37 torde
988 1486 147 44 hänsyn
1163 1486 60 35 till
1250 1485 123 36 denna
1401 1485 258 47 anslagsfråga
1685 1486 93 36 böra
1804 1493 107 39 tagas
1939 1487 65 36 vid

368 1538 248 49 uppgörande
644 1537 40 36 af
709 1536 501 46 statsverkspropositionen,
1238 1537 70 34 och
1336 1536 218 36 hemställer
1576 1537 68 45 jag
1674 1536 244 46 fördenskull,
1948 1544 54 30 att

369 1589 116 36 Eders
513 1589 138 45 Kungl.
679 1587 104 46 Maj:t
809 1588 143 35 täcktes
979 1586 136 36 föreslå
1142 1586 211 45 Riksdagen

472 1645 56 30 att
567 1639 59 36 för
665 1637 295 47 genomförande
1001 1636 41 36 af
1077 1637 276 46 lönereglering
1379 1636 61 36 för
1467 1637 306 45 öfverstyrelsens
1800 1638 59 36 för
1886 1639 115 36 rikets

369 1692 194 35 allmänna
589 1689 174 36 läroverk
790 1687 87 37 chef
901 1688 69 36 och
997 1687 209 36 ledamöter
1233 1693 95 30 samt
1355 1688 254 36 vaktmästare
1633 1689 88 46 höja
1739 1690 263 36 reservations-

368 1742 171 45 anslaget
564 1740 60 36 till
652 1740 45 36 de
725 1740 194 35 allmänna
945 1739 223 35 läroverken
1197 1738 83 36 med
1308 1743 62 40 ett,
1389 1737 218 47 förslagsvis
1626 1739 217 45 beräknadt,
1863 1740 138 47 belopp

368 1792 42 36 af
435 1793 110 45 6,000
572 1792 171 35 kronor.»

471 1841 111 37 Hvad
603 1842 68 45 jag
697 1840 156 36 sålunda
880 1839 205 46 föreslagit,
1114 1839 194 46 behagade
1335 1839 117 36 Eders
1479 1839 137 46 Kungl.
1644 1840 107 46 Maj:t
1777 1840 141 37 bifalla.

471 1892 122 37 Sedan
633 1905 156 22 numera
829 1890 531 46 löneregleringskommittén,
1397 1890 87 36 med
1512 1890 265 37 återställande
1805 1891 41 36 af
1870 1892 45 36 de
1944 1892 55 36 dit

365 1943 241 37 remitterade
633 1942 291 45 handlingarna,
952 1941 71 36 den
1054 1942 45 34 15
1128 1954 101 22 mars
1259 1941 95 35 1909
1385 1940 151 47 afgifvit
1562 1942 134 35 äskadt
1714 1942 196 37 utlåtande
1929 1944 70 35 och

364 1995 144 44 förslag
548 1995 13 34 i
601 1999 135 40 ämnet,
763 1992 142 36 tillåter
938 1992 67 45 jag
1040 1991 78 46 mig
1146 1991 78 36 åter
1250 1997 168 41 upptaga
1446 1992 208 36 detsamma
1681 1993 68 35 och
1778 1993 134 36 därvid
1939 1994 60 35 till

366 2058 46 24 en
439 2045 134 45 början
597 2044 123 36 erinra
737 2043 167 46 följande
925 2055 60 23 om
1006 2041 305 45 öfverstyrelsens
1330 2043 188 35 tillkomst
1536 2043 69 36 och
1624 2043 128 36 vidare
1771 2044 228 45 utveckling.

469 2094 233 36 Inrättandet
743 2094 38 35 af
806 2107 45 22 en
880 2092 204 36 fristående
1113 2094 141 34 central
1281 2093 222 48 myndighet
1531 2093 57 36 för
1616 2094 45 35 de
1689 2095 187 35 allmänna
1903 2096 95 34 läro-

364 2147 137 35 verken
530 2145 180 47 föreslogs
738 2145 114 34 redan
882 2144 41 35 af
948 2144 71 35 den
1048 2143 85 35 utaf
1156 2143 138 48 Kungl.
1323 2144 106 47 Maj:t
1458 2143 71 36 den
1560 2146 45 34 20
1631 2145 153 35 oktober
1805 2147 96 34 1882
1923 2146 75 34 till-

365 2203 94 29 satta
487 2195 412 36 läroverkskommittén
928 2195 54 35 uti
1012 2194 81 35 dess
1122 2194 71 35 den
1224 2196 44 33 25
1298 2195 150 47 augusti
1472 2197 94 33 1884
1588 2194 141 48 afgifna
1750 2196 244 35 betänkande.

366 2248 128 47 Enligt
536 2246 101 36 detta
680 2246 117 35 skulle
843 2244 309 49 >öfverstyrelsen
1186 2244 57 36 för
1272 2245 43 35 de
1344 2245 186 35 allmänna
1558 2247 235 35 läroverken»
1827 2246 103 36 bestå
1960 2245 40 35 af
