2251 2754
450 242 17 27 2
695 234 99 29 Andra
818 233 181 29 Kammarens
1025 229 154 38 Tillfälliga
1206 227 120 29 Utskotts
1351 223 70 41 (N:o
1444 222 35 41 2)
1506 222 149 30 Utlåtande
1679 221 56 28 N:o
1760 218 48 30 17.

451 317 71 37 och
554 315 229 50 tjenstemän
818 310 127 38 erlade
978 307 214 48 bevillning
1224 305 57 37 för
1314 303 83 37 sina
1423 301 191 38 boställen
1642 299 71 37 och
1741 296 312 46 löneinkomster,

449 368 99 37 både
575 365 160 38 rättvisa
763 363 71 38 och
861 361 179 49 billighet
1068 364 131 45 syntes
1228 356 139 47 fordra,
1396 360 54 31 att
1485 351 313 52 kyrkoherdarne
1836 347 118 38 borde
1990 347 65 37 be-

450 419 90 37 frias
569 418 83 37 från
680 417 72 37 alla
780 414 120 38 under
928 413 114 37 ofvan
1060 409 187 51 uppgifna
1275 406 230 38 skattetitlar
1532 402 193 50 utgående
1744 407 111 31 taxor
1875 400 72 36 och
1969 403 86 44 gär-

452 471 78 48 der,
560 469 126 37 dertill
715 468 107 36 desto
852 470 121 32 större
1001 461 235 50 befogenhet
1263 474 50 22 nu
1342 460 163 46 ansåges
1533 455 218 46 förefinnas,
1781 466 94 34 som,
1913 450 12 37 i
1960 449 96 50 följd

452 523 41 37 af
525 522 46 37 de
607 534 87 37 nya,
732 518 40 38 af
803 517 140 49 Kongl.
981 515 106 49 Maj:t
1122 511 216 39 fastställda
1365 507 290 51 regleringarne
1684 504 39 37 af
1747 502 309 51 presterskapets

451 575 119 46 löner,
591 573 65 37 det
674 571 84 37 icke
777 582 91 24 vore
887 565 314 53 kyrkoherdarne
1229 566 158 44 ensamt,
1417 573 82 24 som
1527 558 173 51 uppbure
1729 560 119 33 smör-
1877 553 71 38 och
1976 553 81 36 lax-

450 626 170 46 tionden,
652 624 57 36 för
741 621 131 38 hvilka
898 618 164 39 berörda
1090 617 143 36 skatter
1260 613 175 50 utginge,
1463 617 92 31 utan
1583 609 111 37 äfven
1721 605 335 39 komministrarne

453 677 143 38 erhölle
625 675 59 37 sin
711 672 201 39 bestämda
940 670 111 38 andel
1080 667 117 48 deraf,
1230 665 150 38 hvartill
1425 664 71 37 ock
1535 663 163 45 komme,
1741 664 54 32 att
1834 656 224 39 laxtionden

454 729 81 37 dels
563 727 55 37 till
648 726 95 50 följd
772 724 40 38 af
835 723 132 38 fiskets
996 719 204 50 aftagande
1230 718 71 37 och
1330 716 81 37 dels
1440 715 12 36 i
1481 712 209 49 anledning
1718 711 40 37 af
1781 709 165 37 nämnda
1971 721 87 35 reg-

452 781 169 46 leringar
640 781 48 46 på
709 789 133 24 senare
871 775 106 36 tiden
1005 776 41 32 så
1074 770 259 45 förminskats,
1362 773 54 31 att
1445 766 73 37 den
1546 765 102 36 inom
1677 762 195 47 åtskilliga
1898 760 160 36 försam-

453 831 126 48 lingar
619 829 84 36 icke
745 840 47 23 en
832 828 105 46 gång
973 823 169 47 försloge
1176 820 58 37 till
1262 817 192 51 gäldande
1484 816 40 36 af
1547 814 103 37 hvad
1677 814 146 35 kronan
1852 810 110 37 deraf
1984 809 76 36 till-

453 883 168 44 komme;
650 900 46 4 —
727 878 86 37 med
842 875 180 38 afseende
1051 877 20 33 å
1098 872 148 37 hvilket
1273 870 77 48 allt,
1380 869 71 37 och
1480 872 91 33 enär
1602 863 312 52 kyrkoherdarne
1943 861 11 36 1
1984 865 75 32 stä-

454 935 118 36 derna
600 931 106 38 alltid
735 929 98 37 varit
859 926 170 38 befriade
1057 924 83 37 från
1173 921 215 50 utgörande
1430 919 40 37 af
1506 915 290 51 ifrågavarande
1836 919 111 31 taxor
1988 912 72 36 och

452 984 152 51 gärder,
634 981 238 38 motionären
899 976 211 49 föreslagit,
1140 980 54 32 att
1221 972 245 48 »Riksdagen
1486 974 60 32 må
1565 969 11 36 i
1596 966 241 48 underdånig
1857 963 202 38 skrifvelse

451 1037 58 37 till
529 1034 141 49 Kongl.
691 1033 106 49 Maj:t
817 1030 161 47 anhålla,
1000 1033 52 32 att
1073 1025 315 51 kyrkoherdarne
1416 1022 81 37 från
1527 1021 46 37 de
1603 1023 42 33 så
1672 1017 151 38 kallade
1850 1022 110 31 taxor
1989 1014 72 37 och

453 1087 141 51 gärder
622 1089 115 34 måtte
764 1082 173 39 befrias».

555 1188 211 50 Angående
794 1182 291 52 ifrågavarande
1113 1179 202 50 utskylder
1342 1178 68 36 har
1437 1176 198 38 Utskottet
1662 1173 200 36 inhemtat:

556 1265 54 31 att
638 1258 59 46 de,
724 1255 122 37 under
882 1254 73 35 den
991 1262 288 37 gemensamma
1316 1245 302 47 benämningen:
1660 1243 211 35 Presternas
1907 1238 154 47 utlagor,

457 1315 63 34 äro
557 1314 199 45 upptagna
789 1306 12 36 i
831 1303 242 51 jordeboken
1103 1299 118 38 bland
1258 1296 189 39 ordinarie
1475 1300 136 32 räntan
1638 1292 122 37 under
1787 1288 168 51 följande
1984 1292 79 31 sär-

457 1362 126 37 skilda
625 1359 118 38 titlar:
800 1355 158 45 Gärden,
1010 1353 134 44 Tazen,
1195 1347 382 50 Boskapspenningar,
1628 1340 435 50 Prestekallspenningar,

457 1412 223 49 Altarhafre,
728 1407 232 38 Fodermarsk-
980 1405 92 36 eller
1091 1401 286 48 Formanshafre
1397 1399 71 36 och
1484 1395 259 39 Fodermarsk-
1760 1393 91 37 eller
1903 1403 161 24 Formans-

451 1464 221 51 penningar,
701 1459 229 49 Kongsskatt,
960 1454 267 44 Kontribution,
1256 1452 150 50 Afvexte
1433 1455 96 31 smör
1557 1447 72 37 och
1656 1440 244 59 Silfverskatt;

560 1536 53 31 att
631 1527 290 52 presterskapet
940 1524 119 48 åtagit
1079 1522 62 48 sig
1162 1521 147 38 Gärden
1328 1519 64 36 vid
1413 1530 145 24 samma
1577 1514 149 38 tillfälle
1755 1526 81 23 som
1866 1511 45 36 de
1941 1508 125 49 öfriga

459 1583 162 37 stånden
648 1581 12 36 i
689 1580 98 36 riket
815 1581 113 44 åtogo
958 1575 61 48 sig
1046 1570 330 51 landtågsgärden
1404 1569 92 36 eller
1523 1567 66 37 vid
1621 1567 92 35 1617
1740 1567 59 34 års
1819 1562 172 46 riksdag,
2013 1564 54 32 att

458 1639 158 43 utgöras
638 1631 87 37 med
747 1632 43 34 16
819 1628 105 36 daler
952 1626 56 36 för
1036 1624 132 48 hvarje
1196 1624 49 35 64
1265 1621 192 50 fullsäthis
1486 1620 142 42 bönder,
1658 1630 81 22 som
1767 1614 138 36 funnos
1935 1612 12 35 i
1976 1611 91 37 Gäl-

458 1686 64 47 let,
564 1684 72 37 och
676 1681 131 38 hvilka
850 1681 43 34 16
936 1677 104 37 daler
1074 1674 163 37 derefter
1270 1685 140 36 genom
1438 1667 351 50 riksdagsbeslutet
1818 1666 95 35 1620
1941 1661 128 38 blifvit

458 1735 176 49 förhöjde
661 1733 59 36 till
750 1733 43 35 18
823 1730 116 46 daler,
967 1727 65 37 vid
1060 1725 147 37 hvilket
1235 1724 139 48 belopp
1405 1721 124 54 denna
1556 1719 131 47 utlaga
1715 1717 220 36 sedermera
1962 1713 106 37 bibe-

459 1786 145 45 hållits;

562 1858 65 42 att,
654 1848 236 40 beträffande
920 1847 132 44 Tazen,
1082 1845 85 46 den,
1197 1842 121 48 enligt
1345 1840 104 38 hvad
1480 1840 94 36 1636
1604 1840 58 34 års
1685 1832 313 50 riksdagsbeslut
2020 1831 12 36 i
2048 1827 20 50 $

461 1909 20 34 6
511 1903 222 45 innehåller,
763 1906 42 31 är
834 1913 41 23 en
900 1897 161 51 gammal
1090 1896 134 48 utlaga,
1254 1907 74 23 som
1347 1894 67 47 för
1441 1891 79 36 hela
1548 1889 151 36 socknen
1728 1887 59 35 och
1815 1885 74 36 icke
1909 1897 21 23 af
1970 1896 99 23 man-

460 1957 94 43 talet,
584 1954 215 49 längesedan
819 1949 212 51 förordnad
1059 1952 53 39 är,
1143 1953 49 29 att
1222 1950 161 43 utgöras;
1426 1947 54 32 att
1517 1940 73 37 den
1631 1937 127 38 blifvit
1797 1934 178 38 bestämd
2016 1938 55 31 att

460 2009 94 46 utgå
582 2006 81 36 dels
692 2004 11 36 i
731 2002 227 50 penningar,
988 1999 81 36 dels
1099 1997 8 36 i
1137 1995 212 51 persedlar:
1382 1992 185 51 spanmål,
1597 1995 113 41 smör,
1741 2000 103 34 oxar,
1873 1986 81 47 kor,
1982 1984 87 46 lam,

462 2059 73 36 salt
562 2057 63 36 lax
654 2055 70 37 och
753 2052 229 47 strömming
1010 2053 98 33 samt
1134 2054 104 30 torra
1266 2045 149 50 gäddor
1436 2043 71 37 och
1528 2042 166 45 aborrar,
1722 2038 132 37 hvilka
1873 2035 198 51 persedlar

461 2110 103 35 lösas
607 2106 179 37 stundom
828 2103 93 37 efter
962 2107 54 30 ett
1056 2100 98 36 visst
1188 2113 47 22 en
1270 2100 105 45 gång
1409 2095 57 36 för
1505 2094 73 36 alla
1619 2096 98 32 åsatt
1758 2089 90 49 pris,
1891 2086 179 38 stundom

463 2160 94 37 efter
598 2154 248 40 kronovärdit
878 2153 71 37 och
983 2154 49 47 på
1067 2153 120 45 några
1215 2148 36 37 få
1278 2147 140 37 ställen
1446 2144 122 49 enligt
1595 2142 253 48 markegång;
1892 2142 99 33 samt
2020 2141 54 31 att

464 2212 46 36 de
538 2208 209 51 persedlar,
777 2219 81 24 som
887 2204 95 37 efter
1010 2200 239 39 sistnämnda
1282 2198 169 49 grunder
1493 2195 109 37 skola
1641 2198 170 43 utgöras,
1854 2190 220 36 sedermera

462 2261 127 37 blifvit
615 2257 249 39 förvandlade
892 2255 58 36 till
977 2252 215 51 penningar
1215 2250 154 49 jemlikt
1396 2246 289 38 föreskrifterna
1712 2244 12 35 i
1744 2241 141 48 Kongl.
1908 2238 166 38 Förord-

463 2313 143 48 ningen
636 2310 75 37 den
738 2311 46 34 23
812 2307 79 38 Juli
922 2307 112 43 1869;
