2238 2616
714 196 257 32 Statsutskottets
993 197 166 32 utlåtande
1182 198 51 31 Nr
1255 201 49 28 50.
1769 200 37 31 17

918 565 67 38 Nr
1013 566 77 38 50.

703 670 124 27 Ankom
852 671 48 27 till
924 671 187 37 riksdagens
1135 671 104 28 kansli
1264 672 60 27 den
1352 672 36 27 13
1413 672 79 37 april
1519 673 77 27 1923
1621 673 40 27 kl.
1690 673 12 28 1
1722 683 24 19 e.
1762 684 41 18 m.

516 761 194 36 Utlåtande
737 763 14 35 i
778 763 196 49 anledning
1004 777 43 22 av
1077 764 131 49 Kungl.
1231 765 127 48 Maj:ts
1375 765 224 47 proposition
1620 766 183 48 angående

618 822 157 48 befrielse
808 823 66 49 för
917 824 79 35 Eva
1024 824 152 49 Elfving
1199 824 94 49 från
1320 825 197 49 skyldighet
1545 833 54 28 att
1627 826 56 36 till
1707 833 95 41 post-

617 883 111 35 verket
752 884 114 47 gälda
894 884 87 35 visst
1000 884 297 49 penningbelopp.

1549 935 72 49 (4:e
1649 937 100 49 avd.)

306 1016 61 38 Uti
402 1031 46 23 en
476 1018 72 37 den
579 1021 20 34 9
629 1032 99 23 mars
759 1021 96 35 1923
885 1020 56 36 till
970 1020 205 49 riksdagen
1204 1022 148 36 avlåten
1380 1022 235 49 proposition
1645 1022 58 50 (nr
1727 1023 72 48 99),

204 1069 127 37 vilken
377 1070 59 36 för
483 1070 270 38 förberedande
794 1072 233 49 behandling
1067 1073 194 37 hänvisats
1304 1074 56 36 till
1401 1074 291 49 statsutskottet,
1735 1076 66 36 har

202 1121 141 49 Kungl.
376 1122 116 49 Maj:t,
521 1123 120 37 under
668 1124 235 49 åberopande
928 1138 47 23 av
994 1126 286 48 propositionen
1299 1126 148 48 bifogat
1464 1126 139 50 utdrag
1622 1141 48 22 av
1690 1133 112 31 stats-

202 1173 319 50 rådsprotokollet
559 1180 88 32 över
697 1176 511 38 kommunikationsärenden
1237 1178 57 36 för
1321 1192 143 22 samma
1493 1178 85 50 dag,
1608 1180 193 49 föreslagit

201 1225 207 50 riksdagen
449 1232 52 30 att
541 1227 134 37 fröken
715 1228 81 36 Eva
836 1228 159 49 Elfving
1035 1232 60 34 må
1136 1230 137 36 befrias
1302 1230 84 36 från
1415 1231 218 49 skyldighet
1661 1237 55 31 att
1744 1233 56 35 till

202 1278 218 47 postverket
456 1278 165 37 inbetala
650 1285 51 31 ett
728 1280 137 49 belopp
895 1295 48 22 av
973 1283 73 35 600
1074 1282 149 48 kronor,
1251 1282 210 49 utgörande
1490 1283 72 36 den
1590 1288 101 31 ännu
1719 1284 80 36 icke

201 1329 161 48 gäldade
403 1330 109 37 delen
554 1345 46 22 av
633 1345 46 23 en
708 1331 95 37 brist
831 1346 60 22 om
924 1334 111 45 1,000
1064 1333 149 47 kronor,
1243 1347 80 23 som
1351 1334 119 36 under
1497 1335 141 37 hennes
1666 1336 133 48 tjänst-

201 1381 138 49 göring
378 1385 125 33 såsom
545 1388 25 31 t.
602 1383 23 36 f.
668 1385 284 47 postexpeditör
992 1385 62 36 vid
1095 1386 263 48 postkontoret
1393 1386 12 36 i
1434 1385 174 38 Vansbro
1650 1387 71 37 den
1752 1390 45 35 19

202 1433 212 49 september
445 1436 96 35 1918
570 1435 237 49 uppkommit
834 1436 12 36 i
876 1436 72 36 den
978 1450 46 23 av
1043 1437 122 36 henne
1185 1438 329 36 omhänderhavda
1533 1438 148 47 kassan,
1702 1446 97 30 samt

202 1490 55 31 att
298 1485 62 37 det
399 1486 150 50 belopp,
591 1487 81 36 från
705 1501 85 24 vars
818 1488 188 49 gäldande
1035 1489 128 37 fröken
1193 1489 157 49 Elfving
1376 1490 157 37 sålunda
1560 1490 148 48 befrias,
1738 1495 60 34 må

200 1551 44 22 ur
271 1538 240 49 postverkets
538 1539 257 50 räkenskaper
824 1540 205 37 avskrivas.

303 1589 236 39 Beträffande
579 1592 249 48 utredningen
857 1593 12 35 i
897 1593 155 36 ärendet
1093 1593 55 36 får
1188 1593 185 37 utskottet
1400 1594 159 37 hänvisa
1587 1595 55 37 till
1670 1596 127 37 åbero-

200 1641 97 49 pade
324 1643 422 50 statsrådsprotokollet.

302 1744 86 38 Med
430 1745 179 37 skrivelse
650 1746 70 38 den
760 1749 21 34 9
819 1747 164 37 februari
1014 1750 96 35 1923
1138 1749 69 36 har
1233 1749 431 50 generalpoststyrelsen
1693 1756 105 32 över-

199 1796 142 37 lämnat
382 1810 45 23 en
470 1798 278 50 framställning
783 1799 83 36 från
895 1800 132 37 fröken
1055 1800 82 37 Eva
1163 1800 156 50 Elfving
1346 1806 55 31 att
1429 1815 48 23 av
1504 1803 73 36 nåd
1606 1803 101 36 bliva
1734 1804 62 37 be-

199 1848 96 36 friad
333 1849 82 37 från
451 1850 123 37 henne
602 1850 171 37 åvilande
801 1851 220 50 skyldighet
1049 1858 54 31 att
1131 1853 57 35 till
1215 1853 219 49 postverket
1461 1854 162 37 inbetala
1651 1860 54 31 ett
1734 1856 62 36 be-

198 1901 91 49 lopp
319 1914 46 29 av
395 1903 72 35 600
496 1902 151 48 kronor,
675 1903 210 49 utgörande
914 1904 73 36 den
1016 1910 99 30 ännu
1142 1904 81 37 icke
1251 1905 162 49 gäldade
1441 1906 108 37 delen
1569 1920 46 23 av
1634 1920 47 23 en
1702 1907 94 37 brist

199 1965 61 24 om
303 1954 111 47 1,000
455 1954 149 49 kronor,
634 1968 79 23 som
755 1956 119 36 under
910 1956 133 37 fröken
1070 1956 175 50 Elfvings
1273 1957 261 50 tjänstgöring
1560 1962 124 34 såsom
1713 1965 25 31 t.
1770 1960 24 36 f.

198 2005 282 50 postexpeditör
520 2007 64 36 vid
621 2007 264 50 postkontoret
918 2008 6 37 i
952 2008 173 37 Vansbro
1154 2009 71 36 den
1256 2011 45 35 19
1331 2010 213 49 september
1574 2012 97 36 1918
1700 2025 96 36 upp-

199 2060 88 33 stått
316 2057 11 36 i
355 2057 73 37 den
456 2072 47 22 av
531 2059 121 37 henne
681 2060 329 36 omhänderhavda
1039 2061 147 36 kassan.

301 2108 438 52 Generalpoststyrelsen
767 2112 67 36 har
861 2112 13 36 i
902 2113 58 36 sin
981 2113 263 36 ovannämnda
1264 2113 181 38 skrivelse
1465 2115 140 36 lämnat
1625 2128 45 23 en
1689 2116 106 37 redo-

198 2161 147 49 görelse
372 2162 12 36 i
412 2167 127 32 ämnet
568 2176 47 23 av
642 2164 12 36 i
682 2163 200 37 huvudsak
909 2165 167 48 följande
1103 2165 180 37 innebåll:

301 2228 136 33 Fröken
470 2230 139 42 Elfving
640 2231 97 39 hade,
762 2231 108 32 ehuru
904 2232 29 41 ej
969 2232 206 32 tillhörande
1208 2233 207 41 postverket,
1439 2233 109 32 under
1578 2236 37 30 år
1639 2235 80 31 1918
1742 2236 53 31 till

196 2271 85 42 följd
304 2283 40 20 av
367 2272 43 32 då
432 2273 150 32 rådande
605 2274 249 41 personalbrist
876 2274 88 31 varit
986 2275 148 31 anställd
1150 2277 113 30 såsom
1280 2278 22 29 t.
1319 2276 20 31 f.
1357 2276 260 42 postexpeditör
1631 2277 57 31 vid
1704 2280 91 39 post-

196 2314 160 32 kontoret
377 2315 13 31 i
412 2315 169 33 Vansbro.
626 2316 120 32 Under
768 2316 230 43 tjänstgöring
1020 2317 65 32 den
1111 2318 38 31 19
1173 2318 195 41 september
1389 2319 149 32 nämnda
1558 2321 36 30 år
1610 2319 88 32 hade
1714 2320 79 39 hon,

238 2368 118 37 Bihang
372 2368 45 30 till
431 2368 170 38 riksdagens
611 2370 146 37 protokoll
775 2371 89 28 1923.
912 2372 19 27 6
944 2371 84 29 saml.
1075 2372 39 28 32
1136 2371 73 36 häft.
1248 2369 61 40 (Nr
1324 2370 151 41 47—52.)
1611 2381 78 19 7123
1734 2376 17 27 3
