1868 2780
297 161 20 30 2
615 165 116 32 Första
754 167 229 38 lagutskottets
1004 173 171 31 utlåtande
1196 184 43 20 nr
1258 178 41 27 30
1319 176 40 30 år
1380 180 78 28 1961

294 267 51 31 II:
357 263 152 54 24/1960,
532 271 10 30 i
566 272 109 32 vilken
694 274 85 31 vissa
798 276 177 32 utländska
996 278 124 33 former
1139 291 39 20 av
1199 282 182 40 kortvarigt
1403 284 302 36 frihetsberövande
1726 291 58 30 och

294 312 227 34 erfarenheter
539 316 77 31 från
634 317 88 32 dessa
741 319 213 34 redovisades.
972 322 111 33 Bland
1097 324 42 32 de
1155 335 90 22 mera
1261 329 331 36 uppmärksammade
1608 333 177 33 utländska

295 356 153 33 försöken
464 359 65 32 kan
551 362 136 31 nämnas
709 364 66 30 The
793 364 191 39 Highfields
1002 367 133 39 Project
1155 370 12 30 i
1187 370 154 40 Trenton,
1361 373 79 31 New
1457 375 125 38 Jersey,
1602 376 96 39 USA,
1718 389 68 20 som

293 400 131 40 utgjort
446 403 184 34 förebilden
654 406 53 32 för
730 418 39 21 en
792 408 315 44 behandlingsform,
1135 414 108 32 vilken
1267 416 101 31 sedan
1393 418 80 31 1957
1498 420 189 33 införlivats
1711 424 74 31 med

293 449 108 28 staten
415 447 79 31 New
508 450 134 37 Jerseys
656 452 292 40 reaktionssystem.
965 456 17 30 I
999 456 186 33 blickfältet
1201 460 69 30 står
1284 461 95 31 också
1394 462 52 32 det
1463 465 153 37 engelska
1631 471 152 33 systemet

299 489 114 33 ”short
442 493 99 38 sharp
568 495 135 38 shock”,
729 497 101 32 vilket
859 499 167 39 tillämpas
1055 502 57 31 vid
1138 513 22 20 s.
1190 504 27 30 k.
1247 504 168 33 detention
1442 513 135 29 centres,
1607 516 81 26 samt
1720 512 62 32 den

290 535 169 38 västtyska
478 537 289 36 korttidsarresten
789 543 249 38 Jugendarrest.

332 607 16 29 I
369 608 193 40 anslutning
581 611 111 31 härtill
714 613 192 33 framhåller
925 617 250 35 motionärerna,
1202 625 47 26 att
1270 623 252 32 omnämnandet
1544 636 40 19 av
1605 627 176 32 utländska

289 662 145 36 exempel
456 661 68 32 icke
546 663 138 33 innebär
707 671 45 26 ett
778 668 113 31 förord
914 669 52 31 för
985 670 175 40 kopiering
1183 683 40 20 av
1247 674 10 30 i
1279 676 150 31 utlandet
1451 677 192 40 tillämpade
1665 682 115 30 anord-

288 711 129 40 ningar.
441 715 84 32 Vårt
550 717 79 31 land
652 720 100 30 måste
777 721 10 29 i
814 722 91 37 varje
929 724 183 32 enskildhet
1138 727 147 31 utforma
1310 729 58 31 sitt
1392 731 286 39 reaktionssystem
1706 735 73 31 med

287 765 126 39 hänsyn
435 768 51 30 till
507 769 39 31 de
566 770 102 31 behov
688 773 57 29 och
765 773 290 43 förutsättningar,
1076 788 66 21 som
1162 780 180 39 föreligger
1363 783 57 31 hos
1442 794 59 22 oss.

328 818 244 35 Motionärerna
598 825 237 39 understryker
854 828 164 40 slutligen,
1041 835 48 27 att
1115 842 40 21 en
1176 833 254 41 komplettering
1451 848 40 20 av
1512 840 265 39 reaktionssyste-

286 877 65 26 met
371 874 72 30 med
463 874 167 34 institutet
650 878 183 41 kortvarigt
853 881 301 36 frihetsberövande
1174 897 96 27 synes
1288 889 35 30 så
1345 891 169 39 väsentlig,
1535 896 50 28 att
1605 903 40 21 en
1667 895 110 31 utred-

285 924 83 37 ning
388 926 111 32 härom
518 934 80 26 utan
618 930 155 39 dröjsmål
791 933 60 31 bör
867 935 126 32 komma
1013 937 52 32 till
1084 939 106 32 stånd.

326 980 180 37 Angående
534 985 202 32 motionerna
766 988 10 29 i
807 989 106 38 övrigt
939 990 55 31 får
1019 992 158 32 utskottet
1208 994 137 32 hänvisa
1371 997 51 30 till
1450 999 164 31 motionen
1642 1001 132 32 IT:432.

283 1032 221 35 Beträffande
526 1038 39 30 de
589 1039 8 29 i
620 1040 201 32 motionerna
843 1044 195 32 omnämnda
1062 1046 175 32 utländska
1260 1048 165 33 formerna
1449 1061 39 21 av
1509 1052 183 41 kortvarigt
1716 1055 58 31 fri-

283 1086 255 35 hetsberövande
560 1110 43 3 —
627 1092 9 30 i
662 1093 93 37 fråga
780 1104 51 20 om
854 1095 84 32 vilka
964 1098 242 33 motionärerna
1234 1101 161 40 åberopar
1418 1105 123 31 motion
1566 1106 209 42 TII:24/1960

280 1157 43 4 —
343 1140 53 31 får
416 1142 158 33 utskottet
594 1145 132 32 hänvisa
745 1147 122 37 jämväl
889 1149 52 31 till
963 1151 54 31 det
1036 1162 41 20 av
1095 1154 296 36 parlamentariska
1409 1158 204 37 sakkunniga
1635 1162 139 37 avgivna

280 1190 221 36 betänkandet
531 1197 430 43 ”Ungdomsbrottslighet”
988 1215 22 20 s.
1037 1206 39 29 63
1100 1206 33 30 ff
1161 1207 101 37 (SOU
1287 1210 96 30 1959:
1397 1205 66 47 37).

666 1353 167 41 Tidigare
858 1356 383 45 riksdagsbehandling
1267 1372 45 23 m.
1333 1373 47 23 m.

320 1436 133 33 Tanken
470 1441 44 36 på
531 1445 45 27 ett
596 1442 181 40 kortvarigt
797 1446 303 35 frihetsberövande
1118 1450 54 31 för
1191 1453 377 41 ungdomsbrottslingar
1586 1458 61 30 har
1666 1459 10 30 i
1694 1460 75 31 vårt

275 1489 81 31 land
379 1491 173 34 framförts
578 1495 10 30 i
615 1496 105 31 skilda
741 1500 242 39 sammanhang.
1007 1502 132 33 Främst
1166 1505 63 30 kan
1253 1507 145 38 nämnas,
1425 1513 49 27 att
1497 1506 270 47 strafflagbered-

275 1542 123 38 ningen
422 1545 10 30 i
454 1546 58 31 sitt
537 1547 125 40 förslag
684 1550 51 31 till
758 1551 178 41 skyddslag
962 1557 157 37 upptagit
1143 1557 201 41 behandling
1366 1561 106 32 under
1495 1564 56 30 två
1576 1565 158 31 månader
1757 1567 9 29 i

273 1605 24 21 S.
315 1597 30 30 k.
363 1598 255 38 tillsynsanstalt
634 1603 102 31 såsom
752 1609 46 27 ett
815 1606 53 31 led
884 1607 10 30 i
913 1608 64 30 vad
994 1609 221 39 beredningen
1236 1613 103 32 kallat
1354 1615 249 40 skyddstillsyn,
1620 1619 145 32 närmast

273 1652 229 31 motsvarande
530 1664 24 21 s.
584 1655 28 31 k.
639 1655 216 35 kvalificerad
879 1659 165 41 villkorlig
1070 1663 75 31 dom
1171 1665 72 31 med
1269 1667 222 39 övervakning
1516 1670 60 31 och
1605 1672 160 32 särskilda

273 1702 218 35 föreskrifter.
516 1707 393 44 Anstaltsbehandlingen
932 1715 37 30 är
992 1717 122 31 avsedd
1138 1719 117 31 främst
1280 1720 53 30 för
1355 1731 88 28 unga
1466 1723 10 29 i
1502 1723 116 32 åldern
1642 1726 123 31 18—20

272 1755 39 30 år
340 1758 59 30 och
425 1759 81 31 skall
534 1761 10 30 i
571 1762 178 33 allmänhet
776 1765 109 32 inleda
912 1767 288 40 skyddstillsyvnen.
1230 1772 288 41 Skyddstillsynen
1551 1778 82 30 skall
1661 1776 102 46 enligt

271 1808 222 42 beredningen
512 1814 10 29 i
539 1814 250 40 undantagsfall
807 1819 35 30 få
859 1820 166 39 tillämpas
1041 1824 81 30 även
1144 1825 53 30 för
1218 1836 87 27 unga
1322 1827 11 30 i
1353 1828 114 32 åldern
1485 1831 123 30 15—17
1625 1832 46 38 år,
1689 1843 73 21 men

271 1861 54 31 för
343 1862 92 33 dessa
452 1865 82 32 skall
551 1867 201 41 behandling
760 1857 15 58 i
798 1871 253 39 tillsynsanstalt
1074 1877 67 31 inte
1160 1879 35 30 få
1213 1879 128 32 komma
1358 1881 10 30 i
1385 1882 105 39 fråga.

312 1918 94 31 Inom
420 1920 227 34 barnavården
661 1925 60 30 har
733 1925 331 36 försöksverksamhet
1082 1932 72 30 med
1169 1932 343 42 korttidsbehandling
1528 1938 117 38 pågått
1662 1940 98 31 sedan

268 1971 101 37 något
400 1973 44 31 år.
477 1974 256 34 Verksamheten
763 1979 150 33 bedrives
944 1982 56 31 vid
1031 1983 304 41 Hammargårdens
1368 1989 350 38 ungdomsvårdsskola
1750 1994 10 30 i

269 2019 358 47 Stockholms-trakten.
647 2030 257 42 Behandlingen,
924 2045 66 20 som
1010 2036 10 30 i
1039 2037 101 31 likhet
1160 2039 73 31 med
1256 2050 109 21 annan
1384 2042 201 38 behandling
1604 2046 55 30 vid
1679 2057 80 26 ung-

268 2076 278 35 domsvårdsskola
570 2083 82 30 skall
673 2084 111 31 kunna
809 2086 130 32 förenas
963 2089 74 31 med
1058 2091 176 34 eftervård,
1262 2095 36 28 är
1319 2095 120 31 avsedd
1461 2097 142 31 framför
1625 2100 58 30 allt
1705 2101 54 30 för

266 2130 121 38 pojkar
410 2133 11 29 i
441 2133 116 32 åldern
580 2136 122 31 15—17
723 2138 38 31 år
779 2140 75 30 med
875 2141 208 38 någorlunda
1103 2146 126 30 normal
1251 2149 151 35 uppväxt
1423 2150 58 30 och
1506 2148 250 47 personlighets-

265 2186 202 38 utrustning,
487 2187 89 32 vilka
594 2189 106 31 under
716 2191 194 37 puberteten
927 2195 90 37 gjort
1034 2196 51 38 sig
1100 2197 150 40 skyldiga
1270 2200 52 31 till
1341 2211 40 21 en
1398 2202 147 40 plötsligt
1569 2205 187 33 insättande

264 2236 225 40 kriminalitet,
511 2241 58 30 och
593 2242 162 32 dessutom
779 2245 53 31 för
851 2247 122 31 sådana
993 2259 68 21 som
1084 2251 106 31 under
1210 2253 211 33 arbetslöshet
1443 2257 197 32 missbrukat
1661 2260 93 37 sprit,

264 2289 129 32 förövat
414 2292 82 32 brott
522 2295 58 29 och
601 2297 81 30 måst
704 2298 279 41 omhändertagas.
1005 2303 160 31 Avsikten
1189 2306 37 29 är
1250 2310 44 27 att
1318 2307 240 40 behandlingen
1580 2313 41 36 på
1643 2313 111 30 skolan

264 2345 141 29 normalt
427 2346 81 30 skall
529 2348 86 36 pågå
636 2349 91 36 högst
749 2355 49 27 tre
820 2353 164 32 månader.

303 2395 67 31 Vid
396 2398 77 29 1958
495 2400 54 31 års
569 2401 176 40 B-riksdag
766 2405 128 31 väcktes
913 2408 296 39 motionsyrkande,
1236 2423 67 19 som
1327 2414 41 31 bl.
1392 2425 26 21 a.
1442 2417 131 36 syftade
1596 2418 48 30 till
1669 2419 82 30 infö-

262 2448 102 31 rande
391 2460 39 20 av
458 2451 183 41 kortvarigt
669 2456 222 33 frihetsstraff
917 2461 54 30 för
999 2472 90 28 unga
1114 2464 274 37 lagöverträdare.
1416 2469 186 39 Riksdagen
1630 2476 54 33 tog
1711 2473 40 31 då

262 2502 139 31 avstånd
425 2504 76 31 från
525 2507 122 31 tanken
670 2509 40 37 på
735 2510 124 32 sådana
881 2514 110 30 strafi.
1017 2515 176 33 Allmänna
1219 2518 365 41 beredningsutskottet,
1612 2535 65 20 som
1702 2526 50 31 Dhe-
