1926 2828
328 175 19 29 2
694 173 318 32 Bankoutskottets
1040 172 188 32 utlåtande
1254 172 53 31 Nr
1335 171 50 30 11.

285 253 179 31 allmänna
486 251 354 36 civilförvaltningen.
887 250 179 37 Därjämte
1090 250 134 37 yttrade
1248 250 51 37 sig
1323 249 153 32 nämnda
1499 250 192 36 kommitté,
1715 249 12 31 i
1750 250 49 30 ett

285 297 64 31 den
385 297 40 30 30
449 297 76 36 juni
550 296 83 31 1926
658 296 142 36 avgivet
823 295 187 35 utlåtande,
1034 297 80 28 över
1138 294 467 31 kommunikationsverkens
1629 294 169 30 lönekom-

286 342 115 29 mittés
436 340 214 31 betänkande
685 339 65 30 den
785 339 17 30 6
838 339 184 30 november
1057 339 84 29 1922
1177 338 174 36 angående
1379 338 241 35 pensionering
1643 348 45 20 av
1711 338 87 29 icke-

286 383 174 31 ordinarie
483 383 153 35 personal
652 383 60 30 vid
728 383 205 35 postverket,
950 381 274 36 telegrafverket,
1241 383 128 28 statens
1384 381 192 35 järnvägar
1592 380 62 30 och
1670 382 128 28 statens

285 426 298 35 vattenfallsverk,
609 426 12 30 i
645 426 110 30 vilket
788 425 178 30 utlåtande
993 425 365 35 pensionskommittén
1382 423 169 31 framlade
1576 423 127 35 förslag
1728 423 71 30 dels

286 470 56 31 till
378 480 47 27 ny
464 469 342 37 tjänstepensionslag
842 469 53 30 för
923 468 457 35 kommunikationsverken,
1403 467 239 31 innefattande
1664 466 134 37 jämväl

286 514 214 32 föreskrifter
523 513 145 31 rörande
696 513 241 36 pensionering
964 522 45 21 av
1033 513 98 29 extra
1154 512 173 30 ordinarie
1350 512 61 30 och
1436 511 140 31 därmed
1599 510 200 37 jämställda

287 559 210 35 tjänstemän
532 558 58 30 vid
625 557 151 30 nämnda
811 557 95 34 verk,
941 556 70 30 dels
1046 556 62 30 ock
1142 556 56 30 till
1224 555 202 35 kungörelse
1449 555 177 36 angående
1650 556 70 29 rätt
1742 554 57 31 till

286 601 270 36 tjänstepension
595 601 52 30 för
686 600 57 31 till
780 599 293 36 arbetarpersonal
1111 599 199 35 hänförliga
1344 598 360 36 anställningshavare
1738 597 60 31 vid

290 645 96 31 dessa
410 645 93 29 verk.

331 688 165 31 Förutom
519 697 47 21 nu
587 686 229 31 omförmälda
832 685 388 37 pensioneringsförslag
1237 684 201 31 utarbetade
1455 685 83 30 1921
1556 685 56 29 års
1628 684 172 36 pensions-

288 731 180 32 kommitté
502 731 100 30 också
635 731 92 30 vissa
762 730 130 35 förslag
927 729 56 31 till
1018 739 69 26 nya
1121 728 415 37 pensionsbestämmelser
1560 728 53 30 för
1637 728 162 31 försvars-

288 775 178 32 väsendets
500 774 367 36 beställningshavare.
922 773 155 31 Sålunda
1112 774 57 29 må
1203 775 154 33 nämnas,
1392 774 51 29 att
1478 772 204 31 kommittén
1710 772 12 30 i
1746 771 53 31 be-

288 819 171 31 tänkande
494 819 65 30 den
594 819 40 30 22
668 818 70 35 maj
763 818 84 30 1925
873 817 168 30 framlade
1064 817 129 35 förslag
1216 817 57 30 till
1296 817 133 29 militär
1453 815 345 37 tjänstepensionslag

288 865 91 28 samt
412 862 190 31 sedermera
626 880 40 2 —
690 861 87 31 efter
811 860 189 31 verkställd
1032 860 266 36 överarbetning
1330 870 45 20 av
1399 859 92 31 detta
1514 859 130 35 förslag
1669 876 39 3 —
1733 859 65 30 den

290 908 39 29 11
355 906 138 36 januari
517 906 83 30 1926
626 906 78 35 nytt
727 904 129 36 förslag
879 904 55 30 till
958 903 107 31 sådan
1089 904 65 35 lag.

333 949 110 31 Sedan
475 949 191 30 emellertid
698 958 70 26 nya
795 947 381 36 pensionssakkunniga
1200 946 109 35 enligt
1332 946 132 35 Kungl.
1489 945 118 35 Maj:ts
1623 945 176 36 bemyndi-

290 993 111 36 gande
425 992 65 31 den
508 993 18 29 4
547 992 190 36 september
753 991 83 31 1926
855 991 182 30 tillkallats
1061 990 53 31 för
1137 989 255 31 verkställande
1415 1000 45 19 av
1484 989 198 36 ytterligare
1706 991 93 28 över-

290 1037 183 35 arbetning
490 1046 44 20 av
547 1035 383 36 pensionskommitténs
943 1034 127 35 förslag
1083 1034 57 30 till
1156 1034 84 29 civil
1253 1033 218 35 pensionslag
1484 1034 88 28 samt
1588 1032 93 30 vissa
1692 1032 107 30 andra

290 1078 435 38 pensioneringsspörsmål,
737 1078 65 30 den
814 1088 26 20 s.
851 1078 33 30 k.
896 1078 84 30 1926
994 1079 56 29 års
1063 1076 360 36 pensionsutredning,
1434 1076 65 30 har
1510 1075 105 36 sagda
1629 1076 170 35 pensions-

290 1123 187 36 utredning
498 1122 65 31 den
587 1123 40 29 29
653 1131 92 21 mars
769 1122 84 30 1927
869 1121 138 36 avgivit
1021 1120 217 31 betänkande
1255 1120 75 30 med
1347 1120 127 35 förslag
1488 1119 55 30 till
1560 1129 46 26 ny
1622 1119 84 30 civil
1722 1128 77 26 pen-

290 1167 152 36 sionslag
453 1176 45 20 m.
510 1176 44 20 m.
579 1166 129 31 Vidare
720 1166 63 29 har
795 1164 391 37 pensionsutredningen
1200 1164 11 30 i
1225 1163 151 37 enlighet
1388 1163 76 31 med
1477 1164 62 29 sitt
1550 1163 156 36 uppdrag
1716 1163 83 30 före-

291 1211 76 31 haft
383 1211 54 30 till
453 1210 209 36 behandling
698 1210 122 35 frågan
844 1218 55 22 om
915 1208 241 36 pensionering
1173 1218 44 20 av
1233 1207 465 31 kommunikationsverkens
1713 1206 87 31 icke-

292 1255 173 31 ordinarie
488 1254 157 35 personal
667 1254 63 30 och
754 1254 11 29 i
789 1252 158 37 yttrande
976 1252 64 31 den
1065 1252 40 30 29
1129 1252 78 36 juni
1229 1252 83 30 1927
1330 1251 165 35 framlagt
1511 1250 130 36 förslag
1657 1250 71 31 dels
1744 1250 56 30 till

292 1298 344 36 tjänstepensionslag
654 1297 52 30 för
723 1297 208 35 tjänstemän
943 1296 60 30 vid
1015 1295 460 35 kommunikationsverken,
1490 1294 70 31 dels
1573 1295 61 29 ock
1647 1294 56 30 till
1715 1294 85 29 kun-

293 1341 148 36 görelser
465 1341 177 35 angående
658 1340 240 36 pensionering
915 1350 44 19 av
976 1338 294 36 arbetarpersonal
1287 1338 58 30 vid
1363 1338 151 30 nämnda
1530 1338 95 30 verk.
1657 1337 143 31 Jämväl

292 1384 384 36 pensionskommitténs
710 1382 235 37 nyssnämnda
979 1382 216 31 betänkande
1227 1381 144 31 rörande
1394 1381 242 36 pensionering
1660 1391 44 19 av
1728 1380 72 30 viss

292 1427 295 37 arbetarpersonal
604 1427 59 31 vid
680 1426 316 31 försvarsväsendet
1008 1426 61 30 och
1082 1426 178 30 allmänna
1272 1424 347 36 civilförvaltningen
1632 1424 63 30 har
1708 1423 93 31 varit

292 1472 146 30 föremål
470 1471 54 31 för
556 1471 239 36 övervägande
826 1471 95 30 inom
944 1469 400 37 pensionsutredningen,
1368 1478 70 21 som
1463 1468 66 31 den
1552 1468 41 30 25
1617 1468 183 30 november

293 1516 85 30 1927
403 1515 184 30 inkommit
610 1515 77 30 med
711 1514 142 31 särskilt
876 1514 213 30 betänkande
1114 1513 75 31 med
1214 1514 77 35 nytt
1315 1512 128 36 förslag
1467 1512 12 30 i
1504 1512 150 30 ärendet.

336 1557 88 32 Över
446 1559 161 36 samtliga
630 1558 407 36 pensionsutredningens
1060 1556 268 36 ifrågavarande
1352 1556 128 35 förslag
1504 1556 92 30 hava
1616 1555 185 36 yttranden

292 1602 190 31 infordrats
504 1602 63 30 och
590 1602 187 30 inkommit
800 1602 78 29 från
902 1601 255 31 vederbörande
1179 1600 218 30 ämbetsverk
1421 1600 61 30 och
1506 1599 250 36 myndigheter.

337 1646 127 31 Vidare
497 1646 63 30 har
583 1645 390 36 pensionsutredningen
998 1645 43 35 på
1064 1643 113 37 grund
1201 1654 45 20 av
1270 1645 48 29 ett
1341 1653 44 21 av
1409 1643 133 36 Kungl.
1567 1642 102 36 Maj:t
1691 1642 65 31 den
1781 1642 18 29 9

293 1690 79 36 juni
407 1690 83 31 1927
526 1689 168 31 meddelat
728 1689 143 30 särskilt
894 1688 154 36 uppdrag
1071 1687 183 31 verkställt
1277 1687 244 31 förberedande
1544 1686 257 35 undersökning

294 1733 146 31 rörande
475 1733 56 31 det
564 1735 78 34 sätt,
666 1734 108 35 varpå
798 1732 378 37 familjepensionering
1200 1732 52 30 för
1275 1731 262 31 icke-ordinarie
1560 1730 157 36 personal
1740 1729 60 31 vid

292 1777 448 31 kommunikationsverken
770 1777 62 30 och
855 1776 65 31 den
943 1776 107 31 civila
1072 1775 346 36 statsförvaltningen
1443 1776 88 29 samt
1554 1774 60 30 vid
1639 1774 163 30 försvars-

293 1821 163 30 väsendet
478 1821 90 30 skall
590 1821 120 30 kunna
733 1820 133 35 ordnas,
890 1820 112 30 därest
1025 1819 98 36 dylik
1139 1819 241 35 pensionering
1396 1818 152 30 befinnes
1563 1818 83 30 böra
1663 1818 139 29 komma

294 1864 56 31 till
374 1864 111 30 stånd.
520 1864 193 30 Resultatet
735 1874 45 19 av
804 1863 111 31 denna
939 1863 256 34 undersökning
1212 1862 63 30 har
1291 1861 392 36 pensionsutredningen
1699 1861 103 29 fram-

294 1907 73 36 lagt
389 1908 13 29 i
426 1909 48 29 ett
497 1907 65 31 den
591 1907 18 30 6
639 1907 173 31 december
837 1907 84 30 1927
945 1906 142 36 avgivet
1109 1905 225 31 betänkande.

336 1994 68 31 För
427 2003 85 27 egen
536 1994 52 31 del
612 1994 63 30 har
699 1994 386 36 departementschefen
1109 1994 12 29 i
1145 1993 124 35 frågan
1293 1993 108 34 yttrat
1425 1991 167 36 följande:

341 2055 138 30 »Såsom
501 2065 45 20 av
570 2054 65 31 den
657 2064 48 21 nu
729 2054 159 31 lämnade
912 2054 234 36 redogörelsen
1170 2054 164 35 framgår,
1358 2053 63 30 har
1445 2052 84 31 1926
1554 2053 56 29 års
1631 2051 171 35 pensions-

294 2098 187 35 utredning
515 2098 178 30 avlämnat
727 2098 127 34 förslag
882 2098 75 30 dels
980 2098 56 30 till
1060 2107 45 26 ny
1129 2097 83 30 civil
1236 2096 226 36 pensionslag,
1488 2096 75 30 dels
1587 2095 54 30 till
1665 2095 137 35 tjänste-

293 2142 217 35 pensionslag
526 2141 54 31 för
596 2141 459 35 kommunikationsverken,
1069 2141 74 30 dels
1155 2139 177 36 angående
1345 2139 242 36 pensionering
1598 2149 45 19 av
1655 2138 148 30 arbetar-

294 2185 156 36 personal
467 2185 59 31 vid
543 2185 459 35 kommunikationsverken,
1019 2185 75 30 dels
1111 2184 64 31 ock
1191 2183 145 31 rörande
1348 2183 241 36 pensionering
1601 2192 44 20 av
1656 2182 146 30 arbetar-

294 2229 157 36 personal
487 2229 59 30 vid
581 2229 318 30 försvarsväsendet
932 2229 61 30 och
1029 2228 180 30 allmänna
1242 2227 356 35 civilförvaltningen.
1649 2226 68 30 Vid
1752 2226 50 29 ut-

294 2273 182 30 arbetande
501 2282 44 21 av
568 2272 266 36 ifrågavarande
858 2272 127 36 förslag
1009 2272 62 30 har
1094 2271 392 36 pensionsutredningen
1509 2271 114 34 utgått
1646 2269 80 30 från
1753 2269 50 30 att

295 2316 55 30 det
383 2316 202 30 nuvarande
618 2318 160 34 systemet
810 2316 76 30 med
910 2315 171 31 särskilda
1104 2314 259 37 dyrtidstillägg
1387 2315 20 30 å
1431 2313 169 37 utgående
1623 2313 180 36 pensioner

295 2359 110 31 skulle
428 2360 72 30 tills
523 2359 119 30 vidare
665 2359 197 30 bibehållas.

339 2402 64 31 Att
426 2403 95 30 dessa
546 2403 128 35 förslag
698 2403 127 30 hittills
849 2403 74 30 icke
948 2402 164 30 föranlett
1134 2403 113 34 någon
1271 2401 263 35 framställning
1551 2400 54 30 till
1620 2399 183 35 riksdagen

296 2447 101 35 lärer,
433 2448 110 29 såsom
568 2446 155 36 framgår
746 2457 43 20 av
814 2446 442 36 statsverkspropositionen
1282 2445 54 30 till
1362 2445 83 30 1928
1470 2446 55 29 års
1549 2443 150 36 riksdag,
1723 2443 80 30 elfte

295 2490 222 31 huvudtiteln
541 2490 61 31 sid.
628 2491 29 35 5,
681 2490 280 36 huvudsakligen
978 2491 35 29 få
1029 2490 191 30 tillskrivas
1237 2489 56 30 det
1309 2488 241 35 förhållandet,
1567 2489 50 29 att
1633 2487 170 36 pensions-
