1900 2812
538 171 379 33 Jordbruksutskottets
941 171 177 32 utlåtande
1141 180 42 22 nr
1208 172 49 30 54.
1630 169 15 30 1

810 518 59 41 Nr
897 518 65 40 54.

693 639 110 24 Ankom
821 639 42 23 till
881 639 156 30 riksdagens
1055 638 87 24 kansli
1161 638 52 24 den
1231 636 31 26 11
1281 638 59 30 juni
1360 635 65 26 1943
1444 637 35 23 kl.
1498 635 15 25 2
1532 644 21 17 e.
1573 643 35 18 m.

357 743 181 30 Utlåtande
556 744 10 29 i
583 743 188 37 anledning
786 752 42 21 av
848 742 122 37 Kungl.
988 743 120 36 Maj:ts
1125 743 215 36 proposition
1358 740 177 38 angående
1551 740 87 37 pris-

574 792 199 37 reglerande
790 793 159 37 åtgärder
963 793 46 37 på
1024 792 222 38 jordbrukets
1265 791 140 31 område
1416 800 45 22 m.
1473 800 45 21 m.
1530 790 108 37 jämte

576 845 10 29 i
612 844 117 30 ämnet
754 843 125 31 väckta
901 844 180 31 motioner.

178 962 13 30 I
220 961 88 31 årets
334 962 405 37 statsverksproposition
764 962 65 30 har
857 962 123 36 Kungl.
1007 960 102 37 Maj:t
1135 960 177 37 föreslagit
1338 960 186 36 riksdagen
1550 962 50 28 att
1625 959 13 30 i

133 1012 151 31 avbidan
302 1012 47 37 på
369 1012 148 31 särskild
537 1012 217 37 proposition
773 1012 156 31 beräkna
949 1012 56 30 för
1024 1010 203 38 budgetåret
1251 1007 141 34 1943/44
1414 1010 71 31 dels
1512 1007 124 40 (punk-

133 1066 56 27 ten
219 1064 61 30 108
310 1063 11 30 i
349 1062 127 32 nionde
504 1059 231 41 huvudtiteln)
768 1062 52 30 till
848 1062 277 36 Prisreglerande
1155 1061 158 36 åtgärder
1339 1060 47 37 på
1413 1060 223 37 jordbrukets

131 1113 142 31 område
294 1116 47 28 ett
361 1113 352 36 reservationsanslag
733 1122 42 21 av
798 1113 196 36 93,000,000
1016 1113 139 36 kronor,
1178 1112 71 31 dels
1271 1111 65 31 ock
1364 1110 169 40 (punkten
1557 1107 73 40 109)

132 1164 52 30 till
208 1164 192 31 Kostnader
425 1164 12 29 i
463 1164 172 30 samband
661 1164 80 30 med
768 1164 148 30 svenska
940 1162 450 37 spannmålsaktiebolagets
1415 1162 223 30 verksamhet

131 1217 47 29 ett
200 1215 350 37 reservationsanslag
571 1224 43 21 av
635 1214 196 36 25,000,000
852 1214 140 30 kronor.

177 1265 199 31 Sedermera
395 1266 65 29 har
481 1264 122 37 Kungl.
624 1264 103 37 Maj:t
748 1264 11 30 i
779 1274 43 21 en
843 1264 50 30 till
913 1264 186 36 riksdagen
1122 1264 67 30 den
1209 1264 42 30 30
1272 1263 89 36 april
1384 1263 83 30 1943
1488 1262 147 36 avlåten,

131 1316 51 30 till
208 1315 355 37 jordbruksutskottet
589 1315 171 30 hänvisad
786 1314 227 37 proposition,
1040 1324 42 20 nr
1108 1315 72 35 246,
1207 1314 112 30 under
1346 1313 222 36 åberopande
1593 1321 43 22 av

130 1367 106 35 bilagt
255 1367 125 35 utdrag
402 1376 43 20 av
465 1365 377 37 statsrådsprotokollet
861 1366 81 29 över
962 1365 342 36 jordbruksärenden
1325 1364 56 30 för
1402 1373 136 21 samma
1558 1364 76 35 dag,

131 1416 176 37 föreslagit
324 1417 186 36 riksdagen

175 1465 71 31 dels
268 1469 125 34 antaga
411 1467 57 31 vid
487 1466 261 36 propositionen
767 1466 125 35 fogade
910 1465 131 36 förslag
1059 1464 52 31 till

176 1516 27 40 1)
234 1516 205 37 förordning
457 1526 57 21 om
532 1516 223 36 tillverkning
773 1525 43 21 av
832 1514 229 38 potatismjöl;

172 1565 31 40 2)
234 1565 202 37 förordning
459 1574 57 21 om
538 1564 139 31 fortsatt
701 1564 153 36 giltighet
877 1574 42 20 av
941 1563 248 37 förordningen
1211 1564 66 30 den
1301 1564 42 30 28
1367 1563 75 39 juni
1468 1564 83 30 1941
1582 1562 53 40 (nr

198 1615 7 40 )
236 1617 178 37 angående
431 1617 235 37 mjölkavgift;

194 1666 8 40 )
233 1666 204 37 förordning
462 1676 58 20 om
545 1666 140 30 fortsatt
710 1665 154 37 giltighet
889 1675 43 20 av
957 1665 248 36 förordningen
1231 1665 65 30 den
1320 1666 17 29 7
1365 1664 75 40 juni
1466 1665 83 30 1935
1582 1664 53 40 (nr

195 1718 9 40 )
237 1718 177 38 angående
439 1718 314 37 slaktdjursavgift;

196 1767 8 39 )
234 1769 205 37 förordning
460 1779 57 21 om
540 1769 139 31 fortsatt
699 1768 154 37 giltighet
875 1778 42 20 av
939 1768 249 35 förordningen
1211 1768 66 29 den
1304 1768 36 29 11
1366 1766 76 37 juni
1467 1767 83 30 1937
1579 1763 54 40 (nr

129 1819 75 40 369)
230 1819 179 37 angående
429 1819 241 31 utförselbevis
692 1819 56 30 för
769 1819 61 36 råg
850 1819 65 30 och
936 1822 87 31 vete;

173 1869 71 31 dels
266 1870 64 30 ock

176 1917 27 40 1)
228 1920 160 36 medgiva
407 1920 123 36 Kungl.
550 1919 103 36 Maj:t
673 1922 49 27 att
742 1918 137 37 vidtaga
896 1917 227 37 erforderliga
1143 1917 158 36 åtgärder
1321 1917 51 30 till
1391 1917 168 36 reglering
1578 1916 55 30 för

128 1970 290 30 nästkommande
446 1969 227 37 regleringsår
704 1978 43 21 av
779 1968 243 37 produktions-
1054 1969 66 29 och
1150 1967 483 36 avsättningsförhållandena

127 2021 47 36 på
193 2020 220 37 jordbrukets
434 2019 142 31 område
597 2020 12 29 i
629 2018 233 37 huvudsaklig
882 2018 340 30 överensstämmelse
1243 2018 80 30 med
1345 2026 42 22 av
1408 2017 223 36 föredragan-

128 2072 42 30 de
192 2070 380 37 departementschefen
595 2070 148 36 angivna
766 2068 185 36 riktlinjer;
977 2071 90 28 samt

173 2119 29 39 2)
231 2122 55 29 för
305 2121 202 36 budgetåret
532 2116 142 34 1943/44
699 2119 20 31 å
741 2119 257 35 driftbudgeten
1019 2118 20 31 å
1059 2118 126 30 nionde
1208 2117 219 31 huvudtiteln
1448 2118 121 29 anvisa

172 2169 31 39 a)
233 2171 49 30 till
308 2171 277 36 Prisreglerande
609 2170 159 36 åtgärder
789 2169 47 36 på
859 2169 222 36 jordbrukets
1107 2168 141 30 område
1271 2171 47 27 ett
1341 2168 289 30 reservationsan-

128 2222 72 36 slag
218 2231 42 20 av
280 2222 195 34 99,000,000
496 2221 143 34 kronor;

171 2269 33 39 b)
229 2271 48 30 till
296 2271 192 30 Kostnader
507 2270 10 29 i
536 2270 170 29 samband
724 2269 80 29 med
822 2268 147 30 svenska
987 2267 449 36 spannmålsaktiebolagets
1455 2268 174 29 verksam-

127 2323 58 29 het
205 2324 46 27 ett
270 2320 351 36 reservationsanslag
640 2329 41 19 av
702 2319 196 35 41,500,000
920 2319 138 28 kronor.

172 2371 62 30 Vid
262 2370 260 37 propositionen
549 2369 125 36 fogade
700 2368 356 35 författningsförslag
1084 2368 60 29 äro
1172 2376 42 21 av
1242 2366 155 36 följande
1422 2367 138 36 lydelse.

170 2494 109 32 Bihang
290 2493 42 25 till
343 2493 167 31 riksdagens
522 2491 146 32 protokoll
682 2491 73 25 1943.
778 2492 31 24 10
821 2490 79 25 saml.
927 2491 39 23 Nr
983 2490 38 23 54.
1585 2488 13 24 1
