2203 2727
456 104 38 32 12
611 105 112 31 Andra
750 108 206 29 Kammarens
982 108 109 36 Tredje
1117 109 176 37 Tillfälliga
1323 110 134 30 Utskotts
1486 112 167 29 Utlåtande
1678 112 58 29 N:o
1760 114 45 27 19.

416 201 116 29 nären
575 192 81 38 haft
696 193 76 37 lika
804 195 159 49 mycken
992 196 148 47 verklig
1170 196 205 50 anledning
1403 203 55 31 att
1486 198 137 37 föreslå
1652 213 47 23 en
1727 199 114 38 sådan
1871 201 136 37 under-

411 246 159 49 sökning
610 246 12 35 i
663 247 124 48 gamla
827 246 155 50 Sverige
1023 261 80 30 som
1132 249 11 35 i
1172 248 122 37 Skåne
1337 250 104 44 eller,
1478 250 194 46 omvändt,
1701 251 81 37 haft
1810 253 76 36 lika
1913 254 92 36 liten

411 297 147 49 verklig
587 297 206 49 anledning
822 304 55 31 att
905 299 139 49 begära
1066 299 284 51 undersökning
1369 302 11 35 i
1400 301 136 41 Skåne,
1556 315 80 23 som
1656 303 10 35 i
1687 304 126 47 gamla
1832 303 174 50 Sverige;

411 353 40 44 ty
485 348 45 37 de
561 348 40 37 af
625 349 241 37 motionären
894 351 10 35 i
934 351 132 48 början
1095 350 40 37 af
1157 352 196 37 motionen
1383 354 226 48 åberopade,
1630 355 11 35 i
1661 353 123 38 Skåne
1805 355 201 38 inträffade

410 400 201 37 händelser
652 408 78 37 äro,
763 402 120 48 enligt
911 402 99 36 hvad
1039 402 197 37 Utskottet
1264 417 109 23 anser
1402 405 69 36 och
1500 406 83 35 sökt
1611 406 90 45 visa,
1731 405 40 38 af
1795 407 211 37 beskaffen-

409 452 66 36 het
516 457 56 31 att
614 452 81 36 icke
736 451 102 49 gifva
879 453 84 37 stöd
1005 457 38 33 ät
1079 454 189 49 förslaget.
1321 455 109 37 Hvad
1459 457 68 36 här
1554 456 126 37 blifvit
1708 458 109 48 sagdt
1845 472 60 23 om
1934 458 72 37 för-

408 503 197 36 hållandet
646 504 161 36 emellan
848 506 124 46 gamla
1012 504 155 49 Sverige
1198 507 68 35 och
1297 506 122 38 Skåne
1449 509 120 47 gäller
1597 509 9 35 i
1637 516 102 28 ännu
1768 510 114 48 högre
1911 510 93 48 grad

412 568 61 22 om
515 554 255 37 förhållandet
799 557 161 35 emellan
988 556 137 45 Skåne,
1154 561 20 32 å
1202 571 71 24 ena
1301 559 119 44 sidan,
1451 560 69 34 och
1551 560 45 36 de
1625 561 196 48 samtidigt
1849 560 155 37 dermed

413 606 59 36 till
513 605 155 50 Sverige
711 605 174 39 afträdda
924 608 246 49 landskapen,
1211 608 176 47 Halland,
1429 610 182 50 Blekinge
1654 611 69 36 och
1751 611 205 46 Bohuslän,
1985 616 22 33 å

408 657 118 37 andra
566 658 118 36 sidan.
739 657 411 50 Samhällsbildningen
1178 660 9 35 i
1219 660 108 37 dessa
1359 667 56 31 tre
1454 662 183 50 landskap
1666 663 134 45 hvilar,
1829 664 135 36 liksom
1992 664 11 36 i

410 707 138 46 Skåne,
590 713 46 45 på
679 711 249 47 ursprunglig
955 711 128 36 Dansk
1119 712 143 47 grund;
1292 713 68 35 och
1390 713 163 36 Haliand
1583 715 68 34 och
1680 714 183 50 Blekinge
1892 715 112 37 hafva

414 760 119 35 under
560 760 153 35 Danska
740 761 107 35 tiden
875 761 84 49 lydt
986 761 146 36 Skånsk
1160 763 70 47 lag.
1271 763 86 35 Man
1386 764 71 35 kan
1488 764 47 35 då
1554 765 183 47 billigtvis
1757 765 118 47 fråga,
1896 766 107 35 hvar-

406 808 80 38 före
528 811 80 36 icke
650 811 239 36 motionären
930 818 124 30 ansett
1096 812 332 49 undersökningen
1456 815 92 36 böra
1576 814 153 49 öfvergå
1757 815 111 38 äfven
1897 816 107 38 dessa

408 867 56 31 tre
493 862 194 47 landskap.
740 861 135 38 Svaret
904 867 46 45 på
979 864 124 36 denna
1129 863 106 49 fråga
1262 865 109 36 torde
1400 867 102 47 ligga
1529 867 12 35 i
1570 867 64 35 det
1661 866 240 49 föregående.

542 911 125 38 Sedan
708 912 196 38 Utskottet
945 914 157 37 härmed
1145 914 153 38 afslutat
1333 916 73 37 den
1435 918 192 48 egentliga
1654 919 284 49 granskningen
1967 919 40 37 af

406 964 280 49 motiveringen
727 963 57 37 för
824 964 180 50 förslaget
1046 966 68 36 och
1149 967 84 35 sökt
1260 968 80 35 visa
1368 968 83 36 dess
1480 968 323 49 underhaltighet,
1832 971 171 36 anhåller

406 1014 196 37 Utskottet
643 1021 56 30 att
726 1015 36 36 få
789 1015 97 37 fästa
914 1016 244 37 Kammarens
1188 1020 336 46 uppmärksamhet
1553 1024 47 45 på
1628 1033 46 22 en
1701 1020 117 49 fråga,
1847 1022 153 37 hvilken

406 1067 312 48 oemotståndligt
752 1072 129 43 trängt
909 1068 56 48 sig
993 1072 47 44 på
1068 1067 208 46 Utskottet,
1305 1070 73 36 den
1407 1072 202 48 nemligen,
1638 1072 112 44 huru,
1778 1073 11 35 i
1818 1073 181 37 händelse

409 1118 72 36 den
510 1117 213 49 föreslagna
750 1119 192 36 komitéen
971 1120 150 36 komme
1150 1121 58 36 till
1237 1122 121 44 stånd,
1387 1122 228 48 Riksdagen,
1644 1123 115 36 sedan
1788 1125 46 35 de
1862 1138 138 35 genom

403 1169 194 36 komitéen
626 1170 247 37 åstadkomna
902 1171 275 49 upplysningar
1197 1172 10 35 i
1228 1179 128 30 ämnet
1381 1173 126 37 blifvit
1526 1174 214 48 Riksdagen
1763 1176 237 44 meddelade,

403 1221 128 35 kunde
574 1221 70 36 och
684 1221 117 36 borde
843 1221 149 36 förfara.
1045 1222 238 37 Motionären
1318 1224 67 36 har
1413 1225 80 36 icke
1524 1227 139 35 uttalat
1690 1230 126 44 någon
1844 1229 155 47 mening

406 1271 148 45 derom;
595 1272 100 36 blott
735 1275 39 33 så
815 1273 152 48 mycket
1006 1272 166 50 framgår
1212 1273 40 36 af
1288 1274 92 37 hans
1414 1274 151 50 förslag,
1594 1282 54 31 att
1678 1276 74 37 han
1780 1278 81 36 icke
1892 1291 108 24 anser

402 1321 234 49 Riksdagens
664 1322 215 49 befattning
909 1324 83 36 med
1021 1325 158 36 ärendet
1199 1326 125 35 slutad
1346 1326 155 37 dermed
1523 1333 55 30 att
1598 1341 47 22 en
1664 1327 144 37 komité
1828 1329 173 37 kommer

402 1374 58 35 till
501 1373 123 45 stånd,
667 1379 91 30 utan
798 1373 223 38 förutsätter
1063 1381 55 31 att
1158 1376 214 48 Riksdagen
1414 1378 11 34 i
1467 1379 206 48 anledning
1714 1379 41 36 af
1788 1380 210 36 komitéens

402 1424 209 48 åtgörande
652 1425 94 35 skall
789 1425 129 36 vidare
947 1426 159 36 besluta.
1159 1426 56 37 Då
1244 1429 239 35 motionären
1511 1430 142 35 lemnat
1682 1430 196 37 Utskottet
1907 1437 92 30 utan

402 1475 49 36 all
491 1475 158 48 ledning
690 1474 41 37 af
765 1476 94 36 hans
902 1477 173 36 omdöme
1118 1477 63 36 vid
1208 1479 234 36 besvarande
1472 1479 41 37 af
1536 1493 51 23 nu
1617 1481 235 50 uppkastade
1880 1481 118 49 fråga,

401 1529 118 33 måste
561 1525 197 38 Utskottet
784 1526 149 38 försöka
962 1533 54 31 att
1044 1531 47 46 på
1120 1542 94 35 egen
1242 1529 101 36 hand
1371 1537 91 41 göra
1490 1532 57 48 sig
1574 1533 91 36 reda
1692 1533 69 43 för,
1790 1532 99 37 hvad
1918 1547 80 23 som

401 1577 128 36 kunde
557 1577 153 36 komma
738 1584 55 30 att
821 1578 41 36 af
872 1579 126 35 Andra
1020 1580 226 36 Kammaren
1267 1581 167 36 beslutas
1455 1582 96 36 efter
1572 1583 62 37 det
1656 1584 45 36 de
1721 1597 137 33 genom
1879 1585 119 36 komi-

400 1629 87 35 téen
521 1641 128 23 vunna
684 1630 275 48 upplysningar
997 1629 127 37 blifvit
1157 1630 40 36 af
1220 1631 133 48 Kongl.
1383 1632 104 49 Maj:t
1515 1631 225 52 Riksdagen
1759 1635 236 37 meddelade.

399 1678 142 37 Dervid
581 1680 70 36 bör
691 1679 197 38 Utskottet
927 1680 94 37 först
1050 1682 190 45 anmärka,
1284 1688 55 31 att
1380 1682 176 39 afseende
1586 1689 19 33 å
1633 1687 256 47 grundlagens
1917 1687 80 36 bud

399 1730 214 48 säkerligen
654 1731 149 36 komme
845 1738 56 29 att
941 1731 194 38 förhindra
1176 1733 247 37 inträffandet
1464 1735 87 37 utaf
1586 1738 164 36 flertalet
1778 1736 40 37 af
1843 1737 46 37 de
1918 1737 78 45 fall,

399 1781 129 36 hvilka
556 1781 127 36 kunde
713 1783 55 34 uti
798 1781 286 49 ifrågavarande
1114 1783 175 37 afseende
1319 1786 132 36 tänkas
1480 1790 122 33 såsom
1631 1789 163 48 möjliga.

549 1831 65 37 Ett
641 1833 179 36 tänkbart
847 1832 65 37 fall
942 1847 88 23 vore
1060 1835 157 44 således,
1247 1841 55 31 att
1330 1835 238 47 Kammaren,
1599 1839 97 37 efter
1725 1840 268 48 emottagande

401 1882 40 37 af
480 1882 364 38 ofvanomförmälda
873 1885 286 49 upplysningar,
1213 1887 222 37 betraktade
1466 1888 84 36 dem
1580 1894 122 32 såsom
1732 1890 133 37 endast
1893 1891 101 36 med-

399 1934 133 36 delade
573 1935 60 35 till
674 1934 215 37 kännedom
930 1942 108 38 samt,
1070 1943 92 30 utan
1191 1943 55 31 att
1274 1938 10 35 i
1314 1939 206 49 anledning
1548 1941 110 36 deraf
1682 1943 160 35 anställa
1869 1946 124 45 någon

398 1985 234 48 granskning
673 1986 92 36 eller
804 1985 96 37 fatta
941 1991 115 43 något
1096 1989 139 43 beslut,
1276 1989 83 36 lade
1402 1990 191 37 desamma
1620 1993 59 35 till
1708 1993 284 48 handlingarne.

398 2035 114 38 Detta
551 2049 90 22 vore
684 2042 92 31 utan
816 2037 132 36 tvifvel
990 2043 54 31 ett
1084 2037 233 51 fullkomligt
1359 2040 132 49 lagligt
1533 2048 75 31 sätt
1637 2049 55 30 att
1720 2047 47 45 gå
1794 2044 59 36 till
1880 2052 111 41 väga;

397 2099 87 23 men
526 2086 65 37 det
631 2087 120 37 skulle
795 2088 252 49 ovilkorligen
1087 2088 199 39 framkalla
1326 2091 143 49 frågan,
1512 2093 153 37 hvartill
1695 2094 65 37 det
1788 2095 119 49 tjenat
1936 2101 55 30 att

397 2136 182 38 förordna
620 2151 47 23 en
700 2138 154 45 komité,
884 2140 47 35 då
959 2153 87 23 man
1074 2141 81 35 icke
1184 2147 88 43 toge
1302 2146 116 45 något
1446 2143 216 38 hänseende
1691 2146 57 35 till
1779 2146 44 36 de
1852 2159 136 35 genom

398 2188 218 37 densamma
644 2189 248 37 åstadkomna
921 2192 284 49 upplysningar.
