2242 2723
404 119 113 31 Andra
541 121 208 29 Kammarens
775 120 113 37 Tredje
913 118 180 40 Tillfälliga
1121 120 136 31 Utskotts
1286 120 168 31 Utlåtande
1480 121 58 32 N:o
1562 123 49 29 19.
1729 119 38 34 21

214 204 175 46 bedöma,
418 206 98 36 huru
543 219 51 23 nu
621 205 163 37 berörda
809 206 235 37 förhållande
1069 206 70 36 bör
1157 206 203 50 uppfattas,
1380 206 141 37 tillåter
1540 207 57 49 sig
1616 207 194 38 Utskottet

216 260 54 31 att
298 255 69 36 här
395 256 230 49 ordagrannt
654 256 183 48 återgifva
863 257 278 50 Kungörelsens
1161 257 176 45 innehåll,
1367 259 41 34 så
1426 257 290 50 lydande:»Vid
1737 258 73 37 den

212 305 59 36 för
301 305 46 37 de
375 320 74 36 nya
472 307 321 48 jordeböckernas
821 309 230 49 granskning
1078 308 163 36 skeende
1265 308 217 48 jemförelse
1511 309 159 36 emellan
1698 308 111 37 dessa

214 356 70 36 och
314 356 45 37 de
389 357 105 36 äldre
522 358 106 36 skola
657 358 45 36 de
727 358 263 47 jordeböcker,
1028 372 81 25 som
1137 364 213 44 upprättats
1380 362 40 33 år
1450 361 94 35 1793
1572 360 12 35 i
1612 352 196 56 Östergöt-

213 406 122 46 lands,
379 411 40 33 år
451 410 92 35 1797
573 409 11 35 i
613 408 236 37 Stockholms
879 416 96 30 samt
1003 414 40 33 år
1075 411 92 35 1795
1196 411 12 34 i
1236 410 115 36 rikets
1380 409 120 49 öfriga
1527 411 72 44 län,
1628 410 118 37 blifva
1761 410 46 36 de

214 457 132 46 äldste,
387 459 59 36 till
475 459 128 36 hvilka
629 459 243 48 jemförelsen
899 462 222 43 utsträckes,
1155 466 96 30 samt
1277 460 238 49 följaktligen
1543 461 112 49 ingen
1681 461 125 37 förän-

214 507 110 50 dring
365 508 40 37 af
446 509 140 36 sådana
621 510 272 45 förhållanden,
923 524 81 24 som
1031 511 55 37 uti
1115 510 233 37 sistnämnda
1376 511 68 36 och
1472 511 215 36 sedermera
1713 525 94 36 upp-

212 559 148 36 rättade
385 559 255 48 jordeböcker
668 560 246 38 oförändradt
949 563 68 35 och
1044 567 91 31 utan
1163 562 246 48 anmärkning
1436 562 205 48 iakttagits,
1669 562 137 49 ifråga-

211 609 161 46 komma,
408 616 90 31 utan
527 612 65 35 allt
621 611 132 36 sådant
794 611 12 36 4
832 612 176 37 Kronans
1036 614 83 35 sida
1147 612 121 36 såsom
1296 612 85 48 laga
1414 612 235 50 kraftvunnet
1683 626 123 30 anses;

217 660 95 36 dock
342 666 54 31 att
423 662 11 35 i
463 661 180 36 händelse
664 662 299 49 skiljaktigheter
983 665 160 35 emellan
1163 664 313 46 anteckningarne
1492 664 55 35 uti
1562 662 246 38 förenämnda

207 711 265 47 jordeböcker,
502 713 127 35 hvilka
656 713 9 35 i
696 713 205 37 allmänhet
928 720 136 43 utgöra
1090 714 84 50 fyra
1199 713 58 36 för
1285 714 129 47 hvarje
1442 715 73 44 län,
1557 714 121 37 skulle
1705 714 100 37 före-

210 763 119 35 finnas
373 764 68 35 och
472 763 109 36 dessa
609 764 267 48 anteckningar
909 766 158 35 sålunda
1094 766 80 34 icke
1202 765 126 35 kunna
1354 777 137 35 genom
1518 764 287 49 ifrågavarande

210 812 344 38 tidsbestämmelse
595 814 176 44 befästas,
814 816 282 48 undersökning
1135 815 58 36 för
1232 815 210 37 utrönande
1476 815 39 36 af
1538 821 100 31 rätta
1666 817 141 36 förhål-

212 863 129 36 landet
374 864 56 36 får
458 864 109 36 äfven
594 866 55 34 uti
678 865 105 36 äldre
807 866 253 47 jordeböcker
1087 867 204 47 företagas;
1334 866 180 36 skolande
1544 866 63 36 det
1636 867 171 37 deremot

213 927 91 23 vara
332 927 125 24 annan
476 916 331 49 jordinnehafvare
834 921 48 31 än
911 917 155 36 Kronan
1096 918 187 47 obetaget,
1312 918 10 34 i
1351 917 100 36 hvad
1479 918 92 35 hans
1599 924 76 30 rätt
1690 925 117 37 rörer,

212 970 67 39 att,
319 971 90 31 utan
449 967 272 47 inskränkning
747 968 58 34 till
833 971 123 45 någon
991 970 74 34 viss
1094 968 69 44 tid,
1193 973 100 31 emot
1322 968 72 36 den
1421 969 230 48 upprättade
1676 969 130 49 jorde-

212 1016 124 36 boken
364 1018 54 35 uti
439 1018 64 35 för
531 1018 113 48 öfrigt
672 1017 160 49 stadgad
861 1019 161 49 ordning
1049 1020 136 35 besvär
1214 1018 155 37 anföra».

347 1067 198 38 Utskottet
575 1069 67 36 har
671 1082 50 22 nu
750 1070 117 35 slutat
895 1070 56 35 sin
979 1071 233 47 granskning
1240 1069 40 36 af
1304 1071 213 44 motionen;
1547 1071 69 36 och
1644 1070 59 37 för
1722 1071 86 45 den,

212 1132 80 23 som
335 1119 86 36 med
462 1123 125 44 någon
628 1120 337 48 uppmärksamhet
998 1121 83 47 följt
1110 1121 124 35 denna
1260 1122 243 48 granskning,
1533 1123 73 35 kan
1635 1122 64 36 det
1726 1122 82 36 icke

211 1184 90 23 vara
342 1169 260 50 tvifvelaktigt
642 1171 59 36 till
742 1171 145 36 hvilket
928 1173 76 35 slut
1045 1172 197 36 Utskottet
1283 1176 117 32 måste
1437 1173 168 44 komma;
1634 1186 99 31 men,
1762 1172 47 37 då

212 1222 122 36 under
375 1220 338 50 öfverläggningen
742 1222 11 34 i
782 1222 226 37 Kammaren
1043 1222 79 37 före
1151 1223 182 36 remissen
1361 1237 87 22 man
1472 1224 142 48 jemväl
1642 1224 128 48 ingick
1798 1224 10 35 i

212 1273 286 46 undersökning
540 1274 68 34 och
637 1272 210 49 förklaring
876 1273 39 37 af
939 1274 64 36 det
1031 1280 86 38 sätt,
1146 1274 144 48 hvarpå
1318 1274 45 36 de
1392 1280 103 31 stora
1522 1275 287 48 sätesgårdarne

211 1324 87 35 med
327 1323 289 48 underlydande
645 1323 283 37 bondhemman
956 1326 11 34 i
996 1324 123 37 Skåne
1150 1325 240 48 uppkommit
1414 1326 82 43 och,
1517 1327 120 46 enligt
1655 1325 155 37 Utskot-

211 1380 75 31 tets
315 1374 109 48 åsigt,
454 1387 45 22 en
528 1375 116 35 sådan
672 1374 284 50 undersökning
984 1375 109 37 äfven
1122 1376 74 35 kan
1224 1377 11 34 i
1263 1376 58 35 sin
1342 1379 87 32 mån
1448 1376 361 49 ådagalägga,
1722 1370 90 59 huru

212 1426 152 48 onyttig
405 1425 73 36 den
513 1424 40 37 af
582 1427 238 35 motionären
848 1426 214 49 föreslagna
1090 1427 133 48 åtgärd
1252 1427 85 35 med
1367 1426 175 37 afseende
1572 1431 20 33 å
1621 1427 64 36 det
1713 1426 97 49 åsyf-

211 1477 86 35 tade
340 1475 216 37 ändamålet
595 1477 121 36 skulle
758 1476 129 45 blifva,
928 1479 122 35 finner
1089 1477 197 37 Utskottet
1319 1478 81 35 icke
1431 1479 201 48 olämpligt
1661 1483 55 31 att
1742 1478 69 35 här
1844 1483 2 2 ”

210 1528 126 34 lemna
378 1540 46 22 en
465 1530 40 32 så
533 1528 86 35 kort
648 1528 70 35 och
747 1528 309 48 sammanträngd
1083 1528 280 48 framställning
1391 1542 80 22 som
1499 1530 149 47 möjligt
1676 1528 40 37 af
1739 1529 72 35 hit-

212 1578 167 35 hörande
409 1578 203 36 historiska
639 1577 276 46 förhållanden,
944 1580 116 35 innan
1088 1579 197 36 Utskottet
1313 1580 58 35 till
1397 1580 228 36 Kammaren
1645 1579 167 36 frambär

211 1629 59 35 sin
310 1629 218 47 tillstyrkan
570 1628 40 36 af
633 1629 99 36 hvad
760 1629 198 36 Utskottet
986 1644 108 22 anser
1121 1630 228 36 Kammaren
1376 1631 93 35 böra
1496 1631 11 35 i
1537 1630 207 48 anledning
1773 1629 40 37 af

211 1679 197 36 motionen
449 1680 160 35 besluta.
664 1680 291 37 Nedanstående
996 1680 280 48 framställning
1307 1681 168 47 grundar
1509 1682 57 47 sig
1595 1685 20 32 å
1642 1680 166 48 följande

212 1731 157 34 arbeten
410 1730 68 35 och
509 1736 211 42 uppsatser,
749 1732 208 47 nemligen:
987 1731 214 48 Haandbog
1229 1732 11 34 i
1268 1731 272 37 Fädrelandets
1569 1729 241 48 (Danmarks)

211 1780 169 36 Historie
423 1780 40 35 af
499 1779 36 37 C.
577 1781 37 34 F.
658 1782 122 44 Allen,
823 1781 119 48 Sjette
987 1782 172 48 Udgave;
1202 1796 46 22 en
1283 1783 12 35 i
1329 1785 44 33 18
1402 1783 144 36 bandet
1575 1786 19 32 2
1624 1782 122 36 häftet
1774 1782 40 36 af

210 1830 129 37 Dansk
366 1829 172 38 Juridisk
568 1831 185 37 Tidskrift
781 1831 124 37 införd
935 1831 224 49 afhandling
1188 1832 40 36 af
1242 1832 42 36 V.
1305 1832 189 37 Jacobsen
1513 1831 91 38 »Om
1624 1832 185 37 Selveier-

211 1881 94 47 gods
349 1894 48 35 og
438 1882 45 35 de
525 1881 165 46 Maader,
732 1896 71 35 paa
843 1883 126 36 hvilke
1012 1883 122 36 denne
1176 1883 70 36 Art
1287 1882 40 37 af
1350 1884 185 36 Eiendom
1569 1884 156 48 overgik
1765 1884 44 36 til

209 1931 112 37 Fäste
363 1932 122 36 under
525 1933 202 47 Kongerne
770 1932 190 37 Christian
1001 1934 74 36 den
1103 1934 136 36 Tredie
1269 1947 48 35 og
1344 1934 181 36 Frederik
1554 1935 74 36 den
1655 1935 153 44 Anden;

210 1982 143 36 Skånes
394 1983 185 36 Politiska
618 1984 174 36 Historia
827 1984 40 36 af
890 1984 190 36 Abraham
1110 1984 223 45 Cronholm;
1363 1999 47 22 en
1438 1986 10 34 i
1480 1988 45 33 20
1554 1986 69 36 och
1655 1988 41 33 21
1729 1984 79 37 häf-

210 2039 90 30 tena
346 2032 40 37 af
421 2033 195 37 Juridiska
657 2034 256 50 Föreningens
942 2035 184 37 Tidskrift
1153 2035 126 37 införd
1307 2041 157 43 uppsats
1494 2035 39 37 af
1556 2037 128 35 —i—i
1715 2035 91 37 »Om

210 2082 256 38 förhållandet
499 2085 86 36 med
614 2085 469 37 skattefrälsehemmanen
1111 2088 11 34 i
1151 2086 136 45 Skåne,
1315 2087 165 36 Halland
1510 2088 69 35 och
1607 2087 201 47 Blekinge;

210 2134 225 37 Danmarkis
478 2149 47 34 og
565 2136 136 49 Norgis
742 2136 212 37 Fruchtbar
993 2137 209 51 Herlighed
1243 2138 72 36 ved
1356 2137 120 38 Arent
1503 2138 187 39 Berntsen
1719 2138 90 38 Ber-

209 2198 86 36 gen,
324 2199 47 23 m.
401 2186 34 36 fl.
