1909 2828
248 178 18 29 8
552 180 123 29 Första
696 180 243 39 lagutskottets
961 181 177 31 utlåtande
1157 191 43 20 nr
1218 182 41 29 22
1279 183 39 30 år
1339 183 82 30 1968

250 260 206 39 föreningen
480 260 99 30 bifall
603 260 53 29 till
681 261 188 30 motionen.
895 261 49 30 De
969 261 220 40 olägenheter
1215 273 42 19 av
1281 262 126 31 främst
1432 263 208 30 ekonomisk
1665 264 63 33 art,

251 314 74 20 som
346 305 144 39 påtalas,
513 305 98 30 torde
633 306 122 30 kunna
776 306 99 30 botas
897 307 43 39 på
962 306 110 32 andra
1092 307 105 40 vägar
1220 309 86 29 t.ex.
1330 316 124 31 genom
1477 310 50 29 att
1548 308 181 30 utsträcka

248 350 228 39 möjligheten
506 350 52 30 till
590 351 45 29 fri
666 350 199 41 rättshjälp.

291 413 177 39 Styrelsen
492 414 56 39 för
571 414 156 39 Sveriges
754 415 321 40 advokatsamfund
1100 416 117 29 anför:

293 476 13 29 I
328 477 178 29 motionen
528 477 64 29 har
616 477 78 29 med
717 478 92 29 rätta
832 478 212 32 framhållits
1068 480 48 29 att
1141 488 41 20 en
1206 479 187 40 bodelning
1417 479 190 30 innefattar
1631 480 96 29 kom-

246 521 173 40 plicerade
437 521 177 40 juridiska
632 522 166 39 problem,
818 522 113 31 vilkas
950 523 142 31 lösande
1112 524 37 29 är
1170 534 42 20 av
1232 525 70 29 stor
1321 524 175 40 betydelse
1516 524 54 31 för
1591 525 136 29 makar-

248 576 54 25 na,
327 569 89 27 samt
440 569 49 27 att
513 567 37 30 så
571 568 70 29 kan
664 577 83 20 vara
770 567 97 31 fallet
891 569 85 29 även
999 569 64 29 när
1086 569 56 29 det
1167 569 106 39 gäller
1296 570 68 29 bon
1389 570 78 29 med
1490 570 138 30 relativt
1653 570 74 30 små

245 611 196 41 tillgångar.
462 612 130 30 Genom
613 612 216 30 tillkomsten
850 623 42 20 av
915 612 81 31 1959
1017 613 57 31 års
1094 614 56 40 lag
1171 615 79 29 med
1272 614 172 31 särskilda
1464 615 263 30 bestämmelser

246 666 57 20 om
328 657 142 30 makars
495 665 260 31 gemensamma
778 658 124 30 bostad
927 658 64 30 har
1017 668 42 20 en
1084 669 42 20 av
1150 659 114 30 rätten
1291 659 191 31 förordnad
1507 659 220 40 bodelnings-

246 701 187 30 förrättare
453 702 66 29 fått
538 701 146 40 vidgade
706 702 213 31 funktioner.
941 703 78 30 Han
1038 703 64 30 har
1123 703 147 32 sålunda
1290 704 44 29 bl.
1348 713 28 21 a.
1399 706 49 29 att
1468 704 174 32 behandla
1662 705 65 30 och

244 765 44 3 —
303 747 58 29 vid
377 747 179 30 bristande
573 747 138 40 enighet
729 748 129 30 mellan
875 748 171 31 makarna
1061 768 45 2 —
1123 749 90 39 själv
1228 749 136 31 besluta
1383 751 10 29 i
1411 749 67 31 den
1495 750 74 31 ofta
1586 750 141 39 tvistiga

244 792 133 39 frågan,
395 792 202 30 vilkendera
613 793 127 29 maken
758 802 73 21 som
848 794 61 29 bör
926 794 158 39 tilläggas
1100 794 220 40 hyresrätten
1337 796 52 30 till
1407 805 42 20 en
1466 795 54 30 för
1536 795 190 30 makarnas

246 845 260 31 gemensamma
528 838 151 39 räkning
703 838 146 39 förhyrd
872 838 315 39 bostadslägenhet.
1213 839 64 30 Det
1303 840 37 29 är
1365 839 129 37 därför,
1521 840 116 31 såsom
1660 840 67 30 ock

245 881 213 29 framhållits
480 882 11 28 i
511 882 228 34 motionerna,
763 883 195 38 uppenbart
981 885 49 27 att
1051 883 172 30 makarna
1243 884 74 29 ofta
1339 884 149 29 behöver
1510 885 109 29 anlita
1640 885 86 38 juri-

245 925 94 30 diskt
359 925 134 30 biträde
515 926 11 30 i
546 926 342 40 bodelningsfrågan.
911 927 12 29 I
944 928 91 38 regel
1058 926 105 41 gäller
1185 926 95 32 detta
1300 927 91 32 båda
1411 928 181 31 makarna.
1617 928 109 40 Själv-

244 970 93 30 klart
365 971 37 29 är
430 971 106 29 också
564 973 49 28 att
640 981 82 20 man
750 972 11 29 i
789 972 135 39 princip
952 972 111 30 måste
1090 973 109 30 kräva
1227 975 50 28 att
1304 973 422 40 bodelningsförrättaren

244 1015 88 29 skall
349 1024 83 20 vara
448 1015 169 39 juridiskt
635 1015 159 30 utbildad
812 1017 65 29 och
893 1018 55 29 väl
967 1016 177 40 förtrogen
1162 1018 79 29 med
1258 1018 257 39 behandlingen
1534 1029 42 19 av
1594 1018 132 30 sådana

242 1059 157 40 problem
430 1069 74 20 som
532 1060 132 29 brukar
693 1061 232 30 aktualiseras
954 1061 57 30 vid
1040 1061 238 40 bodelningar.

287 1104 75 30 Vad
386 1114 47 19 nu
459 1106 92 38 sagts
575 1105 145 29 innebär
745 1106 192 30 emellertid
961 1106 105 30 också
1091 1107 49 29 att
1164 1107 238 31 kostnaderna
1426 1108 55 29 för
1504 1107 220 40 bodelnings-

242 1149 219 29 förfarandet
480 1149 65 30 och
564 1149 54 30 för
638 1150 177 30 anlitande
835 1160 42 20 av
895 1150 168 39 juridiskt
1082 1151 135 30 biträde
1237 1151 121 31 därvid
1377 1152 71 30 kan
1466 1152 49 31 bli
1534 1152 191 30 förhållan-

243 1193 95 30 devis
359 1194 206 40 betydande.
588 1194 70 30 Allt
681 1194 87 30 efter
791 1195 126 30 sakens
939 1195 246 31 beskaffenhet
1207 1196 153 30 varierar
1383 1197 239 31 kostnaderna
1644 1197 81 30 från

244 1239 62 29 fall
327 1239 53 30 till
401 1239 72 29 fall.
496 1238 44 30 Är
562 1239 56 30 det
641 1239 99 39 fråga
761 1249 56 20 om
839 1242 47 28 ett
908 1240 217 30 omfattande
1147 1241 43 30 bo
1213 1242 79 29 med
1315 1242 257 39 komplicerade
1596 1242 129 30 förhål-

243 1283 137 35 landen,
402 1283 71 30 kan
495 1283 237 32 kostnaderna
753 1285 117 39 uppgå
890 1284 52 30 till
966 1285 132 40 ganska
1120 1287 158 30 avsevärt
1299 1286 135 40 belopp.
1459 1286 45 31 Är
1524 1287 79 31 boet
1624 1287 102 40 ringa

241 1328 65 29 och
328 1328 268 30 förhållandena
617 1329 289 39 okomplicerade,
930 1330 71 29 kan
1023 1330 237 31 kostnaderna
1281 1331 114 31 hållas
1416 1332 87 38 låga.
1526 1332 199 40 Anledning

243 1372 96 29 finns
363 1372 192 29 emellertid
579 1374 49 28 att
653 1373 141 30 särskilt
816 1374 127 29 beakta
966 1375 41 29 de
1031 1374 62 31 fall
1116 1375 62 30 där
1202 1375 203 39 visserligen
1428 1376 233 40 tillgångarna
1686 1378 38 28 är

242 1416 75 30 små
337 1426 80 20 men
437 1416 267 32 förhållandena
725 1417 136 31 ändock
880 1418 267 40 komplicerade,
1170 1419 229 32 svårutredda
1418 1421 65 29 och
1505 1420 219 31 svårbedöm-

240 1461 94 30 bara.

286 1506 45 29 Är
351 1507 173 30 makarna
542 1525 44 3 —
606 1507 83 30 eller
710 1507 211 31 åtminstone
944 1518 43 20 en
1008 1518 41 20 av
1070 1509 79 30 dem
1169 1528 45 3 —
1234 1510 242 36 välsituerade,
1498 1510 109 31 vållar
1629 1511 94 30 kost-

242 1551 214 39 nadsfrågan
478 1551 71 30 inte
573 1552 172 30 särskilda
766 1552 213 40 bekymmer.
1002 1553 231 31 Annorlunda
1254 1554 66 30 blir
1343 1555 99 39 läget,
1466 1556 64 29 när
1552 1556 171 29 makarna

243 1596 37 28 är
301 1596 137 29 mindre
458 1596 202 30 bemedlade
680 1597 82 29 eller
783 1598 11 28 i
814 1597 61 30 allt
896 1597 61 30 fall
979 1597 136 31 mindre
1135 1598 243 31 välsituerade.
1400 1599 64 31 Det
1485 1600 71 29 kan
1577 1601 44 29 då
1640 1610 84 20 vara

242 1640 93 29 svårt
361 1658 45 3 —
432 1640 164 30 stundom
623 1641 160 40 omöjligt
879 1641 55 30 för
961 1643 78 29 dem
1067 1645 49 28 att
1144 1643 114 30 betala
1285 1645 48 29 ett
1362 1644 126 39 skäligt
1516 1645 126 30 arvode
1669 1645 54 29 till

240 1685 395 39 bodelningsförrättare
662 1687 65 29 och
753 1687 52 29 till
833 1687 123 30 anlitat
982 1687 169 39 juridiskt
1178 1688 145 30 biträde.

287 1729 121 29 Såsom
429 1730 142 29 nämnts
593 1731 10 28 i
624 1731 220 30 motionerna
867 1731 101 30 söker
989 1741 83 20 man
1093 1733 44 39 på
1158 1732 93 30 vissa
1272 1732 71 31 håll
1366 1734 74 29 lösa
1463 1733 261 40 svårigheterna

239 1781 124 31 genom
381 1776 49 28 att
446 1774 52 30 till
514 1774 394 40 bodelningsförrättare
926 1776 166 30 förordna
1108 1786 165 31 personer
1290 1780 86 28 utan
1393 1778 227 40 erforderliga
1635 1778 87 39 juri-

239 1818 102 29 diska
362 1819 294 35 kvalifikationer,
680 1819 246 36 nämndemän,
950 1821 183 38 polismän,
1159 1821 252 31 socialvårdare
1434 1832 45 19 m.
1492 1823 37 30 fl.
1553 1824 169 29 Motionä-

239 1871 104 21 rerna
362 1862 65 30 har
446 1862 194 31 framhållit
661 1865 49 28 att
731 1864 94 30 detta
845 1864 91 30 visat
957 1865 51 40 sig
1027 1865 136 30 mindre
1184 1866 167 39 lämpligt,
1374 1867 65 30 och
1460 1868 170 40 styrelsen
1651 1868 71 30 kan

239 1907 156 30 vitsorda
420 1908 212 39 riktigheten
659 1918 42 20 av
727 1909 94 30 detta
847 1909 171 30 omdöme.
1047 1910 183 31 Bristande
1259 1911 228 41 sakkunskap
1515 1913 64 30 hos
1606 1913 116 29 bodel-

239 1952 318 39 ningsförrättaren
579 1953 71 29 kan
672 1953 63 30 lätt
758 1954 91 30 vålla
871 1954 257 31 rättsförluster
1151 1955 54 30 för
1228 1956 172 31 makarna
1423 1957 82 30 eller
1528 1957 128 31 endera
1680 1967 42 21 av

241 1996 79 30 dem
349 1996 65 30 och
443 1997 182 30 föranleda
652 1998 297 39 komplikationer
978 2000 11 29 i
1019 1999 219 31 förhållande
1268 2001 52 30 till
1351 2002 121 30 makes
1502 2001 219 41 borgenärer.

239 2040 45 29 Är
306 2041 420 39 bodelningsförrättaren
748 2043 233 40 osakkunnig,
1004 2044 159 30 minskar
1186 2045 95 31 detta
1304 2045 71 31 inte
1399 2047 189 30 makarnas
1610 2047 112 30 behov

240 2094 43 20 av
310 2085 169 39 juridiskt
509 2086 144 35 biträde,
685 2096 142 21 snarare
857 2089 160 29 tvärtom.
1058 2089 64 29 Det
1153 2090 70 29 kan
1253 2091 48 29 bli
1332 2090 212 40 nödvändigt
1576 2094 49 28 att
1657 2091 64 31 hos

239 2129 150 30 domstol
411 2129 149 31 klandra
582 2140 43 20 en
646 2141 43 20 av
709 2132 250 31 okvalificerad
981 2133 395 40 bodelningsförrättare
1400 2135 101 39 gjord
1523 2135 197 41 bodelning,

238 2174 80 29 med
338 2175 110 29 ökade
468 2176 190 29 kostnader
679 2185 75 21 som
774 2176 100 39 följd.
895 2178 75 29 Den
990 2178 267 39 ifrågavarande
1279 2180 222 39 »lösningen»>
1526 2190 42 21 av
1587 2181 134 39 proble-

239 2220 70 28 met
332 2219 145 30 innebär
501 2220 119 30 därför
644 2221 11 29 i
677 2221 238 39 verkligheten
939 2222 122 31 endast
1085 2232 43 21 en
1153 2223 234 40 skenlösning,
1413 2225 55 30 för
1491 2225 119 31 vilken
1633 2226 87 30 intet

234 2266 107 26 annat
358 2265 108 28 motiv
483 2265 69 30 kan
570 2265 142 31 anföras
730 2267 44 28 än
792 2276 41 19 en
851 2267 11 29 i
880 2268 64 28 och
961 2268 54 29 för
1034 2269 50 38 sig
1101 2269 182 39 förklarlig
1301 2271 136 28 önskan
1455 2272 49 28 att
1523 2272 85 28 söka
1625 2272 94 29 hålla

239 2307 238 31 kostnaderna
501 2318 90 25 nere,
618 2311 47 28 ett
689 2310 147 30 resultat
861 2320 75 20 som
961 2311 88 31 dock
1074 2312 191 39 ingalunda
1290 2313 98 30 alltid
1414 2314 111 30 ernås.
1552 2316 81 29 Man
1657 2315 63 30 bör

237 2351 71 30 inte
324 2352 133 30 blunda
475 2352 54 31 för
546 2354 223 31 realiteterna
785 2356 87 29 utan
890 2356 145 40 angripa
1052 2356 192 40 problemet
1263 2357 79 30 från
1361 2358 67 30 den
1447 2358 126 40 sakligt
1591 2359 128 39 riktiga

239 2397 310 39 utgångspunkten
579 2400 50 27 att
659 2408 42 19 en
731 2399 196 39 bodelning,
958 2401 147 30 bortsett
1137 2402 79 29 från
1248 2403 41 29 de
1319 2406 89 27 mest
1439 2403 281 39 okomplicerade

238 2440 117 35 fallen,
389 2443 38 28 är
458 2451 43 20 en
533 2443 72 34 sak,
638 2452 79 21 vars
749 2444 268 40 ombesörjande
1049 2445 124 30 kräver
1204 2446 155 39 juridisk
1393 2447 228 42 sakkunskap
1654 2449 65 29 och

238 2485 209 30 erfarenhet.

280 2530 53 28 En
355 2530 54 29 för
433 2530 349 40 ställningstagandet
804 2532 52 30 till
878 2533 220 31 motionerna
1120 2534 138 40 mycket
1280 2535 244 39 betydelsefull
1548 2536 98 41 fråga
1670 2538 46 34 är,
