1862 2796
106 635 150 25 Utskottet.

738 171 274 28 Bankoutskottets
1033 168 163 27 memorial
1215 175 35 18 nr
1269 167 46 26 58.

282 256 66 31 och
376 255 140 38 Modigh
543 253 57 31 må
628 252 78 31 från
732 252 65 31 och
824 251 81 30 med
932 248 233 31 innevarande
1191 247 140 38 riksdag
1359 245 66 30 tills
1454 244 125 35 vidare,
1608 241 37 31 så
1672 243 100 38 länge

284 308 255 32 vederbörande
562 306 157 31 kvarstår
740 305 59 30 vid
821 306 52 29 sin
896 302 200 32 nuvarande
1117 301 194 38 befattning
1334 300 63 29 hos
1418 297 192 40 respektive
1630 296 141 34 utskott,

285 363 157 39 uppbära
466 360 263 40 tilläggsarvode
754 359 79 30 med
859 358 61 30 180
944 358 127 29 kronor
1098 355 54 30 för
1177 353 138 37 månad,
1338 353 111 30 under
1472 349 172 32 förbehåll
1668 348 105 31 likväl

285 420 50 26 att
362 414 300 39 arvodestillägget
690 412 56 31 må
776 411 81 39 utgå
884 411 123 30 endast
1034 409 56 30 för
1120 408 57 35 tid,
1207 406 173 31 varunder
1409 403 255 32 vederbörande
1694 401 79 31 med

285 468 186 31 avstående
494 478 41 21 av
558 466 159 39 samtliga
742 466 78 30 med
842 465 88 30 hans
955 463 192 39 statstjänst
1169 460 164 31 förenade
1355 456 256 34 löneförmåner
1633 454 140 40 åtnjutit

284 523 57 30 hel
361 522 148 39 ledighet
528 521 58 30 vid
606 519 236 39 statstjänsten
860 518 54 30 för
933 516 228 40 tjänstgöring
1180 516 63 29 hos
1262 513 195 38 riksdagen.

329 629 14 29 I
368 628 198 38 anslutning
588 627 50 30 till
660 627 119 29 herrar
799 625 149 30 talmäns
968 623 130 38 förslag
1120 621 197 30 hemställer
1339 619 174 34 utskottet,

640 727 49 27 att
711 723 184 38 riksdagen
917 721 58 31 må
998 720 169 39 medgiva,
1193 722 48 27 att
1264 727 105 21 envar
1390 726 42 20 av
1453 716 235 29 sekreteraren
1711 713 64 29 hos

595 778 111 30 första
726 777 232 38 lagutskottet,
983 771 303 33 hovrättsfiskalen
1311 771 36 29 E.
1372 769 123 35 Bendz,
1520 768 155 30 notarien
1696 765 81 31 med

596 828 346 40 sekreterargöromål
968 828 63 30 hos
1060 835 136 22 samma
1221 826 141 33 utskott,
1391 823 327 39 tingssekreteraren
1746 819 29 30 J.

597 884 164 39 Björling,
785 883 232 29 sekreteraren
1038 881 64 29 hos
1127 879 108 30 andra
1257 878 232 38 lagutskottet,
1514 869 263 48 hovrättsfiska-

597 938 56 29 len
673 937 31 30 S.
726 936 39 31 O.
788 936 171 30 Svensson
980 934 65 30 och
1067 933 157 30 notarien
1247 931 80 31 med
1346 926 347 41 sekreterargöromål
1713 926 64 29 hos

599 1000 133 20 samma
759 990 141 30 utskott,
930 988 326 38 tingssekreteraren
1284 985 38 29 K.
1353 984 51 29 W.
1435 982 140 38 Modigh
1602 980 69 36 må,
1702 980 76 30 räk-

599 1048 61 26 nat
688 1042 82 32 från
800 1042 122 38 början
953 1050 42 21 av
1027 1039 235 31 innevarande
1292 1037 55 30 års
1381 1037 147 37 riksdag,
1563 1035 68 30 tills
1663 1034 131 29 vidare”

600 1097 136 38 åtnjuta
767 1114 44 3 —
843 1096 121 29 utöver
994 1094 129 30 arvode
1156 1092 105 39 enligt
1292 1087 487 41 avlöningsbestämmelserna

599 1150 56 30 för
681 1150 201 38 riksdagens
909 1148 159 39 personal
1093 1164 44 4 —
1164 1144 264 39 tilläggsarvode
1455 1142 79 30 med
1565 1142 60 29 180
1652 1141 129 28 kronor

599 1204 56 29 för
684 1202 138 31 månad.
854 1202 110 29 under
992 1199 173 31 förbehåll
1195 1198 105 30 likväl
1332 1200 49 27 att
1412 1194 279 40 tilläggsarvodet
1722 1191 58 32 må

600 1256 82 39 utgå
706 1256 120 30 endast
850 1255 56 29 för
931 1254 58 34 tid,
1014 1252 173 31 varunder
1210 1249 257 32 vederbörande
1491 1248 80 31 med
1596 1245 186 32 avstående

602 1319 43 21 av
677 1309 161 38 samtliga
869 1307 82 31 med
981 1307 91 29 hans
1103 1305 194 38 statstjänst
1326 1303 166 31 förenade
1524 1299 256 33 löneförmåner

601 1362 141 39 åtnjutit
768 1362 56 29 hel
850 1360 148 38 ledighet
1024 1358 80 31 från
1131 1358 113 29 denna
1271 1356 44 40 på
1345 1356 111 39 grund
1484 1365 41 20 av
1554 1352 228 40 tjänstgöring

600 1417 64 29 hos
689 1415 195 38 riksdagen.

337 1497 200 31 Stockholm
557 1497 67 29 den
648 1497 38 29 19
707 1495 73 39 juni
803 1495 93 29 1945.

760 1592 49 30 På
837 1591 301 30 bankoutskottets
1167 1590 141 38 vägnar:

808 1662 180 30 HARALD
1015 1656 248 35 ÄKERBERG.

334 1897 58 26 Vid
413 1895 194 28 förestående
630 1895 128 27 ärendes
780 1892 251 35 slutbehandling
1051 1892 85 26 inom
1160 1891 149 27 utskottet
1328 1890 81 26 hava
1429 1888 138 28 närvarit

336 1958 71 27 från
459 1959 124 26 första
609 1957 194 27 kammaren:
822 1956 109 26 herrar
949 1950 164 38 Åkerberg,
1130 1953 150 32 Sundvik,
1297 1951 211 36 Friggeråker,
1526 1950 150 33 Leander,
1694 1948 91 28 Lind-

298 2000 112 36 blom",
430 2002 143 34 Löfgren,
595 1999 201 29 Nordenson"
816 2000 60 27 och
899 1999 131 27 Persson
1051 1998 9 27 i
1081 1995 231 34 Älvdalsåsen";

337 2063 71 28 från
442 2064 137 26 andra
611 2063 194 26 kammaren:
829 2062 109 26 herrar
959 2060 165 32 Svedman,
1147 2059 177 27 Andersson
1349 2058 9 27 i
1381 2054 275 37 Munkaljungby",
1680 2055 106 27 Matts-

298 2106 85 36 son",
400 2109 149 26 Eriksson
565 2108 11 26 i
592 2108 135 34 Sandby,
744 2107 159 26 Johnsson
919 2106 10 26 i
947 2102 293 37 Kastanjegården”,
1256 2102 171 35 Sundberg,
1445 2110 60 18 von
1521 2099 90 30 Seth"
1631 2101 60 27 och
1709 2099 79 27 Nils-

298 2161 57 19 son
375 2153 10 27 i
406 2150 232 30 Landskrona".

335 2241 14 15 +
370 2240 35 32 Ej
427 2240 179 25 närvarande
628 2239 47 25 vid
698 2238 172 26 utlåtandets
891 2238 146 31 justering.
