2133 2645
713 171 262 44 Lag-Utskottets
1004 170 169 33 Utlåtande
1196 170 66 32 N:o
1285 171 53 31 28.
1808 171 19 30 3

223 255 58 37 för
323 260 54 32 att
418 254 166 37 svenska
621 252 169 51 kyrkans
823 251 245 50 presterskap
1097 253 116 35 måtte
1240 250 12 36 i
1280 249 92 50 dop-
1400 249 71 37 och
1494 249 334 50 husförhörsläng-

223 306 118 36 derna
383 306 187 36 anteckna
612 303 143 38 sådana
796 304 115 36 barns
939 316 127 35 namn,
1098 301 208 38 födelseort
1334 306 99 31 samt
1460 301 201 48 födelseår,
1690 302 137 36 månad

223 357 72 37 och
337 357 88 49 dag,
467 370 80 23 som
581 356 33 49 ej
645 355 153 37 undfåit
824 353 171 51 kyrkligt
1022 352 87 50 dop,
1140 366 86 24 men
1249 351 149 37 hvilkas
1422 352 187 37 föräldrar
1637 352 97 37 dock
1764 357 64 32 äro

224 408 247 36 medlemmar
513 407 41 37 af
587 407 75 36 den
698 406 164 36 svenska
891 405 158 48 kyrkan,
1079 405 74 36 dels
1182 409 54 31 att
1263 403 187 36 föräldrar
1478 403 57 36 till
1563 403 143 37 sådana
1734 403 94 36 barn

224 461 61 34 må
327 458 159 49 åläggas
529 463 55 31 att
608 457 101 37 inom
734 456 78 37 viss
839 455 55 37 tid
922 455 126 37 lemna
1076 453 284 38 ofvannämnda
1387 454 197 49 uppgifter
1612 453 56 37 till
1695 453 133 37 veder-

223 509 168 37 börande
419 509 258 49 presterskap.

374 712 84 36 Den
487 711 41 38 af
549 711 235 37 motionären
814 709 214 50 åberopade
1059 710 44 35 12
1133 705 20 50 $
1181 708 12 36 i
1222 711 20 35 3
1271 707 86 50 kap.
1387 707 246 51 Kyrkolagen
1662 701 69 62 hari
1765 709 65 37 sin

224 763 129 37 helhet
381 762 169 50 följande
578 762 166 50 lydelse:

374 813 181 37 »Presten
592 812 98 37 skall
729 811 55 37 uti
823 811 248 50 kyrkoboken
1113 811 187 37 anteckna
1333 815 107 31 orten
1468 810 71 36 och
1568 809 140 50 dagen,
1737 810 94 37 hvar

225 865 71 37 och
340 869 69 32 när
447 869 55 32 ett
536 864 94 37 barn
658 862 84 38 födt
765 867 52 43 är,
846 865 125 34 såsom
1000 862 71 37 ock
1098 866 68 32 när
1194 861 64 37 det
1282 860 93 49 döpt
1403 860 147 48 varder,
1574 860 145 49 jemväl
1747 861 84 37 bar-

224 921 98 42 nets,
350 914 89 38 dess
468 914 208 38 föräldrars
704 913 71 38 och
803 913 111 37 deras
942 926 126 36 namn,
1097 926 79 23 som
1207 911 146 37 vittnen
1380 911 57 37 till
1465 911 89 37 dess
1582 911 157 49 döpelse
1766 926 65 23 va-

224 966 49 37 rit
299 965 148 37 hafva.»

377 1016 132 50 Enligt
549 1016 140 50 Kongl.
731 1014 274 49 förordningen
1053 1014 74 37 den
1157 1016 45 35 13
1232 1012 224 49 September
1486 1014 96 35 1864
1610 1012 98 38 skall
1737 1012 94 38 barn

227 1067 57 38 till
313 1067 116 50 dopet
453 1067 201 38 befordras
681 1067 101 36 inom
812 1079 67 24 sex
906 1066 140 37 veckor
1074 1065 96 37 efter
1198 1064 184 38 födelsen.

377 1118 89 37 Som
495 1118 143 37 bekant
664 1117 229 37 verkställas
923 1116 326 49 anteckningarna
1277 1128 58 24 om
1366 1114 115 37 barns
1503 1114 145 38 födelse
1670 1116 70 36 och
1757 1115 74 49 dop

227 1169 55 37 uti
322 1183 48 23 en
410 1169 59 37 för
503 1169 132 49 hvarje
669 1167 226 50 församling
922 1181 222 35 gemensam
1175 1165 309 48 ministerialbok,
1512 1165 127 38 kallad
1669 1166 163 37 födelse-

228 1221 71 36 och
328 1220 165 49 dopbok,
523 1220 59 37 för
609 1220 176 36 hvilkens
812 1218 160 38 förande
1000 1224 174 31 närmare
1203 1216 237 38 föreskrifter
1462 1216 124 37 finnas
1607 1217 225 37 meddelade

227 1271 12 36 i
265 1271 140 49 Kongl.
440 1270 316 38 cirkulärbrefvet
793 1269 57 37 till
877 1269 299 37 konsistorierna
1204 1268 74 36 den
1305 1270 45 34 27
1381 1267 107 49 April
1519 1270 96 34 1860
1644 1268 85 36 med
1757 1268 76 36 for-

230 1322 121 36 mulär
379 1322 58 37 för
465 1321 428 37 ministerialböckerna.

378 1372 301 49 Lag-Utskottet
719 1372 70 37 har
821 1371 12 36 i
862 1371 64 37 sitt
954 1370 74 37 den
1056 1373 20 35 8
1105 1368 257 39 innevarande
1389 1369 183 37 Februari
1601 1369 147 49 afgifna
1776 1374 57 31 ut-

228 1423 166 49 Jåtande,
435 1423 72 37 N:o
550 1425 56 44 15,
635 1423 12 35 i
676 1422 207 48 anledning
913 1421 40 37 af
977 1421 98 37 Herr
1102 1421 171 36 Ekmans
1301 1419 143 37 motion
1472 1433 58 23 om
1559 1419 274 50 upphäfvande

230 1474 42 37 af
295 1473 141 50 Kongl.
466 1473 159 38 brefven
654 1473 74 37 den
754 1476 18 33 7
801 1473 91 37 Juni
923 1474 93 35 1733
1046 1472 68 36 och
1145 1471 75 37 den
1247 1473 47 34 24
1322 1470 158 37 Januari
1510 1472 96 35 1740
1635 1471 85 36 sökt
1739 1470 93 49 visa,

229 1525 96 36 huru
355 1538 80 24 som
467 1524 246 37 medlemmar
742 1524 41 36 af
808 1523 165 37 svenska
1000 1523 148 49 kyrkan
1176 1535 138 35 genom
1330 1521 196 49 uppsåtlig
1541 1521 293 37 underlåtenhet

231 1581 54 31 att
324 1576 101 36 inom
466 1574 254 38 föreskrifven
757 1574 54 36 tid
845 1574 76 36 låta
949 1573 178 37 befordra
1155 1573 82 36 sina
1265 1572 94 36 barn
1387 1572 57 36 till
1472 1572 136 36 sådant
1636 1572 86 48 dop,
1753 1585 79 23 som

230 1626 42 37 af
309 1626 148 49 kyrkan
499 1626 189 36 erkännes
722 1628 125 34 såsom
875 1624 140 49 giltigt,
1044 1629 94 43 göra
1166 1623 59 49 sig
1254 1623 174 49 skyldige
1456 1622 57 37 till
1541 1636 47 22 en
1616 1622 219 48 kränkning

230 1677 42 37 af
296 1677 170 49 kyrkans
494 1676 64 48 lag
582 1676 71 37 och
681 1676 175 48 ordning,
885 1689 80 23 som
993 1675 149 49 kyrkan
1169 1674 75 37 kan
1261 1674 70 36 och
1346 1673 68 37 bör
1435 1673 82 36 med
1537 1673 46 36 de
1600 1673 135 49 medel,
1754 1687 79 23 som

230 1731 59 34 stå
329 1728 125 36 henne
493 1727 57 37 till
591 1726 110 49 buds,
743 1726 131 37 beifra.
933 1726 74 36 Det
1036 1728 59 33 må
1122 1725 127 37 derför
1277 1738 44 23 ur
1347 1730 85 31 rent
1459 1724 153 49 kyrklig
1641 1724 195 49 synpunkt

232 1792 111 24 anses
377 1777 248 50 berättigadt,
655 1783 55 32 att
736 1777 169 49 kyrkans
933 1776 146 49 tjenare
1107 1775 253 49 undandraga
1388 1775 59 49 sig
1476 1780 53 31 att
1558 1788 58 23 om
1647 1781 54 30 ett
1729 1775 106 48 barn,

231 1829 145 37 hvilket
402 1829 84 37 icke
513 1828 153 37 undfått
692 1828 170 50 kyrkligt
890 1827 87 49 dop,
1005 1832 94 44 göra
1128 1840 125 23 annan
1282 1826 231 48 anteckning
1541 1825 11 36 i
1580 1825 164 37 födelse-
1765 1826 71 36 och

231 1880 216 49 dopboken,
478 1885 47 31 än
552 1880 12 36 i
592 1879 114 37 ofvan
736 1878 159 37 anförda
921 1877 149 49 lagrum
1099 1877 258 49 uttryckligen
1385 1876 259 38 föreskrifves.

382 1931 88 36 Men
509 1930 166 37 svenska
714 1929 170 49 kyrkans
924 1939 148 38 prester
1101 1933 64 31 äro
1192 1928 84 36 icke
1305 1928 96 36 blott
1428 1927 146 37 hennes
1602 1933 92 30 utan
1723 1927 113 37 äfven

233 1988 145 31 statens
405 1982 147 48 tjenare
581 1980 71 37 och
679 1981 115 36 hafva
821 1979 11 36 1
862 1978 236 38 sistnämnda
1125 1979 197 48 egenskap
1352 1978 89 36 flere
1470 1978 58 37 för
1557 1983 146 32 statens
1721 1978 114 36 ända-

233 2033 75 36 mål
348 2032 246 49 synnerligen
622 2031 147 49 vigtiga
796 2029 197 50 uppgifter
1021 2029 60 49 sig
1109 2029 147 49 ålagda.
1312 2028 168 38 Sålunda
1508 2033 52 44 är,
1586 2028 85 36 med
1700 2029 38 36 få
1766 2029 71 36 och

233 2083 222 49 obetydliga
494 2082 210 48 undantag,
733 2081 87 37 hela
848 2081 73 36 den
950 2094 28 23 s.
1008 2080 35 37 k.
1072 2079 541 49 civilståndsregistreringen,
1643 2093 79 23 som
1751 2079 11 36 i
1791 2079 46 37 de

233 2134 110 37 flesta
384 2132 238 38 främmande
661 2132 89 36 land
780 2131 146 49 åligger
953 2136 85 31 rent
1066 2131 218 49 borgerliga
1311 2131 243 48 tjenstemän,
1583 2130 69 36 hos
1681 2144 63 23 oss
1773 2144 64 23 an-

233 2184 173 37 förtrodd
450 2187 37 33 åt
520 2183 298 49 presterskapet.
871 2181 54 37 Ur
953 2181 73 37 den
1055 2181 219 49 borgerliga
1301 2180 233 48 ordningens
1563 2181 195 48 synpunkt
1785 2181 53 36 lä-

232 2249 61 23 rer
331 2235 65 37 det
429 2234 127 49 också,
585 2237 48 46 på
661 2238 76 33 sätt
765 2232 235 38 motionären
1028 2232 206 49 utvecklat,
1263 2245 90 24 vara
1381 2231 145 49 nödigt,
1556 2236 54 32 att
1639 2231 112 37 äfven
1779 2237 59 31 rö-
