<?xml version="1.0" encoding="UTF-8"?>
<alto xmlns="http://www.loc.gov/standards/alto/ns-v3#" xmlns:xlink="http://www.w3.org/1999/xlink" xmlns:xsi="http://www.w3.org/2001/XMLSchema-instance" xsi:schemaLocation="http://www.loc.gov/standards/alto/ns-v3# http://www.loc.gov/alto/v3/alto-3-0.xsd">
	<Description>
		<MeasurementUnit>pixel</MeasurementUnit>
		<sourceImageInformation>
			<fileName>/tmp/tess_fn5ycl4n_input.PNG</fileName>
		</sourceImageInformation>
		<OCRProcessing ID="OCR_0">
			<ocrProcessingStep>
				<processingSoftware>
					<softwareName>tesseract 5.3.0</softwareName>
				</processingSoftware>
			</ocrProcessingStep>
		</OCRProcessing>
	</Description>
	<Layout>
		<Page WIDTH="1924" HEIGHT="2824" PHYSICAL_IMG_NR="0" ID="page_0">
			<PrintSpace HPOS="0" VPOS="0" WIDTH="1924" HEIGHT="2824">
				<ComposedBlock ID="cblock_0" HPOS="339" VPOS="165" WIDTH="1058" HEIGHT="35">
					<TextBlock ID="block_0" HPOS="339" VPOS="165" WIDTH="1058" HEIGHT="35">
						<TextLine ID="line_0" HPOS="339" VPOS="165" WIDTH="1058" HEIGHT="35">
							<String ID="string_0" HPOS="339" VPOS="165" WIDTH="41" HEIGHT="31" WC="0.96" CONTENT="10"/><SP WIDTH="326" VPOS="165" HPOS="380"/>
							<String ID="string_1" HPOS="706" VPOS="166" WIDTH="319" HEIGHT="34" WC="0.91" CONTENT="Bankoutskottets"/><SP WIDTH="28" VPOS="166" HPOS="1025"/>
							<String ID="string_2" HPOS="1053" VPOS="167" WIDTH="187" HEIGHT="32" WC="0.96" CONTENT="utlåtande"/><SP WIDTH="26" VPOS="167" HPOS="1240"/>
							<String ID="string_3" HPOS="1266" VPOS="168" WIDTH="53" HEIGHT="31" WC="0.95" CONTENT="Nr"/><SP WIDTH="27" VPOS="168" HPOS="1319"/>
							<String ID="string_4" HPOS="1346" VPOS="167" WIDTH="51" HEIGHT="31" WC="0.81" CONTENT="53."/>
						</TextLine>
					</TextBlock>
				</ComposedBlock>
				<ComposedBlock ID="cblock_1" HPOS="789" VPOS="244" WIDTH="522" HEIGHT="32">
					<TextBlock ID="block_1" HPOS="789" VPOS="244" WIDTH="522" HEIGHT="32">
						<TextLine ID="line_1" HPOS="789" VPOS="244" WIDTH="522" HEIGHT="32">
							<String ID="string_5" HPOS="789" VPOS="244" WIDTH="219" HEIGHT="31" WC="0.96" CONTENT="Johanssons"/><SP WIDTH="23" VPOS="244" HPOS="1008"/>
							<String ID="string_6" HPOS="1031" VPOS="244" WIDTH="191" HEIGHT="32" WC="0.96" CONTENT="alternativ"/><SP WIDTH="24" VPOS="244" HPOS="1222"/>
							<String ID="string_7" HPOS="1246" VPOS="245" WIDTH="65" HEIGHT="31" WC="0.88" CONTENT="III."/>
						</TextLine>
					</TextBlock>
				</ComposedBlock>
				<ComposedBlock ID="cblock_2" HPOS="291" VPOS="289" WIDTH="1498" HEIGHT="410">
					<TextBlock ID="block_2" HPOS="294" VPOS="289" WIDTH="1484" HEIGHT="191">
						<TextLine ID="line_2" HPOS="1627" VPOS="289" WIDTH="151" HEIGHT="58">
							<String ID="string_8" HPOS="1412" VPOS="305" WIDTH="76" HEIGHT="23" WC="0.38" CONTENT="Gate"/><SP WIDTH="139" VPOS="305" HPOS="1488"/>
							<String ID="string_9" HPOS="1627" VPOS="289" WIDTH="151" HEIGHT="58" WC="0.38" CONTENT="Hölgoande"/>
						</TextLine>
						<TextLine ID="line_3" HPOS="1391" VPOS="340" WIDTH="386" HEIGHT="51">
							<String ID="string_10" HPOS="1391" VPOS="340" WIDTH="117" HEIGHT="23" WC="0.45" CONTENT="Kontoret"/><SP WIDTH="119" VPOS="340" HPOS="1508"/>
							<String ID="string_11" HPOS="1627" VPOS="353" WIDTH="150" HEIGHT="38" WC="0.96" CONTENT="kommittén"/>
						</TextLine>
						<TextLine ID="line_4" HPOS="1401" VPOS="401" WIDTH="347" HEIGHT="24">
							<String ID="string_12" HPOS="1401" VPOS="401" WIDTH="95" HEIGHT="23" WC="0.96" CONTENT="kronor"/><SP WIDTH="157" VPOS="401" HPOS="1496"/>
							<String ID="string_13" HPOS="1653" VPOS="402" WIDTH="95" HEIGHT="23" WC="0.95" CONTENT="kronor"/>
						</TextLine>
						<TextLine ID="line_5" HPOS="294" VPOS="440" WIDTH="1037" HEIGHT="40">
							<String ID="string_14" HPOS="294" VPOS="440" WIDTH="153" HEIGHT="32" WC="0.96" CONTENT="Norrbro"/><SP WIDTH="33" VPOS="440" HPOS="447"/>
							<String ID="string_15" HPOS="480" VPOS="441" WIDTH="106" HEIGHT="37" WC="0.96" CONTENT="jämte"/><SP WIDTH="33" VPOS="441" HPOS="586"/>
							<String ID="string_16" HPOS="619" VPOS="441" WIDTH="74" HEIGHT="32" WC="0.96" CONTENT="dess"/><SP WIDTH="32" VPOS="441" HPOS="693"/>
							<String ID="string_17" HPOS="725" VPOS="441" WIDTH="226" HEIGHT="32" WC="0.96" CONTENT="förbindelser"/><SP WIDTH="31" VPOS="441" HPOS="951"/>
							<String ID="string_18" HPOS="982" VPOS="442" WIDTH="78" HEIGHT="32" WC="0.93" CONTENT="med"/><SP WIDTH="34" VPOS="442" HPOS="1060"/>
							<String ID="string_19" HPOS="1094" VPOS="443" WIDTH="237" HEIGHT="37" WC="0.92" CONTENT="riksdagshus-"/>
						</TextLine>
					</TextBlock>
					<TextBlock ID="block_3" HPOS="291" VPOS="484" WIDTH="1498" HEIGHT="215">
						<TextLine ID="line_6" HPOS="338" VPOS="484" WIDTH="1451" HEIGHT="40">
							<String ID="string_20" HPOS="338" VPOS="478" WIDTH="29" HEIGHT="47" WC="0.47" CONTENT="6)"/><SP WIDTH="5" VPOS="478" HPOS="367"/>
							<String ID="string_21" HPOS="372" VPOS="478" WIDTH="30" HEIGHT="47" WC="0.10" CONTENT="ER"/><SP WIDTH="5" VPOS="478" HPOS="402"/>
							<String ID="string_22" HPOS="407" VPOS="478" WIDTH="33" HEIGHT="47" WC="0.8" CONTENT="FST"/><SP WIDTH="14" VPOS="478" HPOS="440"/>
							<String ID="string_23" HPOS="454" VPOS="494" WIDTH="7" HEIGHT="21" WC="0.5" CONTENT="a"/><SP WIDTH="863" VPOS="494" HPOS="461"/>
							<String ID="string_24" HPOS="1324" VPOS="512" WIDTH="4" HEIGHT="4" WC="0.13" CONTENT="."/><SP WIDTH="36" VPOS="512" HPOS="1328"/>
							<String ID="string_25" HPOS="1364" VPOS="482" WIDTH="15" HEIGHT="47" WC="0.0" CONTENT="-"/><SP WIDTH="9" VPOS="482" HPOS="1379"/>
							<String ID="string_26" HPOS="1388" VPOS="488" WIDTH="139" HEIGHT="35" WC="0.5" CONTENT="109,000"/><SP WIDTH="123" VPOS="488" HPOS="1527"/>
							<String ID="string_27" HPOS="1650" VPOS="489" WIDTH="139" HEIGHT="35" WC="0.92" CONTENT="142,000"/>
						</TextLine>
						<TextLine ID="line_7" HPOS="293" VPOS="527" WIDTH="1496" HEIGHT="40">
							<String ID="string_28" HPOS="293" VPOS="527" WIDTH="371" HEIGHT="37" WC="0.60" CONTENT="Riksdagshusplatsen"/><SP WIDTH="24" VPOS="527" HPOS="664"/>
							<String ID="string_29" HPOS="688" VPOS="553" WIDTH="397" HEIGHT="5" WC="0.0" CONTENT="...s.smcmsmmssersirrererssrssresnir"/><SP WIDTH="17" VPOS="553" HPOS="1085"/>
							<String ID="string_30" HPOS="1102" VPOS="554" WIDTH="82" HEIGHT="4" WC="0.0" CONTENT="arenans"/><SP WIDTH="52" VPOS="554" HPOS="1184"/>
							<String ID="string_31" HPOS="1236" VPOS="555" WIDTH="89" HEIGHT="4" WC="0.0" CONTENT="issnariinn"/><SP WIDTH="33" VPOS="555" HPOS="1325"/>
							<String ID="string_32" HPOS="1358" VPOS="523" WIDTH="15" HEIGHT="47" WC="0.0" CONTENT="—"/><SP WIDTH="13" VPOS="523" HPOS="1373"/>
							<String ID="string_33" HPOS="1386" VPOS="531" WIDTH="140" HEIGHT="35" WC="0.0" CONTENT="SI98,000"/><SP WIDTH="123" VPOS="531" HPOS="1526"/>
							<String ID="string_34" HPOS="1649" VPOS="531" WIDTH="140" HEIGHT="36" WC="0.92" CONTENT="476,000"/>
						</TextLine>
						<TextLine ID="line_8" HPOS="291" VPOS="570" WIDTH="1497" HEIGHT="41">
							<String ID="string_35" HPOS="291" VPOS="570" WIDTH="127" HEIGHT="32" WC="0.96" CONTENT="Planet"/><SP WIDTH="21" VPOS="570" HPOS="418"/>
							<String ID="string_36" HPOS="439" VPOS="571" WIDTH="160" HEIGHT="37" WC="0.96" CONTENT="omkring"/><SP WIDTH="24" VPOS="571" HPOS="599"/>
							<String ID="string_37" HPOS="623" VPOS="571" WIDTH="257" HEIGHT="37" WC="0.93" CONTENT="riksdagshuset"/><SP WIDTH="20" VPOS="571" HPOS="880"/>
							<String ID="string_38" HPOS="900" VPOS="597" WIDTH="78" HEIGHT="5" WC="0.71" CONTENT="........"/><SP WIDTH="10" VPOS="597" HPOS="978"/>
							<String ID="string_39" HPOS="988" VPOS="597" WIDTH="319" HEIGHT="6" WC="0.0" CONTENT="FSE"/><SP WIDTH="18" VPOS="597" HPOS="1307"/>
							<String ID="string_40" HPOS="1325" VPOS="599" WIDTH="3" HEIGHT="4" WC="0.15" CONTENT="."/><SP WIDTH="60" VPOS="599" HPOS="1328"/>
							<String ID="string_41" HPOS="1388" VPOS="574" WIDTH="139" HEIGHT="36" WC="0.15" CONTENT=" 303,000"/><SP WIDTH="122" VPOS="574" HPOS="1527"/>
							<String ID="string_42" HPOS="1649" VPOS="575" WIDTH="139" HEIGHT="36" WC="0.90" CONTENT="350,000"/>
						</TextLine>
						<TextLine ID="line_9" HPOS="292" VPOS="614" WIDTH="1496" HEIGHT="41">
							<String ID="string_43" HPOS="292" VPOS="614" WIDTH="272" HEIGHT="37" WC="0.71" CONTENT="Riksdagshuset"/><SP WIDTH="28" VPOS="614" HPOS="564"/>
							<String ID="string_44" HPOS="592" VPOS="640" WIDTH="735" HEIGHT="7" WC="0.0" CONTENT="osssnmmenrosurrsssassresersssrsrsssenrerseerer"/><SP WIDTH="-208" VPOS="640" HPOS="1327"/>
							<String ID="string_45" HPOS="1119" VPOS="609" WIDTH="39" HEIGHT="47" WC="0.26" CONTENT="ser"/><SP WIDTH="5" VPOS="609" HPOS="1158"/>
							<String ID="string_46" HPOS="1163" VPOS="609" WIDTH="16" HEIGHT="47" WC="0.0" CONTENT="ir"/><SP WIDTH="4" VPOS="609" HPOS="1179"/>
							<String ID="string_47" HPOS="1183" VPOS="609" WIDTH="16" HEIGHT="47" WC="0.0" CONTENT="es"/><SP WIDTH="5" VPOS="609" HPOS="1199"/>
							<String ID="string_48" HPOS="1204" VPOS="609" WIDTH="33" HEIGHT="47" WC="0.0" CONTENT="rer"/><SP WIDTH="14" VPOS="609" HPOS="1237"/>
							<String ID="string_49" HPOS="1251" VPOS="609" WIDTH="27" HEIGHT="47" WC="0.25" CONTENT="oe"/><SP WIDTH="2" VPOS="609" HPOS="1278"/>
							<String ID="string_50" HPOS="1280" VPOS="609" WIDTH="51" HEIGHT="47" WC="0.20" CONTENT="sana"/><SP WIDTH="112" VPOS="609" HPOS="1331"/>
							<String ID="string_51" HPOS="1443" VPOS="636" WIDTH="41" HEIGHT="4" WC="0.87" CONTENT="—"/><SP WIDTH="187" VPOS="636" HPOS="1484"/>
							<String ID="string_52" HPOS="1671" VPOS="619" WIDTH="117" HEIGHT="36" WC="0.91" CONTENT="25,000"/>
						</TextLine>
						<TextLine ID="line_10" HPOS="292" VPOS="658" WIDTH="1496" HEIGHT="41">
							<String ID="string_53" HPOS="292" VPOS="658" WIDTH="307" HEIGHT="38" WC="0.68" CONTENT="Figurskulpturer"/><SP WIDTH="35" VPOS="658" HPOS="599"/>
							<String ID="string_54" HPOS="634" VPOS="685" WIDTH="440" HEIGHT="5" WC="0.0" CONTENT="oooecssmmmmmmsrsrssssssssrsresiose"/><SP WIDTH="-49" VPOS="685" HPOS="1074"/>
							<String ID="string_55" HPOS="1025" VPOS="654" WIDTH="54" HEIGHT="47" WC="0.19" CONTENT="rann"/><SP WIDTH="25" VPOS="654" HPOS="1079"/>
							<String ID="string_56" HPOS="1104" VPOS="688" WIDTH="2" HEIGHT="2" WC="0.0" CONTENT="z"/><SP WIDTH="108" VPOS="688" HPOS="1106"/>
							<String ID="string_57" HPOS="1214" VPOS="688" WIDTH="2" HEIGHT="2" WC="0.76" CONTENT=";"/><SP WIDTH="96" VPOS="688" HPOS="1216"/>
							<String ID="string_58" HPOS="1312" VPOS="688" WIDTH="12" HEIGHT="2" WC="0.26" CONTENT=".-"/><SP WIDTH="63" VPOS="688" HPOS="1324"/>
							<String ID="string_59" HPOS="1387" VPOS="662" WIDTH="139" HEIGHT="36" WC="0.6" CONTENT=" 150,000"/><SP WIDTH="123" VPOS="662" HPOS="1526"/>
							<String ID="string_60" HPOS="1649" VPOS="663" WIDTH="139" HEIGHT="36" WC="0.92" CONTENT="150,000"/>
						</TextLine>
					</TextBlock>
				</ComposedBlock>
				<GraphicalElement ID="cblock_3" HPOS="998" VPOS="704" WIDTH="465" HEIGHT="7"></GraphicalElement >
				<ComposedBlock ID="cblock_4" HPOS="1036" VPOS="722" WIDTH="762" HEIGHT="38">
					<TextBlock ID="block_4" HPOS="1036" VPOS="722" WIDTH="762" HEIGHT="38">
						<TextLine ID="line_11" HPOS="1036" VPOS="722" WIDTH="762" HEIGHT="38">
							<String ID="string_61" HPOS="1036" VPOS="722" WIDTH="144" HEIGHT="31" WC="0.95" CONTENT="Summa"/><SP WIDTH="23" VPOS="722" HPOS="1180"/>
							<String ID="string_62" HPOS="1203" VPOS="723" WIDTH="126" HEIGHT="31" WC="0.92" CONTENT="kronor"/><SP WIDTH="57" VPOS="723" HPOS="1329"/>
							<String ID="string_63" HPOS="1386" VPOS="724" WIDTH="139" HEIGHT="35" WC="0.59" CONTENT="960,000"/><SP WIDTH="90" VPOS="724" HPOS="1525"/>
							<String ID="string_64" HPOS="1615" VPOS="724" WIDTH="183" HEIGHT="36" WC="0.90" CONTENT="1,143,000."/>
						</TextLine>
					</TextBlock>
				</ComposedBlock>
				<ComposedBlock ID="cblock_5" HPOS="288" VPOS="805" WIDTH="1512" HEIGHT="565">
					<TextBlock ID="block_5" HPOS="289" VPOS="805" WIDTH="1511" HEIGHT="125">
						<TextLine ID="line_12" HPOS="335" VPOS="805" WIDTH="1465" HEIGHT="39">
							<String ID="string_65" HPOS="335" VPOS="805" WIDTH="18" HEIGHT="31" WC="0.91" CONTENT="I"/><SP WIDTH="34" VPOS="805" HPOS="353"/>
							<String ID="string_66" HPOS="387" VPOS="806" WIDTH="443" HEIGHT="37" WC="0.90" CONTENT="kostnadsberäkningarna"/><SP WIDTH="35" VPOS="806" HPOS="830"/>
							<String ID="string_67" HPOS="865" VPOS="808" WIDTH="83" HEIGHT="36" WC="0.95" CONTENT="ingå"/><SP WIDTH="23" VPOS="808" HPOS="948"/>
							<String ID="string_68" HPOS="971" VPOS="808" WIDTH="75" HEIGHT="30" WC="0.96" CONTENT="icke"/><SP WIDTH="23" VPOS="808" HPOS="1046"/>
							<String ID="string_69" HPOS="1069" VPOS="808" WIDTH="229" HEIGHT="32" WC="0.96" CONTENT="kostnaderna"/><SP WIDTH="23" VPOS="808" HPOS="1298"/>
							<String ID="string_70" HPOS="1321" VPOS="810" WIDTH="54" HEIGHT="30" WC="0.96" CONTENT="för"/><SP WIDTH="23" VPOS="810" HPOS="1375"/>
							<String ID="string_71" HPOS="1398" VPOS="810" WIDTH="195" HEIGHT="31" WC="0.95" CONTENT="eventuella"/><SP WIDTH="23" VPOS="810" HPOS="1593"/>
							<String ID="string_72" HPOS="1616" VPOS="811" WIDTH="141" HEIGHT="30" WC="0.93" CONTENT="arbeten"/><SP WIDTH="22" VPOS="811" HPOS="1757"/>
							<String ID="string_73" HPOS="1779" VPOS="812" WIDTH="21" HEIGHT="29" WC="0.92" CONTENT="å"/>
						</TextLine>
						<TextLine ID="line_13" HPOS="289" VPOS="848" WIDTH="1511" HEIGHT="42">
							<String ID="string_74" HPOS="289" VPOS="848" WIDTH="298" HEIGHT="37" WC="0.91" CONTENT="Strömparterren"/><SP WIDTH="23" VPOS="848" HPOS="587"/>
							<String ID="string_75" HPOS="610" VPOS="850" WIDTH="84" HEIGHT="31" WC="0.96" CONTENT="eller"/><SP WIDTH="23" VPOS="850" HPOS="694"/>
							<String ID="string_76" HPOS="717" VPOS="850" WIDTH="65" HEIGHT="32" WC="0.93" CONTENT="den"/><SP WIDTH="23" VPOS="850" HPOS="782"/>
							<String ID="string_77" HPOS="805" VPOS="860" WIDTH="26" HEIGHT="21" WC="0.90" CONTENT="s."/><SP WIDTH="25" VPOS="860" HPOS="831"/>
							<String ID="string_78" HPOS="856" VPOS="851" WIDTH="32" HEIGHT="31" WC="0.89" CONTENT="k."/><SP WIDTH="25" VPOS="851" HPOS="888"/>
							<String ID="string_79" HPOS="913" VPOS="851" WIDTH="148" HEIGHT="36" WC="0.91" CONTENT="puckeln"/><SP WIDTH="23" VPOS="851" HPOS="1061"/>
							<String ID="string_80" HPOS="1084" VPOS="852" WIDTH="85" HEIGHT="31" WC="0.96" CONTENT="eller"/><SP WIDTH="22" VPOS="852" HPOS="1169"/>
							<String ID="string_81" HPOS="1191" VPOS="852" WIDTH="53" HEIGHT="32" WC="0.92" CONTENT="för"/><SP WIDTH="22" VPOS="852" HPOS="1244"/>
							<String ID="string_82" HPOS="1266" VPOS="853" WIDTH="389" HEIGHT="37" WC="0.92" CONTENT="parkanläggningarna"/><SP WIDTH="23" VPOS="853" HPOS="1655"/>
							<String ID="string_83" HPOS="1678" VPOS="855" WIDTH="21" HEIGHT="29" WC="0.90" CONTENT="å"/><SP WIDTH="16" VPOS="855" HPOS="1699"/>
							<String ID="string_84" HPOS="1715" VPOS="854" WIDTH="85" HEIGHT="31" WC="0.90" CONTENT="riks-"/>
						</TextLine>
						<TextLine ID="line_14" HPOS="290" VPOS="893" WIDTH="297" HEIGHT="37">
							<String ID="string_85" HPOS="290" VPOS="893" WIDTH="297" HEIGHT="37" WC="0.90" CONTENT="dagshusplatsen."/>
						</TextLine>
					</TextBlock>
					<TextBlock ID="block_6" HPOS="288" VPOS="937" WIDTH="1512" HEIGHT="433">
						<TextLine ID="line_15" HPOS="335" VPOS="937" WIDTH="1464" HEIGHT="40">
							<String ID="string_86" HPOS="335" VPOS="937" WIDTH="49" HEIGHT="31" WC="0.97" CONTENT="De"/><SP WIDTH="23" VPOS="937" HPOS="384"/>
							<String ID="string_87" HPOS="407" VPOS="947" WIDTH="45" HEIGHT="21" WC="0.93" CONTENT="av"/><SP WIDTH="24" VPOS="947" HPOS="452"/>
							<String ID="string_88" HPOS="476" VPOS="938" WIDTH="244" HEIGHT="36" WC="0.92" CONTENT="gatukontoret"/><SP WIDTH="22" VPOS="938" HPOS="720"/>
							<String ID="string_89" HPOS="742" VPOS="938" WIDTH="194" HEIGHT="31" WC="0.96" CONTENT="beräknade"/><SP WIDTH="24" VPOS="938" HPOS="936"/>
							<String ID="string_90" HPOS="960" VPOS="939" WIDTH="105" HEIGHT="36" WC="0.96" CONTENT="högre"/><SP WIDTH="23" VPOS="939" HPOS="1065"/>
							<String ID="string_91" HPOS="1088" VPOS="939" WIDTH="228" HEIGHT="32" WC="0.96" CONTENT="kostnaderna"/><SP WIDTH="16" VPOS="939" HPOS="1316"/>
							<String ID="string_92" HPOS="1332" VPOS="940" WIDTH="53" HEIGHT="31" WC="0.96" CONTENT="för"/><SP WIDTH="16" VPOS="940" HPOS="1385"/>
							<String ID="string_93" HPOS="1401" VPOS="938" WIDTH="157" HEIGHT="39" WC="0.96" CONTENT="Östbergs"/><SP WIDTH="15" VPOS="938" HPOS="1558"/>
							<String ID="string_94" HPOS="1573" VPOS="941" WIDTH="131" HEIGHT="36" WC="0.95" CONTENT="förslag"/><SP WIDTH="16" VPOS="941" HPOS="1704"/>
							<String ID="string_95" HPOS="1720" VPOS="941" WIDTH="79" HEIGHT="31" WC="0.96" CONTENT="bero"/>
						</TextLine>
						<TextLine ID="line_16" HPOS="290" VPOS="981" WIDTH="1509" HEIGHT="39">
							<String ID="string_96" HPOS="290" VPOS="981" WIDTH="13" HEIGHT="30" WC="0.96" CONTENT="1"/><SP WIDTH="35" VPOS="981" HPOS="303"/>
							<String ID="string_97" HPOS="338" VPOS="981" WIDTH="183" HEIGHT="31" WC="0.96" CONTENT="huvudsak"/><SP WIDTH="34" VPOS="981" HPOS="521"/>
							<String ID="string_98" HPOS="555" VPOS="983" WIDTH="44" HEIGHT="34" WC="0.96" CONTENT="på"/><SP WIDTH="33" VPOS="983" HPOS="599"/>
							<String ID="string_99" HPOS="632" VPOS="983" WIDTH="53" HEIGHT="29" WC="0.95" CONTENT="att"/><SP WIDTH="33" VPOS="983" HPOS="685"/>
							<String ID="string_100" HPOS="718" VPOS="982" WIDTH="157" HEIGHT="30" WC="0.95" CONTENT="kontoret"/><SP WIDTH="33" VPOS="982" HPOS="875"/>
							<String ID="string_101" HPOS="908" VPOS="984" WIDTH="112" HEIGHT="29" WC="0.96" CONTENT="ansett"/><SP WIDTH="34" VPOS="984" HPOS="1020"/>
							<String ID="string_102" HPOS="1054" VPOS="983" WIDTH="53" HEIGHT="36" WC="0.96" CONTENT="sig"/><SP WIDTH="34" VPOS="983" HPOS="1107"/>
							<String ID="string_103" HPOS="1141" VPOS="983" WIDTH="84" HEIGHT="31" WC="0.96" CONTENT="böra"/><SP WIDTH="36" VPOS="983" HPOS="1225"/>
							<String ID="string_104" HPOS="1261" VPOS="983" WIDTH="109" HEIGHT="31" WC="0.96" CONTENT="räkna"/><SP WIDTH="22" VPOS="983" HPOS="1370"/>
							<String ID="string_105" HPOS="1392" VPOS="984" WIDTH="77" HEIGHT="30" WC="0.96" CONTENT="med"/><SP WIDTH="23" VPOS="984" HPOS="1469"/>
							<String ID="string_106" HPOS="1492" VPOS="984" WIDTH="105" HEIGHT="36" WC="0.93" CONTENT="högre"/><SP WIDTH="21" VPOS="984" HPOS="1597"/>
							<String ID="string_107" HPOS="1618" VPOS="985" WIDTH="106" HEIGHT="35" WC="0.91" CONTENT="å-pris"/><SP WIDTH="23" VPOS="985" HPOS="1724"/>
							<String ID="string_108" HPOS="1747" VPOS="985" WIDTH="52" HEIGHT="30" WC="0.96" CONTENT="för"/>
						</TextLine>
						<TextLine ID="line_17" HPOS="290" VPOS="1023" WIDTH="1510" HEIGHT="40">
							<String ID="string_109" HPOS="290" VPOS="1023" WIDTH="207" HEIGHT="37" WC="0.92" CONTENT="sehaktning"/><SP WIDTH="34" VPOS="1023" HPOS="497"/>
							<String ID="string_110" HPOS="531" VPOS="1024" WIDTH="62" HEIGHT="31" WC="0.93" CONTENT="och"/><SP WIDTH="34" VPOS="1024" HPOS="593"/>
							<String ID="string_111" HPOS="627" VPOS="1025" WIDTH="349" HEIGHT="36" WC="0.85" CONTENT="borttransportering"/><SP WIDTH="34" VPOS="1025" HPOS="976"/>
							<String ID="string_112" HPOS="1010" VPOS="1036" WIDTH="45" HEIGHT="20" WC="0.96" CONTENT="av"/><SP WIDTH="28" VPOS="1036" HPOS="1055"/>
							<String ID="string_113" HPOS="1083" VPOS="1036" WIDTH="130" HEIGHT="21" WC="0.96" CONTENT="massor"/><SP WIDTH="23" VPOS="1036" HPOS="1213"/>
							<String ID="string_114" HPOS="1236" VPOS="1026" WIDTH="53" HEIGHT="31" WC="0.93" CONTENT="för"/><SP WIDTH="23" VPOS="1026" HPOS="1289"/>
							<String ID="string_115" HPOS="1312" VPOS="1027" WIDTH="367" HEIGHT="36" WC="0.91" CONTENT="riksdagshusplanens"/><SP WIDTH="23" VPOS="1027" HPOS="1679"/>
							<String ID="string_116" HPOS="1702" VPOS="1028" WIDTH="98" HEIGHT="30" WC="0.91" CONTENT="sänk-"/>
						</TextLine>
						<TextLine ID="line_18" HPOS="290" VPOS="1067" WIDTH="1509" HEIGHT="39">
							<String ID="string_117" HPOS="290" VPOS="1067" WIDTH="96" HEIGHT="36" WC="0.95" CONTENT="ning,"/><SP WIDTH="24" VPOS="1067" HPOS="386"/>
							<String ID="string_118" HPOS="410" VPOS="1069" WIDTH="90" HEIGHT="29" WC="0.91" CONTENT="samt"/><SP WIDTH="22" VPOS="1069" HPOS="500"/>
							<String ID="string_119" HPOS="522" VPOS="1067" WIDTH="94" HEIGHT="36" WC="0.89" CONTENT="därå,"/><SP WIDTH="24" VPOS="1067" HPOS="616"/>
							<String ID="string_120" HPOS="640" VPOS="1069" WIDTH="52" HEIGHT="29" WC="0.96" CONTENT="att"/><SP WIDTH="23" VPOS="1069" HPOS="692"/>
							<String ID="string_121" HPOS="715" VPOS="1068" WIDTH="219" HEIGHT="37" WC="0.96" CONTENT="marginalen"/><SP WIDTH="23" VPOS="1068" HPOS="934"/>
							<String ID="string_122" HPOS="957" VPOS="1069" WIDTH="53" HEIGHT="30" WC="0.96" CONTENT="för"/><SP WIDTH="23" VPOS="1069" HPOS="1010"/>
							<String ID="string_123" HPOS="1033" VPOS="1069" WIDTH="219" HEIGHT="31" WC="0.96" CONTENT="oförutsedda"/><SP WIDTH="23" VPOS="1069" HPOS="1252"/>
							<String ID="string_124" HPOS="1275" VPOS="1070" WIDTH="144" HEIGHT="36" WC="0.96" CONTENT="utgifter"/><SP WIDTH="23" VPOS="1070" HPOS="1419"/>
							<String ID="string_125" HPOS="1442" VPOS="1070" WIDTH="184" HEIGHT="32" WC="0.96" CONTENT="beräknats"/><SP WIDTH="23" VPOS="1070" HPOS="1626"/>
							<String ID="string_126" HPOS="1649" VPOS="1071" WIDTH="56" HEIGHT="30" WC="0.96" CONTENT="till"/><SP WIDTH="23" VPOS="1071" HPOS="1705"/>
							<String ID="string_127" HPOS="1728" VPOS="1071" WIDTH="71" HEIGHT="31" WC="0.46" CONTENT="20"/><SP WIDTH="-21" VPOS="1071" HPOS="1799"/>
							<String ID="string_128" HPOS="1778" VPOS="1063" WIDTH="24" HEIGHT="47" WC="0.45" CONTENT="i"/>
						</TextLine>
						<TextLine ID="line_19" HPOS="288" VPOS="1110" WIDTH="1511" HEIGHT="39">
							<String ID="string_129" HPOS="288" VPOS="1110" WIDTH="117" HEIGHT="31" WC="0.96" CONTENT="stället"/><SP WIDTH="22" VPOS="1110" HPOS="405"/>
							<String ID="string_130" HPOS="427" VPOS="1111" WIDTH="54" HEIGHT="31" WC="0.96" CONTENT="för"/><SP WIDTH="22" VPOS="1111" HPOS="481"/>
							<String ID="string_131" HPOS="503" VPOS="1111" WIDTH="57" HEIGHT="31" WC="0.96" CONTENT="till"/><SP WIDTH="17" VPOS="1111" HPOS="560"/>
							<String ID="string_132" HPOS="577" VPOS="1111" WIDTH="40" HEIGHT="32" WC="0.95" CONTENT="15"/><SP WIDTH="17" VPOS="1111" HPOS="617"/>
							<String ID="string_133" HPOS="634" VPOS="1113" WIDTH="149" HEIGHT="35" WC="0.96" CONTENT="procent."/><SP WIDTH="36" VPOS="1113" HPOS="783"/>
							<String ID="string_134" HPOS="819" VPOS="1112" WIDTH="69" HEIGHT="32" WC="0.96" CONTENT="Vid"/><SP WIDTH="16" VPOS="1112" HPOS="888"/>
							<String ID="string_135" HPOS="904" VPOS="1112" WIDTH="40" HEIGHT="31" WC="0.96" CONTENT="de"/><SP WIDTH="16" VPOS="1112" HPOS="944"/>
							<String ID="string_136" HPOS="960" VPOS="1122" WIDTH="46" HEIGHT="21" WC="0.93" CONTENT="av"/><SP WIDTH="15" VPOS="1122" HPOS="1006"/>
							<String ID="string_137" HPOS="1021" VPOS="1112" WIDTH="515" HEIGHT="37" WC="0.89" CONTENT="Helgeandsholmskommittén"/><SP WIDTH="16" VPOS="1112" HPOS="1536"/>
							<String ID="string_138" HPOS="1552" VPOS="1115" WIDTH="247" HEIGHT="31" WC="0.90" CONTENT="föranstaltade"/>
						</TextLine>
						<TextLine ID="line_20" HPOS="289" VPOS="1154" WIDTH="1510" HEIGHT="42">
							<String ID="string_139" HPOS="289" VPOS="1154" WIDTH="280" HEIGHT="38" WC="0.96" CONTENT="beräkningarna"/><SP WIDTH="34" VPOS="1154" HPOS="569"/>
							<String ID="string_140" HPOS="603" VPOS="1155" WIDTH="64" HEIGHT="31" WC="0.96" CONTENT="har"/><SP WIDTH="33" VPOS="1155" HPOS="667"/>
							<String ID="string_141" HPOS="700" VPOS="1166" WIDTH="83" HEIGHT="21" WC="0.96" CONTENT="man"/><SP WIDTH="33" VPOS="1166" HPOS="783"/>
							<String ID="string_142" HPOS="816" VPOS="1158" WIDTH="113" HEIGHT="29" WC="0.96" CONTENT="ansett"/><SP WIDTH="32" VPOS="1158" HPOS="929"/>
							<String ID="string_143" HPOS="961" VPOS="1156" WIDTH="53" HEIGHT="36" WC="0.96" CONTENT="sig"/><SP WIDTH="34" VPOS="1156" HPOS="1014"/>
							<String ID="string_144" HPOS="1048" VPOS="1157" WIDTH="118" HEIGHT="31" WC="0.96" CONTENT="kunna"/><SP WIDTH="35" VPOS="1157" HPOS="1166"/>
							<String ID="string_145" HPOS="1201" VPOS="1158" WIDTH="109" HEIGHT="30" WC="0.96" CONTENT="räkna"/><SP WIDTH="34" VPOS="1158" HPOS="1310"/>
							<String ID="string_146" HPOS="1344" VPOS="1158" WIDTH="79" HEIGHT="31" WC="0.96" CONTENT="med"/><SP WIDTH="28" VPOS="1158" HPOS="1423"/>
							<String ID="string_147" HPOS="1451" VPOS="1158" WIDTH="39" HEIGHT="31" WC="0.96" CONTENT="de"/><SP WIDTH="23" VPOS="1158" HPOS="1490"/>
							<String ID="string_148" HPOS="1513" VPOS="1159" WIDTH="74" HEIGHT="30" WC="0.92" CONTENT="icke"/><SP WIDTH="23" VPOS="1159" HPOS="1587"/>
							<String ID="string_149" HPOS="1610" VPOS="1158" WIDTH="189" HEIGHT="38" WC="0.96" CONTENT="obetydligt"/>
						</TextLine>
						<TextLine ID="line_21" HPOS="289" VPOS="1199" WIDTH="1509" HEIGHT="39">
							<String ID="string_150" HPOS="289" VPOS="1199" WIDTH="94" HEIGHT="36" WC="0.95" CONTENT="lägre"/><SP WIDTH="31" VPOS="1199" HPOS="383"/>
							<String ID="string_151" HPOS="414" VPOS="1199" WIDTH="225" HEIGHT="36" WC="0.96" CONTENT="preliminära"/><SP WIDTH="34" VPOS="1199" HPOS="639"/>
							<String ID="string_152" HPOS="673" VPOS="1200" WIDTH="127" HEIGHT="36" WC="0.96" CONTENT="anbud,"/><SP WIDTH="32" VPOS="1200" HPOS="800"/>
							<String ID="string_153" HPOS="832" VPOS="1210" WIDTH="73" HEIGHT="21" WC="0.92" CONTENT="som"/><SP WIDTH="33" VPOS="1210" HPOS="905"/>
							<String ID="string_154" HPOS="938" VPOS="1200" WIDTH="151" HEIGHT="37" WC="0.92" CONTENT="förelågo"/><SP WIDTH="23" VPOS="1200" HPOS="1089"/>
							<String ID="string_155" HPOS="1112" VPOS="1201" WIDTH="80" HEIGHT="31" WC="0.95" CONTENT="från"/><SP WIDTH="22" VPOS="1201" HPOS="1192"/>
							<String ID="string_156" HPOS="1214" VPOS="1202" WIDTH="94" HEIGHT="30" WC="0.93" CONTENT="vissa"/><SP WIDTH="23" VPOS="1202" HPOS="1308"/>
							<String ID="string_157" HPOS="1331" VPOS="1202" WIDTH="351" HEIGHT="36" WC="0.78" CONTENT="entreprenadfirmor."/><SP WIDTH="47" VPOS="1202" HPOS="1682"/>
							<String ID="string_158" HPOS="1729" VPOS="1203" WIDTH="69" HEIGHT="31" WC="0.95" CONTENT="Vid"/>
						</TextLine>
						<TextLine ID="line_22" HPOS="289" VPOS="1241" WIDTH="1509" HEIGHT="40">
							<String ID="string_159" HPOS="289" VPOS="1242" WIDTH="402" HEIGHT="37" WC="0.92" CONTENT="kostnadsberäkningen"/><SP WIDTH="23" VPOS="1242" HPOS="691"/>
							<String ID="string_160" HPOS="714" VPOS="1254" WIDTH="46" HEIGHT="20" WC="0.96" CONTENT="av"/><SP WIDTH="23" VPOS="1254" HPOS="760"/>
							<String ID="string_161" HPOS="783" VPOS="1241" WIDTH="160" HEIGHT="39" WC="0.96" CONTENT="Östbergs"/><SP WIDTH="27" VPOS="1241" HPOS="943"/>
							<String ID="string_162" HPOS="970" VPOS="1244" WIDTH="188" HEIGHT="31" WC="0.96" CONTENT="alternativ"/><SP WIDTH="24" VPOS="1244" HPOS="1158"/>
							<String ID="string_163" HPOS="1182" VPOS="1245" WIDTH="18" HEIGHT="30" WC="0.95" CONTENT="I"/><SP WIDTH="22" VPOS="1245" HPOS="1200"/>
							<String ID="string_164" HPOS="1222" VPOS="1245" WIDTH="65" HEIGHT="30" WC="0.93" CONTENT="har"/><SP WIDTH="23" VPOS="1245" HPOS="1287"/>
							<String ID="string_165" HPOS="1310" VPOS="1246" WIDTH="243" HEIGHT="35" WC="0.92" CONTENT="gatukontoret"/><SP WIDTH="22" VPOS="1246" HPOS="1553"/>
							<String ID="string_166" HPOS="1575" VPOS="1248" WIDTH="89" HEIGHT="29" WC="0.96" CONTENT="även"/><SP WIDTH="22" VPOS="1248" HPOS="1664"/>
							<String ID="string_167" HPOS="1686" VPOS="1248" WIDTH="112" HEIGHT="29" WC="0.96" CONTENT="ansett"/>
						</TextLine>
						<TextLine ID="line_23" HPOS="288" VPOS="1285" WIDTH="1510" HEIGHT="40">
							<String ID="string_168" HPOS="288" VPOS="1286" WIDTH="54" HEIGHT="35" WC="0.96" CONTENT="sig"/><SP WIDTH="23" VPOS="1286" HPOS="342"/>
							<String ID="string_169" HPOS="365" VPOS="1285" WIDTH="82" HEIGHT="31" WC="0.96" CONTENT="böra"/><SP WIDTH="23" VPOS="1285" HPOS="447"/>
							<String ID="string_170" HPOS="470" VPOS="1287" WIDTH="110" HEIGHT="29" WC="0.96" CONTENT="räkna"/><SP WIDTH="23" VPOS="1287" HPOS="580"/>
							<String ID="string_171" HPOS="603" VPOS="1286" WIDTH="78" HEIGHT="31" WC="0.96" CONTENT="med"/><SP WIDTH="23" VPOS="1286" HPOS="681"/>
							<String ID="string_172" HPOS="704" VPOS="1286" WIDTH="145" HEIGHT="31" WC="0.96" CONTENT="behovet"/><SP WIDTH="23" VPOS="1286" HPOS="849"/>
							<String ID="string_173" HPOS="872" VPOS="1297" WIDTH="45" HEIGHT="20" WC="0.96" CONTENT="av"/><SP WIDTH="24" VPOS="1297" HPOS="917"/>
							<String ID="string_174" HPOS="941" VPOS="1297" WIDTH="42" HEIGHT="21" WC="0.96" CONTENT="en"/><SP WIDTH="23" VPOS="1297" HPOS="983"/>
							<String ID="string_175" HPOS="1006" VPOS="1287" WIDTH="236" HEIGHT="37" WC="0.96" CONTENT="förstärkning"/><SP WIDTH="24" VPOS="1287" HPOS="1242"/>
							<String ID="string_176" HPOS="1266" VPOS="1298" WIDTH="44" HEIGHT="20" WC="0.92" CONTENT="av"/><SP WIDTH="20" VPOS="1298" HPOS="1310"/>
							<String ID="string_177" HPOS="1330" VPOS="1288" WIDTH="371" HEIGHT="37" WC="0.90" CONTENT="trafikmöjligheterna"/><SP WIDTH="15" VPOS="1288" HPOS="1701"/>
							<String ID="string_178" HPOS="1716" VPOS="1292" WIDTH="82" HEIGHT="28" WC="0.96" CONTENT="över"/>
						</TextLine>
						<TextLine ID="line_24" HPOS="289" VPOS="1328" WIDTH="1508" HEIGHT="42">
							<String ID="string_179" HPOS="289" VPOS="1328" WIDTH="155" HEIGHT="32" WC="0.96" CONTENT="Norrbro"/><SP WIDTH="23" VPOS="1328" HPOS="444"/>
							<String ID="string_180" HPOS="467" VPOS="1329" WIDTH="109" HEIGHT="31" WC="0.92" CONTENT="under"/><SP WIDTH="23" VPOS="1329" HPOS="576"/>
							<String ID="string_181" HPOS="599" VPOS="1330" WIDTH="332" HEIGHT="36" WC="0.91" CONTENT="ombyggnadstiden"/><SP WIDTH="23" VPOS="1330" HPOS="931"/>
							<String ID="string_182" HPOS="954" VPOS="1339" WIDTH="123" HEIGHT="27" WC="0.96" CONTENT="genom"/><SP WIDTH="23" VPOS="1339" HPOS="1077"/>
							<String ID="string_183" HPOS="1100" VPOS="1341" WIDTH="43" HEIGHT="21" WC="0.96" CONTENT="en"/><SP WIDTH="22" VPOS="1341" HPOS="1143"/>
							<String ID="string_184" HPOS="1165" VPOS="1332" WIDTH="210" HEIGHT="35" WC="0.96" CONTENT="provisorisk"/><SP WIDTH="23" VPOS="1332" HPOS="1375"/>
							<String ID="string_185" HPOS="1398" VPOS="1332" WIDTH="61" HEIGHT="31" WC="0.93" CONTENT="bro"/><SP WIDTH="20" VPOS="1332" HPOS="1459"/>
							<String ID="string_186" HPOS="1479" VPOS="1333" WIDTH="152" HEIGHT="37" WC="0.89" CONTENT="(100,000"/><SP WIDTH="17" VPOS="1333" HPOS="1631"/>
							<String ID="string_187" HPOS="1648" VPOS="1333" WIDTH="149" HEIGHT="37" WC="0.95" CONTENT="kronor)."/>
						</TextLine>
					</TextBlock>
				</ComposedBlock>
				<ComposedBlock ID="cblock_6" HPOS="332" VPOS="1389" WIDTH="1464" HEIGHT="40">
					<TextBlock ID="block_7" HPOS="332" VPOS="1389" WIDTH="1464" HEIGHT="40">
						<TextLine ID="line_25" HPOS="332" VPOS="1389" WIDTH="1464" HEIGHT="40">
							<String ID="string_188" HPOS="332" VPOS="1389" WIDTH="225" HEIGHT="32" WC="0.96" CONTENT="Stockholms"/><SP WIDTH="23" VPOS="1389" HPOS="557"/>
							<String ID="string_189" HPOS="580" VPOS="1392" WIDTH="97" HEIGHT="29" WC="0.96" CONTENT="stads"/><SP WIDTH="24" VPOS="1392" HPOS="677"/>
							<String ID="string_190" HPOS="701" VPOS="1391" WIDTH="207" HEIGHT="36" WC="0.96" CONTENT="delegerade"/><SP WIDTH="27" VPOS="1391" HPOS="908"/>
							<String ID="string_191" HPOS="935" VPOS="1391" WIDTH="91" HEIGHT="31" WC="0.96" CONTENT="hava"/><SP WIDTH="22" VPOS="1391" HPOS="1026"/>
							<String ID="string_192" HPOS="1048" VPOS="1392" WIDTH="13" HEIGHT="30" WC="0.96" CONTENT="i"/><SP WIDTH="23" VPOS="1392" HPOS="1061"/>
							<String ID="string_193" HPOS="1084" VPOS="1392" WIDTH="140" HEIGHT="31" WC="0.96" CONTENT="ärendet"/><SP WIDTH="22" VPOS="1392" HPOS="1224"/>
							<String ID="string_194" HPOS="1246" VPOS="1393" WIDTH="118" HEIGHT="30" WC="0.96" CONTENT="anfört"/><SP WIDTH="22" VPOS="1393" HPOS="1364"/>
							<String ID="string_195" HPOS="1386" VPOS="1392" WIDTH="13" HEIGHT="31" WC="0.96" CONTENT="i"/><SP WIDTH="23" VPOS="1392" HPOS="1399"/>
							<String ID="string_196" HPOS="1422" VPOS="1392" WIDTH="184" HEIGHT="32" WC="0.96" CONTENT="huvudsak"/><SP WIDTH="23" VPOS="1392" HPOS="1606"/>
							<String ID="string_197" HPOS="1629" VPOS="1393" WIDTH="167" HEIGHT="36" WC="0.95" CONTENT="följande:"/>
						</TextLine>
					</TextBlock>
				</ComposedBlock>
				<ComposedBlock ID="cblock_7" HPOS="279" VPOS="1441" WIDTH="1518" HEIGHT="1083">
					<TextBlock ID="block_8" HPOS="289" VPOS="1441" WIDTH="1508" HEIGHT="80">
						<TextLine ID="line_26" HPOS="331" VPOS="1441" WIDTH="1466" HEIGHT="41">
							<String ID="string_198" HPOS="331" VPOS="1441" WIDTH="70" HEIGHT="31" WC="0.96" CONTENT="Vid"/><SP WIDTH="34" VPOS="1441" HPOS="401"/>
							<String ID="string_199" HPOS="435" VPOS="1442" WIDTH="239" HEIGHT="36" WC="0.95" CONTENT="övervägande"/><SP WIDTH="35" VPOS="1442" HPOS="674"/>
							<String ID="string_200" HPOS="709" VPOS="1452" WIDTH="44" HEIGHT="21" WC="0.96" CONTENT="av"/><SP WIDTH="24" VPOS="1452" HPOS="753"/>
							<String ID="string_201" HPOS="777" VPOS="1442" WIDTH="40" HEIGHT="31" WC="0.96" CONTENT="de"/><SP WIDTH="23" VPOS="1442" HPOS="817"/>
							<String ID="string_202" HPOS="840" VPOS="1443" WIDTH="179" HEIGHT="36" WC="0.96" CONTENT="spörsmål,"/><SP WIDTH="25" VPOS="1443" HPOS="1019"/>
							<String ID="string_203" HPOS="1044" VPOS="1453" WIDTH="71" HEIGHT="21" WC="0.96" CONTENT="som"/><SP WIDTH="24" VPOS="1453" HPOS="1115"/>
							<String ID="string_204" HPOS="1139" VPOS="1444" WIDTH="170" HEIGHT="36" WC="0.96" CONTENT="föreligga"/><SP WIDTH="22" VPOS="1444" HPOS="1309"/>
							<String ID="string_205" HPOS="1331" VPOS="1444" WIDTH="56" HEIGHT="31" WC="0.96" CONTENT="till"/><SP WIDTH="23" VPOS="1444" HPOS="1387"/>
							<String ID="string_206" HPOS="1410" VPOS="1446" WIDTH="65" HEIGHT="29" WC="0.96" CONTENT="vår"/><SP WIDTH="22" VPOS="1446" HPOS="1475"/>
							<String ID="string_207" HPOS="1497" VPOS="1445" WIDTH="183" HEIGHT="37" WC="0.95" CONTENT="prövning,"/><SP WIDTH="25" VPOS="1445" HPOS="1680"/>
							<String ID="string_208" HPOS="1705" VPOS="1446" WIDTH="92" HEIGHT="30" WC="0.96" CONTENT="hava"/>
						</TextLine>
						<TextLine ID="line_27" HPOS="289" VPOS="1485" WIDTH="637" HEIGHT="36">
							<String ID="string_209" HPOS="289" VPOS="1485" WIDTH="37" HEIGHT="30" WC="0.96" CONTENT="vi"/><SP WIDTH="23" VPOS="1485" HPOS="326"/>
							<String ID="string_210" HPOS="349" VPOS="1485" WIDTH="147" HEIGHT="30" WC="0.96" CONTENT="kommit"/><SP WIDTH="23" VPOS="1485" HPOS="496"/>
							<String ID="string_211" HPOS="519" VPOS="1485" WIDTH="56" HEIGHT="31" WC="0.96" CONTENT="till"/><SP WIDTH="23" VPOS="1485" HPOS="575"/>
							<String ID="string_212" HPOS="598" VPOS="1485" WIDTH="153" HEIGHT="36" WC="0.95" CONTENT="följande"/><SP WIDTH="23" VPOS="1485" HPOS="751"/>
							<String ID="string_213" HPOS="774" VPOS="1486" WIDTH="152" HEIGHT="31" WC="0.94" CONTENT="resultat."/>
						</TextLine>
					</TextBlock>
					<TextBlock ID="block_9" HPOS="282" VPOS="1527" WIDTH="1515" HEIGHT="648">
						<TextLine ID="line_28" HPOS="331" VPOS="1527" WIDTH="1466" HEIGHT="40">
							<String ID="string_214" HPOS="331" VPOS="1527" WIDTH="18" HEIGHT="31" WC="0.96" CONTENT="I"/><SP WIDTH="33" VPOS="1527" HPOS="349"/>
							<String ID="string_215" HPOS="382" VPOS="1529" WIDTH="339" HEIGHT="30" WC="0.96" CONTENT="överensstämmelse"/><SP WIDTH="34" VPOS="1529" HPOS="721"/>
							<String ID="string_216" HPOS="755" VPOS="1529" WIDTH="78" HEIGHT="31" WC="0.96" CONTENT="med"/><SP WIDTH="30" VPOS="1529" HPOS="833"/>
							<String ID="string_217" HPOS="863" VPOS="1529" WIDTH="64" HEIGHT="31" WC="0.96" CONTENT="den"/><SP WIDTH="22" VPOS="1529" HPOS="927"/>
							<String ID="string_218" HPOS="949" VPOS="1530" WIDTH="152" HEIGHT="36" WC="0.96" CONTENT="mening,"/><SP WIDTH="24" VPOS="1530" HPOS="1101"/>
							<String ID="string_219" HPOS="1125" VPOS="1540" WIDTH="73" HEIGHT="21" WC="0.96" CONTENT="som"/><SP WIDTH="22" VPOS="1540" HPOS="1198"/>
							<String ID="string_220" HPOS="1220" VPOS="1530" WIDTH="61" HEIGHT="31" WC="0.96" CONTENT="vid"/><SP WIDTH="24" VPOS="1530" HPOS="1281"/>
							<String ID="string_221" HPOS="1305" VPOS="1530" WIDTH="141" HEIGHT="36" WC="0.96" CONTENT="frågans"/><SP WIDTH="23" VPOS="1530" HPOS="1446"/>
							<String ID="string_222" HPOS="1469" VPOS="1531" WIDTH="210" HEIGHT="36" WC="0.96" CONTENT="behandling"/><SP WIDTH="24" VPOS="1531" HPOS="1679"/>
							<String ID="string_223" HPOS="1703" VPOS="1532" WIDTH="94" HEIGHT="30" WC="0.96" CONTENT="inom"/>
						</TextLine>
						<TextLine ID="line_29" HPOS="289" VPOS="1571" WIDTH="1508" HEIGHT="39">
							<String ID="string_224" HPOS="289" VPOS="1571" WIDTH="84" HEIGHT="31" WC="0.96" CONTENT="1928"/><SP WIDTH="36" VPOS="1571" HPOS="373"/>
							<String ID="string_225" HPOS="409" VPOS="1572" WIDTH="57" HEIGHT="30" WC="0.96" CONTENT="års"/><SP WIDTH="34" VPOS="1572" HPOS="466"/>
							<String ID="string_226" HPOS="500" VPOS="1572" WIDTH="141" HEIGHT="37" WC="0.96" CONTENT="riksdag"/><SP WIDTH="35" VPOS="1572" HPOS="641"/>
							<String ID="string_227" HPOS="676" VPOS="1572" WIDTH="62" HEIGHT="31" WC="0.96" CONTENT="och"/><SP WIDTH="23" VPOS="1572" HPOS="738"/>
							<String ID="string_228" HPOS="761" VPOS="1572" WIDTH="191" HEIGHT="31" WC="0.96" CONTENT="sedermera"/><SP WIDTH="23" VPOS="1572" HPOS="952"/>
							<String ID="string_229" HPOS="975" VPOS="1573" WIDTH="95" HEIGHT="31" WC="0.96" CONTENT="inom"/><SP WIDTH="23" VPOS="1573" HPOS="1070"/>
							<String ID="string_230" HPOS="1093" VPOS="1573" WIDTH="66" HEIGHT="31" WC="0.96" CONTENT="den"/><SP WIDTH="22" VPOS="1573" HPOS="1159"/>
							<String ID="string_231" HPOS="1181" VPOS="1574" WIDTH="43" HEIGHT="35" WC="0.96" CONTENT="på"/><SP WIDTH="23" VPOS="1574" HPOS="1224"/>
							<String ID="string_232" HPOS="1247" VPOS="1574" WIDTH="200" HEIGHT="36" WC="0.96" CONTENT="riksdagens"/><SP WIDTH="22" VPOS="1574" HPOS="1447"/>
							<String ID="string_233" HPOS="1469" VPOS="1574" WIDTH="158" HEIGHT="32" WC="0.96" CONTENT="initiativ"/><SP WIDTH="23" VPOS="1574" HPOS="1627"/>
							<String ID="string_234" HPOS="1650" VPOS="1575" WIDTH="147" HEIGHT="32" WC="0.96" CONTENT="tillsatta"/>
						</TextLine>
						<TextLine ID="line_30" HPOS="286" VPOS="1615" WIDTH="1510" HEIGHT="40">
							<String ID="string_235" HPOS="286" VPOS="1615" WIDTH="208" HEIGHT="32" WC="0.96" CONTENT="kommittén"/><SP WIDTH="23" VPOS="1615" HPOS="494"/>
							<String ID="string_236" HPOS="517" VPOS="1616" WIDTH="92" HEIGHT="36" WC="0.96" CONTENT="gjort"/><SP WIDTH="22" VPOS="1616" HPOS="609"/>
							<String ID="string_237" HPOS="631" VPOS="1616" WIDTH="53" HEIGHT="37" WC="0.96" CONTENT="sig"/><SP WIDTH="24" VPOS="1616" HPOS="684"/>
							<String ID="string_238" HPOS="708" VPOS="1616" WIDTH="170" HEIGHT="37" WC="0.96" CONTENT="gällande,"/><SP WIDTH="24" VPOS="1616" HPOS="878"/>
							<String ID="string_239" HPOS="902" VPOS="1627" WIDTH="82" HEIGHT="21" WC="0.96" CONTENT="anse"/><SP WIDTH="22" VPOS="1627" HPOS="984"/>
							<String ID="string_240" HPOS="1006" VPOS="1618" WIDTH="37" HEIGHT="30" WC="0.96" CONTENT="vi"/><SP WIDTH="24" VPOS="1618" HPOS="1043"/>
							<String ID="string_241" HPOS="1067" VPOS="1617" WIDTH="66" HEIGHT="31" WC="0.96" CONTENT="den"/><SP WIDTH="22" VPOS="1617" HPOS="1133"/>
							<String ID="string_242" HPOS="1155" VPOS="1618" WIDTH="202" HEIGHT="31" WC="0.96" CONTENT="nuvarande"/><SP WIDTH="15" VPOS="1618" HPOS="1357"/>
							<String ID="string_243" HPOS="1372" VPOS="1618" WIDTH="263" HEIGHT="37" WC="0.96" CONTENT="utformningen"/><SP WIDTH="15" VPOS="1618" HPOS="1635"/>
							<String ID="string_244" HPOS="1650" VPOS="1630" WIDTH="46" HEIGHT="20" WC="0.93" CONTENT="av"/><SP WIDTH="16" VPOS="1630" HPOS="1696"/>
							<String ID="string_245" HPOS="1712" VPOS="1620" WIDTH="84" HEIGHT="31" WC="0.92" CONTENT="riks-"/>
						</TextLine>
						<TextLine ID="line_31" HPOS="286" VPOS="1659" WIDTH="1510" HEIGHT="41">
							<String ID="string_246" HPOS="286" VPOS="1659" WIDTH="202" HEIGHT="37" WC="0.91" CONTENT="dagshusets"/><SP WIDTH="33" VPOS="1659" HPOS="488"/>
							<String ID="string_247" HPOS="521" VPOS="1660" WIDTH="247" HEIGHT="37" WC="0.93" CONTENT="omgivningar"/><SP WIDTH="34" VPOS="1660" HPOS="768"/>
							<String ID="string_248" HPOS="802" VPOS="1661" WIDTH="346" HEIGHT="31" WC="0.88" CONTENT="otillfredsställande."/><SP WIDTH="46" VPOS="1661" HPOS="1148"/>
							<String ID="string_249" HPOS="1194" VPOS="1662" WIDTH="151" HEIGHT="31" WC="0.67" CONTENT="Trakten"/><SP WIDTH="23" VPOS="1662" HPOS="1345"/>
							<String ID="string_250" HPOS="1368" VPOS="1662" WIDTH="162" HEIGHT="37" WC="0.96" CONTENT="omkring"/><SP WIDTH="23" VPOS="1662" HPOS="1530"/>
							<String ID="string_251" HPOS="1553" VPOS="1663" WIDTH="41" HEIGHT="31" WC="0.96" CONTENT="de"/><SP WIDTH="23" VPOS="1663" HPOS="1594"/>
							<String ID="string_252" HPOS="1617" VPOS="1673" WIDTH="69" HEIGHT="27" WC="0.92" CONTENT="nya"/><SP WIDTH="24" VPOS="1673" HPOS="1686"/>
							<String ID="string_253" HPOS="1710" VPOS="1664" WIDTH="86" HEIGHT="30" WC="0.92" CONTENT="riks-"/>
						</TextLine>
						<TextLine ID="line_32" HPOS="288" VPOS="1703" WIDTH="1507" HEIGHT="39">
							<String ID="string_254" HPOS="288" VPOS="1703" WIDTH="245" HEIGHT="36" WC="0.96" CONTENT="byggnaderna"/><SP WIDTH="27" VPOS="1703" HPOS="533"/>
							<String ID="string_255" HPOS="560" VPOS="1704" WIDTH="63" HEIGHT="30" WC="0.96" CONTENT="har"/><SP WIDTH="35" VPOS="1704" HPOS="623"/>
							<String ID="string_256" HPOS="658" VPOS="1704" WIDTH="150" HEIGHT="31" WC="0.96" CONTENT="lämnats"/><SP WIDTH="23" VPOS="1704" HPOS="808"/>
							<String ID="string_257" HPOS="831" VPOS="1705" WIDTH="12" HEIGHT="30" WC="0.96" CONTENT="i"/><SP WIDTH="23" VPOS="1705" HPOS="843"/>
							<String ID="string_258" HPOS="866" VPOS="1706" WIDTH="49" HEIGHT="29" WC="0.93" CONTENT="ett"/><SP WIDTH="23" VPOS="1706" HPOS="915"/>
							<String ID="string_259" HPOS="938" VPOS="1705" WIDTH="210" HEIGHT="31" WC="0.90" CONTENT="ofullbordat"/><SP WIDTH="23" VPOS="1705" HPOS="1148"/>
							<String ID="string_260" HPOS="1171" VPOS="1706" WIDTH="61" HEIGHT="30" WC="0.93" CONTENT="och"/><SP WIDTH="24" VPOS="1706" HPOS="1232"/>
							<String ID="string_261" HPOS="1256" VPOS="1706" WIDTH="137" HEIGHT="36" WC="0.92" CONTENT="torftigt"/><SP WIDTH="22" VPOS="1706" HPOS="1393"/>
							<String ID="string_262" HPOS="1415" VPOS="1706" WIDTH="108" HEIGHT="36" WC="0.96" CONTENT="skick,"/><SP WIDTH="24" VPOS="1706" HPOS="1523"/>
							<String ID="string_263" HPOS="1547" VPOS="1707" WIDTH="80" HEIGHT="35" WC="0.93" CONTENT="föga"/><SP WIDTH="23" VPOS="1707" HPOS="1627"/>
							<String ID="string_264" HPOS="1650" VPOS="1709" WIDTH="145" HEIGHT="29" WC="0.92" CONTENT="motsva-"/>
						</TextLine>
						<TextLine ID="line_33" HPOS="288" VPOS="1746" WIDTH="1507" HEIGHT="40">
							<String ID="string_265" HPOS="288" VPOS="1746" WIDTH="106" HEIGHT="31" WC="0.96" CONTENT="rande"/><SP WIDTH="22" VPOS="1746" HPOS="394"/>
							<String ID="string_266" HPOS="416" VPOS="1747" WIDTH="41" HEIGHT="30" WC="0.96" CONTENT="de"/><SP WIDTH="23" VPOS="1747" HPOS="457"/>
							<String ID="string_267" HPOS="480" VPOS="1748" WIDTH="150" HEIGHT="35" WC="0.96" CONTENT="anspråk"/><SP WIDTH="23" VPOS="1748" HPOS="630"/>
							<String ID="string_268" HPOS="653" VPOS="1749" WIDTH="44" HEIGHT="34" WC="0.93" CONTENT="på"/><SP WIDTH="22" VPOS="1749" HPOS="697"/>
							<String ID="string_269" HPOS="719" VPOS="1748" WIDTH="310" HEIGHT="37" WC="0.89" CONTENT="monumentalitet,"/><SP WIDTH="23" VPOS="1748" HPOS="1029"/>
							<String ID="string_270" HPOS="1052" VPOS="1758" WIDTH="73" HEIGHT="21" WC="0.96" CONTENT="som"/><SP WIDTH="21" VPOS="1758" HPOS="1125"/>
							<String ID="string_271" HPOS="1146" VPOS="1749" WIDTH="40" HEIGHT="30" WC="0.96" CONTENT="de"/><SP WIDTH="15" VPOS="1749" HPOS="1186"/>
							<String ID="string_272" HPOS="1201" VPOS="1749" WIDTH="269" HEIGHT="36" WC="0.93" CONTENT="kringliggande"/><SP WIDTH="15" VPOS="1749" HPOS="1470"/>
							<String ID="string_273" HPOS="1485" VPOS="1750" WIDTH="310" HEIGHT="36" WC="0.91" CONTENT="byggnadsverken"/>
						</TextLine>
						<TextLine ID="line_34" HPOS="285" VPOS="1789" WIDTH="1510" HEIGHT="41">
							<String ID="string_274" HPOS="285" VPOS="1789" WIDTH="115" HEIGHT="36" WC="0.96" CONTENT="ställa,"/><SP WIDTH="23" VPOS="1789" HPOS="400"/>
							<String ID="string_275" HPOS="423" VPOS="1790" WIDTH="62" HEIGHT="30" WC="0.96" CONTENT="och"/><SP WIDTH="23" VPOS="1790" HPOS="485"/>
							<String ID="string_276" HPOS="508" VPOS="1793" WIDTH="45" HEIGHT="27" WC="0.96" CONTENT="än"/><SP WIDTH="22" VPOS="1793" HPOS="553"/>
							<String ID="string_277" HPOS="575" VPOS="1790" WIDTH="135" HEIGHT="31" WC="0.96" CONTENT="mindre"/><SP WIDTH="23" VPOS="1790" HPOS="710"/>
							<String ID="string_278" HPOS="733" VPOS="1791" WIDTH="222" HEIGHT="36" WC="0.96" CONTENT="utnyttjande"/><SP WIDTH="22" VPOS="1791" HPOS="955"/>
							<String ID="string_279" HPOS="977" VPOS="1792" WIDTH="66" HEIGHT="30" WC="0.96" CONTENT="den"/><SP WIDTH="22" VPOS="1792" HPOS="1043"/>
							<String ID="string_280" HPOS="1065" VPOS="1792" WIDTH="144" HEIGHT="31" WC="0.96" CONTENT="skönhet"/><SP WIDTH="22" VPOS="1792" HPOS="1209"/>
							<String ID="string_281" HPOS="1231" VPOS="1792" WIDTH="63" HEIGHT="31" WC="0.96" CONTENT="och"/><SP WIDTH="24" VPOS="1792" HPOS="1294"/>
							<String ID="string_282" HPOS="1318" VPOS="1793" WIDTH="155" HEIGHT="36" WC="0.96" CONTENT="trevnad,"/><SP WIDTH="24" VPOS="1793" HPOS="1473"/>
							<String ID="string_283" HPOS="1497" VPOS="1803" WIDTH="73" HEIGHT="21" WC="0.93" CONTENT="som"/><SP WIDTH="17" VPOS="1803" HPOS="1570"/>
							<String ID="string_284" HPOS="1587" VPOS="1794" WIDTH="208" HEIGHT="36" WC="0.92" CONTENT="Helgeands-"/>
						</TextLine>
						<TextLine ID="line_35" HPOS="286" VPOS="1833" WIDTH="1508" HEIGHT="37">
							<String ID="string_285" HPOS="286" VPOS="1833" WIDTH="155" HEIGHT="30" WC="0.89" CONTENT="holmens"/><SP WIDTH="34" VPOS="1833" HPOS="441"/>
							<String ID="string_286" HPOS="475" VPOS="1833" WIDTH="76" HEIGHT="37" WC="0.96" CONTENT="läge"/><SP WIDTH="34" VPOS="1833" HPOS="551"/>
							<String ID="string_287" HPOS="585" VPOS="1834" WIDTH="130" HEIGHT="30" WC="0.96" CONTENT="mellan"/><SP WIDTH="34" VPOS="1834" HPOS="715"/>
							<String ID="string_288" HPOS="749" VPOS="1834" WIDTH="39" HEIGHT="31" WC="0.96" CONTENT="de"/><SP WIDTH="35" VPOS="1834" HPOS="788"/>
							<String ID="string_289" HPOS="823" VPOS="1835" WIDTH="230" HEIGHT="31" WC="0.96" CONTENT="strömmande"/><SP WIDTH="27" VPOS="1835" HPOS="1053"/>
							<String ID="string_290" HPOS="1080" VPOS="1836" WIDTH="144" HEIGHT="30" WC="0.96" CONTENT="vattnen"/><SP WIDTH="22" VPOS="1836" HPOS="1224"/>
							<String ID="string_291" HPOS="1246" VPOS="1836" WIDTH="158" HEIGHT="31" WC="0.96" CONTENT="skänker."/><SP WIDTH="46" VPOS="1836" HPOS="1404"/>
							<String ID="string_292" HPOS="1450" VPOS="1836" WIDTH="106" HEIGHT="31" WC="0.94" CONTENT="Såväl"/><SP WIDTH="24" VPOS="1836" HPOS="1556"/>
							<String ID="string_293" HPOS="1580" VPOS="1836" WIDTH="214" HEIGHT="32" WC="0.95" CONTENT="Stockholms"/>
						</TextLine>
						<TextLine ID="line_36" HPOS="285" VPOS="1877" WIDTH="1509" HEIGHT="39">
							<String ID="string_294" HPOS="285" VPOS="1878" WIDTH="106" HEIGHT="29" WC="0.96" CONTENT="natur"/><SP WIDTH="32" VPOS="1878" HPOS="391"/>
							<String ID="string_295" HPOS="423" VPOS="1886" WIDTH="74" HEIGHT="22" WC="0.96" CONTENT="som"/><SP WIDTH="24" VPOS="1886" HPOS="497"/>
							<String ID="string_296" HPOS="521" VPOS="1877" WIDTH="74" HEIGHT="31" WC="0.92" CONTENT="dess"/><SP WIDTH="34" VPOS="1877" HPOS="595"/>
							<String ID="string_297" HPOS="629" VPOS="1877" WIDTH="326" HEIGHT="37" WC="0.92" CONTENT="byggnadshistoria"/><SP WIDTH="33" VPOS="1877" HPOS="955"/>
							<String ID="string_298" HPOS="988" VPOS="1879" WIDTH="65" HEIGHT="31" WC="0.96" CONTENT="har"/><SP WIDTH="27" VPOS="1879" HPOS="1053"/>
							<String ID="string_299" HPOS="1080" VPOS="1879" WIDTH="91" HEIGHT="36" WC="0.96" CONTENT="givit"/><SP WIDTH="23" VPOS="1879" HPOS="1171"/>
							<String ID="string_300" HPOS="1194" VPOS="1879" WIDTH="336" HEIGHT="37" WC="0.94" CONTENT="Helgeandsholmen"/><SP WIDTH="24" VPOS="1879" HPOS="1530"/>
							<String ID="string_301" HPOS="1554" VPOS="1880" WIDTH="64" HEIGHT="31" WC="0.96" CONTENT="den"/><SP WIDTH="23" VPOS="1880" HPOS="1618"/>
							<String ID="string_302" HPOS="1641" VPOS="1881" WIDTH="153" HEIGHT="31" WC="0.96" CONTENT="centrala"/>
						</TextLine>
						<TextLine ID="line_37" HPOS="285" VPOS="1920" WIDTH="1507" HEIGHT="41">
							<String ID="string_303" HPOS="285" VPOS="1920" WIDTH="133" HEIGHT="36" WC="0.95" CONTENT="platsen"/><SP WIDTH="32" VPOS="1920" HPOS="418"/>
							<String ID="string_304" HPOS="450" VPOS="1921" WIDTH="12" HEIGHT="30" WC="0.95" CONTENT="i"/><SP WIDTH="23" VPOS="1921" HPOS="462"/>
							<String ID="string_305" HPOS="485" VPOS="1920" WIDTH="215" HEIGHT="32" WC="0.95" CONTENT="Stockholms"/><SP WIDTH="23" VPOS="1920" HPOS="700"/>
							<String ID="string_306" HPOS="723" VPOS="1922" WIDTH="177" HEIGHT="36" WC="0.96" CONTENT="stadsbild,"/><SP WIDTH="23" VPOS="1922" HPOS="900"/>
							<String ID="string_307" HPOS="923" VPOS="1922" WIDTH="62" HEIGHT="31" WC="0.96" CONTENT="och"/><SP WIDTH="24" VPOS="1922" HPOS="985"/>
							<String ID="string_308" HPOS="1009" VPOS="1922" WIDTH="56" HEIGHT="31" WC="0.96" CONTENT="det"/><SP WIDTH="23" VPOS="1922" HPOS="1065"/>
							<String ID="string_309" HPOS="1088" VPOS="1924" WIDTH="107" HEIGHT="30" WC="0.96" CONTENT="måste"/><SP WIDTH="24" VPOS="1924" HPOS="1195"/>
							<String ID="string_310" HPOS="1219" VPOS="1923" WIDTH="219" HEIGHT="37" WC="0.96" CONTENT="följaktligen"/><SP WIDTH="23" VPOS="1923" HPOS="1438"/>
							<String ID="string_311" HPOS="1461" VPOS="1934" WIDTH="97" HEIGHT="21" WC="0.96" CONTENT="anses"/><SP WIDTH="22" VPOS="1934" HPOS="1558"/>
							<String ID="string_312" HPOS="1580" VPOS="1924" WIDTH="13" HEIGHT="30" WC="0.96" CONTENT="i"/><SP WIDTH="23" VPOS="1924" HPOS="1593"/>
							<String ID="string_313" HPOS="1616" VPOS="1924" WIDTH="68" HEIGHT="37" WC="0.96" CONTENT="hög"/><SP WIDTH="24" VPOS="1924" HPOS="1684"/>
							<String ID="string_314" HPOS="1708" VPOS="1925" WIDTH="84" HEIGHT="36" WC="0.96" CONTENT="grad"/>
						</TextLine>
						<TextLine ID="line_38" HPOS="284" VPOS="1964" WIDTH="1509" HEIGHT="41">
							<String ID="string_315" HPOS="284" VPOS="1964" WIDTH="177" HEIGHT="36" WC="0.96" CONTENT="önskvärt,"/><SP WIDTH="24" VPOS="1964" HPOS="461"/>
							<String ID="string_316" HPOS="485" VPOS="1966" WIDTH="53" HEIGHT="29" WC="0.96" CONTENT="att"/><SP WIDTH="22" VPOS="1966" HPOS="538"/>
							<String ID="string_317" HPOS="560" VPOS="1965" WIDTH="138" HEIGHT="31" WC="0.95" CONTENT="holmen"/><SP WIDTH="23" VPOS="1965" HPOS="698"/>
							<String ID="string_318" HPOS="721" VPOS="1966" WIDTH="106" HEIGHT="30" WC="0.96" CONTENT="såvitt"/><SP WIDTH="23" VPOS="1966" HPOS="827"/>
							<String ID="string_319" HPOS="850" VPOS="1966" WIDTH="139" HEIGHT="36" WC="0.95" CONTENT="möjligt"/><SP WIDTH="23" VPOS="1966" HPOS="989"/>
							<String ID="string_320" HPOS="1012" VPOS="1966" WIDTH="123" HEIGHT="31" WC="0.96" CONTENT="ordnas"/><SP WIDTH="24" VPOS="1966" HPOS="1135"/>
							<String ID="string_321" HPOS="1159" VPOS="1968" WIDTH="43" HEIGHT="35" WC="0.96" CONTENT="på"/><SP WIDTH="23" VPOS="1968" HPOS="1202"/>
							<String ID="string_322" HPOS="1225" VPOS="1969" WIDTH="49" HEIGHT="29" WC="0.96" CONTENT="ett"/><SP WIDTH="21" VPOS="1969" HPOS="1274"/>
							<String ID="string_323" HPOS="1295" VPOS="1969" WIDTH="78" HEIGHT="34" WC="0.96" CONTENT="sätt,"/><SP WIDTH="24" VPOS="1969" HPOS="1373"/>
							<String ID="string_324" HPOS="1397" VPOS="1978" WIDTH="71" HEIGHT="20" WC="0.96" CONTENT="som"/><SP WIDTH="25" VPOS="1978" HPOS="1468"/>
							<String ID="string_325" HPOS="1493" VPOS="1968" WIDTH="110" HEIGHT="31" WC="0.95" CONTENT="bättre"/><SP WIDTH="15" VPOS="1968" HPOS="1603"/>
							<String ID="string_326" HPOS="1618" VPOS="1969" WIDTH="175" HEIGHT="36" WC="0.95" CONTENT="utnyttjar"/>
						</TextLine>
						<TextLine ID="line_39" HPOS="284" VPOS="2007" WIDTH="1507" HEIGHT="39">
							<String ID="string_327" HPOS="284" VPOS="2007" WIDTH="74" HEIGHT="31" WC="0.95" CONTENT="dess"/><SP WIDTH="23" VPOS="2007" HPOS="358"/>
							<String ID="string_328" HPOS="381" VPOS="2008" WIDTH="290" HEIGHT="36" WC="0.95" CONTENT="utomordentliga"/><SP WIDTH="22" VPOS="2008" HPOS="671"/>
							<String ID="string_329" HPOS="693" VPOS="2009" WIDTH="178" HEIGHT="37" WC="0.96" CONTENT="naturliga"/><SP WIDTH="22" VPOS="2009" HPOS="871"/>
							<String ID="string_330" HPOS="893" VPOS="2009" WIDTH="291" HEIGHT="37" WC="0.95" CONTENT="förutsättningar"/><SP WIDTH="15" VPOS="2009" HPOS="1184"/>
							<String ID="string_331" HPOS="1199" VPOS="2011" WIDTH="63" HEIGHT="30" WC="0.96" CONTENT="och"/><SP WIDTH="16" VPOS="2011" HPOS="1262"/>
							<String ID="string_332" HPOS="1278" VPOS="2013" WIDTH="192" HEIGHT="29" WC="0.96" CONTENT="motsvarar"/><SP WIDTH="16" VPOS="2013" HPOS="1470"/>
							<String ID="string_333" HPOS="1486" VPOS="2012" WIDTH="75" HEIGHT="31" WC="0.96" CONTENT="dess"/><SP WIDTH="15" VPOS="2012" HPOS="1561"/>
							<String ID="string_334" HPOS="1576" VPOS="2012" WIDTH="215" HEIGHT="32" WC="0.96" CONTENT="traditioner."/>
						</TextLine>
						<TextLine ID="line_40" HPOS="283" VPOS="2051" WIDTH="1510" HEIGHT="40">
							<String ID="string_335" HPOS="283" VPOS="2051" WIDTH="69" HEIGHT="30" WC="0.96" CONTENT="För"/><SP WIDTH="23" VPOS="2051" HPOS="352"/>
							<String ID="string_336" HPOS="375" VPOS="2051" WIDTH="93" HEIGHT="31" WC="0.96" CONTENT="detta"/><SP WIDTH="22" VPOS="2051" HPOS="468"/>
							<String ID="string_337" HPOS="490" VPOS="2052" WIDTH="178" HEIGHT="31" WC="0.96" CONTENT="önskemål"/><SP WIDTH="23" VPOS="2052" HPOS="668"/>
							<String ID="string_338" HPOS="691" VPOS="2053" WIDTH="71" HEIGHT="30" WC="0.96" CONTENT="kan"/><SP WIDTH="23" VPOS="2053" HPOS="762"/>
							<String ID="string_339" HPOS="785" VPOS="2052" WIDTH="215" HEIGHT="32" WC="0.96" CONTENT="Stockholms"/><SP WIDTH="23" VPOS="2052" HPOS="1000"/>
							<String ID="string_340" HPOS="1023" VPOS="2054" WIDTH="74" HEIGHT="31" WC="0.96" CONTENT="stad"/><SP WIDTH="23" VPOS="2054" HPOS="1097"/>
							<String ID="string_341" HPOS="1120" VPOS="2054" WIDTH="76" HEIGHT="31" WC="0.78" CONTENT="icke"/><SP WIDTH="23" VPOS="2054" HPOS="1196"/>
							<String ID="string_342" HPOS="1219" VPOS="2064" WIDTH="84" HEIGHT="21" WC="0.96" CONTENT="vara"/><SP WIDTH="23" VPOS="2064" HPOS="1303"/>
							<String ID="string_343" HPOS="1326" VPOS="2055" WIDTH="166" HEIGHT="36" WC="0.95" CONTENT="likgiltig."/><SP WIDTH="39" VPOS="2055" HPOS="1492"/>
							<String ID="string_344" HPOS="1531" VPOS="2055" WIDTH="84" HEIGHT="31" WC="0.92" CONTENT="Dess"/><SP WIDTH="16" VPOS="2055" HPOS="1615"/>
							<String ID="string_345" HPOS="1631" VPOS="2055" WIDTH="162" HEIGHT="32" WC="0.91" CONTENT="tillfreds-"/>
						</TextLine>
						<TextLine ID="line_41" HPOS="284" VPOS="2095" WIDTH="1508" HEIGHT="41">
							<String ID="string_346" HPOS="284" VPOS="2095" WIDTH="168" HEIGHT="31" WC="0.96" CONTENT="ställande"/><SP WIDTH="34" VPOS="2095" HPOS="452"/>
							<String ID="string_347" HPOS="486" VPOS="2095" WIDTH="136" HEIGHT="36" WC="0.96" CONTENT="lösning"/><SP WIDTH="35" VPOS="2095" HPOS="622"/>
							<String ID="string_348" HPOS="657" VPOS="2096" WIDTH="70" HEIGHT="31" WC="0.96" CONTENT="kan"/><SP WIDTH="34" VPOS="2096" HPOS="727"/>
							<String ID="string_349" HPOS="761" VPOS="2096" WIDTH="110" HEIGHT="37" WC="0.94" CONTENT="enligt"/><SP WIDTH="33" VPOS="2096" HPOS="871"/>
							<String ID="string_350" HPOS="904" VPOS="2098" WIDTH="64" HEIGHT="30" WC="0.96" CONTENT="vår"/><SP WIDTH="31" VPOS="2098" HPOS="968"/>
							<String ID="string_351" HPOS="999" VPOS="2097" WIDTH="142" HEIGHT="37" WC="0.96" CONTENT="mening"/><SP WIDTH="23" VPOS="2097" HPOS="1141"/>
							<String ID="string_352" HPOS="1164" VPOS="2100" WIDTH="88" HEIGHT="28" WC="0.96" CONTENT="även"/><SP WIDTH="22" VPOS="2100" HPOS="1252"/>
							<String ID="string_353" HPOS="1274" VPOS="2099" WIDTH="170" HEIGHT="30" WC="0.96" CONTENT="motivera"/><SP WIDTH="23" VPOS="2099" HPOS="1444"/>
							<String ID="string_354" HPOS="1467" VPOS="2099" WIDTH="221" HEIGHT="31" WC="0.93" CONTENT="ekonomiska"/><SP WIDTH="22" VPOS="2099" HPOS="1688"/>
							<String ID="string_355" HPOS="1710" VPOS="2109" WIDTH="82" HEIGHT="27" WC="0.92" CONTENT="upp-"/>
						</TextLine>
						<TextLine ID="line_42" HPOS="282" VPOS="2138" WIDTH="539" HEIGHT="37">
							<String ID="string_356" HPOS="282" VPOS="2138" WIDTH="171" HEIGHT="37" WC="0.92" CONTENT="offringar"/><SP WIDTH="23" VPOS="2138" HPOS="453"/>
							<String ID="string_357" HPOS="476" VPOS="2139" WIDTH="79" HEIGHT="31" WC="0.96" CONTENT="från"/><SP WIDTH="23" VPOS="2139" HPOS="555"/>
							<String ID="string_358" HPOS="578" VPOS="2139" WIDTH="136" HEIGHT="31" WC="0.96" CONTENT="stadens"/><SP WIDTH="22" VPOS="2139" HPOS="714"/>
							<String ID="string_359" HPOS="736" VPOS="2139" WIDTH="85" HEIGHT="32" WC="0.96" CONTENT="sida."/>
						</TextLine>
					</TextBlock>
					<TextBlock ID="block_10" HPOS="279" VPOS="2182" WIDTH="1513" HEIGHT="342">
						<TextLine ID="line_43" HPOS="327" VPOS="2182" WIDTH="1465" HEIGHT="40">
							<String ID="string_360" HPOS="327" VPOS="2182" WIDTH="69" HEIGHT="31" WC="0.96" CONTENT="Vid"/><SP WIDTH="34" VPOS="2182" HPOS="396"/>
							<String ID="string_361" HPOS="430" VPOS="2183" WIDTH="216" HEIGHT="36" WC="0.95" CONTENT="prövningen"/><SP WIDTH="32" VPOS="2183" HPOS="646"/>
							<String ID="string_362" HPOS="678" VPOS="2194" WIDTH="45" HEIGHT="20" WC="0.96" CONTENT="av"/><SP WIDTH="27" VPOS="2194" HPOS="723"/>
							<String ID="string_363" HPOS="750" VPOS="2183" WIDTH="41" HEIGHT="31" WC="0.96" CONTENT="de"/><SP WIDTH="22" VPOS="2183" HPOS="791"/>
							<String ID="string_364" HPOS="813" VPOS="2184" WIDTH="128" HEIGHT="36" WC="0.96" CONTENT="förslag"/><SP WIDTH="23" VPOS="2184" HPOS="941"/>
							<String ID="string_365" HPOS="964" VPOS="2184" WIDTH="14" HEIGHT="30" WC="0.96" CONTENT="i"/><SP WIDTH="23" VPOS="2184" HPOS="978"/>
							<String ID="string_366" HPOS="1001" VPOS="2183" WIDTH="92" HEIGHT="32" WC="0.96" CONTENT="detta"/><SP WIDTH="23" VPOS="2183" HPOS="1093"/>
							<String ID="string_367" HPOS="1116" VPOS="2184" WIDTH="199" HEIGHT="36" WC="0.96" CONTENT="hänseende,"/><SP WIDTH="24" VPOS="2184" HPOS="1315"/>
							<String ID="string_368" HPOS="1339" VPOS="2195" WIDTH="73" HEIGHT="21" WC="0.96" CONTENT="som"/><SP WIDTH="24" VPOS="2195" HPOS="1412"/>
							<String ID="string_369" HPOS="1436" VPOS="2186" WIDTH="43" HEIGHT="36" WC="0.96" CONTENT="på"/><SP WIDTH="23" VPOS="2186" HPOS="1479"/>
							<String ID="string_370" HPOS="1502" VPOS="2185" WIDTH="200" HEIGHT="37" WC="0.92" CONTENT="riksdagens"/><SP WIDTH="24" VPOS="2185" HPOS="1702"/>
							<String ID="string_371" HPOS="1726" VPOS="2186" WIDTH="66" HEIGHT="31" WC="0.92" CONTENT="för-"/>
						</TextLine>
						<TextLine ID="line_44" HPOS="282" VPOS="2226" WIDTH="1509" HEIGHT="40">
							<String ID="string_372" HPOS="282" VPOS="2226" WIDTH="216" HEIGHT="31" WC="0.91" CONTENT="anstaltande"/><SP WIDTH="21" VPOS="2226" HPOS="498"/>
							<String ID="string_373" HPOS="519" VPOS="2227" WIDTH="198" HEIGHT="36" WC="0.96" CONTENT="utarbetats,"/><SP WIDTH="23" VPOS="2227" HPOS="717"/>
							<String ID="string_374" HPOS="740" VPOS="2227" WIDTH="91" HEIGHT="31" WC="0.96" CONTENT="hava"/><SP WIDTH="23" VPOS="2227" HPOS="831"/>
							<String ID="string_375" HPOS="854" VPOS="2227" WIDTH="37" HEIGHT="30" WC="0.96" CONTENT="vi"/><SP WIDTH="23" VPOS="2227" HPOS="891"/>
							<String ID="string_376" HPOS="914" VPOS="2227" WIDTH="119" HEIGHT="32" WC="0.96" CONTENT="funnit"/><SP WIDTH="23" VPOS="2227" HPOS="1033"/>
							<String ID="string_377" HPOS="1056" VPOS="2238" WIDTH="52" HEIGHT="21" WC="0.96" CONTENT="oss"/><SP WIDTH="23" VPOS="2238" HPOS="1108"/>
							<String ID="string_378" HPOS="1131" VPOS="2228" WIDTH="83" HEIGHT="31" WC="0.96" CONTENT="böra"/><SP WIDTH="22" VPOS="2228" HPOS="1214"/>
							<String ID="string_379" HPOS="1236" VPOS="2228" WIDTH="179" HEIGHT="37" WC="0.96" CONTENT="tillstyrka"/><SP WIDTH="23" VPOS="2228" HPOS="1415"/>
							<String ID="string_380" HPOS="1438" VPOS="2239" WIDTH="42" HEIGHT="21" WC="0.96" CONTENT="en"/><SP WIDTH="24" VPOS="2239" HPOS="1480"/>
							<String ID="string_381" HPOS="1504" VPOS="2229" WIDTH="136" HEIGHT="37" WC="0.96" CONTENT="lösning"/><SP WIDTH="23" VPOS="2229" HPOS="1640"/>
							<String ID="string_382" HPOS="1663" VPOS="2230" WIDTH="13" HEIGHT="30" WC="0.93" CONTENT="i"/><SP WIDTH="23" VPOS="2230" HPOS="1676"/>
							<String ID="string_383" HPOS="1699" VPOS="2232" WIDTH="92" HEIGHT="29" WC="0.91" CONTENT="över-"/>
						</TextLine>
						<TextLine ID="line_45" HPOS="281" VPOS="2269" WIDTH="1509" HEIGHT="39">
							<String ID="string_384" HPOS="281" VPOS="2270" WIDTH="255" HEIGHT="31" WC="0.91" CONTENT="ensstämmelse"/><SP WIDTH="34" VPOS="2270" HPOS="536"/>
							<String ID="string_385" HPOS="570" VPOS="2270" WIDTH="78" HEIGHT="31" WC="0.96" CONTENT="med"/><SP WIDTH="33" VPOS="2270" HPOS="648"/>
							<String ID="string_386" HPOS="681" VPOS="2271" WIDTH="141" HEIGHT="36" WC="0.96" CONTENT="Ragnar"/><SP WIDTH="34" VPOS="2271" HPOS="822"/>
							<String ID="string_387" HPOS="856" VPOS="2269" WIDTH="158" HEIGHT="39" WC="0.95" CONTENT="Östbergs"/><SP WIDTH="34" VPOS="2269" HPOS="1014"/>
							<String ID="string_388" HPOS="1048" VPOS="2271" WIDTH="93" HEIGHT="37" WC="0.95" CONTENT="plan."/><SP WIDTH="52" VPOS="2271" HPOS="1141"/>
							<String ID="string_389" HPOS="1193" VPOS="2271" WIDTH="47" HEIGHT="32" WC="0.95" CONTENT="Vi"/><SP WIDTH="33" VPOS="2271" HPOS="1240"/>
							<String ID="string_390" HPOS="1273" VPOS="2273" WIDTH="120" HEIGHT="30" WC="0.96" CONTENT="kunna"/><SP WIDTH="33" VPOS="2273" HPOS="1393"/>
							<String ID="string_391" HPOS="1426" VPOS="2273" WIDTH="13" HEIGHT="30" WC="0.96" CONTENT="i"/><SP WIDTH="34" VPOS="2273" HPOS="1439"/>
							<String ID="string_392" HPOS="1473" VPOS="2272" WIDTH="92" HEIGHT="32" WC="0.96" CONTENT="detta"/><SP WIDTH="34" VPOS="2272" HPOS="1565"/>
							<String ID="string_393" HPOS="1599" VPOS="2273" WIDTH="191" HEIGHT="32" WC="0.96" CONTENT="hänseende"/>
						</TextLine>
						<TextLine ID="line_46" HPOS="282" VPOS="2313" WIDTH="1508" HEIGHT="38">
							<String ID="string_394" HPOS="282" VPOS="2313" WIDTH="138" HEIGHT="31" WC="0.96" CONTENT="ansluta"/><SP WIDTH="33" VPOS="2313" HPOS="420"/>
							<String ID="string_395" HPOS="453" VPOS="2323" WIDTH="53" HEIGHT="21" WC="0.95" CONTENT="oss"/><SP WIDTH="33" VPOS="2323" HPOS="506"/>
							<String ID="string_396" HPOS="539" VPOS="2314" WIDTH="58" HEIGHT="31" WC="0.95" CONTENT="till"/><SP WIDTH="33" VPOS="2314" HPOS="597"/>
							<String ID="string_397" HPOS="630" VPOS="2314" WIDTH="40" HEIGHT="31" WC="0.95" CONTENT="de"/><SP WIDTH="32" VPOS="2314" HPOS="670"/>
							<String ID="string_398" HPOS="702" VPOS="2314" WIDTH="190" HEIGHT="36" WC="0.95" CONTENT="omdömen,"/><SP WIDTH="24" VPOS="2314" HPOS="892"/>
							<String ID="string_399" HPOS="916" VPOS="2324" WIDTH="71" HEIGHT="21" WC="0.91" CONTENT="som"/><SP WIDTH="24" VPOS="2324" HPOS="987"/>
							<String ID="string_400" HPOS="1011" VPOS="2315" WIDTH="515" HEIGHT="36" WC="0.91" CONTENT="Helgeandsholmskommittén"/><SP WIDTH="22" VPOS="2315" HPOS="1526"/>
							<String ID="string_401" HPOS="1548" VPOS="2317" WIDTH="136" HEIGHT="31" WC="0.95" CONTENT="uttalat."/><SP WIDTH="45" VPOS="2317" HPOS="1684"/>
							<String ID="string_402" HPOS="1729" VPOS="2317" WIDTH="61" HEIGHT="32" WC="0.94" CONTENT="Ett"/>
						</TextLine>
						<TextLine ID="line_47" HPOS="282" VPOS="2355" WIDTH="1508" HEIGHT="39">
							<String ID="string_403" HPOS="282" VPOS="2357" WIDTH="266" HEIGHT="35" WC="0.95" CONTENT="genomförande"/><SP WIDTH="23" VPOS="2357" HPOS="548"/>
							<String ID="string_404" HPOS="571" VPOS="2368" WIDTH="46" HEIGHT="20" WC="0.96" CONTENT="av"/><SP WIDTH="23" VPOS="2368" HPOS="617"/>
							<String ID="string_405" HPOS="640" VPOS="2355" WIDTH="158" HEIGHT="39" WC="0.96" CONTENT="Östbergs"/><SP WIDTH="23" VPOS="2355" HPOS="798"/>
							<String ID="string_406" HPOS="821" VPOS="2358" WIDTH="129" HEIGHT="36" WC="0.96" CONTENT="förslag"/><SP WIDTH="23" VPOS="2358" HPOS="950"/>
							<String ID="string_407" HPOS="973" VPOS="2359" WIDTH="121" HEIGHT="35" WC="0.96" CONTENT="skulle,"/><SP WIDTH="24" VPOS="2359" HPOS="1094"/>
							<String ID="string_408" HPOS="1118" VPOS="2358" WIDTH="151" HEIGHT="32" WC="0.96" CONTENT="förutom"/><SP WIDTH="23" VPOS="2358" HPOS="1269"/>
							<String ID="string_409" HPOS="1292" VPOS="2359" WIDTH="73" HEIGHT="31" WC="0.96" CONTENT="dess"/><SP WIDTH="24" VPOS="2359" HPOS="1365"/>
							<String ID="string_410" HPOS="1389" VPOS="2370" WIDTH="45" HEIGHT="20" WC="0.96" CONTENT="av"/><SP WIDTH="22" VPOS="2370" HPOS="1434"/>
							<String ID="string_411" HPOS="1456" VPOS="2360" WIDTH="206" HEIGHT="31" WC="0.93" CONTENT="kommittén"/><SP WIDTH="23" VPOS="2360" HPOS="1662"/>
							<String ID="string_412" HPOS="1685" VPOS="2361" WIDTH="105" HEIGHT="31" WC="0.92" CONTENT="fram-"/>
						</TextLine>
						<TextLine ID="line_48" HPOS="282" VPOS="2400" WIDTH="1507" HEIGHT="39">
							<String ID="string_413" HPOS="282" VPOS="2400" WIDTH="115" HEIGHT="31" WC="0.94" CONTENT="hävda"/><SP WIDTH="33" VPOS="2400" HPOS="397"/>
							<String ID="string_414" HPOS="430" VPOS="2400" WIDTH="153" HEIGHT="37" WC="0.93" CONTENT="lyckliga"/><SP WIDTH="33" VPOS="2400" HPOS="583"/>
							<String ID="string_415" HPOS="616" VPOS="2401" WIDTH="212" HEIGHT="36" WC="0.93" CONTENT="verkningar"/><SP WIDTH="26" VPOS="2401" HPOS="828"/>
							<String ID="string_416" HPOS="854" VPOS="2402" WIDTH="21" HEIGHT="30" WC="0.93" CONTENT="å"/><SP WIDTH="27" VPOS="2402" HPOS="875"/>
							<String ID="string_417" HPOS="902" VPOS="2401" WIDTH="41" HEIGHT="31" WC="0.96" CONTENT="de"/><SP WIDTH="33" VPOS="2401" HPOS="943"/>
							<String ID="string_418" HPOS="976" VPOS="2404" WIDTH="91" HEIGHT="29" WC="0.93" CONTENT="stora"/><SP WIDTH="33" VPOS="2404" HPOS="1067"/>
							<String ID="string_419" HPOS="1100" VPOS="2403" WIDTH="482" HEIGHT="36" WC="0.91" CONTENT="monumentalbyggnaderna"/><SP WIDTH="31" VPOS="2403" HPOS="1582"/>
							<String ID="string_420" HPOS="1613" VPOS="2404" WIDTH="13" HEIGHT="30" WC="0.96" CONTENT="i"/><SP WIDTH="26" VPOS="2404" HPOS="1626"/>
							<String ID="string_421" HPOS="1652" VPOS="2404" WIDTH="137" HEIGHT="31" WC="0.96" CONTENT="stadens"/>
						</TextLine>
						<TextLine ID="line_49" HPOS="281" VPOS="2444" WIDTH="1507" HEIGHT="39">
							<String ID="string_422" HPOS="281" VPOS="2445" WIDTH="165" HEIGHT="35" WC="0.96" CONTENT="centrum,"/><SP WIDTH="34" VPOS="2445" HPOS="446"/>
							<String ID="string_423" HPOS="480" VPOS="2444" WIDTH="133" HEIGHT="31" WC="0.96" CONTENT="skänka"/><SP WIDTH="32" VPOS="2444" HPOS="613"/>
							<String ID="string_424" HPOS="645" VPOS="2444" WIDTH="236" HEIGHT="32" WC="0.95" CONTENT="allmänheten"/><SP WIDTH="34" VPOS="2444" HPOS="881"/>
							<String ID="string_425" HPOS="915" VPOS="2455" WIDTH="43" HEIGHT="21" WC="0.96" CONTENT="en"/><SP WIDTH="33" VPOS="2455" HPOS="958"/>
							<String ID="string_426" HPOS="991" VPOS="2445" WIDTH="137" HEIGHT="31" WC="0.95" CONTENT="avskild"/><SP WIDTH="33" VPOS="2445" HPOS="1128"/>
							<String ID="string_427" HPOS="1161" VPOS="2446" WIDTH="62" HEIGHT="31" WC="0.96" CONTENT="och"/><SP WIDTH="24" VPOS="2446" HPOS="1223"/>
							<String ID="string_428" HPOS="1247" VPOS="2446" WIDTH="85" HEIGHT="31" WC="0.96" CONTENT="dock"/><SP WIDTH="24" VPOS="2446" HPOS="1332"/>
							<String ID="string_429" HPOS="1356" VPOS="2447" WIDTH="65" HEIGHT="30" WC="0.96" CONTENT="lätt"/><SP WIDTH="23" VPOS="2447" HPOS="1421"/>
							<String ID="string_430" HPOS="1444" VPOS="2447" WIDTH="212" HEIGHT="36" WC="0.93" CONTENT="tillgänglig,"/><SP WIDTH="24" VPOS="2447" HPOS="1656"/>
							<String ID="string_431" HPOS="1680" VPOS="2449" WIDTH="108" HEIGHT="30" WC="0.92" CONTENT="utom-"/>
						</TextLine>
						<TextLine ID="line_50" HPOS="279" VPOS="2486" WIDTH="1312" HEIGHT="38">
							<String ID="string_432" HPOS="279" VPOS="2486" WIDTH="188" HEIGHT="38" WC="0.95" CONTENT="ordentligt"/><SP WIDTH="23" VPOS="2486" HPOS="467"/>
							<String ID="string_433" HPOS="490" VPOS="2488" WIDTH="124" HEIGHT="31" WC="0.96" CONTENT="vacker"/><SP WIDTH="23" VPOS="2488" HPOS="614"/>
							<String ID="string_434" HPOS="637" VPOS="2488" WIDTH="178" HEIGHT="36" WC="0.96" CONTENT="planterad"/><SP WIDTH="23" VPOS="2488" HPOS="815"/>
							<String ID="string_435" HPOS="838" VPOS="2489" WIDTH="89" HEIGHT="35" WC="0.96" CONTENT="plats"/><SP WIDTH="23" VPOS="2489" HPOS="927"/>
							<String ID="string_436" HPOS="950" VPOS="2489" WIDTH="13" HEIGHT="30" WC="0.93" CONTENT="i"/><SP WIDTH="22" VPOS="2489" HPOS="963"/>
							<String ID="string_437" HPOS="985" VPOS="2488" WIDTH="213" HEIGHT="32" WC="0.91" CONTENT="Strömmens"/><SP WIDTH="23" VPOS="2488" HPOS="1198"/>
							<String ID="string_438" HPOS="1221" VPOS="2489" WIDTH="215" HEIGHT="32" WC="0.96" CONTENT="omedelbara"/><SP WIDTH="23" VPOS="2489" HPOS="1436"/>
							<String ID="string_439" HPOS="1459" VPOS="2491" WIDTH="132" HEIGHT="30" WC="0.96" CONTENT="närhet."/>
						</TextLine>
					</TextBlock>
				</ComposedBlock>
			</PrintSpace>
		</Page>
	</Layout>
</alto>
