1910 2816
272 125 38 28 48
664 131 117 30 Andra
806 132 238 36 lagutskottets
1070 132 176 31 utlåtande
1270 133 48 29 Nr
1339 135 50 29 12.

274 212 88 30 nitär
389 214 341 37 tillsynsmyndighet
759 215 86 30 skall
875 216 106 36 enligt
1010 216 162 36 förslaget
1201 218 47 31 ha
1277 217 421 37 kemisk-bakteriologisk
1727 221 50 27 ut-

273 263 164 37 bildning,
474 265 65 29 och
572 264 57 31 vid
662 265 90 30 hans
786 266 74 30 sida
893 267 90 29 skall
1016 268 115 29 ställas
1166 277 42 20 en
1242 267 241 37 medhjälpare
1516 269 78 29 med
1628 269 149 30 kemisk-

272 314 134 30 teknisk
439 315 204 36 utbildning.
677 315 246 37 Myndigheten
955 317 87 30 skall
1074 316 105 37 enligt
1211 318 163 36 förslaget
1407 318 9 30 i
1450 318 145 31 främsta
1627 322 151 27 rummet

271 365 87 35 ägna
379 365 54 30 sin
455 366 311 36 uppmärksamhet
789 366 35 30 åt
847 367 41 30 de
911 368 219 35 olägenheter
1153 377 75 21 som
1251 369 116 29 kunde
1390 368 199 31 förorsakas
1614 379 42 20 av
1680 369 96 30 kom-

271 416 131 29 munalt
427 416 272 36 avloppsvatten.

315 466 45 31 Ur
385 465 270 38 fiskesynpunkt
681 467 88 29 skall
796 467 103 36 enligt
923 468 162 35 förslaget
1111 469 234 35 övervakning
1371 478 42 21 av
1440 471 246 34 vattendragen
1715 470 61 30 lik-

272 525 73 21 som
365 517 122 29 hittills
508 516 110 38 åligga
638 517 387 31 fiskeriintendenterna
1046 519 63 29 och
1131 519 111 31 andra
1263 518 342 37 fiskeritjänstemän.
1629 520 68 30 För
1717 519 59 31 fis-

272 567 71 30 kets
369 567 54 30 del
452 567 87 30 skall
565 568 87 29 även
678 567 117 31 finnas
821 578 43 20 en
891 568 149 30 särskild
1075 568 617 37 fisketillsynsmyndighet
1727 571 48 36 ly-

274 616 110 30 dande
414 617 113 29 under
553 617 359 38 lantbruksstyrelsen.
943 618 245 38 Myndigheten
1220 620 86 30 skali
1336 620 125 30 främst
1491 621 87 35 ägna
1607 620 52 30 sin
1688 630 85 28 upp-

274 667 237 30 märksamhet
535 666 34 32 åt
594 667 208 31 industriellt
829 669 269 37 avloppsvatten.
1125 670 176 36 Förslaget
1325 671 70 29 kan
1422 671 10 29 i
1458 671 111 31 denna
1595 672 54 29 del
1675 672 98 35 sägas

273 717 175 36 innebära,
470 721 48 27 att
539 719 64 30 den
622 718 39 32 år
682 721 81 29 1937
787 721 169 30 inrättade
979 721 169 31 särskilda
1168 722 382 37 tillsynsmyndigheten
1573 721 199 31 bibehålles.

274 767 46 31 På
341 777 45 21 nu
409 769 155 31 nämnda
585 770 203 36 myndighet
808 772 86 29 skall
918 772 105 35 enligt
1044 772 163 36 förslaget
1231 774 84 28 även
1337 774 190 30 ankomma
1548 776 48 27 att
1619 774 66 29 öva
1708 772 65 31 till-

273 827 62 28 syn
357 828 40 20 ur
420 820 130 30 allmän
574 821 425 38 naturskyddssynpunkt.
1024 822 119 30 Såsom
1168 823 341 37 tillsynsmyndighet
1531 823 164 36 fungerar
1720 824 54 29 för

273 870 216 30 närvarande
520 870 198 31 laboratorn
750 871 48 31 fil.
827 872 53 30 lic.
913 873 81 30 Sten
1024 873 120 35 Vallin,
1175 883 74 20 som
1277 874 151 30 biträdes
1459 884 42 20 av
1529 884 41 20 en
1601 874 170 30 assistent.

272 919 245 37 Myndigheten
542 921 105 30 borde
670 922 105 36 enligt
799 922 40 30 de
865 923 235 36 sakkunnigas
1124 924 140 36 mening
1289 924 192 30 förstärkas
1505 933 122 27 genom
1652 924 120 30 tillsät-

271 970 101 30 tande
393 980 43 21 av
457 981 42 20 en
520 971 395 38 laboratorsbefattning,
937 983 79 21 vars
1038 974 209 30 innehavare
1268 975 109 30 skulle
1399 976 64 34 äga
1483 975 289 30 kemisk-teknisk

271 1020 204 37 utbildning,
505 1022 168 36 varjämte
706 1026 47 27 ett
781 1024 174 36 tidsenligt
985 1024 249 31 laboratorium
1263 1025 105 30 borde
1397 1025 155 31 inrättas.

312 1096 114 37 Enligt
453 1097 162 36 förslaget
643 1098 100 31 skola
768 1099 41 30 de
836 1100 153 31 centrala
1015 1100 421 37 tillsynsmyndigheterna
1463 1109 124 28 genom
1615 1099 64 32 råd
1707 1101 65 30 och

265 1146 223 37 anvisningar
510 1149 105 29 verka
637 1148 57 31 för
716 1149 215 31 förbättrade
955 1149 243 31 förhållanden
1222 1149 100 32 såvitt
1345 1150 136 37 möjligt
1504 1152 10 30 i
1537 1150 235 31 samförstånd

266 1197 76 30 med
368 1198 193 30 samhällen
587 1199 65 30 och
678 1198 284 38 industriföretag
989 1210 44 21 m.
1060 1201 36 29 fl.
1124 1200 65 31 Det
1214 1202 39 31 är
1276 1201 189 31 emellertid
1491 1202 205 36 uppenbart,
1724 1204 48 28 att

265 1246 233 37 tvångsmedel
520 1247 107 32 måste
649 1250 122 30 kunna
793 1250 168 37 tillgripas
984 1252 64 29 och
1071 1254 48 27 att
1142 1251 237 36 ovillkorligen
1403 1252 235 36 förpliktande
1661 1252 111 30 beslut

265 1296 106 32 måste
393 1298 123 31 kunna
539 1300 185 31 meddelas.
761 1301 14 29 I
798 1299 98 37 fråga
918 1310 59 20 om
1001 1302 41 29 de
1073 1302 282 30 beslutande
1397 1310 142 28 organ
1574 1312 75 20 som
1674 1302 98 30 skola

264 1349 141 30 handha
435 1350 114 30 denna
578 1350 138 36 uppgift
747 1351 171 37 anknyter
948 1351 362 36 sakkunnigförslaget
1341 1353 85 29 nära
1458 1352 51 30 till
1539 1361 47 21 nu
1617 1352 155 31 rådande

263 1398 154 38 ordning,
446 1399 106 36 enligt
577 1400 116 30 vilken
719 1400 317 31 beslutanderätten
1063 1403 10 29 i
1099 1401 336 37 föroreningsfrågor
1461 1402 212 31 tillkommer
1699 1402 72 30 dels

263 1449 374 32 hälsovårdsnämnder
658 1451 67 30 och
746 1451 246 37 länsstyrelser,
1017 1452 41 29 de
1080 1452 95 31 förra
1197 1452 89 30 dock
1309 1453 145 29 allenast
1476 1462 41 21 ur
1539 1452 131 31 sanitär
1692 1462 77 27 syn-

265 1500 118 36 punkt,
410 1501 74 30 dels
511 1501 63 30 ock
597 1518 45 4 —
666 1500 11 30 i
704 1502 169 30 samband
900 1502 80 30 med
1005 1501 117 37 frågor
1147 1512 58 20 om
1231 1502 269 36 framdragande
1525 1512 42 21 av
1592 1503 176 30 kloakled-

264 1550 119 36 ningar
408 1568 46 3 —
480 1552 165 35 synemän
675 1552 66 30 och
768 1552 277 30 vattendomstol.
1094 1552 64 31 Det
1185 1553 71 30 kan
1283 1553 197 36 anmärkas,
1508 1556 49 27 att
1584 1554 185 37 synemäns

264 1601 79 30 eller
369 1602 285 30 vattendomstols
682 1602 113 30 beslut
822 1602 177 36 angående
1027 1602 158 37 åtgärder
1213 1603 50 30 till
1291 1604 248 29 motverkande
1567 1613 43 20 av
1638 1606 130 27 vatten-

266 1650 199 37 förorening
488 1651 53 30 för
563 1652 218 30 närvarande
802 1652 74 31 icke
899 1653 98 30 torde
1019 1653 165 31 innebära
1208 1653 124 31 hinder
1353 1653 56 30 för
1429 1652 338 32 hälsovårdsnämnd

265 1701 81 30 eller
368 1701 221 38 länsstyrelse
610 1705 50 27 att
682 1703 158 30 meddela
863 1704 177 35 strängare
1063 1703 267 31 bestämmelser.

305 1751 48 33 De
375 1753 219 35 sakkunniga
618 1753 46 30 ha
688 1756 112 27 ansett
823 1754 56 29 det
903 1763 83 20 vara
1011 1763 41 21 av
1076 1757 70 27 stor
1170 1754 81 36 vikt,
1276 1757 49 27 att
1357 1753 410 38 hälsovårdsmyn-

261 1802 280 36 digheterna
576 1802 150 37 alltjämt
750 1803 148 31 förbliva
923 1804 164 36 behöriga
1111 1806 49 28 att
1185 1804 156 31 meddela
1365 1805 113 29 beslut
1502 1805 11 29 i
1536 1804 230 37 förorenings-

262 1852 122 37 frågor.
411 1853 133 31 Härom
569 1853 139 31 anföres
734 1855 10 29 i
769 1855 234 30 betänkandet
1027 1855 105 30 bland
1157 1858 120 27 annat:

306 1912 432 32 Hälsovårdsnämnderna
771 1914 46 29 ha
849 1913 221 36 otvivelakigt
1100 1913 46 36 på
1177 1913 229 31 förevarande
1436 1913 142 31 område
1612 1923 42 21 en
1689 1914 77 30 dem

262 1955 162 36 naturligt
446 1955 266 31 tillkommande
733 1955 138 36 uppgift
894 1958 49 28 att
966 1955 94 36 fylla,
1084 1964 61 21 var
1168 1955 94 30 inom
1286 1956 56 30 sitt
1366 1956 148 30 distrikt.
1538 1955 100 31 Detta
1661 1955 106 36 gäller

262 1997 9 28 i
291 1997 107 30 första
418 1998 96 29 hand
533 1998 98 29 deras
652 1998 146 30 allmänt
815 1998 242 29 övervakande
1075 1998 229 31 verksamhet.
1326 1998 13 29 I
1360 1999 115 29 denna
1494 1999 53 29 del
1565 1999 98 42 torde
1681 2001 85 27 utan

261 2039 165 30 överdrift
453 2040 120 30 kunna
599 2039 128 36 påstås,
756 2042 48 27 att
830 2040 41 29 de
900 2040 61 29 äro
988 2040 136 35 mycket
1151 2039 263 36 betydelsefulla
1442 2048 116 27 organ.
1586 2040 94 30 Även
1708 2049 58 20 om

262 2081 266 31 förhållandena
546 2082 9 29 i
574 2082 92 30 olika
685 2085 92 26 orter
793 2083 61 28 äro
870 2082 218 35 synnerligen
1108 2081 171 31 växlande
1296 2082 97 30 torde
1410 2081 107 31 också
1534 2091 41 21 av
1595 2083 42 29 de
1654 2082 51 30 till
1725 2082 40 30 de

261 2124 220 36 sakkunniga
512 2124 145 35 avgivna
687 2124 208 35 yttrandena
926 2123 146 36 framgå,
1104 2127 49 27 att
1184 2124 43 30 de
1256 2124 11 30 i
1300 2126 84 28 stort
1414 2127 65 27 sett
1510 2124 53 29 väl
1595 2124 87 36 fylla
1712 2124 53 30 sin

261 2166 237 35 nyssnämnda
524 2166 146 36 uppgift.
699 2165 430 31 Hälsovårdsnämnderna
1157 2166 127 29 inneha
1310 2166 189 30 emellertid
1524 2167 96 34 även,
1649 2165 115 31 såsom

260 2208 107 30 första
392 2209 204 30 beslutande
620 2208 134 30 instans
780 2208 10 30 i
814 2208 154 30 sanitära
993 2207 125 36 frågor,
1145 2217 42 21 en
1213 2207 106 37 viktig
1345 2207 315 37 maktbefogenhet.
1690 2206 74 31 Och

260 2251 56 29 det
338 2251 91 29 lärer
455 2251 76 29 icke
556 2251 118 29 kunna
700 2250 179 35 bestridas,
907 2253 49 27 att
982 2250 215 30 nämnderna
1223 2249 146 36 mången
1396 2249 90 36 gång
1510 2250 74 29 icke
1608 2251 65 34 äga
1697 2250 67 29 den

261 2293 236 35 sakkunskap,
528 2302 73 20 som
628 2292 176 30 erfordras
833 2292 55 29 för
914 2292 172 35 prövning
1113 2301 42 21 av
1183 2292 208 29 hithörande
1419 2291 126 36 frågor.
1575 2291 49 31 På
1651 2291 112 36 grund

257 2335 107 29 härav
385 2335 100 30 torde
506 2334 216 30 nämnderna
742 2334 11 30 i
773 2334 67 30 viss
859 2333 240 36 utsträckning
1119 2334 46 30 ha
1184 2333 186 30 underlåtit
1391 2336 50 27 att
1460 2333 134 36 ingripa
1616 2334 9 29 i
1648 2333 118 35 frågor

260 2386 43 20 av
331 2377 108 31 större
472 2376 87 31 mått
587 2377 82 29 eller
697 2385 96 21 mera
823 2375 182 31 invecklad
1034 2375 245 30 beskaffenhet
1307 2375 81 30 eller
1419 2376 64 29 ock
1515 2375 74 30 icke
1619 2374 144 31 förmått

259 2422 48 27 att
326 2418 123 37 bringa
472 2419 130 30 sådana
625 2419 152 29 ärenden
799 2418 50 30 till
871 2420 46 28 ett
939 2417 320 30 tillfredsställande
1280 2417 75 30 slut.
1380 2417 125 30 Härtill
1526 2418 63 29 har
1610 2417 152 30 emeller-

259 2461 48 30 tid
332 2461 193 36 säkerligen
547 2461 85 29 även
657 2461 9 29 i
692 2460 68 30 viss
785 2459 80 31 mån
890 2460 211 35 medverkat,
1126 2462 50 27 att
1199 2459 422 30 hälsovårdsnämnderna
1646 2458 31 37 ej
1703 2459 59 30 all-
