1938 2814
537 135 116 30 Andra
678 134 238 38 lagutskottets
942 131 175 32 utlåtande
1141 130 50 31 Nr
1215 132 49 30 12.
1637 123 21 30 3

194 223 73 30 Har
293 225 46 27 ett
364 221 168 31 samhälle
559 221 142 30 inrättat
728 219 247 35 kloakledning
1001 217 46 36 så,
1075 220 49 28 att
1149 217 67 30 den
1244 216 78 30 med
1350 213 168 37 väsentlig
1544 213 113 30 fördel

149 274 70 29 kan
248 272 177 31 användas
453 271 57 30 för
536 270 191 31 avledande
755 279 42 21 av
824 269 224 30 kloakvatten
1075 267 131 36 jämväl
1234 265 79 31 från
1343 268 109 27 annat
1478 263 180 35 samhälle,

150 332 80 21 vare
254 322 216 31 sistnämnda
493 321 169 30 samhälle
686 319 137 37 pliktigt
845 321 59 33 att,
928 319 64 29 när
1016 318 56 30 det
1096 316 125 31 varder
1241 316 11 30 i
1274 316 113 29 behov
1412 323 44 22 av
1479 313 178 31 kloakled-

149 373 93 36 ning,
269 371 80 37 ingå
376 372 10 29 i
413 371 177 36 företaget,
621 370 63 31 där
712 369 31 37 ej
772 369 171 31 särskilda
972 367 293 36 omständigheter
1290 365 182 31 föranleda
1502 366 49 28 att
1577 363 82 30 med

151 423 122 37 frågan
295 432 56 20 om
372 423 77 29 dess
472 421 203 36 deltagande
697 420 10 30 i
728 420 166 35 företaget
916 418 153 37 skäligen
1093 418 65 30 bör
1180 415 107 32 anstå.

859 513 39 29 12
924 512 29 37 8.

196 583 67 30 Om
285 582 196 38 fördelning
503 591 41 21 av
565 581 235 30 kostnaderna
820 579 56 30 för
895 587 198 29 gemensam
1114 576 140 37 ledning
1273 576 11 30 i
1305 575 73 36 fall,
1401 584 121 22 varom
1545 574 10 30 i
1580 575 36 29 11
1641 573 20 37 S

151 633 175 35 förmäles,
349 632 87 36 gälle
459 632 67 30 vad
548 631 10 30 i
583 632 40 30 10
646 631 18 37 8
689 630 148 36 stadgas,
859 629 80 30 med
963 627 223 37 iakttagande
1208 636 42 22 av
1274 629 49 28 att
1345 625 240 37 skyldigheten
1611 626 51 28 att

152 684 136 35 deltaga
302 683 10 29 i
327 681 422 37 anläggningskostnaden
767 680 88 30 skall
869 679 189 31 fastställas
1074 678 79 30 med
1170 678 137 35 hänsyn
1323 679 102 33 tagen
1441 675 51 31 till
1506 674 155 36 ledning-

150 743 62 21 ens
236 732 309 36 värde
343 721 17 51 i
372 732 173 36 befintligt
570 731 109 30 skick.
705 730 125 30 Finnes
853 729 129 36 nödigt,
995 731 48 28 att
1054 728 184 35 ledningen
1248 726 158 36 utvidgas
1430 725 81 31 eller
1534 733 126 22 annor-

151 786 93 30 ledes
268 785 194 35 förändras,
484 793 80 22 vare
588 784 56 30 det
665 783 178 35 samhälle,
867 791 75 21 som
963 780 200 37 berättigats
1184 780 83 29 eller
1288 778 200 37 förpliktats
1510 780 49 28 att
1580 775 83 37 ingå

152 836 10 30 i
187 835 177 37 företaget,
390 834 32 37 ej
447 834 150 37 skyldigt
620 836 49 28 att
694 836 79 34 taga
796 832 54 31 del
873 832 10 30 i
906 832 108 30 redan
1039 830 147 37 nedlagd
1210 829 157 35 kostnad,
1396 837 75 22 som
1497 827 50 30 till
1572 825 91 38 följd

153 896 42 21 av
220 885 191 37 ändringen
438 885 124 30 varder
586 883 142 37 onyttig.

862 933 39 30 13
929 932 28 37 8.

199 1003 129 30 Tarvas
352 1002 221 36 ombyggnad
595 1011 42 21 av
659 999 257 37 kloakledning,
943 1008 74 21 som
1041 999 39 29 är
1101 998 55 30 för
1178 997 57 31 två
1257 997 80 30 eller
1359 996 89 31 flera
1470 995 194 31 samhällen

154 1062 208 28 gemensam,
386 1052 89 30 skall
500 1052 66 30 vad
592 1052 66 30 här
681 1060 89 21 ovan
795 1051 39 29 är
856 1050 136 35 stadgat
1016 1058 56 20 om
1096 1058 46 26 ny
1166 1047 138 36 ledning
1329 1047 65 36 äga
1418 1045 246 32 motsvarande

152 1103 230 36 tillämpning.

199 1153 85 31 Sker
303 1153 265 36 ombyggnaden
589 1151 46 37 på
654 1150 157 37 yrkande
834 1159 42 21 av
900 1152 47 28 ett
969 1149 167 30 samhälle
1157 1148 65 30 och
1246 1148 38 29 är
1305 1147 205 31 densamma
1531 1145 31 37 ej
1585 1145 78 31 tilli-

155 1205 46 30 ka
225 1202 204 37 erforderlig
455 1202 56 30 för
535 1202 57 30 det
618 1201 83 31 eller
727 1201 43 30 de
795 1200 109 31 andra
932 1199 232 31 sambhällenas
1192 1196 156 38 räkning,
1376 1206 83 21 vare
1484 1196 180 36 samhälle,

155 1265 76 21 som
250 1255 60 30 sist
326 1257 101 33 sagts,
449 1253 31 37 ej
501 1253 137 37 pliktigt
658 1256 49 27 att
726 1251 144 37 bidraga
888 1251 52 31 till
959 1249 264 38 ombyggnaden
1241 1249 10 30 i
1272 1248 117 31 vidare
1406 1247 83 32 mån
1509 1249 44 29 än
1574 1257 91 21 sam-

154 1306 124 30 hällets
298 1304 142 37 utgifter
455 1304 53 30 till
526 1303 202 36 ledningens
747 1301 127 31 skötsel
893 1302 67 30 och
978 1299 183 32 underhåll
1178 1299 172 30 beräknas
1370 1299 94 30 bliva
1484 1298 56 30 för
1557 1297 108 31 fram-

155 1355 94 31 tiden
272 1354 191 31 minskade.
488 1353 131 31 Varder
640 1352 194 30 kostnaden
857 1351 57 30 för
937 1350 201 36 ledningens
1163 1350 126 29 skötsel
1312 1349 66 30 och
1403 1348 184 31 underhåll
1611 1356 53 28 ge-

155 1414 84 22 nom
262 1404 264 37 ombyggnaden
548 1403 102 35 ökad,
673 1411 82 21 vare
777 1402 216 30 sistnämnda
1016 1400 167 31 samhälle
1207 1400 30 36 ej
1262 1399 150 37 skyldigt
1436 1401 48 28 att
1507 1402 78 33 taga
1609 1398 55 31 del

156 1456 10 30 i
189 1455 108 31 sådan
318 1455 139 35 ökning.

863 1503 39 29 14
929 1502 28 37 8.

201 1574 75 30 Vad
297 1573 11 30 i
330 1573 108 30 9—13
460 1572 40 37 88
522 1572 39 29 är
580 1571 136 36 stadgat
736 1570 10 30 i
769 1569 98 37 fråga
888 1579 57 20 om
967 1568 58 31 två
1044 1569 81 30 eller
1144 1568 88 30 flera
1253 1568 193 30 samhällen
1466 1567 98 35 skall,
1586 1567 81 30 med

157 1625 42 29 de
221 1623 198 35 avvikelser,
446 1632 75 20 som
545 1621 199 30 föranledas
770 1629 43 21 av
832 1619 307 30 bestämmelserna
1163 1618 11 29 i
1199 1618 39 30 15
1263 1618 64 30 och
1353 1618 40 29 16
1418 1617 51 37 $$,
1492 1618 64 35 äga
1578 1619 89 28 mot-

157 1674 169 30 svarande
349 1671 222 37 tillämpning
594 1671 80 30 med
698 1670 169 31 avseende
889 1669 21 31 å
935 1668 57 31 två
1016 1669 81 30 eller
1120 1668 87 30 flera
1233 1668 209 36 fastigheter.

202 1724 71 36 Lag
296 1733 134 21 samma
451 1732 82 21 vare
552 1721 224 32 beträffande
798 1720 168 31 samhälle
989 1720 64 31 och
1076 1729 43 21 en
1141 1719 82 31 eller
1245 1718 86 31 flera
1354 1718 210 36 fastigheter,
1590 1727 76 21 som

158 1776 31 36 ej
216 1773 79 38 ingå
317 1775 10 29 i
353 1774 199 30 samhällets
576 1773 188 35 stadsplan.
799 1772 13 30 I
838 1770 99 38 fråga
961 1780 58 21 om
1043 1770 142 36 företag,
1211 1779 74 21 som
1310 1770 39 29 är
1373 1771 212 34 gemensamt
1609 1767 60 32 för

158 1825 168 31 samhälle
348 1825 65 29 och
436 1824 114 30 därtill
571 1824 166 35 hörande,
761 1821 21 32 å
804 1821 143 32 område
969 1824 96 27 utom
1089 1821 222 35 stadsplanen
1333 1820 147 35 belägna
1503 1818 164 37 fastighe-

158 1879 60 32 ter,
239 1876 86 30 skall
346 1875 57 30 vid
423 1874 198 36 fördelning
639 1884 42 20 av
700 1873 234 30 kostnaderna
955 1871 109 37 skälig
1083 1871 138 35 hänsyn
1240 1873 94 34 tagas
1355 1869 131 36 jämväl
1506 1869 50 30 till
1576 1878 92 21 sam-

158 1926 124 30 hällets
304 1924 195 37 skyldighet
521 1927 48 27 att
592 1933 100 22 svara
713 1923 55 30 för
789 1924 178 30 allmänna
989 1922 150 30 sanitära
1162 1921 177 29 intressen.

871 2015 38 29 15
935 2014 28 36 8.

205 2085 114 30 Varda
346 2088 45 27 ett
419 2084 113 30 flertal
562 2083 200 36 fastigheter
790 2081 173 36 delaktiga
989 2081 9 29 i
1025 2089 134 21 samma
1185 2079 257 36 kloakledning,
1468 2078 67 35 må,
1564 2077 10 30 i
1603 2078 68 30 den

160 2134 82 31 mån
264 2134 30 36 ej
315 2134 201 35 ledningens
536 2134 103 35 längd
663 2133 82 29 eller
765 2135 95 27 arten
883 2141 42 21 av
947 2130 190 36 förefintlig
1157 2130 201 35 bebyggelse
1379 2129 83 29 eller
1481 2127 97 37 eljest
1599 2128 71 30 sär-

161 2185 81 30 skilt
270 2183 219 31 förhållande
519 2183 49 30 till
598 2186 107 27 annat
733 2182 205 34 föranleder,
969 2180 247 35 fastigheterna
1244 2179 173 29 förklaras
1447 2178 144 36 pliktiga
1621 2180 50 28 att

161 2235 135 35 deltaga
318 2234 10 29 i
350 2234 193 29 kostnaden
567 2233 55 29 för
644 2233 78 29 hela
747 2231 192 35 ledningen,
967 2230 90 30 ändå
1081 2233 48 26 att
1154 2230 221 29 kloakvatten
1401 2227 78 31 från
1503 2228 78 29 dem
1604 2227 67 31 till-

161 2285 92 29 ledes
276 2283 42 36 på
341 2283 112 29 skilda
478 2282 130 30 ställen.

873 2330 39 29 16
938 2329 27 36 38.

207 2396 108 39 Ägare
333 2409 41 20 av
394 2399 172 35 fastighet,
587 2407 73 20 som
683 2397 30 36 ej
735 2398 38 28 är
791 2397 154 29 sökande
966 2395 49 30 till
1035 2395 142 35 företag,
1197 2404 118 20 varom
1335 2403 90 20 ovan
1447 2393 86 36 sägs,
1555 2394 64 29 och
1639 2392 34 36 ej

162 2450 107 30 heller
292 2449 130 29 förenat
447 2448 49 35 sig
518 2448 76 29 med
619 2447 177 30 sökanden
822 2456 54 19 om
903 2446 160 33 företaget
1089 2445 81 29 eller
1192 2444 67 30 fört
1282 2444 104 34 talan,
1410 2453 74 20 som
1509 2443 163 29 föranlett
