2200 2650
615 206 376 40 Bevillningsutskottets
1017 206 217 32 Betänkande
1260 206 65 32 N:o
1354 208 32 30 2.
1699 206 46 31 29

796 527 422 49 Reservationer:

310 693 63 38 vid
395 695 161 48 punkten
583 694 94 48 1:0):
704 693 42 38 af
770 694 87 37 herr
884 694 200 45 Fredholm,
1115 706 82 24 som
1225 692 142 37 anfört:

311 804 86 38 Med
425 818 50 23 nu
505 804 162 37 rådande
696 804 85 49 låga
810 804 77 49 pris
917 807 47 46 på
993 803 182 50 spanmål,
1203 803 107 49 lägre
1339 807 45 32 än
1415 802 46 38 de
1489 805 48 47 på
1565 802 112 49 långa
1704 802 97 37 tider

207 856 109 48 varit,
358 862 41 31 är
439 856 65 37 det
543 856 69 37 lätt
654 856 226 48 förklarligt,
915 861 55 31 att
997 855 148 37 landets
1169 855 252 50 jordbrukare
1451 855 120 37 önska
1600 855 59 36 sin
1689 868 112 36 span-

208 909 328 49 målsproduktion
578 908 174 49 skyddad
793 921 141 36 genom
974 908 80 47 tull,
1087 908 12 35 i
1126 912 59 32 tro
1215 912 56 32 att
1298 909 117 35 denna
1444 906 97 37 skall
1568 907 129 36 kunna
1724 907 76 36 för-

208 961 129 50 hjelpa
377 961 86 37 dem
504 974 44 23 ur
577 960 64 37 det
667 961 173 48 betryck,
870 973 82 24 som
980 960 46 37 de
1053 960 13 36 i
1094 959 96 50 följd
1219 959 42 37 af
1286 959 45 37 de
1360 958 86 50 låga
1474 959 128 49 prisen
1631 959 171 37 förmena

210 1014 60 48 sig
310 1012 114 38 hafva
453 1012 131 37 iråkat.
640 1012 88 37 Man
756 1013 75 36 kan
859 1012 113 37 äfven
999 1012 131 46 förstå,
1160 1017 54 31 att
1242 1011 46 38 de
1316 1012 128 35 kunna
1471 1024 90 23 anse
1590 1010 61 49 sig
1679 1010 122 38 berät-

209 1065 127 49 tigade
379 1070 54 32 att
474 1065 94 36 söka
594 1058 189 60 realisera
805 1064 120 47 denna
953 1064 58 37 sin
1040 1064 160 48 önskan,
1230 1063 47 37 då
1304 1063 46 37 de
1378 1063 102 37 förut
1507 1062 97 37 varit
1630 1062 173 50 behjelp-

208 1117 78 49 liga
314 1116 60 38 att
407 1117 139 37 bereda
580 1116 46 37 de
654 1117 110 36 flesta
792 1117 117 36 andra
936 1116 179 49 näringar
1143 1121 54 32 ett
1224 1116 41 37 af
1291 1115 111 37 dessa
1429 1115 137 36 äskadt
1592 1114 208 50 tullskydd.

313 1169 87 37 Men
442 1172 42 33 så
523 1169 113 49 länge
679 1168 146 38 landets
868 1168 223 49 befolkning
1132 1168 184 37 behöfver
1357 1167 83 36 från
1480 1166 170 38 utlandet
1677 1167 123 37 införa

209 1220 238 51 tredjedelen
475 1220 41 37 af
542 1221 73 36 den
643 1220 181 50 spanmål,
854 1234 83 23 som
966 1220 73 36 den
1066 1221 60 36 för
1154 1220 66 43 sitt
1247 1219 215 39 brödbehof
1485 1219 259 48 konsumerar,
1762 1222 40 34 så

210 1276 121 34 måste
371 1273 131 48 hvarje
544 1272 208 49 spanmåls-
794 1273 71 36 och
907 1271 160 50 mjöltull
1108 1272 121 36 tillika
1257 1271 116 37 blifva
1401 1284 47 24 en
1475 1270 203 38 finanstull.
1734 1270 69 37 Att

210 1325 74 36 den
308 1324 283 50 jordbrukande
620 1324 285 49 befolkningen,
935 1337 81 24 som
1044 1323 92 50 sjelf
1164 1323 230 50 producerar
1421 1336 103 24 mera
1552 1322 173 49 spanmål
1753 1327 48 32 än

213 1377 74 37 den
314 1376 212 48 förbrukar,
554 1376 84 37 icke
667 1376 97 36 skall
792 1376 161 37 drabbas
982 1376 41 36 af
1047 1375 124 37 denna
1198 1375 260 48 beskattning,
1478 1377 118 34 måste
1616 1374 184 37 likaledes

210 1442 90 23 vara
341 1428 150 49 tydligt.
547 1427 239 38 Tullskatten
829 1428 58 37 för
919 1428 73 37 den
1020 1427 176 47 brödsäd,
1226 1440 80 24 som
1336 1426 82 37 från
1446 1426 170 37 utlandet
1642 1426 157 47 införes,

212 1480 97 37 skall
349 1480 129 37 derför
518 1480 151 37 komma
711 1485 54 31 att
805 1479 79 38 helt
916 1480 69 37 och
1026 1479 117 37 hållet
1178 1483 156 45 utgöras
1363 1478 42 37 af
1430 1478 72 37 den
1528 1478 275 49 icke-jordbru-

214 1532 124 37 kande
367 1531 111 38 delen
507 1532 41 37 af
571 1531 287 50 befolkningen.

315 1584 132 37 Rikets
475 1584 227 49 befolkning
730 1584 175 49 utgjorde
935 1583 74 37 den
1040 1585 17 35 1
1084 1583 150 49 januari
1265 1584 96 36 1893
1382 1584 203 46 4,806,000
1606 1595 196 36 personer,

213 1636 72 36 och
313 1636 120 49 enligt
460 1635 296 49 folkräkningen
788 1637 97 36 1890
913 1636 177 48 utgjorde
1120 1635 74 37 den
1218 1634 283 50 jordbrukande
1517 1634 286 49 befolkningen,

214 1701 61 24 om
304 1701 86 23 man
418 1688 81 36 deri
527 1687 33 48 ej
592 1688 177 36 inräknar
796 1688 138 36 fiskare
964 1688 71 35 och
1062 1687 145 49 lappar,
1237 1688 214 45 2,403,000.
1507 1686 56 37 Då
1582 1699 86 23 man
1683 1686 121 36 tillika

213 1745 76 41 vet,
318 1745 55 31 att
412 1740 121 36 under
573 1739 243 36 mellantiden
856 1738 274 49 befolkningen
1171 1741 49 46 på
1259 1738 262 49 landsbygden
1550 1738 12 36 i
1591 1737 57 37 sin
1677 1737 128 37 helhet

213 1794 119 46 något
374 1791 196 47 minskats,
613 1791 75 36 kan
729 1804 87 23 man
858 1791 85 36 med
985 1791 82 35 skäl
1106 1795 102 43 säga,
1238 1794 55 32 att
1320 1790 71 36 den
1420 1788 384 48 icke-jordbrukande

213 1843 276 49 befolkningen
517 1848 111 44 utgör
656 1842 128 37 halfva
813 1842 140 37 antalet
980 1842 41 36 af
1044 1842 118 37 rikets
1192 1842 85 36 hela
1305 1841 233 49 folkmängd.

318 1894 72 37 Vid
432 1900 55 31 ett
527 1894 133 37 sådant
700 1894 245 46 förhållande,
975 1899 55 31 att
1070 1894 74 36 den
1186 1906 71 24 ena
1289 1893 144 36 hälften
1462 1894 41 35 af
1526 1892 277 49 befolkningen

215 1947 96 37 skall
338 1946 124 38 betala
491 1960 48 23 en
567 1946 182 47 tullskatt,
778 1946 190 37 hvarifrån
997 1946 73 36 den
1099 1945 117 37 andra
1235 1945 144 37 hälften
1398 1947 49 47 på
1465 1944 122 48 grund
1606 1944 42 37 af
1663 1945 140 36 sakens

215 2011 100 35 egen
356 2004 110 30 natur
507 2003 40 31 är
587 1998 158 47 befriad,
782 1998 65 36 vill
889 1998 63 37 det
980 2011 113 36 synas
1122 2011 90 23 vara
1242 1997 157 36 framför
1426 1996 66 37 allt
1519 1996 204 49 angeläget
1750 2000 55 32 att

214 2050 225 47 undersöka,
468 2050 93 36 huru
603 2050 124 36 denna
762 2050 245 46 beskattning
1035 2049 96 36 skall
1159 2049 153 36 komma
1339 2053 55 32 att
1421 2048 117 36 verka
1566 2051 48 45 på
1643 2048 73 36 den
1744 2047 60 36 del

214 2102 42 36 af
292 2101 287 48 befolkningen,
622 2114 81 23 som
746 2101 96 36 skall
874 2101 123 36 betala
1026 2101 161 35 skatten.
1245 2100 112 36 Detta
1385 2105 41 31 är
1454 2102 40 34 så
1522 2099 152 49 mycket
1702 2112 103 23 mera

214 2153 42 36 af
281 2153 125 36 nöden
435 2166 61 32 nu,
526 2153 46 35 då
599 2153 108 48 fråga
735 2157 41 31 är
803 2158 55 31 att
886 2152 113 48 högst
1027 2151 189 48 betydligt
1244 2151 86 48 höja
1358 2151 118 36 tullen
1504 2154 20 33 å
1553 2150 182 48 spannmål,
1755 2172 49 4 —

216 2217 47 23 en
304 2204 81 46 tull,
428 2217 81 23 som
550 2204 120 36 under
703 2204 104 36 tiden
835 2204 59 36 för
922 2204 86 36 dess
1036 2203 162 47 tillvaro,
1229 2203 45 35 då
1302 2202 74 36 den
1404 2202 95 36 varit
1521 2202 283 48 jemförelsevis

213 2256 75 48 låg,
317 2255 116 37 likväl
461 2255 119 36 under
608 2258 89 33 åren
729 2257 200 35 1888—94
957 2255 151 48 inbragt
1135 2254 230 37 statsverket
1389 2267 46 23 en
1456 2253 165 37 inkomst
1640 2253 41 37 af
1697 2253 109 36 öfver

216 2310 47 33 39
294 2307 185 37 millioner
506 2307 152 36 kronor.
