2222 2640
455 203 46 32 54
811 206 374 41 Bevillningsutskottets
1212 209 215 32 Betänkande
1454 211 65 31 N:o
1548 214 32 29 2.

401 296 115 36 synes
551 285 64 36 det
644 299 63 23 oss
736 299 87 24 vara
854 286 261 50 fullkomligen
1145 289 239 49 ådagalagdt,
1414 296 54 32 att
1495 292 170 37 klitullen
1695 308 150 23 snarare
1874 298 118 34 måste

400 348 90 24 vara
526 336 55 37 till
618 337 172 49 betydlig
819 338 117 37 skada
964 344 48 32 än
1039 339 56 37 till
1122 344 118 45 något
1267 355 103 36 gagn
1398 343 59 37 för
1486 344 63 36 det
1578 346 164 36 svenska
1765 346 228 49 jordbruket

400 388 71 36 och
499 388 88 37 dess
615 390 373 50 mejerihandtering,
1017 392 148 37 hvadan
1194 393 37 37 vi
1259 394 209 49 hemställa,

877 499 56 32 att
951 496 58 45 kli,
1030 497 76 36 alla
1125 497 89 49 slag,
1235 500 114 35 måtte
1365 499 233 38 fortfarande
1614 501 144 49 åtnjuta
1773 501 218 38 tullfrihet.»

502 595 62 37 vid
586 598 161 47 punkten
778 598 93 49 6:0):
898 599 41 36 af
963 599 87 37 herr
1077 601 156 45 Bromée,
1263 600 154 38 hvilken
1444 607 133 44 yttrat:

501 647 72 37 »På
601 662 144 24 samma
772 650 167 47 grunder
968 664 79 23 som
1077 652 145 36 anförts
1250 652 12 36 i
1291 653 73 36 min
1396 655 235 37 reservation
1660 656 118 37 under
1805 658 121 49 punkt
1957 661 33 45 1,

396 698 219 39 hemställes
643 706 56 31 att
726 701 218 50 Riksdagen
972 706 115 34 måtte
1115 704 159 49 besluta,

897 811 56 32 att
989 807 198 37 tullsatsen
1223 808 59 37 för
1319 808 106 49 bröd,
1462 810 116 37 andra
1606 810 96 50 slag,
1730 815 115 35 måtte
1874 814 116 37 varda

793 857 212 38 bibehållen
1042 858 63 38 vid
1144 860 74 36 den
1254 860 79 48 tull,
1364 864 52 44 2,5
1445 866 64 33 öre
1539 876 44 35 pr
1611 863 199 49 kilogram,
1840 879 80 23 som
1949 871 40 31 är

792 909 174 38 bestämd
995 911 119 49 enligt
1142 912 183 37 tulltaxan
1354 913 42 36 af
1421 914 73 36 den
1524 916 20 35 8
1569 915 84 47 juni
1683 918 131 34 1892.»

498 1010 63 37 vid
583 1012 205 47 punkterna
820 1014 75 45 6:0)
927 1016 61 35 och
1019 1016 90 46 7:0):
1139 1016 42 36 af
1205 1015 128 38 herrar
1360 1018 37 35 J.
1426 1019 204 36 Johansson
1658 1019 11 36 i
1688 1019 216 51 Noraskog,
1925 1021 63 38 fri-

394 1061 109 38 herre
532 1076 66 24 von
626 1064 189 46 Schwerin,
849 1065 203 47 Collander,
1082 1067 41 36 G.
1143 1068 159 37 Jansson
1321 1069 72 36 och
1412 1071 37 35 S.
1470 1072 53 34 M.
1549 1070 137 47 Olsson,
1706 1071 127 38 hvilka
1851 1078 134 43 yttrat:

498 1114 76 37 »Då
602 1115 160 37 artikeln
791 1118 99 45 bröd,
920 1119 117 35 andra
1057 1120 88 48 slag,
1167 1119 69 36 bör
1255 1120 117 48 draga
1392 1134 143 24 samma
1553 1122 69 36 tull
1642 1136 82 24 som
1743 1125 103 48 mjöl,
1866 1126 120 47 torde,

392 1165 12 36 i
433 1165 180 38 händelse
642 1167 73 37 den
743 1168 67 36 här
839 1169 117 36 ofvan
984 1170 217 48 föreslagna
1228 1171 211 50 mjöltullen
1467 1174 41 35 af
1534 1175 20 34 5
1584 1174 139 37 kronor
1752 1178 46 34 25
1829 1182 65 31 öre
1921 1191 67 35 per

396 1220 72 34 100
496 1218 185 50 kilogram
712 1225 169 44 antages,
911 1221 108 37 deraf
1044 1222 117 37 blifva
1189 1236 46 23 en
1263 1223 108 50 följd,

895 1324 73 49 6:0)
998 1330 55 32 att
1079 1326 200 37 tullsatsen
1307 1328 61 36 för
1397 1330 96 44 bröd,
1523 1331 119 35 andra
1670 1332 88 48 slag,
1788 1335 115 34 måtte
1922 1333 63 37 be-

791 1381 180 33 stämmas
1000 1377 56 37 till
1084 1380 71 45 5,25
1185 1384 64 31 öre
1276 1392 69 36 per
1373 1380 197 49 kilogram.

496 1426 16 35 I
549 1426 397 40 öfverensstämmelse
983 1430 155 37 härmed
1175 1431 98 36 lärer
1308 1431 65 37 det
1411 1433 70 36 ock
1518 1433 119 37 blifva
1669 1434 149 49 nödigt,
1847 1441 56 31 att
1929 1442 56 30 ut-

392 1477 163 38 skottets
593 1478 224 39 hemställan
854 1481 11 35 i
902 1481 107 49 fråga
1043 1495 59 23 om
1132 1483 213 37 restitution
1373 1484 64 37 vid
1465 1485 157 37 utförsel
1652 1486 42 37 af
1717 1487 94 37 bröd
1835 1487 150 49 jemkas

390 1532 48 46 på
467 1529 64 37 det
558 1535 87 43 sätt,

895 1584 71 49 7:0)
1004 1590 55 32 att
1095 1586 180 50 beloppet
1311 1588 41 36 af
1386 1588 73 36 den
1497 1589 294 50 tullrestitution,
1828 1592 156 37 hvilken

782 1636 153 48 jemlikt
963 1636 20 49 $
1004 1639 20 34 9
1045 1651 111 23 mom.
1180 1638 52 37 11
1250 1639 502 40 tulltaxeunderrättelserna
1771 1644 214 48 medgifves

788 1688 62 36 vid
887 1688 159 38 utförsel
1083 1691 41 36 af
1156 1690 106 48 bröd,
1301 1705 80 23 som
1421 1693 42 36 af
1496 1693 195 37 utländskt
1726 1698 152 34 råämne
1911 1696 73 37 till-

787 1740 153 36 verkats
969 1741 154 49 inrikes,
1149 1745 58 34 må
1228 1743 228 39 bestämmas
1475 1745 56 37 till
1552 1747 20 35 5
1594 1750 64 32 öre
1679 1760 67 35 per
1764 1747 219 50 kilogram.»

493 1841 63 36 vid
587 1843 161 47 punkten
780 1844 98 44 9:0):
920 1845 41 36 af
985 1845 131 36 herrar
1143 1847 37 36 J.
1210 1848 204 37 Johansson
1442 1849 12 35 i
1482 1849 215 50 Noraskog,
1726 1851 161 37 friherre
1915 1866 68 23 von

388 1892 191 49 Schwerin,
620 1893 199 48 Collander,
861 1897 201 46 Fredholm,
1106 1897 40 37 G.
1175 1899 172 48 Jansson,
1377 1901 36 36 S.
1443 1902 53 35 M.
1530 1901 137 47 Olsson,
1696 1904 187 36 Bokström
1912 1905 70 36 och

388 1945 158 47 Bromée,
588 1946 151 37 hvilkas
781 1949 186 36 särskilda
1008 1950 180 48 yttrande
1228 1952 65 36 vid
1334 1953 124 37 denna
1499 1954 124 48 punkt
1664 1959 42 32 är
1734 1955 41 37 af
1812 1956 170 49 följande

386 1996 160 49 lydelse:

490 2049 229 49 »Angående
760 2052 73 36 den
874 2053 42 35 af
949 2053 187 37 utskottet
1168 2055 211 50 tillstyrkta
1408 2057 200 37 tullsatsen
1637 2061 20 33 å
1683 2066 146 40 potates,
1858 2060 123 37 tillåta

386 2100 39 36 vi
454 2114 60 23 oss
543 2102 135 47 erinra,
708 2108 55 31 att
791 2104 192 49 knappast
1010 2109 118 45 något
1157 2107 96 36 enda
1281 2109 41 35 af
1347 2109 46 36 de
1420 2109 12 36 i
1460 2109 259 38 betänkandet
1747 2111 233 39 afhandlade

385 2152 228 38 födoämnen
653 2155 108 36 torde
802 2156 146 36 mindre
988 2157 125 49 lämpa
1147 2159 60 48 sig
1239 2159 59 37 för
1325 2161 324 50 tullbeskattning
1677 2168 48 31 än
1753 2164 115 47 detta,
1899 2178 80 23 som

385 2209 116 44 utgör
529 2206 72 36 den
630 2207 182 48 enklaste,
841 2208 60 36 för
929 2209 73 36 den
1030 2209 138 49 fattige
1196 2212 297 49 oumbärligaste
1521 2214 109 48 form,
1660 2215 109 36 hvari
1797 2216 77 36 han
1902 2216 77 37 för-

386 2257 142 37 skaffar
560 2258 61 48 sig
654 2260 311 49 stärkelsehaltig
991 2261 150 50 näring,
1171 2264 70 52 och
1270 2277 79 23 som
1378 2278 88 23 man
1495 2266 126 36 derför
1649 2267 62 36 väl
1739 2267 116 37 borde
1883 2274 96 42 göra

385 2311 41 33 så
466 2309 72 36 lätt
577 2310 241 50 tillgängligt
851 2326 80 22 som
960 2313 161 49 möjligt.
1177 2315 123 36 Åfven
1331 2330 45 23 ur
1405 2317 346 50 skyddssystemets
1780 2321 199 48 synpunkt
