1922 2818
577 165 109 27 Andra
709 165 227 36 lagutskottets
958 167 168 29 utlåtande
1148 168 45 28 Nr
1224 169 27 27 5.
1643 168 14 30 1

851 391 59 41 Nr
942 392 38 41 5.

483 518 124 28 Ankom
636 518 47 28 till
707 519 189 37 riksdagens
920 520 103 28 kansli
1048 521 61 28 den
1135 522 36 27 27
1197 522 139 28 februari
1364 524 75 27 1941
1465 524 41 28 kl.
1532 524 17 28 5
1574 533 25 20 e.
1617 534 41 19 m.

473 626 192 37 Utlåtande
692 629 14 35 i
732 629 195 50 anledning
956 643 44 23 av
1029 631 75 35 dels
1133 632 129 48 Kungl.
1293 632 129 49 Maj:ts
1431 635 228 46 proposition

556 689 80 35 med
657 689 145 49 förslag
832 690 56 36 till
921 690 59 49 lag
1008 691 186 49 angående
1220 692 179 49 förlängd
1428 694 163 49 giltighet
1615 707 44 24 av

553 749 175 47 gällande
764 749 216 50 indelning
967 745 24 62 i
1017 758 229 42 ortsgrupper
1275 753 149 48 jämlikt
1461 755 103 48 lagen
1592 755 67 36 den

555 808 52 37 28
628 809 87 49 juni
743 810 98 36 1935
871 811 61 46 (nr
958 811 96 47 434)
1078 825 55 23 om
1155 813 328 50 folkpensionering
1503 815 75 36 dels
1599 816 59 35 ock

553 870 14 34 i
594 874 118 32 ämnet
738 871 128 36 väckta
894 872 179 36 motioner.

211 959 132 33 Genom
378 972 41 20 en
454 961 65 32 den
546 963 41 31 20
621 963 180 32 december
826 965 81 32 1940
936 965 213 42 dagtecknad
1172 967 228 41 proposition,
1425 979 39 20 nr
1485 970 29 37 4,
1543 968 113 33 vilken

156 1010 175 32 hänvisats
366 1011 54 31 till
452 1012 191 41 lagutskott
676 1014 63 31 och
766 1014 206 33 behandlats
995 1027 40 20 av
1058 1016 107 31 andra
1187 1017 234 41 lagutskottet,
1445 1019 61 31 har
1529 1019 127 42 Kungl.

156 1061 105 41 Maj:t,
287 1061 109 32 under
418 1062 217 42 åberopande
665 1075 39 20 av
727 1065 262 41 propositionen
1013 1066 139 42 bilagda
1173 1067 11 31 i
1209 1067 185 32 statsrådet
1417 1069 63 31 och
1502 1069 155 42 lagrådet

155 1111 114 31 hållna
292 1112 182 41 protokoll,
497 1113 179 42 föreslagit
698 1115 181 42 riksdagen
903 1118 50 29 att
976 1119 123 39 antaga
1120 1117 150 42 följande
1293 1118 128 42 förslag
1444 1119 53 32 till

842 1241 130 52 Lag

155 1323 177 41 angående
359 1325 166 41 förlängd
554 1328 172 40 giltighet
753 1338 40 22 av
817 1329 163 40 gällande
1005 1330 185 40 indelning
1212 1331 12 31 i
1248 1332 236 41 ortsgrupper
1503 1331 151 42 jämlikt

357 1377 103 39 lagen
483 1377 65 32 den
573 1378 43 32 28
635 1378 81 41 juni
741 1379 86 32 1935
852 1380 56 39 (nr
930 1379 78 42 434)
1032 1389 57 23 om
1113 1381 340 41 folkpensionering.

206 1469 210 42 Härigenom
440 1471 189 39 förordnas,
653 1474 50 29 att
726 1472 64 31 den
814 1473 53 31 för
890 1475 79 29 åren
995 1474 205 31 1938—1941
1228 1475 179 41 gällande!
1427 1475 224 42 indelningen

152 1520 11 30 i
187 1521 223 40 ortsgrupper
431 1521 133 40 jämlikt
586 1521 99 42 lagen
709 1522 65 32 den
799 1523 40 31 28
861 1523 74 41 juni
960 1524 79 31 1935
1063 1535 55 20 om
1142 1525 316 42 folkpensionering
1482 1526 86 32 skall
1592 1528 62 40 äga

152 1569 156 42 förlängd
331 1570 159 42 giltighet
513 1571 52 31 till
589 1572 65 31 och
677 1573 77 31 med
778 1575 171 39 utgången
973 1585 40 20 av
1036 1576 37 29 år
1099 1575 88 31 1943.

202 1741 123 31 Denna
347 1741 55 42 lag
426 1742 112 32 träder
560 1742 12 31 i
595 1743 89 31 kraft
707 1743 109 42 dagen
840 1744 85 32 efter
947 1745 76 38 den,
1048 1745 43 31 då
1114 1745 98 42 lagen
1236 1746 107 41 enligt
1366 1747 80 31 därå
1468 1747 183 32 meddelad

149 1791 136 41 uppgift
308 1792 182 31 utkommit
513 1793 72 31 från
610 1794 131 40 trycket
764 1794 11 30 i
800 1794 133 32 Svensk
955 1795 379 43 författningssamling.

199 1969 18 30 I
233 1970 167 31 samband
416 1970 77 32 med
509 1971 263 41 propositionen
789 1972 61 31 har
867 1973 168 31 utskottet
1051 1973 51 31 till
1120 1974 210 41 behandling
1346 1976 145 32 förehaft
1504 1978 56 30 två
1572 1976 10 31 i
1596 1988 53 19 an-

146 2019 140 41 ledning
310 2031 39 20 av
371 2020 197 32 densamma
591 2022 118 31 väckta
726 2022 179 39 motioner,
922 2024 172 41 nämligen
1112 2025 174 31 motionen
1303 2026 11 31 i
1331 2026 106 32 första
1453 2027 195 32 kammaren

145 2081 41 20 nr
211 2071 57 30 173
291 2082 41 20 av
355 2071 79 31 herr
455 2072 86 31 John
568 2072 179 32 Gustavson
772 2084 38 21 m.
828 2075 38 39 fl.
892 2074 63 31 och
979 2074 176 32 motionen
1172 2075 10 31 i
1199 2077 105 31 andra
1320 2077 192 32 kammaren
1530 2089 41 20 nr
1587 2079 62 30 232

146 2131 40 20 av
208 2121 116 31 herrar
351 2121 133 33 Gardell
506 2123 63 31 och
594 2123 172 32 Mattsson.

194 2171 17 31 I
235 2172 224 38 motionerna,
483 2173 90 31 vilka
600 2175 58 30 äro
682 2173 228 42 likalydande,
934 2174 209 40 hemställes,
1168 2178 49 30 att
1239 2177 183 42 riksdagen
1445 2179 11 30 i
1481 2178 165 33 skrivelse

145 2221 52 31 till
231 2222 126 41 Kungl.
375 2222 97 41 Maj:t
494 2223 80 32 ville
608 2223 133 42 begära,
766 2226 50 29 att
846 2224 2 31 i
873 2225 166 31 samband
1063 2226 77 31 med
1164 2226 64 31 den
1253 2228 216 32 förestående
1493 2231 153 39 ompröv-

145 2272 125 40 ningen
294 2283 40 20 av
358 2273 106 31 andra
486 2272 94 32 delar
603 2285 40 19 av
659 2273 563 44 dyrortsgrupperingsproblemet
1244 2279 83 29 även
1345 2279 244 40 upphävandet
1605 2290 40 20 av

144 2322 325 41 ortsgrupperingen
493 2333 39 20 av
556 2323 305 42 folkpensionerna
884 2326 112 30 såsom
1019 2336 41 20 en
1076 2326 215 32 konsekvens
1308 2339 40 19 av
1365 2328 281 42 dyrortsgruppe-

197 2406 7 14 !
223 2407 46 25 Jfr
288 2406 63 26 SFS
373 2408 73 24 1937:
460 2409 46 23 163
527 2407 54 26 och
602 2409 73 24 1940:
690 2409 55 24 157.

177 2467 112 36 Bihang
313 2468 45 27 till
381 2468 166 36 riksdagens
568 2469 144 35 protokoll
735 2466 89 33 1941.
869 2468 21 30 I
911 2472 79 26 saml.
1016 2470 21 29 2
1060 2472 63 28 avd.
1174 2473 45 28 Nr
1242 2474 26 27 5.
1517 2482 41 19 474
1576 2483 22 18 41
