1882 2786
531 200 253 28 Statsutskottets
808 199 161 27 utlåtande
990 207 40 18 nr
1052 198 17 27 4
1091 198 37 27 år
1150 197 75 27 1966
1580 198 42 30 53

444 281 39 34 b)
512 281 52 30 till
578 280 204 30 Försvarets
800 278 187 31 tandvård:
1002 277 215 40 Avlöningar
1233 277 54 31 för
1302 275 205 40 budgetåret
1526 274 96 32 1966/

404 334 39 30 67
459 335 121 29 anvisa
593 335 49 29 ett
656 333 273 40 förslagsanslag
942 341 42 21 av
997 331 18 30 3
1030 331 63 30 000
1108 331 63 30 000
1185 331 52 29 kr.

189 442 116 31 145:0)
335 443 201 31 Försvarets
553 442 189 31 tandvård:
762 440 273 33 Omkostnader.
1054 440 13 29 I
1086 439 152 39 enlighet
1257 438 79 30 med
1354 437 125 39 Kungl.
1499 435 123 39 Maj:ts

138 496 130 39 förslag
293 496 129 39 (punkt
443 495 26 30 G
489 496 51 33 27,
562 504 25 20 s.
609 495 63 29 216
693 494 64 30 och
779 494 95 33 217),
894 494 107 29 vilket
1021 492 146 31 innebär
1188 502 42 19 en
1251 492 131 38 ökning
1403 500 41 20 av
1465 490 155 39 anslaget

138 549 78 30 med
234 549 40 29 20
288 549 62 29 000
368 549 63 33 kr.,
449 548 201 30 hemställer
667 548 180 33 utskottet,

447 622 50 27 att
525 619 188 39 riksdagen
743 619 57 29 må
828 618 53 30 till
909 619 203 28 Försvarets
1145 616 186 30 tandvård:
1364 614 258 31 Omkostnader

403 673 54 29 för
474 672 204 40 budgetåret
699 672 138 33 1966/67
855 671 121 31 anvisa
993 673 48 27 ett
1059 670 274 40 förslagsanslag
1351 679 41 20 av
1410 669 62 29 380
1487 668 62 30 000
1568 668 52 29 kr.

189 781 116 33 146:0)
335 780 354 32 Militärmedicinska
702 779 479 39 undersökningscentralen.
1209 777 12 29 I
1237 776 151 40 enlighet
1403 776 78 30 med
1497 774 126 40 Kungl.

138 834 123 39 Maj:ts
284 834 130 38 förslag
443 834 129 39 (punkt
594 833 27 29 G
643 833 52 33 28,
719 842 25 19 s.
768 832 94 34 217),
885 832 106 29 vilket
1013 831 147 30 innebär
1182 840 43 20 en
1247 830 131 39 ökning
1401 839 42 20 av
1466 829 155 39 anslaget

138 888 77 29 med
237 887 41 30 45
293 887 62 30 000
378 887 63 33 kr.,
463 886 201 30 hemställer
686 886 180 33 utskottet,

447 960 50 27 att
520 957 187 39 riksdagen
732 957 57 29 må
811 956 52 30 till
886 955 349 30 Militärmedicinska
1262 954 360 39 undersökningscen-

405 1011 109 29 tralen
546 1011 54 29 för
630 1010 205 39 budgetåret
868 1009 138 31 1966/67
1039 1009 122 30 anvisa
1193 1010 48 28 ett
1273 1008 273 39 förslagsanslag
1578 1016 42 20 av

403 1064 63 30 200
480 1064 62 31 000
565 1064 52 29 kr.

189 1172 116 34 147:0)
334 1172 314 31 Militärmusiken:
675 1171 226 39 Avlöningar.
939 1170 12 29 I
976 1169 151 39 enlighet
1152 1169 80 30 med
1256 1169 125 38 Kungl.
1406 1167 124 39 Maj:ts
1555 1167 69 29 för-

139 1227 72 38 slag
241 1226 130 40 (punkt
396 1225 26 29 G
447 1225 51 34 29,
523 1234 25 20 s.
574 1225 62 29 218
662 1224 65 29 och
752 1223 95 34 219),
871 1224 108 29 vilket
1002 1222 147 30 innebär
1175 1232 42 19 en
1242 1222 132 39 ökning
1398 1231 42 20 av
1465 1221 156 39 anslaget

139 1280 77 29 med
233 1279 63 29 400
311 1279 62 29 000
392 1279 62 33 kr.,
471 1278 201 30 hemställer
690 1278 180 33 utskottet,

448 1352 50 27 att
518 1349 187 39 riksdagen
727 1348 57 30 må

448 1421 36 33 a)
514 1420 187 40 godkänna
721 1418 156 40 följande
897 1418 254 40 avlöningsstat
1171 1418 55 30 för
1246 1416 305 35 militärmusiken,
1574 1419 50 27 att

409 1474 175 38 tillämpas
604 1473 71 29 tills
693 1472 118 30 vidare
831 1472 42 30 fr.
893 1481 29 20 o.
942 1481 45 20 m.
1007 1471 205 39 budgetåret
1234 1469 157 36 1966/67:

818 1578 394 39 Avlöningsstat

407 1661 26 29 1.
470 1659 211 40 Avlöningar
698 1659 53 30 till
767 1658 174 31 ordinarie
957 1657 226 40 tjänstemän,
1200 1655 204 43 förslagsvis
1432 1656 36 30 11
1484 1655 63 31 890
1562 1655 62 32 000

404 1714 29 30 2.
470 1713 212 39 Avlöningar
703 1712 53 30 till
777 1711 231 41 pensionerad
1028 1712 163 39 personal
1212 1711 12 30 i
1244 1710 160 30 arvodes-

469 1767 121 40 tjänst,
610 1765 204 41 förslagsvis
838 1785 565 10 essssssseseserrreerererrr
1236 1761 42 50 rer
1296 1761 63 50 renen
1365 1761 41 50 ner
1508 1762 39 29 27
1562 1762 62 31 000

405 1820 29 30 3.
471 1819 212 40 Avlöningar
716 1819 53 30 till
803 1819 95 39 övrig
930 1817 268 31 icke-ordinarie
1232 1817 173 39 personal,

469 1872 204 41 förslagsvis
707 1892 696 10 .ssossssecsessöessrseos
1046 1867 35 50 rer
1090 1867 38 50 eor
1133 1867 95 50 screen
1236 1867 36 50 ren
1280 1867 67 50 reor
1352 1867 23 50 en
1377 1867 29 50 er
1453 1870 18 29 2
1488 1869 60 30 183
1563 1869 62 30 000

1196 1942 145 30 Summa
1353 1941 52 29 kr.
1434 1941 38 29 14
1488 1940 60 30 100
1563 1940 63 30 000

448 2051 38 34 b)
516 2051 52 30 till
592 2049 312 31 Militärmusiken:
930 2048 214 39 Avlöningar
1170 2048 55 30 för
1251 2046 205 40 budgetåret
1486 2046 137 31 1966/67

408 2104 120 30 anvisa
541 2105 49 28 ett
604 2103 273 39 förslagsanslag
890 2111 42 21 av
948 2101 38 30 14
1003 2102 60 29 100
1078 2101 63 30 000
1155 2101 52 29 kr.

192 2202 115 32 148:0)
337 2201 315 32 Militärmusiken:
678 2202 325 36 Reseersättningar
1026 2211 46 20 m.
1099 2212 46 18 m.
1184 2199 11 28 I
1221 2199 151 38 enlighet
1398 2199 77 28 med
1501 2197 124 38 Kungl.

142 2255 122 38 Maj:ts
284 2254 130 37 förslag
439 2254 128 39 (punkt
586 2254 27 28 G
632 2253 52 33 30,
704 2262 25 19 s.
750 2253 94 33 219),
863 2253 106 28 vilket
988 2252 146 29 innebär
1154 2251 205 30 oförändrat
1379 2251 130 38 anslag,
1529 2251 95 28 hem-

142 2307 118 29 ställer
278 2307 179 32 utskottet,

450 2379 49 26 att
516 2376 184 38 riksdagen
718 2376 55 29 må
788 2376 50 29 till
855 2374 310 30 Militärmusiken:
1183 2373 322 39 Reseersättningar
1519 2382 45 20 m.
1579 2383 44 20 m.

408 2429 53 29 för
479 2429 203 38 budgetåret
702 2428 137 32 1966/67
860 2427 117 30 anvisa
996 2430 47 27 ett
1063 2427 273 39 förslagsanslag
1354 2436 41 20 av
1414 2426 62 30 640
1491 2426 62 30 000
1572 2427 51 28 kr.

195 2519 114 28 149:0)
339 2518 313 31 Militärmusiken:
678 2518 168 30 Materiel.
886 2517 10 28 I
921 2516 149 38 enlighet
1098 2516 77 28 med
1200 2515 124 37 Kungl.
1350 2515 122 38 Maj:ts
1498 2515 129 37 förslag
