2198 2634
733 139 229 42 Lagutskottets
984 142 163 31 utlåtande
1170 143 53 31 Nr
1245 145 55 30 29.
1743 150 39 30 23

970 247 42 34 12
1042 245 34 44 8.

345 307 201 47 Angående
587 311 126 35 skälen
754 312 56 35 till
851 318 53 29 att
933 315 177 34 utskottet
1138 316 82 35 med
1249 318 244 47 avstyrkande
1521 332 44 23 av
1592 321 128 35 väckta
1747 335 75 22 mo-
1860 334 145 29 Utskottet.

210 358 120 34 tioner
358 357 86 47 följt
473 359 134 49 Kungl.
637 360 122 48 Maj:ts
786 362 139 49 förslag
954 364 166 36 hänvisas
1145 367 56 33 till
1220 367 68 35 vad
1307 380 93 23 ovan
1423 367 82 46 (sid.
1529 372 44 32 14
1593 368 57 47 ff.)
1670 371 149 36 anförts.

958 465 43 33 13
1030 463 34 44 8.

341 524 238 37 Beträffande
607 527 120 35 denna
754 528 176 48 paragraf
955 530 104 35 anför
1085 531 85 35 herr
1196 533 189 48 Bergqvist
1413 548 46 21 m.
1489 536 36 34 fl.
1554 537 11 33 i
1589 538 57 33 sin
1667 538 154 36 berörda
1838 552 81 27 Herr
1936 553 87 35 Berg-

208 575 140 34 motion
376 574 180 47 följande:
1839 586 142 61 viste
1942 582 44 69 am.
1995 588 34 34 fl.

340 625 33 35 I
405 627 43 33 13
477 624 22 45 $
527 633 121 39 säges:
679 626 165 37 ”Särskilt
876 630 140 45 åligger
1044 631 63 35 det
1133 631 383 39 barnavårdsmannen
1545 637 97 46 sörja
1669 637 67 46 för,
1765 628 220 46 att.”

206 674 172 46 åtgärder
410 675 266 49 ofördröjligen
705 678 166 47 vidtagas
899 678 56 36 för
982 680 255 38 fastställande
1265 696 44 23 av
1336 683 237 50 faderskapet
1600 706 50 4 —
1676 707 49 4 —
1743 689 73 36 —,

206 723 256 37 Motsvarande
489 732 80 30 text
588 729 12 33 i
620 728 334 48 lagberedningens
973 730 141 49 förslag
1133 733 92 35 hade
1244 747 43 22 en
1309 738 111 44 något
1439 737 200 35 avvikande
1658 739 157 48 lydelse:

206 773 165 37 "Särskilt
412 777 140 46 åligger
592 778 62 35 det
694 779 384 38 barnavårdsmannen
1120 784 99 46 sörja
1258 784 67 43 för,
1364 791 53 29 att
1445 787 176 48 lämpliga
1647 791 170 46 åtgärder

204 824 265 49 ofördröjligen
509 827 168 47 vidtagas
717 828 57 36 för
813 830 254 37 fastställande
1103 846 44 22 av
1176 834 146 36 barnets
1350 836 91 35 börd
1468 856 49 3 —
1542 857 51 4 —
1619 838 73 36 —
1747 840 70 36 För

204 875 70 35 den
302 889 44 22 av
374 876 135 47 Kungl.
537 877 106 47 Maj:t
669 879 173 47 vidtagna
869 882 204 47 ändringen
1102 883 199 49 föreligger
1319 887 112 46 ingen
1451 888 233 48 motivering.
1725 890 91 48 Lag-

204 926 102 35 rådet
345 926 68 35 har
452 928 79 34 icke
565 927 164 37 förordat
756 930 120 35 denna
902 932 167 48 ändring.
1125 933 139 36 Chefen
1294 935 56 35 för
1373 937 442 47 justitiedepartementet

203 976 65 34 har
293 976 12 34 i
334 977 274 36 vederbörande
636 980 363 48 statsrådsprotokoll
1027 984 80 35 icke
1135 984 115 36 heller
1277 985 154 36 häröver
1458 989 127 34 utlåtit
1604 990 67 47 sig,
1692 991 122 36 såvida

202 1026 78 35 icke
321 1028 154 34 motivet
515 1029 57 34 till
614 1029 203 49 ändringen
846 1032 118 36 skulle
990 1046 85 22 vara
1102 1035 201 36 inneslutet
1331 1037 55 34 uti
1414 1037 62 35 det
1503 1040 186 35 allmänna
1716 1047 97 30 utta-

202 1077 136 44 landet,
368 1083 54 30 att
451 1076 105 37 'vissa
579 1080 239 49 jämkningar
844 1083 67 34 och
944 1083 302 49 förtydliganden
1287 1100 44 22 av
1371 1088 246 37 redaktionell
1649 1096 58 30 art
1732 1092 81 35 vid-

202 1127 136 42 tagits'.
394 1128 108 36 Detta
537 1136 40 29 är
604 1130 93 36 dock
726 1130 84 49 föga
836 1134 141 46 troligt.
1031 1133 220 51 Ändringen
1280 1137 78 44 har,
1388 1142 120 32 såsom
1528 1140 61 36 det
1608 1142 64 34 vill
1692 1138 118 57 Synas,

202 1178 119 48 saklig
346 1179 194 36 innebörd.
594 1180 348 51 Lagberedningens
971 1184 139 50 förslag
1129 1187 153 35 innebar
1299 1188 181 49 tydligen,
1496 1196 55 30 att
1570 1191 241 38 barnavårds-

201 1241 158 23 mannen
402 1230 118 35 skulle
560 1234 119 32 såsom
713 1234 64 33 sitt
803 1232 117 38 första
947 1237 194 47 åliggande
1170 1237 166 37 betrakta
1362 1238 255 39 fastställande
1645 1255 43 23 av
1714 1244 97 35 vilka

201 1291 76 22 som
318 1286 62 28 äro
413 1280 146 35 barnets
588 1280 191 45 föräldrar,
809 1284 35 35 d.
873 1297 34 23 v.
936 1298 27 22 s.
992 1288 97 34 såväl
1116 1300 81 23 vem
1226 1301 77 23 som
1332 1297 40 27 är
1399 1290 148 37 barnets
1575 1293 128 35 moder
1730 1307 79 23 som

198 1341 80 23 vem
306 1341 78 23 som
415 1337 39 28 är
481 1330 82 36 dess
591 1331 116 37 fader.
760 1333 136 49 Kungl.
926 1335 124 48 Maj:ts
1078 1337 139 49 förslag
1243 1339 217 37 inskränker
1479 1341 330 39 barnavårdsman-

199 1392 90 23 nens
329 1381 196 48 åliggande
565 1382 59 35 till
661 1384 141 46 plikten
830 1391 55 29 att
913 1386 87 35 söka
1025 1387 183 36 fastställa
1234 1401 82 23 vem
1344 1403 79 22 som
1451 1398 40 28 är
1518 1392 148 37 barnets
1694 1394 113 37 fader.

334 1429 70 36 Det
442 1431 104 36 torde
586 1433 80 35 icke
706 1434 122 36 kunna
861 1443 105 40 göras
993 1438 180 47 gällande,
1202 1444 54 30 att
1284 1440 406 39 barnavårdsmannens
1718 1446 90 48 ålig-

199 1480 118 48 gande
358 1486 55 30 att
452 1486 84 44 taga
576 1482 87 36 reda
703 1487 45 45 på
786 1498 81 23 vem
909 1500 76 23 som
1013 1496 41 27 är
1080 1489 147 35 barnets
1255 1491 128 35 moder
1409 1492 109 36 redan
1548 1494 108 35 blivit
1684 1501 124 42 utsagt

197 1543 132 35 genom
358 1544 140 24 samma
525 1533 191 48 paragrafs
743 1540 101 31 strax
865 1536 99 37 förut
982 1539 127 46 gjorda
1132 1541 199 44 uttalande,
1352 1547 53 30 att
1425 1543 381 39 barnavårdsmannen

197 1582 90 35 skall
327 1581 109 37 "tillse
476 1589 54 30 att
570 1584 147 37 barnets
757 1592 71 30 rätt
868 1588 67 36 och
963 1588 102 36 bästa
1092 1590 200 48 behörigen
1320 1593 273 49 tillvaratagas'.
1647 1596 54 49 Ty
1728 1599 13 34 i
1768 1601 39 32 så

197 1631 62 36 fall
287 1632 124 37 kunde
438 1632 105 37 dessa
568 1635 66 35 ord
660 1636 136 46 jämväl
828 1638 90 36 hava
945 1645 139 30 ansetts
1111 1641 186 48 tillfyllest
1325 1649 130 42 utsäga
1481 1645 325 39 barnavårdsman-

196 1695 90 23 nens
326 1684 197 48 åliggande
562 1691 56 30 att
652 1690 83 44 taga
762 1688 86 35 reda
875 1693 47 44 på
948 1703 80 22 vem
1056 1704 81 22 som
1165 1699 41 28 är
1234 1693 147 36 barnets
1409 1694 113 37 fader.
1577 1696 111 37 Detta
1715 1700 91 47 ålig-

197 1733 118 47 gande
356 1734 67 35 har
450 1735 93 36 dock
571 1735 194 38 befunnits
792 1739 90 36 böra
910 1742 250 47 uttryckligen
1188 1750 163 29 nämnas.
1407 1745 82 36 Men
1517 1746 46 36 då
1591 1747 120 49 dylikt
1728 1763 77 22 om-

195 1784 208 36 nämnande
443 1786 79 35 icke
562 1787 97 35 skett
699 1790 187 44 angående
927 1793 112 46 något
1079 1792 404 39 barnavårdsmannens
1524 1798 197 48 åliggande
1752 1805 53 31 att

195 1839 84 43 taga
318 1835 88 35 reda
447 1839 46 44 på
524 1836 151 37 barnets
703 1839 136 45 moder,
869 1844 39 32 så
934 1842 105 35 torde
1066 1843 71 35 den
1165 1851 185 30 närmaste
1378 1846 219 48 slutföljden
1625 1862 96 31 vara,
1750 1856 55 30 att

194 1885 78 35 icke
299 1889 121 44 någon
448 1888 103 45 plikt,
580 1888 138 36 kanske
744 1890 79 36 icke
852 1904 64 22 ens
944 1895 123 45 någon
1095 1893 221 50 befogenhet
1343 1895 57 37 för
1418 1897 385 40 barnavårdsmannen

194 1935 116 36 finnes
337 1941 55 31 att
419 1938 88 34 söka
533 1937 192 47 fastställa,
753 1953 82 23 vem
864 1955 78 22 som
970 1950 40 28 är
1037 1944 149 36 barnets
1214 1947 136 35 moder.

328 1986 70 37 Det
438 1987 105 36 torde
582 1990 81 35 icke
703 1991 112 36 heller
854 1992 124 36 kunna
1004 2001 107 40 göras
1138 1996 182 47 gällande,
1349 2003 54 30 att
1430 1999 153 36 modern
1611 2001 58 35 till
1697 2002 103 45 barn,

193 2049 76 24 som
311 2037 104 36 födes
454 2044 103 30 utom
587 2040 212 49 äktenskap,
830 2043 121 36 städse
979 2045 166 36 kommer
1172 2052 53 30 att
1251 2060 85 23 vara
1363 2049 107 44 känd,
1499 2050 123 36 därest
1649 2053 153 36 allenast

192 2088 127 48 kungl.
348 2088 126 36 brevet
501 2102 43 22 av
571 2090 70 35 den
673 2093 43 34 17
745 2093 156 36 oktober
931 2096 92 34 1778
1044 2096 73 35 blir
1136 2097 172 48 upphävt,
1328 2102 119 33 såsom
1467 2101 11 34 i
1499 2100 192 50 förslagets
1712 2106 44 33 35
1777 2102 23 44 $

191 2137 161 39 föreslås.
406 2139 130 48 Någon
564 2142 211 48 ovillkorlig
801 2145 95 46 plikt
923 2144 58 37 för
1007 2146 119 36 henne
1153 2156 54 27 att
1233 2149 92 47 själv
1351 2151 117 45 enligt
1497 2150 194 51 förslagets
1712 2156 44 33 14
1776 2153 23 45 $

192 2190 143 35 anmäla
376 2191 57 47 sig
473 2190 66 36 hos
581 2192 366 39 barnavårdsnämnd
986 2196 118 37 finnes
1144 2199 88 35 icke.
1289 2199 68 37 Det
1388 2204 74 32 står
1490 2202 119 36 henne
1638 2203 81 37 fritt
1746 2209 54 32 att
