2192 2624
422 143 40 30 96
887 137 241 40 Lagutskottets
1149 135 173 31 utlåtande
1345 135 52 31 Nr
1419 135 54 31 29.

383 229 201 47 anledning
622 229 57 34 till
720 228 110 34 tvivel
870 225 188 48 angående
1098 223 234 47 faderskapet
1363 224 12 34 i
1403 223 46 35 de
1477 221 75 43 fall,
1581 221 45 35 då
1654 220 130 37 fadern
1813 221 183 35 erkänner

383 280 243 46 faderskapet.

517 328 108 37 Även
666 327 158 36 frånsett
864 325 132 49 frågan
1037 337 57 23 om
1135 328 170 39 arvsrätt,
1346 324 73 34 tala
1447 323 121 35 starka
1594 322 77 34 skäl
1701 320 59 36 för
1787 322 207 36 åstadkom-

385 380 132 36 mande
549 392 43 22 av
627 391 45 23 en
698 380 14 33 i
739 378 209 46 möjligaste
976 379 86 32 mån
1089 373 222 48 fullständig
1337 372 429 49 faderskapsutredning.
1818 372 71 47 Jag
1915 372 79 35 till-

385 433 93 34 låter
505 432 76 45 mig
607 430 12 33 i
647 429 62 35 det
736 427 175 36 avseende
939 429 97 46 ånyo
1063 427 113 34 citera
1204 428 115 43 några
1345 423 108 35 rader
1480 436 42 22 av
1549 422 69 36 den
1647 421 260 36 förutnämnde
1936 435 59 22 re-

385 486 193 31 servanten
604 480 101 34 inom
733 477 328 49 lagberedningen:

519 530 86 36 >»Om
645 530 110 35 också
795 528 159 35 domstol
986 527 66 35 bör
1079 526 125 35 kunna
1231 526 130 46 ålägga
1387 524 72 35 den
1488 524 186 47 uppgivne
1704 522 128 35 fadern
1859 523 136 35 ekono-

385 582 117 35 miska
542 580 251 47 förpliktelser
832 582 46 44 på
917 577 124 48 grund
1070 589 43 23 av
1141 576 71 35 den
1242 576 182 47 möjlighet
1450 574 57 35 till
1536 573 205 47 faderskap,
1770 585 75 22 som
1874 574 122 46 styrkt

385 632 140 47 samlag
560 630 83 36 med
675 629 153 36 modern
856 628 120 36 under
1002 625 346 49 konceptionstiden
1375 625 165 43 innebär,
1568 623 209 36 oberoende
1804 622 109 35 därav
1942 628 57 30 att

383 691 90 27 även
515 694 121 22 annan
668 693 86 22 man
783 679 118 36 under
928 678 121 36 denna
1074 677 54 35 tid
1155 675 84 36 haft
1266 677 139 45 samlag
1432 675 85 35 med
1545 674 127 43 henne,
1703 680 41 29 är
1771 673 60 35 det
1857 680 138 40 näppe-

383 735 102 45 ligen
518 733 208 46 berättigat,
760 736 53 30 att
841 729 204 36 domstolen
1072 728 92 35 skall
1193 730 46 45 på
1267 726 110 36 sådan
1404 725 122 46 grund
1555 724 193 43 fastställa,
1778 729 51 29 att
1855 724 71 34 han
1955 730 41 28 är

383 784 150 35 barnets
568 781 114 36 fader.
738 781 68 35 Det
834 788 38 27 är
898 781 81 34 icke
1006 783 111 44 ägnat
1144 783 53 30 att
1225 778 69 34 öka
1321 777 201 46 aktningen
1551 774 57 36 för
1633 776 111 46 lagen
1772 775 87 34 eller
1886 774 110 35 käns-

383 836 61 33 lan
473 833 58 36 för
558 832 249 46 faderskapets
835 843 141 31 ansvar,
1005 834 54 30 att
1086 841 45 23 en
1159 841 86 22 man
1273 827 71 35 kan
1372 840 43 22 av
1443 827 160 34 domstol
1632 824 177 36 förklaras
1837 823 58 36 för
1912 824 85 35 bar-

384 889 81 31 nets
507 883 114 42 fader,
663 883 117 35 ehuru
822 881 120 35 kända
983 879 319 46 omständigheter
1333 884 89 41 göra
1455 876 63 35 det
1544 877 102 46 långt
1674 888 101 22 mera
1801 875 195 42 sannolikt,

384 940 54 30 att
465 947 46 22 en
539 946 118 22 annan
685 940 41 27 är
753 931 155 36 fadern.>

520 983 84 36 Men
646 983 71 35 den
758 983 221 46 tankegång,
1021 985 231 30 reservanten
1285 980 100 33 inom
1414 976 313 49 lagberedningen
1756 975 151 36 sålunda
1937 980 60 30 ut-

386 1036 154 41 vecklat,
582 1046 108 36 synes
730 1033 72 35 han
842 1033 79 34 icke
962 1032 94 46 själv
1086 1031 94 35 hava
1208 1028 161 47 fullföljt
1396 1028 12 35 i
1437 1028 81 35 dess
1545 1028 277 41 konsekvenser,
1850 1025 46 35 då
1924 1025 73 35 han

385 1086 165 43 föreslår,
590 1089 54 30 att
684 1082 59 37 för
774 1083 62 35 det
864 1082 65 36 fall
958 1086 53 31 att
1037 1082 87 34 flere
1152 1087 86 28 män
1265 1078 80 36 haft
1373 1085 184 41 umgänge
1584 1077 81 35 med
1697 1077 152 34 modern
1877 1075 121 35 under

386 1134 359 48 konceptionstiden,
787 1134 111 34 likväl
940 1132 127 36 endast
1107 1144 44 22 en
1192 1144 44 21 av
1277 1130 104 35 dessa
1408 1129 94 35 skall
1530 1128 146 35 ådömas
1706 1126 207 49 skyldighet
1941 1131 55 30 att

384 1186 215 36 underhålla
630 1185 142 35 barnet.
805 1183 46 37 Så
881 1184 70 34 vitt
974 1183 66 47 jag
1066 1183 69 34 kan
1163 1194 49 30 se,
1241 1181 119 34 skulle
1387 1179 71 36 den
1485 1178 219 36 förebråelse
1732 1190 59 22 om
1819 1176 177 48 godtyck-

388 1237 127 48 lighet,
558 1248 76 22 som
675 1234 85 36 med
792 1239 95 30 rätta
913 1234 114 34 riktas
1056 1237 75 30 mot
1159 1232 71 34 den
1258 1230 224 42 nuvarande,
1511 1242 44 22 av
1581 1229 181 35 utskottet
1787 1228 210 35 bibehållna

387 1287 207 47 ordningen
621 1289 47 45 på
695 1285 102 36 detta
824 1284 161 43 område,
1012 1285 14 33 i
1052 1283 72 35 viss
1152 1285 86 32 mån
1266 1288 91 28 även
1384 1279 111 36 träffa
1521 1280 60 34 det
1600 1292 43 22 av
1662 1278 334 48 lagberedningens

386 1341 190 32 reservant
616 1335 155 36 sålunda
811 1334 232 37 framställda
1073 1333 187 47 förslaget.
1313 1331 77 35 Vill
1417 1343 84 22 man
1529 1330 190 47 verkligen
1747 1328 251 35 åstadkomma

387 1402 45 22 en
465 1387 222 47 fullständig
719 1384 417 49 faderskapsutredning
1168 1383 68 35 och
1264 1383 64 34 vill
1356 1394 85 22 man
1470 1380 142 48 grunda
1640 1379 358 47 underhållsplikten

387 1442 47 45 på
464 1439 192 34 resultatet
687 1449 43 23 av
762 1436 223 43 densamma,
1018 1447 107 36 synes
1152 1433 62 35 det
1242 1434 31 46 ej
1303 1445 85 22 vara
1415 1431 225 47 följdriktigt
1667 1435 54 30 att
1749 1442 43 22 av
1819 1429 85 35 flere
1931 1441 67 22 no-

387 1489 139 35 toriska
553 1487 294 36 konkumbenter
873 1485 179 48 slumpvis
1079 1489 127 42 uttaga
1234 1496 44 22 en
1307 1483 67 35 och
1400 1483 109 46 lägga
1535 1482 80 34 hela
1642 1480 356 47 underhållsplikten

388 1543 47 44 på
465 1540 148 34 honom.
667 1538 191 45 Riktigare
885 1536 105 35 torde
1016 1548 94 29 vara,
1139 1540 53 30 att
1220 1533 47 36 då
1292 1534 86 34 flere
1405 1532 295 35 konkumbenter
1728 1531 128 42 finnas,
1884 1531 112 46 ingen

387 1603 43 22 av
470 1589 84 35 dem
593 1588 181 35 förklaras
816 1590 117 32 såsom
965 1585 105 36 fader
1100 1586 90 34 eller
1217 1597 63 22 ens
1308 1583 147 47 »möjlig
1481 1582 130 44 fader»,
1641 1594 85 22 men
1754 1582 70 34 alla
1849 1581 149 46 åläggas

390 1645 53 30 att
470 1640 121 35 betala
619 1638 132 48 bidrag
777 1639 58 34 till
862 1637 129 35 barnet
1018 1654 49 5 —
1093 1636 122 35 vilken
1244 1634 212 49 skyldighet
1485 1633 44 35 de
1556 1636 46 44 på
1627 1631 125 48 grund
1778 1644 43 22 av
1840 1632 65 34 sitt
1924 1630 75 35 för-

387 1690 172 36 hållande
599 1692 115 32 måste
746 1701 104 22 anses
879 1695 166 27 närmare
1072 1691 55 30 att
1153 1685 124 35 ikläda
1303 1685 55 47 sig
1385 1691 46 28 än
1455 1683 114 35 andra
1596 1682 279 48 skattskyldiga.
1930 1681 69 35 Be-

388 1740 182 36 träffande
597 1737 373 38 underhållsbördans
997 1736 212 47 fördelning
1236 1736 13 33 i
1276 1735 119 49 dylikt
1422 1733 66 36 fall
1516 1734 123 34 kunna
1662 1734 46 46 ju
1736 1733 87 34 flera
1850 1732 149 46 möjlig-

389 1792 104 34 heter
533 1791 139 35 tänkas.
727 1789 114 35 Minst
880 1788 149 47 obilligt
1068 1786 104 36 torde
1212 1799 85 22 vara
1336 1790 53 30 att
1421 1785 76 35 låta
1524 1783 343 36 konkumbenterna
1893 1794 107 23 svara

389 1841 125 36 därför
544 1841 12 35 i
589 1839 116 37 första
735 1839 99 36 hand
861 1851 64 35 pro
953 1843 79 30 rata
1059 1842 112 43 parte,
1201 1849 84 22 men
1313 1835 201 36 subsidiärt
1542 1834 222 43 solidariskt,
1792 1834 64 34 allt
1882 1833 13 34 i
1924 1831 76 36 för-

393 1891 172 37 hållande
592 1892 58 34 till
679 1890 104 35 deras
811 1889 237 35 ekonomiska
1074 1888 143 35 villkor.

523 1942 70 35 Det
621 1941 199 47 medgives,
837 1944 52 31 att
917 1940 12 34 i
957 1939 67 35 allt
1053 1937 63 36 fall
1144 1937 72 36 den
1243 1950 52 22 nu
1323 1935 201 36 skisserade
1547 1934 264 47 anordningen,
1836 1946 77 23 som
1933 1933 68 35 har

389 1993 58 35 sin
481 1991 266 48 motsvarighet
776 1991 59 34 till
866 1988 95 37 fullo
990 1990 12 34 i
1030 1988 114 36 dansk
1172 1988 68 35 och
1269 1987 115 35 delvis
1412 1987 10 34 i
1451 1986 110 35 norsk
1589 1984 246 47 lagstiftning,
1863 1985 12 33 i
1901 1983 99 35 vissa

392 2043 207 36 avseenden
640 2041 174 36 framstår
841 2044 118 32 såsom
988 2039 141 35 mindre
1156 2037 218 36 tilltalande.
1428 2036 85 36 Men
1541 2036 98 35 detta
1666 2036 111 34 beror
1802 2034 158 47 givetvis
1988 2035 11 33 i

391 2094 154 35 främsta
571 2097 160 30 rummet
759 2095 46 44 på
832 2089 299 37 beskaffenheten
1159 2101 45 23 av
1233 2088 45 35 de
1305 2087 267 43 förhållanden,
1600 2099 78 22 som
1708 2085 63 35 det
1797 2085 63 35 här
1883 2084 118 48 gäller

391 2149 55 30 att
487 2143 105 36 stifta
630 2144 60 45 lag
723 2141 68 36 för.
845 2141 70 35 För
941 2141 121 47 övrigt
1089 2139 57 36 får
1173 2152 85 22 man
1285 2139 58 34 väl
1370 2138 152 47 hoppas,
1551 2142 51 30 att
1628 2135 281 49 ifrågavarande
1937 2134 64 35 be-
