1890 2830
288 130 40 30 82
543 134 436 30 Konstitutionsutskottets
1004 133 180 30 memorial
1208 133 50 30 Nr
1282 133 52 30 34.
1381 131 166 38 (Bilaga.)

296 219 153 31 direktör
470 219 128 30 Dahlin
621 219 11 30 i
653 219 208 30 Värmlands
884 218 168 31 Enskilda
1075 218 98 30 Bank
1198 219 100 35 utgör
1319 221 48 27 ett
1390 217 140 31 stående
1552 217 58 30 lån
1633 218 66 30 och
1724 226 75 22 som

296 263 160 30 säkerhet
476 262 55 31 för
550 262 91 30 detta
662 262 64 30 har
747 263 149 28 lämnats
918 261 369 37 förlagsinteckningar
1308 261 127 29 kronor
1456 261 150 34 200,000.

341 304 252 37 Låneaccepter
616 304 176 37 uppgingo
815 304 58 31 vid
897 305 140 29 besöket
1060 303 52 31 till
1137 304 129 30 kronor
1292 304 129 35 30,000.
1471 303 165 30 Säkerhet
1659 312 139 27 person-

295 347 130 36 borgen
445 346 184 32 Wästlund
650 348 65 29 och
739 347 180 36 Bergman.

341 389 73 31 Lån
438 393 73 27 mot
534 390 129 36 borgen
686 390 130 30 kronor
840 390 126 35 10,000,
991 388 140 31 stående
1153 388 57 31 lån
1236 389 79 30 med
1339 389 129 36 borgen
1493 398 42 20 av
1559 388 241 37 byggmästare

296 431 194 32 Wästlund.

340 474 427 32 Ansvarsförbindelserna
793 474 242 31 diskonterade
1059 474 218 30 kundväxlar
1300 472 175 38 uppgingo
1502 472 57 32 vid
1584 473 140 31 besöket
1750 472 50 31 till

296 517 128 30 kronor
446 518 118 35 88,475
585 520 72 27 mot
677 518 131 29 kronor
830 517 137 35 125,000
988 517 57 30 vid
1067 516 307 37 bolagsbildandet.

342 560 66 31 För
430 560 368 36 diskonteringsrätten
820 560 64 29 har
906 559 37 30 V.
965 560 38 30 E.
1027 559 37 31 B.
1088 559 102 36 ingen
1213 559 170 35 säkerhet,
1406 561 84 28 utan
1513 560 126 35 prövar
1662 558 137 31 banken

296 603 138 36 mycket
471 611 91 28 noga
600 602 94 37 varje
733 602 140 31 särskilt
911 611 141 27 papper.
1105 601 425 31 Ansvarsförbindelserna
1557 601 97 31 torde
1682 601 117 30 därför

296 645 175 36 knappast
491 645 166 30 innebära
677 644 106 37 något
804 645 184 30 nämnvärt
1008 644 237 31 riskmoment.

341 687 63 31 Det
425 696 124 28 genom
571 687 414 37 aktiebolagsbildningen
1006 687 146 30 kontant
1171 686 153 31 tillförda
1347 686 166 37 kapitalet
1533 687 96 30 torde
1649 696 47 20 nu
1718 695 82 21 vara

296 732 129 28 använt
440 730 52 30 till
509 731 105 35 löner,
631 730 236 36 råvaruinköp
884 740 45 20 m.
947 739 45 20 m.
1012 730 66 30 och
1096 731 37 30 är
1152 730 54 30 för
1223 729 112 36 övrigt
1353 729 137 30 alldeles
1508 729 220 36 otillräckligt
1746 728 53 31 för

296 776 49 27 att
366 773 95 30 driva
483 773 151 30 rörelsen
654 772 10 31 i
684 772 274 31 hittillsvarande
979 772 217 36 omfattning.
1220 771 101 31 Detta
1341 771 219 37 möjliggöres
1580 772 122 30 endast
1723 771 76 30 där-

296 816 137 36 igenom
460 819 49 27 att
537 816 152 35 bolagets
718 815 226 30 ekonomiska
974 815 226 36 stöttepelare,
1231 815 241 36 byggmästare
1499 814 195 38 Wästlund,
1725 823 75 21 som

296 867 125 27 genom
446 858 53 30 sin
524 857 265 37 aktieteckning,
817 858 61 29 150
903 857 109 30 aktier
1036 860 90 27 samt
1150 857 139 31 stående
1315 857 58 30 lån
1400 858 116 35 10,000
1541 858 128 29 kronor
1694 857 107 30 redan

297 902 110 29 starkt
428 904 183 33 engagerat
634 900 49 37 sig
703 901 14 29 i
741 900 176 36 företaget,
941 899 190 32 bisträcker
1156 900 193 30 detsamma
1373 901 78 29 med
1475 899 169 37 tillfälliga
1669 899 57 30 lån
1749 899 52 30 till

295 944 131 35 ganska
446 946 93 27 stora
558 943 124 36 belopp
703 942 58 31 vid
780 942 227 31 förefallande
1023 942 121 30 behov.
1189 942 154 31 Sålunda
1361 942 112 31 finnes
1493 942 54 31 för
1583 942 216 31 närvarande

296 986 199 30 låneväxlar
521 985 54 31 för
604 986 118 34 30,000
751 986 129 29 kronor
909 985 64 30 och
1001 985 165 37 tillfälligt
1193 984 58 31 lån
1281 986 97 34 9,675
1406 986 128 29 kronor
1563 986 78 30 med
1670 985 127 36 borgen

296 1038 43 21 av
358 1028 54 30 W.

341 1070 200 30 Emellertid
565 1070 64 30 har
653 1070 267 36 byggmästaren
944 1069 53 30 W.
1023 1077 87 29 egna
1135 1070 280 30 vittomfattande
1441 1070 131 30 affärer
1600 1078 122 29 genom
1748 1070 53 30 sin

296 1112 291 37 sågverksrörelse
606 1112 66 30 och
691 1112 401 36 byggnadsverksamhet
1114 1112 80 30 med
1213 1121 53 27 en,
1288 1112 105 37 enligt
1412 1112 138 37 uppgift
1572 1122 42 21 av
1635 1112 52 30 W.
1712 1121 89 21 sam-

295 1155 163 36 manlagd
474 1154 270 37 årsomsättning
762 1153 45 37 på
826 1155 169 34 1,000,000
1012 1155 130 29 kronor
1157 1155 65 29 och
1239 1155 56 29 det
1313 1156 37 28 är
1366 1154 38 37 ju
1421 1156 91 29 klart
1528 1157 49 28 att
1595 1155 99 30 dessa
1711 1155 89 29 affä-

297 1206 54 21 rer
368 1197 10 30 i
394 1197 109 30 första
519 1199 149 28 rummet
684 1199 35 27 ta
736 1197 89 29 hans
842 1196 150 35 intresse,
1010 1196 51 30 tid
1078 1197 66 29 och
1163 1196 132 37 kapital
1313 1197 10 29 i
1341 1196 162 37 anspråk.
1534 1197 67 30 För
1619 1197 53 30 W.
1691 1196 110 31 måste

296 1239 310 30 stråhattfabriken
633 1239 142 29 komma
803 1239 10 28 i
839 1238 109 30 andra
972 1241 150 27 rummet
1149 1240 66 28 och
1241 1239 67 29 den
1336 1239 67 37 dag
1430 1240 71 29 han
1527 1239 31 37 ej
1588 1240 116 36 längre
1730 1240 70 29 kan

295 1282 84 29 eller
402 1281 64 30 har
492 1281 68 30 lust
585 1283 49 27 att
658 1279 114 37 stödja
797 1280 212 35 densamma,
1036 1281 157 29 kommer
1217 1281 69 30 den
1311 1284 49 27 att
1385 1282 111 30 ramla
1522 1281 11 30 i
1559 1282 85 30 brist
1669 1280 44 38 på
1739 1281 60 30 ka-

296 1323 95 37 pital.
439 1323 68 30 För
532 1325 49 27 att
607 1322 203 30 säkerställa
836 1323 153 35 bolagets
1016 1322 147 30 existens
1189 1322 109 31 måste
1325 1323 100 31 alltså
1451 1324 102 30 friskt
1578 1324 132 36 kapital
1734 1324 66 29 till-

295 1365 96 30 föras
413 1365 65 30 och
498 1364 79 30 med
597 1364 140 37 ledning
756 1373 44 21 av
821 1364 41 30 de
883 1364 57 30 vid
959 1364 73 30 min
1053 1367 134 28 senaste
1208 1366 262 37 undersökning
1489 1366 202 30 inhämtade
1713 1375 86 27 upp-

296 1407 148 36 gifterna
464 1407 88 29 skall
572 1405 58 38 jag
650 1406 142 30 försöka
812 1406 154 30 beräkna
987 1407 172 30 storleken
1181 1416 43 21 av
1246 1407 103 30 detta.

340 1448 67 30 För
427 1448 257 30 fabrikationen
707 1447 109 31 måste
838 1449 97 30 alltid
954 1448 112 31 hållas

294 1501 47 28 ett
367 1499 164 30 konstant
556 1499 181 35 varulager
764 1508 699 22 AV...................s..sseosss
1410 1495 58 43 ror
1495 1501 130 30 kronor
1651 1501 138 35 100,000

295 1541 279 37 säsonginköpen
599 1550 59 27 per
682 1540 39 31 år
744 1540 118 38 uppgå
887 1541 51 30 till.
947 1565 516 8 ..................s..s...
1553 1553 12 16 »
1651 1543 139 36 140,000

295 1583 229 35 Arbetslöner,
550 1583 76 30 tim-
652 1584 66 29 och
742 1584 131 29 ackord
904 1607 559 8 ................ss.ss.o
1414 1579 52 43 sor
1553 1596 13 15 »
1651 1586 139 34 160,000

1489 1644 135 31 Kronor
1648 1645 152 35 400,000.

341 1719 321 42 Årsomsättningen
685 1724 174 31 beräknas
883 1724 43 31 då
950 1725 50 30 till
1025 1726 129 30 kronor
1180 1726 153 36 600,000.

341 1767 159 36 Tidigare
520 1767 64 29 har
606 1767 66 30 den
693 1767 90 30 varit
805 1775 91 28 uppe
917 1768 10 29 i
948 1768 142 35 800,000
1112 1768 139 36 kronor,
1274 1778 81 21 men
1374 1779 42 20 en
1438 1771 94 29 stark
1554 1771 184 37 utgallring
1759 1780 43 21 av

296 1810 68 29 den
391 1817 141 29 svagare
556 1809 238 30 kundkretsen
819 1810 38 29 är
882 1810 207 37 nödvändig,
1116 1813 37 34 ty
1179 1810 74 31 förr
1279 1810 94 32 sålde
1399 1821 83 21 man
1507 1815 85 28 utan
1618 1816 48 27 att
1694 1814 108 36 pröva

295 1851 200 30 kundernas
528 1851 354 37 betalningsförmåga
904 1852 65 30 och
992 1851 134 37 följden
1147 1853 77 30 blev
1247 1856 50 27 att
1319 1854 209 31 förlusterna
1552 1854 44 37 på
1619 1856 182 29 kunderna

294 1892 96 37 varje
406 1892 39 31 år
462 1893 175 36 uppgingo
654 1894 51 29 till
722 1894 11 29 i
752 1894 206 36 genomsnitt
978 1895 118 35 50,000
1115 1895 129 30 kronor
1264 1896 66 29 och
1348 1896 93 31 detta
1461 1897 174 36 pumpade
1655 1897 38 31 så
1711 1897 88 31 små-

297 1935 142 38 ningom
456 1938 38 28 ut
509 1936 67 30 den
593 1936 74 30 förr
681 1935 38 31 så
736 1936 124 30 stabila
875 1937 138 30 firman.
1032 1937 54 30 Nu
1103 1938 122 29 ämnar
1240 1947 83 21 man
1339 1937 42 37 gå
1394 1938 92 30 fram
1499 1940 80 29 med
1592 1940 124 30 största
1728 1940 70 30 för-

295 1978 162 37 siktighet
474 1978 58 30 vid
548 1977 251 38 försäljningen
817 1979 65 30 och
899 1980 173 29 beräknar
1090 1989 43 20 en
1151 1979 270 38 årsomsättning
1439 1981 45 37 på
1502 1983 141 34 600,000
1661 1983 140 30 kronor.

295 2020 65 30 Det
379 2028 157 29 uppgavs
555 2020 55 30 för
628 2020 70 37 mig
716 2024 50 26 att
785 2021 148 30 flertalet
952 2022 135 30 kunder
1105 2023 133 29 betalar
1256 2022 46 37 på
1320 2023 20 29 6
1360 2022 91 31 mån.
1471 2024 126 31 liksom
1619 2034 82 21 man
1720 2026 79 29 ock-

295 2061 38 31 så
356 2063 129 29 räknar
511 2062 78 30 med
612 2062 58 31 två
697 2064 199 36 »säsonger»
926 2064 66 29 och
1016 2064 81 30 med
1120 2064 141 37 ledning
1285 2074 43 21 av
1352 2065 42 30 de
1419 2066 101 36 givna
1545 2067 90 30 fasta
1661 2068 138 30 kostna-

294 2104 108 30 derna
422 2105 63 29 bör
505 2114 82 21 man
608 2104 44 31 då
672 2105 112 30 räkna
807 2106 78 30 med
906 2108 45 28 ett
972 2108 74 35 eget
1067 2106 132 37 kapital
1220 2116 43 20 av
1285 2107 104 31 minst
1413 2109 139 35 125,000
1574 2109 129 30 kronor
1725 2119 75 21 som

293 2146 218 37 erforderligt
529 2147 141 36 kapital.
713 2147 83 30 Som
815 2156 90 22 ovan
923 2149 139 30 nämnts
1082 2149 38 30 är
1140 2148 101 31 alltså
1259 2149 57 30 det
1336 2157 87 29 egna
1441 2151 166 36 kapitalet
1627 2152 172 30 otillräck-

294 2188 60 36 ligt
374 2188 55 30 för
450 2191 49 27 att
521 2189 96 30 driva
637 2190 153 29 rörelsen
810 2191 65 29 och
896 2191 86 29 även
1002 2190 179 31 tillskottet
1201 2200 43 21 av
1265 2192 57 29 det
1341 2192 151 36 begärda
1513 2192 187 38 statslånet,
1722 2195 78 29 kro-

295 2240 65 21 nor
380 2231 120 35 40,000
522 2231 110 31 skulle
652 2231 32 38 ej
708 2232 108 30 räcka
836 2232 51 30 till
908 2235 49 28 att
978 2235 121 34 trygga
1120 2233 155 37 bolagets
1298 2233 166 31 framtida
1485 2235 157 31 existens.
1687 2236 109 38 Bygg-

293 2274 150 29 mästare
464 2273 54 30 W.
539 2274 146 36 medgav
703 2273 105 31 också
831 2275 101 35 detta,
952 2284 80 21 men
1051 2277 39 28 är
1108 2275 149 36 alltjämt
1276 2276 94 37 villig
1388 2280 48 27 att
1456 2277 45 37 på
1520 2278 60 30 allt
1599 2280 66 28 sätt
1686 2279 114 36 stödja

293 2315 146 36 bolaget.
487 2315 131 30 Genom
643 2316 56 30 det
721 2315 215 38 långfristiga
959 2317 178 30 statslånet
1161 2318 111 30 skulle
1296 2318 54 30 W.
1374 2319 36 30 få
1432 2329 42 20 en
1497 2321 133 30 lättnad
1652 2321 10 30 i
1685 2321 113 30 finan-

294 2356 171 37 sieringen
491 2367 42 20 av
558 2358 153 36 bolagets
739 2358 142 36 affärer,
908 2358 37 31 så
970 2362 49 27 att
1043 2360 71 29 han
1139 2359 30 37 ej
1197 2361 158 30 behövde
1379 2362 155 36 begagna
1560 2363 52 37 sig
1636 2372 42 21 av
1704 2364 93 29 kort-

293 2398 135 37 fristiga
450 2399 155 31 banklån
629 2400 11 29 i
663 2399 38 31 så
726 2403 70 27 stor
821 2401 249 37 utsträckning,
1095 2403 65 29 och
1184 2403 105 35 enligt
1314 2403 76 30 mitt
1414 2404 227 31 förmenande
1666 2406 38 29 är
1727 2406 71 29 han

292 2440 107 30 också
417 2442 85 29 värd
522 2441 114 31 denna
656 2443 144 35 lättnad,
820 2446 38 34 ty
880 2443 51 30 W.
952 2444 64 29 har
1036 2444 175 36 knappast
1231 2444 90 37 gjort
1343 2445 99 31 dessa
1463 2447 226 30 ekonomiska
1712 2456 85 28 upp-
