1908 2828
278 134 38 30 10
665 140 435 33 Konstitutionsutskottets
1124 145 181 30 memorial
1328 146 49 30 Nr
1397 148 49 29 34.

280 222 55 30 det
364 223 262 37 sammanlagda
654 224 276 33 invånarantalet
959 227 11 30 i
1001 228 41 30 de
1070 227 55 32 för
1153 229 258 38 undersökning
1441 231 151 31 avsedda
1623 232 159 31 kommu-

279 282 108 21 nerna
416 274 140 31 komme
584 278 50 28 att
661 276 116 37 uppgå
804 277 51 30 till
884 278 158 37 omkring
1072 288 43 21 en
1145 279 160 32 femtedel
1335 290 42 21 av
1407 281 133 31 landets
1570 282 211 38 befolkning,

278 325 236 35 nyssnämnda
540 327 203 30 storstäders
768 327 202 38 befolkning
996 329 30 37 ej
1053 330 226 31 medräknad.
1326 332 282 37 Folkräkningen
1633 333 11 31 i
1670 334 112 30 denna

279 374 54 30 del
357 375 110 31 skulle
491 386 82 21 vara
599 377 138 31 särskilt
760 378 152 31 inriktad
935 379 45 36 på
1004 380 152 37 familjer
1181 381 80 31 eller
1285 382 300 37 familjeliknande
1610 384 170 31 hushålls-

278 424 160 38 förband,
460 426 46 36 på
528 427 134 31 barnen
683 429 66 30 och
774 429 100 31 deras
899 429 96 37 miljö
1018 435 91 27 samt
1131 432 45 36 på
1199 431 218 33 föräldrarna
1440 435 65 29 och
1530 435 99 30 deras
1654 435 128 30 sociala

278 479 89 27 samt
386 477 228 32 ekonomiska
634 479 133 30 villkor.
790 480 226 36 Uppgifterna
1038 482 111 31 skulle
1170 483 173 31 inhämtas
1366 492 123 28 genom
1510 485 171 31 särskilda
1702 486 78 30 hus-

277 527 166 31 besökare
462 529 108 30 under
591 530 105 30 besök
715 530 12 30 i
744 531 162 31 hemmen
927 536 88 27 samt
1035 533 194 31 sedermera
1248 535 246 36 kompletteras
1514 537 79 30 med
1613 536 167 31 inkomst-

276 578 66 29 och
372 578 440 40 förmögenhetsuppgifter,
842 583 161 31 hämtade
1031 593 41 21 ur
1101 584 367 33 skattedeklarationer
1498 587 64 30 och
1593 587 186 37 taxerings-

276 629 151 36 längder.
448 649 44 3 —
513 630 64 31 Det
598 631 180 32 framhölls
798 632 11 31 i
829 634 268 37 propositionen,
1120 638 49 28 att
1191 635 112 38 slutlig
1326 636 161 38 ställning
1508 637 52 31 till
1579 637 123 37 frågan
1723 647 57 22 om

277 680 100 30 sättet
405 680 54 32 för
487 681 284 38 folkräkningens
800 684 225 32 anordnande
1053 686 107 31 borde
1190 689 94 34 tagas
1311 687 87 31 först
1425 688 84 32 efter
1538 690 162 30 närmare
1729 692 49 27 ut-

274 730 154 37 redning.
475 732 112 31 Sedan
610 733 95 37 dylik
725 734 183 38 utredning
929 735 165 38 slutförts,
1115 736 107 32 borde
1243 738 56 30 det
1321 738 36 30 få
1377 739 190 30 ankomma
1588 739 46 37 på
1656 739 122 38 Kungl.

274 780 103 38 Maj:t
401 785 48 28 att
473 782 169 32 fastställa
666 784 83 36 plan
773 785 54 31 för
850 786 319 37 undersökningens
1192 788 219 31 bedrivande.
1458 789 50 31 På
1531 790 122 37 Kungl.
1678 790 102 38 Maj:t

273 832 112 31 skulle
406 833 130 37 jämväl
560 835 190 31 ankomma
774 839 49 27 att
847 836 137 32 utfärda
1005 838 225 37 erforderliga
1253 838 214 32 föreskrifter
1489 841 149 31 rörande
1662 841 117 37 övriga

274 883 78 30 med
379 884 270 38 folkräkningen
676 887 343 37 sammanhängande
1046 888 125 37 frågor.

317 934 265 37 Propositionen
605 936 116 31 bifölls
743 947 44 21 av
810 938 183 37 riksdagen
1015 939 46 37 på
1083 941 208 31 hemställan
1314 950 42 21 av
1379 942 260 31 statsutskottet.
1688 943 14 30 I
1727 943 52 30 sin

274 984 163 32 skrivelse
459 986 66 30 den
550 988 38 28 14
609 987 76 37 juni
709 989 81 30 1935
815 985 54 40 (nr
890 987 91 39 351),
1003 990 72 31 vari
1097 990 184 38 riksdagen
1302 993 172 35 anmälde,
1496 996 48 27 att
1566 994 42 30 de
1628 994 151 35 begärda

273 1035 164 37 anslagen
459 1037 163 37 anvisats,
646 1038 146 32 anförde
816 1039 183 38 riksdagen
1024 1040 167 38 följande:
1244 1043 135 30 »Under
1404 1043 208 38 hänvisning
1638 1044 51 31 till
1713 1045 65 30 den

273 1095 42 21 av
342 1086 184 38 riksdagen
553 1088 11 30 i
591 1089 163 31 skrivelse
781 1090 67 31 den
876 1092 42 29 30
947 1092 85 36 april
1064 1093 83 30 1935
1181 1090 53 40 (nr
1263 1091 73 40 181)
1370 1094 150 37 begärda
1550 1094 228 38 utredningen

273 1136 218 33 beträffande
516 1138 75 32 vårt
615 1140 99 31 lands
738 1141 317 38 befolkningsfråga
1079 1143 115 31 finner
1219 1144 50 37 sig
1293 1145 186 37 riksdagen
1505 1145 45 36 på
1575 1147 41 29 de
1642 1145 10 31 i
1679 1148 97 28 stats-

272 1187 289 37 rådsprotokollet
579 1190 194 38 framlagda
794 1192 119 31 skälen
934 1193 52 31 för
1005 1196 50 28 att
1072 1203 43 22 en
1138 1194 146 32 särskild
1305 1194 223 38 folkräkning
1547 1196 159 31 kommer
1726 1197 52 30 till

273 1238 111 37 stånd,
412 1239 11 31 i
453 1240 87 37 syfte
569 1244 49 28 att
647 1242 200 36 därigenom
875 1243 58 31 må
959 1244 193 37 klarläggas
1180 1248 47 28 ett
1256 1245 113 31 flertal
1398 1246 55 31 för
1479 1247 155 31 nämnda
1664 1248 112 30 utred-

271 1289 82 37 ning
379 1290 261 37 betydelsefulla
665 1292 163 37 faktorer,
852 1293 84 32 böra
959 1294 156 37 medgiva
1142 1296 65 30 den
1232 1296 147 31 sålunda
1405 1297 193 37 föreslagna
1623 1298 152 30 folkräk-

269 1339 145 38 ningens
436 1342 280 36 genomförande.
762 1344 73 31 Mot
854 1345 42 31 de
916 1345 51 30 till
988 1347 110 35 grund
1122 1345 53 32 för
1197 1346 122 37 Kungl.
1343 1347 118 37 Maj:ts
1483 1349 293 36 anslagsäskande

270 1391 159 37 liggande
450 1393 446 38 kostnadsberäkningarna
919 1396 62 30 har
1001 1396 185 37 riksdagen
1207 1397 76 31 icke
1302 1397 115 32 funnit
1439 1399 186 38 anledning
1644 1399 52 31 till
1716 1399 59 31 nå-

269 1451 68 28 gon
361 1443 167 30 erinran.»

315 1494 113 30 Sedan
451 1494 188 32 statistiska
660 1496 243 37 centralbyrån
925 1497 11 31 i
959 1497 162 32 skrivelse
1143 1498 51 31 till
1218 1499 121 37 Kungl.
1364 1499 102 39 Maj:t
1487 1501 66 30 den
1580 1502 38 30 13
1642 1501 132 31 decem-

269 1544 60 31 ber
354 1546 82 30 1935
459 1545 163 38 framlagt
642 1546 82 37 plan
745 1547 54 31 för
820 1548 66 30 den
907 1549 169 31 särskilda
1097 1549 268 37 folkräkningen
1386 1552 66 29 och
1474 1551 202 31 utlåtanden
1697 1552 76 30 här-

269 1596 81 30 över
379 1596 187 31 infordrats
598 1597 79 31 från
708 1597 90 31 vissa
830 1599 238 36 myndigheter
1096 1601 68 29 och
1196 1601 362 37 sammanslutningar,
1590 1602 184 31 utfärdade

270 1646 122 37 Kungl.
419 1647 101 37 Maj:t
542 1648 67 30 den
636 1649 38 29 17
699 1647 139 38 januari
865 1650 83 30 1936
971 1650 45 36 på
1040 1650 244 38 föredragning
1307 1653 66 29 och
1398 1652 209 32 hemställan
1630 1663 42 21 av
1696 1654 76 30 che-

268 1696 58 32 fen
347 1697 56 31 för
423 1698 398 38 finansdepartementet,
843 1699 181 33 statsrådet
1043 1700 181 38 Wigforss,
1245 1702 204 37 kungörelse
1470 1705 79 30 med
1572 1704 91 31 vissa
1685 1705 87 30 före-

269 1748 138 31 skrifter
430 1750 147 30 rörande
599 1750 136 36 partiell
757 1750 223 38 folkräkning
1002 1752 110 31 under
1136 1752 38 31 år
1200 1753 82 31 1936
1308 1750 67 40 (Sv.
1401 1754 372 39 författningssamling

267 1809 42 20 nr
329 1796 47 41 6).
422 1800 14 30 I
458 1801 230 36 kungörelsen
710 1802 137 36 stadgas
870 1802 104 32 bland
997 1806 106 28 annat
1126 1803 165 38 följande:

975 1922 38 29 »3
1033 1919 31 39 8.

312 1976 234 31 Insamlandet
566 1986 43 21 av
630 1977 173 38 uppgifter
824 1978 55 31 för
898 1979 269 38 folkräkningen
1185 1981 87 30 skall
1293 1981 60 31 ske
1374 1981 56 32 vid
1451 1982 106 31 besök
1578 1982 11 31 i
1611 1983 162 31 hemmen

268 2027 40 21 av
329 2019 116 30 därtill
467 2020 139 30 särskilt
625 2021 144 30 utsedda
790 2021 233 32 folkräknare.

311 2061 112 31 Innan
445 2062 222 37 uppgifterna
690 2063 146 32 sålunda
860 2064 175 37 insamlas,
1060 2066 99 31 skola
1182 2066 52 31 till
1258 2067 41 30 de
1324 2068 91 36 hem,
1438 2068 92 31 vilka
1555 2069 143 30 komma
1723 2072 49 28 att

266 2103 156 38 besökas,
446 2113 125 28 genom
594 2107 374 36 ortsmyndigheternas
991 2108 135 37 försorg
1149 2109 132 31 utdelas
1303 2110 83 31 eller
1410 2112 78 30 med
1511 2114 122 33 posten
1656 2113 114 29 utsän-

267 2146 61 30 das
355 2146 304 39 hjälpblanketter,
688 2149 192 37 angivande
905 2150 11 31 i
942 2150 91 31 vilka
1060 2151 220 32 hänseenden
1305 2153 175 37 uppgifter
1507 2154 97 31 skola
1631 2154 57 32 vid
1716 2155 54 30 be-

265 2189 108 31 söken
394 2190 144 31 lämnas.

309 2231 72 33 Har
402 2232 300 38 hjälpblanketten
721 2235 73 31 före
815 2235 239 32 folkräknares
1075 2237 107 31 besök
1203 2237 106 38 ifyllts
1329 2248 44 21 av
1394 2239 267 37 vederbörande,
1684 2240 87 31 skall

266 2274 248 33 folkräknaren
536 2276 57 31 vid
614 2277 140 31 besöket
776 2286 163 28 genomse
958 2279 199 31 blanketten
1177 2281 78 36 och,
1277 2291 58 21 om
1357 2281 38 31 så
1417 2281 91 31 visar
1532 2282 49 37 sig
1601 2283 168 30 erforder-

264 2317 70 37 ligt,
353 2318 47 36 på
419 2319 169 36 grundval
608 2329 43 20 av
670 2320 168 37 muntliga
858 2322 250 37 upplysningar
1128 2323 84 31 söka
1231 2323 227 37 komplettera
1480 2326 41 30 de
1540 2325 12 30 i
1571 2326 199 31 blanketten

264 2360 162 32 lämnade
451 2362 231 36 uppgifterna.
732 2363 71 31 Där
830 2363 298 37 hjälpblanketten
1154 2366 31 37 ej
1211 2365 118 38 ifyllts,
1355 2367 65 30 har
1445 2367 250 32 folkräknaren
1722 2372 48 28 att

263 2402 57 31 vid
341 2403 141 32 besöket
502 2405 194 31 samtalsvis
717 2406 115 30 skaffa
853 2406 51 37 sig
922 2407 198 31 kännedom
1142 2418 57 21 om
1220 2409 41 31 de
1282 2409 254 38 förhållanden,
1557 2411 94 31 vilka
1673 2420 97 22 avses

263 2445 11 31 i
298 2445 209 38 blanketten,
531 2449 165 30 ävensom
720 2451 50 29 att
793 2448 20 31 å
837 2448 299 38 hjälpblanketten
1160 2451 80 31 eller
1265 2451 20 31 å
1308 2453 159 31 medförd
1493 2454 276 31 huvudblankett
