1892 2832
296 130 59 30 116
543 136 435 34 Konstitutionsutskottets
1003 142 180 31 memorial
1206 143 49 30 Nr
1279 144 52 30 34.
1378 144 166 38 (Bilaga.)

340 219 193 31 Arbetslösa
553 231 82 21 voro
655 221 10 30 i
684 222 128 32 Malmö
833 224 75 30 stad
927 224 102 37 enligt
1049 227 380 37 septemberrapporten
1448 229 50 31 till
1517 230 36 30 A.
1575 231 37 30 K.
1634 232 64 30 899
1718 229 73 45 per-

295 270 100 23 soner
411 264 172 30 anmälda.

340 304 154 32 Orsaken
520 306 50 30 till
596 307 261 36 kapitalbristen
881 310 95 31 torde
1001 311 90 37 ligga
1115 312 85 36 däri,
1224 316 48 27 att
1297 313 152 38 bolagets
1475 315 69 31 lilla
1569 317 222 37 aktiekapital

293 347 129 31 kronor
448 349 127 35 13,000:
591 368 53 18 —,
669 360 103 21 varav
797 352 128 31 kronor
952 354 106 34 7,280:
1073 373 45 3 —
1142 359 117 32 genast
1284 357 111 30 bands
1420 358 10 29 i
1455 359 174 30 maskiner
1653 361 65 29 och
1743 361 47 30 in-

293 390 178 36 ventarier,
500 391 31 37 ej
558 394 216 30 motsvarade
801 395 42 30 de
869 395 161 37 anspråk,
1058 406 75 21 som
1160 398 64 30 den
1251 400 141 30 oväntat
1419 403 91 28 stora
1536 401 210 38 efterfrågan
1772 403 20 31 å

293 433 152 36 bolagets
468 435 189 35 produkter
678 435 109 31 måste
809 437 101 30 ställa
931 437 44 38 på
999 439 133 36 kapital
1155 440 54 30 för
1231 442 228 38 anskaffning
1482 453 41 21 av
1546 445 156 30 material
1726 447 65 29 och

291 474 53 30 till
364 476 221 31 arbetslöner.

336 517 277 38 Aktiekapitalet:
637 521 127 31 kronor
788 523 127 35 13,000:
930 542 44 4 —
993 533 60 21 var
1072 524 78 31 fullt
1171 525 151 32 inbetalt.

337 561 210 37 Ställningen
573 564 38 29 är
635 573 73 21 som
732 573 100 28 synes
858 566 130 36 ganska
1013 569 198 35 ansträngd.

336 603 48 30 De
404 604 128 31 likvida
551 605 227 38 tillgångarna
795 608 123 31 endast
938 609 128 31 kronor
1085 611 108 34 4,755:
1209 630 44 4 —
1271 612 124 31 medan

335 646 41 30 de
396 647 213 37 kortfristiga
629 649 186 31 skulderna
836 651 61 30 äro
918 652 127 32 kronor
1068 653 128 36 10,655:
1211 673 52 12 —

336 688 108 32 Order
462 689 158 38 innelågo
639 691 55 31 vid
710 693 141 30 besöket
871 693 77 31 från

283 735 267 40 Telegrafverket
573 739 19 29 å
614 737 41 30 44
677 742 39 27 st.
740 740 254 32 telefonkiosker
1016 743 52 30 för
1099 768 400 8 ....................
1519 748 46 30 kr.
1612 747 179 37 27,700:—

432 789 10 18 »
574 781 19 29 å
617 776 38 50 930
679 784 38 27 st.
742 782 161 40 klädskåp
1036 796 10 17 rese
1178 783 37 47 eer
1224 810 24 6 rr
1266 811 66 5 esse
1352 812 22 5 ss
1393 812 65 6 rear
1476 813 23 5 re
1541 801 11 17 OD
1631 790 160 36 4,700:
1765 786 30 47 —

282 819 188 41 Trälleborg
571 822 19 30 å
614 821 39 31 50
675 826 39 27 st.
739 824 173 32 latrinkärl
1036 837 130 20 rese
1184 852 24 5 rr
1226 853 65 5 esse
1310 854 24 5 se
1352 854 24 5 se
1394 854 24 5 er
1436 854 24 5 ee
1478 855 23 5 ss
1542 843 11 17 OD
1664 832 72 30 400:
1750 850 41 4 —

1361 889 134 31 Summa
1519 892 46 29 kr.
1611 890 124 37 232,800:
1750 909 40 4 —

333 967 182 31 Dessutom
543 970 163 31 väntades
735 970 78 32 från
840 972 258 37 telegrafverket
1125 976 101 30 order
1253 976 45 36 på
1326 977 210 31 kabelboxar
1565 978 53 31 för
1647 975 141 44 8,000—

290 1009 116 35 15,000
429 1011 138 30 kronor.

331 1052 483 39 Avsättningsmöjligheterna
838 1066 99 28 synes
960 1058 23 30 f.
1005 1069 33 20 n.
1062 1069 84 22 vara
1167 1061 98 36 goda.
1301 1062 128 31 Hittills
1453 1064 63 30 har
1539 1065 246 31 sökandebola-

286 1098 54 32 get
363 1095 38 30 så
422 1099 70 33 gott
516 1106 75 21 som
616 1099 215 31 uteslutande
855 1102 190 35 sysselsatts
1070 1112 42 21 av
1135 1103 37 30 A.
1195 1104 36 30 B.
1255 1104 262 37 Flygindustri's
1540 1108 113 35 gamla
1675 1108 110 30 kund-

287 1137 93 30 krets
400 1139 65 29 och
485 1140 140 30 särskilt
645 1150 41 20 av
706 1142 272 37 telegrafverket,
999 1154 79 21 vars
1099 1145 107 38 årliga
1227 1148 113 29 behov
1361 1157 43 21 av
1424 1149 152 37 bolagets
1598 1151 188 36 produkter

286 1179 65 30 har
372 1180 125 31 brukat
518 1181 118 37 uppgå
655 1183 50 30 till
726 1185 120 35 80,000
868 1186 19 29 å
912 1187 136 34 100,000
1072 1188 138 30 kronor.
1244 1189 217 37 Byråchefen
1484 1191 124 31 Olsson
1630 1192 54 30 för
1707 1194 77 29 tele-

285 1221 210 36 grafverkets
522 1224 231 38 förrådsbyrå,
781 1236 75 21 som
881 1228 136 37 nyligen
1042 1229 212 37 inspekterat
1280 1232 306 38 sökandebolagets
1613 1236 171 34 verkstad,

284 1264 197 32 förklarade
502 1267 49 36 sig
570 1267 58 31 vid
645 1268 178 38 förfrågan
842 1270 84 37 nöjd
947 1273 77 29 med
1045 1273 55 30 det
1121 1282 42 21 av
1179 1274 135 37 bolaget
1333 1275 139 31 utförda
1491 1277 128 30 arbetet
1638 1279 66 29 och
1725 1287 58 21 an-

285 1306 60 37 såg
370 1311 48 28 att
442 1308 165 38 företaget
634 1311 114 31 kunde
772 1312 11 30 i
808 1312 264 39 fortsättningen
1099 1315 157 37 påräkna
1282 1318 101 30 order
1410 1318 78 31 från
1514 1316 269 46 telegrafverket,

284 1349 11 30 i
315 1350 67 30 den
402 1351 80 30 mån
503 1353 134 30 verkets
656 1362 84 28 egen
762 1355 160 31 verkstad
942 1356 32 37 ej
996 1357 124 32 hinner
1140 1360 88 29 med.
1271 1360 56 30 Att
1349 1360 165 38 företaget
1535 1363 77 30 med
1635 1363 53 30 sin
1710 1373 73 27 per-

285 1394 98 29 sonal
409 1395 165 36 övertagit
601 1396 45 30 all
674 1397 262 36 Flygindustri's
965 1400 110 30 under
1103 1401 82 30 åren
1213 1401 206 33 förvärvade
1444 1405 206 37 erfarenhet,
1678 1406 106 37 ansåg

284 1435 210 36 byråchefen
518 1447 62 21 var
605 1442 48 27 ett
678 1442 84 28 stort
787 1441 79 35 plus
894 1441 52 31 för
973 1442 145 37 bolaget.
1169 1444 222 32 Beträffande
1419 1447 260 32 konkurrensen
1705 1450 78 30 med

283 1478 110 31 andra
415 1479 195 32 tillverkare
634 1481 233 33 förekommer
891 1484 107 31 sådan
1022 1486 188 37 egentligen
1233 1489 122 29 endast
1377 1489 9 30 i
1409 1491 166 30 avseende
1597 1491 45 36 på
1665 1492 117 30 latrin-

283 1521 77 29 kärl
377 1522 64 30 och
461 1526 191 33 soptunnor
671 1526 63 29 och
754 1526 175 37 knappast
948 1529 61 29 där
1027 1529 115 30 heller.
1184 1529 121 32 Denna
1322 1540 82 27 gren
1424 1541 41 21 av
1484 1532 181 38 företagets
1686 1535 94 29 verk-

283 1564 134 30 samhet
439 1565 37 30 är
495 1566 176 37 nämligen
690 1568 65 30 den
776 1568 128 32 minsta
922 1571 65 29 och
1008 1571 64 30 har
1091 1572 189 37 egentligen
1300 1574 195 31 bibehållits
1518 1576 120 31 endast
1658 1577 54 30 för
1734 1581 48 27 att

281 1606 205 38 tillmötesgå
508 1609 36 30 A.
569 1609 35 30 B.
630 1610 260 37 Flygindustri's
913 1613 114 36 gamla
1049 1610 143 51 kunder.

327 1649 91 31 Från
442 1651 78 30 Carl
544 1652 117 30 Lunds
686 1654 352 44 Fabriksaktiebolag,
1066 1657 75 30 Clas
1167 1653 155 43 Östberg,
1347 1660 64 30 har
1434 1660 183 33 inkommit
1637 1672 44 21 en
1703 1673 77 26 Pro-

281 1693 239 37 testskrivelse,
540 1695 137 31 skriven
696 1696 10 30 i
726 1697 152 31 advokat
897 1693 161 42 Östbergs
1079 1700 134 37 vanliga
1236 1701 64 31 stil.

325 1735 50 30 Av
396 1736 149 31 advokat
566 1733 160 42 Östbergs
746 1740 211 37 namngivna
978 1743 20 29 8
1017 1742 253 33 konkurrenter
1289 1745 159 31 befinnas
1470 1746 128 32 således
1618 1749 123 30 endast
1762 1750 18 29 4

281 1787 82 21 vara
383 1779 150 37 verkliga
550 1780 193 32 tillverkare
762 1791 42 21 av
823 1783 42 30 de
883 1783 263 37 ifrågavarande
1164 1787 130 31 kärlen.

326 1820 221 33 Beträffande
577 1824 180 36 uppgiften
788 1835 59 21 om
879 1826 54 31 det
964 1827 175 32 inbetalda
1171 1829 276 38 aktiekapitalets
1480 1833 125 31 storlek
1635 1834 145 31 innebär

280 1863 93 30 detta
390 1864 36 37 ju
446 1864 30 37 ej
495 1864 105 38 något
618 1868 245 37 märkvärdigt,
885 1869 43 31 då
945 1870 135 37 bolaget
1101 1872 93 30 ännu
1212 1872 31 37 ej
1266 1874 37 29 är
1323 1875 138 35 mycket
1478 1877 80 29 över
1585 1877 9 29 3
1615 1876 165 32 månader

279 1907 174 35 gammalt.
500 1908 115 37 Enligt
638 1910 135 36 uppgift
796 1910 79 31 från
897 1912 134 31 Patent-
1058 1914 25 29 &
1106 1914 365 38 Registreringsverket
1492 1918 76 31 blev
1592 1920 187 30 emellertid

280 1949 66 30 den
366 1950 107 30 andra
493 1951 133 30 hälften
646 1961 40 21 av
703 1953 261 37 aktiekapitalet
984 1956 204 36 registrerad
1206 1958 10 30 i
1237 1959 76 36 dag,
1333 1959 117 31 varför
1471 1960 129 32 således
1621 1963 79 30 hela
1720 1963 58 30 ak-

279 1991 211 37 tiekapitalet
510 1993 174 43 verkligen
707 1996 38 29 är
764 1995 154 34 inbetalt.

322 2035 156 31 Advokat
505 2031 160 43 Östbergs
691 2038 174 37 uppgifter
890 2049 57 22 om
972 2041 233 33 kostnaderna
1228 2043 54 32 för
1304 2054 44 21 en
1371 2046 406 39 galvaniseringsanlägg-

278 2076 84 37 ning
387 2078 63 30 har
473 2078 38 37 ju
536 2079 102 36 ingen
662 2081 128 30 aktuell
815 2082 181 38 betydelse,
1023 2084 45 31 då
1093 2085 290 39 sökandebolaget
1409 2089 109 37 aldrig
1544 2090 76 31 haft
1643 2091 53 31 för
1722 2101 54 21 av-

276 2119 69 30 sikt
367 2121 142 36 anlägga
531 2122 104 36 dylik.
681 2124 52 29 All
754 2124 66 31 den
841 2125 260 39 galvanisering,
1125 2137 75 21 som
1222 2129 233 33 förekommer
1473 2132 12 30 i
1506 2133 150 36 bolagets
1680 2134 94 30 verk-

277 2162 143 37 samhet,
441 2164 85 30 låter
547 2165 127 31 firman
694 2166 115 32 utföra
829 2168 63 30 hos
913 2169 52 30 Sv.
986 2170 394 37 Stängselnätsfabriken
1402 2174 10 30 i
1432 2174 139 35 Malmö,
1592 2176 50 30 till
1663 2176 113 32 vilken

276 2204 105 32 firma
400 2206 138 32 ledaren
554 2208 57 30 för
631 2209 288 38 sökandebolaget
937 2212 62 30 har
1019 2214 89 35 goda
1127 2214 191 32 relationer.

322 2248 66 30 För
407 2249 109 37 övrigt
539 2251 127 31 saknar
686 2252 65 30 den
773 2254 199 36 östbergska
994 2258 174 33 protesten
1190 2258 65 30 den
1277 2259 179 37 saklighet,
1480 2270 74 21 som
1575 2262 103 37 enligt
1700 2263 76 31 mitt

275 2290 226 33 förmenande
524 2293 109 31 måste
655 2294 180 38 iakttagas,
859 2306 57 21 om
939 2306 82 22 man
1043 2299 88 30 skall
1155 2300 116 31 kunna
1295 2301 90 31 fästa
1405 2302 103 37 något
1530 2306 167 30 avseende
1719 2306 56 30 vid

276 2333 211 32 densamma.

320 2376 179 32 Huruvida
519 2378 98 31 bifall
637 2379 50 30 till
707 2381 168 36 ansökan,
900 2381 6 31 i
927 2382 64 31 den
1011 2384 82 30 mån
1114 2384 122 32 sådant
1259 2387 37 30 är
1317 2387 144 37 möjligt,
1485 2389 69 31 kan
1576 2391 108 36 skapa
1707 2390 66 31 för-

274 2419 229 37 utsättningar
529 2421 55 31 för
609 2422 304 38 sökandebolagets
939 2425 165 32 framtida
1129 2428 154 37 bestånd,
1310 2431 38 29 är
1374 2432 171 37 vanskligt
1569 2435 135 34 avgöra,
1731 2433 43 31 då

274 2461 165 37 företaget
457 2464 94 30 ännu
570 2464 101 31 drivit
690 2465 51 31 sin
759 2467 128 30 rörelse
904 2468 60 31 allt
982 2468 54 31 för
1056 2470 77 30 kort
1152 2470 58 37 tid,
1230 2471 54 32 för
1303 2474 49 29 att
1370 2482 82 22 man
1469 2475 87 30 skall
1575 2476 118 30 kunna
1711 2476 61 30 bil-
