1898 2838
475 135 446 32 .Konstitutionsutskottets
944 133 183 32 memorial
1149 133 50 31 Nr
1215 134 50 31 34.
1582 127 40 30 23

155 222 68 31 För
247 222 154 31 nämnda
426 221 127 31 rörelse
579 220 227 38 disponerade
831 219 180 30 sökanden
1035 220 47 29 ett
1106 217 134 37 kapital
1265 226 43 22 av
1334 216 283 37 12,000—15,000

115 265 138 31 kronor.

159 307 195 36 Sökanden,
380 316 75 21 som
478 306 172 30 innehade
672 305 158 36 gällande
851 304 93 36 tyskt
966 303 277 36 hemlandspass,
1265 302 91 30 hade
1379 311 43 21 av
1445 302 175 36 socialsty-

113 350 109 30 relsen
244 349 159 36 beviljats
425 349 129 30 arbets-
576 347 65 31 och
663 344 340 40 uppehållstillstånd
1022 345 55 30 för
1097 345 136 30 vistelse
1254 344 64 31 här
1340 344 11 30 i
1370 344 89 31 riket
1478 344 51 31 till
1552 344 66 30 den

114 393 41 30 20
176 392 193 37 september
389 391 94 31 1935.

159 434 14 30 I
207 433 219 31 Stockholms
458 432 239 38 polisdomstol
728 431 127 31 funnes
887 430 158 37 följande
1076 429 250 37 anteckningar
1356 427 178 39 angående
1566 430 52 29 sö-

114 477 152 30 kanden:

109 533 71 30 Den
237 531 140 39 ?/,,1927
400 531 100 30 dömd
524 532 52 28 att
598 531 79 29 böta
699 530 51 30 för
772 537 152 22 ovarsam
946 528 140 38 körning
1108 527 75 30 med
1206 526 242 31 motorfordon.
1509 526 40 32 75
1572 527 48 29 kr.

136 584 12 19 »
240 575 37 38 5/,;
305 573 79 30 11929
443 583 13 19 »
548 582 13 20 »
632 582 12 20 oo»
722 582 12 19 »
772 571 151 30 förseelse
951 572 72 28 mot
1052 570 37 30 31
1119 570 15 37 8
1164 569 123 38 Kungl.
1317 568 139 31 Förord-

814 613 119 39 ningen
950 620 73 31 ang.
1043 611 162 39 utvidgad
1223 611 232 39 näringsfrihet
1488 610 62 31 400
1572 610 48 30 kr.

135 667 13 20 »
241 658 37 39 2/35
305 657 79 31 1933
436 667 11 19 »
548 667 12 19 »
631 666 12 20 »
722 665 11 21 »
772 655 150 30 förseelse
940 656 72 28 mot
1030 653 159 32 särskilda
1209 653 246 39 Ordningsföre-

813 696 134 31 skrifter
968 696 19 30 6
1009 697 15 37 $
1044 719 404 7 s.ss.os..o.ss..srsoe
1378 692 29 46 oe
1418 692 33 46 rs
1511 694 38 31 15
1572 694 48 30 kr.

136 751 13 20 »
228 741 48 40 OB
337 751 12 20 ooo»
442 751 12 19 »
547 750 12 20 »
631 750 12 19 »
721 749 12 19 »
772 738 150 31 förseelse
940 740 72 28 mot
1030 736 159 32 särskilda
1209 736 247 40 Ordningsföre-

814 780 132 30 skrifter
969 779 19 30 6
1010 780 14 38 $
1044 802 404 8 ...................-
1512 778 38 31 15
1572 779 48 29 kr.

136 835 13 20 »
242 825 38 39 el
338 835 12 19 ooh
442 835 13 19 »
547 834 13 19 »
631 834 12 19 »
721 833 13 20 -»
772 822 151 31 förseelse
940 823 72 29 mot
1030 821 159 30 särskilda
1209 820 247 40 Ordningsföre-

814 864 134 30 skrifter
969 864 19 29 6
1010 865 334 37 $............-.-
1359 886 90 9 once.
1513 862 37 31 15
1573 862 48 30 kr.

137 919 13 20 »
229 910 48 39 P4
306 908 80 32 1934
443 919 12 19 oo»
549 918 12 19 »
632 918 12 19 »
723 917 12 20 -»
773 906 151 31 förseelse
948 907 72 29 mot
1045 904 412 39 Motorfordonshastighet

816 949 76 38 418
916 957 44 21 mi
986 948 464 29 l.ssssossessseseerr
1400 942 53 49 res
1510 946 41 30 90
1573 946 49 29 kr.

137 1003 13 20 »
229 993 48 38 4
339 1003 12 19 oo»
444 1002 12 19 »
549 1001 13 20 »
633 1001 12 20 »
723 1001 13 20 -»
774 991 93 38 olaga
890 989 175 40 parkering
1087 1012 363 7 ........ss-ss.s.e0
1511 987 40 31 20
1573 988 48 29 kr.

137 1045 13 19 »
232 1035 121 39 200»
446 1044 12 19 »
551 1044 12 19 »
634 1043 12 20 »
725 1043 11 20 -»
774 1032 151 30 förseelse
942 1033 73 28 mot
1032 1031 159 30 särskilda
1211 1030 246 39 Ordningsföre-

814 1074 133 30 skrifter
970 1074 18 29 6
1010 1075 15 37 $
1044 1096 405 8 .........s..ossocscc
1421 1069 33 47 ca
1512 1072 38 30 15
1573 1071 48 30 kr.

138 1128 12 21 >
229 1119 48 39 OM
338 1128 12 20 oh
442 1128 13 19 »
548 1128 12 19 »
631 1127 13 19 »
722 1126 12 20 »
772 1116 151 30 förseelse
945 1117 73 28 mot
1039 1114 316 40 Vägtrafikstadgan
1380 1114 38 30 10
1440 1115 14 37 $

815 1158 633 30 13:
1509 1155 41 31 45
1572 1155 48 30 kr.

138 1212 12 20 »
230 1202 48 39 BA
342 1212 12 20 oo»
447 1211 12 20 »
553 1211 12 19 »
636 1211 12 19 »
726 1210 13 20 -»
777 1199 151 31 förseelse
946 1201 72 28 mot
1037 1198 160 31 särskilda
1217 1198 247 39 Ordningsföre-

814 1241 132 30 skrifter
968 1241 19 30 6
1009 1242 15 37 $
1043 1263 404 8 ................o-oo.s
1513 1239 38 31 15
1573 1239 48 30 kr.

136 1296 12 20 »
229 1286 120 39 Boo»
442 1296 12 18 »
547 1295 13 19 »
631 1295 12 19 »
721 1294 12 20 -»
773 1292 151 22 Oovarsam
954 1283 140 38 körning
1123 1282 75 30 med
1228 1282 227 30 motorfordon
1492 1281 59 30 100
1573 1281 48 30 kr.

138 1338 13 20 »
229 1329 63 39 Flo
339 1338 12 19 »
444 1338 12 19 »
549 1337 12 19 »
632 1337 12 19 ooh
723 1336 12 19 »
772 1326 151 30 förseelse
941 1327 72 28 mot
1031 1324 159 31 särskilda
1210 1324 246 38 Ordningsföre-

815 1367 133 30 skrifter
970 1367 19 29 6
1011 1368 14 37 $
1045 1390 404 7 ...s...s.sssocssosse
1401 1363 27 47 rr
1433 1363 19 47 ts
1510 1365 40 30 20
1573 1365 48 29 kr.

139 1422 12 19 »
231 1412 59 37 2
337 1422 13 19 »
443 1421 12 19 »
548 1421 13 19 »
632 1420 12 19 »
722 1420 12 19 oo»
774 1419 152 21 Oovarsam
955 1408 141 39 körning
1124 1408 75 30 med
1229 1408 227 30 motorfordon

815 1453 88 28 samt
929 1451 52 29 för
1007 1450 151 30 förseelse
1185 1452 72 28 mot
1283 1450 175 29 Motorfor-

817 1492 315 39 donsförordningen
1164 1492 37 30 21
1236 1493 14 36 $
1283 1501 43 20 m.
1362 1492 14 29 1
1411 1492 45 34 b.,

815 1535 187 39 respektive
1024 1557 280 7 .............+
1351 1533 40 30 90
1414 1533 61 30 och
1500 1532 38 30 10
1560 1532 65 30 kr.»

161 1633 13 30 I
196 1631 180 32 utlåtande
396 1632 66 31 den
487 1633 14 29 1
524 1631 65 37 juli
612 1631 83 30 1935
717 1630 147 31 anförde
886 1627 431 33 överståthållarämbetet:

161 1691 99 31 Efter
282 1695 48 27 att
353 1692 91 30 hava
468 1689 178 38 angående
671 1690 178 31 sökanden
872 1688 229 31 införskaffat
1126 1687 212 38 tillgängliga
1359 1687 262 38 upplysningar,

119 1734 10 31 i
151 1735 106 30 vilket
275 1734 200 31 hänseende
498 1733 212 38 åberopades
731 1733 150 30 berörda
903 1732 243 37 polisrapport,
1170 1731 94 36 finge
1285 1729 337 32 överståthållaräm-

119 1778 91 30 betet
229 1778 134 35 anföra,
382 1781 50 27 att
452 1778 87 29 även
559 1786 57 21 om
635 1777 68 30 vad
720 1776 180 31 sökanden
918 1775 12 30 i
948 1774 98 37 varje
1064 1774 142 31 särskilt
1224 1774 10 30 i
1252 1773 279 37 polisrapporten
1551 1782 67 21 om-

118 1821 143 31 förmält
277 1821 63 30 fall
358 1819 75 32 låtit
449 1821 144 29 komma
611 1819 49 37 sig
676 1819 51 31 till
744 1820 75 36 last,
840 1819 75 30 icke
934 1818 11 30 i
963 1819 66 29 och
1048 1817 56 31 för
1122 1817 49 36 sig
1189 1818 79 30 bort
1286 1817 122 35 utgöra
1424 1815 126 31 hinder
1567 1814 56 31 för

117 1864 101 30 bifall
237 1864 53 30 till
309 1865 66 29 den
396 1863 236 36 föreliggande
650 1862 250 36 ansökningen,
922 1862 58 30 det
997 1863 95 28 stora
1113 1860 130 30 antalet
1261 1869 43 20 av
1324 1859 131 30 honom
1474 1856 148 38 begång-

119 1917 45 21 na
182 1907 191 36 förseelser,
397 1916 43 21 av
460 1906 93 30 vilka
574 1906 31 37 ej
627 1906 135 30 mindre
783 1906 45 29 än
849 1903 71 31 åtta
941 1904 145 36 stycken
1106 1902 129 31 infallit
1254 1902 110 30 under
1384 1903 135 28 senaste
1539 1899 83 36 året,

120 1951 116 30 visade
258 1960 44 20 en
323 1949 109 31 sådan
452 1949 183 37 uppenbar
655 1948 86 30 brist
760 1946 46 38 på
829 1947 83 37 vilja
933 1949 49 27 att
1005 1947 90 29 rätta
1116 1945 50 36 sig
1188 1945 87 30 efter
1294 1945 66 29 här
1382 1944 11 29 i
1414 1943 118 30 landet
1553 1942 69 36 gäl-

120 1993 102 30 lande
244 1992 227 36 föreskrifter,
495 1994 49 28 att
569 1992 150 29 ämbetet
741 1990 174 36 avstyrkte
938 1988 102 31 bifall
1063 1988 52 30 till
1137 1988 67 30 den
1228 1986 122 38 gjorda
1374 1984 250 32 framställnin-

120 2044 73 29 gen.

166 2188 26 29 1.
241 2186 226 31 Beträffande
490 2186 65 30 här
579 2195 88 20 ovan
692 2185 88 30 först
801 2183 216 31 omnämnda
1037 2182 64 30 fall
1122 2181 98 31 torde
1244 2181 57 30 det
1321 2189 83 21 vara
1428 2179 196 37 uppenbart

120 2240 49 27 att
188 2237 259 30 vederbörande
470 2235 198 36 utlännings
691 2235 150 30 avsedda
864 2233 221 31 verksamhet
1104 2233 65 29 här
1192 2232 10 29 i
1224 2231 88 30 riket
1333 2230 75 30 icke
1430 2230 71 29 kan
1524 2237 99 22 anses

119 2287 140 31 särskilt
285 2288 114 35 ägnad
425 2289 50 28 att
502 2286 85 36 fylla
614 2284 103 37 något
745 2285 146 30 allmänt
917 2284 114 30 behov
1057 2283 81 29 eller
1166 2281 160 30 medföra
1353 2280 145 30 allmänt
1524 2287 98 28 gagn.

121 2338 64 30 Det
203 2337 203 30 meddelade
425 2335 191 31 tillståndet
635 2335 137 31 medför
792 2333 148 32 sålunda
959 2333 123 30 endast
1103 2335 97 33 nytta
1219 2331 56 30 för
1294 2329 258 32 vederbörande
1571 2331 52 28 ut-

121 2388 143 35 länning
287 2386 97 38 själv.
432 2386 117 31 Under
573 2385 129 31 sådana
728 2384 294 36 omständigheter
1045 2384 39 29 är
1106 2383 56 29 det
1186 2391 43 21 av
1253 2381 72 30 vikt
1347 2383 58 34 att,
1432 2389 57 21 om
1514 2379 112 37 dylikt

121 2436 155 32 tillstånd
298 2437 89 30 skall
409 2436 178 31 meddelas
611 2435 191 36 utlänning,
827 2434 174 37 synnerlig
1026 2432 313 38 uppmärksamhet
1362 2431 106 30 fästes
1493 2430 58 30 vid
1577 2432 48 28 att
