2093 2650
736 268 222 42 Lagutskoltets
990 272 162 34 Utlåtande
1174 275 62 32 N:o
1258 279 52 30 45.
1801 287 20 34 9

212 345 167 50 menliga
407 346 185 40 inverkan
621 354 48 46 på
697 352 92 37 flera
808 353 216 53 landstings
1044 358 167 38 finanser
1231 361 70 37 och
1322 362 246 39 verksamhet
1586 365 98 38 hade
1705 368 117 39 redan

210 396 189 50 försports
442 400 71 36 och
550 400 151 51 tilltoge
743 403 10 36 i
797 418 145 25 samma
971 411 85 34 mån
1086 423 80 24 som
1197 411 67 37 allt
1292 413 91 37 flera
1411 415 72 37 och
1511 416 91 37 flera
1630 418 191 39 boställen

208 447 182 50 indroges
433 451 71 36 och
545 452 377 41 bortarrenderades.
989 459 74 37 För
1101 466 53 31 att
1183 462 171 51 afhjelpa
1382 465 46 37 de
1456 467 182 48 påvisade
1667 469 155 50 olägen-

209 498 159 39 heterna
405 501 99 38 hade
539 517 87 24 man
668 505 222 40 flerestädes
926 509 245 52 tillvägagått
1199 517 49 45 på
1276 514 64 37 det
1368 521 88 44 sätt,
1486 523 55 33 att
1570 533 86 23 man
1681 521 58 37 för
1768 528 55 31 att

208 550 119 37 undfå
355 551 322 53 landstingsskatt
706 557 41 37 af
773 560 316 39 arrendatorerna
1119 564 42 36 af
1185 565 166 38 kronans
1381 567 182 40 domäner
1591 577 230 44 upptaxerat

209 601 112 38 dessa
346 602 67 37 allt
441 605 96 37 efter
564 607 113 49 tycke
706 610 70 36 och
805 611 108 37 smak
941 612 59 37 för
1027 613 167 38 inkomst
1223 618 42 35 af
1289 619 159 37 arrende
1478 622 70 36 och
1577 622 117 38 sedan
1721 623 98 39 hade

210 653 98 36 efter
336 654 73 37 den
439 656 226 52 bevillning,
686 673 81 23 som
789 661 110 38 deraf
916 663 145 38 kunnat
1081 672 208 45 uttaxeras,
1304 670 144 48 jemväl
1469 672 206 39 beräknats
1696 674 124 39 lands-

207 704 273 50 tingsskatten.
541 712 68 34 Att
651 716 53 31 ett
745 712 136 38 sådant
923 715 311 52 tillvägagående
1259 734 90 24 vore
1377 723 160 50 origtigt
1566 724 155 51 insåges
1750 727 70 38 lätt

206 769 96 36 nog;
341 771 87 24 men
470 760 58 36 för
570 767 54 31 att
666 762 114 39 vinna
821 766 156 37 rättelse
1014 768 229 40 härutinnan
1272 786 91 24 vore
1392 774 96 38 dock
1517 776 137 49 nödigt
1684 783 54 32 att
1765 785 54 31 ett

207 814 116 30 annat
351 809 288 51 förfaringssätt
668 815 194 37 uttänktes
888 818 70 35 och
990 819 56 35 till
1066 820 255 40 efterrättelse
1341 825 233 39 faststäldes.
1620 828 75 37 För
1714 829 105 39 detta

205 858 176 39 ändamål
420 861 128 39 kunde
585 877 87 24 man
714 866 101 49 välja
856 881 45 23 en
932 869 41 37 af
996 874 140 34 tvenne
1164 879 130 44 vägar,
1324 876 193 50 nemligen
1547 885 55 31 att
1630 881 184 49 antingen

204 909 173 51 iakttaga
415 926 146 25 samma
585 915 289 51 förfaringssätt
902 921 71 36 och
999 921 312 52 tillvägagående
1339 940 81 24 som
1450 929 84 37 med
1565 930 248 39 utdebiterin-

203 974 76 35 gen
321 963 41 36 af
388 964 375 41 kommunalskatten
791 969 10 36 i
831 970 206 39 allmänhet
1065 973 204 52 iakttoges,
1298 978 92 37 eller
1419 979 70 38 ock
1518 985 54 32 att
1601 981 50 37 all
1679 983 134 49 fastig-

203 1012 65 37 het
307 1014 216 39 oberoende
565 1018 41 37 af
644 1019 57 37 sin
740 1026 111 31 natur
880 1022 93 38 eller
1001 1024 252 41 innehafvare
1282 1030 278 49 uppskattades
1584 1033 71 36 och
1684 1034 132 38 bevill-

202 1064 319 49 ningstaxerades
550 1069 97 37 efter
675 1072 200 38 enahanda
902 1075 125 47 grund
1057 1077 70 36 och
1157 1078 176 39 betalade
1363 1081 333 50 landstingsskatt,
1724 1099 91 24 vare

202 1115 60 49 sig
306 1122 125 32 staten
471 1124 90 44 toge
603 1121 212 51 bevillning
853 1124 112 38 deraf
1002 1126 93 38 eller
1133 1129 94 38 icke.
1281 1131 252 40 Hvilketdera
1574 1140 117 33 sättet
1732 1151 81 23 som

203 1165 127 38 kunde
371 1169 114 38 hafva
526 1172 205 49 företräde,
768 1175 89 36 ville
886 1177 239 38 motionären
1154 1181 83 36 icke
1266 1183 146 49 afgöra,
1442 1190 92 31 utan
1563 1186 185 39 öfverläte
1778 1192 36 34 åt

200 1217 290 41 vederbörande
519 1222 148 38 utskott
695 1229 54 34 att
778 1225 230 40 derutinnan
1038 1229 112 50 välja.

333 1475 57 39 Då
432 1477 254 50 lagutskottet
727 1481 57 37 för
812 1483 59 36 sin
908 1485 59 36 del
997 1486 83 37 icke
1108 1487 74 39 kan
1207 1488 102 38 finna
1332 1492 117 47 något
1477 1491 132 51 giltigt
1637 1494 83 38 skäl
1752 1496 60 37 för

201 1526 74 37 den
302 1527 163 47 skilnad,
496 1543 80 24 som
605 1532 9 35 i
645 1532 46 37 de
721 1534 187 38 särskilda
929 1536 321 52 författningarne
1270 1540 155 37 blifvit
1413 1522 18 70 i
1447 1555 49 23 nu
1513 1544 297 50 ifrågavarande

199 1578 183 38 afseende
418 1580 113 49 gjord
573 1582 236 39 beträffande
849 1588 221 47 grunderna
1111 1590 59 37 för
1210 1592 215 48 utgörande
1461 1594 42 36 af
1528 1595 282 39 kommunalut-

197 1629 157 48 skylder
388 1631 71 36 och
501 1632 336 53 landstingsskatt,
868 1637 155 39 hvilken
1051 1640 240 40 sistnämnda
1314 1644 43 48 ju
1387 1643 113 39 äfven
1530 1646 56 37 till
1611 1647 58 37 sin
1698 1655 113 31 natur

195 1684 41 31 är
277 1694 46 22 en
363 1681 340 52 kommunalskatt,
741 1687 120 37 ehuru
904 1691 191 48 utgående
1136 1693 58 36 för
1222 1707 46 23 en
1297 1699 121 32 större
1446 1695 205 40 kommuns
1680 1699 128 48 behof,

193 1743 114 24 anser
347 1733 200 48 utskottet,
587 1736 76 37 lika
702 1738 86 37 med
827 1740 251 49 motionären,
1117 1748 55 32 att
1200 1745 165 49 ändring
1392 1745 11 36 i
1431 1748 180 47 gällande
1640 1750 167 38 bestäm-

193 1782 140 36 melser
361 1783 68 37 bör
457 1785 67 36 ske
552 1785 55 37 till
629 1788 338 51 åvägabringande
989 1793 42 36 af
1042 1793 264 52 likformighet
1327 1796 242 41 härutinnan.
1615 1803 192 36 Arrenda-

192 1837 154 33 torerna
375 1835 41 36 af
439 1835 295 50 ifrågavarande
764 1841 234 48 egendomar
1023 1844 122 37 skulle
1173 1846 228 51 visserligen
1425 1847 224 52 härigenom
1679 1852 37 37 få
1747 1854 62 49 sig

194 1883 139 49 ålagda
376 1886 166 48 afgifter,
584 1889 83 37 från
696 1890 128 38 hvilka
853 1893 47 37 de
925 1894 102 37 förut
1056 1896 153 49 åtnjutit
1233 1898 198 46 befrielse;
1461 1915 87 23 men
1571 1902 237 51 landstings-

193 1934 153 37 skatten
374 1937 109 37 torde
512 1939 9 35 i
551 1939 207 38 allmänhet
786 1943 83 37 icke
898 1957 90 25 vara
1018 1947 41 35 af
1082 1947 73 37 den
1183 1948 245 50 betydenhet,
1457 1957 54 32 att
1539 1953 105 38 detta
1669 1954 140 38 förhål-

192 1984 114 38 lande
344 1987 70 37 bör
456 1989 118 37 väcka
611 1994 125 46 någon
776 1993 266 51 betänklighet
1084 2004 78 31 mot
1202 1999 73 38 den
1315 2001 220 52 föreslagna
1579 2005 225 50 ändringen.

192 2035 206 39 Dessutom
438 2039 80 37 lära
559 2042 60 36 väl
663 2046 48 45 på
747 2047 140 47 många
916 2046 149 49 ställen,
1095 2052 125 35 såsom
1250 2052 238 39 motionären
1518 2057 145 48 antydt,
1693 2056 114 39 desse

194 2088 266 38 arrendatorer
484 2092 117 36 redan
631 2107 90 23 vara
746 2097 181 36 taxerade
957 2098 58 36 för
1044 2100 167 38 inkomst
1240 2103 41 36 af
1306 2105 180 38 arrendet
1514 2106 70 37 och
1613 2111 48 45 på
1681 2108 127 37 denna

192 2139 126 47 grund
348 2140 154 50 deltaga
532 2143 8 36 i
571 2143 386 52 landstingsskatten,
990 2150 144 37 hvilket
1154 2153 225 49 emellertid,
1398 2156 128 38 derest
1546 2158 261 38 motionärens

193 2189 148 50 förslag
364 2191 127 39 blefve
517 2195 188 49 upphöjdt
732 2197 57 37 till
818 2198 75 50 lag,
924 2200 34 49 ej
987 2201 131 37 vidare
1146 2203 124 38 skulle
1299 2219 73 36 ega
1400 2221 94 24 rum.

326 2242 209 50 Utskottet,
573 2260 82 23 som
695 2247 83 37 icke
820 2250 120 37 finner
980 2252 175 50 lämpligt
1198 2261 54 31 att
1292 2257 141 38 föreslå
1461 2260 202 37 redaktion
1693 2262 42 36 af
1760 2262 46 37 de

192 2292 209 50 ändringar
443 2296 9 35 i
493 2296 181 49 gällande
710 2298 369 53 lagbestämmelser,
1116 2318 80 24 som
1227 2307 123 38 skulle
1375 2310 57 36 för
1461 2310 237 39 ändamålets
1726 2313 80 36 vin-

192 2343 126 38 nande
348 2346 203 49 erfordras,
583 2349 56 37 får
668 2350 243 51 följaktligen
940 2354 215 49 hemställa,

233 2412 77 34 PBih.
335 2415 48 32 till
406 2417 107 32 Riksd.
538 2418 84 33 Prot.
650 2422 90 30 1888.
785 2424 20 29 7
826 2422 92 33 Saml.
962 2426 45 30 23
1030 2421 86 49 Häft.
1734 2435 18 30 2
