2200 2587
755 178 248 33 Statsutskottets
1033 176 174 33 Utlåtande
1231 177 59 30 N:o
1317 179 50 28 11.
1782 173 40 31 13

252 262 195 49 spisande,
478 260 59 37 för
565 260 151 36 hvilket
745 257 178 39 ändamål
952 255 75 48 det,
1056 258 103 46 uppå
1188 254 170 37 särskild
1386 254 131 36 derom
1548 253 42 36 af
1613 252 121 37 förste
1762 252 106 36 läka-

252 328 67 22 ren
351 313 63 36 vid
443 312 195 37 stationen
667 311 113 49 gjord
808 308 298 47 framställning,
1136 306 126 37 skulle
1291 319 93 24 vara
1413 305 238 49 mejerismör
1689 303 43 37 af
1755 304 111 36 bästa

251 365 281 47 beskaffenhet,
562 364 203 36 hvaremot
806 363 11 35 i
852 373 133 24 senare
1015 359 106 36 fallet
1151 358 75 37 den
1256 357 284 37 kontraherade
1570 369 132 33 varan,
1733 355 133 37 afsedd

252 418 59 36 för
339 417 178 36 leverans
556 415 65 36 vid
651 414 393 47 matinrättningarne
1073 412 11 35 i
1114 411 218 36 stationens
1368 410 198 47 kaserner,
1601 407 201 50 utgjordes
1831 407 42 36 af

253 468 152 49 vanligt
447 467 221 37 norrlands-
710 466 92 37 eller
843 465 119 37 finskt
996 469 115 41 smör,
1147 467 48 32 än
1234 462 70 37 ock
1340 466 56 31 att
1425 462 74 36 den
1529 460 193 51 qvantitet
1751 464 115 42 smör,

254 534 80 23 som
378 520 184 49 dagligen
609 519 197 36 användes
850 518 57 35 för
944 516 47 36 de
1033 515 133 48 sjukes
1198 514 231 48 bespisande
1464 513 10 36 i
1503 513 158 37 flottans
1691 511 176 49 sjukhus,

256 586 87 23 vore
368 571 287 50 jemförelsevis
685 569 202 49 obetydlig
916 568 70 37 och
1016 567 183 49 dagligen
1229 569 123 33 måste
1381 565 41 36 af
1447 565 270 37 leverantören
1744 571 124 28 trans-

253 629 174 43 porteras
470 623 59 36 till
571 620 420 50 förbrukningsstället,
1023 622 40 33 så
1093 618 115 37 tedde
1238 618 63 49 sig
1328 617 261 37 förhållandet
1619 616 80 36 helt
1729 628 138 23 annor-

251 676 130 48 lunda,
399 675 72 37 och
505 675 74 37 den
622 675 103 36 förut
767 673 184 37 skenbart
986 670 402 49 anmärkningsvärda
1418 669 288 49 prisskilnaden
1733 672 135 44 syntes

251 728 82 36 helt
360 727 180 49 naturlig.

388 780 66 36 Uti
484 776 416 50 auktionsprotokollet
930 776 139 35 funnes
1095 778 49 45 på
1172 774 152 48 vanligt
1353 778 78 31 sätt
1456 771 242 37 antecknade
1715 771 46 36 de
1778 770 90 49 pris,

254 845 94 34 som,
365 831 166 36 förutom
562 830 47 36 de
639 835 181 43 antagna,
852 826 187 50 erbjudits
1070 827 66 36 vid
1166 825 365 50 upphandlingarne
1565 824 59 36 för
1653 823 217 36 matinrätt-

253 896 200 36 ningarne.

446 934 230 37 leveransen
707 931 42 37 af
770 931 239 48 mejerismör
1036 929 60 37 till
1125 929 207 49 sjukhuset
1360 927 99 37 hade
1488 927 103 36 inom
1621 925 176 49 förelagd
1814 925 56 36 tid

254 987 204 35 inkommit
493 985 166 36 allenast
701 989 55 31 ett
798 982 139 44 anbud,
967 981 197 49 nemligen
1198 980 66 36 det
1292 979 42 37 af
1358 978 510 49 förvaltningsdirektionen

253 1038 222 48 godkända,
507 1037 41 36 af
573 1036 243 36 Karlskrona
845 1034 134 49 mejeri
1009 1033 160 48 afgifna.

382 1090 17 36 I
442 1088 183 37 afseende
673 1089 20 33 å
736 1087 135 48 frågan
915 1099 61 22 om
1019 1085 76 36 den
1134 1085 41 35 af
1206 1081 511 50 förvaltningsdirektionen
1746 1080 125 49 enligt

255 1142 185 36 kontrakt
480 1142 42 35 af
561 1140 75 35 den
680 1140 47 34 30
771 1137 219 49 september
1019 1138 96 35 1885
1146 1134 276 50 upphandlade
1452 1133 288 37 kumminosten
1771 1133 99 35 hade

255 1191 512 48 förvaltningsdirektionen
796 1189 160 36 anhållit
985 1194 56 30 att
1070 1188 35 35 få
1134 1188 100 35 fästa
1263 1186 398 49 uppmärksamheten
1691 1184 100 48 derå,
1813 1189 57 31 att

255 1248 20 33 å
304 1245 126 36 denna
458 1244 178 35 leverans
667 1241 178 47 offeutlig
873 1240 161 37 auktion
1065 1239 126 36 blifvit
1219 1239 131 36 hållen
1381 1238 72 35 och
1482 1242 56 31 att
1562 1237 63 35 vid
1647 1237 224 36 densamma

254 1296 98 36 intet
394 1300 119 31 annat
552 1294 80 49 pris
675 1293 186 48 erbjudits
909 1295 20 32 å
970 1290 297 49 ifrågavarande
1301 1288 335 51 proviantartikel,
1666 1293 47 31 än
1740 1288 66 36 det
1835 1286 41 37 af

255 1345 511 49 förvaltningsdirektionen
796 1349 179 43 antagna.

388 1399 16 36 I
433 1399 20 48 8
484 1400 75 34 274
588 1397 43 36 af
666 1396 256 48 reglementet
950 1395 58 36 för
1036 1395 149 46 flottan,
1214 1393 123 36 första
1367 1392 124 47 delen,
1522 1391 265 46 föreskrilves,
1818 1395 55 31 att

256 1451 250 48 anskaffning
535 1449 41 36 af
603 1461 113 23 varor
745 1448 87 36 utaf
857 1448 71 35 den
958 1446 281 46 beskaffenhet,
1271 1458 82 23 som
1383 1444 48 36 de
1455 1444 12 35 i
1493 1444 262 35 revisorernes
1773 1442 98 36 före-

255 1503 169 36 varande
454 1500 290 47 framställning
769 1498 262 47 omförmälda,
1062 1497 99 36 skall
1191 1497 68 36 ske
1289 1496 189 48 antingen
1503 1507 140 36 genom
1669 1493 203 50 upphand-

255 1554 282 48 lingsauktion,
581 1552 220 36 infordrade
848 1550 128 36 anbud
1007 1549 93 37 eller
1124 1549 123 36 under
1276 1547 117 44 hand,
1423 1547 72 36 och
1520 1552 56 30 att
1605 1546 42 36 af
1672 1546 112 36 dessa
1813 1550 59 31 ut-

256 1611 120 43 vägar
405 1605 76 36 den
510 1606 70 35 bör
608 1603 154 47 anlitas,
793 1616 82 22 som
905 1607 163 43 antages
1096 1600 86 37 leda
1211 1599 58 36 till
1299 1600 46 36 de
1371 1600 59 35 för
1458 1599 148 35 kronan
1625 1597 249 47 förmånliga-

256 1663 60 30 ste
346 1657 139 36 vilkor.
540 1656 53 36 På
621 1655 127 49 grund
778 1653 115 37 häraf
914 1666 117 36 synes
1061 1651 214 48 anledning
1303 1651 87 36 icke
1434 1650 208 36 förefinnas
1684 1649 60 36 till
1773 1648 100 37 erin-

255 1722 69 23 ran
352 1708 12 36 i
394 1708 181 36 afseende
606 1710 20 33 å
654 1707 66 35 det
764 1710 88 42 sätt,
896 1705 147 48 hvarpå
1076 1703 296 49 ifrågavarande
1397 1701 316 50 upphandlingar
1742 1701 131 36 ombe-

257 1761 127 48 sörjts;
417 1759 175 36 deremot
620 1759 71 35 har
719 1758 190 36 utskottet
938 1757 64 35 vid
1027 1755 225 49 jemförelse
1281 1754 87 36 med
1400 1754 65 36 det
1493 1753 93 49 pris,
1607 1766 82 23 som
1709 1752 163 37 berörda

256 1825 113 23 varor
396 1811 65 37 vid
509 1811 47 36 de
598 1810 42 36 af
674 1809 241 36 revisorerne
949 1807 253 38 omförmälda
1232 1806 228 49 tidpunkter
1484 1806 13 35 i
1526 1805 213 36 allmänhet
1767 1804 103 36 inom

256 1863 132 36 landet
432 1863 189 48 betingat,
661 1861 137 47 funnit,
836 1865 56 31 att
926 1860 196 36 desamma
1148 1858 128 37 blifvit
1304 1857 226 37 anskaffade
1560 1859 48 46 på
1636 1856 61 36 för
1725 1856 147 35 kronan

256 1914 257 50 synnerligen
556 1913 254 48 oförmånliga
854 1912 137 36 vilkor.
1050 1910 127 37 Sedan
1221 1909 213 37 emellertid
1476 1908 396 49 uppmärksamheten

256 1966 129 37 blifvit
413 1966 78 36 fäst
522 1969 20 33 å
585 1965 163 36 berörda
777 1964 281 46 förhållanden,
1089 1975 114 24 anser
1232 1962 63 48 sig
1323 1961 195 36 utskottet
1546 1973 72 35 ega
1661 1959 214 48 anledning

257 2024 155 43 antaga,
443 2024 55 29 att
527 2017 59 36 för
616 2016 208 36 framtiden
854 2016 62 36 vid
947 2014 315 50 upphandlingar
1290 2013 42 37 af
1355 2011 299 49 ifrågavarande
1684 2012 86 47 slag
1788 2012 87 35 kro-

256 2083 98 23 nans
397 2069 123 37 fördel
557 2069 175 36 kommer
774 2073 56 31 att
873 2079 243 36 nogrannare
1146 2071 46 31 än
1224 2066 63 36 vid
1317 2065 46 35 de
1392 2064 42 36 af
1458 2063 243 37 revisorerne
1726 2077 51 22 nu
1807 2076 66 23 an-

257 2122 150 36 märkta
436 2121 67 37 fall
531 2120 242 49 tillgodoses,
805 2120 153 36 hvadan
986 2119 193 36 utskottet
1207 2116 238 44 hemställer,

798 2227 56 31 att
895 2221 263 37 revisorernes
1200 2218 255 38 förenämnda
1496 2218 291 48 framställning
1816 2218 59 36 för

662 2274 241 36 närvarande
931 2273 85 37 icke
1046 2276 61 33 må
1134 2272 60 37 till
1223 2275 128 45 någon
1382 2270 249 49 Riksdagens
1648 2271 136 49 åtgärd
1801 2270 75 36 för-

662 2326 148 36 anleda.
