1907 2822
502 171 251 32 Statsutskottets
770 171 160 32 utlåtande
946 183 37 20 nr
1002 172 64 33 129
1084 172 35 32 år
1136 172 88 32 1968
1568 181 36 28 11

123 262 59 21 son
198 253 58 36 (h),
277 253 170 31 Wallmark
464 253 57 37 (bh),
537 254 105 30 Johan
659 254 115 31 Olsson
792 254 76 40 (cp),
885 255 147 31 Bohman
1049 255 58 37 (bh),
1125 255 87 31 Ståhl
1228 255 72 40 (fp),
1317 256 145 32 Eliasson
1478 257 11 30 i
1505 256 101 31 Sund-

123 306 81 31 born
224 306 77 40 (cp),
320 307 143 37 Nihlfors
483 307 71 40 (fp),
577 308 157 31 Turesson
755 308 57 37 (hb),
833 309 190 36 Gustafsson
1042 309 11 30 i
1072 308 168 32 Skellefteå
1260 309 61 40 (fp)
1342 310 60 30 och
1420 310 185 31 Antonsson

125 360 67 40 (cp)
209 370 69 21 som
294 370 90 21 anser
400 365 44 26 att

170 414 67 31 dels
257 415 60 30 den
338 415 51 30 del
411 424 38 21 av
469 416 166 30 utskottets
655 416 143 39 yttrande
818 416 43 40 på
882 426 22 21 s.
928 417 20 29 4
970 426 69 21 som
1059 416 107 40 börjar
1186 417 73 30 med
1283 417 34 30 »I
1338 417 89 40 fråga
1448 427 72 21 om»
1545 418 61 30 och

125 468 97 31 slutar
236 469 72 30 med
328 469 124 31 »denna
468 469 69 31 del»
556 469 71 31 bort
643 470 41 30 ha
699 470 140 39 följande
854 470 128 40 lydelse:

173 523 35 29 »I
222 522 88 40 fråga
325 532 54 21 om
395 522 215 32 skolmåltider
624 524 61 30 och
701 523 239 31 skolhälsovård
956 526 34 28 är
1006 524 188 31 situationen
1209 524 184 31 densamma
1410 534 69 21 som
1494 525 10 31 i
1518 524 90 40 fråga

124 585 53 22 om
201 576 216 39 skolskjutsar.
443 578 356 39 Departementschefen
822 578 57 30 har
903 579 63 30 inte
988 578 107 31 biträtt
1119 579 117 39 förslag
1261 588 37 21 av
1322 578 206 40 utredningen
1553 589 52 20 om

125 630 188 39 statsbidrag
330 631 45 29 till
394 631 92 30 dessa
504 630 84 31 båda
607 631 147 30 ändamål
771 631 116 30 medan
905 632 9 30 i
933 632 198 30 motionerna
1149 632 25 29 I:
1192 632 61 30 843
1274 632 62 30 och
1354 632 41 30 II:
1415 632 83 31 1089
1518 632 88 30 hem-

124 684 98 30 ställts
242 688 44 26 att
304 684 167 39 riksdagen
489 685 138 30 beslutar
646 689 43 26 att
709 685 187 40 statsbidrag
915 685 78 31 skall
1012 684 74 41 utgå
1104 685 94 40 enligt
1217 685 39 31 de
1276 695 39 21 av
1333 685 205 40 utredningen
1556 686 50 30 fö-

123 738 143 39 reslagna
286 738 150 39 reglerna.

169 792 162 30 Utskottet
345 792 81 30 intar
440 792 10 30 i
465 792 103 30 denna
582 792 89 39 fråga
687 801 120 21 samma
822 793 195 39 principiella
1033 792 192 40 ståndpunkt
1240 802 69 21 som
1324 793 10 30 i
1349 792 88 40 fråga
1453 802 53 21 om
1522 793 83 30 skol-

124 845 243 39 skjutsbidraget
385 846 61 30 och
465 846 166 39 tillstyrker
650 846 107 30 därför
775 846 321 39 motionsyrkandena
1115 855 53 21 om
1188 846 188 40 statsbidrag
1392 847 46 30 till
1457 846 149 31 skolmål-

124 899 80 30 tider
219 899 61 30 och
297 899 248 31 skolhälsovård.
562 898 93 32 Även
671 900 211 30 kostnaderna
897 900 51 30 för
964 900 91 30 dessa
1070 900 111 39 bidrag
1195 900 58 30 bör
1269 900 153 31 bestridas
1439 910 36 20 ur
1492 901 113 39 grund-

124 953 260 39 skoleanslaget.»

169 1007 67 30 dels
253 1007 167 30 utskottets
438 1007 187 30 hemställan
643 1007 99 30 under
761 1007 28 30 3.
810 1007 71 30 bort
898 1007 42 30 ha
957 1006 140 40 följande
1115 1006 128 40 lydelse:

491 1061 49 30 »3.
561 1065 42 26 att
619 1061 166 39 riksdagen
802 1061 73 30 med
891 1061 89 30 bifall
996 1061 45 30 till
1057 1061 198 30 motionerna
1270 1061 93 30 I:843
1383 1061 61 30 och
1460 1061 144 36 11:1089,

443 1114 92 31 såvitt
555 1124 44 20 nu
621 1116 34 29 är
675 1115 9 30 i
705 1114 98 40 fråga,
826 1114 138 31 beslutar
986 1119 43 25 att
1051 1114 188 39 statsbidrag
1260 1114 79 30 skall
1360 1114 74 39 utgå
1455 1114 45 30 till
1522 1114 83 31 skol-

442 1167 145 31 måltider
609 1168 60 30 och
693 1167 238 31 skolhälsovård
953 1168 53 30 vid
1029 1168 133 30 svenska
1184 1167 234 31 utlandsskolor
1440 1168 10 30 i
1472 1167 135 40 enlighet

443 1222 74 30 med
532 1222 60 30 vad
609 1223 150 29 utskottet
774 1222 173 36 förordat,»

170 1329 33 37 3)
220 1329 199 30 beträffande
436 1329 184 39 avveckling
636 1339 38 21 av
690 1329 219 40 statsbidraget
925 1330 45 30 till
985 1330 210 31 Hillelskolan

170 1382 31 37 a)
227 1392 39 21 av
283 1383 72 30 herr
372 1383 100 37 Björk
492 1382 40 38 (s)

168 1437 35 36 b)
230 1446 38 21 av
284 1436 114 31 fröken
415 1437 116 30 Olsson
549 1437 41 37 (s)

168 1545 34 36 4)
226 1544 200 31 beträffande
449 1545 188 39 statsbidrag
658 1545 44 30 till
727 1545 39 30 de
789 1545 137 30 estniska
950 1545 148 31 skolorna
1122 1545 61 31 och
1205 1545 210 31 Hillelskolan
1438 1555 38 21 av
1499 1546 107 30 herrar

126 1599 108 36 Virgin
250 1598 58 37 (h),
325 1599 152 30 Ottosson
494 1599 57 36 (h),
572 1599 169 30 Wallmark
757 1599 57 37 (h),
830 1599 147 31 Bohman
993 1599 46 37 (h)
1056 1599 61 30 och
1134 1600 157 30 Turesson
1308 1599 47 37 (h)
1371 1609 69 21 som
1457 1609 89 21 anser
1562 1603 44 27 att

169 1655 67 31 dels
251 1655 53 30 det
319 1655 106 39 stycke
440 1655 10 31 i
464 1655 167 31 utskottets
645 1656 143 39 yttrande
803 1655 42 40 på
860 1665 22 21 s.
911 1656 8 30 7
936 1665 69 21 som
1020 1655 107 39 börjar
1141 1655 73 31 med
1231 1654 52 32 »Å
1298 1655 117 31 andra»
1433 1656 61 30 och
1510 1656 96 30 slutar

123 1709 74 30 med
214 1709 30 30 »i
258 1709 103 30 kraft»
379 1709 72 30 bort
465 1709 41 30 ha
520 1708 140 39 följande
674 1709 128 39 lydelse:

171 1763 182 29 »Utskottet
368 1763 103 29 finner
487 1762 154 39 yrkandet
657 1772 53 20 om
727 1763 165 30 bestämda
908 1763 100 38 regler
1024 1764 51 29 för
1092 1764 370 40 statsbidragsgivningen
1478 1766 45 30 till
1541 1766 38 30 de
1597 1767 9 29 i

123 1816 199 30 motionerna
337 1816 24 30 I:
379 1816 62 30 845
459 1816 61 30 och
535 1816 41 29 II:
596 1816 84 30 1086
696 1815 142 39 åsyftade
854 1816 138 30 estniska
1007 1817 148 30 skolorna
1171 1817 61 30 och
1247 1818 210 30 Hillelskolan
1472 1820 50 29 väl
1537 1828 69 21 mo-

124 1869 119 30 tiverat.
260 1869 192 30 Nuvarande
468 1873 114 35 system
597 1869 73 30 med
685 1869 102 30 beslut
801 1878 54 21 om
870 1869 187 40 statsbidrag
1070 1870 51 30 för
1136 1870 110 31 endast
1261 1875 42 26 ett
1318 1871 34 31 år
1371 1872 5 30 i
1392 1872 113 31 sänder
1518 1873 88 30 med-

122 1923 52 30 för
193 1926 44 27 att
256 1923 149 30 skolorna
424 1922 48 31 får
493 1922 107 30 arbeta
619 1922 100 30 under
737 1923 92 39 högst
848 1923 105 30 ovissa
972 1924 266 39 omständigheter
1257 1925 73 30 med
1351 1925 60 30 alla
1431 1925 39 31 de
1491 1925 115 41 svårig-

123 1976 89 30 heter
225 1976 51 31 för
289 1976 204 40 planeringen
508 1985 68 21 som
592 1976 85 30 detta
692 1976 132 31 medför.
842 1976 63 30 Det
919 1977 131 30 innebär
1065 1977 97 30 också
1177 1987 39 20 en
1230 1978 65 30 risk
1309 1978 51 30 för
1375 1983 44 26 att
1433 1979 39 30 de
1487 1980 119 30 ekono-

123 2030 103 30 miska
239 2039 181 21 resurserna
435 2030 59 30 blir
509 2030 207 39 otillräckliga
731 2030 61 30 och
808 2034 44 27 att
868 2030 164 31 skolornas
1047 2031 214 40 pedagogiska
1278 2033 148 31 standard
1443 2043 68 22 som
1527 2034 79 40 följd

123 2084 98 30 härav
239 2083 135 39 sjunker.
394 2084 161 30 Utskottet
572 2084 167 38 tillstyrker
756 2084 199 30 motionerna
971 2085 25 30 I:
1014 2085 61 30 845
1096 2085 61 31 och
1174 2086 42 30 II:
1235 2086 84 31 1086
1337 2087 10 30 i
1364 2087 62 30 vad
1444 2088 96 39 gäller
1558 2088 48 31 så-

123 2138 51 30 väl
192 2138 188 30 hemställan
397 2147 53 21 om
470 2137 304 39 statsbidragsregler
793 2147 68 21 som
880 2138 235 31 hänvändelsen
1132 2140 46 29 till
1196 2140 114 39 Kungl.
1331 2140 96 40 Maj:t
1445 2141 162 40 angående

124 2192 158 30 storleken
307 2201 38 21 av
370 2191 227 40 statsbidragen
621 2191 45 30 till
692 2191 148 31 skolorna
864 2191 50 31 för
937 2191 87 31 tiden
1048 2193 94 30 innan
1168 2193 38 31 de
1231 2194 141 31 önskade
1397 2204 61 30 nya
1483 2195 124 31 statsbi-

124 2246 236 39 dragsreglerna
376 2246 74 29 trätt
465 2246 11 29 i
492 2245 113 30 kraft.»

170 2302 67 30 dels
252 2302 166 30 utskottets
434 2301 187 30 hemställan
636 2301 100 31 under
755 2302 48 30 11.
822 2302 60 30 och
902 2302 49 31 12.
969 2302 71 31 bort
1055 2302 42 30 ha
1111 2302 140 40 följande
1267 2303 128 40 lydelse:

491 2355 72 30 »11.
588 2358 44 27 att
665 2355 167 40 riksdagen
865 2355 74 31 med
973 2356 88 30 bifall
1095 2356 45 30 till
1173 2357 199 31 motionerna
1406 2358 24 30 I:
1448 2358 62 31 845
1547 2358 60 30 och

442 2409 41 29 II:
503 2409 94 36 1086,
623 2408 91 31 såvitt
736 2418 42 20 nu
803 2410 34 29 är
859 2410 10 30 i
891 2409 98 39 fråga,
1013 2410 59 30 hos
1095 2411 113 38 Kungl.
1234 2411 95 39 Maj:t
1351 2411 180 31 hemställer
1554 2421 54 21 om

442 2462 119 39 förslag
580 2471 53 21 om
653 2462 226 40 bidragsregler
899 2463 51 30 för
970 2463 39 31 de
1030 2463 137 31 estniska
1188 2464 148 31 skolorna
1357 2465 61 30 och
1437 2466 171 30 Hillelsko-

442 2516 53 29 lan
514 2515 73 30 med
608 2515 79 40 syfte
708 2520 43 26 att
772 2516 91 30 säkra
884 2516 165 31 skolornas
1069 2517 144 31 fortsatta
1234 2518 134 31 existens
1389 2518 61 31 och
1469 2519 139 40 pedago-

444 2569 88 40 giska
548 2569 158 37 standard,
