2226 2640
683 185 262 33 Statsutskottets
979 184 178 33 Utlåtande
1183 183 66 32 N:o
1278 185 72 29 119.
1722 178 44 32 27

1563 313 73 36 Bil.
1664 312 52 36 II.

321 476 74 36 Till
423 475 130 48 kungl.
584 473 390 48 arméförvaltningen
1003 474 22 34 å
1052 469 591 49 fortifikationsdepartementet.

325 528 126 37 Sedan
485 527 18 36 I
539 527 55 36 uti
622 526 201 37 skrifvelse
852 524 75 37 den
959 525 46 35 18
1034 523 12 36 i
1075 523 124 36 denna
1226 521 137 37 månad
1390 520 57 36 till
1475 518 348 48 stadsfullmäktige

221 581 142 37 hafven
405 578 314 49 tillkännagifvit,
761 582 56 32 att
858 577 65 36 det
964 575 165 47 område,
1168 587 82 24 som
1273 572 154 50 jämlikt
1454 572 173 49 punkten
1658 573 32 34 1.
1718 570 14 36 i
1759 570 65 36 det

222 633 138 37 mellan
404 631 104 38 Eder
549 634 21 33 å
611 629 144 50 Kungl.
797 629 127 48 Maj:ts
971 627 71 37 och
1094 627 168 36 kronans
1302 630 149 44 vägnar
1493 629 98 31 samt
1632 621 192 38 stadsfull-

221 685 168 48 mäktige
417 685 12 35 i
457 682 264 50 Hälsingborg
757 681 74 36 den
860 683 60 34 22.
951 680 70 37 och
1051 680 59 36 30.
1141 677 215 50 september
1387 677 97 36 1903
1513 674 228 51 upprättade
1769 674 55 36 af-

221 738 94 36 talet
356 736 200 49 angående
597 733 213 51 upplåtelse
842 733 42 36 af
909 732 107 37 mark
1044 731 59 36 för
1131 729 144 49 Kungl.
1306 728 174 38 Skånska
1508 727 316 49 husarregemen-

221 795 78 31 tets
326 801 76 36 nya
430 786 429 38 kasernetablissement
886 798 48 23 m.
964 797 49 23 m.
1044 782 133 47 skulle,
1205 781 84 37 fritt
1316 781 87 37 från
1430 779 239 50 byggnader,
1694 778 40 37 af
1750 783 74 32 sta-

222 841 73 37 den
332 840 57 36 till
416 840 149 36 kronan
606 838 168 37 afträdas
802 837 75 36 den
908 838 58 34 14.
995 833 319 39 nästkommande
1343 845 113 33 mars,
1484 831 58 36 till
1569 830 97 50 följd
1694 830 42 37 af
1759 830 66 36 ka-

223 891 500 50 sernbyggnadsarbetenas
764 888 232 37 försenande
1039 892 101 31 ännu
1171 886 85 36 icke
1294 890 42 32 är
1362 885 61 36 för
1450 884 149 36 kronan
1629 882 196 49 behöfligt,

223 950 98 32 samt
347 943 214 48 föreslagit,

327 1001 55 32 att
422 995 86 37 med
551 993 251 49 vidtagandet
828 992 41 37 af
895 991 179 49 åtgärder
1102 990 60 37 för
1190 990 123 36 denna
1342 986 258 38 områdesdels
1628 985 198 38 befriande

224 1048 86 37 från
351 1048 90 36 därå
482 1045 200 50 befintliga
723 1044 229 50 byggnader
995 1046 116 33 måtte
1139 1041 210 37 tillsvidare
1376 1042 110 35 anstå
1514 1044 98 31 samt
1639 1043 56 31 att
1722 1037 104 37 tiden

224 1101 61 36 för
322 1100 243 37 densammas
594 1097 225 38 afträdande
848 1096 55 36 till
935 1096 151 36 kronan
1112 1094 13 36 i
1153 1094 86 36 från
1266 1091 228 51 byggnader
1521 1090 167 38 befriadt
1717 1089 109 37 skick

223 1153 13 36 i
278 1151 126 38 stället
444 1151 232 37 bestämmas
719 1149 57 36 till
818 1148 74 37 den
934 1149 57 35 14.
1035 1159 101 24 mars
1177 1150 56 32 ett
1261 1148 40 33 år
1329 1145 97 37 efter
1454 1143 65 37 det
1545 1143 131 48 kungl.
1707 1142 120 36 armé-

224 1204 288 47 förvaltningen
541 1206 21 33 å
590 1200 580 49 fortifikationsdepartementet
1207 1198 129 36 därom
1364 1196 242 36 underrättat
1634 1193 194 38 stadsfull-

225 1255 185 49 mäktige;

328 1307 39 36 få
400 1304 352 49 stadsfullmäktige
790 1301 158 38 härmed
985 1300 180 47 förklara,
1195 1304 55 31 att
1277 1296 348 49 stadsfullmäktige
1653 1301 90 31 utan
1772 1300 56 31 att

227 1358 156 38 därmed
411 1358 116 36 hafva
555 1356 160 37 afhändt
743 1354 61 49 sig
830 1357 129 45 någon
988 1355 49 47 på
1062 1351 223 37 kontraktet
1311 1349 177 50 grundad
1516 1353 76 32 rätt
1610 1348 84 37 icke
1712 1347 117 37 hafva

225 1414 120 46 något
372 1415 56 32 att
457 1409 181 37 anmärka
666 1412 102 32 emot
796 1405 221 49 föreslagna
1044 1404 224 48 ändringen.

331 1478 262 49 Hälsingborg
621 1477 75 36 den
725 1477 46 36 21
801 1473 168 38 februari
1000 1474 110 35 1905.

706 1580 54 36 På
788 1576 370 49 stadsfullmäktiges
1187 1580 160 44 vägnar:

845 1680 166 38 OSCAR
1038 1679 175 37 TRAPP.

1396 1832 46 35 K.
1472 1831 45 35 E.
1547 1829 178 38 Norrsell.
