1856 2778
242 178 38 29 30
549 176 120 32 Åndra
693 176 245 41 lagutskottets
963 176 180 32 utlåtande
1165 185 43 22 nr
1230 176 41 31 34
1294 176 39 31 år
1358 175 82 32 1957

245 261 97 32 lerna
365 263 225 39 undanröjes.
614 264 78 30 Som
714 263 94 29 förut
830 264 141 29 nämnts
992 263 64 29 har
1075 263 126 38 Kungl.
1223 262 105 39 Maj:t
1350 262 179 39 föreslagit
1550 262 92 31 årets
1660 262 87 30 riks-

248 314 74 36 dag,
342 315 49 27 att
412 313 336 37 investeringsavgift
768 312 55 30 för
842 312 38 30 år
901 312 75 30 1957
997 312 29 36 ej
1050 313 90 28 skall
1159 314 132 35 uttagas
1312 312 54 29 för
1388 312 361 36 oljelagringsanlägg-

248 364 126 38 ningar
398 373 57 19 om
478 364 108 29 minst
612 364 93 29 1000
729 364 58 29 m?.
812 363 74 29 Vad
910 362 107 39 angår
1040 362 406 39 avskrivningsreglerna
1469 371 102 29 synes
1595 370 43 20 en
1663 371 87 29 upp-

247 414 189 39 mjukning
459 414 84 30 böra
567 415 186 39 övervägas
779 415 79 29 med
882 414 137 39 hänsyn
1043 414 53 30 till
1121 415 66 29 den
1213 414 178 38 skyddade
1417 413 190 40 lagringen.
1634 414 116 29 Större

247 464 229 39 likställighet
501 464 98 30 torde
626 464 146 29 sålunda
797 464 11 28 i
834 463 445 39 avskrivningshänseende
1305 463 85 29 böra
1415 463 226 29 eftersträvas
1667 462 84 29 mel-

248 515 59 29 lan
331 515 20 29 å
376 524 64 19 ena
465 515 100 29 sidan
591 515 178 39 skyddade
795 516 200 37 utrymmen
1020 514 65 28 och
1111 514 19 29 å
1156 514 108 28 andra
1290 513 102 42 sidan
1418 513 333 38 ovanjordsanlägg-

249 566 134 39 ningar.
403 567 120 29 Denna
543 565 100 40 fråga
663 566 95 29 torde
778 565 36 30 få
831 567 171 37 upptagas
1023 565 51 30 till
1093 565 171 39 prövning
1281 564 11 29 i
1311 567 108 27 annat
1439 564 265 39 sammanhang.

290 615 49 30 De
365 615 198 40 föreslagna
588 615 226 39 riktlinjerna
839 614 55 30 för
919 614 398 40 lagringsskyldigheten
1343 632 44 3 —
1411 613 244 30 innefattande
1681 613 69 39 lag-

246 666 335 39 ringsprogrammet
601 666 65 29 och
685 665 376 39 finanseringsformen
1079 683 45 3 -—
1141 664 97 30 torde
1256 664 85 30 böra
1360 664 235 29 underställas
1615 663 136 30 riksda-

247 724 95 31 gen.»

292 810 12 28 I
333 809 203 39 anslutning
564 810 52 28 till
645 810 56 28 det
728 809 196 38 framlagda
951 808 168 39 förslaget
1146 808 51 29 till
1224 807 207 39 förordning
1458 816 57 20 om
1543 807 208 39 oljelagring

248 868 43 21 m.
315 869 45 20 m.
386 859 101 30 anför
509 859 387 40 departementschefen
918 859 43 29 bl.
984 867 30 23 a.
1038 857 168 40 följande.

961 958 74 37 28.

295 1027 84 39 »Jag
401 1027 59 29 vill
483 1027 30 39 ej
540 1028 166 28 motsätta
730 1027 70 38 mig
824 1028 50 28 att
897 1027 41 29 de
960 1025 187 30 inhemska
1170 1025 312 29 raffinaderiernas
1506 1024 246 40 lagringsplikt

248 1077 280 39 huvudsakligen
547 1077 167 39 fullgöres
732 1085 125 30 genom
874 1076 133 39 lagring
1025 1085 42 20 av
1085 1076 122 38 råolja.
1225 1076 64 29 Det
1307 1076 39 29 är
1364 1075 192 30 emellertid
1574 1075 76 29 icke
1669 1075 84 29 nöd-

249 1128 144 38 vändigt
419 1129 50 28 att
495 1127 134 30 belasta
658 1127 346 39 författningstexten
1032 1127 79 28 med
1140 1135 41 20 en
1209 1126 89 39 regel
1329 1126 138 35 härom;
1498 1125 79 30 med
1606 1126 76 29 stöd
1710 1134 42 20 av

251 1178 38 30 10
313 1178 27 37 $,
363 1178 52 29 till
434 1187 79 20 vars
533 1178 112 39 regler
665 1178 57 39 jag
743 1177 245 34 återkommer,
1010 1177 71 29 kan
1103 1176 390 39 tillsynsmyndigheten
1514 1176 119 30 lämna
1653 1175 100 30 raffi-

248 1229 208 29 naderierna
477 1228 228 39 medgivande
726 1229 49 28 att
796 1228 96 38 lagra
913 1227 112 39 råolja
1045 1227 11 29 i
1078 1227 115 29 stället
1214 1227 54 29 för
1289 1236 119 19 annan
1429 1227 80 39 olja.

294 1279 261 39 Lagringsplikt
577 1288 103 30 synes
702 1278 74 30 icke
798 1278 86 29 böra
903 1278 167 38 föreligga
1092 1278 10 28 i
1125 1277 97 39 fråga
1243 1286 58 20 om
1321 1277 82 39 olja,
1426 1286 74 20 som
1523 1277 163 29 utvinnes
1710 1285 42 20 ur

250 1330 42 29 de
317 1329 186 29 inhemska
526 1329 378 39 skiffertillgångarna;
929 1328 64 29 här
1016 1328 97 29 finns
1137 1328 38 39 ju
1202 1327 111 39 själva
1337 1328 148 29 råvaran
1510 1327 122 39 lagrad
1655 1327 95 29 inom

250 1381 128 30 landet.
402 1381 101 29 Detta
524 1380 64 30 bör
610 1380 90 39 gälla
721 1380 76 30 icke
820 1380 88 30 blott
931 1379 54 31 för
1007 1379 225 30 tillverkaren
1254 1381 87 27 utan
1365 1380 86 29 även
1474 1379 55 29 för
1552 1378 201 31 återförsäl-

248 1432 76 39 jare
345 1431 66 29 och
430 1431 209 30 förbrukare
659 1439 41 21 av
719 1429 97 41 dylik
836 1430 81 39 olja,
938 1430 167 30 eftersom
1125 1429 107 40 priset
1252 1429 55 30 för
1327 1430 115 29 denna
1463 1429 75 30 icke
1559 1429 71 29 kan
1652 1430 100 38 göras

249 1482 173 30 beroende
447 1490 41 21 av
511 1490 58 21 om
594 1482 212 29 avnämaren
830 1482 39 28 är
894 1480 280 39 lagringspliktig
1197 1480 83 29 eller
1304 1479 45 40 ej.
1375 1479 13 30 I
1414 1479 252 39 förordningen
1689 1479 64 30 bör

250 1533 104 30 alltså
373 1532 224 34 föreskrivas,
618 1533 50 28 att
686 1532 66 29 vad
772 1531 76 30 däri
869 1532 139 38 stadgas
1028 1540 58 20 om
1107 1530 354 39 lagringsskyldighet
1481 1530 75 29 icke
1578 1530 90 29 skall
1689 1530 63 39 äga

251 1582 222 40 tillämpning
495 1582 19 29 å
534 1581 84 40 olja,
640 1591 73 19 som
734 1581 184 29 utvunnits
939 1589 42 20 ur
1000 1580 165 29 inhemsk
1186 1579 155 30 skiffer.»

964 1681 18 30 5
1010 1680 27 37 8.

296 1750 140 29 »Denna
456 1749 162 37 paragraf
640 1748 190 30 innehåller
852 1749 154 36 reglerna
1029 1757 57 20 om
1107 1748 94 29 vilka
1223 1747 125 36 säljare
1370 1757 42 20 av
1435 1747 69 37 olja
1527 1756 75 21 som
1625 1748 37 28 är
1685 1747 69 37 lag-

250 1800 267 40 ringsskyldiga.
534 1800 105 30 Detta
657 1800 88 29 skall
763 1808 75 21 som
855 1799 141 30 nämnts
1013 1799 146 38 avgöras
1177 1799 43 39 på
1238 1798 170 39 grundval
1426 1808 41 20 av
1485 1798 267 30 förhållandena

250 1852 111 29 under
385 1851 72 30 året
481 1851 74 29 före
581 1851 58 29 det
662 1850 43 31 då
729 1849 398 40 lagringsskyldigheten
1151 1849 219 35 bestämmes,
1398 1849 147 29 basåret.
1570 1848 184 39 Lagrings-

251 1901 140 40 skyldig
412 1903 37 28 är
471 1901 10 29 i
504 1901 112 30 första
638 1901 93 30 hand
754 1901 66 29 den
844 1909 75 20 som
942 1900 110 29 under
1075 1899 138 30 basåret
1237 1899 66 30 sålt
1327 1899 81 39 olja,
1434 1908 73 21 som
1531 1900 71 28 han
1626 1898 127 40 impor-

251 1953 89 28 terat
359 1951 82 30 eller
458 1951 167 29 utvunnit
642 1950 56 30 vid
716 1949 279 40 oljeraffinaderi
1013 1951 98 29 inom
1129 1949 126 36 landet,
1274 1951 92 28 samt
1382 1949 118 30 vidare
1519 1949 139 39 säljare,
1678 1958 75 20 som

252 2004 85 38 köpt
363 2002 96 40 oljan
481 2002 79 30 från
585 2001 168 40 importör
777 2001 83 29 eller
885 2000 177 30 inhemskt
1087 1999 289 40 oljeraffinaderi.
1412 2000 12 29 I
1449 2000 222 30 sistnämnda
1694 1999 60 29 fall

253 2052 156 30 inträder
429 2052 87 30 dock
536 2051 354 40 lagringsskyldighet
911 2051 86 29 blott
1016 2060 57 21 om
1095 2050 151 40 säljaren
1267 2052 37 28 är
1325 2052 48 29 ett
1394 2051 108 29 större
1523 2050 232 39 oljehandels-

254 2103 144 39 företag,
426 2104 142 29 varmed
595 2112 98 20 avses
719 2104 50 27 att
795 2102 169 38 företaget
991 2101 111 29 under
1129 2101 136 29 basåret
1293 2101 67 29 sålt
1388 2101 234 38 sammanlagt
1648 2100 108 30 minst

253 2154 40 30 20
308 2154 64 29 000
398 2154 49 29 m?
473 2153 80 39 olja.
592 2151 345 41 Exportförsäljning
961 2152 98 29 torde
1085 2161 75 20 som
1185 2151 54 30 för
1265 2151 217 31 närvarande
1510 2151 86 30 böra
1621 2151 135 29 undan-

251 2205 113 38 tagas;
395 2204 121 29 endast
544 2203 212 39 försäljning
782 2202 52 29 till
861 2203 186 29 avnämare
1074 2202 95 28 inom
1197 2201 89 29 riket
1313 2201 62 29 bör
1402 2201 158 30 medföra
1588 2200 167 39 lagrings-

252 2253 228 39 skyldighet.»

965 2319 19 29 6
1009 2319 27 36 8.

300 2388 168 28 »Kretsen
486 2396 41 20 av
547 2386 312 38 lagringsskyldiga
878 2386 245 29 konsumenter
1141 2393 101 29 anges
1261 2386 10 28 i
1291 2385 112 30 denna
1422 2384 171 38 paragraf.
1613 2385 57 28 Att
1689 2385 69 36 lag-

251 2437 189 39 ringsplikt
461 2437 88 29 skall
569 2437 91 39 gälla
680 2437 53 29 för
751 2436 67 29 den
839 2445 75 21 som
936 2435 188 30 förbrukar
1143 2435 80 39 olja,
1245 2444 75 20 som
1339 2435 72 29 han
1430 2435 88 38 själv
1537 2435 216 38 importerat,

253 2490 140 37 utsäges
417 2488 10 29 i
450 2488 111 30 första
586 2488 144 39 stycket.
754 2487 263 39 Förordningen
1040 2488 110 33 torde,
1172 2486 127 29 liksom
1324 2486 67 29 den
1415 2494 47 20 nu
1486 2485 170 38 gällande,
1679 2485 76 29 icke
