1854 2778
256 169 37 29 16
562 169 119 30 Andra
705 170 245 39 lagutskottets
975 172 179 30 utlåtande
1177 182 42 19 nr
1242 173 41 29 34
1307 173 38 29 år
1370 173 81 29 1957

257 253 65 29 har
342 253 89 30 visat
451 253 50 40 sig
520 263 84 21 vara
626 254 134 32 förenat
782 256 79 29 med
882 256 87 30 flera
990 257 198 29 nackdelar.
1210 257 117 31 Under
1347 257 159 40 perioder
1528 258 44 30 då
1593 258 166 30 konsum-

258 303 119 30 tionen
398 305 37 28 är
454 304 10 29 i
485 305 114 29 starkt
619 305 156 39 stigande
795 324 44 3 —
859 307 115 29 såsom
994 307 98 30 fallet
1112 309 38 28 är
1169 308 54 29 för
1243 309 218 29 närvarande
1481 327 44 3 —
1546 309 135 30 medför
1702 310 56 29 det

257 363 43 20 en
326 354 70 29 viss
423 355 252 40 eftersläpning
700 356 10 29 i
736 357 190 39 lagringen.
952 357 127 30 Vidare
1106 358 138 39 medger
1270 359 58 29 det
1354 358 75 30 icke
1455 359 11 29 i
1492 359 188 40 tillräcklig
1707 362 52 28 ut-

258 405 203 39 sträckning
482 415 42 20 en
547 406 359 41 framtidsplanering,
928 407 107 30 vilket
1058 409 38 28 är
1119 408 51 30 till
1191 409 183 39 olägenhet
1397 409 53 30 för
1473 410 95 29 såväl
1592 410 167 39 lagerhål-

260 454 71 28 lare
359 463 74 20 som
458 455 258 31 vederbörande
743 457 253 39 myndigheter.
1024 458 116 38 Enligt
1168 458 164 39 förslaget
1361 459 87 29 skall
1476 460 57 29 det
1562 460 194 29 tillkomma

256 505 126 39 Kungl.
407 506 104 39 Maj:t
536 508 51 28 att
611 507 105 40 enligt
739 509 164 37 grunder,
928 518 75 20 som
1026 509 187 40 riksdagen
1237 510 165 39 godkänt,
1426 511 195 29 bestämma
1645 512 41 29 de
1711 514 49 27 1to-

258 555 70 30 tala
353 557 165 38 mängder
542 557 73 39 olja
639 567 42 19 av
703 558 93 30 olika
822 559 83 39 slag,
931 568 74 20 som
1030 560 91 29 skall
1145 560 110 30 hållas
1281 560 11 29 i
1317 561 104 39 lager.
1445 561 315 40 Tillsynsmyndig-

259 606 103 29 heten
389 606 63 29 har
478 607 154 30 därefter
659 610 48 27 att
734 608 135 31 fördela
896 610 66 29 den
989 610 55 30 för
1069 610 97 39 varje
1193 611 146 40 oljeslag
1366 611 200 31 fastställda
1593 613 167 39 lagrings-

258 657 174 38 mängden
451 658 44 38 på
514 658 41 29 de
576 658 315 41 lagringsskyldiga
911 661 78 29 med
1009 661 138 39 hänsyn
1168 661 50 30 till
1239 662 101 30 deras
1361 662 213 40 försäljning
1592 663 168 39 respekti-

256 716 40 20 ve
320 707 233 40 förbrukning
576 710 110 29 under
708 709 70 30 viss
801 710 195 40 basperiod.
1019 711 68 30 För
1110 713 49 28 att
1182 721 42 20 en
1247 721 97 21 mera
1367 712 188 41 långsiktig
1578 713 181 41 planering

258 757 90 29 skall
376 757 47 30 bli
451 758 122 40 möjlig
602 760 204 31 förutsätter
835 761 219 35 kommittén,
1084 764 51 29 att
1163 762 390 41 tillsynsmyndigheten
1583 764 109 30 under
1722 765 39 30 år

260 808 82 29 1957
369 808 134 30 lämnar
527 810 42 29 de
594 809 315 41 lagringsskyldiga
932 811 227 40 preliminära
1181 813 130 30 besked
1335 822 57 21 om
1417 815 41 29 de
1483 814 211 31 kvantiteter
1718 816 41 29 de

258 858 180 30 förväntas
467 859 84 30 böra
580 860 94 30 hålla
702 861 10 28 i
741 861 95 39 lager
864 862 57 30 vid
949 862 385 31 kalenderårsskiftena
1363 865 111 29 under
1503 865 176 39 perioden.
1710 865 49 30 De

257 909 142 39 slutliga
423 909 328 40 lagringsbeskeden
776 911 90 30 skall
891 913 88 38 gälla
1003 913 55 29 för
1083 913 38 30 år
1144 913 64 30 och
1231 914 161 30 utfärdas
1418 917 117 28 senast
1559 916 68 29 den
1652 917 14 29 1
1692 916 67 40 juli

260 957 72 30 året
356 958 73 30 före
453 959 55 30 det
533 969 75 20 som
631 969 107 21 avses.
760 979 42 3 —
825 961 78 30 Med
925 962 136 37 hänsyn
1084 963 52 31 till
1160 965 48 28 att
1230 963 299 39 lagringsbehovet
1554 966 139 30 särskilt
1718 976 41 20 av

259 1008 249 37 eldningsoljor
527 1011 164 36 uppvisar
714 1012 276 37 säsongmässiga
1007 1013 209 30 variationer
1235 1014 147 31 föreslår
1401 1016 215 34 kommittén,
1636 1019 47 27 att
1701 1017 59 30 vid

256 1059 280 31 bestämmandet
569 1071 43 20 av
644 1062 284 40 lagringsmängd
961 1064 115 30 skilda
1108 1065 248 39 myckenheter
1389 1067 56 30 må
1478 1067 193 31 fastställas
1704 1068 56 30 för

256 1110 96 30 olika
377 1111 87 29 tider
488 1121 42 20 av
554 1112 148 40 löpande
727 1114 48 29 år.
801 1114 227 30 Beträffande
1054 1115 301 40 eldningsoljorna
1381 1117 140 30 anföres
1547 1118 11 29 i
1585 1127 174 22 samman-

256 1160 139 40 hanget,
421 1163 48 28 att
494 1163 41 29 de
560 1163 220 30 föreskrivna
806 1165 118 39 lagren
949 1167 192 38 temporärt
1164 1166 62 30 bör
1250 1167 37 30 få
1312 1168 210 40 nedbringas
1548 1169 111 30 under
1684 1178 76 21 sen-

255 1210 140 30 vintern
422 1212 230 31 allteftersom
679 1214 65 30 den
772 1215 327 40 avspärrningsrisk
1127 1226 74 20 som
1228 1218 295 40 sammanhänger
1552 1220 79 30 med
1657 1220 102 30 isför-

255 1261 212 31 hållandena
490 1263 169 31 minskar.
682 1264 136 31 Graden
841 1275 43 20 av
905 1266 198 30 flexibilitet
1125 1267 11 30 i
1158 1268 299 41 lagerhållningen
1480 1270 62 30 bör
1566 1271 192 30 emellertid

255 1312 10 28 i
286 1314 50 28 ett
357 1313 124 30 sådant
501 1314 63 29 fall
584 1323 83 22 vara
688 1316 166 38 generellt
873 1316 169 31 bestämd.
1064 1318 75 29 Den
1160 1319 248 40 regelmässiga
1429 1320 176 40 sänkning
1626 1331 42 20 av
1688 1322 70 30 eld-

255 1362 306 41 ningsoljelagren,
584 1374 74 20 som
678 1367 132 29 ansetts
831 1367 121 30 kunna
972 1368 141 35 tillåtas,
1134 1369 64 29 har
1216 1369 189 31 beräknats
1426 1371 52 30 till
1498 1371 41 30 30
1559 1369 154 47 procent.

256 1471 163 35 Skyddad
443 1473 132 35 lagring

300 1547 296 32 Genomförandet
627 1559 42 20 av
698 1554 237 36 programmet
965 1552 125 30 kräver
1121 1553 105 40 enligt
1257 1554 209 31 kommittén
1498 1565 42 20 en
1572 1553 185 48 väsentligt

254 1597 92 30 ökad
375 1598 141 40 tillgång
540 1600 46 38 på
612 1600 177 39 skyddade
817 1602 365 40 lagringsutrymmen.
1210 1605 149 30 Särskilt
1386 1606 65 29 den
1478 1607 55 29 del
1561 1617 41 20 av
1629 1608 128 39 lagren,

255 1656 76 20 som
356 1649 38 28 är
417 1650 127 29 avsedd
568 1652 51 27 att
642 1651 141 30 komma
808 1652 52 29 till
884 1654 225 39 användning
1132 1654 11 29 i
1166 1657 48 27 ett
1237 1655 183 41 krigsläge,
1445 1657 61 31 bör
1531 1658 157 30 förvaras
1713 1659 45 39 på

253 1700 49 27 ett
329 1699 124 29 sådant
477 1701 68 29 sätt
569 1702 51 28 att
645 1701 323 32 tillfredsställande
993 1704 113 39 skydd
1131 1705 163 39 erbjudes
1320 1709 72 27 mot
1417 1708 192 39 förstöring
1633 1717 125 31 genom

253 1749 217 30 bombanfall
499 1751 84 29 eller
611 1751 239 41 beskjutning.
880 1753 92 31 Även
1002 1755 252 31 civilförsvars-
1284 1758 65 29 och
1378 1758 379 41 brandsäkerhetssyn-

253 1800 155 37 punkter
430 1802 59 37 gör
512 1801 51 40 sig
586 1802 63 30 här
671 1804 169 38 gällande.
865 1805 64 30 Vid
951 1805 256 41 bedömningen
1231 1817 42 19 av
1295 1808 124 39 frågan
1442 1809 10 29 i
1475 1809 118 31 vilken
1617 1811 140 29 omfatt-

254 1850 85 39 ning
360 1851 457 41 utbyggnadsprogrammet
837 1855 63 30 bör
919 1855 150 31 inriktas
1091 1858 44 38 på
1157 1858 178 38 skyddade
1357 1861 200 38 utrymmen
1580 1860 54 30 får
1655 1862 103 29 emel-

255 1900 102 30 lertid
387 1901 104 30 bland
522 1905 109 28 annat
660 1904 153 36 beaktas,
845 1907 51 28 att
925 1906 41 30 de
996 1908 219 38 geografiska
1245 1909 255 40 betingelserna
1533 1911 54 30 för
1619 1912 138 39 anlägg-

254 1950 247 40 ningsarbeten
519 1962 42 20 av
578 1954 95 30 detta
690 1955 71 39 slag
779 1956 153 29 varierar
951 1957 10 29 i
979 1958 94 29 olika
1092 1959 94 29 delar
1205 1968 42 21 av
1264 1960 129 34 landet,
1412 1963 50 27 att
1479 1958 276 48 byggnadstiden

253 2002 39 27 är
316 2004 158 28 avsevärt
497 2003 120 40 längre
642 2006 43 28 än
709 2005 54 30 för
786 2007 139 39 vanliga
949 2008 445 42 ovanjordsanläggningar
1420 2014 90 27 samt
1536 2015 51 27 att
1611 2012 146 31 investe-

256 2050 337 40 ringskostnaderna
619 2055 38 29 är
682 2055 206 39 betydande.
915 2057 216 31 Kommittén
1159 2059 63 29 har
1248 2060 57 29 vid
1332 2061 131 30 sådana
1492 2063 263 39 överväganden

254 2104 66 27 sett
343 2102 51 40 sig
414 2104 181 31 nödsakad
617 2107 50 28 att
687 2108 84 28 även
795 2107 9 29 i
826 2108 115 30 denna
961 2109 54 30 del
1038 2111 82 38 göra
1143 2111 60 29 sitt
1223 2120 164 31 program
1409 2113 136 30 mindre
1568 2114 188 30 omfattan-

253 2153 41 29 de
315 2154 44 28 än
381 2163 73 20 som
475 2164 40 19 ur
535 2155 398 43 beredskapssynpunkt
953 2159 10 29 i
984 2160 65 29 och
1071 2161 54 29 för
1147 2161 50 39 sig
1216 2171 81 21 vore
1319 2163 177 30 önskvärt.

297 2204 148 31 Särskilt
465 2206 179 39 angeläget
663 2208 63 28 har
745 2211 133 28 ansetts
898 2219 81 21 vara
1000 2212 50 28 att
1069 2211 125 30 bereda
1214 2214 40 28 de
1275 2213 10 29 i
1306 2213 259 40 krigsreserven
1586 2215 168 40 ingående

251 2254 217 30 drivmedlen
488 2256 159 39 skyddad
667 2258 143 40 lagring.
832 2260 12 29 I
864 2261 65 29 den
948 2261 151 40 hemliga
1119 2263 174 39 upplagan
1314 2274 43 19 av
1374 2265 238 31 betänkandet
1631 2267 63 29 har
1713 2268 41 29 de

250 2303 245 42 beräkningar,
516 2316 75 20 som
610 2308 108 39 gjorts
737 2310 179 39 angående
935 2312 377 39 utbyggnadsbehovet,
1332 2315 64 29 och
1415 2317 145 29 därmed
1581 2326 174 21 samman-

251 2354 185 39 hängande
461 2358 172 38 spörsmål
658 2360 160 30 närmare
844 2362 201 30 redovisats.
1071 2363 226 31 Beträffande
1323 2366 123 39 frågan
1472 2367 67 29 hur
1565 2367 190 40 utbyggna-

251 2405 68 29 den
339 2405 87 30 skall
446 2409 222 37 genomföras
688 2410 205 31 framhåller
912 2412 220 36 kommittén,
1151 2416 50 28 att
1220 2416 86 29 även
1327 2417 41 29 de
1389 2417 178 38 skyddade
1588 2413 166 49 lagrings-

251 2457 222 38 utrymmena
493 2458 10 29 i
524 2459 38 29 så
583 2461 71 28 stor
674 2461 244 41 utsträckning
938 2472 76 21 som
1033 2464 137 40 möjligt
1190 2465 63 30 bör
1272 2466 168 30 inordnas
1461 2467 11 29 i
1493 2468 67 29 den
1581 2468 173 31 kommer-
