2245 2672
730 229 250 32 Statsutskottets
1008 227 170 33 Utlåtande
1201 227 62 32 N:o
1289 228 70 31 146.
1763 226 37 31 11

247 309 300 50 tillgodoseende
588 309 41 36 af
652 309 161 37 berörda
847 308 196 37 önskemål
1072 307 64 37 det
1165 307 153 37 område
1347 305 40 37 af
1412 305 258 49 slottsjorden,
1699 305 143 49 Kungl.

243 363 129 49 Maj:ts
414 361 426 49 befallningshafvande
881 360 199 49 föreslagit
1109 364 54 32 att
1190 359 222 46 undantaga
1441 358 83 36 från
1553 357 290 49 försäljningen,

245 429 91 23 vore
366 414 127 36 alltför
520 414 147 49 knappt
694 413 229 45 beräknadt;
954 417 66 43 att,
1049 415 49 46 på
1127 416 74 32 sätt
1230 412 74 36 den
1333 411 42 36 af
1398 409 200 38 Lekander
1618 410 227 48 upprättade

245 467 138 36 kartan
424 466 184 47 utvisade,
637 465 209 48 fängelsets
875 464 58 36 för
960 464 324 49 fångpersonalen
1314 463 154 35 afsedda
1495 461 351 49 promenadgårdar

245 519 169 37 sträckte
456 518 59 48 sig
555 517 86 37 med
683 518 81 36 sina
804 516 117 50 plank
948 516 13 36 i
989 516 112 36 södra
1129 515 112 37 delen
1270 515 40 36 af
1335 513 346 50 fängelseområdet
1709 518 135 31 nästan

246 571 99 37 ända
376 570 98 37 fram
502 570 56 36 till
588 570 73 36 den
689 569 59 36 del
778 570 40 35 af
843 568 258 50 slottsjorden,
1131 580 81 24 som
1241 566 121 38 skulle
1390 567 151 36 komma
1571 571 54 31 att
1652 565 192 49 försäljas;

248 629 55 31 att
343 622 192 49 fängelset
577 622 120 47 alltså,
738 622 60 35 för
840 621 73 36 den
941 620 182 37 händelse
1152 620 74 36 den
1254 622 20 34 å
1303 619 111 37 södra
1442 618 108 37 sidan
1578 618 267 48 angränsande

247 675 155 37 marken
442 674 230 50 bebyggdes
701 674 92 36 eller
822 673 194 37 användes
1044 673 58 36 till
1129 672 157 50 upplag,
1316 670 234 38 fortfarande
1578 669 120 38 skulle
1726 669 119 37 blifva

246 732 120 32 utsatt
394 727 59 36 för
478 727 197 36 enahanda
703 726 80 36 fara
810 726 59 36 för
898 725 227 48 eldsolycka,
1156 738 81 23 som
1264 737 89 23 man
1381 736 139 36 genom
1546 723 63 36 det
1628 722 217 49 föreslagna

245 779 238 49 undantaget
522 779 114 36 afsett
664 783 54 31 att
749 778 178 45 afvända;
958 782 65 43 att,
1054 777 46 36 då
1129 790 47 23 en
1204 776 192 37 blifvande
1424 775 246 49 tillbyggnad
1699 775 39 35 af
1762 774 81 36 fän-

246 832 137 49 gelset,
412 831 147 37 hvilket
587 832 12 35 i
628 831 59 36 sin
714 844 113 23 norra
851 830 61 36 del
931 829 175 49 inrymde
1125 828 210 48 tingslokal
1355 828 70 36 och
1445 827 401 47 ekonomilägenheter

247 889 98 32 samt
373 885 11 35 i
414 884 73 37 den
516 883 110 37 södra
654 882 109 37 delen
792 880 220 51 fångceller,
1042 882 31 49 ej
1104 881 127 36 kunde
1260 881 67 36 ske
1357 882 37 34 åt
1423 885 116 31 annat
1558 879 77 36 håll
1654 883 49 32 än
1723 879 120 47 söder,

245 939 38 34 åt
324 936 159 36 hvilken
524 935 81 36 sida
642 935 143 48 jämväl
813 934 285 49 fånggårdarne
1126 933 235 36 fortfarande
1390 935 121 33 måste
1538 945 92 22 vara
1658 931 186 48 förlagda,

247 1002 47 23 en
322 988 264 48 begränsning
615 987 40 36 af
679 987 168 36 kronans
875 986 108 36 mark
1010 989 48 46 på
1087 986 63 36 det
1178 990 87 42 sätt,
1286 984 144 48 Kungl.
1452 984 126 48 Maj:ts
1598 983 248 48 befallnings-

246 1040 189 36 hafvande
477 1039 210 49 föreslagit,
726 1039 121 36 skulle
875 1038 117 49 lägga
1021 1037 172 50 afgjordt
1219 1037 136 36 hinder
1382 1037 12 35 i
1422 1041 126 44 vägen
1576 1035 61 37 för
1665 1048 47 23 en
1741 1035 104 49 dylik

244 1092 262 49 tillbyggnad;
537 1096 99 31 samt
665 1095 55 32 att
739 1090 235 37 beträffande
993 1090 150 49 platsen
1161 1089 60 36 för
1240 1088 239 50 uppförande
1499 1088 39 36 af
1556 1100 46 24 en
1622 1087 224 48 erforderlig

248 1144 142 37 ansedd
419 1143 463 49 vaktbetjäntsbyggnad,
912 1142 158 36 hvilken
1098 1141 12 36 i
1139 1142 187 36 anseende
1353 1140 58 36 till
1440 1140 177 36 markens
1646 1139 118 37 sanka
1783 1139 63 36 be-

246 1196 214 37 skaffenhet
501 1196 32 48 ej
579 1195 127 37 kunde
748 1196 135 47 läggas
912 1197 20 33 å
960 1194 73 36 den
1075 1199 102 31 östra
1206 1196 37 33 åt
1270 1193 163 36 Nissaån
1461 1192 181 36 vettande
1671 1191 109 36 delen
1810 1191 40 36 af

243 1248 362 49 fängelseområdet,
636 1247 104 49 dylik
768 1248 100 48 plats
896 1246 228 48 visserligen
1151 1245 128 37 kunde
1307 1244 159 37 beredas
1495 1247 21 33 å
1544 1244 166 36 kronans
1738 1243 109 36 mark

244 1304 49 46 på
319 1300 119 37 andra
468 1299 108 37 sidan
603 1304 128 44 vägen
758 1304 129 32 väster
916 1312 61 23 om
1005 1297 205 50 fängelset,
1238 1310 88 23 men
1354 1301 53 31 att
1433 1296 64 36 det
1515 1297 12 35 i
1548 1296 63 36 allt
1630 1295 66 37 fall
1717 1300 131 44 syntes

245 1366 91 24 vara
378 1352 362 49 ändamålsenligast
784 1356 55 32 att
879 1351 131 36 härför
1052 1350 174 37 använda
1268 1350 72 36 den
1382 1349 85 36 med
1503 1347 346 50 fängelseområdet

247 1405 238 37 omedelbart
526 1403 375 49 sammanhängande
943 1403 156 36 marken
1128 1402 110 37 söder
1266 1415 61 23 om
1354 1400 201 49 fängelset.
1612 1400 139 36 Vidare
1778 1399 70 36 har

245 1457 190 49 styrelsen
476 1457 76 36 fäst
592 1455 388 50 uppmärksamheten
1022 1455 102 46 därå,
1168 1458 54 32 att
1264 1453 265 49 slottsjordens
1570 1452 230 48 försäljning
1837 1452 11 35 i

245 1509 87 37 hela
381 1509 74 37 den
501 1508 280 48 utsträckning,
827 1508 143 48 Kungl.
1018 1507 128 48 Maj:ts
1187 1504 424 50 befallningshafvande
1650 1504 197 49 tillstyrkt,

250 1561 122 37 skulle
400 1561 184 47 medföra,
614 1566 105 31 utom
740 1560 275 36 ofvanberörda
1034 1559 150 48 följder,
1201 1558 145 49 jämväl
1366 1558 72 36 den
1459 1562 102 32 stora
1581 1556 266 49 olägenheten,

249 1619 55 30 att
345 1613 193 48 fängelset
578 1612 227 37 beröfvades
845 1616 122 44 utväg
1004 1616 55 31 att
1088 1611 146 48 skydda
1263 1610 61 48 sig
1352 1614 79 31 mot
1459 1609 177 36 störande
1664 1608 185 36 inverkan

246 1665 88 36 från
358 1665 264 49 grannskapet
650 1667 21 33 å
699 1664 75 36 den
803 1663 188 49 afyttrade
1019 1663 158 36 marken
1206 1661 234 37 omedelbart
1458 1660 155 37 utanför
1634 1660 85 36 dess
1739 1660 111 48 fång-

248 1716 152 49 gårdar.
456 1717 57 36 Då
556 1717 63 36 det
648 1716 145 36 således
821 1728 91 24 vore
939 1715 13 36 i
979 1714 261 49 fångvårdens
1269 1713 160 37 intresse
1458 1712 246 50 synnerligen
1733 1725 116 36 ange-

248 1770 116 47 läget,
408 1773 55 31 att
505 1768 59 37 för
604 1768 168 36 kronans
813 1767 168 48 räkning
1023 1766 210 36 bibehölles
1272 1765 209 48 tillräcklig
1513 1765 108 35 mark
1650 1764 112 36 söder
1791 1777 60 23 om

248 1820 190 49 fängelset
465 1820 154 36 utanför
647 1819 74 37 den
750 1822 21 33 å
798 1819 220 36 Lekanders
1046 1818 109 36 karta
1184 1817 87 37 med
1297 1817 96 37 blått
1413 1816 198 37 streckade
1630 1816 132 49 linjen,
1783 1816 69 35 har

252 1872 401 49 fångvårdsstyrelsen
696 1876 124 32 ansett
861 1869 373 49 ändamålsenligast,
1277 1883 61 23 om
1381 1869 63 37 det
1485 1868 162 48 område,
1691 1881 81 23 som
1814 1868 42 35 af

251 1924 126 36 denna
418 1924 112 37 orsak
572 1924 136 47 blefve,
750 1923 152 36 utöfver
943 1922 100 37 hvad
1084 1922 144 48 Kungl.
1271 1922 127 48 Maj:ts
1425 1920 426 48 befallningshafvande

250 1976 213 48 föreslagit,
506 1976 237 48 undantaget
784 1975 85 36 från
911 1975 74 36 den
1025 1974 225 48 ifrågasatta
1291 1973 289 48 försäljningen,
1617 1972 152 36 komme
1799 1977 54 30 att

251 2028 160 38 omfatta
452 2028 87 37 hela
582 2028 74 36 den
695 2027 153 37 utanför
889 2040 143 23 samma
1073 2026 62 36 blå
1175 2025 93 49 linje
1300 2025 200 48 befintliga
1529 2024 108 37 delen
1667 2024 40 36 af
1731 2024 73 36 den
1832 2026 20 33 å

249 2082 136 35 kartan
428 2081 88 36 med
552 2080 86 37 rödt
667 2080 22 36 d
720 2082 17 34 1
768 2079 234 37 betecknade
1030 2079 112 48 figur,
1171 2078 158 36 hvilken
1356 2078 57 36 till
1442 2078 72 35 den
1546 2079 46 34 14
1621 2090 101 23 mars
1754 2078 96 34 1899

253 2145 90 24 vore
371 2133 185 49 upplåten
585 2135 37 33 åt
650 2132 291 48 borgmästaren
972 2130 280 48 Stockenbergs
1281 2129 370 49 stärbhusdelägare.

381 2185 16 35 I
424 2184 242 49 underdånig
694 2184 199 36 skrifvelse
922 2184 72 35 den
1022 2185 24 34 4
1076 2182 200 37 december
1307 2183 97 35 1898
1433 2181 68 36 har
1526 2181 182 48 slutligen
1729 2179 122 37 direk-

251 2237 130 36 tionen
410 2237 60 36 för
493 2237 196 36 lagarettet
716 2236 13 35 i
757 2236 211 47 Halmstad,
998 2235 86 36 med
1114 2234 176 37 anmälan
1319 2239 55 31 att
1401 2233 184 37 Hallands
1613 2233 82 36 läns
1725 2237 127 32 senast

251 2288 227 37 församlade
516 2288 196 48 landsting
740 2287 170 49 godkänt
940 2287 260 36 direktionens
1227 2286 119 36 redan
1373 2285 187 48 vidtagna
1588 2284 178 49 åtgärder
1793 2284 59 36 för

251 2340 215 38 beredande
513 2341 40 36 af
590 2340 147 37 tillfälle
778 2340 59 36 för
876 2338 240 49 landstinget
1158 2343 52 32 att
1252 2338 58 36 för
1337 2338 215 36 lasarettets
1580 2336 167 49 räkning
1774 2336 72 36 för-
