1866 2800
298 182 119 31 Första
434 182 200 31 kammarens
654 180 139 31 andra
815 177 166 40 tillfälliga
997 177 140 31 utskotts
1153 173 170 33 utlåtande
1341 181 41 22 nr
1399 174 29 28 3.
1588 170 19 30 ö

201 271 68 31 För
282 281 78 29 egen
376 270 51 33 del
444 270 54 31 får
511 270 158 31 utskottet
685 268 118 32 anföra
818 266 158 39 följande.

205 334 70 31 Den
295 335 11 30 i
325 334 165 31 motionen
508 332 114 32 väckta
640 332 116 38 frågan
776 340 95 21 anser
887 329 157 32 utskottet
1061 338 79 21 vara
1157 325 80 33 värd
1255 324 186 33 beaktande.
1462 323 50 38 Ty
1529 326 78 27 utan

121 387 98 32 tvivel
239 387 151 32 förhåller
409 386 54 33 det
479 386 51 38 sig
547 387 41 37 så,
607 389 49 28 att
673 385 161 39 reglering
850 383 59 32 och
926 381 233 40 planläggning
1175 391 38 21 av
1229 378 210 39 bebyggelsen
1461 377 5 31 i
1484 376 123 31 Bohus-

122 442 69 31 läns
209 441 174 38 fiskelägen
401 441 10 31 i
429 441 118 38 många
564 439 60 31 fall
642 439 69 31 icke
728 439 57 31 äro
801 435 305 34 tillfredsställande.
1126 435 111 32 Såsom
1256 432 237 32 motionärerna
1511 431 97 31 fram-

122 496 92 31 hållit
237 495 59 32 och
320 505 67 21 som
411 496 83 30 även
517 494 161 38 bestyrkts
702 502 41 21 av
766 493 38 31 de
828 491 11 31 i
862 490 134 33 ärendet
1019 488 136 40 avgivna
1178 486 208 42 yttrandena,
1410 485 95 31 beror
1527 483 81 32 dock

121 550 68 31 icke
211 549 88 32 detta
321 549 44 38 på
386 553 50 28 att
459 547 149 40 gällande
629 546 238 38 författningar
888 545 42 38 på
953 542 155 39 området,
1129 540 278 39 stadsplanelagen
1430 538 57 32 och
1507 537 99 38 bygg-

122 603 226 39 nadsstadgan,
363 602 105 32 skulle
484 602 95 38 lägga
595 600 116 31 hinder
727 600 10 30 i
754 600 101 37 vägen
872 598 53 31 för
940 608 39 21 en
995 596 148 31 rationell
1157 594 128 39 lösning
1301 604 40 20 av
1358 586 252 49 ifrågavarande

122 657 149 39 problem,
299 658 100 30 Dessa
425 655 237 38 författningar
688 653 162 31 innehålla
874 652 67 30 icke
966 652 103 37 några
1093 650 43 38 på
1161 648 105 32 denna
1292 648 95 38 fråga
1411 645 197 32 inverkande

122 713 242 38 bestämmelser,
380 722 67 22 som
464 713 56 30 äro
539 722 38 20 av
593 709 177 39 tvingande
787 712 101 27 natur
903 707 79 32 eller
997 707 53 31 för
1065 706 83 32 vilka
1164 705 129 37 dispens
1309 704 69 30 icke
1394 702 65 31 kan
1475 702 131 31 lämnas.

124 771 109 31 Såsom
261 770 145 38 framgår
431 779 39 20 av
496 768 54 31 det
574 771 78 27 utav
676 765 229 39 länsstyrelsen
931 766 9 30 i
968 763 176 38 Göteborgs
1169 762 58 31 och
1254 761 111 31 Bohus
1389 759 53 31 län
1468 759 141 38 avgivna

122 827 166 39 yttrandet
307 826 59 30 har
382 825 55 32 det
454 825 11 31 i
482 825 86 38 syfte
586 828 47 30 att
650 823 194 38 möjliggöra
862 831 40 21 en
920 820 116 39 smidig
1051 818 194 40 anpassning
1261 818 83 31 efter
1359 811 249 47 ortsförhållan-

123 883 81 32 dena
227 883 95 32 också
344 882 93 31 blivit
464 881 59 31 allt
547 880 166 38 vanligare
738 882 47 30 att
811 878 107 31 lämna
942 875 240 33 vederbörande
1205 872 329 41 byggnadsnämnder
1557 871 50 32 be-

122 939 152 39 fogenhet
296 942 48 28 att
368 937 146 32 meddela
537 936 168 39 undantag
729 935 75 31 från
828 934 93 39 eljest
945 933 148 39 gällande
1115 931 235 33 bestämmelser
1371 929 164 39 angående
1557 928 52 31 be-

120 996 180 38 byggelsen,
323 994 102 31 under
447 993 238 38 förutsättning
705 996 49 27 att
776 989 371 41 byggnadsnämnderna
1168 988 49 32 till
1236 989 57 33 sitt
1314 985 194 40 förfogande
1528 984 82 32 hava

121 1052 227 32 stadsarkitekt
382 1051 76 31 eller
491 1054 101 27 annat
624 1048 224 32 motsvarande
881 1046 196 39 sakkunnigt
1110 1045 133 32 biträde.
1281 1041 328 33 Missförhållandena

122 1108 93 32 torde
235 1108 132 31 fastmer
384 1106 86 31 hava
487 1106 49 31 sin
555 1105 106 39 grund
681 1104 81 38 däri,
781 1107 49 30 att
849 1103 54 33 det
921 1103 122 32 brustit
1060 1103 62 30 när
1139 1101 54 33 det
1212 1101 82 38 gällt
1312 1104 48 27 att
1378 1100 71 31 med
1468 1098 140 38 tillämp-

122 1165 80 38 ning
220 1174 39 21 av
278 1162 149 40 gällande
446 1162 238 38 författningar
703 1161 10 31 i
735 1160 170 39 praktiken
923 1160 145 31 utforma
1085 1158 71 31 med
1176 1158 125 37 hänsyn
1320 1157 49 31 till
1389 1156 39 31 de
1445 1154 164 33 skiftande

121 1220 57 31 och
203 1219 193 39 egenartade
421 1218 250 32 förhållandena
697 1218 87 31 inom
808 1217 39 33 de
873 1215 215 33 bohuslänska
1113 1214 195 39 fiskelägena
1333 1211 277 39 ändamålsenliga

122 1277 212 39 stadsplaner.
365 1276 69 32 Och
463 1276 92 32 detta
580 1276 90 32 torde
696 1276 12 30 i
734 1275 48 31 sin
811 1279 55 27 tur
893 1274 115 32 främst
1035 1272 253 37 sammanhänga
1314 1270 73 32 med
1415 1269 123 32 bristen
1567 1269 42 38 på

122 1333 337 39 stadsplanetekniker,
485 1343 67 21 som
578 1333 57 30 äro
660 1332 170 37 förtrogna
854 1330 74 31 med
952 1330 41 32 de
1015 1329 149 39 speciella
1187 1327 143 40 problem
1355 1337 66 21 som
1445 1335 90 29 yppa
1558 1325 51 39 sig

121 1391 86 31 inom
225 1390 90 32 dessa
330 1390 188 38 fiskelägen.

204 1454 238 31 Motionärerna
473 1453 83 30 hava
588 1462 45 21 nu
664 1451 167 38 föreslagit
859 1449 213 32 utarbetande
1101 1459 39 21 av
1169 1447 162 32 allmänna
1361 1445 167 39 riktlinjer
1556 1445 54 31 för

123 1511 160 39 reglering
303 1510 58 31 och
383 1509 235 39 planläggning
638 1519 39 21 av
696 1507 212 39 bebyggelsen
928 1508 11 30 i
958 1505 143 32 nämnda
1121 1505 182 38 fiskelägen.
1325 1503 165 32 Utskottet
1509 1502 101 31 måste

122 1567 79 32 dock
227 1566 94 32 ställa
345 1566 50 38 sig
420 1565 127 38 mycket
572 1565 155 31 tveksamt
752 1564 89 30 inför
864 1563 90 32 detta
979 1562 131 38 förslag.
1136 1562 61 31 Det
1221 1561 100 30 måste
1345 1559 162 38 nämligen
1532 1568 77 21 vara

123 1624 147 39 ytterligt
286 1623 88 31 svårt
392 1626 51 27 att
462 1623 157 37 upprätta
637 1620 111 39 dylika
766 1619 176 43 riktlinjer,
961 1629 66 22 som
1045 1619 107 37 lämpa
1170 1617 49 39 sig
1238 1618 53 30 för
1308 1617 64 30 alla
1389 1616 40 33 de
1445 1615 165 32 skiftande

122 1679 226 32 förhållanden
369 1689 68 21 som
457 1679 62 30 här
540 1678 203 31 förekomma.
769 1677 123 31 Genom
913 1675 214 35 utfärdandet
1146 1685 41 21 av
1206 1674 112 38 dylika
1339 1673 140 32 direktiv
1500 1673 38 30 är
1556 1671 54 33 det

123 1737 51 31 väl
201 1738 74 30 fara
300 1738 82 36 värt,
410 1740 48 28 att
483 1746 41 21 en
550 1734 187 39 nödvändig
764 1734 185 32 individuell
976 1733 160 39 prövning
1163 1732 102 32 skulle
1292 1731 159 31 försvåras
1476 1730 60 31 och
1561 1734 49 27 att

123 1793 95 31 alltså
246 1793 102 38 syftet
379 1792 72 32 med
480 1792 163 31 motionen
673 1791 68 31 icke
771 1790 98 32 skulle
900 1790 139 38 främjas
1067 1793 80 27 utan
1174 1798 134 22 snarare
1336 1787 191 31 motverkas.
1557 1787 53 30 Av

122 1851 118 30 största
261 1849 67 31 vikt
346 1848 92 32 torde
459 1849 10 30 i
489 1848 108 31 stället
616 1858 79 21 vara
715 1852 49 27 att
786 1847 129 33 erfarna
936 1847 57 30 och
1013 1847 72 31 med
1104 1845 245 32 förhållandena
1366 1845 52 30 väl
1440 1844 170 37 förtrogna

121 1904 344 39 stadsplanetekniker,
485 1914 66 21 som
569 1904 111 30 kunna
699 1904 85 37 ägna
801 1902 347 38 bebyggelsefrågorna
1165 1905 45 27 ett
1229 1900 207 32 individuellt
1453 1899 156 42 studium,

122 1963 50 30 stå
189 1962 47 30 till
253 1961 192 38 förfogande
460 1961 10 31 i
487 1960 194 39 erforderlig
696 1960 234 38 utsträckning.

207 2025 15 29 I
250 2024 88 31 detta
362 2023 231 39 sammanhang
617 2024 51 30 må
693 2022 197 38 Tramhållas,
918 2025 49 28 att
995 2021 100 39 enligt
1119 2021 61 32 vad
1205 2020 156 33 utskottet
1386 2019 118 32 erfarit
1529 2019 80 31 1942

123 2082 54 30 års
194 2079 365 39 stadsplaneutredning
580 2080 84 30 inom
686 2079 61 31 den
767 2080 161 31 närmaste
948 2078 88 31 tiden
1056 2078 141 30 kommer
1216 2080 49 29 att
1285 2076 184 38 framlägga
1488 2076 122 38 förslag

123 2138 48 31 till
192 2147 63 27 nya
274 2136 233 31 bestämmelser
526 2136 10 30 i
555 2135 195 31 hithörande
768 2136 124 30 ämnen.
912 2134 119 31 Ehuru
1049 2135 89 31 detta
1157 2133 119 38 förslag
1295 2133 65 30 icke
1379 2133 86 31 lärer
1484 2132 126 31 komma

124 2197 47 28 att
195 2192 160 31 innehålla
377 2192 103 38 några
502 2192 53 30 för
576 2191 212 38 bebyggelsen
811 2192 10 29 i
843 2191 38 30 de
902 2190 214 31 bohuslänska
1138 2189 192 38 fiskeligena
1352 2188 153 38 speciella
1529 2189 81 30 före-

122 2249 144 37 skrifter,
293 2247 92 32 torde
411 2247 80 31 dock
520 2248 80 29 även
626 2246 336 38 ortsmyndigheterna
989 2245 55 31 vid
1072 2245 345 37 remissbehandlingen
1445 2254 39 20 av
1511 2244 99 37 sagda

124 2305 119 37 förslag
262 2304 33 30 få
312 2303 129 32 tillfälle
458 2306 50 28 att
526 2303 180 38 framlägga
723 2302 73 31 sina
812 2302 212 37 synpunkter.
1043 2302 16 29 I
1077 2301 160 31 avvaktan
1254 2301 41 37 på
1313 2299 297 38 stadsplaneutred-

123 2361 134 37 ningens
277 2359 121 38 förslag
416 2358 57 31 och
496 2358 59 31 vad
574 2368 64 20 som
657 2358 63 31 kan
740 2358 212 30 framkomma
969 2357 104 31 under
1090 2356 70 32 dess
1177 2356 111 31 vidare
1304 2355 196 39 behandling
1519 2365 91 21 anser

125 2416 156 32 utskottet
305 2414 10 30 i
342 2414 59 34 allt
427 2413 59 31 fall
512 2414 67 30 skäl
604 2413 115 31 saknas
745 2414 52 29 för
822 2412 172 39 riksdagen
1017 2416 51 27 att
1092 2411 118 39 begära
1234 2412 105 37 någon
1366 2411 178 38 utredning
1569 2421 41 20 av

124 2473 55 30 det
196 2472 69 37 slag
280 2480 67 21 som
366 2480 39 21 av
423 2470 238 31 motionärerna
677 2469 198 38 ifrågasatts.

1639 263 149 27 Utskaotlel.
