1883 2836
480 189 107 30 Andra
604 189 212 39 lagutskottets
836 188 160 31 utlåtande
1015 200 34 18 nr
1066 190 39 29 26
1123 188 34 31 år
1178 189 76 30 1967
1590 188 19 31 5

126 269 84 39 gärd.
234 269 177 30 Merendels
431 270 114 29 brukar
565 270 195 30 föräldrarna
780 270 78 30 dock
879 281 75 18 vara
973 270 137 29 beredda
1130 276 45 23 att
1196 270 106 29 lämna
1321 269 51 30 sitt
1393 269 216 39 medgivande,

127 323 59 30 och
204 324 251 39 överklaganden
475 324 44 30 till
539 325 249 30 länsskolnämnd
808 325 57 29 har
883 324 106 30 hittills
1008 324 78 30 skett
1104 324 10 30 i
1132 330 105 34 ytterst
1255 324 33 30 få
1306 324 63 30 fall.

168 378 104 40 Enligt
289 379 161 29 utskottets
468 378 126 41 mening
610 381 34 28 är
662 380 51 29 det
731 390 37 19 av
786 378 150 40 väsentlig
951 379 154 39 betydelse
1123 385 45 24 att
1186 378 124 30 samråd
1327 378 115 30 mellan
1460 378 74 30 hem
1550 379 60 30 och

126 432 85 30 skola
228 432 122 40 föregår
365 433 99 29 beslut
479 444 53 19 om
547 433 206 30 överförande
770 444 38 19 av
825 433 66 30 elev
908 433 44 29 till
969 432 344 40 specialundervisning.
1333 433 77 29 Med
1429 433 118 39 hänsyn
1565 433 44 29 till

126 486 61 30 hur
202 497 73 19 man
293 487 95 29 sedan
404 487 169 39 skollagens
589 487 248 30 ikraftträdande
854 487 129 30 förmått
1000 493 45 24 att
1061 487 9 30 i
1088 486 161 40 praktiken
1267 487 63 29 lösa
1346 486 106 40 frågor
1468 498 38 18 av
1524 487 87 29 detta

125 540 64 39 slag
214 551 88 19 anser
327 541 147 30 utskottet
499 547 46 24 att
569 541 63 30 skäl
658 541 108 30 saknas
792 541 48 29 för
865 541 160 39 riksdagen
1052 547 45 24 att
1123 540 65 30 inta
1214 551 105 19 annan
1345 540 193 40 ståndpunkt
1564 540 45 30 till

125 594 280 40 motionsförslaget
420 597 39 28 än
475 595 61 30 den
551 595 162 39 riksdagen
728 595 86 39 intog
828 595 34 30 år
880 596 85 29 1962.
980 595 160 30 Utskottet
1156 594 48 30 får
1218 594 107 30 därför
1339 595 173 36 hemställa,

486 656 45 23 att
545 649 205 30 förevarande
764 649 163 38 motioner,
943 650 12 29 I
965 650 67 29 :442
1047 649 59 30 och
1121 650 119 36 11:561,
1256 649 65 30 icke
1335 648 98 31 måtte
1447 649 163 30 föranleda

444 704 104 39 någon
563 704 175 39 riksdagens
753 703 118 40 åtgärd.

167 812 181 30 Stockholm
364 813 60 29 den
442 813 38 29 30
496 823 81 19 mars
598 812 74 30 1967

602 920 42 30 På
661 920 98 30 andra
775 920 212 39 lagutskottets
1003 922 129 37 vägnar:

713 1028 113 29 AXEL
847 1028 174 29 STRAND

170 1245 60 30 Vid
246 1245 86 29 detta
348 1245 128 29 ärendes
492 1245 190 38 behandling
698 1245 56 29 har
771 1244 135 30 närvarit

166 1320 69 30 från
283 1322 124 28 första
430 1321 195 29 kammaren:
650 1321 107 29 herrar
781 1321 124 36 Strand,
929 1321 75 29 Lars
1031 1320 138 35 Larsson,
1196 1317 181 36 Hibinette,
1403 1316 49 29 fru
1476 1315 132 36 Nilsson,

124 1366 108 29 herrar
246 1365 69 30 Eric
330 1366 154 37 Carlsson,
499 1366 174 37 Edström”,
688 1366 160 39 Dahlberg
861 1366 59 30 och
936 1365 152 36 Wirtén";

166 1429 70 30 från
250 1440 51 19 an
314 1430 76 29 dra
404 1430 195 29 kammaren:
614 1430 107 29 herrar
735 1429 161 30 Anderson
910 1429 9 29 i
933 1429 175 36 Sundsvall,
1123 1428 234 36 Rimmerfors",
1372 1428 49 29 fru
1436 1427 172 36 Ekendahl,

125 1475 71 29 herr
213 1475 190 30 Gustavsson
422 1475 9 29 i
451 1475 134 36 Alvesta,
605 1474 107 30 fröken
732 1474 245 37 Wetterström”,
998 1474 108 29 fröken
1125 1473 136 37 Sandell,
1280 1473 108 29 herrar
1406 1472 172 40 Johansson
1599 1471 7 29 i

125 1520 194 39 Södertälje"
336 1520 59 30 och
412 1520 187 30 Göransson.

125 1609 29 31 $)
180 1608 32 32 Ej
230 1609 170 25 närvarande
416 1609 45 25 vid
478 1609 166 25 utlåtandets
660 1609 138 32 justering.

745 1752 239 30 Reservationer

123 1832 25 30 I.
172 1844 37 18 av
224 1833 71 29 herr
309 1833 70 30 Eric
396 1834 152 35 Carlsson,
563 1833 102 30 vilken
681 1839 98 24 ansctt

165 1914 33 38 a)
227 1920 45 23 att
288 1914 52 30 det
356 1914 113 30 avsnitt
484 1914 9 30 i
509 1914 161 30 utskottets
686 1914 172 37 utlåtande,
874 1925 65 19 som
955 1914 106 39 börjar
1077 1914 18 30 å
1111 1925 20 18 s.
1159 1915 8 28 4
1184 1914 71 29 med
1271 1914 98 29 orden
1386 1913 124 40 ”Enligt
1525 1913 81 30 vad”

609 1968 33 12 ”2

123 1967 60 30 och
198 1967 96 30 slutar
308 1967 18 30 å
340 1979 21 18 s.
386 1969 8 29 5
409 1968 72 30 med
496 1968 97 30 orden
630 1979 34 19 ”år
682 1968 107 37 1962”,
804 1969 69 29 bort
888 1970 126 28 ersättas
1029 1969 72 29 med
1119 1974 62 24 text
1197 1979 38 18 av
1251 1967 139 39 följande
1406 1968 124 39 lydelse:

165 2048 125 40 ”Enligt
307 2048 160 30 utskottets
485 2049 126 39 mening
628 2051 33 28 är
678 2049 52 30 det
747 2060 38 18 en
802 2049 145 39 självklar
964 2050 121 39 princip
1103 2056 45 23 att
1165 2056 43 24 ett
1225 2051 77 29 barn
1319 2062 66 18 som
1402 2051 58 30 har
1476 2051 131 31 skolsvå-

124 2102 134 39 righeter
274 2102 56 30 bör
346 2103 42 29 ha
405 2103 54 29 allt
476 2103 67 29 stöd
561 2114 66 18 som
643 2102 56 40 går
715 2109 45 24 att
777 2103 32 30 få
825 2103 67 30 från
911 2103 84 30 såväl
1012 2104 73 29 hem
1102 2115 66 19 som
1185 2104 92 30 skola.
1296 2105 163 30 Hemmets
1476 2105 132 40 positiva

123 2156 179 39 inställning
318 2156 44 29 till
379 2156 106 30 skolan
501 2157 57 29 har
573 2156 163 40 härvidlag
752 2157 120 39 mycket
888 2164 62 23 stor
965 2158 162 38 betydelse.
1145 2158 115 30 Skolan
1276 2159 59 29 har
1349 2170 39 18 en
1405 2165 62 24 stor
1484 2160 124 39 uppgift

124 2209 9 30 i
148 2216 44 23 att
207 2210 115 39 främja
336 2210 186 30 samarbetet
537 2210 114 30 mellan
666 2211 73 29 hem
752 2211 59 29 och
826 2211 85 30 skola
925 2211 41 39 på
981 2211 152 40 likvärdig
1146 2212 112 39 grund,
1273 2212 45 30 till
1332 2223 81 29 gagn
1428 2213 49 30 för
1491 2214 115 30 eleven.

124 2264 95 29 Detta
235 2264 173 30 samarbete
424 2264 59 29 blir
499 2264 172 30 emellertid
688 2264 81 30 svårt
787 2271 45 23 att
849 2264 216 31 åstadkomma
1082 2265 10 30 i
1108 2265 238 40 ifrågavarande
1364 2266 54 30 fall
1435 2267 41 30 då
1492 2267 115 30 föräld-

124 2328 93 19 rarna
231 2317 10 30 i
255 2317 44 30 sin
314 2328 123 29 omsorg
451 2329 52 18 om
519 2318 50 29 sitt
583 2318 78 29 barn
677 2320 34 27 är
726 2318 9 29 i
750 2318 168 39 underläge
933 2326 66 22 mot
1014 2319 115 30 skolan.
1146 2320 70 29 Den
1233 2320 194 40 utformning
1443 2321 90 39 lagen
1548 2321 60 30 fått

126 2371 217 30 underkänner
361 2371 84 30 såväl
464 2371 120 30 elevens
603 2382 66 19 som
689 2372 209 30 föräldrarnas
917 2374 61 29 rätt
998 2379 44 23 att
1062 2375 115 37 avgöra
1196 2373 201 40 studievägen
1416 2374 48 30 för
1484 2386 38 19 en
1542 2375 66 30 elev

124 2425 72 30 med
218 2424 253 40 skolsvårigheter
491 2425 59 29 och
572 2425 197 30 överlämnar
790 2426 63 29 helt
875 2426 104 30 denna
999 2426 191 40 bedömning
1212 2427 45 30 till
1278 2427 115 30 skolan.
1416 2428 55 30 Att
1492 2428 9 30 i
1522 2428 87 30 detta

124 2480 67 38 läge
216 2478 215 31 åstadkomma
455 2485 43 23 ett
523 2479 251 30 förtroendefullt
798 2480 172 30 samarbete
994 2480 114 30 mellan
1133 2481 73 29 hem
1229 2481 60 29 och
1313 2481 84 30 skola
1421 2482 88 29 torde
1533 2493 76 19 vara

124 2533 91 31 svårt,
