1898 2788
540 175 111 29 Andra
671 175 228 37 lagutskottets
920 176 168 29 utlåtande
1109 185 38 19 nr
1162 177 49 28 13.
1624 176 14 28 1

814 486 59 41 Nr
905 486 61 41 12.

436 592 187 31 Utlåtande
647 593 11 30 i
679 593 193 39 anledning
895 603 43 20 av
961 593 103 31 väckt
1086 594 137 29 motion
1246 602 56 21 om
1328 593 71 30 rätt
1420 593 58 40 för
1501 602 140 31 person,

526 661 76 21 som
627 653 145 30 häktats
798 653 58 40 för
880 653 195 37 lösdriveri,
1100 655 53 28 att
1176 653 39 40 få
1241 653 166 40 offentlig
1430 653 212 40 försvarare.

180 754 13 29 I
218 763 44 20 en
287 754 97 30 inom
411 754 113 31 första
550 755 211 31 kammaren
785 756 114 35 väckt,
925 757 54 29 till
1004 757 197 39 lagutskott
1226 756 175 31 hänvisad
1428 757 146 34 motion,
1600 765 43 21 nr

123 805 75 34 307,
219 806 121 30 vilken
358 806 211 31 behandlats
590 817 43 20 av
653 808 112 30 andra
786 808 242 39 lagutskottet,
1048 808 65 30 har
1134 808 82 30 herr
1237 808 121 30 Cassel
1378 809 192 34 hemställt,
1592 810 52 28 att

125 857 213 40 »riksdagen
366 858 110 30 måtte
503 858 139 31 besluta
672 860 51 29 att
751 859 12 29 i
793 859 168 30 skrivelse
992 860 53 30 till
1074 859 128 40 Kungl.
1232 860 109 40 Maj:t
1369 860 188 30 hemställa
1586 869 59 21 om

124 908 113 31 sådan
259 910 152 39 ändring
433 919 44 21 av
499 910 288 40 lösdrivarlagen,
811 912 51 28 att
884 920 130 31 person
1037 920 76 21 som
1136 911 145 31 häktats
1304 911 57 31 för
1383 912 185 30 lösdriveri
1592 920 53 21 er-

122 960 113 30 håller
260 969 137 22 samma
422 961 186 40 möjlighet
632 963 51 28 att
709 962 36 29 få
769 962 201 30 försvarare
993 963 81 30 med
1098 964 72 29 rätt
1194 963 54 30 till
1274 963 130 30 arvode
1428 964 67 29 och
1520 965 124 29 ersätt-

124 1012 86 39 ning
232 1021 43 20 av
296 1012 188 40 offentliga
505 1013 114 30 medel
641 1013 56 30 för
719 1014 114 29 denne
855 1022 76 21 som
954 1013 215 31 föreskrives
1191 1014 11 30 i
1224 1014 354 40 rättegångsbalkens
1601 1015 39 30 21

123 1063 101 40 kap.»

180 1114 231 31 Beträffande
432 1115 42 30 de
497 1115 88 35 skäl,
607 1124 76 21 som
704 1115 139 31 anförts
865 1116 53 30 till
941 1117 78 30 stöd
1041 1116 56 31 för
1118 1117 97 31 detta
1235 1117 171 40 yrkande,
1429 1117 56 31 får
1508 1118 135 30 utskot-

123 1167 50 29 tet
193 1166 151 31 hänvisa
365 1166 54 31 till
441 1167 192 30 motionen.

570 1279 174 32 Gällande
770 1279 412 41 lösdrivarlagstiftning.

180 1346 50 29 De
252 1346 189 40 viktigaste
465 1348 315 29 bestämmelserna
802 1356 58 21 om
883 1347 163 40 åtgärder
1068 1350 75 28 mot
1165 1349 194 29 lösdrivare
1382 1350 62 29 äro
1466 1349 147 40 intagna
1634 1349 12 30 i

125 1396 103 39 lagen
244 1397 69 29 den
332 1397 39 29 12
389 1397 81 39 juni
490 1397 83 30 1885
593 1397 182 40 angående
793 1398 212 30 lösdrivares
1023 1399 227 39 behandling,
1270 1408 77 21 som
1364 1399 59 30 vid
1442 1400 62 29 sitt
1521 1400 125 29 ikraft-

124 1448 174 30 trädande
323 1449 68 29 den
419 1449 15 29 1
463 1448 146 30 oktober
636 1448 85 30 1885
747 1450 130 29 ersatte
903 1450 69 29 den
997 1450 126 29 dittills
1149 1450 163 39 gällande
1338 1450 309 31 försvarslöshets-

124 1499 281 40 lagstiftningen.
435 1499 190 40 Angående
653 1500 291 40 tvångsåtgärder
972 1502 74 28 mot
1073 1501 149 30 bettlare
1250 1503 93 28 samt
1369 1502 95 30 vissa
1493 1510 152 33 grupper

123 1552 337 38 understödstagare
501 1552 66 28 och
607 1551 404 40 försörjningsskyldiga
1051 1552 46 30 ha
1138 1553 222 39 stadganden
1400 1554 194 30 meddelats
1634 1555 11 29 i

125 1601 102 39 lagen
248 1602 69 29 den
340 1601 40 29 14
400 1601 81 39 juni
505 1601 85 29 1918
611 1611 58 20 om
692 1602 248 39 fattigvården,
963 1602 110 30 delvis
1095 1603 11 29 i
1129 1603 94 29 form
1246 1612 43 21 av
1310 1604 258 39 hänvisningar
1589 1605 53 29 till

125 1652 289 40 lösdrivarlagen.

181 1704 294 40 Lösdrivarlagen
505 1704 66 30 har
599 1705 78 29 icke
707 1705 190 39 tvingande
927 1705 171 30 karaktär
1127 1708 88 28 utan
1246 1708 39 28 är
1315 1716 44 20 en
1389 1707 256 40 fullmaktslag,

124 1755 206 39 varigenom
352 1756 263 30 vederbörande
638 1764 110 31 organ
769 1756 232 40 bemyndigas
1023 1759 51 28 att
1096 1757 142 40 vidtaga
1260 1758 12 29 i
1294 1759 103 39 lagen
1421 1759 152 39 angivna
1596 1760 51 29 åt-

125 1807 126 38 gärder
272 1808 74 28 mot
366 1807 95 30 vissa
482 1807 78 30 däri
580 1808 191 30 beskrivna
792 1816 295 33 persongrupper,
1107 1809 98 30 vilka
1225 1809 192 31 betecknas
1439 1810 118 30 såsom
1579 1812 67 29 lös-

124 1858 151 29 drivare.
297 1858 120 39 Enligt
440 1859 15 28 1
482 1858 16 37 8
520 1858 60 30 må
602 1858 118 30 såsom
742 1859 247 30 lösdrivare
1010 1860 196 30 behandlas
1229 1861 75 29 dels
1327 1861 69 29 den
1418 1870 77 21 som
1518 1863 128 38 sysslo-

125 1909 52 29 lös
200 1909 141 39 stryker
363 1909 166 39 omkring
552 1909 82 30 från
657 1911 55 28 ort
736 1910 52 29 till
812 1919 120 21 annan
954 1912 89 28 utan
1065 1912 115 29 medel
1204 1912 54 29 till
1282 1912 62 29 sitt
1367 1913 199 39 uppehälle,
1592 1914 54 29 så-

124 1960 111 30 framt
255 1961 32 38 ej
311 1961 351 38 omständigheterna
683 1960 232 40 ådagalägger
936 1963 52 28 att
1009 1962 72 29 han
1103 1962 104 30 söker
1228 1963 129 34 arbete,
1381 1964 75 29 dels
1478 1965 69 29 den
1569 1974 75 20 som

124 2011 105 39 eljest
254 2013 88 28 utan
369 2013 51 28 att
446 2013 65 37 äga
537 2012 114 29 medel
677 2012 53 29 till
758 2012 61 29 sitt
844 2013 187 39 uppehälle
1058 2013 205 30 underlåter
1289 2016 52 28 att
1367 2015 90 29 efter
1485 2015 160 40 förmåga

125 2063 87 29 söka
237 2063 134 39 ärligen
397 2063 155 39 försörja
577 2063 52 39 sig
653 2063 66 30 och
745 2063 115 30 tillika
886 2064 95 29 förer
1006 2066 49 28 ett
1081 2064 127 30 sådant
1235 2066 219 31 levnadssätt
1479 2069 52 28 att
1555 2068 90 30 våda

125 2115 109 28 därav
254 2114 149 39 uppstår
425 2114 56 30 för
502 2115 133 29 allmän
656 2115 176 33 säkerhet,
854 2115 151 39 ordning
1025 2116 66 29 och
1113 2116 183 39 sedlighet.

181 2166 50 28 De
256 2165 174 39 åtgärder,
456 2174 76 20 som
556 2166 123 29 kunna
702 2166 161 39 vidtagas
888 2167 109 39 enligt
1022 2167 288 40 lösdrivarlagen,
1336 2170 61 28 äro
1422 2169 223 35 anhållande,

124 2216 186 39 häktning,
335 2218 150 37 varning
510 2217 66 29 och
601 2217 256 39 tvångsarbete.

181 2268 77 28 Den
287 2277 77 20 som
391 2268 163 29 beträdes
584 2269 79 29 med
693 2269 184 29 lösdriveri
906 2269 60 29 må
995 2269 162 30 anhållas
1188 2279 43 20 av
1259 2271 188 38 polisman.
1478 2272 76 29 Den
1584 2282 61 20 an-

124 2318 119 30 hållne
269 2319 90 29 skall
386 2319 256 39 ofördröjligen
667 2319 164 30 inställas
857 2320 52 29 till
936 2320 132 34 förhör,
1094 2321 45 39 på
1165 2322 121 29 landet
1310 2322 97 30 inför
1432 2323 213 30 landsfiskal

125 2370 65 29 och
216 2370 11 28 i
255 2370 78 29 stad
359 2370 95 29 inför
481 2370 218 30 stadsfiskal.
727 2371 131 29 Finnes
884 2371 58 30 vid
971 2371 158 30 förhöret
1156 2374 51 27 att
1235 2373 183 30 lösdriveri
1448 2374 197 40 föreligger,

125 2422 82 37 äger
234 2421 259 29 landsfiskalen
521 2422 84 28 eller
633 2421 255 30 stadsfiskalen
915 2424 51 27 att
993 2422 133 30 tilldela
1154 2424 68 28 den
1250 2424 167 30 anhållne
1446 2426 157 39 varning.
1632 2427 13 29 1

125 2473 78 29 stad
231 2472 70 29 kan
329 2473 250 29 motsvarande
606 2472 212 39 befogenhet
845 2473 89 30 efter
962 2474 145 30 särskilt
1134 2474 284 41 bemyndigande
1446 2477 199 30 tillkomma

124 2551 37 20 ss
181 2551 27 18 52
254 2543 117 36 Dihang
395 2543 47 29 till
464 2544 171 36 riksdagens
653 2545 149 36 protokoll
826 2545 91 28 1952.
965 2546 18 26 9
1005 2545 83 29 saml.
1134 2547 21 27 2
1177 2546 65 29 avd.
1289 2545 49 30 Nr
1362 2548 48 28 13.
