1876 2782
532 165 253 27 Statsutskottets
809 164 161 28 utlåtande
992 173 40 19 nr
1054 164 36 27 53
1113 164 35 27 år
1172 164 73 27 1961
1599 166 39 29 15

212 246 229 30 Lånefonden
477 247 58 29 för
571 246 373 39 maskinanskaffning
978 248 98 28 inom
1112 245 391 40 byggnadsindustrien.
1546 243 90 29 Från

154 299 128 29 fonden
305 299 176 29 uttämnas
502 299 54 29 lån
580 299 47 29 till
649 298 236 30 anskaffande
906 308 41 19 av
967 298 361 39 byggnadsmaskiner
1348 306 44 20 im.
1414 306 44 20 m.
1477 296 65 29 Till
1564 297 75 28 fon-

153 354 65 28 den
251 353 63 29 har
348 353 52 28 för
433 352 234 30 innevarande
700 352 168 38 budgetår
900 352 153 29 anvisats
1085 354 46 27 ett
1165 352 151 28 formellt
1349 351 124 39 belopp
1504 360 41 20 av
1582 351 57 28 100

154 408 139 28 kronor.

207 460 392 40 Departementscheten
628 460 160 29 förordar
813 462 50 27 att
889 459 155 38 anslaget
1072 460 52 28 för
1152 460 97 29 nästa
1277 459 168 38 budgetår
1473 458 165 40 uppföres

152 515 79 29 med
250 514 120 30 endast
391 516 47 27 ett
457 514 152 29 formellt
630 513 123 40 belopp
772 522 41 21 av
835 512 92 30 1000
945 513 140 29 kronor.

210 621 183 31 Riäntefria
427 622 57 29 lån
519 622 50 29 till
603 620 337 40 bostadsbyggande.
977 619 92 29 Från
1102 619 168 38 anslaget,
1305 618 48 30 till
1389 618 107 29 vilket
1530 617 109 29 medel

154 674 140 30 anvisas
312 674 11 29 i
342 675 66 29 den
427 674 83 29 mån
530 673 37 30 så
586 673 177 30 erfordras
784 674 53 28 för
857 673 217 38 utbetalning
1093 682 41 20 av
1154 672 173 39 beviljade
1347 672 57 29 lån
1424 672 65 29 och
1507 671 132 39 bidrag,

155 727 177 30 utlämnas
353 727 247 38 vinterbidrag,
626 726 195 39 tilläggslån
846 726 48 29 till
921 726 305 29 studentbostäder
1251 727 90 27 samt
1365 725 131 29 sådana
1520 724 121 39 bidrag

155 781 53 29 för
229 780 316 40 specialinredning
565 789 41 20 av
627 779 343 39 invalidlägenheter,
991 788 74 20 som
1086 778 147 40 beviljas
1253 778 11 29 i
1285 778 170 30 samband
1476 778 78 29 med
1575 779 66 28 ter-

155 833 137 35 tiärlån,
313 833 249 39 egnahemslån
582 833 82 29 eller
684 833 233 38 räntebidrag.
938 832 115 30 Under
1074 841 42 20 en
1136 832 244 39 övergångstid
1402 831 171 30 utbetalas
1593 831 48 29 vi-

154 888 82 29 dare
255 887 81 30 från
354 887 157 39 anslagel
531 886 196 39 tilläggslån
749 886 49 29 till
819 885 272 39 flerfamiljshus
1111 887 91 27 samt
1221 884 181 35 räntefria,
1423 884 141 30 stående
1585 884 56 30 de-

155 941 51 29 lar
223 949 42 21 av
282 939 260 40 egnahewmslån.
560 940 66 28 För
643 939 97 39 varje
757 939 168 39 budgetår
943 946 106 31 anges
1067 947 41 20 en
1127 947 76 21 ram
1222 939 54 28 för
1294 938 114 29 beslut
1426 947 56 20 om
1502 937 57 30 lån
1576 937 65 29 och

154 994 133 39 bidrag.
310 994 132 29 Ramen
466 1002 98 20 avser
588 1001 144 21 numera
757 993 121 29 endast
902 992 226 39 preliminära
1151 991 114 30 beslut
1289 1000 54 20 om
1369 990 197 39 tilläggslån
1592 990 47 30 till

156 1047 305 29 studentbostäder
487 1048 90 27 samt
601 1046 122 38 bidrag
749 1045 48 29 till
825 1044 315 41 speeialinredning
1164 1054 42 20 av
1231 1044 344 39 invalidlägenheter.

211 1099 394 40 Departementschefen
629 1098 135 30 erinrar
790 1098 49 29 till
863 1108 41 20 en
928 1098 125 39 början
1078 1107 55 20 om
1159 1099 50 29 att
1236 1097 83 29 1958
1343 1097 57 30 års
1423 1097 220 39 besparings-

157 1153 186 39 utredning
370 1152 160 39 föreslog,
557 1154 49 28 att
632 1153 41 28 de
700 1151 208 39 tilläggslån,
935 1160 74 20 som
1036 1159 124 31 genom
1186 1150 207 39 riksdagens
1419 1150 114 29 beslut
1559 1150 82 30 åren

158 1206 82 30 1957
261 1206 64 29 och
347 1206 83 29 1959
450 1207 167 38 uppsagts
640 1205 48 29 till
709 1205 213 38 amortering
941 1204 71 29 hell
1033 1204 81 30 eller
1134 1203 120 35 delvis,
1276 1204 112 29 skulle
1408 1204 101 39 göras
1529 1205 114 28 ränte-

156 1260 164 30 bärande.
340 1259 117 30 Lånen
477 1260 38 29 är
534 1259 24 29 f.
574 1268 31 20 n.
625 1258 169 30 räntefria
814 1259 63 28 och
897 1260 192 28 amorteras
1108 1258 44 39 på
1171 1257 40 29 25
1232 1257 48 30 år.
1300 1257 66 30 Vid
1385 1256 257 40 behandlingen

156 1322 41 21 av
227 1313 93 29 detta
350 1313 130 38 förslag
512 1312 93 29 förra
634 1312 71 29 året
737 1312 145 29 anförde
912 1311 386 39 departementschefen
1334 1310 308 40 (statsverksprop.

159 1366 94 34 1960,
269 1366 58 29 bil.
343 1366 74 34 27),
434 1368 52 26 all
501 1365 67 29 han
587 1365 42 29 då
648 1365 70 29 inte
735 1365 117 29 kunde
871 1364 173 39 tillstyrka
1062 1364 176 39 förslaget.
1257 1364 184 38 Samtidigt
1459 1364 183 33 uttalades,

157 1421 50 28 alt
234 1418 236 30 förhållandet
497 1418 127 29 mellan
653 1418 105 38 hyror
787 1418 62 28 och
878 1417 193 29 inkomster
1098 1417 45 39 på
1170 1417 106 38 något
1303 1417 117 37 längre
1450 1416 68 29 sikt
1548 1417 95 28 torde

157 1472 143 29 komma
317 1473 49 28 att
383 1471 179 30 utvecklas
579 1471 37 29 så
633 1472 186 37 gynnsamt
838 1472 49 27 atl
905 1470 123 38 frågan
1045 1470 118 29 kunde
1180 1470 142 28 komma
1340 1469 8 28 i
1368 1472 48 27 ett
1433 1471 108 27 annat
1559 1470 84 38 läge.

214 1525 117 29 Beslut
351 1534 55 19 om
427 1524 222 38 förräntning
668 1533 41 20 av
730 1523 265 38 ifrågavarande
1017 1522 194 39 tilläggslån
1233 1532 103 29 synes
1356 1531 46 20 nu
1422 1523 84 28 böra
1527 1523 116 28 fattas.

158 1579 11 28 I
199 1578 151 39 enlighet
378 1578 79 29 med
484 1576 458 40 besparingsutredningens
971 1576 129 38 förslag
1127 1576 62 29 bör
1218 1577 124 28 räntan
1372 1575 192 30 fastställas
1594 1575 48 30 till

158 1632 19 28 4
196 1632 31 34 Zz
250 1631 82 29 eller
350 1640 135 20 samma
503 1631 183 33 räntesats,
705 1639 75 20 som
798 1639 46 20 nu
863 1629 106 39 gäller
987 1630 54 28 för
1061 1628 190 30 tertiärlån.
1270 1629 78 29 Med
1365 1629 137 39 hänsyn
1523 1628 50 30 till
1592 1629 53 29 ut-

158 1684 224 39 formningen
400 1693 41 20 av
460 1684 155 38 reglerna
635 1683 54 29 för
707 1682 172 39 generella
897 1682 294 39 hyreshöjningar
1210 1682 107 39 enligt
1335 1681 310 40 hyresreglerings-

159 1738 100 39 lagen
276 1738 62 29 bör
356 1737 103 29 lånen
477 1737 8 29 i
506 1736 272 38 fortsättningen
797 1737 192 28 amorleras
1008 1736 63 29 och
1092 1736 179 28 förräntas
1288 1736 77 29 med
1386 1736 69 28 fast
1475 1735 169 29 annuitet.

159 1791 78 29 Med
253 1790 136 40 hänsyn
406 1790 117 30 härtill
540 1790 61 29 bör
618 1799 45 29 ny
679 1789 353 39 amorteringsperiod
1050 1788 43 40 på
1109 1788 40 30 25
1167 1788 38 30 år
1222 1789 55 29 för
1294 1788 159 39 samtliga
1472 1788 57 29 lån
1545 1788 100 39 börja

159 1844 78 39 löpa
258 1843 177 38 samtidigt
455 1851 74 21 som
549 1843 101 29 lånen
671 1843 98 37 göres
789 1842 264 29 räntebärande.
1074 1841 393 40 Departementsehefen
1489 1841 156 34 föreslår,

159 1898 47 27 att
230 1896 37 29 så
287 1896 78 29 sker
385 1896 41 29 fr.
442 1905 87 20 o.in.
550 1896 64 29 den
638 1896 12 27 1
672 1895 66 39 juli
761 1895 93 29 1961.

215 1949 57 29 Ett
292 1949 111 29 beslut
423 1958 57 19 om
501 1948 221 38 förräntning
742 1957 41 20 av
804 1947 264 38 ifrågavarande
1090 1947 196 39 tilläggslån
1306 1947 100 29 berör
1426 1947 66 29 hus
1512 1947 133 39 byggda

161 2003 79 29 från
259 2002 123 29 mitten
402 2011 41 20 av
465 2001 76 29 1951
570 2003 121 28 t.o.m.
711 2001 38 29 år
771 2000 93 30 1958.
884 2001 74 28 Den
977 2000 265 39 hyreshöjning,
1262 2009 74 20 som
1357 2000 66 29 blir
1442 1999 204 39 erforderlig

160 2056 10 28 i
190 2055 188 39 anledning
397 2064 41 20 av
458 2056 49 27 att
530 2054 240 39 tilläggslånen
790 2055 98 37 göres
908 2053 260 39 räntelöpande,
1189 2053 66 29 blir
1275 2062 41 21 av
1337 2054 203 29 varierande
1561 2055 86 27 stor-

161 2109 52 28 lek
235 2108 170 29 beroende
424 2108 44 39 på
487 2107 67 29 hur
573 2109 86 27 stort
678 2107 204 39 lånebelopp
902 2115 73 20 som
997 2108 167 38 uppsagts
1186 2106 48 29 till
1255 2106 264 38 återbetalning.
1539 2106 108 38 Högst

161 2162 69 28 kan
252 2160 296 40 hyreshöjningen
571 2160 140 29 komma
733 2161 47 28 att
805 2159 111 40 uppgå
940 2159 47 28 till
1020 2159 7 28 5
1048 2159 18 28 å
1087 2160 19 27 6
1131 2160 31 30 96
1188 2159 43 39 på
1253 2160 40 29 de
1314 2159 116 39 hyror,
1452 2168 72 19 som
1549 2160 98 37 utgår

162 2214 111 29 under
292 2214 38 29 år
352 2214 92 28 1961.
465 2213 159 38 Hyrorna
645 2212 158 29 kommer
824 2212 89 30 ändå
934 2214 47 27 att
1005 2212 200 37 understiga
1227 2212 153 38 hyrorna
1402 2213 7 28 i
1430 2211 216 39 jämförbara

164 2266 221 39 nyuppförda
409 2266 76 28 hus.

219 2319 11 28 I
257 2319 92 29 detta
376 2318 256 37 sammanhang
657 2317 156 29 anmäles
839 2327 41 19 en
908 2317 108 37 fråga,
1043 2326 73 19 som
1143 2316 107 39 gäller
1277 2317 110 29 stödet
1417 2317 47 29 till
1494 2317 155 29 student-

162 2372 172 29 bostäder.
360 2370 472 38 Studentbostadsföretagen
858 2370 63 29 har
945 2370 122 29 endast
1093 2370 7 28 i
1127 2369 137 39 mycket
1290 2370 193 38 begränsad
1509 2370 141 28 omfuatt-

164 2424 82 38 ning
266 2423 142 40 uppfört
427 2424 157 29 normala
605 2423 298 38 familjebostäder
924 2423 51 28 för
995 2422 85 38 gifta
1100 2423 190 29 studenter.
1311 2422 163 30 Flertalet
1494 2423 156 29 student-

165 2477 164 38 familjer,
354 2479 83 27 även
465 2477 40 29 de
531 2486 72 19 som
631 2476 61 29 har
719 2477 95 30 barn,
840 2484 101 31 synes
969 2475 171 37 nämligen
1169 2476 136 29 föredra
1333 2476 40 29 de
1399 2485 73 19 som
1501 2476 149 38 familje-
