1870 2778
253 159 43 30 46

634 160 253 30 Statsutskottets
911 164 161 27 utlåtande
1094 174 40 18 nr
1156 165 36 27 53
1215 166 35 27 år
1272 167 74 27 1961

578 240 52 29 25.
656 241 95 30 avslå
776 242 12 29 i
816 243 219 30 motionerna
1062 244 29 30 I:
1108 245 61 29 337
1198 247 65 29 och
1290 247 45 29 II:
1352 247 63 30 396
1443 251 90 27 samt
1560 249 85 30 I:96
1673 251 65 29 och

521 292 45 29 II:
585 293 60 29 119
675 293 191 32 framställt
896 297 156 38 yrkande
1086 307 56 20 om
1175 299 162 30 återkrav
1369 310 42 20 av
1442 302 93 29 vissa
1568 304 167 29 räntefria

520 345 142 31 stående
682 347 94 30 delar
796 357 42 20 av
857 350 263 38 egnahemslån;

577 408 51 29 26.
654 409 95 29 avslå
779 410 11 28 i
821 411 219 30 motionerna
1072 412 108 30 1:436
1210 415 64 29 och
1306 415 45 29 II:
1369 415 62 30 506
1463 416 189 31 framställt
1682 427 55 30 yr-

520 460 115 30 kande
665 470 56 20 om
753 462 205 41 förhöjning
988 474 42 20 av
1059 466 257 40 ränteeftergift
1346 468 35 30 åt
1411 469 93 30 vissa
1534 471 202 38 egnahems-

517 513 193 40 låntagare;

576 567 51 29 27.
653 568 95 30 avslå
778 569 10 29 i
820 570 219 30 motionerna
1070 572 109 30 1:426
1209 574 65 29 och
1304 574 46 29 II:
1367 575 63 30 505
1462 575 189 32 framställt
1680 587 56 30 yr-

518 619 114 32 kande
655 629 56 21 om
735 622 188 40 utredning
948 624 177 39 angående
1148 626 280 40 inkomstprövat
1453 630 76 29 stöd
1552 630 58 30 vid
1634 639 101 31 egna-

516 672 295 41 hemsbyggande;

573 726 52 29 28.
651 727 95 30 avslå
776 728 10 28 i
818 729 220 31 motionerna
1069 731 28 29 I:
1116 731 61 30 134
1207 733 65 29 och
1303 734 46 29 II:
1368 735 61 29 162
1461 735 189 31 framställt
1679 746 55 30 yr-

517 778 114 31 kande
658 780 223 31 beträffande
908 782 58 30 lån
994 784 51 29 till
1073 784 315 41 bostadsegnahem
1416 788 11 29 i
1457 790 169 30 samband
1654 791 78 29 med

515 832 178 39 ägarbyte;

570 885 52 30 29.
648 886 94 30 avslå
773 887 11 29 i
815 888 220 31 motionerna
1066 890 107 31 1:337
1205 893 65 29 och
1301 893 45 29 II:
1364 894 62 30 396
1459 894 189 32 framställt
1678 906 55 30 yr-

515 938 114 30 kande
654 940 178 39 angående
857 943 218 30 räntesatsen
1100 944 55 30 för
1180 946 196 36 tertiärlån;

571 992 51 29 30.
647 992 222 32 beträffande
906 996 234 31 tertiärlånets
1179 999 129 31 storlek
1345 1002 65 29 och
1449 1003 281 40 amorteringstid

512 1045 79 29 med
619 1046 117 39 avslag
762 1047 19 29 å
808 1049 219 31 motionerna
1055 1050 28 29 1:
1101 1051 62 30 337
1191 1053 63 29 och
1282 1054 44 28 II:
1344 1054 63 30 396
1435 1058 91 27 samt
1553 1056 85 30 1:96
1666 1058 64 29 och

513 1097 44 29 II:
577 1098 71 34 119,
670 1100 160 39 samtliga
851 1101 171 32 motioner
1043 1103 104 30 såvitt
1169 1114 46 20 nu
1237 1107 37 29 är
1294 1106 10 29 i
1326 1107 109 39 fråga,
1457 1109 185 38 godkänna
1663 1112 66 29 vad

511 1150 171 31 utskottet
707 1153 133 35 anfört;

569 1204 51 29 31.
645 1205 222 33 beträffande
896 1209 170 39 prövning
1096 1219 42 21 av
1166 1211 123 39 frågan
1317 1222 58 20 om
1404 1214 112 30 bättre
1546 1217 183 29 samstäm-

513 1257 130 39 mighet
674 1259 128 29 mellan
832 1260 271 40 lånegränserna
1134 1264 55 29 för
1219 1265 147 38 primär-
1396 1268 65 29 och
1492 1269 235 31 sekundärlån

512 1312 92 28 samt
626 1312 180 30 tertiärlån
830 1313 12 29 i
865 1314 188 41 anledning
1076 1325 42 21 av
1140 1318 219 31 motionerna
1382 1320 29 29 I:
1427 1320 64 30 434
1514 1323 65 29 och
1603 1322 45 30 II:
1664 1323 63 29 498

512 1363 10 28 i
554 1364 165 30 skrivelse
750 1366 51 29 till
833 1367 125 39 Kungl.
989 1369 105 39 Maj:t
1124 1370 77 39 giva
1231 1372 51 29 till
1312 1372 120 31 känna
1460 1375 66 29 vad
1557 1376 170 31 utskottet

511 1417 132 34 anfört;

567 1470 50 29 32.
642 1471 223 31 beträffande
894 1474 118 40 tillägg
1041 1475 51 30 till
1122 1476 337 41 belåningsvärdena
1487 1481 55 30 för
1569 1483 157 30 bostads-

509 1522 67 30 hus
598 1523 54 30 för
672 1524 221 42 konstnärlig
914 1529 248 40 utsmyckning
1183 1540 42 20 av
1245 1531 312 33 bostadsområden
1578 1536 10 29 i
1610 1537 116 29 anled-

509 1576 84 39 ning
613 1586 41 20 av
674 1578 178 30 motionen
872 1580 45 29 II:
934 1580 62 30 346
1016 1581 11 29 i
1047 1582 166 31 skrivelse
1233 1585 51 28 till
1304 1585 126 40 Kungl.
1452 1587 104 40 Maj:t
1577 1589 74 39 giva
1672 1590 52 30 till

509 1629 118 30 känna
651 1631 67 29 vad
744 1632 171 30 utskottet
942 1634 131 35 anfört;

564 1683 51 29 33.
641 1684 95 30 avslå
766 1685 12 29 i
808 1686 220 31 motionerna
1058 1689 29 29 I:
1104 1689 61 30 337
1197 1692 64 29 och
1292 1692 46 29 II:
1358 1692 60 31 396
1450 1694 189 32 framställt
1669 1706 55 30 yr-

506 1735 114 30 kande
642 1745 56 21 om
722 1739 189 38 uttagande
934 1749 42 21 av
996 1750 42 20 en
1062 1743 150 30 särskild
1234 1744 343 43 förvaltningsavgift
1599 1749 20 30 å
1641 1752 83 28 stat-

506 1788 68 39 liga
598 1789 218 37 bostadslån;

562 1843 50 29 34.
638 1843 222 32 beträffande
882 1847 80 29 övre
983 1847 185 40 lånegräns
1192 1850 53 30 för
1268 1852 180 31 tertiärlån
1471 1854 52 29 till
1545 1851 178 49 landsting

506 1895 10 28 i
543 1896 187 40 anledning
756 1907 42 20 av
823 1899 177 30 motionen
1027 1901 45 29 II:
1090 1902 40 29 35
1156 1903 12 29 i
1195 1904 165 31 skrivelse
1386 1907 51 29 till
1464 1907 125 40 Kungl.
1617 1909 104 41 Maj:t

505 1948 77 38 giva
607 1949 50 29 till
680 1950 119 30 känna
821 1953 67 29 vad
912 1953 169 31 utskottet
1106 1955 131 36 anfört;

559 2002 51 29 35.
635 2002 222 32 beträffande
879 2006 214 31 innebörden
1117 2018 42 21 av
1181 2009 40 30 33
1245 2015 15 35 8
1284 2008 436 50 tertiärlånekungörelsen

504 2054 10 29 i
541 2056 188 40 anledning
756 2067 41 20 av
824 2059 220 31 motionerna
1070 2061 87 31 1:96
1184 2064 64 29 och
1274 2064 45 30 II:
1338 2066 71 35 119,
1439 2067 103 32 såvitt
1569 2078 47 20 nu
1645 2071 37 30 är
1708 2071 12 28 i

504 2108 109 39 fråga,
640 2109 10 29 i
680 2110 166 31 skrivelse
876 2112 50 30 till
955 2113 125 39 Kungl.
1110 2115 105 40 Maj:t
1242 2117 78 39 giva
1346 2119 53 29 till
1427 2120 118 31 känna
1572 2123 66 29 vad
1667 2126 52 27 ut-

503 2161 129 30 skottet
657 2164 131 35 anfört;

557 2215 51 29 36.
633 2216 222 31 beträffande
875 2219 222 41 förräntning
1116 2231 42 21 av
1176 2223 92 30 vissa
1286 2224 147 40 tidigare
1453 2229 180 39 uppsagda
1652 2231 67 28 till-

500 2267 156 40 läggslån
677 2271 79 29 med
776 2271 100 30 bifall
898 2272 51 30 till
971 2274 124 39 Kungl.
1117 2275 123 40 Maj:ts
1262 2277 131 41 förslag
1414 2281 66 29 och
1500 2283 78 29 med
1601 2283 117 40 avslag

501 2321 20 29 å
547 2322 220 31 motionerna
795 2324 29 30 I:
841 2325 62 30 337
931 2327 64 30 och
1023 2328 45 30 II:
1085 2328 73 36 396,
1188 2330 102 30 såvitt
1319 2341 47 20 nu
1396 2334 38 28 är
1460 2334 12 29 i
1499 2335 109 40 fråga,
1637 2338 80 38 god-

500 2374 118 30 känna
642 2376 66 30 vad
735 2378 172 30 utskottet
934 2380 130 36 anfört;

556 2429 51 29 37.
633 2430 95 29 avslå
758 2431 10 29 i
799 2432 221 32 motionerna
1050 2435 108 30 1:337
1190 2438 65 29 och
1286 2438 44 30 II:
1351 2438 59 31 396
1442 2440 190 33 framställt
1661 2453 55 30 yr-

498 2481 115 32 kande
643 2491 57 21 om
730 2486 221 39 uppsägning
981 2497 42 20 av
1052 2488 93 31 vissa
1175 2491 112 29 ränte-
1317 2493 66 29 och
1414 2492 301 47 amorteringsfria

496 2534 95 30 delar
612 2544 42 21 av
674 2536 197 40 tilläggslån
893 2539 49 29 till
965 2541 223 41 förräntning
1208 2545 63 29 och
1293 2543 228 48 amortering;
