2230 2612
610 140 385 37 Konstitutionsutskottets
1017 135 161 33 utlåtande
1201 132 53 32 Nr
1277 131 52 32 18.
1711 122 16 31 1

899 385 60 42 Nr
985 383 59 41 18.

711 511 117 28 Ankom
851 508 47 28 till
921 505 172 33 riksdagens
1116 501 97 29 kansli
1235 500 57 28 den
1317 500 37 26 12
1379 495 57 34 maj
1462 495 79 27 1922
1566 492 39 28 kl.
1631 493 36 26 11
1693 490 21 28 f.
1740 498 38 19 m.

377 623 448 43 Konstitutionsutskottets
865 616 190 38 utlåtande
1095 615 13 35 i
1149 610 198 48 anledning
1388 620 44 23 av
1475 603 135 49 Kungl.
1654 601 129 48 Maj:ts

574 691 227 50 proposition
842 685 190 50 angående
1071 680 224 49 ratificering
1337 690 44 22 av
1410 675 94 35 vissa
1539 662 196 56 ändringar
1763 668 21 35 i

580 761 106 36 akten
709 758 64 49 för
800 754 246 38 Nationernas
1068 748 179 50 förbund.

313 884 73 36 Till
427 876 464 41 konstitutionsutskottets
932 867 282 50 handläggning
1240 865 92 34 hava
1358 860 95 37 båda
1479 860 193 34 kamrarna
1699 854 88 35 hän-

182 939 94 35 visat
315 948 45 23 en
399 946 43 22 av
483 930 136 47 Kungl.
661 927 103 45 Maj:t
791 925 58 35 till
884 921 197 47 riksdagen
1109 918 146 35 avlåten
1282 911 242 51 proposition,
1553 921 44 22 nr
1626 908 58 41 69,
1712 905 77 34 vari

182 988 135 47 Kungl.
347 984 106 47 Maj:t
481 980 193 47 föreslagit
700 975 197 47 riksdagen
926 977 70 31 >att
1024 968 187 49 samtycka
1238 966 57 35 till
1323 969 53 30 att
1404 961 43 42 de
1475 973 43 23 av
1545 958 246 36 Nationernas

183 1036 182 39 förbunds
393 1033 114 37 andra
534 1030 220 44 församling
781 1023 191 39 beslutade
1000 1020 251 46 ändringarna
1277 1016 12 35 i
1310 1011 310 40 förbundsaktens
1640 1006 154 36 artiklar

185 1092 34 42 4,
250 1091 32 41 6,
314 1088 56 42 12,
402 1086 60 42 13;
490 1085 56 42 15,
578 1083 43 34 16
643 1079 69 37 och
733 1079 45 35 26
799 1080 59 32 må
876 1088 45 22 av
941 1073 136 47 Kungl.
1099 1070 105 47 Maj:t
1223 1066 57 37 för
1299 1065 167 46 Sveriges
1485 1061 59 36 del
1564 1058 228 37 ratificeras”.

319 1134 233 39 Beträffande
580 1130 269 46 motiveringen
878 1125 56 36 får
961 1123 182 36 utskottet
1171 1118 151 37 hänvisa
1347 1116 59 34 till
1435 1113 61 35 det
1515 1108 279 52 propositionen

185 1188 172 49 bifogade
398 1185 172 47 utdraget
607 1195 43 22 av
678 1177 222 51 protokollet
928 1183 86 27 över
1041 1161 579 56 utrikesdepartementsärenden
1649 1159 70 35 den
1750 1158 42 34 17

186 1240 163 37 februari
372 1238 106 35 1922.

325 1335 234 40 Beträffande
587 1333 195 46 förslagets
810 1328 168 37 formella
1016 1324 211 46 avfattning
1253 1321 66 35 har
1347 1317 178 36 utskottet
1547 1314 81 34 icke
1654 1312 146 34 kunnat

193 1392 125 48 undgå
358 1395 54 31 att
445 1386 324 49 uppmärksamma
797 1381 61 35 det
885 1377 145 37 mindre
1057 1369 341 41 tillfredsställande
1426 1371 80 37 sätt,
1535 1365 112 45 varpå
1674 1360 126 36 aktens

197 1441 264 50 ursprungliga
487 1435 230 49 ordalydelse
745 1445 51 22 nu
825 1431 182 47 anknyter
1034 1428 56 45 sig
1117 1424 58 36 till
1203 1423 44 35 de
1274 1421 13 35 i
1315 1419 156 36 artikeln
1502 1417 43 33 16
1576 1413 115 47 enligt
1710 1409 91 36 änd-

192 1491 281 50 ringsförslaget
491 1486 177 49 infogade
687 1479 490 51 tilläggsbestämmelserna.
1214 1474 19 34 I
1250 1469 158 38 berörda
1427 1466 150 37 artikels
1598 1474 187 36 ursprung

195 1546 74 47 liga
297 1544 104 35 skick
427 1540 96 36 hade
551 1537 116 37 första
694 1535 69 35 och
792 1532 113 36 andra
933 1529 176 49 styckena
1136 1523 163 49 följande
1326 1520 155 50 lydelse:

331 1591 89 38 Om
448 1590 157 35 medlem
635 1600 42 22 av
704 1582 201 38 förbundet
933 1581 123 48 griper
1083 1577 59 36 till
1170 1576 82 46 krig
1279 1574 11 34 i
1319 1570 92 38 strid
1439 1573 76 31 mot
1535 1568 79 35 sina
1651 1562 154 48 förplik-

195 1646 113 36 telser
335 1644 117 46 enligt
479 1640 199 36 artiklarna
708 1636 57 42 12,
797 1636 44 33 13
870 1633 91 34 eller
991 1632 57 41 15,
1077 1627 93 36 skall
1198 1620 278 51 ifrågavarande
1495 1622 72 31 stat
1586 1627 105 24 anses
1711 1613 96 35 däri-

199 1707 133 37 genom
373 1698 90 31 utan
503 1689 126 37 vidare
670 1687 93 34 hava
801 1684 126 47 begått
968 1693 45 22 en
1045 1675 284 49 krigshandling
1356 1675 98 32 emot
1481 1667 175 46 samtliga
1684 1664 124 45 övriga

199 1746 239 36 medlemmar
465 1754 44 23 av
537 1736 213 39 förbundet.
805 1734 113 35 Dessa
946 1728 173 38 förbinda
1146 1728 57 45 sig
1231 1729 53 31 att
1314 1720 228 38 omedelbart
1566 1716 154 47 avbryta
1739 1714 71 34 alla

201 1794 244 38 förbindelser
485 1804 43 22 av
561 1785 247 39 kommersiell
836 1784 90 34 eller
952 1779 185 37 finansiell
1167 1781 56 30 art
1250 1773 83 36 med
1360 1772 71 35 den
1459 1762 351 52 fördragsbrytande

202 1852 131 37 staten,
362 1849 53 31 att
443 1839 175 50 förbjuda
645 1839 71 34 alla
743 1833 244 38 förbindelser
1015 1830 135 35 mellan
1180 1828 79 34 sina
1286 1824 201 48 inbyggare
1516 1818 75 44 och
1608 1815 203 48 inbyggare

201 1899 12 35 i
241 1892 279 50 ifrågavarande
548 1895 72 31 stat
647 1892 96 33 samt
771 1890 54 31 att
852 1881 195 39 förhindra
1075 1880 70 35 alla
1169 1874 243 39 förbindelser
1432 1884 42 22 av
1494 1867 195 42 finansiell,
1710 1865 102 34 kom-

206 1947 158 37 mersiell
392 1945 88 36 eller
507 1941 189 49 personlig
723 1942 55 31 art
799 1935 133 36 mellan
952 1933 121 35 denna
1092 1935 89 30 stats
1200 1926 254 47 innebyggare
1474 1921 68 36 och
1561 1917 253 46 innebyggare

206 2000 12 34 i
246 1998 100 46 varje
374 2007 120 24 annan
522 1996 83 39 stat,
635 1987 204 38 oberoende
863 1985 120 42 därav,
1004 1979 183 38 huruvida
1206 1978 69 35 den
1296 1975 126 35 tillhör
1441 1968 201 39 förbundet
1661 1968 87 34 eller
1768 1965 45 46 ej.

341 2046 68 35 Det
451 2045 140 45 åligger
627 2042 13 32 i
680 2038 129 36 sådant
849 2035 65 35 fall
941 2032 101 36 rådet
1070 2035 53 31 att
1151 2028 136 36 föreslå
1314 2025 44 35 de
1387 2020 178 39 särskilda
1592 2016 221 48 regeringar,

209 2099 109 35 saken
360 2096 122 44 angår,
524 2090 84 37 med
636 2088 99 37 vilka
762 2089 105 40 lant-,
892 2084 70 46 sjö-
991 2083 89 34 eller
1107 2073 327 41 luftstridskrafter
1461 2072 44 34 de
1534 2066 180 38 särskilda
1741 2064 75 35 för-

211 2144 412 41 bundsmedlemmarna
641 2139 103 35 skola
763 2136 152 46 bidraga
933 2133 59 35 till
1008 2131 45 35 de
1067 2128 166 49 väpnade
1249 2125 156 50 styrkor,
1422 2134 78 23 som
1517 2120 101 36 skola
1632 2113 186 39 användas

211 2200 58 35 till
298 2193 191 39 hävdande
517 2205 42 23 av
588 2184 502 49 förbundsförpliktelsernas
1118 2177 139 48 helgd.>

347 2258 126 41 Bihang
496 2255 48 32 till
566 2254 186 40 riksdagens
772 2247 155 45 protokoll
951 2245 95 32 1922.
1091 2244 20 30 5
1134 2241 90 32 saml.
1279 2241 40 29 15
1341 2236 80 41 häft.
1466 2233 69 40 (Nr
1559 2232 65 37 18.)
1763 2228 16 29 1

1833 1315 159 28 Utskottets

1839 1349 141 36 yttrande.
