1894 2808
257 178 20 30 8
674 182 117 31 Andra
814 182 240 37 lagutskottets
1078 182 175 32 utlåtande
1277 192 43 21 nr
1343 182 50 31 34.

828 262 15 28 1
869 262 17 34 $
911 261 111 40 tredje
1045 261 145 40 stycket.

302 329 13 28 I
337 329 95 29 detta
457 329 118 38 stycke
601 328 147 30 föreslås
771 329 66 30 den
861 329 195 39 ändringen
1078 329 129 35 införd,
1231 331 51 28 att
1304 329 142 30 förvärv
1470 338 43 21 av
1536 329 101 30 andel
1660 329 11 29 i
1695 329 71 30 fas-

257 379 117 38 tighet,
398 379 75 30 vari
498 379 226 30 förvärvaren
747 380 108 29 redan
878 381 38 28 är
940 380 170 39 delägare,
1134 379 89 30 skall
1246 389 83 21 vara
1351 380 216 39 undantaget
1590 380 80 30 från
1695 380 71 39 lag-

257 429 218 40 stiftningen.

304 480 364 40 Utredningsmannen
697 481 64 29 har
790 481 207 34 framhållit,
1026 483 50 28 att
1105 481 160 30 tillstånd
1295 481 53 29 till
1378 481 142 30 förvärv
1548 490 43 21 av
1621 481 102 30 andel
1753 481 12 29 i

261 531 166 39 fastighet
449 531 112 30 under
582 531 68 30 alla
674 531 247 30 förhållanden
946 532 76 29 icke
1044 531 62 30 bör
1128 532 128 30 krävas
1279 541 42 20 av
1344 532 78 34 den,
1448 541 75 20 som
1545 532 146 39 tidigare
1715 541 52 21 er-

256 581 99 30 hållit
375 582 103 29 andel
495 582 11 29 i
525 581 209 39 fastigheten
753 582 45 40 på
816 583 113 38 grund
948 592 42 20 av
1008 582 168 40 giftorätt,
1196 591 62 21 arv
1278 582 82 30 eller
1378 584 208 28 testamente
1605 584 90 28 samt
1715 581 50 31 att

256 632 67 29 den
345 642 41 20 av
407 632 131 30 honom
560 632 198 39 föreslagna
780 633 194 39 lösningen,
997 633 117 29 vilken
1136 633 179 40 upptagits
1337 633 12 29 i
1373 633 274 39 propositionen,
1672 634 95 29 med-

256 682 65 34 för,
342 684 50 28 att
416 683 347 30 överensstämmelse
783 684 123 29 vinnes
928 684 81 29 med
1030 684 99 39 lagen
1152 693 56 20 om
1232 684 156 29 kronans
1412 684 227 39 förköpsrätt.

974 752 20 29 2
1017 752 28 34 8.

302 810 13 28 I
338 810 262 39 propositionen
623 810 64 30 har
709 810 112 39 tredje
846 811 135 38 stycket
1005 810 11 30 i
1043 810 158 39 gällande
1226 810 56 39 lag
1304 810 190 30 uteslutits.
1519 810 102 30 Detta
1646 809 119 40 stycke

257 860 195 30 innehåller
477 862 48 28 ett
550 861 190 39 stadgande
764 870 56 21 om
846 863 61 32 att,
933 861 107 29 sedan
1065 861 128 39 lagfart
1220 861 193 29 meddelats
1440 861 20 29 å
1484 861 94 38 fång,
1603 861 67 29 den
1694 869 73 20 om-

258 911 243 39 ständigheten
526 913 49 27 att
596 911 158 30 tillstånd
776 912 30 39 ej
834 912 97 29 sökts
955 911 83 30 eller
1060 912 158 29 ansökan
1239 912 122 29 därom
1383 911 31 40 ej
1440 911 147 30 bifallits
1611 911 75 30 icke
1708 911 59 30 må

257 961 144 30 inverka
424 961 20 30 å
467 962 137 38 fångets
627 962 167 39 giltighet.

302 1012 13 29 I
343 1012 379 39 utredningsmannens
750 1013 131 38 förslag
908 1013 54 29 till
989 1013 129 39 lagtext
1144 1013 106 29 fanns
1276 1012 112 40 tredje
1417 1013 135 38 stycket
1580 1012 187 39 medtaget.

299 1089 394 39 Departementschefen
716 1089 64 29 har
802 1089 179 39 angående
1004 1089 206 39 stadgandet
1233 1089 12 29 i
1266 1088 112 40 tredje
1401 1089 135 39 stycket
1559 1088 142 30 uttalat:

301 1147 57 30 Ett
381 1148 192 38 stadgande
597 1157 41 20 av
660 1148 115 30 denna
795 1148 171 30 innebörd
988 1148 64 29 har
1074 1148 143 39 givetvis
1239 1148 54 29 sin
1313 1147 172 40 egentliga
1506 1147 175 39 betydelse
1702 1146 65 30 och

257 1190 59 30 sitt
338 1190 240 39 berättigande
598 1191 111 29 under
729 1191 67 29 den
817 1191 111 29 första
949 1191 96 29 tiden
1068 1190 55 30 för
1143 1200 43 20 en
1208 1190 305 38 koncessionslags
1533 1189 234 40 tillämpning.

256 1232 175 30 Eftersom
453 1232 344 39 jordförvärvslagen
819 1233 108 29 redan
948 1233 90 29 varit
1063 1233 159 38 gällande
1244 1233 111 28 under
1377 1241 43 20 en
1444 1232 134 39 ganska
1599 1232 167 29 avsevärd

256 1275 50 29 tid
329 1275 64 29 och
416 1275 45 29 då
483 1275 119 38 lagens
624 1275 263 29 bestämmelser
911 1283 147 21 numera
1081 1275 98 29 torde
1204 1283 84 21 vara
1313 1274 55 30 väl
1393 1274 119 30 kända
1536 1284 42 20 av
1602 1274 41 29 de
1667 1282 100 30 myn-

255 1317 166 38 digheter,
446 1325 75 21 som
541 1317 45 29 ha
606 1319 49 27 att
675 1317 159 39 tillämpa
854 1317 192 33 desamma,
1069 1317 90 29 lärer
1178 1317 106 39 något
1304 1316 112 30 behov
1436 1326 43 20 av
1498 1316 268 39 ifrågavarande

261 1359 190 39 stadgande
479 1359 30 39 ej
540 1359 117 39 längre
684 1359 207 30 förefinnas.
920 1359 212 39 Stadgandet
1161 1368 102 30 synes
1290 1359 121 30 därför
1438 1359 123 29 kunna
1587 1359 178 38 borttagas

258 1410 41 20 ur
327 1402 110 38 lagen.
466 1401 123 30 Denna
615 1402 112 29 skulle
753 1402 205 38 härigenom
984 1402 11 28 i
1021 1401 229 30 förevarande
1277 1401 169 30 avseende
1472 1402 143 29 komma
1642 1403 49 28 att
1718 1401 48 29 bli

256 1444 163 29 ensartad
442 1444 80 29 med
546 1444 81 29 1916
652 1444 57 30 års
730 1443 337 39 inskränkningslag
1087 1444 65 29 och
1176 1444 83 29 1925
1283 1444 57 29 års
1363 1443 337 39 bolagsförbudslag.

302 1512 13 28 I
344 1511 179 30 motionen
554 1511 48 29 II:
617 1512 64 29 509
711 1511 64 30 har
806 1511 209 35 hemställts,
1047 1513 49 28 att
1127 1511 187 39 riksdagen
1347 1511 57 30 vid
1436 1511 258 38 behandlingen
1725 1519 43 21 av

256 1562 263 39 propositionen
539 1562 108 29 måtte
667 1562 56 29 för
745 1562 54 29 sin
819 1562 55 29 del
896 1562 137 29 besluta
1054 1564 50 27 att
1126 1562 53 29 till
1204 1562 19 30 2
1249 1561 15 37 $
1289 1562 99 39 lägga
1411 1563 49 28 ett
1483 1561 119 40 stycke
1623 1570 43 21 av
1687 1570 81 21 ena-

257 1613 116 29 handa
399 1613 132 39 lydelse
556 1621 73 21 som
655 1613 57 29 det
737 1613 204 29 nuvarande
967 1612 112 40 tredje
1108 1613 144 38 stycket.

972 1680 70 34 48.

302 1739 48 29 De
368 1740 90 29 enda
476 1739 198 39 föreslagna
692 1739 237 39 ändringarna
948 1739 12 29 i
978 1740 114 29 denna
1110 1739 165 39 paragraf
1296 1739 71 34 äro,
1387 1740 50 29 att
1456 1738 312 30 lantbruksnämn-

260 1789 68 30 den
364 1790 89 30 skall
490 1790 162 39 övertaga
688 1789 492 40 jordbrukskommissionens
1219 1790 243 29 övervakande
1500 1789 138 40 uppgift
1677 1791 91 27 samt

258 1842 50 27 att
338 1841 67 28 den
437 1840 241 30 övervakande
709 1840 250 39 myndigheten
991 1840 106 39 enligt
1127 1840 167 39 förslaget
1324 1840 88 30 skall
1445 1839 206 31 >hemställa
1680 1839 84 29 hos>

258 1891 130 29 allmän
417 1890 163 40 åklagare
610 1893 49 27 att
687 1892 12 29 i
727 1891 290 29 förekommande
1046 1891 62 29 fall
1140 1890 260 40 anhängiggöra
1429 1891 66 29 och
1523 1890 118 30 utföra
1670 1889 97 30 talan

256 1950 57 20 om
336 1942 214 29 utdömande
572 1950 42 21 av
634 1941 148 39 förelagt
803 1941 69 30 vite
894 1942 66 29 och
982 1942 76 29 icke
1080 1941 115 30 såsom
1218 1941 126 30 hittills
1368 1941 222 40 >»uppdraga»
1613 1940 95 30 detta
1732 1940 35 30 åt

261 1992 200 39 åklagaren.
486 1992 225 30 Sistnämnda
733 1992 148 39 ändring
904 2001 104 30 synes
1032 1992 44 30 ha
1101 1992 205 30 tillkommit
1330 1992 55 29 för
1409 1994 50 27 att
1483 1991 170 40 tydligare
1677 2000 93 20 mar-

257 2043 84 29 kera
365 2042 208 39 åklagarens
597 2042 252 40 självständiga
872 2042 177 39 ställning.

302 2093 227 39 Möjligheten
551 2093 54 29 för
627 2093 66 29 den
716 2093 328 39 tillståndsgivande
1065 2093 250 39 myndigheten
1337 2095 50 27 att
1409 2092 178 40 uppställa
1608 2091 127 31 villkor
1756 2091 11 30 i

259 2144 169 29 samband
456 2144 80 29 med
566 2145 49 29 att
644 2143 159 31 tillstånd
831 2143 52 30 till
914 2144 329 39 fastighetsförvärv
1270 2143 137 30 lämnas
1436 2144 91 28 samt
1558 2144 50 28 att
1634 2143 132 29 utsätta

256 2194 68 29 vite
343 2194 54 30 för
417 2194 144 30 tredska
581 2196 49 28 att
649 2194 161 40 uppfylla
828 2195 102 29 dessa
948 2195 65 29 har
1034 2194 198 30 bibehållits
1250 2194 12 29 i
1281 2194 177 38 förslaget.

302 2245 128 30 Herrar
454 2245 201 39 Heggblom
681 2245 65 29 och
770 2245 170 30 Sundelin
964 2245 46 30 ha
1034 2245 126 29 uttalat
1188 2244 165 39 farhågor
1378 2244 56 30 för
1460 2246 51 28 att
1538 2244 114 30 denna
1679 2242 89 39 möj-

258 2295 106 39 lighet
394 2296 72 30 kan
498 2296 78 38 giva
604 2297 175 37 utrymme
808 2296 54 29 för
891 2295 221 39 godtyckliga
1141 2295 272 39 förelägganden
1442 2295 66 29 och
1540 2296 50 28 att
1620 2295 41 29 de
1692 2302 75 20 som

257 2346 112 30 önska
394 2346 161 30 tillstånd
582 2346 51 30 till
660 2346 331 39 fastighetsförvärv
1017 2346 98 30 skola
1141 2354 139 31 pressas
1307 2345 54 30 till
1389 2345 142 40 obilliga
1560 2343 206 45 åtaganden.

303 2396 12 29 I
339 2396 221 31 motionerna
583 2397 31 29 I:
629 2397 64 29 342
719 2397 65 29 och
807 2397 47 29 II:
869 2397 64 29 503
957 2397 65 29 har
1047 2396 200 30 alternativt
1271 2396 209 35 hemställts,
1505 2398 51 28 att
1580 2395 187 38 riksdagen

257 2447 108 30 måtte
391 2446 148 35 besluta,
570 2449 69 27 »att
667 2446 15 38 8
711 2446 20 30 4
756 2448 78 29 med
860 2447 264 30 bestämmelser
1152 2456 56 20 om
1238 2446 174 30 särskilda
1441 2445 232 32 förbindelser
1702 2445 65 30 och

261 2497 307 40 vitesålägganden
588 2497 102 40 utgår
710 2506 42 21 ur
772 2498 133 39 lagen>.
