1894 2816
507 169 119 30 Andra
649 169 246 40 lagutskottets
919 169 179 31 utlåtande
1120 179 43 20 nr
1184 170 52 30 34.
1593 171 39 30 19

258 253 143 39 (Kungl.
424 254 125 39 Maj:ts
574 253 162 40 förslag.)
1092 255 213 33 (Utskottets
1329 254 161 40 förslag.)

165 321 226 30 Beträffande
415 321 93 39 fång,
531 330 75 21 som
628 322 91 29 skett
742 322 111 29 under
877 322 60 34 tid,
960 322 43 29 då
1025 322 220 30 sistnämnda
1268 322 55 39 lag
1345 323 88 29 varit
1457 322 170 39 gällande,

118 371 89 30 skall
232 371 66 30 vad
325 372 11 30 i
362 381 134 21 samma
521 372 57 39 lag
605 372 140 39 stadgas
772 373 63 39 äga
862 372 224 40 tillämpning
1112 372 131 40 jämväl
1273 373 88 30 efter
1387 373 66 30 den
1480 373 41 30 30
1547 373 80 39 juni

118 422 94 30 1948.

168 525 200 30 Stockholm
387 526 66 30 den
471 526 40 29 20
530 526 71 39 maj
625 525 93 31 1948.

561 627 48 30 På
634 627 110 30 andra
767 627 247 39 lagutskottets
1038 628 146 38 vägnar:

693 727 140 30 DAVID
852 727 201 30 NORMAN.

509 946 64 29 Vid
595 945 162 30 ärendets
780 945 211 40 behandling
1011 946 46 30 ha
1080 946 156 30 närvarit

163 1013 81 30 från
269 1014 165 29 första
469 1014 223 29 kammaren:
719 1014 121 29 herrar
865 1014 165 34 Norman,
1057 1014 204 35 Holmbäck,
1288 1015 103 39 Hage,
1416 1015 209 33 Löfvander,

119 1056 92 33 Sten,
235 1056 204 38 Björkman,
461 1056 74 30 Nils
558 1055 182 31 Elowsson
763 1057 64 29 och
851 1056 77 30 Carl
951 1056 79 30 Eric
1053 1057 201 35 Ericsson”;

162 1115 81 29 från
275 1115 153 30 andra
460 1115 223 30 kammaren:
706 1115 122 30 herrar
850 1116 152 30 Olovson
1024 1116 12 29 i
1057 1116 174 34 Västerås,
1254 1117 222 34 Hellbacken,
1498 1117 127 29 Johns-

119 1165 62 21 son
205 1158 11 28 i
240 1157 312 39 Kastanjegården,
577 1158 250 34 Hermansson,
853 1158 114 34 Holm,
992 1158 202 30 Andersson
1217 1159 11 29 i
1253 1158 182 35 Gisselås”,
1461 1159 163 30 Hedlund

117 1199 9 29 i
152 1199 133 30 Rådom
310 1200 64 29 och
398 1200 202 29 Andersson
624 1200 11 30 i
660 1199 256 31 Alfredshem”.

163 1269 14 14 =
198 1270 34 31 Ej
251 1270 179 25 närvarande
447 1270 48 24 vid
514 1269 175 26 utlåtandets
707 1270 147 32 justering.

685 1521 368 35 Reservation

162 1623 42 20 av
224 1614 122 29 herrar
367 1613 205 38 Holmbäck,
593 1614 209 40 Löfvander,
823 1615 206 40 Björkman,
1052 1615 79 30 Carl
1150 1615 80 30 Eric
1251 1615 174 37 Ericsson,
1448 1615 178 30 Johnsson

114 1664 11 28 i
146 1664 302 39 Kastanjegården
467 1664 65 30 och
551 1664 202 30 Andersson
776 1665 11 29 i
806 1665 162 34 Gisselås,
990 1665 93 30 vilka
1106 1665 133 30 anfört:

160 1715 116 39 Enligt
297 1715 61 29 vår
379 1715 228 40 uppfattning
629 1716 65 29 har
715 1725 148 21 numera
885 1716 184 29 samhället
1091 1725 44 21 en
1156 1716 230 39 lagstiftning,
1410 1725 74 21 som
1507 1717 38 29 är
1568 1717 56 38 äg-

115 1766 69 29 nad
209 1768 49 27 att
283 1766 11 28 i
318 1766 170 39 väsentlig
512 1766 85 30 mån
620 1766 184 30 förhindra
829 1767 161 30 vanhävd
1015 1776 42 21 av
1079 1767 81 39 jord
1185 1767 64 30 och
1277 1767 160 39 skövling
1461 1777 42 20 av
1527 1767 95 39 skog.

115 1816 76 29 Den
217 1816 41 30 30
280 1816 79 39 juni
384 1816 80 30 1947
490 1817 65 29 har
578 1817 178 29 utfärdats
779 1826 42 21 en
845 1818 55 38 lag
923 1827 56 20 om
1003 1818 145 39 uppsikt
1171 1818 20 29 å
1213 1817 183 40 jordbruk.
1422 1818 123 30 Denna
1568 1818 56 38 lag

114 1867 102 38 utgör
235 1867 203 39 visserligen
456 1876 43 21 en
520 1867 167 39 mildring
709 1877 41 21 av
770 1868 41 29 de
832 1869 143 37 stränga
995 1868 120 39 regler,
1138 1877 75 20 som
1232 1868 107 39 enligt
1364 1868 82 30 1942
1468 1869 57 29 års
1546 1878 78 30 pro-

115 1917 172 29 visoriska
314 1918 239 38 vanhävdslag
581 1918 83 38 gällt
694 1918 111 29 under
833 1918 205 39 krigstiden,
1066 1927 82 20 men
1187 1918 145 30 innebär
1371 1928 43 20 en
1452 1919 172 38 väsentlig

115 1968 193 38 skärpning
328 1968 11 28 i
360 1968 221 29 förhållande
603 1968 53 29 till
677 1969 40 28 de
740 1969 228 38 stadganden,
993 1977 74 21 som
1091 1969 112 38 gällde
1225 1969 106 39 enligt
1358 1969 81 29 1927
1462 1969 57 30 års
1541 1978 83 21 van-

115 2018 178 39 hävdslag.
322 2018 244 39 Stadgandena
592 2019 11 28 i
632 2018 81 30 1947
744 2019 57 30 års
829 2019 56 39 lag
910 2020 60 28 äro
996 2028 42 21 av
1063 2022 207 37 permanent
1296 2022 115 27 natur.
1439 2020 65 29 Vid
1530 2020 93 29 årets

115 2069 143 39 riksdag
280 2069 64 29 har
368 2069 151 39 antagits
544 2079 47 29 ny
614 2070 278 39 skogsvårdslag,
916 2070 116 30 vilken
1058 2078 58 31 ger
1140 2071 110 29 andra
1274 2071 110 39 regler
1409 2072 44 28 än
1477 2071 147 39 tidigare

115 2119 84 39 gällt
224 2120 10 28 i
260 2120 99 38 fråga
386 2129 55 20 om
468 2120 186 39 uttagning
678 2130 42 20 av
759 2120 285 40 skogskapitalet.
1099 2121 213 38 Skogsmark
1351 2121 87 29 skall
1477 2130 147 20 numera

115 2169 119 29 skötas
258 2170 37 29 så
318 2172 49 27 att
390 2170 37 29 så
448 2170 62 30 vitt
533 2170 138 38 möjligt
699 2170 4 29 i
727 2170 187 30 huvudsak
935 2170 100 39 jämn
1057 2171 210 38 avkastning
1290 2171 158 30 erhålles.
1471 2171 152 29 Avverk-

114 2219 85 38 ning
219 2229 41 20 av
279 2220 75 29 icke
374 2220 283 38 utvecklingsbar
680 2221 86 38 skog
789 2238 2 3 —
845 2221 68 29 den
933 2230 67 29 nya
1021 2221 331 38 skogsvårdslagens
1372 2221 249 39 motsvarighet

114 2270 52 28 till
189 2270 67 29 den
277 2270 95 29 äldre
394 2270 118 38 lagens
534 2270 151 39 begrepp
711 2271 114 29 »äldre
848 2271 105 38 skog>
976 2288 43 3 —
1042 2271 55 30 får
1120 2271 31 38 ej
1178 2273 85 27 utan
1289 2271 334 39 skogsvårdsstyrel-

115 2328 80 21 sens
220 2320 156 29 tillstånd
404 2320 176 38 företagas
606 2321 38 29 så
670 2322 50 27 alt
749 2321 109 29 större
887 2320 215 39 rubbningar
1127 2321 10 28 i
1163 2321 273 39 avkastningens
1460 2321 161 39 jämnhet

117 2370 224 40 uppkomma.

160 2421 66 28 För
255 2422 49 28 att
330 2420 125 29 hindra
480 2420 161 30 vanhävd
670 2420 64 29 och
762 2420 266 39 skogsskövling
1056 2421 96 29 torde
1178 2421 120 29 därför
1324 2421 75 30 icke
1427 2421 113 39 någon
1567 2421 55 39 lag

113 2481 56 19 om
193 2470 257 38 inskränkning
473 2471 10 28 i
508 2471 114 29 rätten
646 2472 49 28 att
719 2471 160 29 förvärva
903 2471 359 39 jordbruksfastighet
1285 2471 161 30 behövas.
