1884 2804
275 155 39 30 16
659 152 119 30 Andra
801 151 246 41 lagutskottets
1071 150 179 31 utlåtande
1273 160 42 20 nr
1336 150 53 30 34.

278 239 13 29 i
310 239 110 30 andra
439 238 97 30 hand
554 237 207 34 hemställts,
782 239 50 28 att
851 237 190 39 riksdagen
1059 236 109 30 måtte
1187 235 137 30 besluta
1344 237 50 29 att
1416 234 121 40 »lagen
1556 234 31 40 ej
1612 234 89 30 skall
1721 235 65 38 äga

277 289 224 40 tillämpning
525 288 56 30 för
604 287 233 40 jordbrukare
864 296 74 21 som
963 286 110 30 redan
1098 287 64 38 äga
1185 285 396 40 jordbruksfastighet»>.
1607 285 178 29 Utskottet

279 340 117 29 finner
415 340 76 29 icke
510 339 153 30 bärande
685 338 75 30 skäl
780 338 90 31 hava
890 337 137 30 anförts
1047 337 55 30 för
1123 338 50 29 att
1192 336 204 39 undantaga
1415 336 152 34 förvärv,
1589 344 74 21 som
1684 336 101 38 göras

280 399 43 21 av
341 390 196 39 jordägare,
559 389 81 30 från
660 388 385 30 lantbruksnämndens
1066 387 182 40 prövning.

777 486 501 42 Tillämpningskungörelsen.

324 575 14 29 I
360 575 57 30 det
439 574 58 31 vid
520 574 262 41 propositionen
806 583 74 21 som
902 573 116 40 bilaga
1040 573 124 39 fogade
1186 572 168 39 förslaget
1376 572 53 30 till
1451 571 336 40 tillämpningskun-

281 625 130 39 görelse
434 625 66 30 har
524 625 213 30 oförändrad
760 624 178 40 upptagits
962 624 68 30 den
1054 623 203 30 nuvarande
1281 621 281 35 bestämmelsen,
1586 623 51 28 att
1662 621 127 30 sådant

281 676 107 39 intyg,
409 685 75 21 som
503 675 178 30 erfordras
700 675 55 30 för
773 674 146 39 lagfarts
937 674 177 30 vinnande
1132 674 87 29 utan
1237 672 209 40 föregående
1465 672 173 40 prövning
1656 681 43 22 av
1717 671 71 30 för-

280 727 119 29 värvet
429 725 82 31 från
541 726 67 29 den
636 724 327 40 tillståndsgivande
992 724 261 40 myndigheten,
1285 723 90 30 skall
1406 723 162 30 utfärdas
1599 731 43 21 av
1670 722 118 30 lands-

282 776 151 30 fiskalen
453 776 12 30 i
486 778 100 28 orten
607 775 92 35 eller,
721 784 56 21 om
799 775 213 39 fastigheten
1032 774 108 39 ligger
1159 774 12 30 i
1194 774 87 34 stad,
1304 783 42 21 av
1366 774 154 29 ledamot
1541 782 43 22 av
1604 773 183 39 magistra-

281 828 59 28 ten
368 827 92 34 eller,
489 826 223 30 beträffande
741 826 77 30 stad
846 827 86 28 utan
961 825 194 39 magistrat,
1186 834 42 21 av
1256 823 486 40 kommunalborgmästaren.
1773 822 14 30 I

280 877 180 30 motionen
480 877 47 29 II:
543 876 64 30 490
627 876 65 30 har
712 876 202 39 ifrågasatts
934 875 177 30 huruvida
1131 876 56 29 det
1207 875 77 30 icke
1305 883 81 21 vore
1407 874 171 40 lämpligt,
1600 875 50 29 att
1670 873 118 30 lands-

282 927 193 30 fiskalerna
491 936 76 21 som
583 926 233 40 intygsgivare
831 928 147 28 ersattes
995 935 42 21 av
1053 925 229 30 kommunala
1297 925 288 30 förtroendemän
1601 924 82 30 eller
1699 924 90 30 lant-

281 977 309 30 bruksnämndens
614 977 214 30 ortsombud.
853 976 109 31 Såvitt
988 976 170 30 utskottet
1182 976 65 29 har
1272 975 52 40 sig
1346 975 140 34 bekant,
1510 975 65 30 har
1599 975 57 29 det
1680 983 108 21 nuva-

282 1028 107 30 rande
411 1029 166 38 systemet
597 1028 11 29 i
630 1029 86 28 stort
737 1029 66 28 sett
824 1027 163 39 fungerat
1006 1026 338 30 tillfredsställande.
1364 1025 66 30 Det
1450 1026 99 29 torde
1570 1025 121 30 därför
1710 1025 78 29 icke

282 1078 119 30 finnas
420 1078 191 39 anledning
629 1080 49 28 att
698 1078 110 30 ändra
827 1078 104 33 detta,
952 1077 143 30 särskilt
1116 1086 73 20 som
1209 1077 120 29 risken
1348 1076 56 30 för
1422 1076 180 30 bristande
1622 1075 168 39 enhetlig-

282 1129 58 30 het
362 1129 57 30 vid
441 1129 121 39 lagens
584 1128 225 40 tillämpning
832 1127 178 31 sannolikt
1036 1127 111 30 skulle
1170 1127 97 34 ökas,
1291 1136 58 20 om
1372 1126 306 40 intygsgivningen
1701 1135 88 30 upp-

282 1179 123 39 droges
426 1179 36 30 åt
483 1179 42 30 de
546 1188 43 21 av
609 1179 260 30 motionärerna
890 1178 201 39 föreslagna
1112 1186 224 31 personerna.

328 1229 49 30 På
396 1230 113 39 grund
529 1239 43 20 av
589 1229 67 30 vad
676 1228 148 31 sålunda
844 1228 136 31 anförts
999 1228 56 30 får
1075 1228 169 30 utskottet
1264 1226 196 35 hemställa,

639 1314 50 28 att
716 1312 188 39 riksdagen
930 1312 82 30 med
1040 1311 206 39 förklaring,
1276 1313 51 29 att
1355 1311 188 39 riksdagen
1571 1310 119 30 funnit
1718 1310 71 30 viss

595 1362 148 40 ändring
764 1362 85 31 böra
868 1362 159 39 vidtagas
1049 1363 11 29 i
1082 1362 56 30 det
1161 1369 124 32 genom
1307 1361 264 40 propositionen
1593 1361 197 39 framlagda

594 1412 234 40 lagförslaget,
853 1412 108 30 måtte
985 1412 81 30 med
1090 1411 118 40 avslag
1232 1412 20 30 å
1277 1411 221 30 motionerna
1523 1412 29 29 I:
1568 1410 75 36 342,
1669 1412 29 29 1:
1714 1410 74 35 343,

596 1463 29 30 I:
641 1462 73 35 344,
732 1463 46 29 II:
793 1462 75 35 490,
887 1462 45 30 II:
948 1462 75 35 503,
1042 1462 46 30 II:
1104 1462 62 30 507
1186 1462 65 30 och
1269 1462 46 29 II:
1331 1461 64 30 508
1414 1464 91 28 samt
1522 1462 80 29 med
1619 1462 99 30 bifall
1736 1461 53 31 till

595 1513 178 30 motionen
795 1513 46 29 II:
857 1512 63 30 509
942 1513 56 29 för
1020 1513 54 29 sin
1095 1513 55 29 del
1172 1514 127 37 antaga
1320 1512 157 39 följande
1499 1512 132 39 förslag
1651 1512 53 30 till

421 1621 145 41 (Kungl.
592 1621 124 40 Maj:ts
741 1620 161 41 förslag.)
1230 1619 213 35 (Utskottets
1468 1619 162 41 förslag.)

983 1722 102 43 Lag

387 1797 65 22 om
475 1785 297 43 inskränkning
795 1785 12 33 i
832 1786 130 32 rätten
986 1787 59 31 att
1070 1784 188 33 förvärva
1281 1783 421 44 jordbruksfastighet.

325 1886 210 38 Härigenom
559 1885 184 31 förordnas
769 1894 75 21 som
867 1885 114 37 följer.

998 1986 15 29 1
1043 1985 27 38 8.

325 2054 366 39 Jordbruksfastighet
710 2054 59 30 må
791 2053 44 40 ej,
857 2054 63 29 där
942 2055 109 28 annat
1074 2053 76 30 icke
1171 2052 105 40 följer
1298 2062 42 21 av
1362 2053 66 30 vad
1449 2052 11 30 i
1483 2053 116 30 denna
1619 2052 56 40 lag
1699 2053 92 30 stad-

281 2113 70 32 gas,
374 2113 124 32 genom
519 2105 70 39 köp
610 2104 82 30 eller
712 2104 80 40 byte
813 2104 181 30 förvärvas
1016 2105 87 28 utan
1122 2103 160 30 tillstånd
1306 2113 42 20 av
1368 2104 68 29 den
1459 2103 331 34 lantbruksnämnd,

280 2157 97 29 inom
396 2165 80 21 vars
498 2155 386 31 verksamhetsområde
905 2154 213 40 fastigheten
1141 2155 38 29 är
1200 2154 154 39 belägen.

325 2206 271 31 Bestämmande
620 2206 55 30 för
697 2205 185 40 fastighets
904 2207 106 28 natur
1037 2214 42 21 av
1102 2204 361 40 jordbruksfastighet
1487 2205 38 29 är
1550 2205 68 30 den
1641 2205 55 30 för
1721 2204 71 30 fas-

281 2257 155 39 tigheten
465 2257 59 30 vid
556 2257 96 29 tiden
680 2256 55 30 för
766 2256 175 30 förvärvet
972 2255 159 40 gällande
1160 2255 214 39 taxeringen.
1406 2255 190 39 Egendom,
1628 2265 75 21 som
1733 2255 58 30 vid

281 2307 116 30 denna
417 2307 160 39 taxering
599 2307 208 30 behandlats
829 2307 115 30 såsom
969 2315 44 21 en
1035 2306 113 34 enhet,
1173 2315 103 21 anses
1299 2306 115 30 såsom
1438 2315 42 21 en
1502 2306 178 39 fastighet.

331 2358 188 31 Erfordras
544 2358 158 30 tillstånd
727 2358 56 30 för
808 2358 141 30 förvärv
974 2367 43 21 av
1042 2357 175 39 fastighet,
1244 2357 60 30 må
1329 2356 30 40 ej
1388 2357 109 30 heller
1522 2357 56 30 del
1604 2367 43 20 av
1672 2355 121 40 fastig-

282 2409 103 29 heten
404 2408 83 30 eller
506 2408 103 31 andel
627 2408 75 30 däri
720 2408 181 30 förvärvas
919 2409 87 28 utan
1024 2407 174 34 tillstånd;
1219 2407 90 29 dock
1327 2406 178 31 erfordras
1524 2407 77 30 icke
1621 2405 170 34 tillstånd,

282 2460 63 29 där
365 2459 176 31 förvärvet
565 2468 98 22 avser
684 2459 110 30 sådan
814 2459 55 30 del
893 2468 42 21 av
955 2458 178 39 fastighet,
1157 2467 74 21 som
1253 2458 201 39 avstyckats
1477 2458 55 30 för
1556 2458 108 29 annat
1686 2456 107 30 ända-
