<?xml version="1.0" encoding="UTF-8"?>
<alto xmlns="http://www.loc.gov/standards/alto/ns-v3#" xmlns:xlink="http://www.w3.org/1999/xlink" xmlns:xsi="http://www.w3.org/2001/XMLSchema-instance" xsi:schemaLocation="http://www.loc.gov/standards/alto/ns-v3# http://www.loc.gov/alto/v3/alto-3-0.xsd">
	<Description>
		<MeasurementUnit>pixel</MeasurementUnit>
		<sourceImageInformation>
			<fileName>/tmp/tess_az8icc78_input.PNG</fileName>
		</sourceImageInformation>
		<OCRProcessing ID="OCR_0">
			<ocrProcessingStep>
				<processingSoftware>
					<softwareName>tesseract 5.3.0</softwareName>
				</processingSoftware>
			</ocrProcessingStep>
		</OCRProcessing>
	</Description>
	<Layout>
		<Page WIDTH="1868" HEIGHT="2782" PHYSICAL_IMG_NR="0" ID="page_0">
			<PrintSpace HPOS="0" VPOS="0" WIDTH="1868" HEIGHT="2782">
				<ComposedBlock ID="cblock_0" HPOS="263" VPOS="148" WIDTH="1145" HEIGHT="36">
					<TextBlock ID="block_0" HPOS="263" VPOS="148" WIDTH="1145" HEIGHT="36">
						<TextLine ID="line_0" HPOS="263" VPOS="148" WIDTH="1145" HEIGHT="36">
							<String ID="string_0" HPOS="263" VPOS="148" WIDTH="20" HEIGHT="29" WC="0.97" CONTENT="8"/><SP WIDTH="326" VPOS="148" HPOS="283"/>
							<String ID="string_1" HPOS="609" VPOS="149" WIDTH="113" HEIGHT="35" WC="0.91" CONTENT="Tredje"/><SP WIDTH="24" VPOS="149" HPOS="722"/>
							<String ID="string_2" HPOS="746" VPOS="150" WIDTH="218" HEIGHT="34" WC="0.89" CONTENT="lagutskottets"/><SP WIDTH="24" VPOS="150" HPOS="964"/>
							<String ID="string_3" HPOS="988" VPOS="151" WIDTH="162" HEIGHT="27" WC="0.91" CONTENT="utlåfande"/><SP WIDTH="22" VPOS="151" HPOS="1150"/>
							<String ID="string_4" HPOS="1172" VPOS="160" WIDTH="40" HEIGHT="19" WC="0.96" CONTENT="nr"/><SP WIDTH="22" VPOS="160" HPOS="1212"/>
							<String ID="string_5" HPOS="1234" VPOS="152" WIDTH="18" HEIGHT="27" WC="0.96" CONTENT="7"/><SP WIDTH="22" VPOS="152" HPOS="1252"/>
							<String ID="string_6" HPOS="1274" VPOS="153" WIDTH="35" HEIGHT="27" WC="0.96" CONTENT="år"/><SP WIDTH="23" VPOS="153" HPOS="1309"/>
							<String ID="string_7" HPOS="1332" VPOS="153" WIDTH="76" HEIGHT="27" WC="0.96" CONTENT="1956"/>
						</TextLine>
					</TextBlock>
				</ComposedBlock>
				<ComposedBlock ID="cblock_1" HPOS="259" VPOS="225" WIDTH="1491" HEIGHT="932">
					<TextBlock ID="block_1" HPOS="262" VPOS="225" WIDTH="1488" HEIGHT="257">
						<TextLine ID="line_1" HPOS="262" VPOS="225" WIDTH="1488" HEIGHT="45">
							<String ID="string_8" HPOS="262" VPOS="225" WIDTH="198" HEIGHT="35" WC="0.95" CONTENT="framhålla,"/><SP WIDTH="27" VPOS="225" HPOS="460"/>
							<String ID="string_9" HPOS="487" VPOS="229" WIDTH="50" HEIGHT="28" WC="0.96" CONTENT="att"/><SP WIDTH="26" VPOS="229" HPOS="537"/>
							<String ID="string_10" HPOS="563" VPOS="227" WIDTH="238" HEIGHT="36" WC="0.96" CONTENT="föreskriften,"/><SP WIDTH="27" VPOS="227" HPOS="801"/>
							<String ID="string_11" HPOS="828" VPOS="232" WIDTH="51" HEIGHT="27" WC="0.96" CONTENT="att"/><SP WIDTH="27" VPOS="232" HPOS="879"/>
							<String ID="string_12" HPOS="906" VPOS="230" WIDTH="131" HEIGHT="30" WC="0.96" CONTENT="sådana"/><SP WIDTH="26" VPOS="230" HPOS="1037"/>
							<String ID="string_13" HPOS="1063" VPOS="232" WIDTH="96" HEIGHT="38" WC="0.96" CONTENT="älgar"/><SP WIDTH="28" VPOS="232" HPOS="1159"/>
							<String ID="string_14" HPOS="1187" VPOS="232" WIDTH="99" HEIGHT="30" WC="0.96" CONTENT="skola"/><SP WIDTH="25" VPOS="232" HPOS="1286"/>
							<String ID="string_15" HPOS="1311" VPOS="233" WIDTH="140" HEIGHT="30" WC="0.95" CONTENT="tillfalla"/><SP WIDTH="27" VPOS="233" HPOS="1451"/>
							<String ID="string_16" HPOS="1478" VPOS="234" WIDTH="146" HEIGHT="34" WC="0.96" CONTENT="kronan,"/><SP WIDTH="27" VPOS="234" HPOS="1624"/>
							<String ID="string_17" HPOS="1651" VPOS="235" WIDTH="99" HEIGHT="30" WC="0.96" CONTENT="torde"/>
						</TextLine>
						<TextLine ID="line_2" HPOS="262" VPOS="269" WIDTH="1488" HEIGHT="40">
							<String ID="string_18" HPOS="262" VPOS="269" WIDTH="45" HEIGHT="29" WC="0.94" CONTENT="ha"/><SP WIDTH="28" VPOS="269" HPOS="307"/>
							<String ID="string_19" HPOS="335" VPOS="270" WIDTH="204" HEIGHT="31" WC="0.96" CONTENT="tillkommit"/><SP WIDTH="26" VPOS="270" HPOS="539"/>
							<String ID="string_20" HPOS="565" VPOS="272" WIDTH="11" HEIGHT="28" WC="0.96" CONTENT="i"/><SP WIDTH="29" VPOS="272" HPOS="576"/>
							<String ID="string_21" HPOS="605" VPOS="273" WIDTH="116" HEIGHT="29" WC="0.96" CONTENT="avsikt"/><SP WIDTH="28" VPOS="273" HPOS="721"/>
							<String ID="string_22" HPOS="749" VPOS="276" WIDTH="49" HEIGHT="27" WC="0.92" CONTENT="att"/><SP WIDTH="29" VPOS="276" HPOS="798"/>
							<String ID="string_23" HPOS="827" VPOS="275" WIDTH="166" HEIGHT="29" WC="0.91" CONTENT="moverka"/><SP WIDTH="29" VPOS="275" HPOS="993"/>
							<String ID="string_24" HPOS="1022" VPOS="275" WIDTH="179" HEIGHT="30" WC="0.96" CONTENT="missbruk"/><SP WIDTH="29" VPOS="275" HPOS="1201"/>
							<String ID="string_25" HPOS="1230" VPOS="286" WIDTH="42" HEIGHT="20" WC="0.96" CONTENT="av"/><SP WIDTH="28" VPOS="286" HPOS="1272"/>
							<String ID="string_26" HPOS="1300" VPOS="277" WIDTH="115" HEIGHT="30" WC="0.96" CONTENT="denna"/><SP WIDTH="28" VPOS="277" HPOS="1415"/>
							<String ID="string_27" HPOS="1443" VPOS="279" WIDTH="70" HEIGHT="29" WC="0.96" CONTENT="rätt"/><SP WIDTH="29" VPOS="279" HPOS="1513"/>
							<String ID="string_28" HPOS="1542" VPOS="281" WIDTH="91" HEIGHT="27" WC="0.96" CONTENT="samt"/><SP WIDTH="29" VPOS="281" HPOS="1633"/>
							<String ID="string_29" HPOS="1662" VPOS="281" WIDTH="88" HEIGHT="28" WC="0.96" CONTENT="även"/>
						</TextLine>
						<TextLine ID="line_3" HPOS="263" VPOS="314" WIDTH="1487" HEIGHT="49">
							<String ID="string_30" HPOS="263" VPOS="314" WIDTH="201" HEIGHT="30" WC="0.96" CONTENT="motiverats"/><SP WIDTH="22" VPOS="314" HPOS="464"/>
							<String ID="string_31" HPOS="486" VPOS="325" WIDTH="42" HEIGHT="19" WC="0.96" CONTENT="av"/><SP WIDTH="19" VPOS="325" HPOS="528"/>
							<String ID="string_32" HPOS="547" VPOS="316" WIDTH="57" HEIGHT="30" WC="0.96" CONTENT="det"/><SP WIDTH="22" VPOS="316" HPOS="604"/>
							<String ID="string_33" HPOS="626" VPOS="317" WIDTH="246" HEIGHT="35" WC="0.96" CONTENT="förhållandet,"/><SP WIDTH="22" VPOS="317" HPOS="872"/>
							<String ID="string_34" HPOS="894" VPOS="321" WIDTH="51" HEIGHT="27" WC="0.96" CONTENT="att"/><SP WIDTH="21" VPOS="321" HPOS="945"/>
							<String ID="string_35" HPOS="966" VPOS="320" WIDTH="199" HEIGHT="29" WC="0.96" CONTENT="kontrollen"/><SP WIDTH="22" VPOS="320" HPOS="1165"/>
							<String ID="string_36" HPOS="1187" VPOS="330" WIDTH="41" HEIGHT="19" WC="0.96" CONTENT="av"/><SP WIDTH="22" VPOS="330" HPOS="1228"/>
							<String ID="string_37" HPOS="1250" VPOS="321" WIDTH="97" HEIGHT="39" WC="0.96" CONTENT="dylik"/><SP WIDTH="21" VPOS="321" HPOS="1347"/>
							<String ID="string_38" HPOS="1368" VPOS="322" WIDTH="87" HEIGHT="38" WC="0.96" CONTENT="jakt,"/><SP WIDTH="24" VPOS="322" HPOS="1455"/>
							<String ID="string_39" HPOS="1479" VPOS="331" WIDTH="74" HEIGHT="21" WC="0.95" CONTENT="som"/><SP WIDTH="24" VPOS="331" HPOS="1553"/>
							<String ID="string_40" HPOS="1577" VPOS="323" WIDTH="173" HEIGHT="40" WC="0.96" CONTENT="försiggår"/>
						</TextLine>
						<TextLine ID="line_4" HPOS="264" VPOS="359" WIDTH="1485" HEIGHT="44">
							<String ID="string_41" HPOS="264" VPOS="359" WIDTH="10" HEIGHT="28" WC="0.96" CONTENT="i"/><SP WIDTH="22" VPOS="359" HPOS="274"/>
							<String ID="string_42" HPOS="296" VPOS="359" WIDTH="95" HEIGHT="39" WC="0.95" CONTENT="skog,"/><SP WIDTH="22" VPOS="359" HPOS="391"/>
							<String ID="string_43" HPOS="413" VPOS="360" WIDTH="38" HEIGHT="29" WC="0.96" CONTENT="är"/><SP WIDTH="21" VPOS="360" HPOS="451"/>
							<String ID="string_44" HPOS="472" VPOS="360" WIDTH="138" HEIGHT="30" WC="0.96" CONTENT="svårare"/><SP WIDTH="22" VPOS="360" HPOS="610"/>
							<String ID="string_45" HPOS="632" VPOS="363" WIDTH="51" HEIGHT="28" WC="0.96" CONTENT="att"/><SP WIDTH="21" VPOS="363" HPOS="683"/>
							<String ID="string_46" HPOS="704" VPOS="363" WIDTH="204" HEIGHT="37" WC="0.96" CONTENT="genomföra"/><SP WIDTH="21" VPOS="363" HPOS="908"/>
							<String ID="string_47" HPOS="929" VPOS="364" WIDTH="45" HEIGHT="29" WC="0.96" CONTENT="än"/><SP WIDTH="21" VPOS="364" HPOS="974"/>
							<String ID="string_48" HPOS="995" VPOS="364" WIDTH="56" HEIGHT="29" WC="0.96" CONTENT="vid"/><SP WIDTH="22" VPOS="364" HPOS="1051"/>
							<String ID="string_49" HPOS="1073" VPOS="365" WIDTH="145" HEIGHT="38" WC="0.96" CONTENT="älgjakt,"/><SP WIDTH="24" VPOS="365" HPOS="1218"/>
							<String ID="string_50" HPOS="1242" VPOS="374" WIDTH="74" HEIGHT="21" WC="0.93" CONTENT="som"/><SP WIDTH="21" VPOS="374" HPOS="1316"/>
							<String ID="string_51" HPOS="1337" VPOS="366" WIDTH="158" HEIGHT="30" WC="0.92" CONTENT="bedrives"/><SP WIDTH="23" VPOS="366" HPOS="1495"/>
							<String ID="string_52" HPOS="1518" VPOS="367" WIDTH="51" HEIGHT="29" WC="0.93" CONTENT="till"/><SP WIDTH="22" VPOS="367" HPOS="1569"/>
							<String ID="string_53" HPOS="1591" VPOS="368" WIDTH="158" HEIGHT="30" WC="0.91" CONTENT="förhind-"/>
						</TextLine>
						<TextLine ID="line_5" HPOS="263" VPOS="403" WIDTH="1486" HEIGHT="48">
							<String ID="string_54" HPOS="263" VPOS="403" WIDTH="107" HEIGHT="29" WC="0.96" CONTENT="rande"/><SP WIDTH="22" VPOS="403" HPOS="370"/>
							<String ID="string_55" HPOS="392" VPOS="412" WIDTH="42" HEIGHT="20" WC="0.96" CONTENT="av"/><SP WIDTH="22" VPOS="412" HPOS="434"/>
							<String ID="string_56" HPOS="456" VPOS="404" WIDTH="109" HEIGHT="29" WC="0.96" CONTENT="skada"/><SP WIDTH="20" VPOS="404" HPOS="565"/>
							<String ID="string_57" HPOS="585" VPOS="405" WIDTH="46" HEIGHT="39" WC="0.96" CONTENT="på"/><SP WIDTH="21" VPOS="405" HPOS="631"/>
							<String ID="string_58" HPOS="652" VPOS="406" WIDTH="117" HEIGHT="38" WC="0.95" CONTENT="gröda."/><SP WIDTH="36" VPOS="406" HPOS="769"/>
							<String ID="string_59" HPOS="805" VPOS="406" WIDTH="175" HEIGHT="39" WC="0.96" CONTENT="Styrelsen"/><SP WIDTH="22" VPOS="406" HPOS="980"/>
							<String ID="string_60" HPOS="1002" VPOS="417" WIDTH="102" HEIGHT="20" WC="0.96" CONTENT="anser"/><SP WIDTH="22" VPOS="417" HPOS="1104"/>
							<String ID="string_61" HPOS="1126" VPOS="409" WIDTH="56" HEIGHT="29" WC="0.96" CONTENT="för"/><SP WIDTH="22" VPOS="409" HPOS="1182"/>
							<String ID="string_62" HPOS="1204" VPOS="409" WIDTH="54" HEIGHT="29" WC="0.96" CONTENT="sin"/><SP WIDTH="23" VPOS="409" HPOS="1258"/>
							<String ID="string_63" HPOS="1281" VPOS="410" WIDTH="64" HEIGHT="35" WC="0.96" CONTENT="del,"/><SP WIDTH="25" VPOS="410" HPOS="1345"/>
							<String ID="string_64" HPOS="1370" VPOS="412" WIDTH="50" HEIGHT="28" WC="0.96" CONTENT="att"/><SP WIDTH="22" VPOS="412" HPOS="1420"/>
							<String ID="string_65" HPOS="1442" VPOS="420" WIDTH="46" HEIGHT="20" WC="0.96" CONTENT="nu"/><SP WIDTH="23" VPOS="420" HPOS="1488"/>
							<String ID="string_66" HPOS="1511" VPOS="412" WIDTH="160" HEIGHT="39" WC="0.93" CONTENT="gällande"/><SP WIDTH="22" VPOS="412" HPOS="1671"/>
							<String ID="string_67" HPOS="1693" VPOS="413" WIDTH="56" HEIGHT="29" WC="0.92" CONTENT="be-"/>
						</TextLine>
						<TextLine ID="line_6" HPOS="263" VPOS="448" WIDTH="922" HEIGHT="34">
							<String ID="string_68" HPOS="263" VPOS="448" WIDTH="218" HEIGHT="29" WC="0.92" CONTENT="stämmelser"/><SP WIDTH="26" VPOS="448" HPOS="481"/>
							<String ID="string_69" HPOS="507" VPOS="449" WIDTH="55" HEIGHT="29" WC="0.96" CONTENT="för"/><SP WIDTH="25" VPOS="449" HPOS="562"/>
							<String ID="string_70" HPOS="587" VPOS="451" WIDTH="220" HEIGHT="29" WC="0.96" CONTENT="närvarande"/><SP WIDTH="25" VPOS="451" HPOS="807"/>
							<String ID="string_71" HPOS="832" VPOS="451" WIDTH="77" HEIGHT="30" WC="0.96" CONTENT="icke"/><SP WIDTH="26" VPOS="451" HPOS="909"/>
							<String ID="string_72" HPOS="935" VPOS="452" WIDTH="85" HEIGHT="29" WC="0.96" CONTENT="böra"/><SP WIDTH="26" VPOS="452" HPOS="1020"/>
							<String ID="string_73" HPOS="1046" VPOS="453" WIDTH="139" HEIGHT="29" WC="0.96" CONTENT="ändras."/>
						</TextLine>
					</TextBlock>
					<TextBlock ID="block_2" HPOS="259" VPOS="492" WIDTH="1490" HEIGHT="487">
						<TextLine ID="line_7" HPOS="317" VPOS="492" WIDTH="1432" HEIGHT="47">
							<String ID="string_74" HPOS="317" VPOS="492" WIDTH="12" HEIGHT="28" WC="0.95" CONTENT="I"/><SP WIDTH="28" VPOS="492" HPOS="329"/>
							<String ID="string_75" HPOS="357" VPOS="492" WIDTH="95" HEIGHT="29" WC="0.96" CONTENT="detta"/><SP WIDTH="26" VPOS="492" HPOS="452"/>
							<String ID="string_76" HPOS="478" VPOS="494" WIDTH="257" HEIGHT="39" WC="0.95" CONTENT="sammanhang"/><SP WIDTH="27" VPOS="494" HPOS="735"/>
							<String ID="string_77" HPOS="762" VPOS="495" WIDTH="54" HEIGHT="29" WC="0.95" CONTENT="får"/><SP WIDTH="28" VPOS="495" HPOS="816"/>
							<String ID="string_78" HPOS="844" VPOS="497" WIDTH="171" HEIGHT="37" WC="0.96" CONTENT="styrelsen"/><SP WIDTH="28" VPOS="497" HPOS="1015"/>
							<String ID="string_79" HPOS="1043" VPOS="498" WIDTH="169" HEIGHT="33" WC="0.96" CONTENT="meddela,"/><SP WIDTH="29" VPOS="498" HPOS="1212"/>
							<String ID="string_80" HPOS="1241" VPOS="500" WIDTH="50" HEIGHT="27" WC="0.97" CONTENT="att"/><SP WIDTH="27" VPOS="500" HPOS="1291"/>
							<String ID="string_81" HPOS="1318" VPOS="499" WIDTH="67" HEIGHT="29" WC="0.96" CONTENT="den"/><SP WIDTH="28" VPOS="499" HPOS="1385"/>
							<String ID="string_82" HPOS="1413" VPOS="508" WIDTH="41" HEIGHT="21" WC="0.96" CONTENT="av"/><SP WIDTH="29" VPOS="508" HPOS="1454"/>
							<String ID="string_83" HPOS="1483" VPOS="501" WIDTH="171" HEIGHT="38" WC="0.89" CONTENT="styrelsen"/><SP WIDTH="26" VPOS="501" HPOS="1654"/>
							<String ID="string_84" HPOS="1680" VPOS="501" WIDTH="69" HEIGHT="30" WC="0.89" CONTENT="till-"/>
						</TextLine>
						<TextLine ID="line_8" HPOS="262" VPOS="538" WIDTH="1487" HEIGHT="45">
							<String ID="string_85" HPOS="262" VPOS="545" WIDTH="178" HEIGHT="21" WC="0.96" CONTENT="sammans"/><SP WIDTH="27" VPOS="545" HPOS="440"/>
							<String ID="string_86" HPOS="467" VPOS="538" WIDTH="78" HEIGHT="29" WC="0.93" CONTENT="med"/><SP WIDTH="29" VPOS="538" HPOS="545"/>
							<String ID="string_87" HPOS="574" VPOS="538" WIDTH="301" HEIGHT="40" WC="0.92" CONTENT="skogshögskolan"/><SP WIDTH="27" VPOS="538" HPOS="875"/>
							<String ID="string_88" HPOS="902" VPOS="540" WIDTH="65" HEIGHT="29" WC="0.96" CONTENT="och"/><SP WIDTH="28" VPOS="540" HPOS="967"/>
							<String ID="string_89" HPOS="995" VPOS="543" WIDTH="132" HEIGHT="28" WC="0.92" CONTENT="statens"/><SP WIDTH="29" VPOS="543" HPOS="1127"/>
							<String ID="string_90" HPOS="1156" VPOS="542" WIDTH="454" HEIGHT="41" WC="0.91" CONTENT="skogsforskningsinstitut"/><SP WIDTH="27" VPOS="542" HPOS="1610"/>
							<String ID="string_91" HPOS="1637" VPOS="546" WIDTH="112" HEIGHT="30" WC="0.96" CONTENT="under"/>
						</TextLine>
						<TextLine ID="line_9" HPOS="261" VPOS="580" WIDTH="1487" HEIGHT="49">
							<String ID="string_92" HPOS="261" VPOS="580" WIDTH="38" HEIGHT="29" WC="0.95" CONTENT="år"/><SP WIDTH="25" VPOS="580" HPOS="299"/>
							<String ID="string_93" HPOS="324" VPOS="580" WIDTH="84" HEIGHT="30" WC="0.96" CONTENT="1954"/><SP WIDTH="23" VPOS="580" HPOS="408"/>
							<String ID="string_94" HPOS="431" VPOS="581" WIDTH="191" HEIGHT="40" WC="0.96" CONTENT="påbörjade"/><SP WIDTH="26" VPOS="581" HPOS="622"/>
							<String ID="string_95" HPOS="648" VPOS="583" WIDTH="231" HEIGHT="40" WC="0.95" CONTENT="utredningen"/><SP WIDTH="25" VPOS="583" HPOS="879"/>
							<String ID="string_96" HPOS="904" VPOS="586" WIDTH="149" HEIGHT="29" WC="0.93" CONTENT="rörande"/><SP WIDTH="25" VPOS="586" HPOS="1053"/>
							<String ID="string_97" HPOS="1078" VPOS="586" WIDTH="119" HEIGHT="39" WC="0.91" CONTENT="älgens"/><SP WIDTH="26" VPOS="586" HPOS="1197"/>
							<String ID="string_98" HPOS="1223" VPOS="587" WIDTH="242" HEIGHT="40" WC="0.96" CONTENT="skadegörelse"/><SP WIDTH="25" VPOS="587" HPOS="1465"/>
							<String ID="string_99" HPOS="1490" VPOS="589" WIDTH="44" HEIGHT="39" WC="0.96" CONTENT="på"/><SP WIDTH="26" VPOS="589" HPOS="1534"/>
							<String ID="string_100" HPOS="1560" VPOS="590" WIDTH="87" HEIGHT="39" WC="0.91" CONTENT="skog"/><SP WIDTH="25" VPOS="590" HPOS="1647"/>
							<String ID="string_101" HPOS="1672" VPOS="591" WIDTH="76" HEIGHT="29" WC="0.91" CONTENT="allt-"/>
						</TextLine>
						<TextLine ID="line_10" HPOS="260" VPOS="624" WIDTH="1489" HEIGHT="50">
							<String ID="string_102" HPOS="260" VPOS="624" WIDTH="89" HEIGHT="39" WC="0.96" CONTENT="jämt"/><SP WIDTH="21" VPOS="624" HPOS="349"/>
							<String ID="string_103" HPOS="370" VPOS="625" WIDTH="118" HEIGHT="40" WC="0.96" CONTENT="pågår."/><SP WIDTH="34" VPOS="625" HPOS="488"/>
							<String ID="string_104" HPOS="522" VPOS="627" WIDTH="232" HEIGHT="30" WC="0.96" CONTENT="Preliminära"/><SP WIDTH="21" VPOS="627" HPOS="754"/>
							<String ID="string_105" HPOS="775" VPOS="629" WIDTH="146" HEIGHT="29" WC="0.95" CONTENT="resultat"/><SP WIDTH="24" VPOS="629" HPOS="921"/>
							<String ID="string_106" HPOS="945" VPOS="639" WIDTH="42" HEIGHT="19" WC="0.96" CONTENT="av"/><SP WIDTH="23" VPOS="639" HPOS="987"/>
							<String ID="string_107" HPOS="1010" VPOS="629" WIDTH="107" HEIGHT="40" WC="0.96" CONTENT="några"/><SP WIDTH="22" VPOS="629" HPOS="1117"/>
							<String ID="string_108" HPOS="1139" VPOS="631" WIDTH="214" HEIGHT="30" WC="0.96" CONTENT="verkställda"/><SP WIDTH="22" VPOS="631" HPOS="1353"/>
							<String ID="string_109" HPOS="1375" VPOS="632" WIDTH="374" HEIGHT="42" WC="0.91" CONTENT="fältundersökningar"/>
						</TextLine>
						<TextLine ID="line_11" HPOS="260" VPOS="669" WIDTH="1488" HEIGHT="47">
							<String ID="string_110" HPOS="260" VPOS="669" WIDTH="173" HEIGHT="30" WC="0.96" CONTENT="beräknas"/><SP WIDTH="27" VPOS="669" HPOS="433"/>
							<String ID="string_111" HPOS="460" VPOS="670" WIDTH="120" HEIGHT="30" WC="0.96" CONTENT="kunna"/><SP WIDTH="28" VPOS="670" HPOS="580"/>
							<String ID="string_112" HPOS="608" VPOS="671" WIDTH="238" HEIGHT="30" WC="0.96" CONTENT="framkomma"/><SP WIDTH="26" VPOS="671" HPOS="846"/>
							<String ID="string_113" HPOS="872" VPOS="674" WIDTH="112" HEIGHT="29" WC="0.96" CONTENT="under"/><SP WIDTH="27" VPOS="674" HPOS="984"/>
							<String ID="string_114" HPOS="1011" VPOS="674" WIDTH="83" HEIGHT="29" WC="0.96" CONTENT="året."/><SP WIDTH="40" VPOS="674" HPOS="1094"/>
							<String ID="string_115" HPOS="1134" VPOS="675" WIDTH="13" HEIGHT="29" WC="0.96" CONTENT="I"/><SP WIDTH="27" VPOS="675" HPOS="1147"/>
							<String ID="string_116" HPOS="1174" VPOS="675" WIDTH="67" HEIGHT="29" WC="0.96" CONTENT="vad"/><SP WIDTH="28" VPOS="675" HPOS="1241"/>
							<String ID="string_117" HPOS="1269" VPOS="677" WIDTH="231" HEIGHT="39" WC="0.96" CONTENT="utredningen"/><SP WIDTH="29" VPOS="677" HPOS="1500"/>
							<String ID="string_118" HPOS="1529" VPOS="687" WIDTH="100" HEIGHT="21" WC="0.91" CONTENT="avser"/><SP WIDTH="26" VPOS="687" HPOS="1629"/>
							<String ID="string_119" HPOS="1655" VPOS="679" WIDTH="93" HEIGHT="29" WC="0.91" CONTENT="klar-"/>
						</TextLine>
						<TextLine ID="line_12" HPOS="260" VPOS="713" WIDTH="1487" HEIGHT="49">
							<String ID="string_120" HPOS="260" VPOS="713" WIDTH="168" HEIGHT="39" WC="0.96" CONTENT="läggande"/><SP WIDTH="21" VPOS="713" HPOS="428"/>
							<String ID="string_121" HPOS="449" VPOS="723" WIDTH="42" HEIGHT="20" WC="0.96" CONTENT="av"/><SP WIDTH="19" VPOS="723" HPOS="491"/>
							<String ID="string_122" HPOS="510" VPOS="715" WIDTH="65" HEIGHT="29" WC="0.93" CONTENT="vad"/><SP WIDTH="22" VPOS="715" HPOS="575"/>
							<String ID="string_123" HPOS="597" VPOS="716" WIDTH="120" HEIGHT="39" WC="0.91" CONTENT="älgens"/><SP WIDTH="22" VPOS="716" HPOS="717"/>
							<String ID="string_124" HPOS="739" VPOS="717" WIDTH="242" HEIGHT="39" WC="0.96" CONTENT="skadegörelse"/><SP WIDTH="21" VPOS="717" HPOS="981"/>
							<String ID="string_125" HPOS="1002" VPOS="719" WIDTH="223" HEIGHT="30" WC="0.96" CONTENT="ekonomiskt"/><SP WIDTH="21" VPOS="719" HPOS="1225"/>
							<String ID="string_126" HPOS="1246" VPOS="720" WIDTH="144" HEIGHT="39" WC="0.96" CONTENT="betyder"/><SP WIDTH="22" VPOS="720" HPOS="1390"/>
							<String ID="string_127" HPOS="1412" VPOS="721" WIDTH="54" HEIGHT="30" WC="0.96" CONTENT="för"/><SP WIDTH="21" VPOS="721" HPOS="1466"/>
							<String ID="string_128" HPOS="1487" VPOS="722" WIDTH="260" HEIGHT="40" WC="0.91" CONTENT="skogsproduk-"/>
						</TextLine>
						<TextLine ID="line_13" HPOS="259" VPOS="757" WIDTH="1488" HEIGHT="40">
							<String ID="string_129" HPOS="259" VPOS="757" WIDTH="119" HEIGHT="30" WC="0.96" CONTENT="tionen"/><SP WIDTH="22" VPOS="757" HPOS="378"/>
							<String ID="string_130" HPOS="400" VPOS="758" WIDTH="173" HEIGHT="31" WC="0.96" CONTENT="beräknas"/><SP WIDTH="24" VPOS="758" HPOS="573"/>
							<String ID="string_131" HPOS="597" VPOS="760" WIDTH="110" HEIGHT="37" WC="0.96" CONTENT="några"/><SP WIDTH="21" VPOS="760" HPOS="707"/>
							<String ID="string_132" HPOS="728" VPOS="762" WIDTH="146" HEIGHT="28" WC="0.96" CONTENT="resultat"/><SP WIDTH="24" VPOS="762" HPOS="874"/>
							<String ID="string_133" HPOS="898" VPOS="762" WIDTH="76" HEIGHT="29" WC="0.96" CONTENT="icke"/><SP WIDTH="24" VPOS="762" HPOS="974"/>
							<String ID="string_134" HPOS="998" VPOS="763" WIDTH="121" HEIGHT="29" WC="0.96" CONTENT="kunna"/><SP WIDTH="23" VPOS="763" HPOS="1119"/>
							<String ID="string_135" HPOS="1142" VPOS="764" WIDTH="125" HEIGHT="30" WC="0.96" CONTENT="vinnas"/><SP WIDTH="26" VPOS="764" HPOS="1267"/>
							<String ID="string_136" HPOS="1293" VPOS="767" WIDTH="84" HEIGHT="27" WC="0.96" CONTENT="utan"/><SP WIDTH="25" VPOS="767" HPOS="1377"/>
							<String ID="string_137" HPOS="1402" VPOS="767" WIDTH="162" HEIGHT="30" WC="0.96" CONTENT="närmare"/><SP WIDTH="25" VPOS="767" HPOS="1564"/>
							<String ID="string_138" HPOS="1589" VPOS="768" WIDTH="158" HEIGHT="29" WC="0.96" CONTENT="studium"/>
						</TextLine>
						<TextLine ID="line_14" HPOS="259" VPOS="802" WIDTH="1488" HEIGHT="47">
							<String ID="string_139" HPOS="259" VPOS="811" WIDTH="43" HEIGHT="20" WC="0.96" CONTENT="av"/><SP WIDTH="17" VPOS="811" HPOS="302"/>
							<String ID="string_140" HPOS="319" VPOS="802" WIDTH="182" HEIGHT="31" WC="0.96" CONTENT="tillväxten"/><SP WIDTH="18" VPOS="802" HPOS="501"/>
							<String ID="string_141" HPOS="519" VPOS="804" WIDTH="96" HEIGHT="29" WC="0.96" CONTENT="inom"/><SP WIDTH="20" VPOS="804" HPOS="615"/>
							<String ID="string_142" HPOS="635" VPOS="805" WIDTH="55" HEIGHT="29" WC="0.96" CONTENT="för"/><SP WIDTH="20" VPOS="805" HPOS="690"/>
							<String ID="string_143" HPOS="710" VPOS="806" WIDTH="99" HEIGHT="38" WC="0.96" CONTENT="älgen"/><SP WIDTH="19" VPOS="806" HPOS="809"/>
							<String ID="string_144" HPOS="828" VPOS="806" WIDTH="72" HEIGHT="29" WC="0.96" CONTENT="helt"/><SP WIDTH="19" VPOS="806" HPOS="900"/>
							<String ID="string_145" HPOS="919" VPOS="807" WIDTH="202" HEIGHT="39" WC="0.96" CONTENT="oskyddade"/><SP WIDTH="19" VPOS="807" HPOS="1121"/>
							<String ID="string_146" HPOS="1140" VPOS="811" WIDTH="165" HEIGHT="36" WC="0.96" CONTENT="provytor"/><SP WIDTH="20" VPOS="811" HPOS="1305"/>
							<String ID="string_147" HPOS="1325" VPOS="809" WIDTH="11" HEIGHT="29" WC="0.96" CONTENT="i"/><SP WIDTH="19" VPOS="809" HPOS="1336"/>
							<String ID="string_148" HPOS="1355" VPOS="810" WIDTH="204" HEIGHT="39" WC="0.96" CONTENT="jämförelse"/><SP WIDTH="20" VPOS="810" HPOS="1559"/>
							<String ID="string_149" HPOS="1579" VPOS="812" WIDTH="79" HEIGHT="29" WC="0.93" CONTENT="med"/><SP WIDTH="21" VPOS="812" HPOS="1658"/>
							<String ID="string_150" HPOS="1679" VPOS="813" WIDTH="68" HEIGHT="29" WC="0.89" CONTENT="till-"/>
						</TextLine>
						<TextLine ID="line_15" HPOS="259" VPOS="847" WIDTH="1489" HEIGHT="49">
							<String ID="string_151" HPOS="259" VPOS="848" WIDTH="125" HEIGHT="28" WC="0.96" CONTENT="växten"/><SP WIDTH="23" VPOS="848" HPOS="384"/>
							<String ID="string_152" HPOS="407" VPOS="847" WIDTH="96" HEIGHT="30" WC="0.93" CONTENT="inom"/><SP WIDTH="22" VPOS="847" HPOS="503"/>
							<String ID="string_153" HPOS="525" VPOS="848" WIDTH="160" HEIGHT="40" WC="0.93" CONTENT="hägnade"/><SP WIDTH="23" VPOS="848" HPOS="685"/>
							<String ID="string_154" HPOS="708" VPOS="850" WIDTH="142" HEIGHT="29" WC="0.96" CONTENT="sådana."/><SP WIDTH="35" VPOS="850" HPOS="850"/>
							<String ID="string_155" HPOS="885" VPOS="852" WIDTH="109" HEIGHT="28" WC="0.93" CONTENT="Dessa"/><SP WIDTH="23" VPOS="852" HPOS="994"/>
							<String ID="string_156" HPOS="1017" VPOS="853" WIDTH="452" HEIGHT="41" WC="0.92" CONTENT="provyteundersökningar"/><SP WIDTH="24" VPOS="853" HPOS="1469"/>
							<String ID="string_157" HPOS="1493" VPOS="857" WIDTH="60" HEIGHT="28" WC="0.96" CONTENT="äro"/><SP WIDTH="24" VPOS="857" HPOS="1553"/>
							<String ID="string_158" HPOS="1577" VPOS="857" WIDTH="101" HEIGHT="38" WC="0.96" CONTENT="lagda"/><SP WIDTH="25" VPOS="857" HPOS="1678"/>
							<String ID="string_159" HPOS="1703" VPOS="857" WIDTH="45" HEIGHT="39" WC="0.96" CONTENT="på"/>
						</TextLine>
						<TextLine ID="line_16" HPOS="260" VPOS="891" WIDTH="1487" HEIGHT="44">
							<String ID="string_160" HPOS="260" VPOS="891" WIDTH="79" HEIGHT="39" WC="0.96" CONTENT="lång"/><SP WIDTH="25" VPOS="891" HPOS="339"/>
							<String ID="string_161" HPOS="364" VPOS="892" WIDTH="70" HEIGHT="29" WC="0.96" CONTENT="sikt"/><SP WIDTH="24" VPOS="892" HPOS="434"/>
							<String ID="string_162" HPOS="458" VPOS="893" WIDTH="65" HEIGHT="29" WC="0.96" CONTENT="och"/><SP WIDTH="24" VPOS="893" HPOS="523"/>
							<String ID="string_163" HPOS="547" VPOS="894" WIDTH="184" HEIGHT="29" WC="0.96" CONTENT="resultatet"/><SP WIDTH="24" VPOS="894" HPOS="731"/>
							<String ID="string_164" HPOS="755" VPOS="894" WIDTH="107" HEIGHT="30" WC="0.96" CONTENT="därav"/><SP WIDTH="24" VPOS="894" HPOS="862"/>
							<String ID="string_165" HPOS="886" VPOS="896" WIDTH="71" HEIGHT="28" WC="0.96" CONTENT="kan"/><SP WIDTH="24" VPOS="896" HPOS="957"/>
							<String ID="string_166" HPOS="981" VPOS="896" WIDTH="76" HEIGHT="30" WC="0.92" CONTENT="icke"/><SP WIDTH="24" VPOS="896" HPOS="1057"/>
							<String ID="string_167" HPOS="1081" VPOS="897" WIDTH="178" HEIGHT="38" WC="0.92" CONTENT="påräknas"/><SP WIDTH="26" VPOS="897" HPOS="1259"/>
							<String ID="string_168" HPOS="1285" VPOS="898" WIDTH="238" HEIGHT="31" WC="0.96" CONTENT="framkomma"/><SP WIDTH="23" VPOS="898" HPOS="1523"/>
							<String ID="string_169" HPOS="1546" VPOS="900" WIDTH="122" HEIGHT="30" WC="0.93" CONTENT="förrän"/><SP WIDTH="25" VPOS="900" HPOS="1668"/>
							<String ID="string_170" HPOS="1693" VPOS="903" WIDTH="54" HEIGHT="28" WC="0.92" CONTENT="ut-"/>
						</TextLine>
						<TextLine ID="line_17" HPOS="260" VPOS="935" WIDTH="873" HEIGHT="44">
							<String ID="string_171" HPOS="260" VPOS="935" WIDTH="146" HEIGHT="40" WC="0.96" CONTENT="redning"/><SP WIDTH="21" VPOS="935" HPOS="406"/>
							<String ID="string_172" HPOS="427" VPOS="936" WIDTH="119" HEIGHT="40" WC="0.96" CONTENT="pågått"/><SP WIDTH="22" VPOS="936" HPOS="546"/>
							<String ID="string_173" HPOS="568" VPOS="938" WIDTH="112" HEIGHT="29" WC="0.96" CONTENT="under"/><SP WIDTH="22" VPOS="938" HPOS="680"/>
							<String ID="string_174" HPOS="702" VPOS="948" WIDTH="43" HEIGHT="20" WC="0.96" CONTENT="en"/><SP WIDTH="22" VPOS="948" HPOS="745"/>
							<String ID="string_175" HPOS="767" VPOS="939" WIDTH="118" HEIGHT="39" WC="0.96" CONTENT="längre"/><SP WIDTH="24" VPOS="939" HPOS="885"/>
							<String ID="string_176" HPOS="909" VPOS="940" WIDTH="89" HEIGHT="39" WC="0.96" CONTENT="följd"/><SP WIDTH="23" VPOS="940" HPOS="998"/>
							<String ID="string_177" HPOS="1021" VPOS="950" WIDTH="42" HEIGHT="20" WC="0.96" CONTENT="av"/><SP WIDTH="22" VPOS="950" HPOS="1063"/>
							<String ID="string_178" HPOS="1085" VPOS="941" WIDTH="48" HEIGHT="29" WC="0.96" CONTENT="år."/>
						</TextLine>
					</TextBlock>
					<TextBlock ID="block_3" HPOS="259" VPOS="980" WIDTH="1487" HEIGHT="177">
						<TextLine ID="line_18" HPOS="315" VPOS="980" WIDTH="1431" HEIGHT="49">
							<String ID="string_179" HPOS="315" VPOS="980" WIDTH="176" HEIGHT="39" WC="0.95" CONTENT="Styrelsen"/><SP WIDTH="19" VPOS="980" HPOS="491"/>
							<String ID="string_180" HPOS="510" VPOS="981" WIDTH="55" HEIGHT="30" WC="0.96" CONTENT="får"/><SP WIDTH="21" VPOS="981" HPOS="565"/>
							<String ID="string_181" HPOS="586" VPOS="982" WIDTH="164" HEIGHT="39" WC="0.96" CONTENT="slutligen"/><SP WIDTH="20" VPOS="982" HPOS="750"/>
							<String ID="string_182" HPOS="770" VPOS="983" WIDTH="198" HEIGHT="35" WC="0.96" CONTENT="framhålla,"/><SP WIDTH="23" VPOS="983" HPOS="968"/>
							<String ID="string_183" HPOS="991" VPOS="987" WIDTH="49" HEIGHT="27" WC="0.96" CONTENT="att"/><SP WIDTH="21" VPOS="987" HPOS="1040"/>
							<String ID="string_184" HPOS="1061" VPOS="985" WIDTH="79" HEIGHT="30" WC="0.96" CONTENT="hela"/><SP WIDTH="20" VPOS="985" HPOS="1140"/>
							<String ID="string_185" HPOS="1160" VPOS="986" WIDTH="115" HEIGHT="29" WC="0.96" CONTENT="denna"/><SP WIDTH="21" VPOS="986" HPOS="1275"/>
							<String ID="string_186" HPOS="1296" VPOS="987" WIDTH="100" HEIGHT="39" WC="0.97" CONTENT="fråga"/><SP WIDTH="21" VPOS="987" HPOS="1396"/>
							<String ID="string_187" HPOS="1417" VPOS="997" WIDTH="102" HEIGHT="30" WC="0.97" CONTENT="synes"/><SP WIDTH="21" VPOS="997" HPOS="1519"/>
							<String ID="string_188" HPOS="1540" VPOS="989" WIDTH="85" HEIGHT="30" WC="0.96" CONTENT="böra"/><SP WIDTH="23" VPOS="989" HPOS="1625"/>
							<String ID="string_189" HPOS="1648" VPOS="992" WIDTH="98" HEIGHT="37" WC="0.94" CONTENT="tagas"/>
						</TextLine>
						<TextLine ID="line_19" HPOS="259" VPOS="1024" WIDTH="1486" HEIGHT="54">
							<String ID="string_190" HPOS="259" VPOS="1024" WIDTH="110" HEIGHT="30" WC="0.96" CONTENT="under"/><SP WIDTH="27" VPOS="1024" HPOS="369"/>
							<String ID="string_191" HPOS="396" VPOS="1026" WIDTH="239" HEIGHT="38" WC="0.96" CONTENT="övervägande"/><SP WIDTH="30" VPOS="1026" HPOS="635"/>
							<String ID="string_192" HPOS="665" VPOS="1036" WIDTH="41" HEIGHT="19" WC="0.96" CONTENT="av"/><SP WIDTH="30" VPOS="1036" HPOS="706"/>
							<String ID="string_193" HPOS="736" VPOS="1027" WIDTH="82" HEIGHT="29" WC="0.96" CONTENT="1949"/><SP WIDTH="29" VPOS="1027" HPOS="818"/>
							<String ID="string_194" HPOS="847" VPOS="1028" WIDTH="57" HEIGHT="29" WC="0.93" CONTENT="års"/><SP WIDTH="28" VPOS="1028" HPOS="904"/>
							<String ID="string_195" HPOS="932" VPOS="1028" WIDTH="253" HEIGHT="41" WC="0.90" CONTENT="jakutredning"/><SP WIDTH="27" VPOS="1028" HPOS="1185"/>
							<String ID="string_196" HPOS="1212" VPOS="1030" WIDTH="57" HEIGHT="30" WC="0.96" CONTENT="vid"/><SP WIDTH="30" VPOS="1030" HPOS="1269"/>
							<String ID="string_197" HPOS="1299" VPOS="1031" WIDTH="220" HEIGHT="40" WC="0.96" CONTENT="fullgörande"/><SP WIDTH="29" VPOS="1031" HPOS="1519"/>
							<String ID="string_198" HPOS="1548" VPOS="1043" WIDTH="41" HEIGHT="20" WC="0.96" CONTENT="av"/><SP WIDTH="30" VPOS="1043" HPOS="1589"/>
							<String ID="string_199" HPOS="1619" VPOS="1030" WIDTH="126" HEIGHT="48" WC="0.96" CONTENT="Kungl."/>
						</TextLine>
						<TextLine ID="line_20" HPOS="259" VPOS="1068" WIDTH="1487" HEIGHT="50">
							<String ID="string_200" HPOS="259" VPOS="1068" WIDTH="122" HEIGHT="39" WC="0.96" CONTENT="Maj:ts"/><SP WIDTH="28" VPOS="1068" HPOS="381"/>
							<String ID="string_201" HPOS="409" VPOS="1070" WIDTH="159" HEIGHT="39" WC="0.96" CONTENT="uppdrag"/><SP WIDTH="28" VPOS="1070" HPOS="568"/>
							<String ID="string_202" HPOS="596" VPOS="1070" WIDTH="55" HEIGHT="30" WC="0.96" CONTENT="för"/><SP WIDTH="29" VPOS="1070" HPOS="651"/>
							<String ID="string_203" HPOS="680" VPOS="1071" WIDTH="232" HEIGHT="40" WC="0.96" CONTENT="utredningen"/><SP WIDTH="27" VPOS="1071" HPOS="912"/>
							<String ID="string_204" HPOS="939" VPOS="1073" WIDTH="67" HEIGHT="29" WC="0.96" CONTENT="den"/><SP WIDTH="29" VPOS="1073" HPOS="1006"/>
							<String ID="string_205" HPOS="1035" VPOS="1073" WIDTH="17" HEIGHT="29" WC="0.96" CONTENT="5"/><SP WIDTH="29" VPOS="1073" HPOS="1052"/>
							<String ID="string_206" HPOS="1081" VPOS="1074" WIDTH="79" HEIGHT="38" WC="0.96" CONTENT="juni"/><SP WIDTH="30" VPOS="1074" HPOS="1160"/>
							<String ID="string_207" HPOS="1190" VPOS="1074" WIDTH="83" HEIGHT="30" WC="0.96" CONTENT="1953"/><SP WIDTH="29" VPOS="1074" HPOS="1273"/>
							<String ID="string_208" HPOS="1302" VPOS="1077" WIDTH="50" HEIGHT="28" WC="0.96" CONTENT="att"/><SP WIDTH="27" VPOS="1077" HPOS="1352"/>
							<String ID="string_209" HPOS="1379" VPOS="1077" WIDTH="190" HEIGHT="30" WC="0.96" CONTENT="verkställa"/><SP WIDTH="27" VPOS="1077" HPOS="1569"/>
							<String ID="string_210" HPOS="1596" VPOS="1079" WIDTH="150" HEIGHT="39" WC="0.96" CONTENT="översyn"/>
						</TextLine>
						<TextLine ID="line_21" HPOS="259" VPOS="1114" WIDTH="903" HEIGHT="43">
							<String ID="string_211" HPOS="259" VPOS="1121" WIDTH="41" HEIGHT="21" WC="0.96" CONTENT="av"/><SP WIDTH="25" VPOS="1121" HPOS="300"/>
							<String ID="string_212" HPOS="325" VPOS="1114" WIDTH="159" HEIGHT="38" WC="0.96" CONTENT="gällande"/><SP WIDTH="24" VPOS="1114" HPOS="484"/>
							<String ID="string_213" HPOS="508" VPOS="1114" WIDTH="265" HEIGHT="31" WC="0.96" CONTENT="bestämmelser"/><SP WIDTH="24" VPOS="1114" HPOS="773"/>
							<String ID="string_214" HPOS="797" VPOS="1125" WIDTH="57" HEIGHT="20" WC="0.96" CONTENT="om"/><SP WIDTH="25" VPOS="1125" HPOS="854"/>
							<String ID="string_215" HPOS="879" VPOS="1117" WIDTH="78" HEIGHT="38" WC="0.96" CONTENT="jakt"/><SP WIDTH="25" VPOS="1117" HPOS="957"/>
							<String ID="string_216" HPOS="982" VPOS="1118" WIDTH="89" HEIGHT="29" WC="0.96" CONTENT="efter"/><SP WIDTH="25" VPOS="1118" HPOS="1071"/>
							<String ID="string_217" HPOS="1096" VPOS="1119" WIDTH="66" HEIGHT="38" WC="0.96" CONTENT="älg."/>
						</TextLine>
					</TextBlock>
				</ComposedBlock>
				<ComposedBlock ID="cblock_2" HPOS="915" VPOS="1251" WIDTH="174" HEIGHT="32">
					<TextBlock ID="block_4" HPOS="915" VPOS="1251" WIDTH="174" HEIGHT="32">
						<TextLine ID="line_22" HPOS="915" VPOS="1251" WIDTH="174" HEIGHT="32">
							<String ID="string_218" HPOS="915" VPOS="1251" WIDTH="174" HEIGHT="32" WC="0.96" CONTENT="Utskottet"/>
						</TextLine>
					</TextBlock>
				</ComposedBlock>
				<ComposedBlock ID="cblock_3" HPOS="249" VPOS="1334" WIDTH="1496" HEIGHT="1178">
					<TextBlock ID="block_5" HPOS="256" VPOS="1334" WIDTH="1489" HEIGHT="260">
						<TextLine ID="line_23" HPOS="312" VPOS="1334" WIDTH="1433" HEIGHT="49">
							<String ID="string_219" HPOS="312" VPOS="1334" WIDTH="238" HEIGHT="39" WC="0.79" CONTENT="älgstammen"/><SP WIDTH="19" VPOS="1334" HPOS="550"/>
							<String ID="string_220" HPOS="569" VPOS="1336" WIDTH="11" HEIGHT="29" WC="0.95" CONTENT="i"/><SP WIDTH="19" VPOS="1336" HPOS="580"/>
							<String ID="string_221" HPOS="599" VPOS="1337" WIDTH="92" HEIGHT="29" WC="0.96" CONTENT="riket"/><SP WIDTH="20" VPOS="1337" HPOS="691"/>
							<String ID="string_222" HPOS="711" VPOS="1338" WIDTH="63" HEIGHT="29" WC="0.96" CONTENT="har"/><SP WIDTH="20" VPOS="1338" HPOS="774"/>
							<String ID="string_223" HPOS="794" VPOS="1339" WIDTH="107" HEIGHT="38" WC="0.95" CONTENT="enligt"/><SP WIDTH="18" VPOS="1339" HPOS="901"/>
							<String ID="string_224" HPOS="919" VPOS="1339" WIDTH="66" HEIGHT="30" WC="0.96" CONTENT="vad"/><SP WIDTH="21" VPOS="1339" HPOS="985"/>
							<String ID="string_225" HPOS="1006" VPOS="1349" WIDTH="75" HEIGHT="20" WC="0.96" CONTENT="som"/><SP WIDTH="20" VPOS="1349" HPOS="1081"/>
							<String ID="string_226" HPOS="1101" VPOS="1340" WIDTH="156" HEIGHT="40" WC="0.96" CONTENT="framgår"/><SP WIDTH="21" VPOS="1340" HPOS="1257"/>
							<String ID="string_227" HPOS="1278" VPOS="1351" WIDTH="42" HEIGHT="19" WC="0.96" CONTENT="av"/><SP WIDTH="20" VPOS="1351" HPOS="1320"/>
							<String ID="string_228" HPOS="1340" VPOS="1351" WIDTH="40" HEIGHT="20" WC="0.97" CONTENT="en"/><SP WIDTH="23" VPOS="1351" HPOS="1380"/>
							<String ID="string_229" HPOS="1403" VPOS="1343" WIDTH="10" HEIGHT="28" WC="0.96" CONTENT="i"/><SP WIDTH="22" VPOS="1343" HPOS="1413"/>
							<String ID="string_230" HPOS="1435" VPOS="1343" WIDTH="154" HEIGHT="30" WC="0.96" CONTENT="Svenska"/><SP WIDTH="21" VPOS="1343" HPOS="1589"/>
							<String ID="string_231" HPOS="1610" VPOS="1344" WIDTH="135" HEIGHT="39" WC="0.92" CONTENT="jägare-"/>
						</TextLine>
						<TextLine ID="line_24" HPOS="256" VPOS="1387" WIDTH="1488" HEIGHT="50">
							<String ID="string_232" HPOS="256" VPOS="1387" WIDTH="206" HEIGHT="31" WC="0.96" CONTENT="förbundets"/><SP WIDTH="19" VPOS="1387" HPOS="462"/>
							<String ID="string_233" HPOS="481" VPOS="1389" WIDTH="71" HEIGHT="40" WC="0.96" CONTENT="regi"/><SP WIDTH="18" VPOS="1389" HPOS="552"/>
							<String ID="string_234" HPOS="570" VPOS="1391" WIDTH="112" HEIGHT="29" WC="0.96" CONTENT="under"/><SP WIDTH="18" VPOS="1391" HPOS="682"/>
							<String ID="string_235" HPOS="700" VPOS="1391" WIDTH="200" HEIGHT="30" WC="0.96" CONTENT="vårvintern"/><SP WIDTH="21" VPOS="1391" HPOS="900"/>
							<String ID="string_236" HPOS="921" VPOS="1392" WIDTH="84" HEIGHT="30" WC="0.96" CONTENT="1953"/><SP WIDTH="18" VPOS="1392" HPOS="1005"/>
							<String ID="string_237" HPOS="1023" VPOS="1394" WIDTH="192" HEIGHT="30" WC="0.96" CONTENT="verkställd"/><SP WIDTH="19" VPOS="1394" HPOS="1215"/>
							<String ID="string_238" HPOS="1234" VPOS="1395" WIDTH="218" HEIGHT="40" WC="0.93" CONTENT="inventering"/><SP WIDTH="19" VPOS="1395" HPOS="1452"/>
							<String ID="string_239" HPOS="1471" VPOS="1396" WIDTH="152" HEIGHT="30" WC="0.92" CONTENT="tillvuxit"/><SP WIDTH="19" VPOS="1396" HPOS="1623"/>
							<String ID="string_240" HPOS="1642" VPOS="1397" WIDTH="102" HEIGHT="40" WC="0.96" CONTENT="högst"/>
						</TextLine>
						<TextLine ID="line_25" HPOS="256" VPOS="1443" WIDTH="1488" HEIGHT="47">
							<String ID="string_241" HPOS="256" VPOS="1443" WIDTH="159" HEIGHT="29" WC="0.95" CONTENT="avsevärt"/><SP WIDTH="26" VPOS="1443" HPOS="415"/>
							<String ID="string_242" HPOS="441" VPOS="1443" WIDTH="111" HEIGHT="29" WC="0.96" CONTENT="under"/><SP WIDTH="26" VPOS="1443" HPOS="552"/>
							<String ID="string_243" HPOS="578" VPOS="1444" WIDTH="41" HEIGHT="29" WC="0.96" CONTENT="de"/><SP WIDTH="28" VPOS="1444" HPOS="619"/>
							<String ID="string_244" HPOS="647" VPOS="1453" WIDTH="122" HEIGHT="21" WC="0.96" CONTENT="senare"/><SP WIDTH="27" VPOS="1453" HPOS="769"/>
							<String ID="string_245" HPOS="796" VPOS="1445" WIDTH="94" HEIGHT="30" WC="0.96" CONTENT="åren."/><SP WIDTH="40" VPOS="1445" HPOS="890"/>
							<String ID="string_246" HPOS="930" VPOS="1445" WIDTH="183" HEIGHT="40" WC="0.96" CONTENT="Ökningen"/><SP WIDTH="28" VPOS="1445" HPOS="1113"/>
							<String ID="string_247" HPOS="1141" VPOS="1447" WIDTH="102" HEIGHT="30" WC="0.96" CONTENT="faller"/><SP WIDTH="27" VPOS="1447" HPOS="1243"/>
							<String ID="string_248" HPOS="1270" VPOS="1448" WIDTH="52" HEIGHT="30" WC="0.96" CONTENT="till"/><SP WIDTH="28" VPOS="1448" HPOS="1322"/>
							<String ID="string_249" HPOS="1350" VPOS="1450" WIDTH="238" HEIGHT="39" WC="0.96" CONTENT="övervägande"/><SP WIDTH="29" VPOS="1450" HPOS="1588"/>
							<String ID="string_250" HPOS="1617" VPOS="1451" WIDTH="54" HEIGHT="29" WC="0.96" CONTENT="del"/><SP WIDTH="28" VPOS="1451" HPOS="1671"/>
							<String ID="string_251" HPOS="1699" VPOS="1451" WIDTH="45" HEIGHT="39" WC="0.96" CONTENT="på"/>
						</TextLine>
						<TextLine ID="line_26" HPOS="258" VPOS="1494" WIDTH="1486" HEIGHT="49">
							<String ID="string_252" HPOS="258" VPOS="1494" WIDTH="210" HEIGHT="31" WC="0.96" CONTENT="Värmlands"/><SP WIDTH="20" VPOS="1494" HPOS="468"/>
							<String ID="string_253" HPOS="488" VPOS="1496" WIDTH="58" HEIGHT="30" WC="0.96" CONTENT="län"/><SP WIDTH="22" VPOS="1496" HPOS="546"/>
							<String ID="string_254" HPOS="568" VPOS="1498" WIDTH="65" HEIGHT="29" WC="0.95" CONTENT="och"/><SP WIDTH="23" VPOS="1498" HPOS="633"/>
							<String ID="string_255" HPOS="656" VPOS="1498" WIDTH="41" HEIGHT="29" WC="0.95" CONTENT="de"/><SP WIDTH="23" VPOS="1498" HPOS="697"/>
							<String ID="string_256" HPOS="720" VPOS="1508" WIDTH="59" HEIGHT="20" WC="0.95" CONTENT="sex"/><SP WIDTH="21" VPOS="1508" HPOS="779"/>
							<String ID="string_257" HPOS="800" VPOS="1499" WIDTH="213" HEIGHT="40" WC="0.96" CONTENT="nordligaste"/><SP WIDTH="23" VPOS="1499" HPOS="1013"/>
							<String ID="string_258" HPOS="1036" VPOS="1500" WIDTH="113" HEIGHT="30" WC="0.96" CONTENT="länen."/><SP WIDTH="35" VPOS="1500" HPOS="1149"/>
							<String ID="string_259" HPOS="1184" VPOS="1501" WIDTH="80" HEIGHT="30" WC="0.96" CONTENT="Men"/><SP WIDTH="22" VPOS="1501" HPOS="1264"/>
							<String ID="string_260" HPOS="1286" VPOS="1503" WIDTH="87" HEIGHT="29" WC="0.96" CONTENT="även"/><SP WIDTH="23" VPOS="1503" HPOS="1373"/>
							<String ID="string_261" HPOS="1396" VPOS="1503" WIDTH="9" HEIGHT="28" WC="0.96" CONTENT="i"/><SP WIDTH="24" VPOS="1503" HPOS="1405"/>
							<String ID="string_262" HPOS="1429" VPOS="1504" WIDTH="118" HEIGHT="39" WC="0.96" CONTENT="övriga"/><SP WIDTH="24" VPOS="1504" HPOS="1547"/>
							<String ID="string_263" HPOS="1571" VPOS="1505" WIDTH="57" HEIGHT="29" WC="0.95" CONTENT="län"/><SP WIDTH="22" VPOS="1505" HPOS="1628"/>
							<String ID="string_264" HPOS="1650" VPOS="1505" WIDTH="94" HEIGHT="29" WC="0.95" CONTENT="visar"/>
						</TextLine>
						<TextLine ID="line_27" HPOS="259" VPOS="1548" WIDTH="1006" HEIGHT="46">
							<String ID="string_265" HPOS="259" VPOS="1548" WIDTH="243" HEIGHT="40" WC="0.95" CONTENT="utvecklingen"/><SP WIDTH="21" VPOS="1548" HPOS="502"/>
							<String ID="string_266" HPOS="523" VPOS="1559" WIDTH="42" HEIGHT="20" WC="0.95" CONTENT="en"/><SP WIDTH="21" VPOS="1559" HPOS="565"/>
							<String ID="string_267" HPOS="586" VPOS="1550" WIDTH="77" HEIGHT="30" WC="0.96" CONTENT="icke"/><SP WIDTH="21" VPOS="1550" HPOS="663"/>
							<String ID="string_268" HPOS="684" VPOS="1551" WIDTH="175" HEIGHT="41" WC="0.96" CONTENT="obetydlig"/><SP WIDTH="21" VPOS="1551" HPOS="859"/>
							<String ID="string_269" HPOS="880" VPOS="1553" WIDTH="147" HEIGHT="30" WC="0.96" CONTENT="tendens"/><SP WIDTH="22" VPOS="1553" HPOS="1027"/>
							<String ID="string_270" HPOS="1049" VPOS="1554" WIDTH="52" HEIGHT="29" WC="0.96" CONTENT="till"/><SP WIDTH="22" VPOS="1554" HPOS="1101"/>
							<String ID="string_271" HPOS="1123" VPOS="1554" WIDTH="142" HEIGHT="40" WC="0.96" CONTENT="ökning."/>
						</TextLine>
					</TextBlock>
					<TextBlock ID="block_6" HPOS="249" VPOS="1611" WIDTH="1493" HEIGHT="738">
						<TextLine ID="line_28" HPOS="311" VPOS="1611" WIDTH="1431" HEIGHT="48">
							<String ID="string_272" HPOS="311" VPOS="1611" WIDTH="65" HEIGHT="29" WC="0.96" CONTENT="Det"/><SP WIDTH="19" VPOS="1611" HPOS="376"/>
							<String ID="string_273" HPOS="395" VPOS="1612" WIDTH="38" HEIGHT="29" WC="0.96" CONTENT="är"/><SP WIDTH="18" VPOS="1612" HPOS="433"/>
							<String ID="string_274" HPOS="451" VPOS="1612" WIDTH="99" HEIGHT="39" WC="0.96" CONTENT="givet,"/><SP WIDTH="21" VPOS="1612" HPOS="550"/>
							<String ID="string_275" HPOS="571" VPOS="1615" WIDTH="50" HEIGHT="27" WC="0.96" CONTENT="att"/><SP WIDTH="20" VPOS="1615" HPOS="621"/>
							<String ID="string_276" HPOS="641" VPOS="1614" WIDTH="78" HEIGHT="29" WC="0.96" CONTENT="med"/><SP WIDTH="20" VPOS="1614" HPOS="719"/>
							<String ID="string_277" HPOS="739" VPOS="1623" WIDTH="42" HEIGHT="20" WC="0.96" CONTENT="en"/><SP WIDTH="19" VPOS="1623" HPOS="781"/>
							<String ID="string_278" HPOS="800" VPOS="1614" WIDTH="132" HEIGHT="40" WC="0.96" CONTENT="ökning"/><SP WIDTH="20" VPOS="1614" HPOS="932"/>
							<String ID="string_279" HPOS="952" VPOS="1624" WIDTH="42" HEIGHT="20" WC="0.96" CONTENT="av"/><SP WIDTH="18" VPOS="1624" HPOS="994"/>
							<String ID="string_280" HPOS="1012" VPOS="1616" WIDTH="233" HEIGHT="39" WC="0.79" CONTENT="älgstammen"/><SP WIDTH="19" VPOS="1616" HPOS="1245"/>
							<String ID="string_281" HPOS="1264" VPOS="1617" WIDTH="105" HEIGHT="40" WC="0.96" CONTENT="följer"/><SP WIDTH="18" VPOS="1617" HPOS="1369"/>
							<String ID="string_282" HPOS="1387" VPOS="1619" WIDTH="92" HEIGHT="29" WC="0.97" CONTENT="ökad"/><SP WIDTH="21" VPOS="1619" HPOS="1479"/>
							<String ID="string_283" HPOS="1500" VPOS="1620" WIDTH="242" HEIGHT="39" WC="0.96" CONTENT="skadegörelse"/>
						</TextLine>
						<TextLine ID="line_29" HPOS="256" VPOS="1664" WIDTH="1486" HEIGHT="48">
							<String ID="string_284" HPOS="256" VPOS="1673" WIDTH="41" HEIGHT="19" WC="0.96" CONTENT="av"/><SP WIDTH="25" VPOS="1673" HPOS="297"/>
							<String ID="string_285" HPOS="322" VPOS="1664" WIDTH="65" HEIGHT="40" WC="0.96" CONTENT="älg."/><SP WIDTH="36" VPOS="1664" HPOS="387"/>
							<String ID="string_286" HPOS="423" VPOS="1665" WIDTH="67" HEIGHT="29" WC="0.96" CONTENT="För"/><SP WIDTH="26" VPOS="1665" HPOS="490"/>
							<String ID="string_287" HPOS="516" VPOS="1666" WIDTH="177" HEIGHT="30" WC="0.96" CONTENT="skadorna"/><SP WIDTH="25" VPOS="1666" HPOS="693"/>
							<String ID="string_288" HPOS="718" VPOS="1667" WIDTH="44" HEIGHT="39" WC="0.93" CONTENT="på"/><SP WIDTH="25" VPOS="1667" HPOS="762"/>
							<String ID="string_289" HPOS="787" VPOS="1667" WIDTH="194" HEIGHT="40" WC="0.91" CONTENT="åkergröda"/><SP WIDTH="25" VPOS="1667" HPOS="981"/>
							<String ID="string_290" HPOS="1006" VPOS="1669" WIDTH="64" HEIGHT="30" WC="0.96" CONTENT="har"/><SP WIDTH="26" VPOS="1669" HPOS="1070"/>
							<String ID="string_291" HPOS="1096" VPOS="1670" WIDTH="183" HEIGHT="39" WC="0.95" CONTENT="möjlighet"/><SP WIDTH="25" VPOS="1670" HPOS="1279"/>
							<String ID="string_292" HPOS="1304" VPOS="1671" WIDTH="53" HEIGHT="29" WC="0.95" CONTENT="till"/><SP WIDTH="27" VPOS="1671" HPOS="1357"/>
							<String ID="string_293" HPOS="1384" VPOS="1672" WIDTH="194" HEIGHT="40" WC="0.96" CONTENT="ersättning"/><SP WIDTH="27" VPOS="1672" HPOS="1578"/>
							<String ID="string_294" HPOS="1605" VPOS="1673" WIDTH="137" HEIGHT="30" WC="0.96" CONTENT="funnits"/>
						</TextLine>
						<TextLine ID="line_30" HPOS="255" VPOS="1717" WIDTH="1487" HEIGHT="46">
							<String ID="string_295" HPOS="255" VPOS="1717" WIDTH="106" HEIGHT="29" WC="0.96" CONTENT="sedan"/><SP WIDTH="20" VPOS="1717" HPOS="361"/>
							<String ID="string_296" HPOS="381" VPOS="1717" WIDTH="93" HEIGHT="35" WC="0.95" CONTENT="1931,"/><SP WIDTH="19" VPOS="1717" HPOS="474"/>
							<String ID="string_297" HPOS="493" VPOS="1718" WIDTH="42" HEIGHT="30" WC="0.97" CONTENT="då"/><SP WIDTH="18" VPOS="1718" HPOS="535"/>
							<String ID="string_298" HPOS="553" VPOS="1719" WIDTH="265" HEIGHT="31" WC="0.96" CONTENT="bestämmelser"/><SP WIDTH="16" VPOS="1719" HPOS="818"/>
							<String ID="string_299" HPOS="834" VPOS="1730" WIDTH="57" HEIGHT="20" WC="0.96" CONTENT="om"/><SP WIDTH="17" VPOS="1730" HPOS="891"/>
							<String ID="string_300" HPOS="908" VPOS="1722" WIDTH="195" HEIGHT="40" WC="0.96" CONTENT="ersättning"/><SP WIDTH="17" VPOS="1722" HPOS="1103"/>
							<String ID="string_301" HPOS="1120" VPOS="1732" WIDTH="42" HEIGHT="21" WC="0.93" CONTENT="ur"/><SP WIDTH="18" VPOS="1732" HPOS="1162"/>
							<String ID="string_302" HPOS="1180" VPOS="1724" WIDTH="254" HEIGHT="39" WC="0.92" CONTENT="älgskadefond"/><SP WIDTH="17" VPOS="1724" HPOS="1434"/>
							<String ID="string_303" HPOS="1451" VPOS="1725" WIDTH="149" HEIGHT="30" WC="0.96" CONTENT="tillkom."/><SP WIDTH="20" VPOS="1725" HPOS="1600"/>
							<String ID="string_304" HPOS="1620" VPOS="1727" WIDTH="122" HEIGHT="29" WC="0.96" CONTENT="Denna"/>
						</TextLine>
						<TextLine ID="line_31" HPOS="253" VPOS="1770" WIDTH="1489" HEIGHT="48">
							<String ID="string_305" HPOS="253" VPOS="1770" WIDTH="184" HEIGHT="40" WC="0.96" CONTENT="möjlighet"/><SP WIDTH="35" VPOS="1770" HPOS="437"/>
							<String ID="string_306" HPOS="472" VPOS="1773" WIDTH="38" HEIGHT="29" WC="0.96" CONTENT="är"/><SP WIDTH="36" VPOS="1773" HPOS="510"/>
							<String ID="string_307" HPOS="546" VPOS="1773" WIDTH="89" HEIGHT="29" WC="0.96" CONTENT="dock"/><SP WIDTH="36" VPOS="1773" HPOS="635"/>
							<String ID="string_308" HPOS="671" VPOS="1773" WIDTH="194" HEIGHT="40" WC="0.96" CONTENT="begränsad"/><SP WIDTH="36" VPOS="1773" HPOS="865"/>
							<String ID="string_309" HPOS="901" VPOS="1775" WIDTH="73" HEIGHT="30" WC="0.95" CONTENT="dels"/><SP WIDTH="27" VPOS="1775" HPOS="974"/>
							<String ID="string_310" HPOS="1001" VPOS="1776" WIDTH="37" HEIGHT="29" WC="0.96" CONTENT="så"/><SP WIDTH="28" VPOS="1776" HPOS="1038"/>
							<String ID="string_311" HPOS="1066" VPOS="1777" WIDTH="50" HEIGHT="28" WC="0.96" CONTENT="till"/><SP WIDTH="24" VPOS="1777" HPOS="1116"/>
							<String ID="string_312" HPOS="1140" VPOS="1777" WIDTH="82" HEIGHT="30" WC="0.96" CONTENT="vida"/><SP WIDTH="24" VPOS="1777" HPOS="1222"/>
							<String ID="string_313" HPOS="1246" VPOS="1779" WIDTH="50" HEIGHT="28" WC="0.96" CONTENT="att"/><SP WIDTH="25" VPOS="1779" HPOS="1296"/>
							<String ID="string_314" HPOS="1321" VPOS="1779" WIDTH="194" HEIGHT="39" WC="0.96" CONTENT="ersättning"/><SP WIDTH="25" VPOS="1779" HPOS="1515"/>
							<String ID="string_315" HPOS="1540" VPOS="1779" WIDTH="73" HEIGHT="30" WC="0.91" CONTENT="kan"/><SP WIDTH="23" VPOS="1779" HPOS="1613"/>
							<String ID="string_316" HPOS="1636" VPOS="1780" WIDTH="106" HEIGHT="30" WC="0.91" CONTENT="tiller-"/>
						</TextLine>
						<TextLine ID="line_32" HPOS="254" VPOS="1823" WIDTH="1487" HEIGHT="49">
							<String ID="string_317" HPOS="254" VPOS="1823" WIDTH="135" HEIGHT="31" WC="0.96" CONTENT="kännas"/><SP WIDTH="28" VPOS="1823" HPOS="389"/>
							<String ID="string_318" HPOS="417" VPOS="1825" WIDTH="211" HEIGHT="31" WC="0.96" CONTENT="innehavare"/><SP WIDTH="28" VPOS="1825" HPOS="628"/>
							<String ID="string_319" HPOS="656" VPOS="1836" WIDTH="42" HEIGHT="20" WC="0.93" CONTENT="av"/><SP WIDTH="27" VPOS="1836" HPOS="698"/>
							<String ID="string_320" HPOS="725" VPOS="1827" WIDTH="253" HEIGHT="40" WC="0.91" CONTENT="brukningsdel"/><SP WIDTH="28" VPOS="1827" HPOS="978"/>
							<String ID="string_321" HPOS="1006" VPOS="1830" WIDTH="77" HEIGHT="29" WC="0.96" CONTENT="med"/><SP WIDTH="30" VPOS="1830" HPOS="1083"/>
							<String ID="string_322" HPOS="1113" VPOS="1840" WIDTH="96" HEIGHT="19" WC="0.96" CONTENT="mera"/><SP WIDTH="28" VPOS="1840" HPOS="1209"/>
							<String ID="string_323" HPOS="1237" VPOS="1832" WIDTH="44" HEIGHT="28" WC="0.96" CONTENT="än"/><SP WIDTH="28" VPOS="1832" HPOS="1281"/>
							<String ID="string_324" HPOS="1309" VPOS="1830" WIDTH="40" HEIGHT="30" WC="0.96" CONTENT="20"/><SP WIDTH="29" VPOS="1830" HPOS="1349"/>
							<String ID="string_325" HPOS="1378" VPOS="1832" WIDTH="125" HEIGHT="29" WC="0.96" CONTENT="hektar"/><SP WIDTH="27" VPOS="1832" HPOS="1503"/>
							<String ID="string_326" HPOS="1530" VPOS="1833" WIDTH="103" HEIGHT="30" WC="0.96" CONTENT="odlad"/><SP WIDTH="28" VPOS="1833" HPOS="1633"/>
							<String ID="string_327" HPOS="1661" VPOS="1833" WIDTH="80" HEIGHT="39" WC="0.96" CONTENT="jord"/>
						</TextLine>
						<TextLine ID="line_33" HPOS="255" VPOS="1877" WIDTH="1484" HEIGHT="53">
							<String ID="string_328" HPOS="255" VPOS="1877" WIDTH="82" HEIGHT="30" WC="0.96" CONTENT="eller"/><SP WIDTH="22" VPOS="1877" HPOS="337"/>
							<String ID="string_329" HPOS="359" VPOS="1887" WIDTH="96" HEIGHT="20" WC="0.96" CONTENT="mera"/><SP WIDTH="22" VPOS="1887" HPOS="455"/>
							<String ID="string_330" HPOS="477" VPOS="1880" WIDTH="43" HEIGHT="28" WC="0.96" CONTENT="än"/><SP WIDTH="24" VPOS="1880" HPOS="520"/>
							<String ID="string_331" HPOS="544" VPOS="1879" WIDTH="62" HEIGHT="30" WC="0.96" CONTENT="200"/><SP WIDTH="24" VPOS="1879" HPOS="606"/>
							<String ID="string_332" HPOS="630" VPOS="1880" WIDTH="126" HEIGHT="30" WC="0.96" CONTENT="hektar"/><SP WIDTH="22" VPOS="1880" HPOS="756"/>
							<String ID="string_333" HPOS="778" VPOS="1890" WIDTH="118" HEIGHT="21" WC="0.96" CONTENT="annan"/><SP WIDTH="22" VPOS="1890" HPOS="896"/>
							<String ID="string_334" HPOS="918" VPOS="1882" WIDTH="79" HEIGHT="39" WC="0.96" CONTENT="jord"/><SP WIDTH="23" VPOS="1882" HPOS="997"/>
							<String ID="string_335" HPOS="1020" VPOS="1883" WIDTH="123" HEIGHT="30" WC="0.96" CONTENT="endast"/><SP WIDTH="24" VPOS="1883" HPOS="1143"/>
							<String ID="string_336" HPOS="1167" VPOS="1892" WIDTH="57" HEIGHT="21" WC="0.96" CONTENT="om"/><SP WIDTH="24" VPOS="1892" HPOS="1224"/>
							<String ID="string_337" HPOS="1248" VPOS="1884" WIDTH="173" HEIGHT="30" WC="0.96" CONTENT="särskilda"/><SP WIDTH="24" VPOS="1884" HPOS="1421"/>
							<String ID="string_338" HPOS="1445" VPOS="1886" WIDTH="76" HEIGHT="30" WC="0.96" CONTENT="skäl"/><SP WIDTH="24" VPOS="1886" HPOS="1521"/>
							<String ID="string_339" HPOS="1545" VPOS="1882" WIDTH="194" HEIGHT="48" WC="0.96" CONTENT="föreligger,"/>
						</TextLine>
						<TextLine ID="line_34" HPOS="255" VPOS="1930" WIDTH="1485" HEIGHT="48">
							<String ID="string_340" HPOS="255" VPOS="1930" WIDTH="72" HEIGHT="30" WC="0.96" CONTENT="dels"/><SP WIDTH="23" VPOS="1930" HPOS="327"/>
							<String ID="string_341" HPOS="350" VPOS="1931" WIDTH="66" HEIGHT="29" WC="0.96" CONTENT="ock"/><SP WIDTH="21" VPOS="1931" HPOS="416"/>
							<String ID="string_342" HPOS="437" VPOS="1931" WIDTH="45" HEIGHT="40" WC="0.97" CONTENT="på"/><SP WIDTH="22" VPOS="1931" HPOS="482"/>
							<String ID="string_343" HPOS="504" VPOS="1932" WIDTH="56" HEIGHT="30" WC="0.96" CONTENT="det"/><SP WIDTH="24" VPOS="1932" HPOS="560"/>
							<String ID="string_344" HPOS="584" VPOS="1934" WIDTH="105" HEIGHT="29" WC="0.96" CONTENT="sättet"/><SP WIDTH="23" VPOS="1934" HPOS="689"/>
							<String ID="string_345" HPOS="712" VPOS="1935" WIDTH="59" HEIGHT="33" WC="0.95" CONTENT="att,"/><SP WIDTH="25" VPOS="1935" HPOS="771"/>
							<String ID="string_346" HPOS="796" VPOS="1935" WIDTH="86" HEIGHT="29" WC="0.96" CONTENT="även"/><SP WIDTH="23" VPOS="1935" HPOS="882"/>
							<String ID="string_347" HPOS="905" VPOS="1936" WIDTH="11" HEIGHT="28" WC="0.96" CONTENT="i"/><SP WIDTH="24" VPOS="1936" HPOS="916"/>
							<String ID="string_348" HPOS="940" VPOS="1936" WIDTH="41" HEIGHT="29" WC="0.96" CONTENT="de"/><SP WIDTH="23" VPOS="1936" HPOS="981"/>
							<String ID="string_349" HPOS="1004" VPOS="1936" WIDTH="62" HEIGHT="29" WC="0.96" CONTENT="fall"/><SP WIDTH="24" VPOS="1936" HPOS="1066"/>
							<String ID="string_350" HPOS="1090" VPOS="1937" WIDTH="63" HEIGHT="29" WC="0.96" CONTENT="där"/><SP WIDTH="22" VPOS="1937" HPOS="1153"/>
							<String ID="string_351" HPOS="1175" VPOS="1938" WIDTH="69" HEIGHT="29" WC="0.96" CONTENT="rätt"/><SP WIDTH="24" VPOS="1938" HPOS="1244"/>
							<String ID="string_352" HPOS="1268" VPOS="1938" WIDTH="52" HEIGHT="29" WC="0.96" CONTENT="till"/><SP WIDTH="23" VPOS="1938" HPOS="1320"/>
							<String ID="string_353" HPOS="1343" VPOS="1939" WIDTH="194" HEIGHT="39" WC="0.96" CONTENT="ersättning"/><SP WIDTH="23" VPOS="1939" HPOS="1537"/>
							<String ID="string_354" HPOS="1560" VPOS="1940" WIDTH="11" HEIGHT="28" WC="0.96" CONTENT="i"/><SP WIDTH="24" VPOS="1940" HPOS="1571"/>
							<String ID="string_355" HPOS="1595" VPOS="1940" WIDTH="65" HEIGHT="29" WC="0.96" CONTENT="och"/><SP WIDTH="25" VPOS="1940" HPOS="1660"/>
							<String ID="string_356" HPOS="1685" VPOS="1941" WIDTH="55" HEIGHT="30" WC="0.96" CONTENT="för"/>
						</TextLine>
						<TextLine ID="line_35" HPOS="253" VPOS="1984" WIDTH="1486" HEIGHT="48">
							<String ID="string_357" HPOS="253" VPOS="1984" WIDTH="51" HEIGHT="38" WC="0.96" CONTENT="sig"/><SP WIDTH="19" VPOS="1984" HPOS="304"/>
							<String ID="string_358" HPOS="323" VPOS="1984" WIDTH="193" HEIGHT="40" WC="0.96" CONTENT="föreligger,"/><SP WIDTH="22" VPOS="1984" HPOS="516"/>
							<String ID="string_359" HPOS="538" VPOS="1987" WIDTH="233" HEIGHT="39" WC="0.96" CONTENT="markägaren"/><SP WIDTH="20" VPOS="1987" HPOS="771"/>
							<String ID="string_360" HPOS="791" VPOS="1988" WIDTH="44" HEIGHT="38" WC="0.96" CONTENT="på"/><SP WIDTH="21" VPOS="1988" HPOS="835"/>
							<String ID="string_361" HPOS="856" VPOS="1989" WIDTH="112" HEIGHT="38" WC="0.96" CONTENT="grund"/><SP WIDTH="22" VPOS="1989" HPOS="968"/>
							<String ID="string_362" HPOS="990" VPOS="1998" WIDTH="43" HEIGHT="20" WC="0.93" CONTENT="av"/><SP WIDTH="20" VPOS="1998" HPOS="1033"/>
							<String ID="string_363" HPOS="1053" VPOS="1990" WIDTH="358" HEIGHT="39" WC="0.91" CONTENT="älgskadefondernas"/><SP WIDTH="21" VPOS="1990" HPOS="1411"/>
							<String ID="string_364" HPOS="1432" VPOS="1992" WIDTH="215" HEIGHT="40" WC="0.92" CONTENT="begränsade"/><SP WIDTH="24" VPOS="1992" HPOS="1647"/>
							<String ID="string_365" HPOS="1671" VPOS="2004" WIDTH="68" HEIGHT="20" WC="0.92" CONTENT="me-"/>
						</TextLine>
						<TextLine ID="line_36" HPOS="251" VPOS="2037" WIDTH="1489" HEIGHT="40">
							<String ID="string_366" HPOS="251" VPOS="2037" WIDTH="221" HEIGHT="40" WC="0.92" CONTENT="delstillgång"/><SP WIDTH="15" VPOS="2037" HPOS="472"/>
							<String ID="string_367" HPOS="487" VPOS="2039" WIDTH="76" HEIGHT="29" WC="0.96" CONTENT="icke"/><SP WIDTH="17" VPOS="2039" HPOS="563"/>
							<String ID="string_368" HPOS="580" VPOS="2040" WIDTH="71" HEIGHT="29" WC="0.96" CONTENT="kan"/><SP WIDTH="18" VPOS="2040" HPOS="651"/>
							<String ID="string_369" HPOS="669" VPOS="2040" WIDTH="111" HEIGHT="30" WC="0.96" CONTENT="hållas"/><SP WIDTH="19" VPOS="2040" HPOS="780"/>
							<String ID="string_370" HPOS="799" VPOS="2041" WIDTH="80" HEIGHT="29" WC="0.96" CONTENT="fullt"/><SP WIDTH="18" VPOS="2041" HPOS="879"/>
							<String ID="string_371" HPOS="897" VPOS="2042" WIDTH="82" HEIGHT="29" WC="0.96" CONTENT="eller"/><SP WIDTH="19" VPOS="2042" HPOS="979"/>
							<String ID="string_372" HPOS="998" VPOS="2042" WIDTH="9" HEIGHT="29" WC="0.96" CONTENT="i"/><SP WIDTH="18" VPOS="2042" HPOS="1007"/>
							<String ID="string_373" HPOS="1025" VPOS="2043" WIDTH="92" HEIGHT="30" WC="0.96" CONTENT="vissa"/><SP WIDTH="19" VPOS="2043" HPOS="1117"/>
							<String ID="string_374" HPOS="1136" VPOS="2043" WIDTH="62" HEIGHT="30" WC="0.96" CONTENT="fall"/><SP WIDTH="20" VPOS="2043" HPOS="1198"/>
							<String ID="string_375" HPOS="1218" VPOS="2053" WIDTH="60" HEIGHT="21" WC="0.96" CONTENT="ens"/><SP WIDTH="19" VPOS="2053" HPOS="1278"/>
							<String ID="string_376" HPOS="1297" VPOS="2045" WIDTH="281" HEIGHT="31" WC="0.93" CONTENT="tillnärmelsevis"/><SP WIDTH="21" VPOS="2045" HPOS="1578"/>
							<String ID="string_377" HPOS="1599" VPOS="2047" WIDTH="141" HEIGHT="30" WC="0.92" CONTENT="skades-"/>
						</TextLine>
						<TextLine ID="line_37" HPOS="255" VPOS="2090" WIDTH="1484" HEIGHT="50">
							<String ID="string_378" HPOS="255" VPOS="2090" WIDTH="60" HEIGHT="30" WC="0.95" CONTENT="lös."/><SP WIDTH="30" VPOS="2090" HPOS="315"/>
							<String ID="string_379" HPOS="345" VPOS="2091" WIDTH="76" HEIGHT="30" WC="0.96" CONTENT="Vad"/><SP WIDTH="20" VPOS="2091" HPOS="421"/>
							<String ID="string_380" HPOS="441" VPOS="2092" WIDTH="176" HEIGHT="30" WC="0.93" CONTENT="skadorna"/><SP WIDTH="19" VPOS="2092" HPOS="617"/>
							<String ID="string_381" HPOS="636" VPOS="2093" WIDTH="21" HEIGHT="30" WC="0.90" CONTENT="å"/><SP WIDTH="18" VPOS="2093" HPOS="657"/>
							<String ID="string_382" HPOS="675" VPOS="2095" WIDTH="157" HEIGHT="29" WC="0.96" CONTENT="växande"/><SP WIDTH="22" VPOS="2095" HPOS="832"/>
							<String ID="string_383" HPOS="854" VPOS="2095" WIDTH="86" HEIGHT="39" WC="0.96" CONTENT="skog"/><SP WIDTH="19" VPOS="2095" HPOS="940"/>
							<String ID="string_384" HPOS="959" VPOS="2096" WIDTH="182" HEIGHT="35" WC="0.95" CONTENT="beträffar,"/><SP WIDTH="22" VPOS="2096" HPOS="1141"/>
							<String ID="string_385" HPOS="1163" VPOS="2097" WIDTH="38" HEIGHT="29" WC="0.96" CONTENT="så"/><SP WIDTH="20" VPOS="2097" HPOS="1201"/>
							<String ID="string_386" HPOS="1221" VPOS="2099" WIDTH="145" HEIGHT="28" WC="0.96" CONTENT="ersättes"/><SP WIDTH="22" VPOS="2099" HPOS="1366"/>
							<String ID="string_387" HPOS="1388" VPOS="2099" WIDTH="101" HEIGHT="29" WC="0.96" CONTENT="dessa"/><SP WIDTH="21" VPOS="2099" HPOS="1489"/>
							<String ID="string_388" HPOS="1510" VPOS="2099" WIDTH="75" HEIGHT="30" WC="0.96" CONTENT="icke"/><SP WIDTH="22" VPOS="2099" HPOS="1585"/>
							<String ID="string_389" HPOS="1607" VPOS="2109" WIDTH="41" HEIGHT="20" WC="0.96" CONTENT="ur"/><SP WIDTH="21" VPOS="2109" HPOS="1648"/>
							<String ID="string_390" HPOS="1669" VPOS="2101" WIDTH="70" HEIGHT="39" WC="0.91" CONTENT="älg-"/>
						</TextLine>
						<TextLine ID="line_38" HPOS="254" VPOS="2144" WIDTH="1485" HEIGHT="49">
							<String ID="string_391" HPOS="254" VPOS="2144" WIDTH="291" HEIGHT="30" WC="0.91" CONTENT="skadefonderna."/><SP WIDTH="33" VPOS="2144" HPOS="545"/>
							<String ID="string_392" HPOS="578" VPOS="2147" WIDTH="167" HEIGHT="30" WC="0.96" CONTENT="Däremot"/><SP WIDTH="20" VPOS="2147" HPOS="745"/>
							<String ID="string_393" HPOS="765" VPOS="2149" WIDTH="134" HEIGHT="38" WC="0.96" CONTENT="öppnar"/><SP WIDTH="22" VPOS="2149" HPOS="899"/>
							<String ID="string_394" HPOS="921" VPOS="2149" WIDTH="10" HEIGHT="28" WC="0.96" CONTENT="i"/><SP WIDTH="21" VPOS="2149" HPOS="931"/>
							<String ID="string_395" HPOS="952" VPOS="2149" WIDTH="152" HEIGHT="39" WC="0.96" CONTENT="enlighet"/><SP WIDTH="22" VPOS="2149" HPOS="1104"/>
							<String ID="string_396" HPOS="1126" VPOS="2151" WIDTH="79" HEIGHT="29" WC="0.96" CONTENT="med"/><SP WIDTH="21" VPOS="2151" HPOS="1205"/>
							<String ID="string_397" HPOS="1226" VPOS="2151" WIDTH="66" HEIGHT="29" WC="0.96" CONTENT="vad"/><SP WIDTH="20" VPOS="2151" HPOS="1292"/>
							<String ID="string_398" HPOS="1312" VPOS="2160" WIDTH="89" HEIGHT="20" WC="0.96" CONTENT="ovan"/><SP WIDTH="22" VPOS="2160" HPOS="1401"/>
							<String ID="string_399" HPOS="1423" VPOS="2152" WIDTH="133" HEIGHT="30" WC="0.96" CONTENT="berörts"/><SP WIDTH="22" VPOS="2152" HPOS="1556"/>
							<String ID="string_400" HPOS="1578" VPOS="2154" WIDTH="161" HEIGHT="39" WC="0.96" CONTENT="gällande"/>
						</TextLine>
						<TextLine ID="line_39" HPOS="252" VPOS="2197" WIDTH="1486" HEIGHT="47">
							<String ID="string_401" HPOS="252" VPOS="2197" WIDTH="433" HEIGHT="42" WC="0.90" CONTENT="skogsvårdslagstiftning"/><SP WIDTH="28" VPOS="2197" HPOS="685"/>
							<String ID="string_402" HPOS="713" VPOS="2200" WIDTH="92" HEIGHT="30" WC="0.96" CONTENT="vissa"/><SP WIDTH="27" VPOS="2200" HPOS="805"/>
							<String ID="string_403" HPOS="832" VPOS="2202" WIDTH="222" HEIGHT="39" WC="0.96" CONTENT="möjligheter"/><SP WIDTH="26" VPOS="2202" HPOS="1054"/>
							<String ID="string_404" HPOS="1080" VPOS="2203" WIDTH="53" HEIGHT="29" WC="0.96" CONTENT="till"/><SP WIDTH="28" VPOS="2203" HPOS="1133"/>
							<String ID="string_405" HPOS="1161" VPOS="2204" WIDTH="194" HEIGHT="40" WC="0.96" CONTENT="ersättning"/><SP WIDTH="28" VPOS="2204" HPOS="1355"/>
							<String ID="string_406" HPOS="1383" VPOS="2214" WIDTH="42" HEIGHT="20" WC="0.93" CONTENT="av"/><SP WIDTH="28" VPOS="2214" HPOS="1425"/>
							<String ID="string_407" HPOS="1453" VPOS="2207" WIDTH="202" HEIGHT="29" WC="0.92" CONTENT="statsmedel"/><SP WIDTH="28" VPOS="2207" HPOS="1655"/>
							<String ID="string_408" HPOS="1683" VPOS="2208" WIDTH="55" HEIGHT="29" WC="0.96" CONTENT="för"/>
						</TextLine>
						<TextLine ID="line_40" HPOS="252" VPOS="2250" WIDTH="1486" HEIGHT="45">
							<String ID="string_409" HPOS="252" VPOS="2250" WIDTH="108" HEIGHT="30" WC="0.96" CONTENT="sådan"/><SP WIDTH="25" VPOS="2250" HPOS="360"/>
							<String ID="string_410" HPOS="385" VPOS="2251" WIDTH="120" HEIGHT="30" WC="0.96" CONTENT="skada."/><SP WIDTH="36" VPOS="2251" HPOS="505"/>
							<String ID="string_411" HPOS="541" VPOS="2252" WIDTH="13" HEIGHT="29" WC="0.95" CONTENT="I"/><SP WIDTH="25" VPOS="2252" HPOS="554"/>
							<String ID="string_412" HPOS="579" VPOS="2253" WIDTH="103" HEIGHT="29" WC="0.95" CONTENT="dessa"/><SP WIDTH="25" VPOS="2253" HPOS="682"/>
							<String ID="string_413" HPOS="707" VPOS="2253" WIDTH="61" HEIGHT="30" WC="0.95" CONTENT="fall"/><SP WIDTH="26" VPOS="2253" HPOS="768"/>
							<String ID="string_414" HPOS="794" VPOS="2255" WIDTH="37" HEIGHT="29" WC="0.95" CONTENT="är"/><SP WIDTH="25" VPOS="2255" HPOS="831"/>
							<String ID="string_415" HPOS="856" VPOS="2255" WIDTH="90" HEIGHT="29" WC="0.93" CONTENT="dock"/><SP WIDTH="25" VPOS="2255" HPOS="946"/>
							<String ID="string_416" HPOS="971" VPOS="2256" WIDTH="246" HEIGHT="39" WC="0.86" CONTENT="statsbidragel"/><SP WIDTH="25" VPOS="2256" HPOS="1217"/>
							<String ID="string_417" HPOS="1242" VPOS="2257" WIDTH="207" HEIGHT="31" WC="0.91" CONTENT="maximerat"/><SP WIDTH="25" VPOS="2257" HPOS="1449"/>
							<String ID="string_418" HPOS="1474" VPOS="2259" WIDTH="52" HEIGHT="29" WC="0.96" CONTENT="till"/><SP WIDTH="25" VPOS="2259" HPOS="1526"/>
							<String ID="string_419" HPOS="1551" VPOS="2260" WIDTH="40" HEIGHT="29" WC="0.96" CONTENT="50"/><SP WIDTH="27" VPOS="2260" HPOS="1591"/>
							<String ID="string_420" HPOS="1618" VPOS="2261" WIDTH="83" HEIGHT="29" WC="0.95" CONTENT="eller"/><SP WIDTH="26" VPOS="2261" HPOS="1701"/>
							<String ID="string_421" HPOS="1727" VPOS="2261" WIDTH="11" HEIGHT="29" WC="0.96" CONTENT="i"/>
						</TextLine>
						<TextLine ID="line_41" HPOS="249" VPOS="2303" WIDTH="820" HEIGHT="46">
							<String ID="string_422" HPOS="249" VPOS="2303" WIDTH="91" HEIGHT="30" WC="0.96" CONTENT="vissa"/><SP WIDTH="26" VPOS="2303" HPOS="340"/>
							<String ID="string_423" HPOS="366" VPOS="2304" WIDTH="63" HEIGHT="30" WC="0.96" CONTENT="fall"/><SP WIDTH="25" VPOS="2304" HPOS="429"/>
							<String ID="string_424" HPOS="454" VPOS="2305" WIDTH="40" HEIGHT="29" WC="0.96" CONTENT="60"/><SP WIDTH="26" VPOS="2305" HPOS="494"/>
							<String ID="string_425" HPOS="520" VPOS="2308" WIDTH="144" HEIGHT="37" WC="0.96" CONTENT="procent"/><SP WIDTH="26" VPOS="2308" HPOS="664"/>
							<String ID="string_426" HPOS="690" VPOS="2316" WIDTH="40" HEIGHT="20" WC="0.95" CONTENT="av"/><SP WIDTH="27" VPOS="2316" HPOS="730"/>
							<String ID="string_427" HPOS="757" VPOS="2308" WIDTH="152" HEIGHT="29" WC="0.96" CONTENT="skadans"/><SP WIDTH="26" VPOS="2308" HPOS="909"/>
							<String ID="string_428" HPOS="935" VPOS="2308" WIDTH="134" HEIGHT="41" WC="0.96" CONTENT="belopp."/>
						</TextLine>
					</TextBlock>
					<TextBlock ID="block_7" HPOS="249" VPOS="2357" WIDTH="1488" HEIGHT="155">
						<TextLine ID="line_42" HPOS="305" VPOS="2357" WIDTH="1432" HEIGHT="43">
							<String ID="string_429" HPOS="305" VPOS="2357" WIDTH="73" HEIGHT="29" WC="0.93" CONTENT="Den"/><SP WIDTH="29" VPOS="2357" HPOS="378"/>
							<String ID="string_430" HPOS="407" VPOS="2357" WIDTH="268" HEIGHT="41" WC="0.91" CONTENT="intensifiering,"/><SP WIDTH="31" VPOS="2357" HPOS="675"/>
							<String ID="string_431" HPOS="706" VPOS="2369" WIDTH="74" HEIGHT="20" WC="0.96" CONTENT="som"/><SP WIDTH="27" VPOS="2369" HPOS="780"/>
							<String ID="string_432" HPOS="807" VPOS="2361" WIDTH="232" HEIGHT="39" WC="0.96" CONTENT="skogsbruket"/><SP WIDTH="28" VPOS="2361" HPOS="1039"/>
							<String ID="string_433" HPOS="1067" VPOS="2363" WIDTH="143" HEIGHT="29" WC="0.96" CONTENT="särskilt"/><SP WIDTH="27" VPOS="2363" HPOS="1210"/>
							<String ID="string_434" HPOS="1237" VPOS="2363" WIDTH="10" HEIGHT="29" WC="0.96" CONTENT="i"/><SP WIDTH="28" VPOS="2363" HPOS="1247"/>
							<String ID="string_435" HPOS="1275" VPOS="2365" WIDTH="172" HEIGHT="29" WC="0.96" CONTENT="Norrland"/><SP WIDTH="29" VPOS="2365" HPOS="1447"/>
							<String ID="string_436" HPOS="1476" VPOS="2367" WIDTH="111" HEIGHT="29" WC="0.96" CONTENT="under"/><SP WIDTH="29" VPOS="2367" HPOS="1587"/>
							<String ID="string_437" HPOS="1616" VPOS="2376" WIDTH="121" HEIGHT="20" WC="0.95" CONTENT="senare"/>
						</TextLine>
						<TextLine ID="line_43" HPOS="250" VPOS="2409" WIDTH="1487" HEIGHT="49">
							<String ID="string_438" HPOS="250" VPOS="2409" WIDTH="38" HEIGHT="30" WC="0.92" CONTENT="år"/><SP WIDTH="30" VPOS="2409" HPOS="288"/>
							<String ID="string_439" HPOS="318" VPOS="2411" WIDTH="195" HEIGHT="39" WC="0.92" CONTENT="undergått,"/><SP WIDTH="30" VPOS="2411" HPOS="513"/>
							<String ID="string_440" HPOS="543" VPOS="2412" WIDTH="64" HEIGHT="29" WC="0.96" CONTENT="har"/><SP WIDTH="30" VPOS="2412" HPOS="607"/>
							<String ID="string_441" HPOS="637" VPOS="2414" WIDTH="162" HEIGHT="34" WC="0.96" CONTENT="medfört,"/><SP WIDTH="31" VPOS="2414" HPOS="799"/>
							<String ID="string_442" HPOS="830" VPOS="2417" WIDTH="50" HEIGHT="27" WC="0.93" CONTENT="att"/><SP WIDTH="30" VPOS="2417" HPOS="880"/>
							<String ID="string_443" HPOS="910" VPOS="2415" WIDTH="186" HEIGHT="39" WC="0.90" CONTENT="älgskador"/><SP WIDTH="30" VPOS="2415" HPOS="1096"/>
							<String ID="string_444" HPOS="1126" VPOS="2417" WIDTH="44" HEIGHT="38" WC="0.96" CONTENT="på"/><SP WIDTH="30" VPOS="2417" HPOS="1170"/>
							<String ID="string_445" HPOS="1200" VPOS="2418" WIDTH="156" HEIGHT="29" WC="0.96" CONTENT="växande"/><SP WIDTH="32" VPOS="2418" HPOS="1356"/>
							<String ID="string_446" HPOS="1388" VPOS="2419" WIDTH="84" HEIGHT="39" WC="0.96" CONTENT="skog"/><SP WIDTH="30" VPOS="2419" HPOS="1472"/>
							<String ID="string_447" HPOS="1502" VPOS="2420" WIDTH="138" HEIGHT="29" WC="0.92" CONTENT="alltmer"/><SP WIDTH="29" VPOS="2420" HPOS="1640"/>
							<String ID="string_448" HPOS="1669" VPOS="2420" WIDTH="68" HEIGHT="29" WC="0.84" CONTENT="till-"/>
						</TextLine>
						<TextLine ID="line_44" HPOS="249" VPOS="2463" WIDTH="1488" HEIGHT="49">
							<String ID="string_449" HPOS="249" VPOS="2463" WIDTH="113" HEIGHT="39" WC="0.96" CONTENT="dragit"/><SP WIDTH="20" VPOS="2463" HPOS="362"/>
							<String ID="string_450" HPOS="382" VPOS="2464" WIDTH="51" HEIGHT="39" WC="0.96" CONTENT="sig"/><SP WIDTH="20" VPOS="2464" HPOS="433"/>
							<String ID="string_451" HPOS="453" VPOS="2466" WIDTH="326" HEIGHT="38" WC="0.93" CONTENT="uppmärksamhet."/><SP WIDTH="21" VPOS="2466" HPOS="779"/>
							<String ID="string_452" HPOS="800" VPOS="2468" WIDTH="176" HEIGHT="30" WC="0.96" CONTENT="Utskottet"/><SP WIDTH="20" VPOS="2468" HPOS="976"/>
							<String ID="string_453" HPOS="996" VPOS="2469" WIDTH="116" HEIGHT="30" WC="0.96" CONTENT="finner"/><SP WIDTH="21" VPOS="2469" HPOS="1112"/>
							<String ID="string_454" HPOS="1133" VPOS="2470" WIDTH="56" HEIGHT="30" WC="0.96" CONTENT="det"/><SP WIDTH="21" VPOS="2470" HPOS="1189"/>
							<String ID="string_455" HPOS="1210" VPOS="2470" WIDTH="119" HEIGHT="31" WC="0.96" CONTENT="därför"/><SP WIDTH="21" VPOS="2470" HPOS="1329"/>
							<String ID="string_456" HPOS="1350" VPOS="2473" WIDTH="178" HEIGHT="39" WC="0.96" CONTENT="naturligt,"/><SP WIDTH="22" VPOS="2473" HPOS="1528"/>
							<String ID="string_457" HPOS="1550" VPOS="2475" WIDTH="50" HEIGHT="27" WC="0.96" CONTENT="att"/><SP WIDTH="22" VPOS="2475" HPOS="1600"/>
							<String ID="string_458" HPOS="1622" VPOS="2473" WIDTH="115" HEIGHT="29" WC="0.96" CONTENT="denna"/>
						</TextLine>
					</TextBlock>
				</ComposedBlock>
			</PrintSpace>
		</Page>
	</Layout>
</alto>
