<?xml version="1.0" encoding="UTF-8"?>
<alto xmlns="http://www.loc.gov/standards/alto/ns-v3#" xmlns:xlink="http://www.w3.org/1999/xlink" xmlns:xsi="http://www.w3.org/2001/XMLSchema-instance" xsi:schemaLocation="http://www.loc.gov/standards/alto/ns-v3# http://www.loc.gov/alto/v3/alto-3-0.xsd">
	<Description>
		<MeasurementUnit>pixel</MeasurementUnit>
		<sourceImageInformation>
			<fileName>/tmp/tess_wqtx6_x2_input.PNG</fileName>
		</sourceImageInformation>
		<OCRProcessing ID="OCR_0">
			<ocrProcessingStep>
				<processingSoftware>
					<softwareName>tesseract 5.3.0</softwareName>
				</processingSoftware>
			</ocrProcessingStep>
		</OCRProcessing>
	</Description>
	<Layout>
		<Page WIDTH="2205" HEIGHT="2667" PHYSICAL_IMG_NR="0" ID="page_0">
			<PrintSpace HPOS="0" VPOS="0" WIDTH="2205" HEIGHT="2667">
				<ComposedBlock ID="cblock_0" HPOS="675" VPOS="182" WIDTH="1070" HEIGHT="43">
					<TextBlock ID="block_0" HPOS="675" VPOS="182" WIDTH="1070" HEIGHT="43">
						<TextLine ID="line_0" HPOS="675" VPOS="182" WIDTH="1070" HEIGHT="43">
							<String ID="string_0" HPOS="675" VPOS="191" WIDTH="263" HEIGHT="34" WC="0.90" CONTENT="Statsutskottets"/><SP WIDTH="29" VPOS="191" HPOS="938"/>
							<String ID="string_1" HPOS="967" VPOS="188" WIDTH="174" HEIGHT="34" WC="0.96" CONTENT="Utlåtande"/><SP WIDTH="22" VPOS="188" HPOS="1141"/>
							<String ID="string_2" HPOS="1163" VPOS="187" WIDTH="63" HEIGHT="33" WC="0.95" CONTENT="N:o"/><SP WIDTH="24" VPOS="187" HPOS="1226"/>
							<String ID="string_3" HPOS="1250" VPOS="190" WIDTH="74" HEIGHT="30" WC="0.96" CONTENT="109."/><SP WIDTH="402" VPOS="190" HPOS="1324"/>
							<String ID="string_4" HPOS="1726" VPOS="182" WIDTH="19" HEIGHT="32" WC="0.88" CONTENT="D"/>
						</TextLine>
					</TextBlock>
				</ComposedBlock>
				<ComposedBlock ID="cblock_1" HPOS="191" VPOS="270" WIDTH="1616" HEIGHT="2095">
					<TextBlock ID="block_1" HPOS="191" VPOS="270" WIDTH="1598" HEIGHT="378">
						<TextLine ID="line_1" HPOS="193" VPOS="270" WIDTH="1593" HEIGHT="54">
							<String ID="string_5" HPOS="193" VPOS="285" WIDTH="172" HEIGHT="38" WC="0.90" CONTENT="affattadt"/><SP WIDTH="33" VPOS="285" HPOS="365"/>
							<String ID="string_6" HPOS="398" VPOS="287" WIDTH="20" HEIGHT="34" WC="0.91" CONTENT="å"/><SP WIDTH="29" VPOS="287" HPOS="418"/>
							<String ID="string_7" HPOS="447" VPOS="283" WIDTH="106" HEIGHT="37" WC="0.96" CONTENT="karta"/><SP WIDTH="31" VPOS="283" HPOS="553"/>
							<String ID="string_8" HPOS="584" VPOS="282" WIDTH="71" HEIGHT="37" WC="0.93" CONTENT="och"/><SP WIDTH="27" VPOS="282" HPOS="655"/>
							<String ID="string_9" HPOS="682" VPOS="279" WIDTH="190" HEIGHT="38" WC="0.92" CONTENT="fördeladt"/><SP WIDTH="40" VPOS="279" HPOS="872"/>
							<String ID="string_10" HPOS="912" VPOS="277" WIDTH="140" HEIGHT="38" WC="0.95" CONTENT="mellan"/><SP WIDTH="27" VPOS="277" HPOS="1052"/>
							<String ID="string_11" HPOS="1079" VPOS="276" WIDTH="201" HEIGHT="48" WC="0.93" CONTENT="borgarna."/><SP WIDTH="58" VPOS="276" HPOS="1280"/>
							<String ID="string_12" HPOS="1338" VPOS="272" WIDTH="131" HEIGHT="49" WC="0.74" CONTENT="Enligt"/><SP WIDTH="28" VPOS="272" HPOS="1469"/>
							<String ID="string_13" HPOS="1497" VPOS="270" WIDTH="289" HEIGHT="48" WC="0.91" CONTENT="beskrifningen"/>
						</TextLine>
						<TextLine ID="line_2" HPOS="191" VPOS="323" WIDTH="1595" HEIGHT="53">
							<String ID="string_14" HPOS="191" VPOS="338" WIDTH="59" HEIGHT="38" WC="0.96" CONTENT="till"/><SP WIDTH="35" VPOS="338" HPOS="250"/>
							<String ID="string_15" HPOS="285" VPOS="337" WIDTH="164" HEIGHT="37" WC="0.95" CONTENT="nämnda"/><SP WIDTH="36" VPOS="337" HPOS="449"/>
							<String ID="string_16" HPOS="485" VPOS="336" WIDTH="109" HEIGHT="36" WC="0.95" CONTENT="karta"/><SP WIDTH="30" VPOS="336" HPOS="594"/>
							<String ID="string_17" HPOS="624" VPOS="332" WIDTH="210" HEIGHT="38" WC="0.93" CONTENT="innehåller"/><SP WIDTH="26" VPOS="332" HPOS="834"/>
							<String ID="string_18" HPOS="860" VPOS="331" WIDTH="148" HEIGHT="36" WC="0.92" CONTENT="Fidden"/><SP WIDTH="31" VPOS="331" HPOS="1008"/>
							<String ID="string_19" HPOS="1039" VPOS="332" WIDTH="45" HEIGHT="34" WC="0.96" CONTENT="36"/><SP WIDTH="29" VPOS="332" HPOS="1084"/>
							<String ID="string_20" HPOS="1113" VPOS="326" WIDTH="187" HEIGHT="38" WC="0.96" CONTENT="tunnland"/><SP WIDTH="28" VPOS="326" HPOS="1300"/>
							<String ID="string_21" HPOS="1328" VPOS="326" WIDTH="88" HEIGHT="36" WC="0.18" CONTENT="22&quot;"/><SP WIDTH="53" VPOS="326" HPOS="1416"/>
							<String ID="string_22" HPOS="1469" VPOS="323" WIDTH="192" HEIGHT="50" WC="0.91" CONTENT="kappland"/><SP WIDTH="29" VPOS="323" HPOS="1661"/>
							<String ID="string_23" HPOS="1690" VPOS="326" WIDTH="96" HEIGHT="33" WC="0.95" CONTENT="samt"/>
						</TextLine>
						<TextLine ID="line_3" HPOS="192" VPOS="374" WIDTH="1595" HEIGHT="65">
							<String ID="string_24" HPOS="192" VPOS="392" WIDTH="69" HEIGHT="36" WC="0.93" CONTENT="har"/><SP WIDTH="28" VPOS="392" HPOS="261"/>
							<String ID="string_25" HPOS="289" VPOS="389" WIDTH="199" HEIGHT="50" WC="0.91" CONTENT="uppdelats"/><SP WIDTH="27" VPOS="389" HPOS="488"/>
							<String ID="string_26" HPOS="515" VPOS="388" WIDTH="13" HEIGHT="35" WC="0.95" CONTENT="i"/><SP WIDTH="27" VPOS="388" HPOS="528"/>
							<String ID="string_27" HPOS="555" VPOS="389" WIDTH="47" HEIGHT="34" WC="0.96" CONTENT="46"/><SP WIDTH="30" VPOS="389" HPOS="602"/>
							<String ID="string_28" HPOS="632" VPOS="386" WIDTH="115" HEIGHT="36" WC="0.96" CONTENT="lotter"/><SP WIDTH="28" VPOS="386" HPOS="747"/>
							<String ID="string_29" HPOS="775" VPOS="399" WIDTH="58" HEIGHT="22" WC="0.96" CONTENT="om"/><SP WIDTH="32" VPOS="399" HPOS="833"/>
							<String ID="string_30" HPOS="865" VPOS="383" WIDTH="111" HEIGHT="37" WC="0.9" CONTENT="25/4"/><SP WIDTH="29" VPOS="383" HPOS="976"/>
							<String ID="string_31" HPOS="1005" VPOS="380" WIDTH="192" HEIGHT="51" WC="0.91" CONTENT="kappland"/><SP WIDTH="27" VPOS="380" HPOS="1197"/>
							<String ID="string_32" HPOS="1224" VPOS="380" WIDTH="104" HEIGHT="36" WC="0.95" CONTENT="hvar."/><SP WIDTH="57" VPOS="380" HPOS="1328"/>
							<String ID="string_33" HPOS="1385" VPOS="376" WIDTH="86" HEIGHT="37" WC="0.96" CONTENT="Med"/><SP WIDTH="28" VPOS="376" HPOS="1471"/>
							<String ID="string_34" HPOS="1499" VPOS="375" WIDTH="163" HEIGHT="37" WC="0.95" CONTENT="nämnda"/><SP WIDTH="24" VPOS="375" HPOS="1662"/>
							<String ID="string_35" HPOS="1686" VPOS="374" WIDTH="101" HEIGHT="37" WC="0.95" CONTENT="areal"/>
						</TextLine>
						<TextLine ID="line_4" HPOS="192" VPOS="426" WIDTH="1596" HEIGHT="62">
							<String ID="string_36" HPOS="192" VPOS="444" WIDTH="123" HEIGHT="35" WC="0.92" CONTENT="finnes"/><SP WIDTH="28" VPOS="444" HPOS="315"/>
							<String ID="string_37" HPOS="343" VPOS="441" WIDTH="148" HEIGHT="37" WC="0.91" CONTENT="Fidden"/><SP WIDTH="18" VPOS="441" HPOS="491"/>
							<String ID="string_38" HPOS="509" VPOS="444" WIDTH="197" HEIGHT="44" WC="0.96" CONTENT="upptagen"/><SP WIDTH="28" VPOS="444" HPOS="706"/>
							<String ID="string_39" HPOS="734" VPOS="438" WIDTH="113" HEIGHT="35" WC="0.93" CONTENT="äfven"/><SP WIDTH="28" VPOS="438" HPOS="847"/>
							<String ID="string_40" HPOS="875" VPOS="439" WIDTH="20" HEIGHT="33" WC="0.92" CONTENT="å"/><SP WIDTH="29" VPOS="439" HPOS="895"/>
							<String ID="string_41" HPOS="924" VPOS="436" WIDTH="73" HEIGHT="35" WC="0.96" CONTENT="den"/><SP WIDTH="28" VPOS="436" HPOS="997"/>
							<String ID="string_42" HPOS="1025" VPOS="434" WIDTH="41" HEIGHT="36" WC="0.96" CONTENT="af"/><SP WIDTH="25" VPOS="434" HPOS="1066"/>
							<String ID="string_43" HPOS="1091" VPOS="432" WIDTH="141" HEIGHT="38" WC="0.91" CONTENT="Gustaf"/><SP WIDTH="25" VPOS="432" HPOS="1232"/>
							<String ID="string_44" HPOS="1257" VPOS="432" WIDTH="235" HEIGHT="48" WC="0.96" CONTENT="Ljunggren,"/><SP WIDTH="29" VPOS="432" HPOS="1492"/>
							<String ID="string_45" HPOS="1521" VPOS="431" WIDTH="48" HEIGHT="45" WC="0.96" CONTENT="på"/><SP WIDTH="19" VPOS="431" HPOS="1569"/>
							<String ID="string_46" HPOS="1588" VPOS="426" WIDTH="200" HEIGHT="38" WC="0.92" CONTENT="föranstal-"/>
						</TextLine>
						<TextLine ID="line_5" HPOS="192" VPOS="479" WIDTH="1596" HEIGHT="56">
							<String ID="string_47" HPOS="192" VPOS="494" WIDTH="116" HEIGHT="38" WC="0.96" CONTENT="tande"/><SP WIDTH="29" VPOS="494" HPOS="308"/>
							<String ID="string_48" HPOS="337" VPOS="493" WIDTH="40" HEIGHT="37" WC="0.96" CONTENT="af"/><SP WIDTH="25" VPOS="493" HPOS="377"/>
							<String ID="string_49" HPOS="402" VPOS="492" WIDTH="226" HEIGHT="37" WC="0.96" CONTENT="kommittén"/><SP WIDTH="27" VPOS="492" HPOS="628"/>
							<String ID="string_50" HPOS="655" VPOS="489" WIDTH="58" HEIGHT="37" WC="0.96" CONTENT="till"/><SP WIDTH="18" VPOS="489" HPOS="713"/>
							<String ID="string_51" HPOS="731" VPOS="487" WIDTH="288" HEIGHT="48" WC="0.95" CONTENT="undersökning"/><SP WIDTH="20" VPOS="487" HPOS="1019"/>
							<String ID="string_52" HPOS="1039" VPOS="485" WIDTH="41" HEIGHT="37" WC="0.96" CONTENT="af"/><SP WIDTH="16" VPOS="485" HPOS="1080"/>
							<String ID="string_53" HPOS="1096" VPOS="484" WIDTH="218" HEIGHT="50" WC="0.95" CONTENT="grunderna"/><SP WIDTH="19" VPOS="484" HPOS="1314"/>
							<String ID="string_54" HPOS="1333" VPOS="482" WIDTH="59" HEIGHT="36" WC="0.96" CONTENT="för"/><SP WIDTH="16" VPOS="482" HPOS="1392"/>
							<String ID="string_55" HPOS="1408" VPOS="481" WIDTH="196" HEIGHT="37" WC="0.93" CONTENT="städernas"/><SP WIDTH="15" VPOS="481" HPOS="1604"/>
							<String ID="string_56" HPOS="1619" VPOS="479" WIDTH="169" HEIGHT="36" WC="0.91" CONTENT="beskatt-"/>
						</TextLine>
						<TextLine ID="line_6" HPOS="193" VPOS="529" WIDTH="1596" HEIGHT="67">
							<String ID="string_57" HPOS="193" VPOS="548" WIDTH="106" HEIGHT="48" WC="0.96" CONTENT="ning,"/><SP WIDTH="31" VPOS="548" HPOS="299"/>
							<String ID="string_58" HPOS="330" VPOS="549" WIDTH="39" HEIGHT="33" WC="0.96" CONTENT="år"/><SP WIDTH="31" VPOS="549" HPOS="369"/>
							<String ID="string_59" HPOS="400" VPOS="547" WIDTH="95" HEIGHT="35" WC="0.96" CONTENT="1853"/><SP WIDTH="31" VPOS="547" HPOS="495"/>
							<String ID="string_60" HPOS="526" VPOS="542" WIDTH="227" HEIGHT="51" WC="0.96" CONTENT="upprättade"/><SP WIDTH="28" VPOS="542" HPOS="753"/>
							<String ID="string_61" HPOS="781" VPOS="542" WIDTH="109" HEIGHT="35" WC="0.96" CONTENT="karta"/><SP WIDTH="28" VPOS="542" HPOS="890"/>
							<String ID="string_62" HPOS="918" VPOS="539" WIDTH="107" HEIGHT="37" WC="0.96" CONTENT="öfver"/><SP WIDTH="29" VPOS="539" HPOS="1025"/>
							<String ID="string_63" HPOS="1054" VPOS="537" WIDTH="147" HEIGHT="37" WC="0.96" CONTENT="Skanör"/><SP WIDTH="29" VPOS="537" HPOS="1201"/>
							<String ID="string_64" HPOS="1230" VPOS="536" WIDTH="68" HEIGHT="36" WC="0.96" CONTENT="och"/><SP WIDTH="28" VPOS="536" HPOS="1298"/>
							<String ID="string_65" HPOS="1326" VPOS="533" WIDTH="196" HEIGHT="37" WC="0.96" CONTENT="Falsterbo"/><SP WIDTH="28" VPOS="533" HPOS="1522"/>
							<String ID="string_66" HPOS="1550" VPOS="531" WIDTH="87" HEIGHT="37" WC="0.96" CONTENT="med"/><SP WIDTH="26" VPOS="531" HPOS="1637"/>
							<String ID="string_67" HPOS="1663" VPOS="529" WIDTH="126" HEIGHT="38" WC="0.95" CONTENT="därtill"/>
						</TextLine>
						<TextLine ID="line_7" HPOS="193" VPOS="582" WIDTH="1593" HEIGHT="66">
							<String ID="string_68" HPOS="193" VPOS="599" WIDTH="165" HEIGHT="49" WC="0.95" CONTENT="lydande"/><SP WIDTH="21" VPOS="599" HPOS="358"/>
							<String ID="string_69" HPOS="379" VPOS="603" WIDTH="104" HEIGHT="43" WC="0.96" CONTENT="ägor,"/><SP WIDTH="21" VPOS="603" HPOS="483"/>
							<String ID="string_70" HPOS="504" VPOS="596" WIDTH="42" HEIGHT="37" WC="0.96" CONTENT="af"/><SP WIDTH="16" VPOS="596" HPOS="546"/>
							<String ID="string_71" HPOS="562" VPOS="595" WIDTH="155" HEIGHT="37" WC="0.96" CONTENT="hvilken"/><SP WIDTH="22" VPOS="595" HPOS="717"/>
							<String ID="string_72" HPOS="739" VPOS="599" WIDTH="54" HEIGHT="31" WC="0.96" CONTENT="ett"/><SP WIDTH="20" VPOS="599" HPOS="793"/>
							<String ID="string_73" HPOS="813" VPOS="591" WIDTH="267" HEIGHT="48" WC="0.96" CONTENT="sammandrag"/><SP WIDTH="17" VPOS="591" HPOS="1080"/>
							<String ID="string_74" HPOS="1097" VPOS="589" WIDTH="107" HEIGHT="37" WC="0.96" CONTENT="torde"/><SP WIDTH="20" VPOS="589" HPOS="1204"/>
							<String ID="string_75" HPOS="1224" VPOS="588" WIDTH="38" HEIGHT="36" WC="0.96" CONTENT="få"/><SP WIDTH="14" VPOS="588" HPOS="1262"/>
							<String ID="string_76" HPOS="1276" VPOS="587" WIDTH="175" HEIGHT="48" WC="0.91" CONTENT="biläggas"/><SP WIDTH="18" VPOS="587" HPOS="1451"/>
							<String ID="string_77" HPOS="1469" VPOS="585" WIDTH="103" HEIGHT="36" WC="0.96" CONTENT="detta"/><SP WIDTH="13" VPOS="585" HPOS="1572"/>
							<String ID="string_78" HPOS="1585" VPOS="582" WIDTH="201" HEIGHT="51" WC="0.96" CONTENT="protokoll."/>
						</TextLine>
					</TextBlock>
					<TextBlock ID="block_2" HPOS="194" VPOS="634" WIDTH="1603" HEIGHT="895">
						<TextLine ID="line_8" HPOS="298" VPOS="634" WIDTH="1491" HEIGHT="61">
							<String ID="string_79" HPOS="298" VPOS="651" WIDTH="17" HEIGHT="36" WC="0.95" CONTENT="I"/><SP WIDTH="29" VPOS="651" HPOS="315"/>
							<String ID="string_80" HPOS="344" VPOS="651" WIDTH="103" HEIGHT="36" WC="0.96" CONTENT="detta"/><SP WIDTH="29" VPOS="651" HPOS="447"/>
							<String ID="string_81" HPOS="476" VPOS="647" WIDTH="277" HEIGHT="48" WC="0.95" CONTENT="sammanhang"/><SP WIDTH="27" VPOS="647" HPOS="753"/>
							<String ID="string_82" HPOS="780" VPOS="646" WIDTH="108" HEIGHT="36" WC="0.96" CONTENT="torde"/><SP WIDTH="29" VPOS="646" HPOS="888"/>
							<String ID="string_83" HPOS="917" VPOS="644" WIDTH="93" HEIGHT="36" WC="0.93" CONTENT="böra"/><SP WIDTH="28" VPOS="644" HPOS="1010"/>
							<String ID="string_84" HPOS="1038" VPOS="641" WIDTH="254" HEIGHT="46" WC="0.91" CONTENT="omförmälas,"/><SP WIDTH="29" VPOS="641" HPOS="1292"/>
							<String ID="string_85" HPOS="1321" VPOS="643" WIDTH="55" HEIGHT="32" WC="0.95" CONTENT="att"/><SP WIDTH="23" VPOS="643" HPOS="1376"/>
							<String ID="string_86" HPOS="1399" VPOS="637" WIDTH="144" HEIGHT="49" WC="0.96" CONTENT="jämväl"/><SP WIDTH="24" VPOS="637" HPOS="1543"/>
							<String ID="string_87" HPOS="1567" VPOS="636" WIDTH="41" HEIGHT="37" WC="0.96" CONTENT="af"/><SP WIDTH="15" VPOS="636" HPOS="1608"/>
							<String ID="string_88" HPOS="1623" VPOS="636" WIDTH="46" HEIGHT="36" WC="0.96" CONTENT="de"/><SP WIDTH="15" VPOS="636" HPOS="1669"/>
							<String ID="string_89" HPOS="1684" VPOS="634" WIDTH="105" HEIGHT="38" WC="0.96" CONTENT="delar"/>
						</TextLine>
						<TextLine ID="line_9" HPOS="196" VPOS="688" WIDTH="1593" HEIGHT="61">
							<String ID="string_90" HPOS="196" VPOS="704" WIDTH="41" HEIGHT="36" WC="0.93" CONTENT="af"/><SP WIDTH="23" VPOS="704" HPOS="237"/>
							<String ID="string_91" HPOS="260" VPOS="703" WIDTH="201" HEIGHT="37" WC="0.91" CONTENT="utmarken"/><SP WIDTH="27" VPOS="703" HPOS="461"/>
							<String ID="string_92" HPOS="488" VPOS="701" WIDTH="113" HEIGHT="48" WC="0.96" CONTENT="kring"/><SP WIDTH="29" VPOS="701" HPOS="601"/>
							<String ID="string_93" HPOS="630" VPOS="699" WIDTH="148" HEIGHT="37" WC="0.96" CONTENT="Skanör"/><SP WIDTH="28" VPOS="699" HPOS="778"/>
							<String ID="string_94" HPOS="806" VPOS="698" WIDTH="70" HEIGHT="36" WC="0.96" CONTENT="och"/><SP WIDTH="26" VPOS="698" HPOS="876"/>
							<String ID="string_95" HPOS="902" VPOS="695" WIDTH="209" HEIGHT="45" WC="0.96" CONTENT="Falsterbo,"/><SP WIDTH="30" VPOS="695" HPOS="1111"/>
							<String ID="string_96" HPOS="1141" VPOS="707" WIDTH="81" HEIGHT="22" WC="0.96" CONTENT="som"/><SP WIDTH="27" VPOS="707" HPOS="1222"/>
							<String ID="string_97" HPOS="1249" VPOS="692" WIDTH="126" HEIGHT="48" WC="0.96" CONTENT="ligger"/><SP WIDTH="23" VPOS="692" HPOS="1375"/>
							<String ID="string_98" HPOS="1398" VPOS="690" WIDTH="99" HEIGHT="37" WC="0.96" CONTENT="intill"/><SP WIDTH="19" VPOS="690" HPOS="1497"/>
							<String ID="string_99" HPOS="1516" VPOS="688" WIDTH="159" HEIGHT="47" WC="0.93" CONTENT="Skanör,"/><SP WIDTH="19" VPOS="688" HPOS="1675"/>
							<String ID="string_100" HPOS="1694" VPOS="701" WIDTH="95" HEIGHT="36" WC="0.92" CONTENT="upp-"/>
						</TextLine>
						<TextLine ID="line_10" HPOS="194" VPOS="739" WIDTH="1596" HEIGHT="57">
							<String ID="string_101" HPOS="194" VPOS="756" WIDTH="153" HEIGHT="37" WC="0.92" CONTENT="låtelser"/><SP WIDTH="29" VPOS="756" HPOS="347"/>
							<String ID="string_102" HPOS="376" VPOS="755" WIDTH="111" HEIGHT="36" WC="0.96" CONTENT="skett."/><SP WIDTH="57" VPOS="755" HPOS="487"/>
							<String ID="string_103" HPOS="544" VPOS="753" WIDTH="53" HEIGHT="36" WC="0.39" CONTENT="Af"/><SP WIDTH="27" VPOS="753" HPOS="597"/>
							<String ID="string_104" HPOS="624" VPOS="757" WIDTH="53" HEIGHT="32" WC="0.96" CONTENT="ett"/><SP WIDTH="27" VPOS="757" HPOS="677"/>
							<String ID="string_105" HPOS="704" VPOS="751" WIDTH="64" HEIGHT="37" WC="0.96" CONTENT="vid"/><SP WIDTH="29" VPOS="751" HPOS="768"/>
							<String ID="string_106" HPOS="797" VPOS="749" WIDTH="278" HEIGHT="47" WC="0.96" CONTENT="handlingarna"/><SP WIDTH="27" VPOS="749" HPOS="1075"/>
							<String ID="string_107" HPOS="1102" VPOS="747" WIDTH="13" HEIGHT="35" WC="0.96" CONTENT="i"/><SP WIDTH="27" VPOS="747" HPOS="1115"/>
							<String ID="string_108" HPOS="1142" VPOS="759" WIDTH="50" HEIGHT="23" WC="0.96" CONTENT="nu"/><SP WIDTH="27" VPOS="759" HPOS="1192"/>
							<String ID="string_109" HPOS="1219" VPOS="743" WIDTH="249" HEIGHT="38" WC="0.96" CONTENT="förevarande"/><SP WIDTH="30" VPOS="743" HPOS="1468"/>
							<String ID="string_110" HPOS="1498" VPOS="741" WIDTH="138" HEIGHT="37" WC="0.93" CONTENT="ärende"/><SP WIDTH="19" VPOS="741" HPOS="1636"/>
							<String ID="string_111" HPOS="1655" VPOS="739" WIDTH="135" HEIGHT="49" WC="0.91" CONTENT="fogadt"/>
						</TextLine>
						<TextLine ID="line_11" HPOS="196" VPOS="794" WIDTH="1594" HEIGHT="61">
							<String ID="string_112" HPOS="196" VPOS="808" WIDTH="138" HEIGHT="47" WC="0.96" CONTENT="utdrag"/><SP WIDTH="28" VPOS="808" HPOS="334"/>
							<String ID="string_113" HPOS="362" VPOS="807" WIDTH="42" HEIGHT="36" WC="0.93" CONTENT="af"/><SP WIDTH="25" VPOS="807" HPOS="404"/>
							<String ID="string_114" HPOS="429" VPOS="806" WIDTH="269" HEIGHT="48" WC="0.92" CONTENT="magistratens"/><SP WIDTH="28" VPOS="806" HPOS="698"/>
							<String ID="string_115" HPOS="726" VPOS="803" WIDTH="13" HEIGHT="36" WC="0.96" CONTENT="i"/><SP WIDTH="30" VPOS="803" HPOS="739"/>
							<String ID="string_116" HPOS="769" VPOS="802" WIDTH="147" HEIGHT="36" WC="0.95" CONTENT="Skanör"/><SP WIDTH="28" VPOS="802" HPOS="916"/>
							<String ID="string_117" HPOS="944" VPOS="800" WIDTH="85" HEIGHT="37" WC="0.95" CONTENT="med"/><SP WIDTH="28" VPOS="800" HPOS="1029"/>
							<String ID="string_118" HPOS="1057" VPOS="797" WIDTH="196" HEIGHT="38" WC="0.95" CONTENT="Falsterbo"/><SP WIDTH="29" VPOS="797" HPOS="1253"/>
							<String ID="string_119" HPOS="1282" VPOS="794" WIDTH="194" HEIGHT="51" WC="0.96" CONTENT="protokoll"/><SP WIDTH="24" VPOS="794" HPOS="1476"/>
							<String ID="string_120" HPOS="1500" VPOS="794" WIDTH="71" HEIGHT="36" WC="0.96" CONTENT="den"/><SP WIDTH="23" VPOS="794" HPOS="1571"/>
							<String ID="string_121" HPOS="1594" VPOS="795" WIDTH="20" HEIGHT="34" WC="0.93" CONTENT="8"/><SP WIDTH="21" VPOS="795" HPOS="1614"/>
							<String ID="string_122" HPOS="1635" VPOS="805" WIDTH="155" HEIGHT="24" WC="0.92" CONTENT="novem-"/>
						</TextLine>
						<TextLine ID="line_12" HPOS="195" VPOS="844" WIDTH="1597" HEIGHT="62">
							<String ID="string_123" HPOS="195" VPOS="861" WIDTH="67" HEIGHT="37" WC="0.96" CONTENT="ber"/><SP WIDTH="33" VPOS="861" HPOS="262"/>
							<String ID="string_124" HPOS="295" VPOS="861" WIDTH="96" HEIGHT="35" WC="0.96" CONTENT="1779"/><SP WIDTH="29" VPOS="861" HPOS="391"/>
							<String ID="string_125" HPOS="420" VPOS="858" WIDTH="169" HEIGHT="48" WC="0.96" CONTENT="framgår"/><SP WIDTH="27" VPOS="858" HPOS="589"/>
							<String ID="string_126" HPOS="616" VPOS="855" WIDTH="207" HEIGHT="48" WC="0.95" CONTENT="nämligen,"/><SP WIDTH="30" VPOS="855" HPOS="823"/>
							<String ID="string_127" HPOS="853" VPOS="858" WIDTH="55" HEIGHT="31" WC="0.96" CONTENT="att"/><SP WIDTH="27" VPOS="858" HPOS="908"/>
							<String ID="string_128" HPOS="935" VPOS="856" WIDTH="48" HEIGHT="46" WC="0.96" CONTENT="på"/><SP WIDTH="28" VPOS="856" HPOS="983"/>
							<String ID="string_129" HPOS="1011" VPOS="850" WIDTH="162" HEIGHT="50" WC="0.96" CONTENT="ungefär"/><SP WIDTH="28" VPOS="850" HPOS="1173"/>
							<String ID="string_130" HPOS="1201" VPOS="862" WIDTH="141" HEIGHT="24" WC="0.95" CONTENT="samma"/><SP WIDTH="27" VPOS="862" HPOS="1342"/>
							<String ID="string_131" HPOS="1369" VPOS="846" WIDTH="149" HEIGHT="48" WC="0.95" CONTENT="villkor,"/><SP WIDTH="27" VPOS="846" HPOS="1518"/>
							<String ID="string_132" HPOS="1545" VPOS="858" WIDTH="81" HEIGHT="23" WC="0.96" CONTENT="som"/><SP WIDTH="19" VPOS="858" HPOS="1626"/>
							<String ID="string_133" HPOS="1645" VPOS="844" WIDTH="147" HEIGHT="36" WC="0.92" CONTENT="Fidden"/>
						</TextLine>
						<TextLine ID="line_13" HPOS="196" VPOS="896" WIDTH="1595" HEIGHT="66">
							<String ID="string_134" HPOS="196" VPOS="912" WIDTH="184" HEIGHT="50" WC="0.96" CONTENT="upplåtits"/><SP WIDTH="30" VPOS="912" HPOS="380"/>
							<String ID="string_135" HPOS="410" VPOS="915" WIDTH="38" HEIGHT="32" WC="0.93" CONTENT="åt"/><SP WIDTH="28" VPOS="915" HPOS="448"/>
							<String ID="string_136" HPOS="476" VPOS="908" WIDTH="279" HEIGHT="50" WC="0.91" CONTENT="borgerskapet"/><SP WIDTH="26" VPOS="908" HPOS="755"/>
							<String ID="string_137" HPOS="781" VPOS="907" WIDTH="13" HEIGHT="36" WC="0.96" CONTENT="i"/><SP WIDTH="28" VPOS="907" HPOS="794"/>
							<String ID="string_138" HPOS="822" VPOS="905" WIDTH="209" HEIGHT="47" WC="0.96" CONTENT="Falsterbo,"/><SP WIDTH="29" VPOS="905" HPOS="1031"/>
							<String ID="string_139" HPOS="1060" VPOS="907" WIDTH="37" HEIGHT="32" WC="0.91" CONTENT="åt"/><SP WIDTH="27" VPOS="907" HPOS="1097"/>
							<String ID="string_140" HPOS="1124" VPOS="901" WIDTH="279" HEIGHT="49" WC="0.91" CONTENT="borgerskapet"/><SP WIDTH="18" VPOS="901" HPOS="1403"/>
							<String ID="string_141" HPOS="1421" VPOS="899" WIDTH="12" HEIGHT="36" WC="0.96" CONTENT="i"/><SP WIDTH="17" VPOS="899" HPOS="1433"/>
							<String ID="string_142" HPOS="1450" VPOS="899" WIDTH="145" HEIGHT="36" WC="0.95" CONTENT="Skanör"/><SP WIDTH="15" VPOS="899" HPOS="1595"/>
							<String ID="string_143" HPOS="1610" VPOS="896" WIDTH="181" HEIGHT="50" WC="0.96" CONTENT="upplåtits"/>
						</TextLine>
						<TextLine ID="line_14" HPOS="199" VPOS="949" WIDTH="1593" HEIGHT="61">
							<String ID="string_144" HPOS="199" VPOS="965" WIDTH="101" HEIGHT="36" WC="0.96" CONTENT="vissa"/><SP WIDTH="29" VPOS="965" HPOS="300"/>
							<String ID="string_145" HPOS="329" VPOS="963" WIDTH="116" HEIGHT="37" WC="0.93" CONTENT="andra"/><SP WIDTH="30" VPOS="963" HPOS="445"/>
							<String ID="string_146" HPOS="475" VPOS="961" WIDTH="156" HEIGHT="49" WC="0.91" CONTENT="angifna"/><SP WIDTH="21" VPOS="961" HPOS="631"/>
							<String ID="string_147" HPOS="652" VPOS="959" WIDTH="177" HEIGHT="37" WC="0.96" CONTENT="områden"/><SP WIDTH="21" VPOS="959" HPOS="829"/>
							<String ID="string_148" HPOS="850" VPOS="958" WIDTH="40" HEIGHT="36" WC="0.92" CONTENT="af"/><SP WIDTH="15" VPOS="958" HPOS="890"/>
							<String ID="string_149" HPOS="905" VPOS="956" WIDTH="199" HEIGHT="37" WC="0.92" CONTENT="utmarken"/><SP WIDTH="17" VPOS="956" HPOS="1104"/>
							<String ID="string_150" HPOS="1121" VPOS="955" WIDTH="197" HEIGHT="52" WC="0.96" CONTENT="äfvensom"/><SP WIDTH="16" VPOS="955" HPOS="1318"/>
							<String ID="string_151" HPOS="1334" VPOS="956" WIDTH="54" HEIGHT="32" WC="0.96" CONTENT="ett"/><SP WIDTH="16" VPOS="956" HPOS="1388"/>
							<String ID="string_152" HPOS="1404" VPOS="950" WIDTH="151" HEIGHT="36" WC="0.95" CONTENT="område"/><SP WIDTH="16" VPOS="950" HPOS="1555"/>
							<String ID="string_153" HPOS="1571" VPOS="949" WIDTH="40" HEIGHT="36" WC="0.96" CONTENT="af"/><SP WIDTH="14" VPOS="949" HPOS="1611"/>
							<String ID="string_154" HPOS="1625" VPOS="949" WIDTH="167" HEIGHT="36" WC="0.96" CONTENT="Skanörs"/>
						</TextLine>
						<TextLine ID="line_15" HPOS="200" VPOS="1000" WIDTH="1593" HEIGHT="66">
							<String ID="string_155" HPOS="200" VPOS="1016" WIDTH="125" HEIGHT="50" WC="0.93" CONTENT="gamla"/><SP WIDTH="20" VPOS="1016" HPOS="325"/>
							<String ID="string_156" HPOS="345" VPOS="1014" WIDTH="206" HEIGHT="50" WC="0.93" CONTENT="stadsplan,"/><SP WIDTH="21" VPOS="1014" HPOS="551"/>
							<String ID="string_157" HPOS="572" VPOS="1011" WIDTH="205" HEIGHT="39" WC="0.90" CONTENT="benämndt"/><SP WIDTH="22" VPOS="1011" HPOS="777"/>
							<String ID="string_158" HPOS="799" VPOS="1007" WIDTH="365" HEIGHT="51" WC="0.88" CONTENT="Gässlingekroken."/><SP WIDTH="55" VPOS="1007" HPOS="1164"/>
							<String ID="string_159" HPOS="1219" VPOS="1008" WIDTH="54" HEIGHT="33" WC="0.83" CONTENT="Ar"/><SP WIDTH="23" VPOS="1008" HPOS="1273"/>
							<String ID="string_160" HPOS="1296" VPOS="1006" WIDTH="95" HEIGHT="35" WC="0.96" CONTENT="1812"/><SP WIDTH="20" VPOS="1006" HPOS="1391"/>
							<String ID="string_161" HPOS="1411" VPOS="1002" WIDTH="127" HEIGHT="37" WC="0.96" CONTENT="blefvo"/><SP WIDTH="21" VPOS="1002" HPOS="1538"/>
							<String ID="string_162" HPOS="1559" VPOS="1000" WIDTH="234" HEIGHT="38" WC="0.96" CONTENT="sistnämnda"/>
						</TextLine>
						<TextLine ID="line_16" HPOS="200" VPOS="1054" WIDTH="1592" HEIGHT="59">
							<String ID="string_163" HPOS="200" VPOS="1074" WIDTH="97" HEIGHT="32" WC="0.96" CONTENT="samt"/><SP WIDTH="27" VPOS="1074" HPOS="297"/>
							<String ID="string_164" HPOS="324" VPOS="1071" WIDTH="65" HEIGHT="33" WC="0.95" CONTENT="två"/><SP WIDTH="29" VPOS="1071" HPOS="389"/>
							<String ID="string_165" HPOS="418" VPOS="1067" WIDTH="40" HEIGHT="36" WC="0.96" CONTENT="af"/><SP WIDTH="26" VPOS="1067" HPOS="458"/>
							<String ID="string_166" HPOS="484" VPOS="1067" WIDTH="46" HEIGHT="35" WC="0.96" CONTENT="de"/><SP WIDTH="30" VPOS="1067" HPOS="530"/>
							<String ID="string_167" HPOS="560" VPOS="1065" WIDTH="124" HEIGHT="48" WC="0.96" CONTENT="öfriga"/><SP WIDTH="29" VPOS="1065" HPOS="684"/>
							<String ID="string_168" HPOS="713" VPOS="1063" WIDTH="159" HEIGHT="37" WC="0.93" CONTENT="sålunda"/><SP WIDTH="28" VPOS="1063" HPOS="872"/>
							<String ID="string_169" HPOS="900" VPOS="1061" WIDTH="179" HEIGHT="49" WC="0.90" CONTENT="upplåtna"/><SP WIDTH="27" VPOS="1061" HPOS="1079"/>
							<String ID="string_170" HPOS="1106" VPOS="1058" WIDTH="212" HEIGHT="45" WC="0.96" CONTENT="områdena,"/><SP WIDTH="26" VPOS="1058" HPOS="1318"/>
							<String ID="string_171" HPOS="1344" VPOS="1055" WIDTH="193" HEIGHT="48" WC="0.96" CONTENT="nämligen"/><SP WIDTH="19" VPOS="1055" HPOS="1537"/>
							<String ID="string_172" HPOS="1556" VPOS="1054" WIDTH="45" HEIGHT="36" WC="0.95" CONTENT="de"/><SP WIDTH="21" VPOS="1054" HPOS="1601"/>
							<String ID="string_173" HPOS="1622" VPOS="1066" WIDTH="90" HEIGHT="23" WC="0.96" CONTENT="norr"/><SP WIDTH="20" VPOS="1066" HPOS="1712"/>
							<String ID="string_174" HPOS="1732" VPOS="1065" WIDTH="60" HEIGHT="23" WC="0.96" CONTENT="om"/>
						</TextLine>
						<TextLine ID="line_17" HPOS="200" VPOS="1103" WIDTH="1592" HEIGHT="64">
							<String ID="string_175" HPOS="200" VPOS="1121" WIDTH="148" HEIGHT="37" WC="0.96" CONTENT="Skanör"/><SP WIDTH="19" VPOS="1121" HPOS="348"/>
							<String ID="string_176" HPOS="367" VPOS="1119" WIDTH="165" HEIGHT="48" WC="0.92" CONTENT="belägna"/><SP WIDTH="28" VPOS="1119" HPOS="532"/>
							<String ID="string_177" HPOS="560" VPOS="1116" WIDTH="225" HEIGHT="37" WC="0.91" CONTENT="Tosslussan"/><SP WIDTH="20" VPOS="1116" HPOS="785"/>
							<String ID="string_178" HPOS="805" VPOS="1115" WIDTH="69" HEIGHT="36" WC="0.93" CONTENT="och"/><SP WIDTH="21" VPOS="1115" HPOS="874"/>
							<String ID="string_179" HPOS="895" VPOS="1114" WIDTH="137" HEIGHT="45" WC="0.92" CONTENT="Knäet,"/><SP WIDTH="17" VPOS="1114" HPOS="1032"/>
							<String ID="string_180" HPOS="1049" VPOS="1111" WIDTH="41" HEIGHT="37" WC="0.91" CONTENT="af"/><SP WIDTH="11" VPOS="1111" HPOS="1090"/>
							<String ID="string_181" HPOS="1101" VPOS="1111" WIDTH="43" HEIGHT="36" WC="0.90" CONTENT="E."/><SP WIDTH="17" VPOS="1111" HPOS="1144"/>
							<String ID="string_182" HPOS="1161" VPOS="1111" WIDTH="48" HEIGHT="36" WC="0.91" CONTENT="M."/><SP WIDTH="18" VPOS="1111" HPOS="1209"/>
							<String ID="string_183" HPOS="1227" VPOS="1108" WIDTH="126" HEIGHT="38" WC="0.93" CONTENT="Rosell"/><SP WIDTH="15" VPOS="1108" HPOS="1353"/>
							<String ID="string_184" HPOS="1368" VPOS="1106" WIDTH="178" HEIGHT="38" WC="0.91" CONTENT="affattade"/><SP WIDTH="17" VPOS="1106" HPOS="1546"/>
							<String ID="string_185" HPOS="1563" VPOS="1109" WIDTH="20" HEIGHT="33" WC="0.91" CONTENT="å"/><SP WIDTH="15" VPOS="1109" HPOS="1583"/>
							<String ID="string_186" HPOS="1598" VPOS="1105" WIDTH="108" HEIGHT="36" WC="0.96" CONTENT="karta"/><SP WIDTH="17" VPOS="1105" HPOS="1706"/>
							<String ID="string_187" HPOS="1723" VPOS="1103" WIDTH="69" HEIGHT="37" WC="0.96" CONTENT="och"/>
						</TextLine>
						<TextLine ID="line_18" HPOS="198" VPOS="1156" WIDTH="1599" HEIGHT="61">
							<String ID="string_188" HPOS="198" VPOS="1172" WIDTH="196" HEIGHT="38" WC="0.96" CONTENT="fördelade"/><SP WIDTH="38" VPOS="1172" HPOS="394"/>
							<String ID="string_189" HPOS="432" VPOS="1171" WIDTH="138" HEIGHT="36" WC="0.96" CONTENT="mellan"/><SP WIDTH="36" VPOS="1171" HPOS="570"/>
							<String ID="string_190" HPOS="606" VPOS="1170" WIDTH="190" HEIGHT="47" WC="0.96" CONTENT="borgarna"/><SP WIDTH="36" VPOS="1170" HPOS="796"/>
							<String ID="string_191" HPOS="832" VPOS="1167" WIDTH="12" HEIGHT="36" WC="0.96" CONTENT="i"/><SP WIDTH="30" VPOS="1167" HPOS="844"/>
							<String ID="string_192" HPOS="874" VPOS="1165" WIDTH="157" HEIGHT="37" WC="0.95" CONTENT="Skanör."/><SP WIDTH="56" VPOS="1165" HPOS="1031"/>
							<String ID="string_193" HPOS="1087" VPOS="1163" WIDTH="132" HEIGHT="48" WC="0.0" CONTENT="Enligt"/><SP WIDTH="29" VPOS="1163" HPOS="1219"/>
							<String ID="string_194" HPOS="1248" VPOS="1164" WIDTH="20" HEIGHT="33" WC="0.93" CONTENT="å"/><SP WIDTH="27" VPOS="1164" HPOS="1268"/>
							<String ID="string_195" HPOS="1295" VPOS="1158" WIDTH="265" HEIGHT="39" WC="0.92" CONTENT="förutberörda"/><SP WIDTH="28" VPOS="1158" HPOS="1560"/>
							<String ID="string_196" HPOS="1588" VPOS="1158" WIDTH="40" HEIGHT="36" WC="0.96" CONTENT="af"/><SP WIDTH="27" VPOS="1158" HPOS="1628"/>
							<String ID="string_197" HPOS="1655" VPOS="1156" WIDTH="142" HEIGHT="37" WC="0.96" CONTENT="Gustaf"/>
						</TextLine>
						<TextLine ID="line_19" HPOS="200" VPOS="1209" WIDTH="1594" HEIGHT="65">
							<String ID="string_198" HPOS="200" VPOS="1226" WIDTH="225" HEIGHT="48" WC="0.95" CONTENT="Ljunggren"/><SP WIDTH="41" VPOS="1226" HPOS="425"/>
							<String ID="string_199" HPOS="466" VPOS="1221" WIDTH="226" HEIGHT="51" WC="0.96" CONTENT="upprättade"/><SP WIDTH="40" VPOS="1221" HPOS="692"/>
							<String ID="string_200" HPOS="732" VPOS="1220" WIDTH="109" HEIGHT="36" WC="0.96" CONTENT="karta"/><SP WIDTH="36" VPOS="1220" HPOS="841"/>
							<String ID="string_201" HPOS="877" VPOS="1216" WIDTH="164" HEIGHT="38" WC="0.96" CONTENT="tecknad"/><SP WIDTH="28" VPOS="1216" HPOS="1041"/>
							<String ID="string_202" HPOS="1069" VPOS="1214" WIDTH="243" HEIGHT="48" WC="0.94" CONTENT="beskrifning"/><SP WIDTH="26" VPOS="1214" HPOS="1312"/>
							<String ID="string_203" HPOS="1338" VPOS="1211" WIDTH="208" HEIGHT="37" WC="0.93" CONTENT="innehåller"/><SP WIDTH="30" VPOS="1211" HPOS="1546"/>
							<String ID="string_204" HPOS="1576" VPOS="1209" WIDTH="218" HEIGHT="47" WC="0.88" CONTENT="Gässlinge-"/>
						</TextLine>
						<TextLine ID="line_20" HPOS="201" VPOS="1261" WIDTH="1594" HEIGHT="56">
							<String ID="string_205" HPOS="201" VPOS="1278" WIDTH="146" HEIGHT="36" WC="0.96" CONTENT="kroken"/><SP WIDTH="41" VPOS="1278" HPOS="347"/>
							<String ID="string_206" HPOS="388" VPOS="1289" WIDTH="47" HEIGHT="24" WC="0.96" CONTENT="en"/><SP WIDTH="40" VPOS="1289" HPOS="435"/>
							<String ID="string_207" HPOS="475" VPOS="1274" WIDTH="101" HEIGHT="37" WC="0.95" CONTENT="areal"/><SP WIDTH="38" VPOS="1274" HPOS="576"/>
							<String ID="string_208" HPOS="614" VPOS="1273" WIDTH="40" HEIGHT="37" WC="0.96" CONTENT="af"/><SP WIDTH="26" VPOS="1273" HPOS="654"/>
							<String ID="string_209" HPOS="680" VPOS="1275" WIDTH="20" HEIGHT="34" WC="0.96" CONTENT="9"/><SP WIDTH="29" VPOS="1275" HPOS="700"/>
							<String ID="string_210" HPOS="729" VPOS="1270" WIDTH="185" HEIGHT="38" WC="0.96" CONTENT="tunnland"/><SP WIDTH="32" VPOS="1270" HPOS="914"/>
							<String ID="string_211" HPOS="946" VPOS="1272" WIDTH="18" HEIGHT="34" WC="0.93" CONTENT="1"/><SP WIDTH="30" VPOS="1272" HPOS="964"/>
							<String ID="string_212" HPOS="994" VPOS="1267" WIDTH="204" HEIGHT="50" WC="0.90" CONTENT="kappland,"/><SP WIDTH="30" VPOS="1267" HPOS="1198"/>
							<String ID="string_213" HPOS="1228" VPOS="1265" WIDTH="224" HEIGHT="37" WC="0.90" CONTENT="Tosslussan"/><SP WIDTH="31" VPOS="1265" HPOS="1452"/>
							<String ID="string_214" HPOS="1483" VPOS="1266" WIDTH="18" HEIGHT="33" WC="0.95" CONTENT="7"/><SP WIDTH="31" VPOS="1266" HPOS="1501"/>
							<String ID="string_215" HPOS="1532" VPOS="1261" WIDTH="185" HEIGHT="37" WC="0.95" CONTENT="tunnland"/><SP WIDTH="31" VPOS="1261" HPOS="1717"/>
							<String ID="string_216" HPOS="1748" VPOS="1262" WIDTH="47" HEIGHT="34" WC="0.96" CONTENT="14"/>
						</TextLine>
						<TextLine ID="line_21" HPOS="202" VPOS="1314" WIDTH="1593" HEIGHT="65">
							<String ID="string_217" HPOS="202" VPOS="1328" WIDTH="191" HEIGHT="51" WC="0.92" CONTENT="kappland"/><SP WIDTH="30" VPOS="1328" HPOS="393"/>
							<String ID="string_218" HPOS="423" VPOS="1328" WIDTH="70" HEIGHT="36" WC="0.93" CONTENT="och"/><SP WIDTH="27" VPOS="1328" HPOS="493"/>
							<String ID="string_219" HPOS="520" VPOS="1327" WIDTH="127" HEIGHT="36" WC="0.92" CONTENT="Knäet"/><SP WIDTH="29" VPOS="1327" HPOS="647"/>
							<String ID="string_220" HPOS="676" VPOS="1326" WIDTH="47" HEIGHT="35" WC="0.95" CONTENT="25"/><SP WIDTH="29" VPOS="1326" HPOS="723"/>
							<String ID="string_221" HPOS="752" VPOS="1322" WIDTH="185" HEIGHT="38" WC="0.96" CONTENT="tunnland"/><SP WIDTH="28" VPOS="1322" HPOS="937"/>
							<String ID="string_222" HPOS="965" VPOS="1323" WIDTH="23" HEIGHT="35" WC="0.93" CONTENT="4"/><SP WIDTH="21" VPOS="1323" HPOS="988"/>
							<String ID="string_223" HPOS="1009" VPOS="1319" WIDTH="203" HEIGHT="51" WC="0.90" CONTENT="kappland."/><SP WIDTH="56" VPOS="1319" HPOS="1212"/>
							<String ID="string_224" HPOS="1268" VPOS="1318" WIDTH="57" HEIGHT="36" WC="0.91" CONTENT="De"/><SP WIDTH="20" VPOS="1318" HPOS="1325"/>
							<String ID="string_225" HPOS="1345" VPOS="1320" WIDTH="20" HEIGHT="33" WC="0.89" CONTENT="å"/><SP WIDTH="14" VPOS="1320" HPOS="1365"/>
							<String ID="string_226" HPOS="1379" VPOS="1317" WIDTH="200" HEIGHT="47" WC="0.95" CONTENT="borgarna,"/><SP WIDTH="17" VPOS="1317" HPOS="1579"/>
							<String ID="string_227" HPOS="1596" VPOS="1314" WIDTH="199" HEIGHT="48" WC="0.95" CONTENT="gårdarna,"/>
						</TextLine>
						<TextLine ID="line_22" HPOS="200" VPOS="1365" WIDTH="1596" HEIGHT="54">
							<String ID="string_228" HPOS="200" VPOS="1383" WIDTH="13" HEIGHT="36" WC="0.96" CONTENT="i"/><SP WIDTH="29" VPOS="1383" HPOS="213"/>
							<String ID="string_229" HPOS="242" VPOS="1382" WIDTH="148" HEIGHT="36" WC="0.96" CONTENT="Skanör"/><SP WIDTH="29" VPOS="1382" HPOS="390"/>
							<String ID="string_230" HPOS="419" VPOS="1380" WIDTH="71" HEIGHT="36" WC="0.96" CONTENT="och"/><SP WIDTH="26" VPOS="1380" HPOS="490"/>
							<String ID="string_231" HPOS="516" VPOS="1378" WIDTH="198" HEIGHT="37" WC="0.96" CONTENT="Falsterbo"/><SP WIDTH="35" VPOS="1378" HPOS="714"/>
							<String ID="string_232" HPOS="749" VPOS="1375" WIDTH="157" HEIGHT="38" WC="0.96" CONTENT="sålunda"/><SP WIDTH="28" VPOS="1375" HPOS="906"/>
							<String ID="string_233" HPOS="934" VPOS="1372" WIDTH="194" HEIGHT="39" WC="0.96" CONTENT="fördelade"/><SP WIDTH="29" VPOS="1372" HPOS="1128"/>
							<String ID="string_234" HPOS="1157" VPOS="1371" WIDTH="214" HEIGHT="46" WC="0.92" CONTENT="områdena,"/><SP WIDTH="25" VPOS="1371" HPOS="1371"/>
							<String ID="string_235" HPOS="1396" VPOS="1368" WIDTH="156" HEIGHT="47" WC="0.90" CONTENT="Fidden,"/><SP WIDTH="23" VPOS="1368" HPOS="1552"/>
							<String ID="string_236" HPOS="1575" VPOS="1365" WIDTH="221" HEIGHT="49" WC="0.90" CONTENT="Gässlinge-"/>
						</TextLine>
						<TextLine ID="line_23" HPOS="202" VPOS="1418" WIDTH="1595" HEIGHT="62">
							<String ID="string_237" HPOS="202" VPOS="1434" WIDTH="157" HEIGHT="46" WC="0.92" CONTENT="kroken,"/><SP WIDTH="44" VPOS="1434" HPOS="359"/>
							<String ID="string_238" HPOS="403" VPOS="1431" WIDTH="226" HEIGHT="37" WC="0.89" CONTENT="Tosslussan"/><SP WIDTH="44" VPOS="1431" HPOS="629"/>
							<String ID="string_239" HPOS="673" VPOS="1430" WIDTH="71" HEIGHT="36" WC="0.92" CONTENT="och"/><SP WIDTH="32" VPOS="1430" HPOS="744"/>
							<String ID="string_240" HPOS="776" VPOS="1428" WIDTH="127" HEIGHT="36" WC="0.89" CONTENT="Knäet"/><SP WIDTH="27" VPOS="1428" HPOS="903"/>
							<String ID="string_241" HPOS="930" VPOS="1427" WIDTH="209" HEIGHT="36" WC="0.95" CONTENT="benämner"/><SP WIDTH="28" VPOS="1427" HPOS="1139"/>
							<String ID="string_242" HPOS="1167" VPOS="1421" WIDTH="277" HEIGHT="39" WC="0.92" CONTENT="ofvanberörda"/><SP WIDTH="28" VPOS="1421" HPOS="1444"/>
							<String ID="string_243" HPOS="1472" VPOS="1419" WIDTH="197" HEIGHT="37" WC="0.96" CONTENT="kommitté"/><SP WIDTH="28" VPOS="1419" HPOS="1669"/>
							<String ID="string_244" HPOS="1697" VPOS="1418" WIDTH="13" HEIGHT="36" WC="0.96" CONTENT="i"/><SP WIDTH="29" VPOS="1418" HPOS="1710"/>
							<String ID="string_245" HPOS="1739" VPOS="1418" WIDTH="58" HEIGHT="36" WC="0.96" CONTENT="sin"/>
						</TextLine>
						<TextLine ID="line_24" HPOS="203" VPOS="1479" WIDTH="807" HEIGHT="50">
							<String ID="string_246" HPOS="203" VPOS="1485" WIDTH="247" HEIGHT="38" WC="0.91" CONTENT="omförmälda"/><SP WIDTH="27" VPOS="1485" HPOS="450"/>
							<String ID="string_247" HPOS="477" VPOS="1482" WIDTH="205" HEIGHT="38" WC="0.93" CONTENT="berättelse"/><SP WIDTH="28" VPOS="1482" HPOS="682"/>
							<String ID="string_248" HPOS="710" VPOS="1479" WIDTH="300" HEIGHT="50" WC="0.90" CONTENT="»gårdejordar.»"/>
						</TextLine>
					</TextBlock>
					<TextBlock ID="block_3" HPOS="205" VPOS="1522" WIDTH="1602" HEIGHT="843">
						<TextLine ID="line_25" HPOS="307" VPOS="1522" WIDTH="1490" HEIGHT="57">
							<String ID="string_249" HPOS="307" VPOS="1538" WIDTH="117" HEIGHT="36" WC="0.96" CONTENT="Förut"/><SP WIDTH="27" VPOS="1538" HPOS="424"/>
							<String ID="string_250" HPOS="451" VPOS="1537" WIDTH="68" HEIGHT="35" WC="0.96" CONTENT="har"/><SP WIDTH="19" VPOS="1537" HPOS="519"/>
							<String ID="string_251" HPOS="538" VPOS="1533" WIDTH="236" HEIGHT="46" WC="0.93" CONTENT="framhållits,"/><SP WIDTH="22" VPOS="1533" HPOS="774"/>
							<String ID="string_252" HPOS="796" VPOS="1533" WIDTH="180" HEIGHT="35" WC="0.91" CONTENT="hurusom"/><SP WIDTH="27" VPOS="1533" HPOS="976"/>
							<String ID="string_253" HPOS="1003" VPOS="1529" WIDTH="120" HEIGHT="36" WC="0.96" CONTENT="under"/><SP WIDTH="16" VPOS="1529" HPOS="1123"/>
							<String ID="string_254" HPOS="1139" VPOS="1526" WIDTH="226" HEIGHT="38" WC="0.96" CONTENT="medeltiden"/><SP WIDTH="16" VPOS="1526" HPOS="1365"/>
							<String ID="string_255" HPOS="1381" VPOS="1525" WIDTH="167" HEIGHT="48" WC="0.96" CONTENT="köpmän"/><SP WIDTH="14" VPOS="1525" HPOS="1548"/>
							<String ID="string_256" HPOS="1562" VPOS="1523" WIDTH="84" HEIGHT="36" WC="0.93" CONTENT="från"/><SP WIDTH="14" VPOS="1523" HPOS="1646"/>
							<String ID="string_257" HPOS="1660" VPOS="1522" WIDTH="137" HEIGHT="36" WC="0.91" CONTENT="hanse-"/>
						</TextLine>
						<TextLine ID="line_26" HPOS="205" VPOS="1573" WIDTH="1594" HEIGHT="63">
							<String ID="string_258" HPOS="205" VPOS="1590" WIDTH="177" HEIGHT="37" WC="0.93" CONTENT="städerna"/><SP WIDTH="42" VPOS="1590" HPOS="382"/>
							<String ID="string_259" HPOS="424" VPOS="1588" WIDTH="108" HEIGHT="48" WC="0.92" CONTENT="slogo"/><SP WIDTH="43" VPOS="1588" HPOS="532"/>
							<String ID="string_260" HPOS="575" VPOS="1587" WIDTH="60" HEIGHT="48" WC="0.95" CONTENT="sig"/><SP WIDTH="35" VPOS="1587" HPOS="635"/>
							<String ID="string_261" HPOS="670" VPOS="1585" WIDTH="74" HEIGHT="37" WC="0.96" CONTENT="ned"/><SP WIDTH="28" VPOS="1585" HPOS="744"/>
							<String ID="string_262" HPOS="772" VPOS="1584" WIDTH="11" HEIGHT="36" WC="0.96" CONTENT="i"/><SP WIDTH="28" VPOS="1584" HPOS="783"/>
							<String ID="string_263" HPOS="811" VPOS="1584" WIDTH="152" HEIGHT="36" WC="0.96" CONTENT="trakten"/><SP WIDTH="27" VPOS="1584" HPOS="963"/>
							<String ID="string_264" HPOS="990" VPOS="1582" WIDTH="115" HEIGHT="47" WC="0.96" CONTENT="kring"/><SP WIDTH="28" VPOS="1582" HPOS="1105"/>
							<String ID="string_265" HPOS="1133" VPOS="1580" WIDTH="148" HEIGHT="36" WC="0.95" CONTENT="Skanör"/><SP WIDTH="29" VPOS="1580" HPOS="1281"/>
							<String ID="string_266" HPOS="1310" VPOS="1578" WIDTH="69" HEIGHT="36" WC="0.96" CONTENT="och"/><SP WIDTH="27" VPOS="1578" HPOS="1379"/>
							<String ID="string_267" HPOS="1406" VPOS="1576" WIDTH="197" HEIGHT="37" WC="0.96" CONTENT="Falsterbo"/><SP WIDTH="29" VPOS="1576" HPOS="1603"/>
							<String ID="string_268" HPOS="1632" VPOS="1574" WIDTH="72" HEIGHT="37" WC="0.96" CONTENT="och"/><SP WIDTH="28" VPOS="1574" HPOS="1704"/>
							<String ID="string_269" HPOS="1732" VPOS="1573" WIDTH="67" HEIGHT="37" WC="0.96" CONTENT="där"/>
						</TextLine>
						<TextLine ID="line_27" HPOS="205" VPOS="1625" WIDTH="1594" HEIGHT="56">
							<String ID="string_270" HPOS="205" VPOS="1642" WIDTH="136" HEIGHT="36" WC="0.95" CONTENT="idkade"/><SP WIDTH="42" VPOS="1642" HPOS="341"/>
							<String ID="string_271" HPOS="383" VPOS="1639" WIDTH="140" HEIGHT="38" WC="0.96" CONTENT="handel"/><SP WIDTH="40" VPOS="1639" HPOS="523"/>
							<String ID="string_272" HPOS="563" VPOS="1639" WIDTH="73" HEIGHT="36" WC="0.96" CONTENT="och"/><SP WIDTH="39" VPOS="1639" HPOS="636"/>
							<String ID="string_273" HPOS="675" VPOS="1638" WIDTH="104" HEIGHT="35" WC="0.93" CONTENT="fiske."/><SP WIDTH="56" VPOS="1638" HPOS="779"/>
							<String ID="string_274" HPOS="835" VPOS="1632" WIDTH="389" HEIGHT="49" WC="0.90" CONTENT="Kammarkollegium"/><SP WIDTH="37" VPOS="1632" HPOS="1224"/>
							<String ID="string_275" HPOS="1261" VPOS="1631" WIDTH="68" HEIGHT="36" WC="0.96" CONTENT="har"/><SP WIDTH="26" VPOS="1631" HPOS="1329"/>
							<String ID="string_276" HPOS="1355" VPOS="1629" WIDTH="62" HEIGHT="36" WC="0.96" CONTENT="vid"/><SP WIDTH="30" VPOS="1629" HPOS="1417"/>
							<String ID="string_277" HPOS="1447" VPOS="1629" WIDTH="65" HEIGHT="36" WC="0.93" CONTENT="sitt"/><SP WIDTH="27" VPOS="1629" HPOS="1512"/>
							<String ID="string_278" HPOS="1539" VPOS="1625" WIDTH="260" HEIGHT="49" WC="0.90" CONTENT="underdåniga"/>
						</TextLine>
						<TextLine ID="line_28" HPOS="208" VPOS="1678" WIDTH="1591" HEIGHT="63">
							<String ID="string_279" HPOS="208" VPOS="1693" WIDTH="193" HEIGHT="37" WC="0.93" CONTENT="utlåtande"/><SP WIDTH="28" VPOS="1693" HPOS="401"/>
							<String ID="string_280" HPOS="429" VPOS="1693" WIDTH="108" HEIGHT="48" WC="0.93" CONTENT="fogat"/><SP WIDTH="29" VPOS="1693" HPOS="537"/>
							<String ID="string_281" HPOS="566" VPOS="1689" WIDTH="191" HEIGHT="48" WC="0.96" CONTENT="åtskilliga"/><SP WIDTH="28" VPOS="1689" HPOS="757"/>
							<String ID="string_282" HPOS="785" VPOS="1700" WIDTH="140" HEIGHT="37" WC="0.93" CONTENT="genom"/><SP WIDTH="28" VPOS="1700" HPOS="925"/>
							<String ID="string_283" HPOS="953" VPOS="1684" WIDTH="339" HEIGHT="38" WC="0.92" CONTENT="kammararkivets"/><SP WIDTH="29" VPOS="1684" HPOS="1292"/>
							<String ID="string_284" HPOS="1321" VPOS="1682" WIDTH="151" HEIGHT="47" WC="0.95" CONTENT="försorg"/><SP WIDTH="28" VPOS="1682" HPOS="1472"/>
							<String ID="string_285" HPOS="1500" VPOS="1678" WIDTH="232" HEIGHT="38" WC="0.93" CONTENT="verkställda"/><SP WIDTH="16" VPOS="1678" HPOS="1732"/>
							<String ID="string_286" HPOS="1748" VPOS="1678" WIDTH="51" HEIGHT="36" WC="0.86" CONTENT="af-"/>
						</TextLine>
						<TextLine ID="line_29" HPOS="206" VPOS="1730" WIDTH="1595" HEIGHT="62">
							<String ID="string_287" HPOS="206" VPOS="1746" WIDTH="155" HEIGHT="37" WC="0.88" CONTENT="skrifter"/><SP WIDTH="28" VPOS="1746" HPOS="361"/>
							<String ID="string_288" HPOS="389" VPOS="1745" WIDTH="43" HEIGHT="36" WC="0.96" CONTENT="af"/><SP WIDTH="23" VPOS="1745" HPOS="432"/>
							<String ID="string_289" HPOS="455" VPOS="1745" WIDTH="12" HEIGHT="35" WC="0.93" CONTENT="i"/><SP WIDTH="29" VPOS="1745" HPOS="467"/>
							<String ID="string_290" HPOS="496" VPOS="1742" WIDTH="303" HEIGHT="50" WC="0.92" CONTENT="diplomatarium"/><SP WIDTH="28" VPOS="1742" HPOS="799"/>
							<String ID="string_291" HPOS="827" VPOS="1752" WIDTH="202" HEIGHT="25" WC="0.91" CONTENT="suecanum"/><SP WIDTH="27" VPOS="1752" HPOS="1029"/>
							<String ID="string_292" HPOS="1056" VPOS="1738" WIDTH="168" HEIGHT="46" WC="0.96" CONTENT="intagna,"/><SP WIDTH="26" VPOS="1738" HPOS="1224"/>
							<String ID="string_293" HPOS="1250" VPOS="1735" WIDTH="41" HEIGHT="37" WC="0.96" CONTENT="af"/><SP WIDTH="15" VPOS="1735" HPOS="1291"/>
							<String ID="string_294" HPOS="1306" VPOS="1734" WIDTH="146" HEIGHT="37" WC="0.96" CONTENT="danska"/><SP WIDTH="14" VPOS="1734" HPOS="1452"/>
							<String ID="string_295" HPOS="1466" VPOS="1734" WIDTH="200" HEIGHT="45" WC="0.96" CONTENT="konungar"/><SP WIDTH="14" VPOS="1734" HPOS="1666"/>
							<String ID="string_296" HPOS="1680" VPOS="1730" WIDTH="121" HEIGHT="36" WC="0.96" CONTENT="under"/>
						</TextLine>
						<TextLine ID="line_30" HPOS="210" VPOS="1784" WIDTH="1589" HEIGHT="55">
							<String ID="string_297" HPOS="210" VPOS="1801" WIDTH="62" HEIGHT="34" WC="0.92" CONTENT="13-"/><SP WIDTH="30" VPOS="1801" HPOS="272"/>
							<String ID="string_298" HPOS="302" VPOS="1798" WIDTH="72" HEIGHT="35" WC="0.93" CONTENT="och"/><SP WIDTH="22" VPOS="1798" HPOS="374"/>
							<String ID="string_299" HPOS="396" VPOS="1794" WIDTH="315" HEIGHT="39" WC="0.91" CONTENT="14-hundratalen"/><SP WIDTH="17" VPOS="1794" HPOS="711"/>
							<String ID="string_300" HPOS="728" VPOS="1792" WIDTH="199" HEIGHT="37" WC="0.93" CONTENT="utfärdade"/><SP WIDTH="20" VPOS="1792" HPOS="927"/>
							<String ID="string_301" HPOS="947" VPOS="1788" WIDTH="295" HEIGHT="51" WC="0.90" CONTENT="privilegiebref,"/><SP WIDTH="15" VPOS="1788" HPOS="1242"/>
							<String ID="string_302" HPOS="1257" VPOS="1786" WIDTH="249" HEIGHT="49" WC="0.96" CONTENT="hvarigenom"/><SP WIDTH="16" VPOS="1786" HPOS="1506"/>
							<String ID="string_303" HPOS="1522" VPOS="1784" WIDTH="277" HEIGHT="47" WC="0.95" CONTENT="medborgarna"/>
						</TextLine>
						<TextLine ID="line_31" HPOS="206" VPOS="1834" WIDTH="1596" HEIGHT="61">
							<String ID="string_304" HPOS="206" VPOS="1851" WIDTH="13" HEIGHT="36" WC="0.96" CONTENT="i"/><SP WIDTH="28" VPOS="1851" HPOS="219"/>
							<String ID="string_305" HPOS="247" VPOS="1850" WIDTH="176" HEIGHT="37" WC="0.93" CONTENT="städerna"/><SP WIDTH="27" VPOS="1850" HPOS="423"/>
							<String ID="string_306" HPOS="450" VPOS="1847" WIDTH="165" HEIGHT="48" WC="0.35" CONTENT="Läbeck,"/><SP WIDTH="29" VPOS="1847" HPOS="615"/>
							<String ID="string_307" HPOS="644" VPOS="1846" WIDTH="174" HEIGHT="46" WC="0.96" CONTENT="Wismar,"/><SP WIDTH="28" VPOS="1846" HPOS="818"/>
							<String ID="string_308" HPOS="846" VPOS="1842" WIDTH="177" HEIGHT="48" WC="0.93" CONTENT="Rostock,"/><SP WIDTH="29" VPOS="1842" HPOS="1023"/>
							<String ID="string_309" HPOS="1052" VPOS="1841" WIDTH="149" HEIGHT="47" WC="0.92" CONTENT="Demin,"/><SP WIDTH="17" VPOS="1841" HPOS="1201"/>
							<String ID="string_310" HPOS="1218" VPOS="1838" WIDTH="213" HEIGHT="47" WC="0.96" CONTENT="Stralsund,"/><SP WIDTH="17" VPOS="1838" HPOS="1431"/>
							<String ID="string_311" HPOS="1448" VPOS="1835" WIDTH="237" HEIGHT="47" WC="0.96" CONTENT="Greifswald,"/><SP WIDTH="18" VPOS="1835" HPOS="1685"/>
							<String ID="string_312" HPOS="1703" VPOS="1834" WIDTH="99" HEIGHT="37" WC="0.89" CONTENT="Stet-"/>
						</TextLine>
						<TextLine ID="line_32" HPOS="207" VPOS="1886" WIDTH="1596" HEIGHT="61">
							<String ID="string_313" HPOS="207" VPOS="1903" WIDTH="57" HEIGHT="36" WC="0.96" CONTENT="tin"/><SP WIDTH="28" VPOS="1903" HPOS="264"/>
							<String ID="string_314" HPOS="292" VPOS="1902" WIDTH="71" HEIGHT="36" WC="0.93" CONTENT="och"/><SP WIDTH="28" VPOS="1902" HPOS="363"/>
							<String ID="string_315" HPOS="391" VPOS="1900" WIDTH="170" HEIGHT="47" WC="0.90" CONTENT="Anclam,"/><SP WIDTH="29" VPOS="1900" HPOS="561"/>
							<String ID="string_316" HPOS="590" VPOS="1899" WIDTH="87" HEIGHT="36" WC="0.95" CONTENT="med"/><SP WIDTH="28" VPOS="1899" HPOS="677"/>
							<String ID="string_317" HPOS="705" VPOS="1897" WIDTH="180" HEIGHT="37" WC="0.93" CONTENT="afseende"/><SP WIDTH="29" VPOS="1897" HPOS="885"/>
							<String ID="string_318" HPOS="914" VPOS="1899" WIDTH="20" HEIGHT="32" WC="0.93" CONTENT="å"/><SP WIDTH="29" VPOS="1899" HPOS="934"/>
							<String ID="string_319" HPOS="963" VPOS="1895" WIDTH="57" HEIGHT="36" WC="0.96" CONTENT="sin"/><SP WIDTH="27" VPOS="1895" HPOS="1020"/>
							<String ID="string_320" HPOS="1047" VPOS="1893" WIDTH="138" HEIGHT="37" WC="0.93" CONTENT="handel"/><SP WIDTH="29" VPOS="1893" HPOS="1185"/>
							<String ID="string_321" HPOS="1214" VPOS="1895" WIDTH="20" HEIGHT="33" WC="0.93" CONTENT="å"/><SP WIDTH="28" VPOS="1895" HPOS="1234"/>
							<String ID="string_322" HPOS="1262" VPOS="1891" WIDTH="70" HEIGHT="37" WC="0.96" CONTENT="och"/><SP WIDTH="29" VPOS="1891" HPOS="1332"/>
							<String ID="string_323" HPOS="1361" VPOS="1890" WIDTH="55" HEIGHT="37" WC="0.95" CONTENT="sin"/><SP WIDTH="26" VPOS="1890" HPOS="1416"/>
							<String ID="string_324" HPOS="1442" VPOS="1889" WIDTH="156" HEIGHT="36" WC="0.95" CONTENT="vistelse"/><SP WIDTH="18" VPOS="1889" HPOS="1598"/>
							<String ID="string_325" HPOS="1616" VPOS="1888" WIDTH="13" HEIGHT="36" WC="0.96" CONTENT="i"/><SP WIDTH="20" VPOS="1888" HPOS="1629"/>
							<String ID="string_326" HPOS="1649" VPOS="1887" WIDTH="69" HEIGHT="37" WC="0.95" CONTENT="och"/><SP WIDTH="20" VPOS="1887" HPOS="1718"/>
							<String ID="string_327" HPOS="1738" VPOS="1886" WIDTH="65" HEIGHT="37" WC="0.96" CONTENT="vid"/>
						</TextLine>
						<TextLine ID="line_33" HPOS="209" VPOS="1938" WIDTH="1595" HEIGHT="65">
							<String ID="string_328" HPOS="209" VPOS="1953" WIDTH="127" HEIGHT="50" WC="0.91" CONTENT="(apud)"/><SP WIDTH="40" VPOS="1953" HPOS="336"/>
							<String ID="string_329" HPOS="376" VPOS="1952" WIDTH="149" HEIGHT="37" WC="0.96" CONTENT="Skanör"/><SP WIDTH="38" VPOS="1952" HPOS="525"/>
							<String ID="string_330" HPOS="563" VPOS="1951" WIDTH="69" HEIGHT="36" WC="0.95" CONTENT="och"/><SP WIDTH="35" VPOS="1951" HPOS="632"/>
							<String ID="string_331" HPOS="667" VPOS="1949" WIDTH="209" HEIGHT="47" WC="0.93" CONTENT="Falsterbo,"/><SP WIDTH="37" VPOS="1949" HPOS="876"/>
							<String ID="string_332" HPOS="913" VPOS="1946" WIDTH="268" HEIGHT="37" WC="0.91" CONTENT="tillförsäkrats"/><SP WIDTH="32" VPOS="1946" HPOS="1181"/>
							<String ID="string_333" HPOS="1213" VPOS="1944" WIDTH="102" HEIGHT="36" WC="0.96" CONTENT="vissa"/><SP WIDTH="27" VPOS="1944" HPOS="1315"/>
							<String ID="string_334" HPOS="1342" VPOS="1941" WIDTH="238" HEIGHT="48" WC="0.95" CONTENT="rättigheter,"/><SP WIDTH="29" VPOS="1941" HPOS="1580"/>
							<String ID="string_335" HPOS="1609" VPOS="1938" WIDTH="195" HEIGHT="48" WC="0.95" CONTENT="nämligen"/>
						</TextLine>
						<TextLine ID="line_34" HPOS="209" VPOS="1992" WIDTH="1595" HEIGHT="58">
							<String ID="string_336" HPOS="209" VPOS="2012" WIDTH="59" HEIGHT="38" WC="0.92" CONTENT="att"/><SP WIDTH="36" VPOS="2012" HPOS="268"/>
							<String ID="string_337" HPOS="304" VPOS="2005" WIDTH="154" HEIGHT="37" WC="0.83" CONTENT="tullfritt"/><SP WIDTH="41" VPOS="2005" HPOS="458"/>
							<String ID="string_338" HPOS="499" VPOS="2004" WIDTH="82" HEIGHT="36" WC="0.96" CONTENT="föra"/><SP WIDTH="40" VPOS="2004" HPOS="581"/>
							<String ID="string_339" HPOS="621" VPOS="2016" WIDTH="111" HEIGHT="23" WC="0.96" CONTENT="varor"/><SP WIDTH="41" VPOS="2016" HPOS="732"/>
							<String ID="string_340" HPOS="773" VPOS="2001" WIDTH="58" HEIGHT="36" WC="0.96" CONTENT="till"/><SP WIDTH="42" VPOS="2001" HPOS="831"/>
							<String ID="string_341" HPOS="873" VPOS="2000" WIDTH="148" HEIGHT="37" WC="0.96" CONTENT="Skanör"/><SP WIDTH="41" VPOS="2000" HPOS="1021"/>
							<String ID="string_342" HPOS="1062" VPOS="1998" WIDTH="70" HEIGHT="36" WC="0.96" CONTENT="och"/><SP WIDTH="40" VPOS="1998" HPOS="1132"/>
							<String ID="string_343" HPOS="1172" VPOS="1995" WIDTH="207" HEIGHT="47" WC="0.96" CONTENT="Falsterbo,"/><SP WIDTH="42" VPOS="1995" HPOS="1379"/>
							<String ID="string_344" HPOS="1421" VPOS="1998" WIDTH="55" HEIGHT="32" WC="0.96" CONTENT="att"/><SP WIDTH="38" VPOS="1998" HPOS="1476"/>
							<String ID="string_345" HPOS="1514" VPOS="1992" WIDTH="94" HEIGHT="49" WC="0.96" CONTENT="sälja"/><SP WIDTH="36" VPOS="1992" HPOS="1608"/>
							<String ID="string_346" HPOS="1644" VPOS="2004" WIDTH="111" HEIGHT="24" WC="0.93" CONTENT="varor"/><SP WIDTH="29" VPOS="2004" HPOS="1755"/>
							<String ID="string_347" HPOS="1784" VPOS="1993" WIDTH="20" HEIGHT="33" WC="0.93" CONTENT="å"/>
						</TextLine>
						<TextLine ID="line_35" HPOS="211" VPOS="2044" WIDTH="1592" HEIGHT="58">
							<String ID="string_348" HPOS="211" VPOS="2058" WIDTH="274" HEIGHT="37" WC="0.96" CONTENT="marknaderna"/><SP WIDTH="37" VPOS="2058" HPOS="485"/>
							<String ID="string_349" HPOS="522" VPOS="2055" WIDTH="206" HEIGHT="47" WC="0.96" CONTENT="därstädes,"/><SP WIDTH="31" VPOS="2055" HPOS="728"/>
							<String ID="string_350" HPOS="759" VPOS="2054" WIDTH="71" HEIGHT="36" WC="0.96" CONTENT="och"/><SP WIDTH="29" VPOS="2054" HPOS="830"/>
							<String ID="string_351" HPOS="859" VPOS="2057" WIDTH="56" HEIGHT="32" WC="0.96" CONTENT="att"/><SP WIDTH="28" VPOS="2057" HPOS="915"/>
							<String ID="string_352" HPOS="943" VPOS="2051" WIDTH="113" HEIGHT="37" WC="0.96" CONTENT="hafva"/><SP WIDTH="30" VPOS="2051" HPOS="1056"/>
							<String ID="string_353" HPOS="1086" VPOS="2063" WIDTH="97" HEIGHT="35" WC="0.92" CONTENT="egna"/><SP WIDTH="33" VPOS="2063" HPOS="1183"/>
							<String ID="string_354" HPOS="1216" VPOS="2048" WIDTH="137" HEIGHT="49" WC="0.90" CONTENT="fogdar"/><SP WIDTH="24" VPOS="2048" HPOS="1353"/>
							<String ID="string_355" HPOS="1377" VPOS="2046" WIDTH="86" HEIGHT="37" WC="0.96" CONTENT="med"/><SP WIDTH="28" VPOS="2046" HPOS="1463"/>
							<String ID="string_356" HPOS="1491" VPOS="2044" WIDTH="162" HEIGHT="38" WC="0.93" CONTENT="särskild"/><SP WIDTH="24" VPOS="2044" HPOS="1653"/>
							<String ID="string_357" HPOS="1677" VPOS="2044" WIDTH="126" HEIGHT="36" WC="0.91" CONTENT="doms-"/>
						</TextLine>
						<TextLine ID="line_36" HPOS="209" VPOS="2095" WIDTH="1595" HEIGHT="64">
							<String ID="string_358" HPOS="209" VPOS="2110" WIDTH="195" HEIGHT="49" WC="0.95" CONTENT="rättighet."/><SP WIDTH="55" VPOS="2110" HPOS="404"/>
							<String ID="string_359" HPOS="459" VPOS="2109" WIDTH="75" HEIGHT="36" WC="0.95" CONTENT="För"/><SP WIDTH="41" VPOS="2109" HPOS="534"/>
							<String ID="string_360" HPOS="575" VPOS="2107" WIDTH="120" HEIGHT="48" WC="0.96" CONTENT="öfrigt"/><SP WIDTH="40" VPOS="2107" HPOS="695"/>
							<String ID="string_361" HPOS="735" VPOS="2106" WIDTH="67" HEIGHT="36" WC="0.93" CONTENT="har"/><SP WIDTH="36" VPOS="2106" HPOS="802"/>
							<String ID="string_362" HPOS="838" VPOS="2102" WIDTH="377" HEIGHT="49" WC="0.92" CONTENT="kammarkollegium"/><SP WIDTH="27" VPOS="2102" HPOS="1215"/>
							<String ID="string_363" HPOS="1242" VPOS="2099" WIDTH="234" HEIGHT="38" WC="0.95" CONTENT="beträffande"/><SP WIDTH="28" VPOS="2099" HPOS="1476"/>
							<String ID="string_364" HPOS="1504" VPOS="2098" WIDTH="136" HEIGHT="47" WC="0.96" CONTENT="frågan"/><SP WIDTH="29" VPOS="2098" HPOS="1640"/>
							<String ID="string_365" HPOS="1669" VPOS="2109" WIDTH="61" HEIGHT="23" WC="0.96" CONTENT="om"/><SP WIDTH="28" VPOS="2109" HPOS="1730"/>
							<String ID="string_366" HPOS="1758" VPOS="2095" WIDTH="46" HEIGHT="36" WC="0.96" CONTENT="de"/>
						</TextLine>
						<TextLine ID="line_37" HPOS="211" VPOS="2147" WIDTH="1594" HEIGHT="60">
							<String ID="string_367" HPOS="211" VPOS="2164" WIDTH="111" HEIGHT="35" WC="0.93" CONTENT="forna"/><SP WIDTH="26" VPOS="2164" HPOS="322"/>
							<String ID="string_368" HPOS="348" VPOS="2161" WIDTH="177" HEIGHT="37" WC="0.92" CONTENT="handels-"/><SP WIDTH="31" VPOS="2161" HPOS="525"/>
							<String ID="string_369" HPOS="556" VPOS="2160" WIDTH="71" HEIGHT="36" WC="0.93" CONTENT="och"/><SP WIDTH="27" VPOS="2160" HPOS="627"/>
							<String ID="string_370" HPOS="654" VPOS="2158" WIDTH="291" HEIGHT="49" WC="0.91" CONTENT="fiskeplatserna"/><SP WIDTH="27" VPOS="2158" HPOS="945"/>
							<String ID="string_371" HPOS="972" VPOS="2156" WIDTH="12" HEIGHT="35" WC="0.96" CONTENT="i"/><SP WIDTH="29" VPOS="2156" HPOS="984"/>
							<String ID="string_372" HPOS="1013" VPOS="2156" WIDTH="110" HEIGHT="36" WC="0.96" CONTENT="dessa"/><SP WIDTH="28" VPOS="2156" HPOS="1123"/>
							<String ID="string_373" HPOS="1151" VPOS="2154" WIDTH="146" HEIGHT="36" WC="0.96" CONTENT="trakter"/><SP WIDTH="25" VPOS="2154" HPOS="1297"/>
							<String ID="string_374" HPOS="1322" VPOS="2152" WIDTH="179" HEIGHT="48" WC="0.96" CONTENT="åberopat"/><SP WIDTH="19" VPOS="2152" HPOS="1501"/>
							<String ID="string_375" HPOS="1520" VPOS="2163" WIDTH="47" HEIGHT="23" WC="0.96" CONTENT="en"/><SP WIDTH="16" VPOS="2163" HPOS="1567"/>
							<String ID="string_376" HPOS="1583" VPOS="2148" WIDTH="38" HEIGHT="37" WC="0.96" CONTENT="af"/><SP WIDTH="14" VPOS="2148" HPOS="1621"/>
							<String ID="string_377" HPOS="1635" VPOS="2147" WIDTH="170" HEIGHT="37" WC="0.96" CONTENT="Dietrich"/>
						</TextLine>
						<TextLine ID="line_38" HPOS="212" VPOS="2200" WIDTH="1594" HEIGHT="58">
							<String ID="string_378" HPOS="212" VPOS="2214" WIDTH="157" HEIGHT="38" WC="0.78" CONTENT="Schäfer"/><SP WIDTH="36" VPOS="2214" HPOS="369"/>
							<String ID="string_379" HPOS="405" VPOS="2214" WIDTH="13" HEIGHT="36" WC="0.96" CONTENT="i"/><SP WIDTH="33" VPOS="2214" HPOS="418"/>
							<String ID="string_380" HPOS="451" VPOS="2212" WIDTH="110" HEIGHT="37" WC="0.96" CONTENT="Halle"/><SP WIDTH="31" VPOS="2212" HPOS="561"/>
							<String ID="string_381" HPOS="592" VPOS="2213" WIDTH="95" HEIGHT="35" WC="0.93" CONTENT="1887"/><SP WIDTH="31" VPOS="2213" HPOS="687"/>
							<String ID="string_382" HPOS="718" VPOS="2210" WIDTH="175" HEIGHT="48" WC="0.91" CONTENT="utgifven"/><SP WIDTH="28" VPOS="2210" HPOS="893"/>
							<String ID="string_383" HPOS="921" VPOS="2206" WIDTH="223" HEIGHT="49" WC="0.91" CONTENT="afhandling"/><SP WIDTH="27" VPOS="2206" HPOS="1144"/>
							<String ID="string_384" HPOS="1171" VPOS="2205" WIDTH="97" HEIGHT="37" WC="0.88" CONTENT="»Das"/><SP WIDTH="28" VPOS="2205" HPOS="1268"/>
							<String ID="string_385" HPOS="1296" VPOS="2204" WIDTH="119" HEIGHT="36" WC="0.96" CONTENT="Recht"/><SP WIDTH="28" VPOS="2204" HPOS="1415"/>
							<String ID="string_386" HPOS="1443" VPOS="2203" WIDTH="66" HEIGHT="36" WC="0.93" CONTENT="des"/><SP WIDTH="26" VPOS="2203" HPOS="1509"/>
							<String ID="string_387" HPOS="1535" VPOS="2200" WIDTH="271" HEIGHT="38" WC="0.51" CONTENT="läbeckischen"/>
						</TextLine>
						<TextLine ID="line_39" HPOS="212" VPOS="2247" WIDTH="1595" HEIGHT="68">
							<String ID="string_388" HPOS="212" VPOS="2267" WIDTH="123" HEIGHT="48" WC="0.91" CONTENT="Vogts"/><SP WIDTH="41" VPOS="2267" HPOS="335"/>
							<String ID="string_389" HPOS="376" VPOS="2265" WIDTH="66" HEIGHT="37" WC="0.93" CONTENT="auf"/><SP WIDTH="39" VPOS="2265" HPOS="442"/>
							<String ID="string_390" HPOS="481" VPOS="2264" WIDTH="208" HEIGHT="46" WC="0.30" CONTENT="BSchoneny,"/><SP WIDTH="43" VPOS="2264" HPOS="689"/>
							<String ID="string_391" HPOS="732" VPOS="2262" WIDTH="124" HEIGHT="36" WC="0.92" CONTENT="däruti"/><SP WIDTH="43" VPOS="2262" HPOS="856"/>
							<String ID="string_392" HPOS="899" VPOS="2259" WIDTH="157" HEIGHT="38" WC="0.96" CONTENT="Schäfer"/><SP WIDTH="40" VPOS="2259" HPOS="1056"/>
							<String ID="string_393" HPOS="1096" VPOS="2261" WIDTH="49" HEIGHT="46" WC="0.96" CONTENT="på"/><SP WIDTH="41" VPOS="2261" HPOS="1145"/>
							<String ID="string_394" HPOS="1186" VPOS="2262" WIDTH="55" HEIGHT="32" WC="0.96" CONTENT="ett"/><SP WIDTH="35" VPOS="2262" HPOS="1241"/>
							<String ID="string_395" HPOS="1276" VPOS="2255" WIDTH="186" HEIGHT="49" WC="0.95" CONTENT="ingående"/><SP WIDTH="36" VPOS="2255" HPOS="1462"/>
							<String ID="string_396" HPOS="1498" VPOS="2258" WIDTH="75" HEIGHT="32" WC="0.96" CONTENT="sätt"/><SP WIDTH="28" VPOS="2258" HPOS="1573"/>
							<String ID="string_397" HPOS="1601" VPOS="2247" WIDTH="206" HEIGHT="57" WC="0.96" CONTENT="behandlat"/>
						</TextLine>
						<TextLine ID="line_40" HPOS="213" VPOS="2303" WIDTH="1592" HEIGHT="62">
							<String ID="string_398" HPOS="213" VPOS="2319" WIDTH="111" HEIGHT="36" WC="0.92" CONTENT="fiske-"/><SP WIDTH="38" VPOS="2319" HPOS="324"/>
							<String ID="string_399" HPOS="362" VPOS="2318" WIDTH="70" HEIGHT="36" WC="0.92" CONTENT="och"/><SP WIDTH="36" VPOS="2318" HPOS="432"/>
							<String ID="string_400" HPOS="468" VPOS="2314" WIDTH="353" HEIGHT="51" WC="0.91" CONTENT="handelsplatserna"/><SP WIDTH="28" VPOS="2314" HPOS="821"/>
							<String ID="string_401" HPOS="849" VPOS="2313" WIDTH="64" HEIGHT="37" WC="0.96" CONTENT="vid"/><SP WIDTH="29" VPOS="2313" HPOS="913"/>
							<String ID="string_402" HPOS="942" VPOS="2312" WIDTH="46" HEIGHT="37" WC="0.96" CONTENT="de"/><SP WIDTH="28" VPOS="2312" HPOS="988"/>
							<String ID="string_403" HPOS="1016" VPOS="2310" WIDTH="166" HEIGHT="38" WC="0.96" CONTENT="skånska"/><SP WIDTH="27" VPOS="2310" HPOS="1182"/>
							<String ID="string_404" HPOS="1209" VPOS="2310" WIDTH="180" HEIGHT="35" WC="0.96" CONTENT="kusterna"/><SP WIDTH="27" VPOS="2310" HPOS="1389"/>
							<String ID="string_405" HPOS="1416" VPOS="2306" WIDTH="121" HEIGHT="37" WC="0.96" CONTENT="under"/><SP WIDTH="28" VPOS="2306" HPOS="1537"/>
							<String ID="string_406" HPOS="1565" VPOS="2303" WIDTH="240" HEIGHT="39" WC="0.95" CONTENT="medeltiden."/>
						</TextLine>
					</TextBlock>
				</ComposedBlock>
			</PrintSpace>
		</Page>
	</Layout>
</alto>
