1911 2841
301 207 41 30 40
666 206 284 31 Statsutskottets
973 208 178 30 utlåtande
1172 218 42 20 nr
1235 210 19 29 4
1274 209 39 30 år
1336 210 80 29 1967

305 286 51 29 till
379 288 50 28 att
452 287 118 30 stärka
592 288 66 29 den
680 288 178 30 allmänna
881 289 265 40 försvarsviljan
1171 291 63 29 och
1258 299 57 31 ger
1339 291 178 30 dessutom
1542 292 53 29 för
1620 301 41 20 en
1685 293 98 39 ringa

305 341 149 29 kostnad
479 343 47 28 ett
550 342 74 29 icke
649 342 188 41 obetydligt
861 344 148 30 tillskott
1033 345 52 29 till
1110 345 323 32 försvarseffekten.
1459 346 130 30 Genom
1614 347 10 28 i
1649 347 134 39 organi-

305 395 217 30 salionernas
546 397 70 38 regi
640 397 162 29 bedriven
826 398 217 39 rekrytering
1067 399 63 29 och
1154 399 198 40 utbildning
1375 409 42 20 av
1441 400 156 40 kvinnlig
1622 402 159 38 personal

305 449 51 29 till
380 450 91 29 olika
496 450 235 39 befattningar
755 451 56 29 vid
835 452 290 39 krigsförbanden
1152 453 68 29 kan
1245 455 47 28 ett
1318 456 86 27 stort
1430 455 95 29 antal
1550 455 234 40 värnpliktiga

305 503 148 39 frigöras
473 504 64 29 och
558 505 173 39 utnyttjas
753 505 54 30 för
827 506 109 29 andra
957 507 130 39 viktiga
1108 507 186 40 uppgifter.

349 557 66 30 Till
432 557 88 40 följd
537 568 41 20 av
595 559 40 29 de
653 568 67 31 nya
737 560 85 29 krav
838 560 43 40 på
899 560 141 40 frivillig
1056 561 322 40 befälsutbildning,
1396 572 75 20 som
1490 563 55 29 det
1564 573 41 20 av
1626 563 82 30 1966
1727 564 55 30 års

304 611 204 41 vårriksdag
530 612 178 31 beslutade
730 615 365 39 värnpliktssystemet
1118 615 146 35 medför,
1289 616 63 30 har
1377 617 328 31 Centralförbundet
1730 619 53 29 för

304 666 311 40 befälsutbildning
633 667 53 30 för
703 669 113 29 avsikt
835 671 49 27 att
901 670 106 38 pröva
1024 679 67 30 nya
1110 670 129 29 former
1258 671 54 29 för
1330 671 53 29 sin
1402 672 310 30 kursverksamhet
1731 681 52 31 ge-

304 729 81 20 nom
411 721 225 30 anordnande
661 731 41 20 av
727 723 61 29 s.k.
815 723 113 30 lokala
955 723 402 40 krigsförbandskurser.
1384 726 52 28 En
1463 726 107 29 sådan
1597 727 186 29 kursverk-

304 775 134 29 samhet
462 775 54 30 får
539 777 44 28 än
607 777 109 29 större
740 777 183 30 aktualitet
947 786 122 30 genom
1094 778 124 40 Kungl.
1243 780 123 38 Maj:ts
1391 780 130 40 förslag
1545 781 52 29 till
1621 781 162 40 begräns-

304 829 82 39 ning
409 840 41 19 av
473 830 91 30 årets
587 832 384 40 repetitionsövningar.

349 882 161 39 Stigande
534 884 187 29 kostnader
746 885 53 28 för
824 885 411 38 frivilligverksamheten
1259 889 64 27 och
1349 889 60 28 allt
1435 890 109 27 större
1570 890 212 37 svårigheter

303 937 49 28 att
372 936 56 30 vid
449 937 262 40 rekryteringen
733 939 217 30 konkurrera
973 940 76 29 med
1072 940 109 31 andra
1202 941 54 30 väl
1279 941 237 31 understödda
1539 942 244 41 fritidssyssel-

298 991 194 38 sättningar
514 993 60 37 gör
596 993 56 29 det
675 994 178 38 angeläget
876 997 49 26 att
947 995 321 38 organisationerna
1292 999 138 27 snarast
1453 997 157 29 kommer
1633 998 11 28 i
1666 998 117 39 åtnju-

297 1045 104 29 tande
424 1055 41 19 av
487 1046 90 29 ökad
599 1047 337 40 medelstilldelning.
959 1049 64 28 Det
1045 1049 97 29 torde
1164 1058 82 21 vara
1268 1051 176 34 önskvärt,
1468 1052 49 28 att
1540 1051 243 40 frivilligverk-

298 1099 180 30 samheten
497 1100 111 29 under
626 1101 176 39 pågående
822 1102 186 39 utredning
1027 1103 37 29 så
1081 1104 54 28 väl
1155 1104 209 38 tillgodoses,
1386 1106 49 28 att
1455 1105 113 39 någon
1588 1106 195 29 nämnvärd

298 1153 203 40 minskning
515 1163 41 20 av
570 1155 78 28 dess
663 1155 212 39 omfattning
889 1156 75 29 icke
979 1157 88 29 skall
1081 1157 132 29 behöva
1226 1158 149 29 befaras.

341 1208 77 29 Med
439 1208 137 40 hänsyn
597 1209 51 29 till
671 1209 55 30 det
748 1210 147 29 anförda
918 1211 36 28 är
976 1211 169 30 utskottet
1166 1212 110 29 berett
1297 1214 49 28 att
1368 1213 185 39 tillstyrka,
1577 1215 50 28 att
1649 1214 132 29 föreva-

301 1262 106 29 rande
426 1263 120 38 anslag
567 1263 110 29 under
696 1264 99 29 nästa
816 1264 168 39 budgetår
1003 1265 209 29 bestämmes
1233 1266 52 29 till
1304 1266 133 39 belopp,
1460 1276 74 20 som
1555 1267 197 39 föreslagits
1774 1267 10 29 i

297 1315 219 31 motionerna
531 1317 27 29 I:
575 1317 62 29 674
652 1317 64 30 och
732 1318 43 29 II:
792 1317 73 31 489.

346 1369 72 29 dels
436 1370 64 29 ock
519 1371 186 28 utskottets
724 1371 209 30 hemställan
953 1372 108 29 under
1079 1373 36 30 a)
1139 1373 75 29 bort
1232 1374 45 28 ha
1297 1374 155 38 följande
1471 1375 143 39 lydelse:

607 1425 56 33 »a)
690 1427 49 27 att
760 1425 186 39 riksdagen
968 1426 66 35 må,
1057 1427 10 29 i
1088 1427 187 39 anledning
1296 1437 42 20 av
1359 1428 124 38 Kungl.
1505 1429 123 39 Maj:ts
1651 1429 131 40 förslag

561 1481 89 26 samt
667 1479 79 29 med
762 1479 98 30 bifall
878 1480 50 29 till
947 1480 216 30 motionerna
1181 1481 27 29 I:
1226 1481 62 29 674
1305 1482 64 29 och
1388 1482 44 29 II:
1447 1482 74 34 489,
1539 1483 154 30 nämnda
1711 1493 70 20 mo-

560 1532 111 29 tioner
696 1533 102 30 såvitt
823 1543 45 19 nu
894 1535 37 28 är
955 1535 9 28 i
989 1534 107 39 fråga,
1120 1535 52 28 till
1196 1534 176 40 Frivilliga
1398 1535 383 40 befälsutbildningsrö-

559 1586 112 29 relsen
699 1596 104 20 m.m.
832 1587 53 29 för
912 1588 203 39 budgetåret
1145 1588 139 32 1967/68
1311 1590 121 29 anvisa
1459 1592 47 27 ett
1534 1591 246 30 reservations-

560 1641 120 38 anslag
695 1650 41 20 av
749 1641 17 29 5
783 1641 61 30 560
860 1642 61 29 000
936 1642 81 34 kr.,>

338 1748 36 34 3)
406 1749 55 29 vid
490 1749 158 39 punkten
679 1750 60 29 153
773 1751 418 38 (Lottaorganisationen)
1224 1761 42 19 av
1293 1751 121 29 herrar
1445 1751 127 39 Virgin,
1603 1751 175 36 Ottosson,

297 1802 202 36 Wallmark,
519 1803 158 29 Bohman
698 1804 65 29 och
782 1804 194 36 Petersson,
997 1805 93 29 vilka
1111 1807 113 28 ansett
1245 1807 50 27 att
1316 1806 170 29 utskottet
1506 1806 77 29 bort
1604 1806 175 40 tillstyrka

298 1857 217 29 motionerna
543 1857 108 30 1:674
678 1859 65 28 och
767 1858 47 29 II:
829 1858 72 35 489,
930 1859 10 28 i
964 1859 65 29 vad
1055 1859 40 29 de
1119 1867 98 21 avser
1242 1859 371 39 medelsanvisningen,
1642 1860 65 29 och
1732 1861 50 27 att

295 1910 119 29 därför
428 1911 188 29 utskottets
631 1911 209 30 hemställan
854 1912 76 29 bort
945 1912 45 29 ha
1004 1912 155 39 följande
1174 1913 145 39 lydelse:

610 1968 69 26 »att
708 1966 186 38 riksdagen
923 1966 66 33 må,
1017 1967 10 28 i
1056 1966 187 39 anledning
1272 1977 41 19 av
1342 1967 124 38 Kungl.
1496 1967 123 39 Maj:ts
1649 1967 130 39 förslag

559 2021 89 27 samt
676 2019 78 29 med
782 2019 97 30 bifall
907 2020 51 29 till
987 2020 218 29 motionerna
1234 2020 107 29 1:674
1369 2020 64 30 och
1462 2021 44 29 II:
1523 2020 73 34 489,
1625 2021 154 29 nämnda

558 2073 171 29 motioner
748 2073 103 30 såvitt
870 2083 45 19 nu
935 2074 37 29 är
990 2074 10 28 i
1019 2074 107 39 fråga,
1145 2074 51 29 till
1215 2073 386 40 Lottaorganisationen
1622 2074 53 30 för
1694 2075 85 29 bud-

559 2127 129 38 getåret
711 2127 139 30 1967/68
870 2128 120 29 anvisa
1009 2129 47 28 ett
1075 2129 355 38 reservationsanslag
1450 2138 42 19 av
1511 2129 18 28 2
1546 2129 61 29 780
1622 2129 62 29 000
1705 2130 71 28 kr.>

336 2234 36 34 4)
393 2235 57 28 vid
465 2234 157 39 punkten
642 2235 60 28 154
725 2235 191 39 (Frivilliga
934 2235 354 39 sjukvårdsväsendet
1307 2236 10 29 i
1334 2236 76 39 krig)
1450 2245 42 20 av
1508 2236 121 29 herrar
1649 2235 127 40 Virgin,

294 2288 174 36 Ottosson,
492 2288 203 35 Wallmark,
716 2288 157 29 Bohman
895 2289 63 29 och
977 2289 195 35 Petersson,
1193 2290 93 28 vilka
1306 2291 113 28 ansett
1440 2292 50 27 att
1510 2290 170 29 utskottet
1700 2291 77 28 bort

292 2342 176 40 tillstyrka
490 2343 218 28 motionerna
731 2342 106 29 I1:674
859 2343 64 29 och
947 2343 43 28 II:
1006 2343 73 33 489,
1102 2343 9 28 i
1133 2343 65 29 vad
1221 2343 40 29 de
1284 2352 98 20 avser
1404 2344 372 38 medelsanvisningen,

293 2396 64 29 och
372 2398 49 27 att
436 2397 119 28 därför
569 2397 188 28 utskottets
772 2396 209 29 hemställan
995 2397 75 29 bort
1085 2397 44 29 ha
1144 2397 156 39 följande
1315 2397 144 39 lydelse:

608 2452 69 28 »att
704 2450 187 38 riksdagen
919 2450 67 33 må,
1014 2450 10 29 i
1053 2450 187 39 anledning
1269 2460 41 20 av
1339 2451 124 38 Kungl.
1493 2451 123 39 Maj:ts
1647 2451 129 39 förslag

557 2506 90 27 samt
674 2504 79 29 med
779 2504 98 29 bifall
905 2504 51 29 till
985 2504 218 29 motionerna
1231 2504 28 29 I:
1276 2504 62 29 674
1366 2505 64 28 och
1460 2505 44 28 II:
1521 2505 72 34 489,
1624 2506 153 29 nämnda
