1920 2845
293 199 19 30 6
657 197 286 31 Statsutskottets
965 198 178 31 utlåtande
1164 208 43 21 nr
1228 199 18 30 4
1266 199 39 30 år
1328 199 83 31 1967

555 289 103 20 m.m.
682 280 54 29 för
757 280 204 39 budgetåret
986 280 139 32 1967/68
1148 281 120 30 anvisa
1290 283 48 28 ett
1360 281 355 41 reservationsanslag
1738 291 42 21 av

563 334 92 30 1950
670 334 62 30 000
754 335 51 29 kr.

340 443 96 34 32:0)
463 444 231 31 Hemvärnet:
717 445 235 39 Tygmateriel
972 457 48 19 m.
1035 457 47 19 m.
1105 444 13 29 I
1141 444 152 39 enlighet
1314 445 79 29 med
1415 445 125 39 Kungl.
1563 445 124 39 Maj:ts
1710 445 69 29 för-

294 498 73 39 slag
392 498 129 39 (punkt
542 499 25 28 B
588 498 51 34 35,
661 508 25 20 s.
708 499 41 29 48
770 499 64 29 och
855 498 74 35 49),
949 499 107 30 vilket
1076 499 145 31 innebär
1242 509 42 20 en
1306 500 130 39 ökning
1457 510 41 20 av
1520 501 155 39 anslaget
1697 500 78 30 med

296 552 64 30 200
374 552 62 30 000
454 553 62 34 kr.,
536 553 201 30 hemställer
756 554 180 34 utskottet,

604 609 50 28 att
680 608 187 39 riksdagen
896 608 56 29 må
979 608 52 29 till
1059 609 228 29 Hemvärnet:
1317 609 230 40 Tygmateriel
1574 619 44 20 m.
1647 619 45 20 m.
1723 610 54 29 för

560 662 202 39 budgetåret
789 662 139 34 1967/68
951 663 120 29 anvisa
1094 665 47 27 ett
1163 664 356 39 reservationsanslag
1541 674 41 20 av
1604 665 17 29 5
1637 664 62 30 600
1714 664 62 30 000

560 717 51 29 kr.

950 829 172 35 Marinen

341 931 96 35 33:0)
470 933 256 31 Marinstaben:
755 933 227 41 Avlöningar.
1013 933 12 29 I
1053 934 151 39 enlighet
1233 934 79 29 med
1341 934 124 39 Kungl.
1495 934 123 40 Maj:ts
1647 934 130 39 förslag

299 985 129 39 (punkt
444 986 23 29 C
485 986 26 34 1,
527 996 25 20 s.
568 986 40 30 50
625 987 63 29 och
704 987 73 33 51),
793 987 106 30 vilket
914 988 145 29 innebär
1075 998 41 19 en
1133 988 130 39 ökning
1279 999 41 19 av
1336 989 155 39 anslaget
1507 989 78 29 med
1605 989 93 30 1500
1713 989 62 30 000

295 1039 62 34 kr.,
380 1040 201 30 hemställer
606 1041 179 33 utskottet,

604 1096 49 28 att
676 1095 187 39 riksdagen
887 1095 57 30 må
967 1096 51 29 till
1041 1096 254 30 Marinstaben:
1320 1096 213 40 Avlöningar
1556 1097 54 29 för
1635 1097 142 40 budget-

558 1148 73 29 året
655 1149 139 33 1967/68
816 1150 120 29 anvisa
957 1151 47 27 ett
1026 1150 271 39 förslagsanslag
1319 1161 41 19 av
1384 1151 37 29 10
1435 1151 62 29 000
1513 1151 61 29 000
1597 1152 51 29 kr.

339 1259 97 34 34:0)
463 1260 256 31 Marinstaben:
744 1260 273 31 Omkostnader.
1042 1259 12 28 I
1076 1259 151 39 enlighet
1250 1259 79 29 med
1351 1259 125 39 Kungl.
1499 1259 124 39 Maj:ts
1647 1259 130 39 förslag

298 1313 130 39 (punkt
450 1313 24 30 C
496 1314 29 33 2,
548 1323 25 20 s.
596 1313 73 34 51),
692 1314 106 29 vilket
820 1313 145 30 innebär
988 1322 42 20 en
1053 1314 130 38 ökning
1206 1323 41 20 av
1269 1314 155 39 anslaget
1448 1314 78 28 med
1551 1314 60 29 780
1626 1313 62 30 000
1712 1314 63 33 kr.,

293 1367 201 29 hemställer
519 1367 180 33 utskottet,

603 1422 50 28 att
677 1421 188 38 riksdagen
890 1420 56 30 må
970 1421 52 29 till
1047 1420 254 30 Marinstaben:
1328 1420 257 30 Omkostnader
1611 1421 54 29 för
1691 1421 85 29 bud-

558 1474 130 39 getåret
715 1474 139 34 1967/68
879 1474 121 30 anvisa
1024 1476 47 28 ett
1096 1474 272 40 förslagsanslag
1393 1485 42 20 av
1461 1475 94 29 1750
1569 1475 61 29 000
1656 1476 51 28 kr.

340 1582 96 33 32:0)
458 1583 178 30 Marinen:
655 1583 326 40 Reseersättningar
997 1595 46 19 m.
1060 1595 46 19 m.
1127 1583 12 28 I
1158 1583 151 39 enlighet
1326 1583 78 29 med
1423 1583 124 39 Kungl.
1566 1583 123 39 Maj:ts
1709 1583 68 29 för-

293 1636 73 38 slag
394 1635 129 40 (punkt
546 1636 23 29 C
592 1637 28 32 6,
644 1645 24 20 s.
692 1636 40 29 52
756 1636 64 29 och
843 1636 73 34 53),
939 1637 106 29 vilket
1068 1636 144 30 innebär
1235 1646 42 20 en
1301 1637 130 39 ökning
1453 1647 41 19 av
1518 1638 155 38 anslaget
1697 1638 78 28 med

293 1689 61 29 325
370 1689 62 30 000
455 1690 62 33 kr.,
541 1690 201 30 hemställer
765 1691 180 33 utskottet,

602 1745 50 28 att
675 1743 187 39 riksdagen
885 1743 56 30 må
964 1744 50 29 till
1037 1744 174 29 Marinen:
1235 1745 325 39 Reseersättningar
1583 1754 44 20 m.
1652 1754 45 20 m.
1722 1745 53 30 för

557 1797 204 39 budgetåret
787 1797 140 33 1967/68
951 1798 120 29 anvisa
1094 1800 48 27 ett
1166 1798 272 40 förslagsanslag
1461 1808 43 20 av
1526 1799 17 29 3
1558 1799 62 29 440
1635 1799 62 29 000
1723 1800 51 28 kr.

338 1908 97 34 36:0)
457 1909 178 31 Marinen:
652 1908 456 40 Rekryteringskostnader.
1128 1907 12 29 I
1159 1907 151 38 enlighet
1327 1907 78 29 med
1424 1907 124 38 Kungl.
1566 1906 124 39 Maj:ts
1709 1906 68 30 för-

293 1963 73 37 slag
393 1962 130 39 (punkt
546 1962 24 30 C
593 1963 28 32 7,
645 1972 25 19 s.
694 1962 73 34 53),
790 1962 107 29 vilket
919 1961 146 30 innebär
1089 1971 39 20 en
1154 1962 131 38 ökning
1308 1971 42 20 av
1373 1962 156 39 anslaget
1553 1962 79 29 med
1657 1961 39 30 30
1712 1961 62 30 000

291 2016 64 34 kr.,
379 2016 201 29 hemställer
607 2016 180 33 utskottet,

601 2071 50 28 att
677 2069 188 39 riksdagen
891 2069 57 29 må
973 2069 52 29 till
1050 2069 175 29 Marinen:
1252 2069 441 39 Rekryteringskostnader
1721 2070 53 28 för

557 2123 203 38 budgetåret
791 2123 140 33 1967/68
959 2123 120 29 anvisa
1107 2125 47 27 ett
1182 2124 355 38 reservationsanslag
1565 2133 41 20 av
1634 2123 62 30 380
1712 2123 61 29 000

557 2177 51 31 kr.

337 2284 98 34 37:0)
470 2285 178 32 Marinen:
680 2285 148 31 Bränsle
857 2296 47 19 m.
920 2296 46 19 m.
1000 2284 12 28 I
1043 2284 150 39 enlighet
1226 2284 77 29 med
1335 2284 124 39 Kungl.
1490 2284 124 39 Maj:ts
1646 2284 130 39 förslag

296 2338 131 39 (punkt
444 2338 23 30 C
484 2338 29 34 8,
531 2348 25 19 s.
575 2338 40 30 53
634 2339 64 28 och
716 2338 73 34 54),
807 2338 106 30 vilket
930 2338 145 30 innebär
1093 2347 42 20 en
1154 2338 130 39 ökning
1302 2348 42 20 av
1362 2339 156 38 anslaget
1537 2339 78 29 med
1634 2338 62 30 400
1711 2338 62 30 000

291 2392 63 33 kr.,
383 2392 201 30 hemställer
614 2393 180 32 utskottet,

601 2447 49 28 att
675 2446 188 39 riksdagen
888 2445 57 30 må
970 2446 52 29 till
1047 2445 175 30 Marinen:
1249 2446 144 29 Bränsle
1420 2455 103 20 m.m.
1551 2446 54 30 för
1632 2446 142 40 budget-

557 2499 72 30 året
652 2499 140 34 1967/68
812 2499 121 30 anvisa
954 2501 47 28 ett
1022 2499 273 39 förslagsanslag
1316 2509 41 20 av
1378 2499 94 30 8400
1488 2499 61 30 000
1571 2501 52 28 kr.
