1860 2778
254 155 41 30 20
667 158 285 31 Statsutskottets
978 160 180 30 utlåtande
1183 170 43 20 nr
1251 163 71 30 114.

255 234 50 29 till
333 235 500 41 rekryteringssvårigheterna
861 239 73 30 kan
961 240 105 31 också
1095 241 180 36 motivera,
1304 245 51 28 att
1384 253 44 21 en
1458 245 108 30 sådan
1596 242 145 48 uppdel-

255 287 81 39 ning
361 297 42 20 av
427 289 538 43 ordningsstatspolisavdelning
990 293 10 29 i
1024 293 93 31 vissa
1144 295 61 30 fall
1230 295 159 31 kommer
1415 297 52 30 till
1493 298 114 31 stånd.
1633 299 107 30 Preli-

254 339 134 31 minära
411 342 265 39 överväganden
699 345 64 28 har
787 345 61 30 lett
872 345 387 39 departementschefen
1284 349 49 30 till
1359 350 59 29 det
1442 352 222 38 antagandet,
1689 354 51 28 att

254 393 218 31 återstående
505 397 168 37 patruller
708 397 61 29 bör
802 399 156 38 placeras
992 400 11 29 i
1037 401 213 35 Stockholm,
1285 402 208 41 Linköping,
1527 405 212 40 Jönköping,

253 446 121 39 Växjö,
406 448 242 40 Hälsingborg,
681 450 138 35 Malmö,
851 451 119 36 Borås,
1003 453 174 35 Karlstad,
1210 454 139 35 Örebro,
1382 457 123 34 Falun,
1538 458 104 30 Gävle
1674 459 64 30 och

254 499 184 31 Sundsvall
463 505 90 27 samt
578 502 118 31 Luleå.
721 504 201 32 Emellertid
948 507 261 40 understrykes,
1234 511 49 27 att
1309 510 67 29 den
1401 520 43 20 av
1467 507 275 49 departements-

253 552 123 31 chefen
397 554 64 30 här
480 556 152 31 nämnda
655 556 244 41 fördelningen
920 559 75 30 icke
1015 560 54 30 får
1091 570 103 22 anses
1217 570 74 21 som
1311 563 163 31 definitiv
1495 565 63 29 och
1581 567 51 28 att
1654 566 86 30 även

253 614 116 22 annan
386 607 319 40 förläggningsstad
722 611 61 30 bör
798 612 121 31 kunna
936 613 141 30 komma
1094 615 10 29 i
1123 615 109 39 fråga.
1250 616 63 30 Det
1330 617 149 30 föreslås
1497 618 35 29 få
1550 619 190 30 ankomma

252 659 44 38 på
313 659 126 40 Kungl.
457 661 106 39 Maj:t
580 665 49 28 att
648 663 91 31 fatta
756 664 112 32 beslut
886 666 11 29 i
915 667 117 29 ämnet
1049 668 89 29 efter
1156 670 42 28 de
1217 669 200 40 ytterligare
1436 671 304 40 undersökningar

251 712 63 28 och
339 712 273 39 överväganden,
640 725 76 20 som
741 716 385 40 departementschefen
1152 730 98 21 avser
1276 724 51 28 att
1352 723 72 30 låta
1451 724 165 39 företaga.
1644 724 94 31 Även

253 764 243 41 fördelningen
529 777 41 20 av
603 768 312 41 befälstjänsterna
949 781 100 22 anses
1083 774 125 30 därvid
1242 775 82 30 böra
1358 776 144 30 komma
1536 777 112 30 under
1682 778 57 29 be-

250 817 182 31 dömande.

293 870 52 30 En
367 871 277 42 effektivisering
668 884 43 21 av
733 876 266 32 verksamheten
1019 879 58 30 vid
1099 879 43 31 de
1165 879 95 32 olika
1281 878 456 49 stalspolisavdelningarna

250 923 11 29 i
282 923 97 40 fråga
401 933 59 21 om
480 926 390 42 trafikövervakningen
892 930 65 30 har
978 934 132 28 ansetts
1131 933 141 39 påkalla
1293 943 42 21 en
1356 934 72 30 viss
1450 936 224 40 omläggning
1697 946 41 21 av

249 976 66 30 den
337 978 257 31 samordnande
616 981 232 36 verksamhet,
872 992 76 21 som
970 985 258 31 omhänderhas
1252 996 41 21 av
1317 988 420 39 statspolisintendenten.

251 1029 11 29 I
284 1030 186 31 huvudsak
491 1032 63 30 har
575 1033 115 31 denna
712 1034 123 31 hittills
856 1037 91 30 varit
968 1037 153 31 inriktad
1144 1039 45 39 på
1211 1041 50 29 att
1281 1040 119 31 lämna
1423 1041 179 31 allmänna
1623 1043 115 30 anvis-

250 1082 122 40 ningar
399 1085 149 30 rörande
575 1087 300 40 övervakningens
903 1090 220 31 bedrivande.
1154 1092 14 29 I
1196 1092 231 40 utredningen
1455 1094 66 30 har
1548 1104 48 21 nu
1626 1095 112 30 förut-

250 1138 96 33 satts,
372 1139 51 28 att
450 1138 391 42 trafikövervakningen
867 1142 90 30 skall
983 1143 204 41 planläggas
1213 1145 74 31 icke
1312 1146 88 30 blott
1429 1147 54 30 för
1508 1147 41 30 de
1576 1148 161 30 enskilda

249 1189 272 40 avdelningarna
539 1201 61 21 var
621 1193 55 30 för
696 1193 51 39 sig
765 1196 85 28 utan
870 1196 88 29 även
976 1197 11 29 i
1006 1199 48 27 ett
1075 1198 112 29 större
1208 1200 266 39 sammanhang,
1494 1201 120 30 varvid
1634 1203 103 29 stats-

248 1242 317 39 polisintendenten
595 1246 113 30 skulle
737 1248 62 38 äga
827 1257 44 20 en
899 1248 71 31 viss
998 1249 222 32 direktivrätt
1248 1252 11 30 i
1287 1252 221 31 förhållande
1536 1254 53 30 till
1618 1255 119 30 veder-

248 1295 152 31 börande
420 1297 216 40 landsfogde.
658 1300 50 29 På
727 1302 383 39 centralmyndigheten
1130 1305 107 30 borde
1259 1307 86 29 även
1365 1307 191 30 ankomma
1577 1310 52 28 att
1649 1308 86 30 kon-

248 1348 178 40 tinuerligt
450 1350 45 30 ha
519 1353 47 28 ett
589 1353 87 29 nära
699 1354 65 29 och
789 1354 282 32 förtroendefullt
1096 1358 194 30 samarbete
1315 1359 80 30 med
1419 1359 42 30 de
1485 1360 250 35 institutioner,

247 1402 276 38 organisationer
547 1405 64 29 och
635 1407 370 40 sammanslutningar,
1029 1419 78 20 vars
1132 1411 222 31 verksamhet
1378 1413 46 39 på
1446 1415 49 28 ett
1520 1414 83 29 eller
1627 1417 108 27 annat

248 1455 67 29 sätt
343 1455 63 30 har
434 1456 161 40 beröring
622 1459 82 29 med
729 1460 422 41 trafiksäkerhetsfrågor.
1180 1464 136 30 Jämväl
1344 1465 94 31 vissa
1466 1466 155 30 taktiska
1649 1476 87 31 upp-

247 1507 102 39 gifter
370 1518 81 21 vore
474 1510 201 39 angelägna.
698 1512 13 29 I
734 1513 168 30 samband
924 1515 78 29 med
1024 1516 190 31 utövandet
1236 1527 41 20 av
1298 1517 166 40 tillsynen
1485 1520 79 29 över
1587 1523 51 27 att
1659 1530 77 30 per-

247 1562 96 29 sonal
366 1562 65 29 och
454 1564 156 30 materiel
633 1565 162 31 effektivt
817 1568 175 39 utnyttjas
1015 1569 106 30 borde
1145 1571 408 39 statspolisintendenten
1577 1574 64 38 äga
1665 1575 70 28 rätt

246 1616 50 27 att
314 1615 159 30 meddela
493 1616 222 32 föreskrifter
733 1629 56 19 om
807 1620 41 29 de
868 1621 94 29 olika
980 1622 292 40 avdelningarnas
1291 1625 224 30 verksamhet
1533 1627 65 29 och
1617 1636 118 30 perso-

246 1667 121 30 nalens
385 1668 244 41 tjänstgöring.
650 1672 412 40 Statspolisintendenten
1080 1676 148 30 föreslås
1247 1679 86 28 även
1351 1678 36 30 få
1405 1680 69 28 rätt
1492 1681 49 28 att
1559 1680 65 30 hos
1642 1681 92 29 läns-

247 1722 142 37 styrelse
415 1722 118 39 påtala
557 1724 126 30 brister
711 1725 11 29 i
747 1726 230 31 förenämnda
1003 1729 234 31 hänseenden.
1264 1731 52 29 En
1343 1732 241 40 förstärkning
1612 1743 42 20 av
1681 1734 52 29 till

245 1774 129 30 dennes
401 1775 205 40 förfogande
636 1778 103 30 ställd
768 1781 161 37 personal
956 1781 63 29 har
1044 1782 81 29 med
1152 1783 136 40 hänsyn
1317 1784 119 30 härtill
1465 1788 132 28 ansetts
1625 1786 109 30 erfor-

245 1827 107 39 derlig
372 1829 65 28 och
459 1829 11 29 i
489 1830 169 30 samband
679 1831 143 31 därmed
843 1833 64 29 har
928 1834 359 40 utredningsmannen
1308 1837 133 39 jämväl
1462 1839 180 39 föreslagit
1661 1840 71 29 viss

244 1882 451 38 omorganisation,
741 1894 96 20 som
882 1886 144 30 berör
1071 1890 661 39 statspolisintendentens

245 1934 242 40 ställning
533 1937 86 28 och
666 1938 459 41 arbetsuppgifter.
1173 1943 344 40 Personalökningen
1553 1954 100 21 avser
1689 1955 42 20 en

243 1987 404 41 polisintendentstjänst
673 1990 11 29 i
710 1991 39 29 37
774 1991 219 39 lönegraden,
1018 2003 43 20 en
1087 1994 424 41 trafikinspektörstjänst
1536 1998 11 29 i
1572 1998 38 29 31
1639 1999 94 29 löne-

243 2040 139 38 graden,
403 2050 44 20 en
468 2042 339 40 polisnotarietjänst
827 2045 10 29 i
861 2045 40 29 27
924 2046 209 38 lönegraden
1154 2048 65 29 och
1241 2058 42 20 en
1305 2049 266 40 biträdestjänst
1593 2052 10 28 i
1625 2052 108 39 regle-

243 2093 62 29 rad
333 2094 322 41 befordringsgång.
688 2096 73 30 Den
791 2098 154 30 centrala
975 2099 283 39 organisationen
1287 2102 63 29 har
1382 2103 174 39 därjämte
1587 2105 10 29 i
1629 2107 103 28 stats-

243 2146 335 38 polisintendentens
610 2150 163 38 yttrande
805 2152 80 28 över
918 2152 231 39 utredningen
1181 2154 196 40 föreslagits
1412 2157 130 29 utökad
1575 2158 80 29 med
1688 2167 43 20 en

241 2199 139 30 kamrer
403 2201 10 28 i
438 2201 39 29 27
503 2201 210 39 lönegraden
736 2203 63 29 och
822 2213 42 20 en
888 2204 123 31 kassör
1034 2206 11 28 i
1071 2207 39 29 19
1135 2207 219 39 lönegraden.

284 2253 66 29 För
379 2261 86 31 egen
494 2255 54 29 del
578 2255 204 31 framhåller
811 2257 387 39 departementschefen
1228 2261 166 38 följande.
1425 2262 75 30 Den
1530 2264 199 40 föreslagna

242 2306 245 39 utbyggnaden
508 2317 42 20 av
569 2308 377 39 polisorganisationen
966 2312 63 29 bar
1050 2312 53 30 till
1126 2314 91 39 syfte
1240 2316 49 28 att
1311 2315 208 39 möjliggöra
1540 2326 44 20 en
1606 2318 122 39 skärpt

241 2359 355 41 trafikövervakning.
624 2361 151 31 Givetvis
801 2364 38 28 är
866 2364 59 30 det
951 2365 189 39 angeläget,
1169 2369 50 27 att
1246 2367 113 31 denna
1386 2369 224 30 verksamhet
1638 2380 91 20 sam-

240 2412 127 30 ordnas
394 2414 66 29 och
489 2416 50 28 att
565 2415 150 30 kontakt
743 2416 220 40 fortlöpande
990 2419 255 39 upprätthålles
1273 2421 142 30 särskilt
1444 2423 128 29 mellan
1600 2419 129 47 närlig-

239 2466 109 37 gande
375 2467 68 29 Jän.
471 2467 397 40 Genomgångstrafiken
894 2471 44 39 på
964 2472 349 40 rikshuvudvägarna
1339 2475 63 29 bör
1429 2476 75 30 icke
1529 2476 198 40 onödigtvis
