<?xml version="1.0" encoding="UTF-8"?>
<alto xmlns="http://www.loc.gov/standards/alto/ns-v3#" xmlns:xlink="http://www.w3.org/1999/xlink" xmlns:xsi="http://www.w3.org/2001/XMLSchema-instance" xsi:schemaLocation="http://www.loc.gov/standards/alto/ns-v3# http://www.loc.gov/alto/v3/alto-3-0.xsd">
	<Description>
		<MeasurementUnit>pixel</MeasurementUnit>
		<sourceImageInformation>
			<fileName>/tmp/tess__braqypj_input.PNG</fileName>
		</sourceImageInformation>
		<OCRProcessing ID="OCR_0">
			<ocrProcessingStep>
				<processingSoftware>
					<softwareName>tesseract 5.3.0</softwareName>
				</processingSoftware>
			</ocrProcessingStep>
		</OCRProcessing>
	</Description>
	<Layout>
		<Page WIDTH="1928" HEIGHT="2858" PHYSICAL_IMG_NR="0" ID="page_0">
			<PrintSpace HPOS="0" VPOS="0" WIDTH="1928" HEIGHT="2858">
				<ComposedBlock ID="cblock_0" HPOS="542" VPOS="168" WIDTH="1052" HEIGHT="45">
					<TextBlock ID="block_0" HPOS="542" VPOS="168" WIDTH="1052" HEIGHT="45">
						<TextLine ID="line_0" HPOS="542" VPOS="168" WIDTH="1052" HEIGHT="45">
							<String ID="string_0" HPOS="542" VPOS="177" WIDTH="106" HEIGHT="30" WC="0.93" CONTENT="Första"/><SP WIDTH="25" VPOS="177" HPOS="648"/>
							<String ID="string_1" HPOS="673" VPOS="175" WIDTH="192" HEIGHT="38" WC="0.92" CONTENT="lagutskottets"/><SP WIDTH="22" VPOS="175" HPOS="865"/>
							<String ID="string_2" HPOS="887" VPOS="173" WIDTH="148" HEIGHT="30" WC="0.95" CONTENT="utlåtande"/><SP WIDTH="24" VPOS="173" HPOS="1035"/>
							<String ID="string_3" HPOS="1059" VPOS="172" WIDTH="46" HEIGHT="29" WC="0.96" CONTENT="Nr"/><SP WIDTH="25" VPOS="172" HPOS="1105"/>
							<String ID="string_4" HPOS="1130" VPOS="172" WIDTH="39" HEIGHT="29" WC="0.96" CONTENT="30"/><SP WIDTH="413" VPOS="172" HPOS="1169"/>
							<String ID="string_5" HPOS="1582" VPOS="168" WIDTH="12" HEIGHT="30" WC="0.96" CONTENT="1"/>
						</TextLine>
					</TextBlock>
				</ComposedBlock>
				<ComposedBlock ID="cblock_1" HPOS="691" VPOS="553" WIDTH="912" HEIGHT="157">
					<TextBlock ID="block_1" HPOS="691" VPOS="553" WIDTH="912" HEIGHT="157">
						<TextLine ID="line_1" HPOS="782" VPOS="553" WIDTH="147" HEIGHT="41">
							<String ID="string_6" HPOS="782" VPOS="554" WIDTH="58" HEIGHT="40" WC="0.96" CONTENT="Nr"/><SP WIDTH="24" VPOS="554" HPOS="840"/>
							<String ID="string_7" HPOS="864" VPOS="553" WIDTH="65" HEIGHT="40" WC="0.96" CONTENT="30."/>
						</TextLine>
						<TextLine ID="line_2" HPOS="691" VPOS="672" WIDTH="912" HEIGHT="38">
							<String ID="string_8" HPOS="691" VPOS="679" WIDTH="105" HEIGHT="26" WC="0.96" CONTENT="Ankom"/><SP WIDTH="19" VPOS="679" HPOS="796"/>
							<String ID="string_9" HPOS="815" VPOS="678" WIDTH="44" HEIGHT="26" WC="0.96" CONTENT="till"/><SP WIDTH="19" VPOS="678" HPOS="859"/>
							<String ID="string_10" HPOS="878" VPOS="676" WIDTH="156" HEIGHT="34" WC="0.96" CONTENT="riksdagens"/><SP WIDTH="20" VPOS="676" HPOS="1034"/>
							<String ID="string_11" HPOS="1054" VPOS="675" WIDTH="88" HEIGHT="26" WC="0.96" CONTENT="kansli"/><SP WIDTH="20" VPOS="675" HPOS="1142"/>
							<String ID="string_12" HPOS="1162" VPOS="674" WIDTH="50" HEIGHT="26" WC="0.96" CONTENT="den"/><SP WIDTH="20" VPOS="674" HPOS="1212"/>
							<String ID="string_13" HPOS="1232" VPOS="675" WIDTH="15" HEIGHT="24" WC="0.97" CONTENT="5"/><SP WIDTH="21" VPOS="675" HPOS="1247"/>
							<String ID="string_14" HPOS="1268" VPOS="673" WIDTH="52" HEIGHT="33" WC="0.95" CONTENT="maj"/><SP WIDTH="23" VPOS="673" HPOS="1320"/>
							<String ID="string_15" HPOS="1343" VPOS="674" WIDTH="68" HEIGHT="24" WC="0.96" CONTENT="1924"/><SP WIDTH="21" VPOS="674" HPOS="1411"/>
							<String ID="string_16" HPOS="1432" VPOS="672" WIDTH="35" HEIGHT="26" WC="0.95" CONTENT="kl."/><SP WIDTH="22" VPOS="672" HPOS="1467"/>
							<String ID="string_17" HPOS="1489" VPOS="673" WIDTH="14" HEIGHT="23" WC="0.93" CONTENT="2"/><SP WIDTH="21" VPOS="673" HPOS="1503"/>
							<String ID="string_18" HPOS="1524" VPOS="680" WIDTH="21" HEIGHT="18" WC="0.87" CONTENT="e."/><SP WIDTH="21" VPOS="680" HPOS="1545"/>
							<String ID="string_19" HPOS="1566" VPOS="680" WIDTH="37" HEIGHT="17" WC="0.92" CONTENT="m."/>
						</TextLine>
					</TextBlock>
				</ComposedBlock>
				<ComposedBlock ID="cblock_2" HPOS="332" VPOS="780" WIDTH="1272" HEIGHT="102">
					<TextBlock ID="block_2" HPOS="332" VPOS="780" WIDTH="1272" HEIGHT="102">
						<TextLine ID="line_3" HPOS="332" VPOS="780" WIDTH="1272" HEIGHT="48">
							<String ID="string_20" HPOS="332" VPOS="790" WIDTH="168" HEIGHT="34" WC="0.95" CONTENT="Utlåtande"/><SP WIDTH="32" VPOS="790" HPOS="500"/>
							<String ID="string_21" HPOS="532" VPOS="789" WIDTH="13" HEIGHT="32" WC="0.96" CONTENT="i"/><SP WIDTH="28" VPOS="789" HPOS="545"/>
							<String ID="string_22" HPOS="573" VPOS="787" WIDTH="172" HEIGHT="41" WC="0.94" CONTENT="anledning"/><SP WIDTH="24" VPOS="787" HPOS="745"/>
							<String ID="string_23" HPOS="769" VPOS="797" WIDTH="40" HEIGHT="21" WC="0.95" CONTENT="av"/><SP WIDTH="24" VPOS="797" HPOS="809"/>
							<String ID="string_24" HPOS="833" VPOS="786" WIDTH="92" HEIGHT="32" WC="0.96" CONTENT="väckt"/><SP WIDTH="23" VPOS="786" HPOS="925"/>
							<String ID="string_25" HPOS="948" VPOS="784" WIDTH="118" HEIGHT="33" WC="0.96" CONTENT="motion"/><SP WIDTH="22" VPOS="784" HPOS="1066"/>
							<String ID="string_26" HPOS="1088" VPOS="783" WIDTH="70" HEIGHT="32" WC="0.96" CONTENT="med"/><SP WIDTH="15" VPOS="783" HPOS="1158"/>
							<String ID="string_27" HPOS="1173" VPOS="782" WIDTH="130" HEIGHT="41" WC="0.96" CONTENT="förslag"/><SP WIDTH="24" VPOS="782" HPOS="1303"/>
							<String ID="string_28" HPOS="1327" VPOS="781" WIDTH="49" HEIGHT="32" WC="0.96" CONTENT="till"/><SP WIDTH="23" VPOS="781" HPOS="1376"/>
							<String ID="string_29" HPOS="1399" VPOS="780" WIDTH="141" HEIGHT="40" WC="0.96" CONTENT="ändring"/><SP WIDTH="24" VPOS="780" HPOS="1540"/>
							<String ID="string_30" HPOS="1564" VPOS="789" WIDTH="40" HEIGHT="22" WC="0.96" CONTENT="av"/>
						</TextLine>
						<TextLine ID="line_4" HPOS="539" VPOS="839" WIDTH="485" HEIGHT="43">
							<String ID="string_31" HPOS="539" VPOS="844" WIDTH="45" HEIGHT="30" WC="0.95" CONTENT="25"/><SP WIDTH="25" VPOS="844" HPOS="584"/>
							<String ID="string_32" HPOS="609" VPOS="842" WIDTH="72" HEIGHT="40" WC="0.94" CONTENT="kap."/><SP WIDTH="28" VPOS="842" HPOS="681"/>
							<String ID="string_33" HPOS="709" VPOS="841" WIDTH="48" HEIGHT="32" WC="0.92" CONTENT="22"/><SP WIDTH="23" VPOS="841" HPOS="757"/>
							<String ID="string_34" HPOS="780" VPOS="839" WIDTH="22" HEIGHT="39" WC="0.92" CONTENT="$"/><SP WIDTH="23" VPOS="839" HPOS="802"/>
							<String ID="string_35" HPOS="825" VPOS="839" WIDTH="199" HEIGHT="40" WC="0.96" CONTENT="strafflagen."/>
						</TextLine>
					</TextBlock>
				</ComposedBlock>
				<ComposedBlock ID="cblock_3" HPOS="112" VPOS="940" WIDTH="1498" HEIGHT="742">
					<TextBlock ID="block_3" HPOS="112" VPOS="940" WIDTH="1493" HEIGHT="211">
						<TextLine ID="line_5" HPOS="157" VPOS="940" WIDTH="1446" HEIGHT="45">
							<String ID="string_36" HPOS="157" VPOS="953" WIDTH="52" HEIGHT="32" WC="0.96" CONTENT="Uti"/><SP WIDTH="36" VPOS="953" HPOS="209"/>
							<String ID="string_37" HPOS="245" VPOS="961" WIDTH="40" HEIGHT="22" WC="0.96" CONTENT="en"/><SP WIDTH="36" VPOS="961" HPOS="285"/>
							<String ID="string_38" HPOS="321" VPOS="952" WIDTH="88" HEIGHT="30" WC="0.96" CONTENT="inom"/><SP WIDTH="41" VPOS="952" HPOS="409"/>
							<String ID="string_39" HPOS="450" VPOS="949" WIDTH="104" HEIGHT="32" WC="0.96" CONTENT="andra"/><SP WIDTH="41" VPOS="949" HPOS="554"/>
							<String ID="string_40" HPOS="595" VPOS="949" WIDTH="193" HEIGHT="30" WC="0.96" CONTENT="kammaren"/><SP WIDTH="39" VPOS="949" HPOS="788"/>
							<String ID="string_41" HPOS="827" VPOS="945" WIDTH="107" HEIGHT="38" WC="0.95" CONTENT="väckt,"/><SP WIDTH="37" VPOS="945" HPOS="934"/>
							<String ID="string_42" HPOS="971" VPOS="944" WIDTH="48" HEIGHT="31" WC="0.93" CONTENT="till"/><SP WIDTH="42" VPOS="944" HPOS="1019"/>
							<String ID="string_43" HPOS="1061" VPOS="943" WIDTH="179" HEIGHT="40" WC="0.91" CONTENT="lagutskott"/><SP WIDTH="32" VPOS="943" HPOS="1240"/>
							<String ID="string_44" HPOS="1272" VPOS="941" WIDTH="162" HEIGHT="31" WC="0.96" CONTENT="hänvisad"/><SP WIDTH="34" VPOS="941" HPOS="1434"/>
							<String ID="string_45" HPOS="1468" VPOS="940" WIDTH="135" HEIGHT="37" WC="0.95" CONTENT="motion,"/>
						</TextLine>
						<TextLine ID="line_6" HPOS="112" VPOS="993" WIDTH="1492" HEIGHT="50">
							<String ID="string_46" HPOS="112" VPOS="1016" WIDTH="38" HEIGHT="22" WC="0.95" CONTENT="nr"/><SP WIDTH="25" VPOS="1016" HPOS="150"/>
							<String ID="string_47" HPOS="175" VPOS="1005" WIDTH="74" HEIGHT="38" WC="0.94" CONTENT="283,"/><SP WIDTH="26" VPOS="1005" HPOS="249"/>
							<String ID="string_48" HPOS="275" VPOS="1005" WIDTH="108" HEIGHT="31" WC="0.96" CONTENT="vilken"/><SP WIDTH="26" VPOS="1005" HPOS="383"/>
							<String ID="string_49" HPOS="409" VPOS="1002" WIDTH="195" HEIGHT="33" WC="0.96" CONTENT="behandlats"/><SP WIDTH="25" VPOS="1002" HPOS="604"/>
							<String ID="string_50" HPOS="629" VPOS="1011" WIDTH="41" HEIGHT="21" WC="0.96" CONTENT="av"/><SP WIDTH="24" VPOS="1011" HPOS="670"/>
							<String ID="string_51" HPOS="694" VPOS="1001" WIDTH="103" HEIGHT="31" WC="0.96" CONTENT="första"/><SP WIDTH="24" VPOS="1001" HPOS="797"/>
							<String ID="string_52" HPOS="821" VPOS="999" WIDTH="220" HEIGHT="40" WC="0.96" CONTENT="lagutskottet,"/><SP WIDTH="26" VPOS="999" HPOS="1041"/>
							<String ID="string_53" HPOS="1067" VPOS="997" WIDTH="60" HEIGHT="31" WC="0.96" CONTENT="har"/><SP WIDTH="24" VPOS="997" HPOS="1127"/>
							<String ID="string_54" HPOS="1151" VPOS="997" WIDTH="76" HEIGHT="30" WC="0.96" CONTENT="herr"/><SP WIDTH="21" VPOS="997" HPOS="1227"/>
							<String ID="string_55" HPOS="1248" VPOS="995" WIDTH="166" HEIGHT="31" WC="0.90" CONTENT="Knutsson"/><SP WIDTH="16" VPOS="995" HPOS="1414"/>
							<String ID="string_56" HPOS="1430" VPOS="993" WIDTH="174" HEIGHT="38" WC="0.92" CONTENT="hemställt,"/>
						</TextLine>
						<TextLine ID="line_7" HPOS="112" VPOS="1046" WIDTH="1493" HEIGHT="52">
							<String ID="string_57" HPOS="112" VPOS="1063" WIDTH="47" HEIGHT="28" WC="0.95" CONTENT="att"/><SP WIDTH="34" VPOS="1063" HPOS="159"/>
							<String ID="string_58" HPOS="193" VPOS="1058" WIDTH="176" HEIGHT="40" WC="0.96" CONTENT="riksdagen"/><SP WIDTH="36" VPOS="1058" HPOS="369"/>
							<String ID="string_59" HPOS="405" VPOS="1056" WIDTH="99" HEIGHT="32" WC="0.95" CONTENT="måtte"/><SP WIDTH="36" VPOS="1056" HPOS="504"/>
							<String ID="string_60" HPOS="540" VPOS="1056" WIDTH="51" HEIGHT="31" WC="0.96" CONTENT="för"/><SP WIDTH="29" VPOS="1056" HPOS="591"/>
							<String ID="string_61" HPOS="620" VPOS="1055" WIDTH="51" HEIGHT="31" WC="0.96" CONTENT="sin"/><SP WIDTH="26" VPOS="1055" HPOS="671"/>
							<String ID="string_62" HPOS="697" VPOS="1054" WIDTH="52" HEIGHT="31" WC="0.96" CONTENT="del"/><SP WIDTH="24" VPOS="1054" HPOS="749"/>
							<String ID="string_63" HPOS="773" VPOS="1053" WIDTH="139" HEIGHT="37" WC="0.96" CONTENT="besluta,"/><SP WIDTH="26" VPOS="1053" HPOS="912"/>
							<String ID="string_64" HPOS="938" VPOS="1055" WIDTH="46" HEIGHT="28" WC="0.96" CONTENT="att"/><SP WIDTH="24" VPOS="1055" HPOS="984"/>
							<String ID="string_65" HPOS="1008" VPOS="1050" WIDTH="41" HEIGHT="32" WC="0.95" CONTENT="25"/><SP WIDTH="26" VPOS="1050" HPOS="1049"/>
							<String ID="string_66" HPOS="1075" VPOS="1051" WIDTH="74" HEIGHT="39" WC="0.95" CONTENT="kap."/><SP WIDTH="27" VPOS="1051" HPOS="1149"/>
							<String ID="string_67" HPOS="1176" VPOS="1049" WIDTH="42" HEIGHT="31" WC="0.96" CONTENT="22"/><SP WIDTH="24" VPOS="1049" HPOS="1218"/>
							<String ID="string_68" HPOS="1242" VPOS="1046" WIDTH="21" HEIGHT="42" WC="0.66" CONTENT="&amp;"/><SP WIDTH="24" VPOS="1046" HPOS="1263"/>
							<String ID="string_69" HPOS="1287" VPOS="1048" WIDTH="188" HEIGHT="39" WC="0.95" CONTENT="strafflagen"/><SP WIDTH="25" VPOS="1048" HPOS="1475"/>
							<String ID="string_70" HPOS="1500" VPOS="1047" WIDTH="105" HEIGHT="31" WC="0.96" CONTENT="skulle"/>
						</TextLine>
						<TextLine ID="line_8" HPOS="112" VPOS="1108" WIDTH="632" HEIGHT="43">
							<String ID="string_71" HPOS="112" VPOS="1112" WIDTH="127" HEIGHT="33" WC="0.95" CONTENT="erhålla"/><SP WIDTH="25" VPOS="1112" HPOS="239"/>
							<String ID="string_72" HPOS="264" VPOS="1111" WIDTH="145" HEIGHT="40" WC="0.96" CONTENT="följande"/><SP WIDTH="25" VPOS="1111" HPOS="409"/>
							<String ID="string_73" HPOS="434" VPOS="1109" WIDTH="146" HEIGHT="32" WC="0.96" CONTENT="ändrade"/><SP WIDTH="25" VPOS="1109" HPOS="580"/>
							<String ID="string_74" HPOS="605" VPOS="1108" WIDTH="139" HEIGHT="41" WC="0.96" CONTENT="lydelse:"/>
						</TextLine>
					</TextBlock>
					<TextBlock ID="block_4" HPOS="113" VPOS="1156" WIDTH="1495" HEIGHT="261">
						<TextLine ID="line_9" HPOS="161" VPOS="1156" WIDTH="1445" HEIGHT="43">
							<String ID="string_75" HPOS="161" VPOS="1166" WIDTH="91" HEIGHT="32" WC="0.90" CONTENT="»Vad"/><SP WIDTH="36" VPOS="1166" HPOS="252"/>
							<String ID="string_76" HPOS="288" VPOS="1175" WIDTH="53" HEIGHT="21" WC="0.96" CONTENT="om"/><SP WIDTH="36" VPOS="1175" HPOS="341"/>
							<String ID="string_77" HPOS="377" VPOS="1167" WIDTH="123" HEIGHT="28" WC="0.95" CONTENT="statens"/><SP WIDTH="31" VPOS="1167" HPOS="500"/>
							<String ID="string_78" HPOS="531" VPOS="1162" WIDTH="205" HEIGHT="32" WC="0.96" CONTENT="ämbetsmän"/><SP WIDTH="25" VPOS="1162" HPOS="736"/>
							<String ID="string_79" HPOS="761" VPOS="1161" WIDTH="60" HEIGHT="30" WC="0.96" CONTENT="här"/><SP WIDTH="24" VPOS="1161" HPOS="821"/>
							<String ID="string_80" HPOS="845" VPOS="1159" WIDTH="129" HEIGHT="40" WC="0.96" CONTENT="stadgat"/><SP WIDTH="24" VPOS="1159" HPOS="974"/>
							<String ID="string_81" HPOS="998" VPOS="1160" WIDTH="45" HEIGHT="36" WC="0.93" CONTENT="är,"/><SP WIDTH="25" VPOS="1160" HPOS="1043"/>
							<String ID="string_82" HPOS="1068" VPOS="1157" WIDTH="84" HEIGHT="41" WC="0.90" CONTENT="gälle"/><SP WIDTH="25" VPOS="1157" HPOS="1152"/>
							<String ID="string_83" HPOS="1177" VPOS="1157" WIDTH="62" HEIGHT="31" WC="0.96" CONTENT="ock"/><SP WIDTH="25" VPOS="1157" HPOS="1239"/>
							<String ID="string_84" HPOS="1264" VPOS="1166" WIDTH="53" HEIGHT="21" WC="0.96" CONTENT="om"/><SP WIDTH="26" VPOS="1166" HPOS="1317"/>
							<String ID="string_85" HPOS="1343" VPOS="1156" WIDTH="84" HEIGHT="37" WC="0.96" CONTENT="dem,"/><SP WIDTH="25" VPOS="1156" HPOS="1427"/>
							<String ID="string_86" HPOS="1452" VPOS="1164" WIDTH="71" HEIGHT="22" WC="0.96" CONTENT="som"/><SP WIDTH="26" VPOS="1164" HPOS="1523"/>
							<String ID="string_87" HPOS="1549" VPOS="1157" WIDTH="57" HEIGHT="28" WC="0.96" CONTENT="äro"/>
						</TextLine>
						<TextLine ID="line_10" HPOS="113" VPOS="1208" WIDTH="1493" HEIGHT="46">
							<String ID="string_88" HPOS="113" VPOS="1224" WIDTH="84" HEIGHT="28" WC="0.96" CONTENT="satte"/><SP WIDTH="25" VPOS="1224" HPOS="197"/>
							<String ID="string_89" HPOS="222" VPOS="1223" WIDTH="46" HEIGHT="27" WC="0.96" CONTENT="att"/><SP WIDTH="23" VPOS="1223" HPOS="268"/>
							<String ID="string_90" HPOS="291" VPOS="1218" WIDTH="139" HEIGHT="32" WC="0.96" CONTENT="förvalta"/><SP WIDTH="24" VPOS="1218" HPOS="430"/>
							<String ID="string_91" HPOS="454" VPOS="1217" WIDTH="138" HEIGHT="37" WC="0.93" CONTENT="städers,"/><SP WIDTH="25" VPOS="1217" HPOS="592"/>
							<String ID="string_92" HPOS="617" VPOS="1215" WIDTH="219" HEIGHT="39" WC="0.91" CONTENT="menigheters"/><SP WIDTH="24" VPOS="1215" HPOS="836"/>
							<String ID="string_93" HPOS="860" VPOS="1213" WIDTH="81" HEIGHT="31" WC="0.96" CONTENT="eller"/><SP WIDTH="22" VPOS="1213" HPOS="941"/>
							<String ID="string_94" HPOS="963" VPOS="1212" WIDTH="167" HEIGHT="31" WC="0.96" CONTENT="allmänna"/><SP WIDTH="17" VPOS="1212" HPOS="1130"/>
							<String ID="string_95" HPOS="1147" VPOS="1220" WIDTH="41" HEIGHT="22" WC="0.96" CONTENT="av"/><SP WIDTH="17" VPOS="1220" HPOS="1188"/>
							<String ID="string_96" HPOS="1205" VPOS="1210" WIDTH="181" HEIGHT="39" WC="0.93" CONTENT="Konungen"/><SP WIDTH="19" VPOS="1210" HPOS="1386"/>
							<String ID="string_97" HPOS="1405" VPOS="1208" WIDTH="201" HEIGHT="31" WC="0.90" CONTENT="stadfästade"/>
						</TextLine>
						<TextLine ID="line_11" HPOS="115" VPOS="1262" WIDTH="1492" HEIGHT="48">
							<String ID="string_98" HPOS="115" VPOS="1275" WIDTH="144" HEIGHT="35" WC="0.91" CONTENT="kassors,"/><SP WIDTH="25" VPOS="1275" HPOS="259"/>
							<String ID="string_99" HPOS="284" VPOS="1272" WIDTH="97" HEIGHT="31" WC="0.96" CONTENT="verks"/><SP WIDTH="25" VPOS="1272" HPOS="381"/>
							<String ID="string_100" HPOS="406" VPOS="1271" WIDTH="80" HEIGHT="31" WC="0.96" CONTENT="eller"/><SP WIDTH="24" VPOS="1271" HPOS="486"/>
							<String ID="string_101" HPOS="510" VPOS="1270" WIDTH="104" HEIGHT="31" WC="0.93" CONTENT="andra"/><SP WIDTH="25" VPOS="1270" HPOS="614"/>
							<String ID="string_102" HPOS="639" VPOS="1268" WIDTH="233" HEIGHT="39" WC="0.91" CONTENT="inrättningars"/><SP WIDTH="25" VPOS="1268" HPOS="872"/>
							<String ID="string_103" HPOS="897" VPOS="1266" WIDTH="81" HEIGHT="31" WC="0.93" CONTENT="eller"/><SP WIDTH="24" VPOS="1266" HPOS="978"/>
							<String ID="string_104" HPOS="1002" VPOS="1265" WIDTH="172" HEIGHT="31" WC="0.92" CONTENT="stiftelsers"/><SP WIDTH="22" VPOS="1265" HPOS="1174"/>
							<String ID="string_105" HPOS="1196" VPOS="1263" WIDTH="281" HEIGHT="40" WC="0.95" CONTENT="angelägenheter,"/><SP WIDTH="19" VPOS="1263" HPOS="1477"/>
							<String ID="string_106" HPOS="1496" VPOS="1272" WIDTH="53" HEIGHT="21" WC="0.96" CONTENT="om"/><SP WIDTH="19" VPOS="1272" HPOS="1549"/>
							<String ID="string_107" HPOS="1568" VPOS="1262" WIDTH="39" HEIGHT="30" WC="0.96" CONTENT="de"/>
						</TextLine>
						<TextLine ID="line_12" HPOS="113" VPOS="1316" WIDTH="1495" HEIGHT="51">
							<String ID="string_108" HPOS="113" VPOS="1328" WIDTH="209" HEIGHT="39" WC="0.95" CONTENT="tjänstemän,"/><SP WIDTH="26" VPOS="1328" HPOS="322"/>
							<String ID="string_109" HPOS="348" VPOS="1334" WIDTH="71" HEIGHT="22" WC="0.96" CONTENT="som"/><SP WIDTH="25" VPOS="1334" HPOS="419"/>
							<String ID="string_110" HPOS="444" VPOS="1323" WIDTH="105" HEIGHT="32" WC="0.92" CONTENT="under"/><SP WIDTH="25" VPOS="1323" HPOS="549"/>
							<String ID="string_111" HPOS="574" VPOS="1322" WIDTH="138" HEIGHT="31" WC="0.91" CONTENT="ämbets-"/><SP WIDTH="24" VPOS="1322" HPOS="712"/>
							<String ID="string_112" HPOS="736" VPOS="1321" WIDTH="80" HEIGHT="31" WC="0.93" CONTENT="eller"/><SP WIDTH="27" VPOS="1321" HPOS="816"/>
							<String ID="string_113" HPOS="843" VPOS="1317" WIDTH="489" HEIGHT="41" WC="0.92" CONTENT="förvaltningsmyndigheterna"/><SP WIDTH="28" VPOS="1317" HPOS="1332"/>
							<String ID="string_114" HPOS="1360" VPOS="1316" WIDTH="86" HEIGHT="40" WC="0.96" CONTENT="lyda,"/><SP WIDTH="25" VPOS="1316" HPOS="1446"/>
							<String ID="string_115" HPOS="1471" VPOS="1316" WIDTH="62" HEIGHT="30" WC="0.96" CONTENT="och"/><SP WIDTH="21" VPOS="1316" HPOS="1533"/>
							<String ID="string_116" HPOS="1554" VPOS="1325" WIDTH="54" HEIGHT="21" WC="0.96" CONTENT="om"/>
						</TextLine>
						<TextLine ID="line_13" HPOS="116" VPOS="1369" WIDTH="1285" HEIGHT="48">
							<String ID="string_117" HPOS="116" VPOS="1380" WIDTH="112" HEIGHT="37" WC="0.96" CONTENT="andre,"/><SP WIDTH="26" VPOS="1380" HPOS="228"/>
							<String ID="string_118" HPOS="254" VPOS="1388" WIDTH="71" HEIGHT="22" WC="0.96" CONTENT="som"/><SP WIDTH="26" VPOS="1388" HPOS="325"/>
							<String ID="string_119" HPOS="351" VPOS="1376" WIDTH="199" HEIGHT="33" WC="0.96" CONTENT="förordnade"/><SP WIDTH="26" VPOS="1376" HPOS="550"/>
							<String ID="string_120" HPOS="576" VPOS="1378" WIDTH="58" HEIGHT="28" WC="0.96" CONTENT="äro"/><SP WIDTH="25" VPOS="1378" HPOS="634"/>
							<String ID="string_121" HPOS="659" VPOS="1378" WIDTH="47" HEIGHT="28" WC="0.96" CONTENT="att"/><SP WIDTH="24" VPOS="1378" HPOS="706"/>
							<String ID="string_122" HPOS="730" VPOS="1374" WIDTH="127" HEIGHT="31" WC="0.96" CONTENT="ämbete"/><SP WIDTH="26" VPOS="1374" HPOS="857"/>
							<String ID="string_123" HPOS="883" VPOS="1373" WIDTH="80" HEIGHT="31" WC="0.93" CONTENT="eller"/><SP WIDTH="23" VPOS="1373" HPOS="963"/>
							<String ID="string_124" HPOS="986" VPOS="1370" WIDTH="244" HEIGHT="41" WC="0.91" CONTENT="tjänsteärende"/><SP WIDTH="25" VPOS="1370" HPOS="1230"/>
							<String ID="string_125" HPOS="1255" VPOS="1369" WIDTH="146" HEIGHT="32" WC="0.96" CONTENT="förrätta."/>
						</TextLine>
					</TextBlock>
					<TextBlock ID="block_5" HPOS="119" VPOS="1418" WIDTH="1491" HEIGHT="264">
						<TextLine ID="line_14" HPOS="165" VPOS="1418" WIDTH="1444" HEIGHT="52">
							<String ID="string_126" HPOS="165" VPOS="1432" WIDTH="91" HEIGHT="33" WC="0.95" CONTENT="Skall"/><SP WIDTH="24" VPOS="1432" HPOS="256"/>
							<String ID="string_127" HPOS="280" VPOS="1432" WIDTH="47" HEIGHT="31" WC="0.95" CONTENT="till"/><SP WIDTH="24" VPOS="1432" HPOS="327"/>
							<String ID="string_128" HPOS="351" VPOS="1430" WIDTH="80" HEIGHT="40" WC="0.96" CONTENT="följd"/><SP WIDTH="25" VPOS="1430" HPOS="431"/>
							<String ID="string_129" HPOS="456" VPOS="1439" WIDTH="41" HEIGHT="22" WC="0.96" CONTENT="av"/><SP WIDTH="24" VPOS="1439" HPOS="497"/>
							<String ID="string_130" HPOS="521" VPOS="1429" WIDTH="201" HEIGHT="40" WC="0.96" CONTENT="Konungens"/><SP WIDTH="24" VPOS="1429" HPOS="722"/>
							<String ID="string_131" HPOS="746" VPOS="1425" WIDTH="234" HEIGHT="38" WC="0.96" CONTENT="förordnande,"/><SP WIDTH="24" VPOS="1425" HPOS="980"/>
							<String ID="string_132" HPOS="1004" VPOS="1424" WIDTH="64" HEIGHT="32" WC="0.96" CONTENT="vad"/><SP WIDTH="25" VPOS="1424" HPOS="1068"/>
							<String ID="string_133" HPOS="1093" VPOS="1425" WIDTH="10" HEIGHT="30" WC="0.96" CONTENT="i"/><SP WIDTH="27" VPOS="1425" HPOS="1103"/>
							<String ID="string_134" HPOS="1130" VPOS="1424" WIDTH="40" HEIGHT="31" WC="0.96" CONTENT="19"/><SP WIDTH="25" VPOS="1424" HPOS="1170"/>
							<String ID="string_135" HPOS="1195" VPOS="1424" WIDTH="74" HEIGHT="39" WC="0.95" CONTENT="kap."/><SP WIDTH="29" VPOS="1424" HPOS="1269"/>
							<String ID="string_136" HPOS="1298" VPOS="1423" WIDTH="36" HEIGHT="30" WC="0.95" CONTENT="11"/><SP WIDTH="24" VPOS="1423" HPOS="1334"/>
							<String ID="string_137" HPOS="1358" VPOS="1422" WIDTH="62" HEIGHT="31" WC="0.95" CONTENT="och"/><SP WIDTH="20" VPOS="1422" HPOS="1420"/>
							<String ID="string_138" HPOS="1440" VPOS="1422" WIDTH="38" HEIGHT="31" WC="0.96" CONTENT="12"/><SP WIDTH="17" VPOS="1422" HPOS="1478"/>
							<String ID="string_139" HPOS="1495" VPOS="1418" WIDTH="44" HEIGHT="43" WC="0.70" CONTENT="88"/><SP WIDTH="16" VPOS="1418" HPOS="1539"/>
							<String ID="string_140" HPOS="1555" VPOS="1431" WIDTH="54" HEIGHT="22" WC="0.95" CONTENT="om"/>
						</TextLine>
						<TextLine ID="line_15" HPOS="119" VPOS="1476" WIDTH="1491" HEIGHT="42">
							<String ID="string_141" HPOS="119" VPOS="1490" WIDTH="124" HEIGHT="28" WC="0.93" CONTENT="statens"/><SP WIDTH="25" VPOS="1490" HPOS="243"/>
							<String ID="string_142" HPOS="268" VPOS="1485" WIDTH="109" HEIGHT="32" WC="0.92" CONTENT="kanal-"/><SP WIDTH="23" VPOS="1485" HPOS="377"/>
							<String ID="string_143" HPOS="400" VPOS="1484" WIDTH="80" HEIGHT="31" WC="0.93" CONTENT="eller"/><SP WIDTH="24" VPOS="1484" HPOS="480"/>
							<String ID="string_144" HPOS="504" VPOS="1482" WIDTH="168" HEIGHT="32" WC="0.92" CONTENT="slussverk"/><SP WIDTH="24" VPOS="1482" HPOS="672"/>
							<String ID="string_145" HPOS="696" VPOS="1481" WIDTH="80" HEIGHT="32" WC="0.96" CONTENT="eller"/><SP WIDTH="23" VPOS="1481" HPOS="776"/>
							<String ID="string_146" HPOS="799" VPOS="1489" WIDTH="110" HEIGHT="22" WC="0.96" CONTENT="annan"/><SP WIDTH="25" VPOS="1489" HPOS="909"/>
							<String ID="string_147" HPOS="934" VPOS="1477" WIDTH="104" HEIGHT="33" WC="0.96" CONTENT="sådan"/><SP WIDTH="24" VPOS="1477" HPOS="1038"/>
							<String ID="string_148" HPOS="1062" VPOS="1476" WIDTH="263" HEIGHT="41" WC="0.96" CONTENT="vattenbyggnad"/><SP WIDTH="25" VPOS="1476" HPOS="1325"/>
							<String ID="string_149" HPOS="1350" VPOS="1476" WIDTH="80" HEIGHT="31" WC="0.93" CONTENT="eller"/><SP WIDTH="15" VPOS="1476" HPOS="1430"/>
							<String ID="string_150" HPOS="1445" VPOS="1476" WIDTH="165" HEIGHT="39" WC="0.91" CONTENT="järnvägs-"/>
						</TextLine>
						<TextLine ID="line_16" HPOS="120" VPOS="1530" WIDTH="1489" HEIGHT="50">
							<String ID="string_151" HPOS="120" VPOS="1540" WIDTH="197" HEIGHT="40" WC="0.96" CONTENT="anläggning"/><SP WIDTH="23" VPOS="1540" HPOS="317"/>
							<String ID="string_152" HPOS="340" VPOS="1538" WIDTH="127" HEIGHT="40" WC="0.96" CONTENT="stadgat"/><SP WIDTH="24" VPOS="1538" HPOS="467"/>
							<String ID="string_153" HPOS="491" VPOS="1539" WIDTH="45" HEIGHT="35" WC="0.96" CONTENT="är,"/><SP WIDTH="26" VPOS="1539" HPOS="536"/>
							<String ID="string_154" HPOS="562" VPOS="1536" WIDTH="166" HEIGHT="39" WC="0.93" CONTENT="tillämpas"/><SP WIDTH="24" VPOS="1536" HPOS="728"/>
							<String ID="string_155" HPOS="752" VPOS="1533" WIDTH="20" HEIGHT="32" WC="0.92" CONTENT="å"/><SP WIDTH="24" VPOS="1533" HPOS="772"/>
							<String ID="string_156" HPOS="796" VPOS="1533" WIDTH="89" HEIGHT="41" WC="0.96" CONTENT="dylik"/><SP WIDTH="25" VPOS="1533" HPOS="885"/>
							<String ID="string_157" HPOS="910" VPOS="1532" WIDTH="187" HEIGHT="39" WC="0.96" CONTENT="inrättning,"/><SP WIDTH="26" VPOS="1532" HPOS="1097"/>
							<String ID="string_158" HPOS="1123" VPOS="1540" WIDTH="72" HEIGHT="22" WC="0.96" CONTENT="som"/><SP WIDTH="23" VPOS="1540" HPOS="1195"/>
							<String ID="string_159" HPOS="1218" VPOS="1540" WIDTH="40" HEIGHT="21" WC="0.96" CONTENT="av"/><SP WIDTH="16" VPOS="1540" HPOS="1258"/>
							<String ID="string_160" HPOS="1274" VPOS="1530" WIDTH="152" HEIGHT="31" WC="0.96" CONTENT="enskilda"/><SP WIDTH="16" VPOS="1530" HPOS="1426"/>
							<String ID="string_161" HPOS="1442" VPOS="1538" WIDTH="167" HEIGHT="31" WC="0.95" CONTENT="personer,"/>
						</TextLine>
						<TextLine ID="line_17" HPOS="121" VPOS="1582" WIDTH="1489" HEIGHT="51">
							<String ID="string_162" HPOS="121" VPOS="1593" WIDTH="202" HEIGHT="40" WC="0.91" CONTENT="menigheter"/><SP WIDTH="22" VPOS="1593" HPOS="323"/>
							<String ID="string_163" HPOS="345" VPOS="1591" WIDTH="80" HEIGHT="32" WC="0.96" CONTENT="eller"/><SP WIDTH="24" VPOS="1591" HPOS="425"/>
							<String ID="string_164" HPOS="449" VPOS="1590" WIDTH="97" HEIGHT="40" WC="0.96" CONTENT="bolag"/><SP WIDTH="23" VPOS="1590" HPOS="546"/>
							<String ID="string_165" HPOS="569" VPOS="1589" WIDTH="93" HEIGHT="40" WC="0.96" CONTENT="gjord"/><SP WIDTH="25" VPOS="1589" HPOS="662"/>
							<String ID="string_166" HPOS="687" VPOS="1591" WIDTH="46" HEIGHT="35" WC="0.91" CONTENT="är,"/><SP WIDTH="25" VPOS="1591" HPOS="733"/>
							<String ID="string_167" HPOS="758" VPOS="1587" WIDTH="83" HEIGHT="41" WC="0.91" CONTENT="gälle"/><SP WIDTH="25" VPOS="1587" HPOS="841"/>
							<String ID="string_168" HPOS="866" VPOS="1586" WIDTH="62" HEIGHT="33" WC="0.96" CONTENT="ock"/><SP WIDTH="26" VPOS="1586" HPOS="928"/>
							<String ID="string_169" HPOS="954" VPOS="1595" WIDTH="53" HEIGHT="22" WC="0.95" CONTENT="om"/><SP WIDTH="25" VPOS="1595" HPOS="1007"/>
							<String ID="string_170" HPOS="1032" VPOS="1585" WIDTH="115" HEIGHT="31" WC="0.95" CONTENT="därvid"/><SP WIDTH="26" VPOS="1585" HPOS="1147"/>
							<String ID="string_171" HPOS="1173" VPOS="1584" WIDTH="141" HEIGHT="31" WC="0.96" CONTENT="anställd"/><SP WIDTH="24" VPOS="1584" HPOS="1314"/>
							<String ID="string_172" HPOS="1338" VPOS="1592" WIDTH="121" HEIGHT="31" WC="0.96" CONTENT="person"/><SP WIDTH="16" VPOS="1592" HPOS="1459"/>
							<String ID="string_173" HPOS="1475" VPOS="1582" WIDTH="64" HEIGHT="32" WC="0.95" CONTENT="vad"/><SP WIDTH="17" VPOS="1582" HPOS="1539"/>
							<String ID="string_174" HPOS="1556" VPOS="1591" WIDTH="54" HEIGHT="22" WC="0.96" CONTENT="om"/>
						</TextLine>
						<TextLine ID="line_18" HPOS="121" VPOS="1642" WIDTH="678" HEIGHT="40">
							<String ID="string_175" HPOS="121" VPOS="1651" WIDTH="124" HEIGHT="28" WC="0.96" CONTENT="statens"/><SP WIDTH="25" VPOS="1651" HPOS="245"/>
							<String ID="string_176" HPOS="270" VPOS="1646" WIDTH="204" HEIGHT="31" WC="0.96" CONTENT="ämbetsmän"/><SP WIDTH="24" VPOS="1646" HPOS="474"/>
							<String ID="string_177" HPOS="498" VPOS="1644" WIDTH="61" HEIGHT="30" WC="0.96" CONTENT="här"/><SP WIDTH="23" VPOS="1644" HPOS="559"/>
							<String ID="string_178" HPOS="582" VPOS="1642" WIDTH="129" HEIGHT="40" WC="0.96" CONTENT="stadgat"/><SP WIDTH="24" VPOS="1642" HPOS="711"/>
							<String ID="string_179" HPOS="735" VPOS="1644" WIDTH="64" HEIGHT="28" WC="0.88" CONTENT="är.»"/>
						</TextLine>
					</TextBlock>
				</ComposedBlock>
				<ComposedBlock ID="cblock_4" HPOS="122" VPOS="1743" WIDTH="1489" HEIGHT="101">
					<TextBlock ID="block_6" HPOS="122" VPOS="1743" WIDTH="1489" HEIGHT="101">
						<TextLine ID="line_19" HPOS="167" VPOS="1743" WIDTH="1444" HEIGHT="45">
							<String ID="string_180" HPOS="167" VPOS="1752" WIDTH="207" HEIGHT="33" WC="0.96" CONTENT="Beträffande"/><SP WIDTH="26" VPOS="1752" HPOS="374"/>
							<String ID="string_181" HPOS="400" VPOS="1751" WIDTH="39" HEIGHT="32" WC="0.96" CONTENT="de"/><SP WIDTH="24" VPOS="1751" HPOS="439"/>
							<String ID="string_182" HPOS="463" VPOS="1750" WIDTH="82" HEIGHT="38" WC="0.95" CONTENT="skäl,"/><SP WIDTH="27" VPOS="1750" HPOS="545"/>
							<String ID="string_183" HPOS="572" VPOS="1749" WIDTH="204" HEIGHT="32" WC="0.96" CONTENT="motionären"/><SP WIDTH="26" VPOS="1749" HPOS="776"/>
							<String ID="string_184" HPOS="802" VPOS="1747" WIDTH="109" HEIGHT="32" WC="0.96" CONTENT="anfört"/><SP WIDTH="23" VPOS="1747" HPOS="911"/>
							<String ID="string_185" HPOS="934" VPOS="1746" WIDTH="48" HEIGHT="31" WC="0.96" CONTENT="till"/><SP WIDTH="25" VPOS="1746" HPOS="982"/>
							<String ID="string_186" HPOS="1007" VPOS="1746" WIDTH="72" HEIGHT="31" WC="0.96" CONTENT="stöd"/><SP WIDTH="25" VPOS="1746" HPOS="1079"/>
							<String ID="string_187" HPOS="1104" VPOS="1745" WIDTH="51" HEIGHT="32" WC="0.96" CONTENT="för"/><SP WIDTH="24" VPOS="1745" HPOS="1155"/>
							<String ID="string_188" HPOS="1179" VPOS="1745" WIDTH="51" HEIGHT="31" WC="0.96" CONTENT="sin"/><SP WIDTH="25" VPOS="1745" HPOS="1230"/>
							<String ID="string_189" HPOS="1255" VPOS="1743" WIDTH="250" HEIGHT="41" WC="0.92" CONTENT="ifrågavarande"/><SP WIDTH="20" VPOS="1743" HPOS="1505"/>
							<String ID="string_190" HPOS="1525" VPOS="1743" WIDTH="86" HEIGHT="31" WC="0.92" CONTENT="hem-"/>
						</TextLine>
						<TextLine ID="line_20" HPOS="122" VPOS="1802" WIDTH="819" HEIGHT="42">
							<String ID="string_191" HPOS="122" VPOS="1807" WIDTH="130" HEIGHT="37" WC="0.90" CONTENT="ställan,"/><SP WIDTH="25" VPOS="1807" HPOS="252"/>
							<String ID="string_192" HPOS="277" VPOS="1805" WIDTH="51" HEIGHT="32" WC="0.97" CONTENT="får"/><SP WIDTH="24" VPOS="1805" HPOS="328"/>
							<String ID="string_193" HPOS="352" VPOS="1805" WIDTH="155" HEIGHT="31" WC="0.96" CONTENT="utskottet"/><SP WIDTH="23" VPOS="1805" HPOS="507"/>
							<String ID="string_194" HPOS="530" VPOS="1803" WIDTH="139" HEIGHT="31" WC="0.96" CONTENT="hänvisa"/><SP WIDTH="22" VPOS="1803" HPOS="669"/>
							<String ID="string_195" HPOS="691" VPOS="1802" WIDTH="48" HEIGHT="31" WC="0.96" CONTENT="till"/><SP WIDTH="25" VPOS="1802" HPOS="739"/>
							<String ID="string_196" HPOS="764" VPOS="1802" WIDTH="177" HEIGHT="31" WC="0.96" CONTENT="motionen."/>
						</TextLine>
					</TextBlock>
				</ComposedBlock>
				<ComposedBlock ID="cblock_5" HPOS="124" VPOS="1903" WIDTH="1493" HEIGHT="689">
					<TextBlock ID="block_7" HPOS="124" VPOS="1903" WIDTH="1490" HEIGHT="364">
						<TextLine ID="line_21" HPOS="168" VPOS="1903" WIDTH="1442" HEIGHT="51">
							<String ID="string_197" HPOS="168" VPOS="1914" WIDTH="107" HEIGHT="40" WC="0.96" CONTENT="Enligt"/><SP WIDTH="23" VPOS="1914" HPOS="275"/>
							<String ID="string_198" HPOS="298" VPOS="1912" WIDTH="41" HEIGHT="32" WC="0.96" CONTENT="25"/><SP WIDTH="25" VPOS="1912" HPOS="339"/>
							<String ID="string_199" HPOS="364" VPOS="1912" WIDTH="73" HEIGHT="40" WC="0.96" CONTENT="kap."/><SP WIDTH="27" VPOS="1912" HPOS="437"/>
							<String ID="string_200" HPOS="464" VPOS="1911" WIDTH="41" HEIGHT="31" WC="0.92" CONTENT="22"/><SP WIDTH="24" VPOS="1911" HPOS="505"/>
							<String ID="string_201" HPOS="529" VPOS="1907" WIDTH="22" HEIGHT="44" WC="0.70" CONTENT="&amp;"/><SP WIDTH="24" VPOS="1907" HPOS="551"/>
							<String ID="string_202" HPOS="575" VPOS="1909" WIDTH="188" HEIGHT="40" WC="0.95" CONTENT="strafflagen"/><SP WIDTH="24" VPOS="1909" HPOS="763"/>
							<String ID="string_203" HPOS="787" VPOS="1908" WIDTH="95" HEIGHT="32" WC="0.96" CONTENT="skola"/><SP WIDTH="24" VPOS="1908" HPOS="882"/>
							<String ID="string_204" HPOS="906" VPOS="1916" WIDTH="167" HEIGHT="32" WC="0.95" CONTENT="personer,"/><SP WIDTH="26" VPOS="1916" HPOS="1073"/>
							<String ID="string_205" HPOS="1099" VPOS="1916" WIDTH="72" HEIGHT="22" WC="0.97" CONTENT="som"/><SP WIDTH="25" VPOS="1916" HPOS="1171"/>
							<String ID="string_206" HPOS="1196" VPOS="1907" WIDTH="57" HEIGHT="31" WC="0.96" CONTENT="äro"/><SP WIDTH="18" VPOS="1907" HPOS="1253"/>
							<String ID="string_207" HPOS="1271" VPOS="1905" WIDTH="163" HEIGHT="32" WC="0.95" CONTENT="anställda"/><SP WIDTH="16" VPOS="1905" HPOS="1434"/>
							<String ID="string_208" HPOS="1450" VPOS="1903" WIDTH="54" HEIGHT="33" WC="0.96" CONTENT="vid"/><SP WIDTH="17" VPOS="1903" HPOS="1504"/>
							<String ID="string_209" HPOS="1521" VPOS="1904" WIDTH="89" HEIGHT="32" WC="0.96" CONTENT="vissa"/>
						</TextLine>
						<TextLine ID="line_22" HPOS="124" VPOS="1959" WIDTH="1486" HEIGHT="50">
							<String ID="string_210" HPOS="124" VPOS="1968" WIDTH="128" HEIGHT="41" WC="0.93" CONTENT="privata"/><SP WIDTH="35" VPOS="1968" HPOS="252"/>
							<String ID="string_211" HPOS="287" VPOS="1964" WIDTH="528" HEIGHT="39" WC="0.91" CONTENT="kommunikationsinrättningar,"/><SP WIDTH="36" VPOS="1964" HPOS="815"/>
							<String ID="string_212" HPOS="851" VPOS="1971" WIDTH="81" HEIGHT="22" WC="0.96" CONTENT="vara"/><SP WIDTH="35" VPOS="1971" HPOS="932"/>
							<String ID="string_213" HPOS="967" VPOS="1960" WIDTH="244" HEIGHT="32" WC="0.96" CONTENT="underkastade"/><SP WIDTH="36" VPOS="1960" HPOS="1211"/>
							<String ID="string_214" HPOS="1247" VPOS="1969" WIDTH="127" HEIGHT="22" WC="0.95" CONTENT="samma"/><SP WIDTH="36" VPOS="1969" HPOS="1374"/>
							<String ID="string_215" HPOS="1410" VPOS="1959" WIDTH="91" HEIGHT="31" WC="0.95" CONTENT="straff"/><SP WIDTH="38" VPOS="1959" HPOS="1501"/>
							<String ID="string_216" HPOS="1539" VPOS="1967" WIDTH="71" HEIGHT="23" WC="0.96" CONTENT="som"/>
						</TextLine>
						<TextLine ID="line_23" HPOS="124" VPOS="2009" WIDTH="1488" HEIGHT="49">
							<String ID="string_217" HPOS="124" VPOS="2020" WIDTH="232" HEIGHT="33" WC="0.96" CONTENT="motsvarande"/><SP WIDTH="25" VPOS="2020" HPOS="356"/>
							<String ID="string_218" HPOS="381" VPOS="2018" WIDTH="166" HEIGHT="40" WC="0.90" CONTENT="offentliga"/><SP WIDTH="23" VPOS="2018" HPOS="547"/>
							<String ID="string_219" HPOS="570" VPOS="2017" WIDTH="237" HEIGHT="37" WC="0.96" CONTENT="funktionärer,"/><SP WIDTH="27" VPOS="2017" HPOS="807"/>
							<String ID="string_220" HPOS="834" VPOS="2016" WIDTH="59" HEIGHT="30" WC="0.96" CONTENT="där"/><SP WIDTH="25" VPOS="2016" HPOS="893"/>
							<String ID="string_221" HPOS="918" VPOS="2015" WIDTH="49" HEIGHT="38" WC="0.96" CONTENT="de,"/><SP WIDTH="26" VPOS="2015" HPOS="967"/>
							<String ID="string_222" HPOS="993" VPOS="2013" WIDTH="111" HEIGHT="33" WC="0.96" CONTENT="såsom"/><SP WIDTH="25" VPOS="2013" HPOS="1104"/>
							<String ID="string_223" HPOS="1129" VPOS="2014" WIDTH="55" HEIGHT="31" WC="0.96" CONTENT="det"/><SP WIDTH="22" VPOS="2014" HPOS="1184"/>
							<String ID="string_224" HPOS="1206" VPOS="2013" WIDTH="118" HEIGHT="32" WC="0.96" CONTENT="heter"/><SP WIDTH="-15" VPOS="2013" HPOS="1324"/>
							<String ID="string_225" HPOS="1309" VPOS="2005" WIDTH="19" HEIGHT="57" WC="0.92" CONTENT="i"/><SP WIDTH="17" VPOS="2005" HPOS="1328"/>
							<String ID="string_226" HPOS="1345" VPOS="2013" WIDTH="153" HEIGHT="39" WC="0.91" CONTENT="kapitlets"/><SP WIDTH="27" VPOS="2013" HPOS="1498"/>
							<String ID="string_227" HPOS="1525" VPOS="2012" WIDTH="39" HEIGHT="31" WC="0.84" CONTENT="15"/><SP WIDTH="17" VPOS="2012" HPOS="1564"/>
							<String ID="string_228" HPOS="1581" VPOS="2009" WIDTH="31" HEIGHT="42" WC="0.84" CONTENT="$,"/>
						</TextLine>
						<TextLine ID="line_24" HPOS="125" VPOS="2066" WIDTH="1489" HEIGHT="40">
							<String ID="string_229" HPOS="125" VPOS="2073" WIDTH="174" HEIGHT="33" WC="0.96" CONTENT="underlåta"/><SP WIDTH="34" VPOS="2073" HPOS="299"/>
							<String ID="string_230" HPOS="333" VPOS="2073" WIDTH="80" HEIGHT="32" WC="0.93" CONTENT="eller"/><SP WIDTH="35" VPOS="2073" HPOS="413"/>
							<String ID="string_231" HPOS="448" VPOS="2072" WIDTH="182" HEIGHT="32" WC="0.92" CONTENT="försumma"/><SP WIDTH="34" VPOS="2072" HPOS="630"/>
							<String ID="string_232" HPOS="664" VPOS="2070" WIDTH="65" HEIGHT="31" WC="0.96" CONTENT="vad"/><SP WIDTH="36" VPOS="2070" HPOS="729"/>
							<String ID="string_233" HPOS="765" VPOS="2070" WIDTH="74" HEIGHT="31" WC="0.94" CONTENT="dem"/><SP WIDTH="36" VPOS="2070" HPOS="839"/>
							<String ID="string_234" HPOS="875" VPOS="2068" WIDTH="47" HEIGHT="31" WC="0.94" CONTENT="till"/><SP WIDTH="37" VPOS="2068" HPOS="922"/>
							<String ID="string_235" HPOS="959" VPOS="2067" WIDTH="271" HEIGHT="32" WC="0.96" CONTENT="förekommande"/><SP WIDTH="36" VPOS="2067" HPOS="1230"/>
							<String ID="string_236" HPOS="1266" VPOS="2076" WIDTH="41" HEIGHT="21" WC="0.95" CONTENT="av"/><SP WIDTH="33" VPOS="2076" HPOS="1307"/>
							<String ID="string_237" HPOS="1340" VPOS="2066" WIDTH="274" HEIGHT="40" WC="0.95" CONTENT="olyckshändelse"/>
						</TextLine>
						<TextLine ID="line_25" HPOS="125" VPOS="2119" WIDTH="1489" HEIGHT="49">
							<String ID="string_238" HPOS="125" VPOS="2128" WIDTH="123" HEIGHT="40" WC="0.96" CONTENT="åligger"/><SP WIDTH="35" VPOS="2128" HPOS="248"/>
							<String ID="string_239" HPOS="283" VPOS="2130" WIDTH="46" HEIGHT="28" WC="0.91" CONTENT="att"/><SP WIDTH="34" VPOS="2130" HPOS="329"/>
							<String ID="string_240" HPOS="363" VPOS="2126" WIDTH="152" HEIGHT="39" WC="0.91" CONTENT="iakttaga,"/><SP WIDTH="38" VPOS="2126" HPOS="515"/>
							<String ID="string_241" HPOS="553" VPOS="2123" WIDTH="37" HEIGHT="33" WC="0.95" CONTENT="så"/><SP WIDTH="25" VPOS="2123" HPOS="590"/>
							<String ID="string_242" HPOS="615" VPOS="2127" WIDTH="45" HEIGHT="28" WC="0.96" CONTENT="att"/><SP WIDTH="25" VPOS="2127" HPOS="660"/>
							<String ID="string_243" HPOS="685" VPOS="2123" WIDTH="104" HEIGHT="31" WC="0.93" CONTENT="skada"/><SP WIDTH="24" VPOS="2123" HPOS="789"/>
							<String ID="string_244" HPOS="813" VPOS="2122" WIDTH="165" HEIGHT="39" WC="0.91" CONTENT="lätteligen"/><SP WIDTH="25" VPOS="2122" HPOS="978"/>
							<String ID="string_245" HPOS="1003" VPOS="2121" WIDTH="57" HEIGHT="31" WC="0.96" CONTENT="ske"/><SP WIDTH="27" VPOS="2121" HPOS="1060"/>
							<String ID="string_246" HPOS="1087" VPOS="2121" WIDTH="73" HEIGHT="31" WC="0.94" CONTENT="kan."/><SP WIDTH="42" VPOS="2121" HPOS="1160"/>
							<String ID="string_247" HPOS="1202" VPOS="2120" WIDTH="11" HEIGHT="31" WC="0.94" CONTENT="I"/><SP WIDTH="25" VPOS="2120" HPOS="1213"/>
							<String ID="string_248" HPOS="1238" VPOS="2119" WIDTH="92" HEIGHT="41" WC="0.96" CONTENT="fråga"/><SP WIDTH="24" VPOS="2119" HPOS="1330"/>
							<String ID="string_249" HPOS="1354" VPOS="2129" WIDTH="53" HEIGHT="22" WC="0.93" CONTENT="om"/><SP WIDTH="24" VPOS="2129" HPOS="1407"/>
							<String ID="string_250" HPOS="1431" VPOS="2119" WIDTH="183" HEIGHT="40" WC="0.91" CONTENT="tjänsteför-"/>
						</TextLine>
						<TextLine ID="line_26" HPOS="126" VPOS="2172" WIDTH="1488" HEIGHT="47">
							<String ID="string_251" HPOS="126" VPOS="2181" WIDTH="225" HEIGHT="38" WC="0.92" CONTENT="seelser,vilka"/><SP WIDTH="12" VPOS="2181" HPOS="351"/>
							<String ID="string_252" HPOS="363" VPOS="2180" WIDTH="71" HEIGHT="31" WC="0.96" CONTENT="icke"/><SP WIDTH="14" VPOS="2180" HPOS="434"/>
							<String ID="string_253" HPOS="448" VPOS="2179" WIDTH="119" HEIGHT="31" WC="0.96" CONTENT="beröra"/><SP WIDTH="12" VPOS="2179" HPOS="567"/>
							<String ID="string_254" HPOS="579" VPOS="2176" WIDTH="304" HEIGHT="38" WC="0.96" CONTENT="trafiksäkerheten,"/><SP WIDTH="15" VPOS="2176" HPOS="883"/>
							<String ID="string_255" HPOS="898" VPOS="2178" WIDTH="58" HEIGHT="28" WC="0.96" CONTENT="äro"/><SP WIDTH="14" VPOS="2178" HPOS="956"/>
							<String ID="string_256" HPOS="970" VPOS="2175" WIDTH="97" HEIGHT="31" WC="0.95" CONTENT="dessa"/><SP WIDTH="13" VPOS="2175" HPOS="1067"/>
							<String ID="string_257" HPOS="1080" VPOS="2183" WIDTH="160" HEIGHT="31" WC="0.96" CONTENT="personer"/><SP WIDTH="13" VPOS="2183" HPOS="1240"/>
							<String ID="string_258" HPOS="1253" VPOS="2174" WIDTH="148" HEIGHT="31" WC="0.96" CONTENT="däremot"/><SP WIDTH="13" VPOS="2174" HPOS="1401"/>
							<String ID="string_259" HPOS="1414" VPOS="2173" WIDTH="71" HEIGHT="31" WC="0.93" CONTENT="icke"/><SP WIDTH="13" VPOS="2173" HPOS="1485"/>
							<String ID="string_260" HPOS="1498" VPOS="2172" WIDTH="116" HEIGHT="32" WC="0.91" CONTENT="under-"/>
						</TextLine>
						<TextLine ID="line_27" HPOS="128" VPOS="2233" WIDTH="544" HEIGHT="34">
							<String ID="string_261" HPOS="128" VPOS="2235" WIDTH="137" HEIGHT="32" WC="0.93" CONTENT="kastade"/><SP WIDTH="25" VPOS="2235" HPOS="265"/>
							<String ID="string_262" HPOS="290" VPOS="2233" WIDTH="382" HEIGHT="32" WC="0.90" CONTENT="ämbetsmannaansvar."/>
						</TextLine>
					</TextBlock>
					<TextBlock ID="block_8" HPOS="128" VPOS="2281" WIDTH="1489" HEIGHT="258">
						<TextLine ID="line_28" HPOS="172" VPOS="2281" WIDTH="1445" HEIGHT="42">
							<String ID="string_263" HPOS="172" VPOS="2289" WIDTH="203" HEIGHT="31" WC="0.96" CONTENT="Motionären"/><SP WIDTH="36" VPOS="2289" HPOS="375"/>
							<String ID="string_264" HPOS="411" VPOS="2296" WIDTH="95" HEIGHT="22" WC="0.96" CONTENT="avser"/><SP WIDTH="35" VPOS="2296" HPOS="506"/>
							<String ID="string_265" HPOS="541" VPOS="2288" WIDTH="47" HEIGHT="28" WC="0.96" CONTENT="att"/><SP WIDTH="34" VPOS="2288" HPOS="588"/>
							<String ID="string_266" HPOS="622" VPOS="2284" WIDTH="122" HEIGHT="32" WC="0.96" CONTENT="bereda"/><SP WIDTH="36" VPOS="2284" HPOS="744"/>
							<String ID="string_267" HPOS="780" VPOS="2284" WIDTH="39" HEIGHT="31" WC="0.96" CONTENT="de"/><SP WIDTH="35" VPOS="2284" HPOS="819"/>
							<String ID="string_268" HPOS="854" VPOS="2283" WIDTH="54" HEIGHT="31" WC="0.96" CONTENT="vid"/><SP WIDTH="37" VPOS="2283" HPOS="908"/>
							<String ID="string_269" HPOS="945" VPOS="2283" WIDTH="127" HEIGHT="40" WC="0.93" CONTENT="privata"/><SP WIDTH="24" VPOS="2283" HPOS="1072"/>
							<String ID="string_270" HPOS="1096" VPOS="2281" WIDTH="521" HEIGHT="39" WC="0.91" CONTENT="kommunikationsinrättningar"/>
						</TextLine>
						<TextLine ID="line_29" HPOS="128" VPOS="2334" WIDTH="1487" HEIGHT="47">
							<String ID="string_271" HPOS="128" VPOS="2342" WIDTH="165" HEIGHT="32" WC="0.96" CONTENT="anställda"/><SP WIDTH="24" VPOS="2342" HPOS="293"/>
							<String ID="string_272" HPOS="317" VPOS="2349" WIDTH="203" HEIGHT="32" WC="0.96" CONTENT="personerna"/><SP WIDTH="24" VPOS="2349" HPOS="520"/>
							<String ID="string_273" HPOS="544" VPOS="2340" WIDTH="79" HEIGHT="31" WC="0.93" CONTENT="ökat"/><SP WIDTH="23" VPOS="2340" HPOS="623"/>
							<String ID="string_274" HPOS="646" VPOS="2337" WIDTH="188" HEIGHT="41" WC="0.91" CONTENT="rättsskydd"/><SP WIDTH="24" VPOS="2337" HPOS="834"/>
							<String ID="string_275" HPOS="858" VPOS="2346" WIDTH="118" HEIGHT="31" WC="0.96" CONTENT="genom"/><SP WIDTH="25" VPOS="2346" HPOS="976"/>
							<String ID="string_276" HPOS="1001" VPOS="2336" WIDTH="173" HEIGHT="32" WC="0.96" CONTENT="införande"/><SP WIDTH="25" VPOS="2336" HPOS="1174"/>
							<String ID="string_277" HPOS="1199" VPOS="2345" WIDTH="41" HEIGHT="22" WC="0.96" CONTENT="av"/><SP WIDTH="24" VPOS="2345" HPOS="1240"/>
							<String ID="string_278" HPOS="1264" VPOS="2335" WIDTH="120" HEIGHT="40" WC="0.96" CONTENT="regeln,"/><SP WIDTH="26" VPOS="2335" HPOS="1384"/>
							<String ID="string_279" HPOS="1410" VPOS="2337" WIDTH="46" HEIGHT="29" WC="0.96" CONTENT="att"/><SP WIDTH="23" VPOS="2337" HPOS="1456"/>
							<String ID="string_280" HPOS="1479" VPOS="2335" WIDTH="39" HEIGHT="30" WC="0.96" CONTENT="de"/><SP WIDTH="25" VPOS="2335" HPOS="1518"/>
							<String ID="string_281" HPOS="1543" VPOS="2334" WIDTH="72" HEIGHT="31" WC="0.95" CONTENT="icke"/>
						</TextLine>
						<TextLine ID="line_30" HPOS="128" VPOS="2387" WIDTH="1488" HEIGHT="46">
							<String ID="string_282" HPOS="128" VPOS="2400" WIDTH="79" HEIGHT="27" WC="0.95" CONTENT="utan"/><SP WIDTH="26" VPOS="2400" HPOS="207"/>
							<String ID="string_283" HPOS="233" VPOS="2394" WIDTH="223" HEIGHT="39" WC="0.96" CONTENT="rannsakning"/><SP WIDTH="24" VPOS="2394" HPOS="456"/>
							<String ID="string_284" HPOS="480" VPOS="2393" WIDTH="62" HEIGHT="32" WC="0.96" CONTENT="och"/><SP WIDTH="25" VPOS="2393" HPOS="542"/>
							<String ID="string_285" HPOS="567" VPOS="2393" WIDTH="76" HEIGHT="31" WC="0.96" CONTENT="dom"/><SP WIDTH="26" VPOS="2393" HPOS="643"/>
							<String ID="string_286" HPOS="669" VPOS="2392" WIDTH="94" HEIGHT="31" WC="0.96" CONTENT="skola"/><SP WIDTH="24" VPOS="2392" HPOS="763"/>
							<String ID="string_287" HPOS="787" VPOS="2390" WIDTH="32" HEIGHT="32" WC="0.96" CONTENT="få"/><SP WIDTH="24" VPOS="2390" HPOS="819"/>
							<String ID="string_288" HPOS="843" VPOS="2390" WIDTH="115" HEIGHT="40" WC="0.96" CONTENT="skiljas"/><SP WIDTH="18" VPOS="2390" HPOS="958"/>
							<String ID="string_289" HPOS="976" VPOS="2389" WIDTH="71" HEIGHT="32" WC="0.96" CONTENT="från"/><SP WIDTH="18" VPOS="2389" HPOS="1047"/>
							<String ID="string_290" HPOS="1065" VPOS="2390" WIDTH="50" HEIGHT="30" WC="0.96" CONTENT="sin"/><SP WIDTH="17" VPOS="2390" HPOS="1115"/>
							<String ID="string_291" HPOS="1132" VPOS="2390" WIDTH="109" HEIGHT="39" WC="0.96" CONTENT="tjänst."/><SP WIDTH="27" VPOS="2390" HPOS="1241"/>
							<String ID="string_292" HPOS="1268" VPOS="2388" WIDTH="93" HEIGHT="32" WC="0.96" CONTENT="Detta"/><SP WIDTH="18" VPOS="2388" HPOS="1361"/>
							<String ID="string_293" HPOS="1379" VPOS="2388" WIDTH="82" HEIGHT="40" WC="0.96" CONTENT="syfte"/><SP WIDTH="17" VPOS="2388" HPOS="1461"/>
							<String ID="string_294" HPOS="1478" VPOS="2387" WIDTH="55" HEIGHT="31" WC="0.96" CONTENT="vill"/><SP WIDTH="17" VPOS="2387" HPOS="1533"/>
							<String ID="string_295" HPOS="1550" VPOS="2387" WIDTH="66" HEIGHT="31" WC="0.94" CONTENT="han"/>
						</TextLine>
						<TextLine ID="line_31" HPOS="128" VPOS="2440" WIDTH="1489" HEIGHT="49">
							<String ID="string_296" HPOS="128" VPOS="2450" WIDTH="101" HEIGHT="30" WC="0.96" CONTENT="vinna"/><SP WIDTH="34" VPOS="2450" HPOS="229"/>
							<String ID="string_297" HPOS="263" VPOS="2458" WIDTH="117" HEIGHT="31" WC="0.96" CONTENT="genom"/><SP WIDTH="36" VPOS="2458" HPOS="380"/>
							<String ID="string_298" HPOS="416" VPOS="2446" WIDTH="104" HEIGHT="33" WC="0.96" CONTENT="sådan"/><SP WIDTH="37" VPOS="2446" HPOS="520"/>
							<String ID="string_299" HPOS="557" VPOS="2446" WIDTH="138" HEIGHT="39" WC="0.96" CONTENT="ändring"/><SP WIDTH="36" VPOS="2446" HPOS="695"/>
							<String ID="string_300" HPOS="731" VPOS="2445" WIDTH="7" HEIGHT="31" WC="0.96" CONTENT="i"/><SP WIDTH="38" VPOS="2445" HPOS="738"/>
							<String ID="string_301" HPOS="776" VPOS="2444" WIDTH="41" HEIGHT="32" WC="0.96" CONTENT="25"/><SP WIDTH="25" VPOS="2444" HPOS="817"/>
							<String ID="string_302" HPOS="842" VPOS="2444" WIDTH="75" HEIGHT="40" WC="0.95" CONTENT="kap."/><SP WIDTH="26" VPOS="2444" HPOS="917"/>
							<String ID="string_303" HPOS="943" VPOS="2443" WIDTH="42" HEIGHT="31" WC="0.96" CONTENT="22"/><SP WIDTH="23" VPOS="2443" HPOS="985"/>
							<String ID="string_304" HPOS="1008" VPOS="2440" WIDTH="22" HEIGHT="43" WC="0.78" CONTENT="8"/><SP WIDTH="24" VPOS="2440" HPOS="1030"/>
							<String ID="string_305" HPOS="1054" VPOS="2443" WIDTH="198" HEIGHT="39" WC="0.96" CONTENT="strafflagen,"/><SP WIDTH="26" VPOS="2443" HPOS="1252"/>
							<String ID="string_306" HPOS="1278" VPOS="2446" WIDTH="46" HEIGHT="27" WC="0.96" CONTENT="att"/><SP WIDTH="24" VPOS="2446" HPOS="1324"/>
							<String ID="string_307" HPOS="1348" VPOS="2442" WIDTH="135" HEIGHT="40" WC="0.96" CONTENT="kapitlet"/><SP WIDTH="24" VPOS="2442" HPOS="1483"/>
							<String ID="string_308" HPOS="1507" VPOS="2441" WIDTH="9" HEIGHT="31" WC="0.96" CONTENT="i"/><SP WIDTH="26" VPOS="2441" HPOS="1516"/>
							<String ID="string_309" HPOS="1542" VPOS="2441" WIDTH="75" HEIGHT="31" WC="0.96" CONTENT="dess"/>
						</TextLine>
						<TextLine ID="line_32" HPOS="129" VPOS="2498" WIDTH="860" HEIGHT="41">
							<String ID="string_310" HPOS="129" VPOS="2503" WIDTH="110" HEIGHT="31" WC="0.96" CONTENT="helhet"/><SP WIDTH="24" VPOS="2503" HPOS="239"/>
							<String ID="string_311" HPOS="263" VPOS="2501" WIDTH="161" HEIGHT="32" WC="0.96" CONTENT="förklaras"/><SP WIDTH="24" VPOS="2501" HPOS="424"/>
							<String ID="string_312" HPOS="448" VPOS="2500" WIDTH="186" HEIGHT="39" WC="0.93" CONTENT="tillämpligt"/><SP WIDTH="23" VPOS="2500" HPOS="634"/>
							<String ID="string_313" HPOS="657" VPOS="2498" WIDTH="20" HEIGHT="31" WC="0.90" CONTENT="å"/><SP WIDTH="25" VPOS="2498" HPOS="677"/>
							<String ID="string_314" HPOS="702" VPOS="2498" WIDTH="96" HEIGHT="32" WC="0.96" CONTENT="dessa"/><SP WIDTH="24" VPOS="2498" HPOS="798"/>
							<String ID="string_315" HPOS="822" VPOS="2506" WIDTH="167" HEIGHT="31" WC="0.95" CONTENT="personer."/>
						</TextLine>
					</TextBlock>
					<TextBlock ID="block_9" HPOS="173" VPOS="2548" WIDTH="1394" HEIGHT="44">
						<TextLine ID="line_33" HPOS="173" VPOS="2548" WIDTH="1394" HEIGHT="44">
							<String ID="string_316" HPOS="173" VPOS="2556" WIDTH="116" HEIGHT="36" WC="0.90" CONTENT="Bihang"/><SP WIDTH="24" VPOS="2556" HPOS="289"/>
							<String ID="string_317" HPOS="313" VPOS="2555" WIDTH="45" HEIGHT="29" WC="0.96" CONTENT="till"/><SP WIDTH="24" VPOS="2555" HPOS="358"/>
							<String ID="string_318" HPOS="382" VPOS="2554" WIDTH="166" HEIGHT="36" WC="0.95" CONTENT="riksdagens"/><SP WIDTH="22" VPOS="2554" HPOS="548"/>
							<String ID="string_319" HPOS="570" VPOS="2552" WIDTH="141" HEIGHT="37" WC="0.96" CONTENT="protokoll"/><SP WIDTH="25" VPOS="2552" HPOS="711"/>
							<String ID="string_320" HPOS="736" VPOS="2551" WIDTH="87" HEIGHT="29" WC="0.96" CONTENT="1924."/><SP WIDTH="27" VPOS="2551" HPOS="823"/>
							<String ID="string_321" HPOS="850" VPOS="2553" WIDTH="18" HEIGHT="26" WC="0.96" CONTENT="9"/><SP WIDTH="23" VPOS="2553" HPOS="868"/>
							<String ID="string_322" HPOS="891" VPOS="2551" WIDTH="83" HEIGHT="28" WC="0.95" CONTENT="saml."/><SP WIDTH="29" VPOS="2551" HPOS="974"/>
							<String ID="string_323" HPOS="1003" VPOS="2551" WIDTH="15" HEIGHT="28" WC="0.96" CONTENT="1"/><SP WIDTH="24" VPOS="2551" HPOS="1018"/>
							<String ID="string_324" HPOS="1042" VPOS="2550" WIDTH="64" HEIGHT="29" WC="0.96" CONTENT="avd."/><SP WIDTH="26" VPOS="2550" HPOS="1106"/>
							<String ID="string_325" HPOS="1132" VPOS="2551" WIDTH="42" HEIGHT="28" WC="0.93" CONTENT="20"/><SP WIDTH="24" VPOS="2551" HPOS="1174"/>
							<String ID="string_326" HPOS="1198" VPOS="2549" WIDTH="71" HEIGHT="36" WC="0.91" CONTENT="häft."/><SP WIDTH="28" VPOS="2549" HPOS="1269"/>
							<String ID="string_327" HPOS="1297" VPOS="2548" WIDTH="61" HEIGHT="35" WC="0.96" CONTENT="(Nr"/><SP WIDTH="23" VPOS="2548" HPOS="1358"/>
							<String ID="string_328" HPOS="1381" VPOS="2550" WIDTH="67" HEIGHT="32" WC="0.81" CONTENT="30)."/><SP WIDTH="109" VPOS="2550" HPOS="1448"/>
							<String ID="string_329" HPOS="1557" VPOS="2548" WIDTH="10" HEIGHT="30" WC="0.96" CONTENT="1"/>
						</TextLine>
					</TextBlock>
				</ComposedBlock>
				<ComposedBlock ID="cblock_6" HPOS="1659" VPOS="1911" WIDTH="138" HEIGHT="28">
					<TextBlock ID="block_10" HPOS="1659" VPOS="1911" WIDTH="138" HEIGHT="28">
						<TextLine ID="line_34" HPOS="1659" VPOS="1911" WIDTH="138" HEIGHT="28">
							<String ID="string_330" HPOS="1659" VPOS="1911" WIDTH="138" HEIGHT="28" WC="0.96" CONTENT="Utskottet."/>
						</TextLine>
					</TextBlock>
				</ComposedBlock>
			</PrintSpace>
		</Page>
	</Layout>
</alto>
