1922 2846
589 174 255 32 Statsutskottets
867 174 170 32 utlåtande
1060 175 53 31 Nr
1136 178 75 28 103.
1604 176 40 31 21

202 253 82 41 »Jag
315 253 62 32 har
410 256 72 29 mot
514 254 261 40 överstyrelsens
807 254 229 42 beräkningar
1068 255 11 31 i
1103 257 85 30 stort
1211 257 63 30 sett
1297 255 73 32 icke
1395 257 112 40 någon
1532 267 115 21 annan

153 307 133 32 erinran
311 310 49 28 att
382 311 81 37 göra
488 312 42 26 än
555 310 49 29 att
626 308 60 40 jag
710 318 96 22 anser
831 308 56 32 det
910 319 48 21 nu
975 309 170 40 utgående
1162 308 290 42 tilläggsanslaget
1468 311 19 30 å
1506 311 142 37 129,000

152 361 124 31 kronor
299 360 83 33 böra
398 371 81 22 vara
496 361 167 41 tillfyllest
678 361 129 41 jämväl
823 362 54 31 för
894 361 201 42 budgetåret
1114 360 197 42 1934/1935.
1350 362 49 33 Ur
1416 363 92 32 detta
1523 363 124 42 belopp

151 414 106 40 jämte
290 414 66 32 vad
389 425 74 21 som
495 415 54 31 för
572 425 133 21 samma
729 415 160 32 ändamål
913 416 137 32 anvisas
1074 417 20 30 å
1120 415 166 33 ordinarie
1311 419 66 29 stat
1400 416 95 33 torde
1517 417 130 40 jämväl

151 468 225 41 ersättningar
399 468 11 31 i
435 468 197 41 erforderlig
656 469 237 41 utsträckning
916 469 118 32 kunna
1058 471 82 39 utgå
1163 469 49 32 till
1235 470 314 41 gymnastiklärare,
1573 481 73 21 som

151 521 183 33 handhava
358 521 290 42 planläggningen
665 522 63 32 och
745 522 190 33 ordnandet
951 533 42 22 av
1010 523 237 41 lärjungarnas
1264 523 379 33 friluftsverksamhet.»>

197 576 65 31 För
291 575 216 33 bestridande
532 587 42 21 av
598 581 91 27 extra
713 578 137 31 arvoden
875 579 34 30 åt
934 577 216 32 musiklärare
1173 577 97 42 ingår
1294 578 10 31 i
1330 578 56 32 det
1410 578 167 32 ordinarie
1600 589 47 21 re-

152 629 339 42 servationsanslaget
515 629 49 32 till
589 630 40 31 de
654 630 173 32 allmänna
850 630 200 33 läroverken
1070 642 41 20 en
1129 631 214 41 anslagspost
1359 633 20 30 å
1395 633 99 37 5,000
1510 632 135 32 kronor.

151 682 270 42 Tilläggsanslag
444 683 97 41 ingår
564 684 54 31 för
641 683 231 33 innevarande
897 684 165 41 budgetår
1086 684 11 31 i
1122 684 55 32 det
1201 685 278 41 sammanslagna
1493 685 154 41 anslaget

151 736 51 32 till
236 739 94 29 extra
364 736 149 33 arvoden
548 738 34 30 åt
617 737 106 32 lärare
759 737 10 31 i
792 737 274 41 övningsämnen
1091 737 78 33 med
1194 739 120 38 65,700
1338 739 133 32 kronor.
1520 739 126 32 Beträf-

150 790 104 32 fande
289 790 281 41 anslagsbehovet
604 792 54 31 för
692 791 200 41 budgetåret
927 789 189 43 1934/1935
1140 792 155 32 förordar
1318 792 254 42 överstyrelsen,
1598 795 49 29 att

150 844 405 41 musikundervisningen
579 844 184 33 bibehålles
787 845 11 31 i
823 855 133 22 samma
975 845 210 41 omfattning
1201 856 72 21 som
1290 845 109 33 under
1414 846 232 33 innevarande

149 898 97 32 läsår.
293 898 16 31 I
337 898 199 41 anslutning
559 898 115 32 härtill
699 898 117 39 skulle,
841 899 80 32 med
945 899 134 41 hänsyn
1103 899 51 31 till
1178 899 107 32 under
1308 900 260 41 förstatligande
1592 911 53 22 va-

150 952 104 32 rande
278 952 222 32 kommunala
523 952 241 32 mellanskolor
787 955 89 29 samt
899 952 164 39 läroverk,
1089 964 74 21 som
1188 953 94 32 stode
1303 954 110 32 under
1430 954 214 41 utvidgning,

150 1006 167 31 erfordras
352 1006 11 31 i
399 1006 169 31 avrundat
595 1006 45 31 tal
666 1007 120 36 73,000
809 1007 135 31 kronor.
993 1007 383 41 Departementschefen
1401 1008 62 31 har
1486 1008 10 31 i
1520 1008 125 32 anslut-

149 1059 85 41 ning
267 1059 114 32 härtill
416 1059 63 32 och
514 1059 77 32 med
623 1060 253 32 frånräknande
901 1070 42 21 av
968 1060 65 31 den
1057 1060 10 31 i
1092 1060 57 32 det
1173 1060 167 33 ordinarie
1364 1061 281 32 reservationsan-

150 1112 105 42 slaget
278 1113 167 41 ingående
470 1112 255 42 anslagsposten
750 1115 18 30 å
793 1114 99 38 5,000
916 1113 125 32 kronor
1060 1114 54 31 för
1130 1114 61 31 här
1207 1114 262 41 ifrågavarande
1485 1114 159 33 ändamål

149 1168 44 40 på
228 1169 92 29 extra
355 1169 66 29 stat
456 1166 164 32 beräknat
656 1167 120 38 68,000
800 1167 126 32 kronor
950 1167 79 32 eller
1053 1168 99 38 2,300
1176 1168 124 32 kronor
1325 1179 92 21 mera
1441 1173 43 27 än
1507 1168 136 33 inneva-

149 1220 104 32 rande
277 1219 176 42 budgetår.

193 1274 16 31 I
243 1274 56 32 det
333 1273 168 33 ordinarie
537 1274 378 42 reservationsanslaget
949 1274 51 32 till
1035 1274 41 32 de
1112 1274 173 33 allmänna
1312 1275 197 33 läroverken
1534 1276 109 32 finnes

149 1327 104 32 sedan
287 1328 80 31 flera
402 1329 38 30 år
473 1327 141 33 tillbaka
649 1331 172 38 upptagen
856 1339 42 21 en
922 1328 214 42 anslagspost
1160 1330 19 30 å
1205 1330 96 37 7,500
1326 1329 126 32 kronor
1476 1330 49 31 till
1549 1332 94 30 extra

148 1381 148 32 arvoden
331 1383 34 30 åt
400 1381 405 33 handarbetslärarinnor.
854 1382 196 33 Härutöver
1083 1384 100 40 utgår
1218 1384 53 31 för
1305 1383 231 33 innevarande
1560 1383 82 33 bud-

148 1437 94 39 getår
264 1435 51 31 till
338 1438 94 29 extra
456 1437 138 30 arvoden
618 1438 35 29 åt
677 1436 189 32 lärarinnor
888 1436 15 31 1
925 1436 83 40 slöjd
1027 1436 58 41 för
1101 1436 120 41 flickor
1245 1439 46 29 ett
1314 1436 124 42 belopp
1463 1448 41 21 av
1521 1438 122 37 61,100

148 1489 124 31 kronor
305 1489 78 31 från
419 1488 151 42 anslaget
604 1489 51 31 till
690 1489 148 32 arvoden
874 1491 35 30 åt
931 1489 106 32 lärare
1061 1490 11 31 i
1097 1490 281 41 övningsämnen.
1427 1491 216 31 Beträffande

148 1541 282 42 anslagsbehovet
464 1542 53 31 för
551 1542 200 41 budgetåret
788 1541 190 41 1934/1935
1013 1553 98 22 anser
1150 1543 243 41 Överstyrelsen
1433 1544 118 41 anslag
1589 1545 54 31 för

146 1595 262 42 ifrågavarande
432 1595 159 32 ändamål
616 1596 81 31 böra
720 1597 82 40 utgå
825 1596 80 32 med
930 1596 56 32 det
1008 1596 135 42 belopp,
1168 1597 112 32 vartill
1297 1597 246 41 överstyrelsen
1559 1609 83 30 upp-

148 1649 152 32 skattade
335 1649 239 32 motsvarande
610 1650 182 32 kostnader
815 1651 55 30 för
893 1650 232 32 innevarande
1148 1650 88 32 läsår
1259 1650 79 33 eller
1362 1652 121 37 67,000
1505 1651 135 32 kronor.

147 1703 16 31 I
187 1703 198 41 anslutning
408 1703 114 31 härtill
545 1703 166 32 beräknar
735 1703 374 42 departementschefen
1133 1704 77 32 med
1234 1704 253 32 frånräknande
1511 1716 42 21 av
1575 1704 66 32 den

147 1756 11 31 i
191 1756 56 32 det
281 1756 169 32 ordinarie
475 1757 378 41 reservationsanslaget
877 1757 167 40 ingående
1069 1758 256 41 anslagsposten
1351 1759 20 30 å
1396 1759 97 38 7,500
1517 1759 126 31 kronor

147 1811 53 31 för
235 1810 194 32 ändamålet
463 1812 44 39 på
541 1814 94 28 extra
670 1814 65 28 stat
771 1812 121 38 59,500
917 1812 124 31 kronor
1065 1811 79 32 eller
1171 1813 96 37 1,600
1291 1812 125 32 kronor
1441 1812 131 32 mindre
1597 1817 43 26 än

146 1864 231 32 innevarande
401 1863 174 41 budgetår.

191 1925 65 32 Till
280 1926 41 31 de
345 1936 42 22 av
413 1926 372 40 departementschefen
810 1926 185 41 tillstyrkta
1018 1927 177 41 beloppen,
1221 1927 173 41 nämligen

146 1988 51 31 till
222 1991 91 28 extra
337 1988 150 32 arvoden
512 1990 33 29 åt
569 1988 286 42 teckningslärare
888 2016 435 5 ..sssossssss
1185 1984 64 50 css
1263 1984 64 50 cs.
1350 1990 125 31 kronor
1490 1990 141 38 123,100

166 2053 11 14 »
261 2053 11 14 >
406 2053 11 14 >
517 2053 10 15 >»
567 2042 305 40 gymnastiklärare
889 2069 433 5 ..osossss
1128 2038 44 49 ss
1183 2038 41 49 ss
1235 2038 41 49 ss
1287 2038 38 49 ss
1406 2055 11 14 >
1488 2044 142 37 129,000

166 2107 11 13 »
261 2106 11 15 »
406 2106 11 15 >
517 2106 10 14 >»
568 2095 221 32 musiklärare
805 2122 5 6 .
832 2122 490 6 ..soossss
1074 2091 42 48 ss
1128 2091 42 48 ss
1185 2091 75 48 oss
1284 2091 12 48 s
1406 2108 11 14 »
1508 2097 121 38 68,000

165 2159 12 15 >
261 2160 11 14 »
405 2160 11 14 »
517 2160 10 14 »
567 2148 188 32 lärarinnor
778 2149 10 31 i
813 2149 88 41 slöjd
926 2150 54 31 för
1003 2150 116 31 flickor
1157 2176 164 5 .......
1406 2161 10 14 >
1507 2151 122 36 59,500

1089 2212 78 32 eller
1191 2212 117 32 inalles
1337 2213 125 31 kronor
1486 2214 153 37 379,600,

146 2281 69 38 bör,
241 2283 98 30 anför
363 2282 384 40 departementschefen,
772 2283 58 31 vid
857 2282 97 32 bifall
979 2283 49 31 till
1054 2283 161 40 förslaget
1239 2294 54 20 om
1318 2283 192 31 inrättande
1535 2294 41 21 av
1594 2286 46 29 ett

146 2337 75 37 nytt
256 2335 153 31 läroverk
445 2335 7 30 i
491 2335 160 31 Bromma
687 2335 114 40 läggas
838 2339 46 27 ett
920 2335 121 41 belopp
1067 2347 41 21 av
1134 2337 98 36 3,920
1255 2336 134 31 kronor.
1438 2336 72 31 Den
1535 2336 105 31 totala

146 2387 227 32 slutsumman
399 2388 107 31 skulle
531 2388 97 31 alltså
652 2388 45 31 bli
723 2390 142 37 383,520
891 2389 133 37 kronor,
1042 2389 229 31 innebärande
1289 2400 40 20 en
1347 2389 292 32 kostnadsminsk-

147 2441 82 40 ning
264 2452 41 20 av
335 2442 66 30 480
426 2441 122 32 kronor
573 2441 8 31 i
606 2441 194 40 jämförelse
825 2442 78 31 med
928 2442 239 32 motsvarande
1192 2442 117 40 anslag
1333 2443 53 30 för
1410 2442 229 32 innevarande

146 2494 173 40 budgetår.
