1882 2776
269 191 18 29 8
623 192 402 39 Bevillningsutskottets
1047 193 218 31 betänkande
1285 203 43 20 nr
1347 194 53 31 34.

269 289 106 20 resor.
394 280 181 29 Nämnden
594 280 64 30 har
677 281 85 29 även
780 281 12 29 i
811 280 111 40 övrigt
940 281 76 30 haft
1035 281 149 30 kontakt
1203 283 78 29 med
1301 283 110 29 andra
1430 283 326 41 intresseorganisa-

269 333 113 29 tioner
398 333 54 30 för
467 335 49 29 att
531 334 142 29 komma
689 334 91 29 fram
797 334 53 30 till
866 334 210 39 godtagbara
1092 335 177 39 lösningar
1286 345 43 20 av
1344 336 229 31 förevarande
1589 338 166 39 problem.

314 387 175 30 Utskottet
509 387 59 29 vill
590 387 173 39 härjämte
785 387 117 30 erinra
922 396 56 21 om
999 390 51 28 att
1074 388 83 30 1950
1179 389 55 29 års
1256 389 415 41 skattelagssakkunniga
1693 392 63 30 har

269 440 55 29 för
349 440 113 30 avsikt
485 442 50 28 att
559 441 111 29 under
694 441 73 30 året
791 441 192 39 framlägga
1008 443 49 28 ett
1081 442 130 40 förslag
1234 452 57 20 om
1318 444 151 29 ändrade
1494 443 262 32 bestämmelser

269 493 54 30 för
342 493 192 40 beräkning
552 503 42 21 av
613 494 153 30 inkomst
785 504 43 20 av
846 494 119 39 tjänst.
984 494 179 40 Förslaget
1182 496 62 29 har
1263 496 176 40 uppgivits
1459 497 92 39 syfta
1571 497 52 30 till
1643 500 49 28 att
1712 499 43 29 nå

269 548 347 29 överensstämmelse
633 548 127 29 mellan
777 548 204 40 preliminär
997 548 65 30 och
1081 548 117 40 slutlig
1216 549 94 30 skatt
1327 550 55 29 för
1400 550 151 30 flertalet
1568 551 187 39 löntagare,

268 600 109 31 vilket
399 601 110 30 skulle
530 601 138 40 uppnås
690 609 124 32 genom
837 603 50 28 att
908 602 128 39 avdrag
1057 602 56 29 för
1135 603 219 30 intäkternas
1377 603 230 31 förvärvande
1629 604 127 30 beträf-

271 654 105 30 fande
399 654 153 30 inkomst
576 664 42 20 av
641 655 109 39 tjänst
773 655 141 39 medges
936 655 106 39 enligt
1065 655 94 31 vissa
1183 656 215 30 schabloner.
1422 657 64 30 Det
1511 666 102 31 synes
1637 658 119 29 kunna

269 707 218 35 förutsättas,
517 710 50 29 att
598 708 42 30 de
670 708 222 40 sakkunniga
921 708 120 31 därvid
1072 709 55 29 får
1157 710 188 40 anledning
1375 711 177 39 överväga,
1583 711 173 31 huruvida

269 761 102 30 deras
395 761 129 40 förslag
547 761 62 30 bör
633 762 180 30 föranleda
838 762 113 40 någon
975 762 149 40 ändring
1148 772 41 21 av
1212 763 161 39 gällande
1397 764 260 30 bestämmelser
1680 765 11 29 i
1715 766 41 29 de

270 815 233 37 hänseenden,
522 824 121 21 varom
662 824 46 21 nu
727 816 38 29 är
784 815 110 40 fråga.

315 868 74 30 Vad
406 868 105 40 angår
528 869 41 29 de
586 869 10 29 i
613 869 177 29 motionen
808 869 29 29 I:
854 868 62 30 334
932 869 10 29 i
959 869 111 40 övrigt
1086 870 146 29 berörda
1249 870 166 39 frågorna
1433 880 101 30 synes
1553 872 86 30 även
1656 873 101 29 dessa

270 931 75 20 som
365 931 88 20 ovan
472 923 142 28 nämnts
634 923 156 29 närmast
811 932 80 21 avse
910 923 279 30 förvärvskällan
1210 924 156 29 inkomst
1386 933 41 21 av
1446 924 122 39 tjänst.
1590 925 167 30 Motionä-

270 984 61 21 ren
353 976 129 29 vänder
503 975 51 40 sig
574 978 73 28 mot
668 978 49 27 att
739 976 130 39 avdrag
889 976 11 29 i
921 976 117 30 alltför
1061 978 72 28 stor
1154 977 245 39 utsträckning
1419 977 210 31 bestämmes
1651 979 106 39 enligt

272 1029 204 29 schabloner
497 1029 65 30 och
584 1029 130 30 önskar
736 1038 43 20 en
800 1030 171 39 prövning
993 1039 96 21 mera
1112 1030 80 30 från
1213 1031 61 28 fall
1298 1030 53 30 till
1374 1031 71 30 fall.
1467 1031 177 31 Utskottet
1666 1032 58 29 vill
1747 1033 10 28 i

271 1082 189 39 anledning
477 1083 108 30 härav
603 1082 198 35 framhålla,
820 1085 50 28 att
888 1084 92 29 detta
998 1084 157 39 yrkande
1175 1083 124 30 strider
1317 1087 74 27 mot
1409 1085 40 29 de
1467 1085 55 29 för
1541 1086 217 29 närvarande

270 1136 95 29 inom
393 1136 371 39 lagstiftningsarbetet
792 1137 264 30 framträdande
1084 1138 232 29 strävandena
1343 1138 52 29 till
1422 1147 41 21 en
1489 1138 200 40 förenkling
1715 1149 43 20 av

272 1189 95 30 såväl
401 1189 395 40 taxeringsförfarandet
831 1199 74 21 som
937 1190 414 40 beskattningsreglerna.
1385 1191 135 30 Jämväl
1554 1192 205 30 riksskatte-

271 1244 196 29 nämndens
487 1243 116 30 arbete
622 1243 54 30 för
696 1243 240 40 likformighet
954 1244 64 29 och
1038 1244 145 30 rättvisa
1203 1245 10 29 i
1232 1245 202 39 taxeringen
1454 1245 71 30 kan
1546 1246 100 39 sägas
1667 1246 92 39 syfta

271 1296 52 30 till
344 1298 51 28 att
420 1297 4 29 i
444 1297 197 39 möjligaste
661 1297 81 30 mån
762 1297 157 30 undvika
939 1298 60 29 allt
1018 1298 56 29 för
1096 1300 93 28 stora
1208 1298 171 30 olikheter
1399 1299 10 29 i
1430 1299 265 40 tillämpningen
1717 1309 41 20 av

272 1350 412 40 beskattningsreglerna.
712 1351 149 29 Särskilt
886 1350 58 31 vill
971 1351 192 30 emellertid
1189 1352 171 29 utskottet
1387 1352 119 30 därvid
1532 1353 91 39 peka
1648 1353 43 39 på
1718 1354 41 29 de

273 1403 433 40 skattelagssakkunnigas
726 1405 246 30 ovannämnda
993 1405 142 39 förslag,
1156 1405 106 31 vilket
1281 1405 40 39 ju
1345 1415 97 20 avser
1463 1408 50 27 att
1533 1406 75 39 just
1630 1407 10 28 i
1661 1407 98 39 fråga

271 1466 58 20 om
351 1457 154 31 inkomst
526 1467 42 20 av
590 1457 110 40 tjänst
722 1458 143 30 komma
887 1458 90 29 fram
1000 1458 52 29 till
1074 1459 11 28 i
1109 1459 125 29 största
1256 1459 145 39 möjliga
1423 1460 244 39 utsträckning
1689 1460 70 29 för-

271 1511 148 30 enklade
442 1511 203 29 schabloner
667 1511 53 30 för
741 1511 194 40 beräkning
956 1521 40 20 av
1018 1512 130 39 avdrag
1169 1512 54 30 för
1244 1513 248 29 omkostnader
1515 1513 55 30 för
1592 1513 167 30 intäkter-

271 1573 64 21 nas
354 1565 240 30 förvärvande.
614 1565 12 28 I
646 1565 91 30 detta
756 1565 76 39 läge
852 1574 100 30 synes
971 1566 56 29 det
1046 1566 170 30 utskottet
1234 1566 77 29 icke
1331 1566 83 30 böra
1432 1566 256 40 ifrågakomma
1707 1569 49 28 att

270 1618 189 30 verkställa
481 1627 42 21 en
547 1618 186 40 utredning
756 1619 11 28 i
792 1619 90 39 syfte
906 1620 49 29 att
978 1619 244 30 åstadkomma
1245 1628 42 21 en
1311 1629 96 22 mera
1431 1620 203 30 individuell
1658 1622 99 38 pröv-

270 1671 84 39 ning
373 1672 44 29 än
437 1681 72 20 som
528 1681 48 20 nu
597 1672 78 29 sker
693 1682 41 20 av
752 1673 70 30 rätt
841 1672 52 30 till
912 1673 127 39 avdrag
1058 1673 55 29 för
1133 1673 219 30 intäkternas
1371 1673 241 31 förvärvande.

314 1725 52 30 Av
384 1725 147 39 angivna
551 1726 76 29 skäl
645 1726 181 39 avstyrker
845 1726 169 30 utskottet
1033 1727 41 29 de
1094 1727 228 29 förevarande
1342 1727 228 30 motionerna.

313 1778 118 31 Under
451 1779 217 39 åberopande
689 1789 40 20 av
748 1780 66 29 vad
837 1779 146 30 sålunda
1003 1780 137 29 anförts
1160 1780 54 29 får
1234 1780 172 30 utskottet
1424 1781 196 34 hemställa,

581 1850 34 34 1)
645 1852 50 28 att
711 1850 180 30 motionen
909 1851 27 29 I:
953 1850 63 30 334
1033 1861 42 20 av
1092 1851 80 30 herr
1189 1851 156 30 Franzén
1364 1861 55 20 om
1436 1861 42 20 en
1496 1853 148 38 översyn
1661 1852 94 30 inom

533 1904 371 30 riksskattenämnden
928 1914 41 20 av
993 1905 307 39 avdragsreglerna
1325 1905 58 30 vid
1406 1906 157 39 taxering
1587 1906 51 30 till
1664 1906 92 30 skatt

533 1957 77 30 icke
628 1958 106 29 måtte
752 1958 181 29 föranleda
952 1958 113 39 någon
1084 1958 205 39 riksdagens
1307 1958 136 39 åtgärd;
1465 1961 91 28 samt

579 2011 36 33 2)
646 2013 49 28 att
721 2011 179 30 motionen
928 2012 44 29 II:
989 2011 63 30 434
1080 2021 42 20 av
1148 2012 56 29 fru
1232 2012 159 39 Löfqvist
1417 2012 63 30 och
1507 2013 58 29 fru
1593 2012 161 29 Ericsson

533 2065 10 28 i
570 2064 107 30 Luleå
702 2065 178 39 angående
906 2065 267 39 beskattningen
1199 2075 41 20 av
1265 2075 90 20 rese-
1381 2066 61 29 och
1469 2066 287 29 traktamentser-

535 2118 194 39 sättningar
752 2119 55 29 för
830 2119 172 29 anställda
1024 2119 10 29 i
1057 2119 137 30 enskild
1216 2119 111 39 tjänst
1350 2119 74 30 icke
1446 2119 108 30 måtte
1576 2119 178 30 föranleda

533 2171 115 40 någon
667 2172 206 39 riksdagens
893 2172 130 39 åtgärd.

315 2251 200 29 Stockholm
533 2252 66 29 den
618 2252 40 29 30
675 2261 94 21 mars
789 2252 94 32 1954.

696 2341 47 30 På
762 2341 399 39 bevillningsutskottets
1180 2343 144 38 vägnar:

836 2413 149 29 ADOLV
1005 2413 179 30 OLSSON.
