1884 2792
266 137 19 30 8
734 144 263 28 Statsutskottets
1021 145 166 29 utlåtande
1209 154 39 20 nr
1271 147 29 27 5.

321 214 82 41 13:0)
436 216 310 41 Förlikningsmän
779 218 56 31 för
867 219 155 40 medling
1049 219 13 31 i
1085 219 249 33 arbetstvister
1356 230 43 22 m.
1423 230 54 22 m.:
1503 221 266 34 Omkostnader.

268 264 19 30 I
312 264 149 41 enlighet
482 265 80 31 med
584 265 124 42 Kungl.
734 266 120 42 Maj:ts
878 267 129 43 förslag
1035 268 120 41 (punkt
1178 270 47 37 13,
1250 281 25 20 s.
1301 270 66 41 31),
1392 270 106 32 vilket
1520 270 141 32 innebär
1685 271 86 32 oför-

269 315 127 32 ändrad
421 317 321 43 medelsanvisning,
769 319 197 32 hemställer
988 320 178 38 utskottet,

566 396 50 29 att
643 393 180 42 riksdagen
853 397 53 28 må
934 393 54 33 till
1017 396 297 42 Förlikningsmän
1342 399 54 39 för
1424 399 149 41 medling
1605 401 10 30 i
1642 401 126 30 arbets-

522 446 120 32 tvister
669 457 40 21 m.
738 458 57 20 m.:
827 447 247 33 Omkostnader
1101 450 53 31 för
1181 449 203 42 budgetåret
1412 451 137 32 1949/50
1578 452 114 32 anvisa
1721 455 51 29 ett

521 498 268 43 förslagsanslag
811 510 42 20 av
878 500 113 31 30000
1016 500 132 32 kronor.

320 607 82 42 14:0)
434 609 237 42 Mödrahjälp.
704 610 18 31 I
756 610 154 43 enlighet
946 612 79 31 med
1059 612 125 42 Kungl.
1219 614 117 41 Maj:ts
1370 614 127 42 förslag
1524 615 121 42 (punkt
1668 617 50 38 14,
1743 627 26 21 s.

264 658 145 42 31-—34),
432 659 107 32 vilket
560 660 143 32 innebär
726 672 42 20 en
792 663 44 40 på
858 662 166 41 grundval
1047 673 40 21 av
1110 663 300 42 medelsåtgången
1433 665 111 32 under
1566 665 205 42 budgetåret

267 708 137 33 1947/48
436 709 176 33 beräknad
645 711 198 42 minskning
877 723 39 21 av
939 713 158 41 anslaget
1119 713 77 32 med
1219 714 19 31 2
1250 714 138 33 000000
1409 715 137 40 kronor,
1570 716 201 33 hemställer

266 758 178 40 utskottet,

563 814 50 29 att
638 812 181 41 riksdagen
843 815 55 29 må
921 813 55 32 till
1002 813 217 42 Mödrahjälp
1247 815 53 31 för
1326 816 203 41 budgetåret
1556 816 136 32 1949/50
1717 829 53 20 an-

519 863 74 31 visa
614 865 47 29 ett
680 864 270 43 förslagsanslag
968 876 39 20 av
1029 866 38 30 13
1080 866 61 31 000
1153 866 60 31 000
1232 866 131 32 kronor.

319 964 83 42 15:0)
424 966 468 42 Mödrahjälpsnämnderna.
915 967 18 32 I
955 968 154 42 enlighet
1132 969 77 31 med
1228 969 128 42 Kungl.
1373 970 116 42 Maj:ts
1505 971 129 42 förslag
1647 971 123 43 (punkt

269 1014 48 38 15,
343 1025 24 21 s.
391 1015 40 30 34
454 1015 63 31 och
541 1015 68 41 35),
633 1015 106 32 vilket
761 1016 141 31 innebär
925 1017 206 31 oförändrad
1154 1017 318 43 medelsanvisning,
1496 1019 197 32 hemställer
1718 1024 47 28 ut-

268 1065 136 38 skottet,

559 1147 53 30 att
639 1145 181 42 riksdagen
849 1149 53 28 må
930 1147 53 31 till
1011 1146 446 42 Mödrahjälpsnämnderna
1486 1149 53 32 för
1568 1150 203 42 budgetåret

520 1197 135 31 1949/50
676 1198 117 31 anvisa
814 1200 50 29 ett
884 1198 265 42 förslagsanslag
1169 1210 40 21 av
1230 1200 62 31 200
1304 1200 61 31 000
1385 1200 133 32 kronor.

320 1298 82 41 16:0)
424 1299 135 40 Bidrag
581 1300 57 31 till
661 1300 196 33 avlönande
879 1309 45 24 av
946 1301 328 34 hemvårdarinnor.
1298 1302 126 42 Kungl.
1448 1304 100 41 Maj:t
1571 1304 61 32 har
1646 1305 122 42 (punkt

267 1348 49 37 16,
341 1358 26 21 s.
392 1347 136 42 35—38)
559 1348 178 41 föreslagit
760 1348 181 42 riksdagen
965 1349 51 31 att
1040 1349 73 31 dels
1137 1350 163 41 medgiva,
1328 1353 50 29 att
1401 1351 109 32 under
1532 1352 234 32 kalenderåret

267 1399 83 31 1950
372 1399 211 44 statsbidrag
603 1402 54 29 må
679 1402 81 39 utgå
781 1400 55 31 för
857 1400 102 42 högst
979 1401 19 31 3
1013 1402 62 30 100
1096 1402 298 32 heltidsanställda
1415 1403 83 32 eller
1521 1404 153 32 däremot
1695 1416 70 20 sva-

266 1451 103 31 rande
396 1454 90 30 antal
514 1451 303 33 deltidsanställda
841 1452 306 39 hemvårdarinnor,
1174 1453 72 32 dels
1274 1454 63 31 ock
1362 1455 53 30 till
1442 1455 130 43 Bidrag
1597 1456 55 32 till
1678 1457 87 31 avlö-

265 1503 113 31 nande
398 1514 41 21 av
457 1503 302 31 hemvårdarinnor
778 1504 53 31 för
851 1504 203 40 budgetåret
1074 1505 134 32 1949/50
1230 1506 117 32 anvisa
1369 1509 49 29 ett
1437 1507 268 43 förslagsanslag
1724 1520 40 20 av

266 1555 18 29 2
299 1554 60 32 735
372 1555 61 31 000
454 1555 134 31 kronor.

318 1658 260 42 Ifrågavarande
604 1659 117 41 anslag
748 1660 36 29 är
810 1660 53 30 för
888 1660 227 31 innevarande
1140 1660 166 41 budgetår
1331 1661 140 41 uppfört
1495 1662 78 30 med
1598 1662 16 31 3
1630 1662 60 31 735
1703 1663 62 31 000

264 1709 133 32 kronor.

319 1761 119 42 Enligt
454 1762 226 42 kungörelsen
697 1763 66 31 den
779 1763 39 31 31
837 1763 176 31 december
1032 1764 80 30 1943
1128 1764 76 31 med
1221 1764 74 31 däri
1312 1775 117 21 senare
1446 1765 123 41 gjorda
1584 1766 181 42 ändringar

265 1816 55 29 må
342 1814 210 41 statsbidrag
575 1815 52 31 för
649 1814 187 32 avlönande
860 1826 40 20 av
922 1815 279 32 hemvårdarinna
1224 1818 82 39 utgå
1328 1816 53 31 till
1405 1816 161 32 kommun
1590 1817 90 41 eller,
1704 1818 61 31 där

264 1865 159 31 kommun
441 1866 30 41 ej
491 1865 158 32 bedriver
666 1866 105 34 social
788 1866 416 42 hemhjälpsverksamhet,
1222 1867 55 31 till
1296 1867 134 32 enskild
1447 1869 316 42 sammanslutning,

265 1927 74 21 som
355 1917 166 32 anordnat
536 1917 96 42 dylik
646 1918 317 41 hjälpverksamhet.
994 1918 217 42 Statsbidrag
1226 1921 99 40 utgår
1340 1939 41 3 —
1397 1920 108 31 under
1520 1921 244 41 förutsättning

264 1971 52 29 att
334 1968 304 32 hemvårdarinnan
657 1969 151 41 åtnjuter
826 1969 93 32 vissa
937 1970 12 30 i
970 1969 226 42 kungörelsen
1217 1971 146 41 angivna
1382 1971 250 32 löneförmåner
1648 1991 44 4 —
1709 1973 56 31 för

264 2019 279 32 heltidsanställd
563 2020 338 42 befattningshavare
921 2022 76 31 med
1021 2022 93 31 1400
1133 2022 122 31 kronor
1277 2023 53 31 för
1352 2024 36 29 år
1409 2026 89 29 samt
1518 2024 40 31 fr.
1582 2034 28 22 o.
1634 2036 40 19 m.
1698 2024 65 32 den

266 2073 16 29 1
311 2072 131 41 januari
471 2073 82 30 1949
580 2073 55 31 för
660 2072 278 33 deltidsanställd
964 2073 335 42 befattningshavare
1327 2074 77 32 med
1429 2076 19 30 4
1475 2075 126 32 kronor
1627 2076 54 31 för
1706 2076 57 31 hel

266 2123 183 42 arbetsdag
463 2123 93 38 eller,
575 2124 43 31 då
631 2123 114 33 arbete
759 2125 106 40 pågår
879 2124 122 32 endast
1016 2124 55 32 del
1087 2136 39 20 av
1142 2125 191 42 arbetsdag,
1348 2126 77 31 med
1438 2126 41 31 50
1496 2128 58 30 öre
1570 2127 55 31 för
1638 2126 125 33 arbets-

264 2175 125 31 timme.
425 2175 177 42 Därjämte
626 2175 96 32 skola
744 2186 42 21 av
810 2176 198 32 statsmedel
1033 2175 81 43 utgå
1134 2177 168 41 stadgade
1325 2177 243 43 ålderstillägg.
1605 2179 67 31 Till
1695 2179 68 31 hel-

263 2226 221 33 tidsanställd
504 2227 281 32 hemvårdarinna
805 2228 92 31 inom
917 2227 280 33 kallortsområde
1219 2229 87 33 skall
1326 2230 39 30 fr.
1388 2241 28 20 o.
1439 2241 41 19 m.
1504 2230 66 31 den
1593 2231 15 30 1
1630 2231 132 41 januari

265 2278 81 31 1949
370 2280 79 40 utgå
471 2278 274 42 kallortstillägg.
783 2279 142 32 Oavsett
948 2280 66 31 vad
1038 2279 141 33 sålunda
1203 2280 139 42 stadgas
1367 2283 54 29 må
1443 2282 220 42 statsbidrag,
1687 2282 75 31 obe-

263 2329 122 32 räknat
402 2330 122 42 bidrag
542 2330 56 31 till
618 2330 234 42 ålderstillägg
872 2331 61 31 och
953 2331 272 42 kallortstillägg,
1247 2332 30 41 ej
1301 2335 80 39 utgå
1399 2333 54 33 till
1473 2335 110 40 någon
1602 2333 159 31 kommun

263 2380 78 31 med
357 2381 103 41 högre
478 2382 224 39 sammanlagt
715 2381 128 42 belopp
857 2384 41 29 än
914 2393 73 21 som
1002 2385 195 39 motsvarar,
1213 2383 65 32 vad
1294 2386 103 40 angår
1409 2384 87 38 stad,
1513 2385 41 31 35
1571 2385 123 31 kronor
1708 2385 55 31 för

263 2431 95 42 varje
374 2432 158 42 påbörjat
547 2432 183 32 hundratal
747 2444 39 20 av
804 2433 138 32 stadens
960 2434 204 40 folkmängd,
1182 2435 62 31 och
1263 2435 65 31 vad
1345 2438 102 38 angår
1463 2447 112 21 annan
1592 2436 169 39 kommun,
