1886 2792
267 120 40 31 20
734 123 262 29 Statsutskottets
1018 123 168 29 utlåtande
1208 132 38 19 nr
1270 124 28 27 5.

313 193 479 42 Arbetsmarknadsstyrelsen
812 194 61 31 har
894 193 108 32 under
1021 193 189 42 antagande
1231 204 41 21 av
1292 204 42 21 en
1353 193 367 32 understödsfrekvens
1741 196 21 28 å

263 245 46 38 2,0
342 245 105 42 dagar
477 257 59 30 per
566 246 201 31 årsmedlem
797 245 166 32 beräknat
992 245 277 32 medelsbehovet
1299 247 53 30 för
1382 248 97 29 nästa
1508 245 169 42 budgetår
1706 246 54 31 till

263 298 91 30 7700
367 297 61 31 000
448 297 132 31 kronor.
611 297 82 32 Med
712 298 131 41 hänsyn
862 297 53 32 till
937 299 51 30 att
1006 297 236 31 motsvarande
1263 297 99 32 siffra
1384 298 53 30 för
1456 299 37 29 år
1513 298 79 30 1947
1613 297 147 42 uppgick

262 349 53 30 till
336 349 124 31 endast
481 350 45 36 1,7
550 349 62 30 har
633 349 373 41 departementsehefen
1028 349 76 31 med
1127 349 292 41 understrykande
1441 360 41 21 av
1504 349 224 31 osäkerheten
1749 349 11 30 i

262 399 268 42 beräkningarna
549 400 162 40 förordat,
733 403 50 30 att
803 401 155 41 anslaget
977 401 52 31 för
1049 401 101 32 nästa
1169 401 167 41 budgetår
1355 401 164 41 uppföres
1540 401 77 31 med
1639 403 51 30 ett
1708 401 52 31 be-

263 451 80 42 lopp
362 462 41 21 av
420 452 20 31 6
454 452 60 31 800
526 452 60 31 000
604 452 131 32 kronor.

318 545 184 41 Utskottet,
519 557 72 20 som
608 546 74 31 icke
701 545 111 32 funnit
828 546 183 42 anledning
1027 546 54 32 till
1098 546 135 32 erinran
1251 548 71 29 mot
1337 546 127 42 Kungl.
1482 546 120 41 Maj:ts
1621 546 136 42 förslag,

261 595 205 39 hemställer,

553 659 51 30 att
628 657 179 42 riksdagen
832 659 55 29 må
910 657 54 32 till
988 659 129 41 Bidrag
1141 659 54 32 till
1220 660 146 31 erkända
1390 658 369 32 arbetslöshetskassor

512 709 53 30 för
594 709 204 41 budgetåret
830 709 138 31 1949/50
996 709 118 31 anvisa
1144 710 51 31 ett
1224 709 269 41 förslagsanslag
1521 720 40 20 av
1592 709 16 31 6
1624 710 61 30 800
1697 710 62 30 000

510 760 133 31 kronor.

309 872 84 41 38:0)
416 873 217 41 Kristillägg
654 874 59 32 till
736 875 156 31 erkända
915 875 391 32 arbetslöshetskassor.
1329 874 19 31 I
1371 874 153 41 enlighet
1539 874 78 31 med
1633 874 128 42 Kungl.

261 921 117 42 Maj:ts
396 922 129 40 förslag
545 922 122 42 (punkt
682 923 50 37 48,
749 934 25 20 s.
792 923 151 40 89—91),
960 922 105 35 vilket
1081 922 143 32 innebär
1239 934 40 20 en
1295 923 143 42 höjning
1453 933 41 20 av
1510 922 157 42 anslaget
1683 923 76 31 med

262 973 59 31 100
333 974 61 31 000
413 973 133 39 kronor,
566 974 198 31 hemställer
782 974 177 38 utskottet,

553 1052 50 30 att
639 1050 182 42 riksdagen
858 1053 54 29 må
937 1051 54 32 till
1018 1053 205 41 Kristillägg
1248 1052 53 32 till
1327 1053 147 32 erkända
1501 1053 258 31 arbetslöshets-

511 1103 119 31 kassor
668 1102 55 31 för
757 1102 204 42 budgetåret
998 1103 136 31 1949/50
1171 1103 118 31 anvisa
1326 1104 51 30 ett
1414 1103 268 41 förslagsanslag
1719 1114 40 20 av

512 1154 90 31 1500
616 1154 62 31 000
694 1154 130 31 kronor.

309 1264 85 42 39:0)
426 1266 191 40 Planering
639 1276 46 22 av
707 1267 176 32 allmänna
905 1267 156 33 arbeten.
1085 1267 18 31 I
1127 1267 153 41 enlighet
1303 1267 79 31 med
1405 1267 127 41 Kungl.
1556 1267 118 41 Maj:ts
1697 1267 63 32 för-

261 1314 72 42 slag
363 1314 122 42 (punkt
507 1315 49 37 53,
582 1326 25 20 s.
634 1315 68 41 93),
728 1315 104 32 vilket
855 1315 140 31 innebär
1020 1318 50 31 att
1094 1315 155 41 anslaget
1272 1315 136 32 anvisas
1433 1315 77 31 med
1535 1317 51 30 ett
1609 1315 151 32 formellt

259 1365 133 43 belopp,
416 1366 198 32 hemställer
636 1366 176 38 utskottet,

553 1444 51 30 att
625 1442 181 42 riksdagen
828 1444 54 29 må
904 1442 55 32 till
981 1441 183 44 Planering
1186 1455 40 21 av
1248 1444 171 33 allmänna
1440 1445 140 31 arbeten
1603 1444 54 30 för
1678 1443 81 31 bud-

509 1496 131 39 getåret
660 1494 135 31 1949/50
813 1494 119 31 anvisa
949 1497 49 29 ett
1014 1494 350 42 reservationsanslag
1383 1505 41 21 av
1444 1495 59 31 100
1520 1495 134 32 kronor.

482 1683 302 40 Förbättrande
811 1696 53 27 av
890 1684 487 40 bostadsförhållandena
1404 1696 53 28 m.
1485 1696 53 28 m.

305 1784 86 42 40:o)
415 1785 143 34 Statens
587 1787 131 32 nämnd
739 1787 56 32 för
816 1788 321 40 samlingslokaler.
1171 1787 19 32 I
1213 1787 152 41 enlighet
1388 1787 78 32 med
1489 1787 127 42 Kungl.
1641 1787 118 43 Maj:ts

258 1835 127 42 förslag
409 1835 123 42 (punkt
551 1837 49 37 62,
623 1847 25 21 s.
671 1837 170 41 99—102),
863 1837 108 33 vilket
991 1838 142 31 innebär
1154 1849 41 21 en
1215 1838 211 42 nedräkning
1446 1850 40 20 av
1508 1839 156 42 anslaget
1683 1839 77 32 med

257 1887 19 31 2
289 1887 59 32 200
370 1887 134 39 kronor,
528 1888 198 31 hemställer
748 1889 175 38 utskottet,

551 1967 51 29 att
626 1964 182 42 riksdagen
833 1967 54 29 må
913 1965 54 32 till
993 1966 140 32 Statens
1158 1967 124 31 nämnd
1306 1967 55 40 för
1386 1966 296 42 samlingslokaler
1708 1969 52 31 för

507 2015 205 42 budgetåret
739 2016 136 32 1949/50
902 2017 117 33 anvisa
1045 2021 50 29 ett
1122 2018 268 42 förslagsanslag
1418 2030 39 20 av
1485 2019 114 32 27500
1626 2020 132 31 kronor.

304 2125 86 43 41:0)
412 2127 135 41 Bidrag
568 2128 58 31 till
641 2128 227 33 anordnande
884 2137 46 24 av
946 2129 177 32 allmänna
1139 2130 319 40 samlingslokaler.
1476 2130 19 31 I
1510 2130 154 42 enlighet
1679 2130 78 32 med

257 2176 123 42 Kungl.
406 2177 119 42 Maj:ts
550 2177 130 42 förslag
708 2178 119 41 (punkt
850 2179 49 37 63,
926 2190 26 20 s.
980 2180 58 30 102
1063 2179 63 32 och
1153 2180 71 42 103)
1254 2180 197 32 hemställer
1472 2181 179 39 utskottet,

551 2257 50 29 att
631 2254 182 43 riksdagen
843 2257 54 30 må
927 2256 164 42 medgiva,
1125 2259 51 30 att
1206 2257 58 32 det
1293 2260 116 29 senast
1439 2260 19 29 å
1488 2258 186 33 riksstaten
1706 2260 53 31 för

507 2304 204 42 budgetåret
731 2305 134 31 1945/46
886 2303 169 44 uppförda
1076 2307 383 42 reservationsanslaget
1479 2308 52 31 till
1552 2308 128 42 Bidrag
1701 2309 55 31 till

508 2357 215 31 anordnande
748 2367 40 21 av
812 2357 169 32 allmänna
1006 2358 294 42 samlingslokaler
1325 2361 54 29 må
1403 2360 202 41 disponeras
1630 2360 124 41 jämväl

509 2411 107 31 under
641 2410 205 42 budgetåret
873 2411 145 32 1949/50.
