2246 2648
756 231 231 29 Statsutskottets
1015 229 153 29 Utlåtande
1190 229 57 28 N:o
1270 229 19 27 8
1304 237 26 19 a.
1801 224 37 28 15

236 313 239 47 provisionon
515 309 97 37 måst
652 309 100 36 delas
790 308 139 36 mellan
969 307 86 36 flere
1091 313 45 28 än
1166 305 107 44 förut,
1301 303 69 36 och
1398 301 173 37 särskildt
1596 300 96 37 hade
1719 300 121 36 denna

236 365 215 44 minskning
481 361 124 38 blifvit
643 360 143 36 känbar
824 359 48 47 på
900 358 184 45 åtskilliga
1110 357 220 46 postkontor
1356 353 120 37 under
1501 352 41 36 år
1572 354 106 43 1898,
1705 351 47 36 då
1779 351 62 36 det

236 415 217 36 tillkommit
494 414 44 35 75
578 425 76 35 nya
694 410 327 48 postexpeditörer,
1061 407 41 37 af
1132 407 127 37 hvilka
1296 407 45 36 59
1379 404 152 37 anstälts
1564 403 21 36 å
1611 403 229 47 postkontor.

236 466 80 36 Den
353 463 331 46 omständigheten,
711 467 64 30 'att
808 474 42 23 en
882 461 58 35 del
967 459 303 47 posttjenstemän
1297 456 116 37 redan
1440 454 102 37 förut
1566 453 72 37 fått
1665 452 39 37 af
1727 453 112 36 sådan

237 516 201 45 anledning
473 514 207 37 vidkännas
715 512 214 46 minskning
963 511 13 35 i
1008 508 212 50 påräknade
1246 508 212 43 inkomster,
1486 510 122 44 syntes
1637 503 202 38 emellertid

238 568 179 48 styrelsen
445 566 80 36 icke
550 566 130 34 kunna
707 563 176 46 åberopas
909 560 59 37 för
995 560 219 47 rigtigheten
1242 558 41 36 af
1306 558 71 36 den
1406 556 177 47 åtgärden
1611 560 55 31 att
1692 568 50 23 nu
1765 554 77 36 åter

238 618 167 47 företaga
441 630 45 23 en
513 615 225 45 minskning.
788 613 199 36 Dessutom
1013 611 95 36 hade
1136 610 121 45 aldrig
1282 609 102 36 förut
1411 607 117 36 under
1555 607 46 36 de
1627 605 216 38 nuvarande

238 668 397 48 provisionsreglernas
673 665 240 46 tillämpning
952 667 38 32 så
1029 662 136 47 många
1203 673 73 32 nya
1311 658 253 46 befattningar
1600 657 46 48 på
1674 670 45 23 en
1746 656 98 46 gång

238 720 217 36 tillkommit
482 718 69 36 och
577 717 261 47 minskningen
867 716 11 35 i
906 714 164 36 inkomst
1096 711 124 38 blifvit
1245 710 39 37 så
1311 711 95 48 dryg
1433 710 88 36 eller
1540 708 39 37 så
1597 709 148 43 allmän,
1764 720 77 23 som

240 784 50 23 nu
317 771 120 35 skulle
463 768 119 38 blifva
606 767 115 36 fallet.

340 822 16 35 I
392 820 102 36 detta
525 818 174 37 afseende
726 816 94 37 hade
846 815 180 49 styrelsen
1054 815 145 42 erinrat,
1227 813 177 35 hurusom
1433 810 40 36 af
1494 809 240 49 uppgifterna
1760 809 11 35 i
1799 821 44 23 en

240 873 59 35 till
335 872 133 45 Kongl.
496 870 104 46 Maj:t
626 868 175 49 ingifven,
828 868 57 35 till
913 866 178 44 styrelsen
1119 864 58 36 för
1204 862 212 47 afgifvande
1444 860 40 37 af
1507 860 192 37 utlåtande
1725 860 120 35 remit-

240 923 102 37 terad
370 922 209 45 ansökning
606 919 40 36 af
669 919 185 45 åtskilliga
881 921 253 44 postmästare,
1163 914 246 36 kontrollörer
1436 912 68 36 och
1528 910 318 49 postexpeditörer

242 988 57 22 om
340 972 314 45 löneförbättring
694 983 46 22 m.
775 982 46 23 m.
853 967 239 41 inhemtades,
1128 971 63 36 att,
1228 964 151 36 oaktadt
1416 962 216 49 uppbörden
1660 962 63 37 vid
1750 967 96 40 post-

242 1026 181 35 kontoren
465 1022 146 45 ökades,
647 1021 235 49 provisionen
923 1018 177 36 minskats
1146 1029 133 34 genom:
1318 1015 230 35 tillkomsten
1585 1012 41 36 af
1649 1025 75 32 nya
1750 1016 97 42 post-

243 1072 478 50 expeditörsbefattningar,
749 1070 223 47 exempelvis

662 1174 63 35 vid
747 1173 240 48 postkontoret
1013 1171 14 35 i
1056 1169 169 46 Göteborg
1252 1168 42 36 är
1321 1168 112 36 1891:

343 1261 58 36 för
436 1259 208 37 kontrollör
679 1256 41 37 af
754 1261 55 33 2:a
839 1254 225 49 lönegraden
1092 1253 83 36 från
1205 1256 68 33 615
1302 1253 54 35 kr.
1384 1252 58 35 till
1470 1251 70 36 538
1570 1250 53 35 kr.
1651 1249 87 36 eller
1765 1247 83 37 med

246 1316 43 33 77
318 1313 151 42 kronor,

343 1362 59 37 för
437 1360 210 37 kontrollör
682 1358 41 36 af
756 1361 52 32 3:e
839 1355 225 47 lönegraden
1093 1354 81 36 från
1204 1356 70 34 492
1303 1354 53 35 kr.
1384 1353 58 35 till
1469 1354 71 34 430
1568 1351 53 35 kr.
1650 1350 89 36 eller
1765 1349 84 36 med

246 1416 44 34 62
318 1415 151 42 kronor,

344 1464 59 36 för
437 1460 281 50 postexpeditör
753 1458 40 37 af
829 1462 55 33 1:a
921 1456 224 48 lönegraden
1181 1454 82 37 från
1301 1455 70 36 369
1409 1453 53 35 kr.
1497 1452 56 36 till
1583 1453 71 35 323
1683 1451 51 35 kr.
1763 1451 88 35 eller

245 1515 83 38 med
357 1518 46 34 46
432 1515 149 43 kronor,

345 1566 59 36 för
443 1562 281 50 postexpeditör
764 1560 40 36 af
843 1563 58 34 2:a
940 1557 225 46 lönegraden
1201 1556 79 37 från
1316 1557 71 36 328
1417 1555 52 35 kr.
1496 1554 57 35 till
1583 1556 69 33 287
1682 1553 52 35 kr.
1763 1552 89 35 eller

246 1617 82 36 med
357 1621 42 32 41
433 1616 154 43 kronor;

702 1680 60 35 vid
784 1678 241 48 postkontoret
1051 1677 14 35 i
1093 1675 96 46 Gefle
1217 1674 42 36 är
1286 1674 115 36 1895:

348 1750 59 36 för
434 1753 268 43 postmästaren
739 1745 82 36 från
858 1746 110 42 2,000
996 1744 52 35 kr.
1076 1743 58 35 till
1166 1745 100 42 1,776
1295 1741 54 35 kr.
1377 1740 88 36 eller
1491 1738 83 36 med
1605 1741 69 33 224
1706 1737 147 44 kronor,

347 1801 59 36 för
432 1799 254 37 kontrollören
714 1796 80 36 från
824 1799 71 33 775
926 1795 53 35 kr.
1008 1794 57 35 till
1094 1795 70 34 664
1193 1793 53 34 kr.
1273 1792 88 35 eller
1389 1790 83 35 med
1503 1791 63 34 111
1600 1789 147 42 kronor,

348 1851 59 36 för
433 1849 280 48 postexpeditör
740 1847 82 35 från
851 1849 67 33 581
951 1846 53 34 kr.
1031 1844 58 35 till
1117 1846 71 34 498
1217 1843 52 35 kr.
1297 1842 90 36 eller
1414 1840 82 36 med
1526 1843 44 32 83
1600 1840 153 42 kronor;

661 1950 60 35 vid
747 1948 238 48 postkontoret
1012 1947 13 34 i
1057 1944 194 35 Halmstad
1279 1942 42 36 är
1349 1942 109 36 1898:

352 2019 59 37 för
442 2023 268 42 postmästaren
746 2014 83 37 från
869 2016 103 43 1,519
1001 2013 52 35 kr.
1080 2012 57 35 till
1168 2013 103 43 1,392
1300 2010 53 35 kr.
1381 2009 88 36 eller
1496 2007 82 36 med
1610 2008 68 34 127
1707 2006 149 44 kronor,

350 2070 59 35 för
438 2068 277 49 postexpeditör
741 2065 83 36 från
854 2066 70 35 533
953 2064 54 35 kr.
1036 2063 57 35 till
1121 2065 70 33 435
1221 2061 51 35 kr.
1300 2061 89 35 eller
1415 2058 84 36 med
1528 2061 44 32 98
1601 2058 154 42 kronor;

639 2167 61 36 vid
726 2165 239 49 postkontoret
991 2164 14 34 i
1034 2161 234 48 Helsingborg
1296 2160 44 36 år
1368 2160 109 35 1898:

353 2237 59 36 för
439 2235 209 36 kontrollör
676 2233 81 35 från
790 2235 102 40 1,112
923 2231 52 35 kr.
1003 2230 58 35 till
1090 2231 70 34 924
1189 2229 53 34 kr.
1271 2228 90 35 eller
1387 2225 83 36 med
1505 2229 66 32 188
1600 2224 148 42 kronor,

353 2288 58 35 för
438 2284 278 49 postexpeditör
744 2282 79 36 från
853 2284 71 33 593
954 2282 52 34 kr.
1034 2280 57 35 till
1119 2282 70 33 492
1219 2279 52 34 kr.
1299 2278 89 35 eller
1416 2276 82 36 med
1520 2278 64 33 101
1609 2275 152 42 kronor;
1789 2272 66 35 och
