1897 2830
461 183 118 31 Andra
595 183 245 41 lagutskottets
855 182 178 31 utlåtande
1048 191 42 20 nr
1104 182 42 30 33
1160 182 39 30 år
1215 181 83 30 1969
1604 183 18 29 d

139 267 50 28 att
215 265 303 40 familjepolitiska
543 265 208 30 kommittén
777 266 10 28 i
812 265 291 39 tilläggsdirektiv
1129 264 112 30 skulle
1267 272 58 31 ges
1351 264 10 28 i
1388 263 158 39 uppdrag
1573 263 49 28 att

140 319 198 30 undersöka
363 319 270 40 möjligheterna
657 319 52 30 till
736 328 41 21 en
803 329 117 20 annan
946 319 193 39 avvägning
1167 328 41 20 av
1235 317 202 31 samhällets
1466 317 76 30 stöd
1569 316 53 29 till

140 373 301 40 barnfamiljerna.
475 373 120 30 Andra
627 373 228 40 lagutskottet
888 373 218 30 behandlade
1140 372 219 30 motionerna
1393 372 12 29 i
1440 371 59 30 sitt
1534 370 87 30 utlå-

142 428 101 29 tande
266 427 80 29 2LU
370 427 165 29 1968:40.
561 428 13 28 I
598 428 95 29 detta
717 427 158 30 erinrade
899 427 170 30 utskottet
1094 436 56 20 om
1174 426 207 39 riksdagens
1404 425 115 30 beslut
1544 424 79 30 tidi-

141 490 78 31 gare
246 482 110 29 under
382 481 73 30 året
482 482 9 28 i
518 481 99 40 fråga
643 491 56 20 om
726 482 235 38 barnpension
987 481 95 29 inom
1110 479 377 40 folkpensioneringen,
1515 478 108 30 vilket

141 536 111 29 beslut
271 545 75 20 som
363 545 83 30 nyss
464 535 167 40 framgått
648 535 77 40 gick
743 538 38 28 ut
799 535 45 39 på
862 536 49 29 att
929 534 177 41 pågående
1125 534 248 30 reformarbete
1393 533 94 29 inom
1509 532 113 30 famil-

140 590 206 39 jepolitiken
372 590 65 29 och
464 590 66 29 den
558 589 178 30 allmänna
761 589 291 39 pensioneringen
1079 588 117 29 kunde
1224 588 143 29 komma
1396 589 50 27 att
1474 586 149 30 omfatta

141 643 123 40 frågan
286 652 57 21 om
366 643 148 40 höjning
538 653 41 19 av
603 643 265 39 åldersgränsen
893 642 54 30 för
971 641 245 39 barnpension.
1242 641 177 29 Utskottet
1444 640 175 29 fortsatte:

183 698 65 29 Det
267 697 97 30 finns
384 697 106 39 enligt
510 697 188 29 utskottets
718 697 140 39 mening
878 696 188 39 anledning
1087 698 91 31 anta,
1201 697 50 28 att
1272 696 86 28 även
1378 694 57 30 det
1456 693 166 40 problem,

140 751 75 21 som
231 744 54 28 tas
304 751 71 30 upp
392 742 11 29 i
422 742 41 30 de
481 751 47 20 nu
548 742 153 29 aktuella
718 741 229 34 motionerna,
966 741 159 29 kommer
1146 742 49 28 att
1214 740 47 29 bli
1282 738 146 31 föremål
1450 738 54 30 för
1523 739 99 39 pröv-

140 787 82 39 ning
244 787 10 29 i
276 787 58 29 det
355 787 164 29 fortsatta
540 785 339 40 utredningsarbetet
901 785 44 39 på
967 785 153 30 nämnda
1142 784 177 30 områden.
1343 784 71 29 Här
1437 783 58 30 må
1517 783 107 29 också

141 832 164 30 hänvisas
332 831 53 30 till
414 832 57 29 det
500 831 115 30 arbete
645 840 74 20 som
748 830 137 30 bedrivs
915 839 42 20 av
986 829 499 40 familjeskatteberedningen,
1515 828 108 29 vilket

141 877 115 29 arbete
274 877 173 29 beräknas
466 876 154 29 avslutas
639 875 235 30 innevarande
892 874 48 30 år.
960 875 77 29 Med
1055 875 138 38 hänsyn
1210 873 53 30 till
1284 874 55 29 det
1360 873 147 30 anförda
1527 872 95 30 finns

140 922 57 29 det
214 921 107 39 enligt
339 921 188 30 utskottets
546 920 140 39 mening
703 921 71 29 inte
794 920 75 30 skäl
887 919 52 30 till
958 919 104 39 något
1081 919 204 38 riksdagens
1307 917 150 30 initiativ
1476 918 9 29 i
1507 917 115 30 anled-

142 966 82 39 ning
240 975 41 21 av
296 966 335 39 motionsyrkandet.

793 1047 176 32 Utskottet

185 1127 13 29 I
224 1127 227 29 förevarande
477 1127 171 29 motioner
674 1127 180 39 efterlyses
880 1136 43 21 en
950 1127 225 39 samordning
1201 1136 41 20 av
1270 1126 161 40 samtliga
1457 1126 166 39 lagregler

142 1190 73 21 som
237 1181 100 30 berör
356 1181 106 30 barns
484 1180 194 30 underhåll.
700 1181 52 29 En
774 1180 109 30 sådan
905 1180 225 40 samordning
1151 1180 62 30 bör
1236 1180 106 40 enligt
1365 1180 259 30 motionärerna

143 1236 76 29 leda
237 1235 53 29 till
311 1237 50 27 att
381 1236 109 29 större
511 1234 212 40 enhetlighet
744 1234 136 39 uppnås
901 1235 11 29 i
933 1234 269 40 regelsystemet,
1224 1234 121 30 varvid
1367 1234 150 30 särskild
1539 1234 85 30 hän-

143 1298 63 30 syn
220 1289 63 29 bör
296 1292 54 26 tas
364 1289 52 29 till
432 1289 67 28 den
513 1289 118 39 längre
647 1288 205 39 studiegång
868 1297 74 20 som
957 1297 145 20 numera
1117 1288 75 29 ofta
1206 1288 244 30 förekommer.

185 1342 51 29 Av
256 1343 67 29 den
342 1342 208 39 föregående
569 1342 243 39 redogörelsen
832 1341 155 40 framgår
1009 1343 49 29 att
1080 1341 123 40 frågan
1224 1350 57 21 om
1302 1341 122 39 bidrag
1445 1341 52 29 till
1519 1341 105 29 barns

142 1396 184 30 underhåll
353 1396 150 39 regleras
531 1396 9 29 i
567 1398 47 27 ett
642 1397 87 29 stort
756 1395 94 30 antal
878 1395 250 40 författningar
1155 1396 96 29 inom
1279 1395 252 39 familjerätten
1560 1395 64 29 och

143 1450 354 39 socialförsäkringen
513 1452 90 27 samt
619 1450 40 29 de
676 1449 313 40 familjepolitiska,
1008 1449 274 39 socialpolitiska
1298 1449 65 29 och
1380 1448 244 30 studiesociala

143 1504 198 30 områdena.
364 1504 170 39 Reglerna
554 1504 64 29 har
643 1503 201 30 tillkommit
867 1503 188 30 successivt
1078 1503 65 29 och
1165 1503 64 29 har
1252 1503 11 29 i
1287 1504 70 28 stor
1381 1502 244 39 utsträckning

142 1558 89 29 varit
251 1558 147 30 föremål
419 1558 55 29 för
493 1567 44 20 en
557 1557 220 39 fortlöpande
798 1558 157 38 översyn.
976 1556 117 39 Enligt
1115 1557 188 29 utskottets
1324 1556 215 29 bedömande
1561 1556 64 29 har

143 1612 157 39 reglerna
324 1611 188 30 utformats
539 1611 37 30 så
601 1613 50 27 att
675 1620 43 20 en
741 1610 325 30 tillfredsställande
1094 1610 225 39 samordning
1345 1610 279 29 åstadkommits.

143 1665 251 30 Föräldrarnas
424 1664 404 40 underhållsskyldighet
858 1665 65 28 och
954 1665 40 29 de
1026 1673 41 20 av
1099 1664 183 30 samhället
1313 1663 188 30 bekostade
1534 1663 90 30 stöd-

142 1719 177 29 formerna
340 1719 249 36 kompletterar
609 1719 64 29 och
693 1718 133 30 avlöser
846 1718 173 30 varandra
1040 1718 43 36 på
1103 1718 47 29 ett
1173 1718 123 29 sådant
1318 1718 76 34 sätt,
1416 1719 50 28 att
1487 1718 139 29 barnets

143 1773 230 29 ekonomiska
398 1773 159 38 trygghet
585 1773 37 28 är
649 1772 207 38 garanterad
884 1772 89 29 intill
1002 1772 78 29 dess
1107 1772 123 28 barnet
1258 1771 149 39 uppnått
1435 1772 66 28 den
1531 1771 94 29 ålder

144 1827 44 29 då
209 1827 57 29 det
288 1835 123 31 genom
434 1834 86 31 egna
542 1826 192 29 inkomster
757 1825 62 30 bör
841 1826 122 29 kunna
986 1834 101 21 svara
1110 1824 54 30 för
1188 1825 54 30 sin
1266 1824 225 39 försörjning.
1516 1824 109 39 Något

145 1881 110 29 behov
276 1890 41 20 av
337 1890 42 20 en
401 1880 134 30 samlad
557 1881 146 38 översyn
725 1889 41 20 av
787 1880 101 29 dessa
909 1879 110 40 regler
1041 1879 11 29 i
1074 1879 151 39 enlighet
1247 1879 79 29 med
1348 1878 277 30 motionärernas

145 1935 130 39 förslag
291 1934 183 39 föreligger
490 1934 106 39 enligt
612 1934 188 29 utskottets
815 1933 141 39 mening
972 1933 80 28 inte.

188 1989 75 28 Den
280 1988 147 39 tidigare
443 1987 243 39 redogörelsen
703 1987 55 29 för
776 1987 153 29 aktuella
947 1986 492 39 författningsbestämmelser
1457 1987 63 28 har
1541 1988 86 28 även

144 2042 84 40 givit
250 2042 57 29 vid
330 2042 140 29 handen
494 2043 49 28 att
567 2041 202 30 samhällets
794 2041 76 29 stöd
894 2041 52 29 till
970 2040 96 35 barn,
1093 2049 75 21 som
1192 2040 71 29 helt
1288 2040 81 29 eller
1395 2040 108 29 delvis
1529 2039 97 30 ställs

146 2098 84 27 utan
255 2095 222 30 ekonomiskt
503 2094 184 30 underhåll
713 2094 79 29 från
819 2094 40 29 de
886 2103 164 30 personer
1078 2102 75 22 som
1179 2094 152 29 normalt
1357 2094 64 28 har
1449 2095 50 28 att
1527 2102 100 20 svara

144 2150 55 29 för
219 2150 141 29 barnets
383 2149 195 39 uppehälle,
600 2149 64 28 har
687 2148 182 29 anknutits
892 2148 52 29 till
967 2148 94 29 vissa
1082 2147 269 39 åldersgränser.
1375 2147 69 29 När
1469 2147 56 29 det
1552 2149 74 27 t.ex.

146 2203 105 39 gäller
281 2203 221 38 barnbidrag,
532 2201 304 40 bidragsförskott,
867 2201 236 39 barnpension
1134 2201 95 29 inom
1261 2200 366 40 folkpensioneringen

147 2257 63 29 och
235 2256 209 39 barntillägg
471 2256 96 29 inom
595 2254 396 40 socialförsäkringarna
1019 2255 137 39 upphör
1186 2255 112 29 stödet
1327 2254 44 29 då
1398 2254 122 29 barnet
1549 2254 78 39 fyllt

149 2311 38 29 16
209 2310 47 30 år.
280 2310 97 29 Inom
398 2309 431 40 tilläggspensioneringen
851 2309 65 28 och
937 2307 461 40 yrkesskadeförsäkringen
1422 2307 105 40 gäller
1552 2308 75 29 där-

146 2367 92 27 emot
263 2373 42 20 en
330 2364 220 39 åldersgräns
576 2372 42 21 av
644 2363 39 29 19
708 2362 47 30 år.
782 2362 198 39 Riksdagen
1005 2362 64 29 har
1095 2362 110 29 under
1231 2362 41 29 de
1299 2363 135 28 senaste
1462 2361 82 30 åren
1571 2361 57 30 vid

146 2418 89 30 flera
253 2417 163 30 tillfällen
433 2417 78 30 haft
530 2419 50 27 att
598 2418 108 38 pröva
724 2416 124 39 frågan
867 2425 56 20 om
946 2416 265 38 16-årsgränsen
1230 2415 54 30 för
1304 2416 41 29 de
1365 2415 95 30 olika
1479 2415 150 39 familje-

147 2472 165 39 politiska
335 2472 233 29 förmånerna.
594 2471 198 38 Riksdagen
814 2470 63 29 har
900 2470 57 29 vid
980 2470 212 38 behandling
1217 2479 41 20 av
1281 2469 171 29 motioner
1478 2470 8 28 i
1513 2470 116 29 ämnet

147 2526 207 39 föregående
375 2525 37 30 år
434 2525 135 34 uttalat,
592 2526 50 28 att
663 2533 82 21 man
765 2523 117 30 kunde
905 2523 83 39 utgå
1008 2523 80 30 från
1110 2525 50 29 att
1183 2533 42 20 en
1246 2523 147 40 höjning
1417 2532 40 20 av
1480 2524 149 38 gränsen
