2232 2636
438 203 18 37 2
693 207 243 34 Sammansatta
958 211 91 30 stats-
1072 203 56 38 och
1149 205 223 45 lagutskottets
1394 220 41 21 nr
1457 206 25 35 2
1503 209 169 33 utlåtande
1694 207 52 34 Nr
1767 210 28 31 1.

1194 362 20 50 g
1234 362 42 50 2.

539 449 18 36 I
584 449 110 49 fråga
722 462 60 24 om
810 448 267 50 tjänstgöring,
1107 462 82 23 som
1217 449 12 36 i
1260 448 17 49 8
1303 451 12 34 I
1338 449 249 48 omförmäles,
1608 454 74 44 äga
1701 449 331 39 bestämmelserna

437 501 12 36 i
477 501 21 49 8
528 503 47 34 37
604 500 326 50 värnpliktslagen
958 501 82 36 icke
1068 501 252 50 tillämpning.

1194 620 21 50 d
1244 623 34 35 3.

540 707 237 37 Beträffande
804 707 195 37 underhåll
1027 707 70 37 och
1126 707 186 37 förmåner
1338 707 119 37 under
1483 707 12 37 i
1523 706 20 49 &
1574 709 18 34 1
1615 707 140 36 nämnd
1775 707 257 49 tjänstgöring

437 759 119 49 gäller
583 760 74 36 vad
685 759 129 37 därom
842 760 12 35 i
886 759 20 49 $
935 761 47 35 39
1002 759 325 50 värnpliktslagen
1347 759 154 49 stadgas
1520 759 12 36 i
1551 759 113 49 fråga
1683 772 60 23 om
1763 759 268 49 tjänstgöring,

437 825 81 23 som
546 812 12 36 i
586 810 21 50 $
637 813 47 35 36
714 825 111 23 mom.
858 814 17 33 1
907 824 141 23 samma
1075 812 66 48 lag
1168 811 249 37 omförmäles.

1194 930 21 51 8
1235 930 42 51 4.

540 1018 73 36 Till
659 1017 495 49 landstormsbefälsövning
1198 1017 165 37 inkallad
1408 1017 236 49 värnpliktig
1683 1019 72 46 må,
1793 1017 125 37 därest
1958 1017 74 37 han

438 1070 162 49 styrker,
629 1075 55 32 att
725 1070 322 50 tjänstgöringens
1093 1069 239 49 fullgörande
1373 1069 121 37 skulle
1531 1069 136 37 bereda
1703 1069 139 36 honom
1871 1069 88 37 eller
1986 1082 46 23 av

437 1122 95 36 hans
569 1122 128 37 arbete
724 1122 186 37 beroende
937 1127 90 31 nära
1055 1121 183 49 anhöriga
1263 1122 213 48 väsentliga
1503 1121 235 49 svårigheter
1764 1121 89 37 eller
1880 1121 152 48 olägen-

437 1174 114 47 heter,
589 1174 12 36 i
636 1173 78 38 'den
755 1173 174 50 ordning,
971 1174 215 49 Konungen
1227 1173 237 48 bestämmer,
1497 1173 138 36 befrias
1663 1173 90 37 eller
1778 1173 253 37 hemförlovas

436 1225 83 37 från
547 1226 120 49 sagda
694 1226 271 49 tjänstgöring.

1195 1343 21 52 $
1245 1347 33 35 5.

540 1431 149 37 Genom
729 1431 238 50 fullgörande
1005 1445 45 24 av
1078 1431 68 37 här
1173 1431 222 38 omförmäld
1423 1430 498 50 landstormsbefälsövning
1948 1431 85 37 sker

437 1483 83 37 icke
562 1483 164 49 ändring
767 1497 45 23 av
853 1484 72 37 den
965 1483 254 50 värnpliktige
1259 1483 108 49 eljest
1408 1483 203 50 åliggande
1652 1483 380 50 tjänstgöringsskyl-

439 1535 141 49 dighet.

542 1639 132 36 Denna
714 1639 65 49 lag
819 1639 125 36 träder
970 1639 12 36 i
1010 1639 100 36 kraft
1151 1639 83 37 från
1262 1639 70 37 och
1360 1638 84 37 med
1473 1638 124 48 dagen
1626 1637 96 38 efter
1750 1638 85 48 den,
1865 1638 47 36 då
1939 1638 93 36 kun-

439 1691 185 48 görelsen,
653 1691 120 48 enligt
801 1691 89 36 därå
919 1690 195 37 meddelad
1142 1690 165 50 uppgift,
1337 1690 83 37 från
1448 1690 144 49 trycket
1620 1690 202 36 utkommit
1849 1690 12 36 i
1886 1689 147 38 Svensk

439 1742 419 50 författningssamling.

542 2000 239 38 Beträffande
809 2000 46 37 de
883 2001 82 37 skäl
992 2000 412 50 departementschefen
1432 2000 123 37 anfört
1583 2000 57 36 till
1668 2000 83 37 stöd
1777 2000 57 37 för
1854 2000 179 49 förslaget

440 2053 136 37 tillåter
603 2054 60 48 sig
690 2053 185 37 utskottet
903 2059 54 31 att
984 2053 159 37 hänvisa
1171 2053 56 36 till
1253 2052 208 50 åberopade
1488 2052 423 50 statsrådsprotokollet.

543 2157 18 36 I
600 2170 47 23 en
687 2157 102 36 inom
831 2157 116 36 andra
987 2157 217 36 kammaren
1231 2156 123 48 väckt,
1384 2156 54 37 till
1466 2156 186 37 utskottet
1680 2155 183 38 hänvisad
1890 2156 143 36 motion

440 2209 58 49 (nr
527 2208 87 50 130)
642 2209 68 36 har
737 2208 86 37 herr
850 2210 44 36 E.
923 2209 198 37 Lithander
1148 2208 204 49 föreslagit,

545 2266 54 31 att
639 2261 204 48 riksdagen
870 2281 50 6 —
947 2261 84 36 med
1071 2260 225 37 hemställan
1336 2260 57 36 till
1434 2259 139 50 Kungl.
1618 2259 105 50 Maj:t
1760 2264 53 32 att
1841 2260 119 49 enligt
1988 2273 45 23 av

440 2312 141 49 Kungl.
624 2312 107 50 Maj:t
771 2312 199 37 utfärdade
1009 2317 172 32 närmare
1208 2312 282 37 bestämmelser
1517 2314 115 35 måtte
1660 2312 157 36 inkallas
1843 2311 191 50 värnplik-
