<?xml version="1.0" encoding="UTF-8"?>
<alto xmlns="http://www.loc.gov/standards/alto/ns-v3#" xmlns:xlink="http://www.w3.org/1999/xlink" xmlns:xsi="http://www.w3.org/2001/XMLSchema-instance" xsi:schemaLocation="http://www.loc.gov/standards/alto/ns-v3# http://www.loc.gov/alto/v3/alto-3-0.xsd">
	<Description>
		<MeasurementUnit>pixel</MeasurementUnit>
		<sourceImageInformation>
			<fileName>/tmp/tess__6_d7cb3_input.PNG</fileName>
		</sourceImageInformation>
		<OCRProcessing ID="OCR_0">
			<ocrProcessingStep>
				<processingSoftware>
					<softwareName>tesseract 5.3.0</softwareName>
				</processingSoftware>
			</ocrProcessingStep>
		</OCRProcessing>
	</Description>
	<Layout>
		<Page WIDTH="2188" HEIGHT="2622" PHYSICAL_IMG_NR="0" ID="page_0">
			<PrintSpace HPOS="0" VPOS="0" WIDTH="2188" HEIGHT="2622">
				<ComposedBlock ID="cblock_0" HPOS="431" VPOS="186" WIDTH="1062" HEIGHT="38">
					<TextBlock ID="block_0" HPOS="431" VPOS="186" WIDTH="1062" HEIGHT="38">
						<TextLine ID="line_0" HPOS="431" VPOS="186" WIDTH="1062" HEIGHT="38">
							<String ID="string_0" HPOS="431" VPOS="186" WIDTH="19" HEIGHT="31" WC="0.96" CONTENT="2"/><SP WIDTH="437" VPOS="186" HPOS="450"/>
							<String ID="string_1" HPOS="887" VPOS="186" WIDTH="246" HEIGHT="36" WC="0.87" CONTENT="Statsutskottets"/><SP WIDTH="23" VPOS="186" HPOS="1133"/>
							<String ID="string_2" HPOS="1156" VPOS="188" WIDTH="178" HEIGHT="35" WC="0.96" CONTENT="Memorial"/><SP WIDTH="21" VPOS="188" HPOS="1334"/>
							<String ID="string_3" HPOS="1355" VPOS="189" WIDTH="65" HEIGHT="35" WC="0.96" CONTENT="N:o"/><SP WIDTH="23" VPOS="189" HPOS="1420"/>
							<String ID="string_4" HPOS="1443" VPOS="192" WIDTH="50" HEIGHT="31" WC="0.96" CONTENT="56."/>
						</TextLine>
					</TextBlock>
				</ComposedBlock>
				<ComposedBlock ID="cblock_1" HPOS="383" VPOS="265" WIDTH="1606" HEIGHT="1268">
					<TextBlock ID="block_1" HPOS="388" VPOS="265" WIDTH="1597" HEIGHT="103">
						<TextLine ID="line_1" HPOS="388" VPOS="265" WIDTH="1597" HEIGHT="55">
							<String ID="string_5" HPOS="388" VPOS="265" WIDTH="277" HEIGHT="37" WC="0.88" CONTENT="statskontoret"/><SP WIDTH="37" VPOS="265" HPOS="665"/>
							<String ID="string_6" HPOS="702" VPOS="265" WIDTH="57" HEIGHT="38" WC="0.96" CONTENT="till"/><SP WIDTH="40" VPOS="265" HPOS="759"/>
							<String ID="string_7" HPOS="799" VPOS="266" WIDTH="136" HEIGHT="47" WC="0.95" CONTENT="handa,"/><SP WIDTH="40" VPOS="266" HPOS="935"/>
							<String ID="string_8" HPOS="975" VPOS="270" WIDTH="49" HEIGHT="46" WC="0.96" CONTENT="på"/><SP WIDTH="41" VPOS="270" HPOS="1024"/>
							<String ID="string_9" HPOS="1065" VPOS="267" WIDTH="66" HEIGHT="37" WC="0.96" CONTENT="det"/><SP WIDTH="39" VPOS="267" HPOS="1131"/>
							<String ID="string_10" HPOS="1170" VPOS="273" WIDTH="55" HEIGHT="32" WC="0.93" CONTENT="att"/><SP WIDTH="38" VPOS="273" HPOS="1225"/>
							<String ID="string_11" HPOS="1263" VPOS="268" WIDTH="396" HEIGHT="47" WC="0.92" CONTENT="riksgäldskontorets"/><SP WIDTH="27" VPOS="268" HPOS="1659"/>
							<String ID="string_12" HPOS="1686" VPOS="270" WIDTH="299" HEIGHT="50" WC="0.96" CONTENT="räkenskaper"/><SP WIDTH="-23" VPOS="270" HPOS="1985"/>
							<String ID="string_13" HPOS="1962" VPOS="261" WIDTH="25" HEIGHT="63" WC="0.96" CONTENT="i"/>
						</TextLine>
						<TextLine ID="line_2" HPOS="388" VPOS="315" WIDTH="1306" HEIGHT="53">
							<String ID="string_14" HPOS="388" VPOS="315" WIDTH="143" HEIGHT="49" WC="0.96" CONTENT="nödiga"/><SP WIDTH="28" VPOS="315" HPOS="531"/>
							<String ID="string_15" HPOS="559" VPOS="316" WIDTH="105" HEIGHT="38" WC="0.96" CONTENT="delar"/><SP WIDTH="22" VPOS="316" HPOS="664"/>
							<String ID="string_16" HPOS="686" VPOS="321" WIDTH="61" HEIGHT="33" WC="0.96" CONTENT="må"/><SP WIDTH="27" VPOS="321" HPOS="747"/>
							<String ID="string_17" HPOS="774" VPOS="317" WIDTH="128" HEIGHT="37" WC="0.96" CONTENT="kunna"/><SP WIDTH="26" VPOS="317" HPOS="902"/>
							<String ID="string_18" HPOS="928" VPOS="317" WIDTH="143" HEIGHT="48" WC="0.95" CONTENT="jämväl"/><SP WIDTH="27" VPOS="317" HPOS="1071"/>
							<String ID="string_19" HPOS="1098" VPOS="318" WIDTH="12" HEIGHT="36" WC="0.93" CONTENT="i"/><SP WIDTH="27" VPOS="318" HPOS="1110"/>
							<String ID="string_20" HPOS="1137" VPOS="318" WIDTH="357" HEIGHT="39" WC="0.91" CONTENT="rikshufvudboken"/><SP WIDTH="27" VPOS="318" HPOS="1494"/>
							<String ID="string_21" HPOS="1521" VPOS="320" WIDTH="173" HEIGHT="48" WC="0.51" CONTENT="intagas."/>
						</TextLine>
					</TextBlock>
					<TextBlock ID="block_2" HPOS="386" VPOS="366" WIDTH="1601" HEIGHT="393">
						<TextLine ID="line_3" HPOS="521" VPOS="366" WIDTH="1464" HEIGHT="50">
							<String ID="string_22" HPOS="521" VPOS="366" WIDTH="54" HEIGHT="38" WC="0.96" CONTENT="På"/><SP WIDTH="26" VPOS="366" HPOS="575"/>
							<String ID="string_23" HPOS="601" VPOS="367" WIDTH="125" HEIGHT="48" WC="0.96" CONTENT="grund"/><SP WIDTH="24" VPOS="367" HPOS="726"/>
							<String ID="string_24" HPOS="750" VPOS="367" WIDTH="38" HEIGHT="37" WC="0.96" CONTENT="af"/><SP WIDTH="27" VPOS="367" HPOS="788"/>
							<String ID="string_25" HPOS="815" VPOS="367" WIDTH="111" HEIGHT="38" WC="0.96" CONTENT="dessa"/><SP WIDTH="26" VPOS="367" HPOS="926"/>
							<String ID="string_26" HPOS="952" VPOS="368" WIDTH="305" HEIGHT="48" WC="0.96" CONTENT="bestämmelser,"/><SP WIDTH="29" VPOS="368" HPOS="1257"/>
							<String ID="string_27" HPOS="1286" VPOS="369" WIDTH="131" HEIGHT="38" WC="0.96" CONTENT="hvilka"/><SP WIDTH="27" VPOS="369" HPOS="1417"/>
							<String ID="string_28" HPOS="1444" VPOS="370" WIDTH="122" HEIGHT="38" WC="0.96" CONTENT="sedan"/><SP WIDTH="28" VPOS="370" HPOS="1566"/>
							<String ID="string_29" HPOS="1594" VPOS="384" WIDTH="80" HEIGHT="23" WC="0.96" CONTENT="mer"/><SP WIDTH="27" VPOS="384" HPOS="1674"/>
							<String ID="string_30" HPOS="1701" VPOS="375" WIDTH="47" HEIGHT="33" WC="0.96" CONTENT="än"/><SP WIDTH="32" VPOS="375" HPOS="1748"/>
							<String ID="string_31" HPOS="1780" VPOS="372" WIDTH="131" HEIGHT="37" WC="0.96" CONTENT="trettio"/><SP WIDTH="34" VPOS="372" HPOS="1911"/>
							<String ID="string_32" HPOS="1945" VPOS="374" WIDTH="40" HEIGHT="35" WC="0.96" CONTENT="år"/>
						</TextLine>
						<TextLine ID="line_4" HPOS="387" VPOS="416" WIDTH="1598" HEIGHT="55">
							<String ID="string_33" HPOS="387" VPOS="416" WIDTH="159" HEIGHT="38" WC="0.96" CONTENT="tillbaka"/><SP WIDTH="28" VPOS="416" HPOS="546"/>
							<String ID="string_34" HPOS="574" VPOS="417" WIDTH="252" HEIGHT="38" WC="0.96" CONTENT="oförändrade"/><SP WIDTH="27" VPOS="417" HPOS="826"/>
							<String ID="string_35" HPOS="853" VPOS="418" WIDTH="160" HEIGHT="49" WC="0.96" CONTENT="intagits"/><SP WIDTH="28" VPOS="418" HPOS="1013"/>
							<String ID="string_36" HPOS="1041" VPOS="420" WIDTH="12" HEIGHT="36" WC="0.96" CONTENT="i"/><SP WIDTH="29" VPOS="420" HPOS="1053"/>
							<String ID="string_37" HPOS="1082" VPOS="419" WIDTH="46" HEIGHT="38" WC="0.96" CONTENT="de"/><SP WIDTH="28" VPOS="419" HPOS="1128"/>
							<String ID="string_38" HPOS="1156" VPOS="420" WIDTH="58" HEIGHT="37" WC="0.93" CONTENT="för"/><SP WIDTH="23" VPOS="420" HPOS="1214"/>
							<String ID="string_39" HPOS="1237" VPOS="420" WIDTH="378" HEIGHT="49" WC="0.91" CONTENT="riksgäldskontoret"/><SP WIDTH="27" VPOS="420" HPOS="1615"/>
							<String ID="string_40" HPOS="1642" VPOS="422" WIDTH="200" HEIGHT="37" WC="0.92" CONTENT="utfärdade"/><SP WIDTH="17" VPOS="422" HPOS="1842"/>
							<String ID="string_41" HPOS="1859" VPOS="422" WIDTH="126" HEIGHT="49" WC="0.91" CONTENT="regle-"/>
						</TextLine>
						<TextLine ID="line_5" HPOS="388" VPOS="469" WIDTH="1597" HEIGHT="52">
							<String ID="string_42" HPOS="388" VPOS="473" WIDTH="190" HEIGHT="42" WC="0.92" CONTENT="mentena,"/><SP WIDTH="40" VPOS="473" HPOS="578"/>
							<String ID="string_43" HPOS="618" VPOS="469" WIDTH="113" HEIGHT="37" WC="0.96" CONTENT="hafva"/><SP WIDTH="25" VPOS="469" HPOS="731"/>
							<String ID="string_44" HPOS="756" VPOS="469" WIDTH="13" HEIGHT="37" WC="0.93" CONTENT="i"/><SP WIDTH="27" VPOS="469" HPOS="769"/>
							<String ID="string_45" HPOS="796" VPOS="469" WIDTH="373" HEIGHT="50" WC="0.91" CONTENT="riksgäldskontoret"/><SP WIDTH="42" VPOS="469" HPOS="1169"/>
							<String ID="string_46" HPOS="1211" VPOS="471" WIDTH="96" HEIGHT="37" WC="0.96" CONTENT="förts"/><SP WIDTH="43" VPOS="471" HPOS="1307"/>
							<String ID="string_47" HPOS="1350" VPOS="475" WIDTH="63" HEIGHT="33" WC="0.96" CONTENT="två"/><SP WIDTH="43" VPOS="475" HPOS="1413"/>
							<String ID="string_48" HPOS="1456" VPOS="472" WIDTH="189" HEIGHT="37" WC="0.90" CONTENT="särskilda"/><SP WIDTH="37" VPOS="472" HPOS="1645"/>
							<String ID="string_49" HPOS="1682" VPOS="473" WIDTH="303" HEIGHT="48" WC="0.92" CONTENT="hufvudböcker,"/>
						</TextLine>
						<TextLine ID="line_6" HPOS="388" VPOS="517" WIDTH="1598" HEIGHT="52">
							<String ID="string_50" HPOS="388" VPOS="517" WIDTH="74" HEIGHT="38" WC="0.96" CONTENT="den"/><SP WIDTH="41" VPOS="517" HPOS="462"/>
							<String ID="string_51" HPOS="503" VPOS="532" WIDTH="73" HEIGHT="24" WC="0.96" CONTENT="ena"/><SP WIDTH="37" VPOS="532" HPOS="576"/>
							<String ID="string_52" HPOS="613" VPOS="519" WIDTH="126" HEIGHT="38" WC="0.91" CONTENT="kallad"/><SP WIDTH="40" VPOS="519" HPOS="739"/>
							<String ID="string_53" HPOS="779" VPOS="519" WIDTH="396" HEIGHT="50" WC="0.91" CONTENT="riksgäldskontorets"/><SP WIDTH="39" VPOS="519" HPOS="1175"/>
							<String ID="string_54" HPOS="1214" VPOS="521" WIDTH="73" HEIGHT="37" WC="0.96" CONTENT="och"/><SP WIDTH="38" VPOS="521" HPOS="1287"/>
							<String ID="string_55" HPOS="1325" VPOS="523" WIDTH="74" HEIGHT="36" WC="0.96" CONTENT="den"/><SP WIDTH="45" VPOS="523" HPOS="1399"/>
							<String ID="string_56" HPOS="1444" VPOS="523" WIDTH="119" HEIGHT="37" WC="0.92" CONTENT="andra"/><SP WIDTH="45" VPOS="523" HPOS="1563"/>
							<String ID="string_57" HPOS="1608" VPOS="523" WIDTH="263" HEIGHT="37" WC="0.92" CONTENT="likvidations-"/><SP WIDTH="41" VPOS="523" HPOS="1871"/>
							<String ID="string_58" HPOS="1912" VPOS="525" WIDTH="74" HEIGHT="36" WC="0.96" CONTENT="och"/>
						</TextLine>
						<TextLine ID="line_7" HPOS="388" VPOS="569" WIDTH="1599" HEIGHT="54">
							<String ID="string_59" HPOS="388" VPOS="569" WIDTH="538" HEIGHT="39" WC="0.91" CONTENT="amortissementsfondernas"/><SP WIDTH="27" VPOS="569" HPOS="926"/>
							<String ID="string_60" HPOS="953" VPOS="570" WIDTH="238" HEIGHT="39" WC="0.92" CONTENT="hufvudbok."/><SP WIDTH="55" VPOS="570" HPOS="1191"/>
							<String ID="string_61" HPOS="1246" VPOS="572" WIDTH="97" HEIGHT="37" WC="0.96" CONTENT="Från"/><SP WIDTH="29" VPOS="572" HPOS="1343"/>
							<String ID="string_62" HPOS="1372" VPOS="573" WIDTH="71" HEIGHT="37" WC="0.96" CONTENT="och"/><SP WIDTH="29" VPOS="573" HPOS="1443"/>
							<String ID="string_63" HPOS="1472" VPOS="574" WIDTH="89" HEIGHT="36" WC="0.96" CONTENT="med"/><SP WIDTH="29" VPOS="574" HPOS="1561"/>
							<String ID="string_64" HPOS="1590" VPOS="576" WIDTH="40" HEIGHT="34" WC="0.95" CONTENT="år"/><SP WIDTH="30" VPOS="576" HPOS="1630"/>
							<String ID="string_65" HPOS="1660" VPOS="576" WIDTH="94" HEIGHT="35" WC="0.96" CONTENT="1890"/><SP WIDTH="25" VPOS="576" HPOS="1754"/>
							<String ID="string_66" HPOS="1779" VPOS="574" WIDTH="68" HEIGHT="38" WC="0.96" CONTENT="har"/><SP WIDTH="16" VPOS="574" HPOS="1847"/>
							<String ID="string_67" HPOS="1863" VPOS="575" WIDTH="124" HEIGHT="48" WC="0.96" CONTENT="enligt"/>
						</TextLine>
						<TextLine ID="line_8" HPOS="386" VPOS="619" WIDTH="1601" HEIGHT="53">
							<String ID="string_68" HPOS="386" VPOS="619" WIDTH="260" HEIGHT="49" WC="0.95" CONTENT="fullmäktiges"/><SP WIDTH="39" VPOS="619" HPOS="646"/>
							<String ID="string_69" HPOS="685" VPOS="620" WIDTH="126" HEIGHT="38" WC="0.95" CONTENT="beslut"/><SP WIDTH="27" VPOS="620" HPOS="811"/>
							<String ID="string_70" HPOS="838" VPOS="621" WIDTH="220" HEIGHT="38" WC="0.95" CONTENT="tillkommit"/><SP WIDTH="28" VPOS="621" HPOS="1058"/>
							<String ID="string_71" HPOS="1086" VPOS="635" WIDTH="47" HEIGHT="24" WC="0.96" CONTENT="en"/><SP WIDTH="27" VPOS="635" HPOS="1133"/>
							<String ID="string_72" HPOS="1160" VPOS="623" WIDTH="123" HEIGHT="47" WC="0.93" CONTENT="tredje"/><SP WIDTH="29" VPOS="623" HPOS="1283"/>
							<String ID="string_73" HPOS="1312" VPOS="623" WIDTH="237" HEIGHT="49" WC="0.92" CONTENT="hufvudbok,"/><SP WIDTH="29" VPOS="623" HPOS="1549"/>
							<String ID="string_74" HPOS="1578" VPOS="624" WIDTH="270" HEIGHT="38" WC="0.93" CONTENT="innehållande"/><SP WIDTH="28" VPOS="624" HPOS="1848"/>
							<String ID="string_75" HPOS="1876" VPOS="625" WIDTH="111" HEIGHT="37" WC="0.91" CONTENT="redo-"/>
						</TextLine>
						<TextLine ID="line_9" HPOS="387" VPOS="670" WIDTH="1600" HEIGHT="54">
							<String ID="string_76" HPOS="387" VPOS="670" WIDTH="156" HEIGHT="49" WC="0.96" CONTENT="visning"/><SP WIDTH="44" VPOS="670" HPOS="543"/>
							<String ID="string_77" HPOS="587" VPOS="672" WIDTH="60" HEIGHT="37" WC="0.96" CONTENT="för"/><SP WIDTH="41" VPOS="672" HPOS="647"/>
							<String ID="string_78" HPOS="688" VPOS="671" WIDTH="47" HEIGHT="37" WC="0.96" CONTENT="de"/><SP WIDTH="46" VPOS="671" HPOS="735"/>
							<String ID="string_79" HPOS="781" VPOS="671" WIDTH="137" HEIGHT="49" WC="0.96" CONTENT="medel,"/><SP WIDTH="50" VPOS="671" HPOS="918"/>
							<String ID="string_80" HPOS="968" VPOS="686" WIDTH="82" HEIGHT="23" WC="0.92" CONTENT="som"/><SP WIDTH="42" VPOS="686" HPOS="1050"/>
							<String ID="string_81" HPOS="1092" VPOS="673" WIDTH="168" HEIGHT="37" WC="0.80" CONTENT="anvisats"/><SP WIDTH="45" VPOS="673" HPOS="1260"/>
							<String ID="string_82" HPOS="1305" VPOS="674" WIDTH="58" HEIGHT="37" WC="0.96" CONTENT="till"/><SP WIDTH="38" VPOS="674" HPOS="1363"/>
							<String ID="string_83" HPOS="1401" VPOS="680" WIDTH="107" HEIGHT="32" WC="0.96" CONTENT="extra"/><SP WIDTH="34" VPOS="680" HPOS="1508"/>
							<String ID="string_84" HPOS="1542" VPOS="675" WIDTH="235" HEIGHT="49" WC="0.96" CONTENT="amortering"/><SP WIDTH="36" VPOS="675" HPOS="1777"/>
							<String ID="string_85" HPOS="1813" VPOS="676" WIDTH="41" HEIGHT="37" WC="0.93" CONTENT="af"/><SP WIDTH="25" VPOS="676" HPOS="1854"/>
							<String ID="string_86" HPOS="1879" VPOS="681" WIDTH="108" HEIGHT="32" WC="0.90" CONTENT="stats-"/>
						</TextLine>
						<TextLine ID="line_10" HPOS="388" VPOS="721" WIDTH="174" HEIGHT="38">
							<String ID="string_87" HPOS="388" VPOS="721" WIDTH="174" HEIGHT="38" WC="0.96" CONTENT="skulden."/>
						</TextLine>
					</TextBlock>
					<TextBlock ID="block_3" HPOS="383" VPOS="772" WIDTH="1606" HEIGHT="761">
						<TextLine ID="line_11" HPOS="519" VPOS="772" WIDTH="1468" HEIGHT="54">
							<String ID="string_88" HPOS="519" VPOS="772" WIDTH="134" HEIGHT="38" WC="0.96" CONTENT="Denna"/><SP WIDTH="38" VPOS="772" HPOS="653"/>
							<String ID="string_89" HPOS="691" VPOS="772" WIDTH="239" HEIGHT="50" WC="0.96" CONTENT="uppdelning"/><SP WIDTH="37" VPOS="772" HPOS="930"/>
							<String ID="string_90" HPOS="967" VPOS="773" WIDTH="42" HEIGHT="37" WC="0.93" CONTENT="af"/><SP WIDTH="35" VPOS="773" HPOS="1009"/>
							<String ID="string_91" HPOS="1044" VPOS="773" WIDTH="393" HEIGHT="50" WC="0.37" CONTENT="riksgäldskonrtorets"/><SP WIDTH="38" VPOS="773" HPOS="1437"/>
							<String ID="string_92" HPOS="1475" VPOS="776" WIDTH="263" HEIGHT="50" WC="0.96" CONTENT="räkenskaper"/><SP WIDTH="39" VPOS="776" HPOS="1738"/>
							<String ID="string_93" HPOS="1777" VPOS="779" WIDTH="49" HEIGHT="47" WC="0.96" CONTENT="på"/><SP WIDTH="36" VPOS="779" HPOS="1826"/>
							<String ID="string_94" HPOS="1862" VPOS="776" WIDTH="125" HEIGHT="38" WC="0.95" CONTENT="skilda"/>
						</TextLine>
						<TextLine ID="line_12" HPOS="384" VPOS="822" WIDTH="1603" HEIGHT="54">
							<String ID="string_95" HPOS="384" VPOS="822" WIDTH="294" HEIGHT="38" WC="0.91" CONTENT="hufvudböcker"/><SP WIDTH="40" VPOS="822" HPOS="678"/>
							<String ID="string_96" HPOS="718" VPOS="823" WIDTH="190" HEIGHT="38" WC="0.95" CONTENT="försvårar"/><SP WIDTH="36" VPOS="823" HPOS="908"/>
							<String ID="string_97" HPOS="944" VPOS="824" WIDTH="12" HEIGHT="36" WC="0.96" CONTENT="i"/><SP WIDTH="34" VPOS="824" HPOS="956"/>
							<String ID="string_98" HPOS="990" VPOS="824" WIDTH="80" HEIGHT="48" WC="0.96" CONTENT="hög"/><SP WIDTH="38" VPOS="824" HPOS="1070"/>
							<String ID="string_99" HPOS="1108" VPOS="825" WIDTH="95" HEIGHT="48" WC="0.93" CONTENT="grad"/><SP WIDTH="39" VPOS="825" HPOS="1203"/>
							<String ID="string_100" HPOS="1242" VPOS="825" WIDTH="235" HEIGHT="38" WC="0.91" CONTENT="öfversikten"/><SP WIDTH="37" VPOS="825" HPOS="1477"/>
							<String ID="string_101" HPOS="1514" VPOS="827" WIDTH="42" HEIGHT="37" WC="0.92" CONTENT="af"/><SP WIDTH="34" VPOS="827" HPOS="1556"/>
							<String ID="string_102" HPOS="1590" VPOS="827" WIDTH="397" HEIGHT="49" WC="0.92" CONTENT="riksgäldskontorets"/>
						</TextLine>
						<TextLine ID="line_13" HPOS="387" VPOS="873" WIDTH="1600" HEIGHT="53">
							<String ID="string_103" HPOS="387" VPOS="873" WIDTH="194" HEIGHT="50" WC="0.96" CONTENT="ställning,"/><SP WIDTH="25" VPOS="873" HPOS="581"/>
							<String ID="string_104" HPOS="606" VPOS="874" WIDTH="71" HEIGHT="37" WC="0.96" CONTENT="och"/><SP WIDTH="27" VPOS="874" HPOS="677"/>
							<String ID="string_105" HPOS="704" VPOS="874" WIDTH="88" HEIGHT="37" WC="0.96" CONTENT="med"/><SP WIDTH="29" VPOS="874" HPOS="792"/>
							<String ID="string_106" HPOS="821" VPOS="874" WIDTH="208" HEIGHT="48" WC="0.96" CONTENT="anledning"/><SP WIDTH="28" VPOS="874" HPOS="1029"/>
							<String ID="string_107" HPOS="1057" VPOS="875" WIDTH="41" HEIGHT="37" WC="0.95" CONTENT="af"/><SP WIDTH="23" VPOS="875" HPOS="1098"/>
							<String ID="string_108" HPOS="1121" VPOS="876" WIDTH="46" HEIGHT="37" WC="0.93" CONTENT="de"/><SP WIDTH="29" VPOS="876" HPOS="1167"/>
							<String ID="string_109" HPOS="1196" VPOS="876" WIDTH="165" HEIGHT="38" WC="0.91" CONTENT="likvider"/><SP WIDTH="27" VPOS="876" HPOS="1361"/>
							<String ID="string_110" HPOS="1388" VPOS="878" WIDTH="71" HEIGHT="36" WC="0.93" CONTENT="och"/><SP WIDTH="28" VPOS="878" HPOS="1459"/>
							<String ID="string_111" HPOS="1487" VPOS="877" WIDTH="292" HEIGHT="49" WC="0.91" CONTENT="öfverföringar,"/><SP WIDTH="28" VPOS="877" HPOS="1779"/>
							<String ID="string_112" HPOS="1807" VPOS="892" WIDTH="82" HEIGHT="23" WC="0.92" CONTENT="som"/><SP WIDTH="24" VPOS="892" HPOS="1889"/>
							<String ID="string_113" HPOS="1913" VPOS="878" WIDTH="74" HEIGHT="37" WC="0.92" CONTENT="tidt"/>
						</TextLine>
						<TextLine ID="line_14" HPOS="387" VPOS="924" WIDTH="1599" HEIGHT="53">
							<String ID="string_114" HPOS="387" VPOS="924" WIDTH="72" HEIGHT="37" WC="0.96" CONTENT="och"/><SP WIDTH="33" VPOS="924" HPOS="459"/>
							<String ID="string_115" HPOS="492" VPOS="925" WIDTH="79" HEIGHT="37" WC="0.96" CONTENT="ofta"/><SP WIDTH="27" VPOS="925" HPOS="571"/>
							<String ID="string_116" HPOS="598" VPOS="925" WIDTH="122" HEIGHT="37" WC="0.96" CONTENT="under"/><SP WIDTH="28" VPOS="925" HPOS="720"/>
							<String ID="string_117" HPOS="748" VPOS="928" WIDTH="82" HEIGHT="34" WC="0.95" CONTENT="året"/><SP WIDTH="28" VPOS="928" HPOS="830"/>
							<String ID="string_118" HPOS="858" VPOS="928" WIDTH="118" HEIGHT="34" WC="0.96" CONTENT="måste"/><SP WIDTH="28" VPOS="928" HPOS="976"/>
							<String ID="string_119" HPOS="1004" VPOS="926" WIDTH="228" HEIGHT="38" WC="0.96" CONTENT="verkställas"/><SP WIDTH="28" VPOS="926" HPOS="1232"/>
							<String ID="string_120" HPOS="1260" VPOS="928" WIDTH="139" HEIGHT="37" WC="0.96" CONTENT="mellan"/><SP WIDTH="28" VPOS="928" HPOS="1399"/>
							<String ID="string_121" HPOS="1427" VPOS="928" WIDTH="48" HEIGHT="37" WC="0.96" CONTENT="de"/><SP WIDTH="25" VPOS="928" HPOS="1475"/>
							<String ID="string_122" HPOS="1500" VPOS="928" WIDTH="104" HEIGHT="37" WC="0.92" CONTENT="olika"/><SP WIDTH="27" VPOS="928" HPOS="1604"/>
							<String ID="string_123" HPOS="1631" VPOS="929" WIDTH="355" HEIGHT="48" WC="0.92" CONTENT="hufvudböckerna,"/>
						</TextLine>
						<TextLine ID="line_15" HPOS="385" VPOS="975" WIDTH="1601" HEIGHT="53">
							<String ID="string_124" HPOS="385" VPOS="975" WIDTH="138" HEIGHT="37" WC="0.90" CONTENT="blifver"/><SP WIDTH="39" VPOS="975" HPOS="523"/>
							<String ID="string_125" HPOS="562" VPOS="975" WIDTH="259" HEIGHT="49" WC="0.96" CONTENT="bokföringen"/><SP WIDTH="33" VPOS="975" HPOS="821"/>
							<String ID="string_126" HPOS="854" VPOS="976" WIDTH="159" HEIGHT="49" WC="0.95" CONTENT="onödigt"/><SP WIDTH="27" VPOS="976" HPOS="1013"/>
							<String ID="string_127" HPOS="1040" VPOS="976" WIDTH="179" HEIGHT="49" WC="0.96" CONTENT="vidlyftig"/><SP WIDTH="28" VPOS="976" HPOS="1219"/>
							<String ID="string_128" HPOS="1247" VPOS="978" WIDTH="74" HEIGHT="37" WC="0.96" CONTENT="och"/><SP WIDTH="26" VPOS="978" HPOS="1321"/>
							<String ID="string_129" HPOS="1347" VPOS="978" WIDTH="215" HEIGHT="38" WC="0.96" CONTENT="invecklad."/><SP WIDTH="46" VPOS="978" HPOS="1562"/>
							<String ID="string_130" HPOS="1608" VPOS="979" WIDTH="267" HEIGHT="49" WC="0.95" CONTENT="Fullmäktige,"/><SP WIDTH="29" VPOS="979" HPOS="1875"/>
							<String ID="string_131" HPOS="1904" VPOS="993" WIDTH="82" HEIGHT="24" WC="0.96" CONTENT="som"/>
						</TextLine>
						<TextLine ID="line_16" HPOS="384" VPOS="1026" WIDTH="1604" HEIGHT="50">
							<String ID="string_132" HPOS="384" VPOS="1026" WIDTH="14" HEIGHT="36" WC="0.96" CONTENT="i"/><SP WIDTH="27" VPOS="1026" HPOS="398"/>
							<String ID="string_133" HPOS="425" VPOS="1026" WIDTH="189" HEIGHT="38" WC="0.93" CONTENT="särskilda"/><SP WIDTH="28" VPOS="1026" HPOS="614"/>
							<String ID="string_134" HPOS="642" VPOS="1026" WIDTH="209" HEIGHT="37" WC="0.92" CONTENT="afseenden"/><SP WIDTH="28" VPOS="1026" HPOS="851"/>
							<String ID="string_135" HPOS="879" VPOS="1027" WIDTH="88" HEIGHT="37" WC="0.96" CONTENT="sökt"/><SP WIDTH="28" VPOS="1027" HPOS="967"/>
							<String ID="string_136" HPOS="995" VPOS="1027" WIDTH="264" HEIGHT="38" WC="0.94" CONTENT="åstadkomma"/><SP WIDTH="27" VPOS="1027" HPOS="1259"/>
							<String ID="string_137" HPOS="1286" VPOS="1034" WIDTH="120" HEIGHT="32" WC="0.96" CONTENT="större"/><SP WIDTH="28" VPOS="1034" HPOS="1406"/>
							<String ID="string_138" HPOS="1434" VPOS="1029" WIDTH="103" HEIGHT="47" WC="0.96" CONTENT="reda,"/><SP WIDTH="29" VPOS="1029" HPOS="1537"/>
							<String ID="string_139" HPOS="1566" VPOS="1030" WIDTH="182" HEIGHT="37" WC="0.96" CONTENT="enkelhet"/><SP WIDTH="24" VPOS="1030" HPOS="1748"/>
							<String ID="string_140" HPOS="1772" VPOS="1031" WIDTH="71" HEIGHT="37" WC="0.93" CONTENT="och"/><SP WIDTH="20" VPOS="1031" HPOS="1843"/>
							<String ID="string_141" HPOS="1863" VPOS="1031" WIDTH="125" HEIGHT="37" WC="0.92" CONTENT="öfver-"/>
						</TextLine>
						<TextLine ID="line_17" HPOS="385" VPOS="1076" WIDTH="1604" HEIGHT="53">
							<String ID="string_142" HPOS="385" VPOS="1076" WIDTH="220" HEIGHT="49" WC="0.92" CONTENT="skådlighet"/><SP WIDTH="36" VPOS="1076" HPOS="605"/>
							<String ID="string_143" HPOS="641" VPOS="1077" WIDTH="13" HEIGHT="36" WC="0.93" CONTENT="i"/><SP WIDTH="36" VPOS="1077" HPOS="654"/>
							<String ID="string_144" HPOS="690" VPOS="1077" WIDTH="397" HEIGHT="49" WC="0.92" CONTENT="riksgäldskontorets"/><SP WIDTH="39" VPOS="1077" HPOS="1087"/>
							<String ID="string_145" HPOS="1126" VPOS="1078" WIDTH="205" HEIGHT="49" WC="0.96" CONTENT="bokföring"/><SP WIDTH="40" VPOS="1078" HPOS="1331"/>
							<String ID="string_146" HPOS="1371" VPOS="1085" WIDTH="98" HEIGHT="32" WC="0.96" CONTENT="samt"/><SP WIDTH="26" VPOS="1085" HPOS="1469"/>
							<String ID="string_147" HPOS="1495" VPOS="1080" WIDTH="12" HEIGHT="36" WC="0.96" CONTENT="i"/><SP WIDTH="28" VPOS="1080" HPOS="1507"/>
							<String ID="string_148" HPOS="1535" VPOS="1080" WIDTH="106" HEIGHT="38" WC="0.96" CONTENT="detta"/><SP WIDTH="28" VPOS="1080" HPOS="1641"/>
							<String ID="string_149" HPOS="1669" VPOS="1081" WIDTH="98" HEIGHT="48" WC="0.96" CONTENT="syfte"/><SP WIDTH="29" VPOS="1081" HPOS="1767"/>
							<String ID="string_150" HPOS="1796" VPOS="1081" WIDTH="193" HEIGHT="38" WC="0.96" CONTENT="meddelat"/>
						</TextLine>
						<TextLine ID="line_18" HPOS="386" VPOS="1127" WIDTH="1602" HEIGHT="52">
							<String ID="string_151" HPOS="386" VPOS="1127" WIDTH="103" HEIGHT="37" WC="0.96" CONTENT="vissa"/><SP WIDTH="39" VPOS="1127" HPOS="489"/>
							<String ID="string_152" HPOS="528" VPOS="1127" WIDTH="255" HEIGHT="48" WC="0.95" CONTENT="föreskrifter,"/><SP WIDTH="42" VPOS="1127" HPOS="783"/>
							<String ID="string_153" HPOS="825" VPOS="1141" WIDTH="91" HEIGHT="24" WC="0.96" CONTENT="anse"/><SP WIDTH="43" VPOS="1141" HPOS="916"/>
							<String ID="string_154" HPOS="959" VPOS="1128" WIDTH="64" HEIGHT="37" WC="0.96" CONTENT="det"/><SP WIDTH="41" VPOS="1128" HPOS="1023"/>
							<String ID="string_155" HPOS="1064" VPOS="1129" WIDTH="59" HEIGHT="36" WC="0.96" CONTENT="för"/><SP WIDTH="40" VPOS="1129" HPOS="1123"/>
							<String ID="string_156" HPOS="1163" VPOS="1134" WIDTH="54" HEIGHT="31" WC="0.95" CONTENT="ett"/><SP WIDTH="27" VPOS="1134" HPOS="1217"/>
							<String ID="string_157" HPOS="1244" VPOS="1142" WIDTH="104" HEIGHT="24" WC="0.96" CONTENT="mera"/><SP WIDTH="28" VPOS="1142" HPOS="1348"/>
							<String ID="string_158" HPOS="1376" VPOS="1130" WIDTH="241" HEIGHT="49" WC="0.96" CONTENT="fullständigt"/><SP WIDTH="27" VPOS="1130" HPOS="1617"/>
							<String ID="string_159" HPOS="1644" VPOS="1131" WIDTH="193" HEIGHT="37" WC="0.96" CONTENT="vinnande"/><SP WIDTH="25" VPOS="1131" HPOS="1837"/>
							<String ID="string_160" HPOS="1862" VPOS="1132" WIDTH="41" HEIGHT="37" WC="0.91" CONTENT="af"/><SP WIDTH="18" VPOS="1132" HPOS="1903"/>
							<String ID="string_161" HPOS="1921" VPOS="1133" WIDTH="67" HEIGHT="37" WC="0.91" CONTENT="be-"/>
						</TextLine>
						<TextLine ID="line_19" HPOS="384" VPOS="1178" WIDTH="1604" HEIGHT="52">
							<String ID="string_162" HPOS="384" VPOS="1178" WIDTH="113" HEIGHT="37" WC="0.92" CONTENT="rörda"/><SP WIDTH="38" VPOS="1178" HPOS="497"/>
							<String ID="string_163" HPOS="535" VPOS="1178" WIDTH="174" HEIGHT="37" WC="0.96" CONTENT="ändamål"/><SP WIDTH="37" VPOS="1178" HPOS="709"/>
							<String ID="string_164" HPOS="746" VPOS="1191" WIDTH="93" HEIGHT="24" WC="0.96" CONTENT="vara"/><SP WIDTH="33" VPOS="1191" HPOS="839"/>
							<String ID="string_165" HPOS="872" VPOS="1179" WIDTH="248" HEIGHT="49" WC="0.92" CONTENT="synnerligen"/><SP WIDTH="28" VPOS="1179" HPOS="1120"/>
							<String ID="string_166" HPOS="1148" VPOS="1180" WIDTH="220" HEIGHT="46" WC="0.87" CONTENT="önskvärdt,"/><SP WIDTH="26" VPOS="1180" HPOS="1368"/>
							<String ID="string_167" HPOS="1394" VPOS="1186" WIDTH="54" HEIGHT="32" WC="0.93" CONTENT="ati"/><SP WIDTH="26" VPOS="1186" HPOS="1448"/>
							<String ID="string_168" HPOS="1474" VPOS="1181" WIDTH="398" HEIGHT="49" WC="0.91" CONTENT="riksgäldskontorets"/><SP WIDTH="28" VPOS="1181" HPOS="1872"/>
							<String ID="string_169" HPOS="1900" VPOS="1183" WIDTH="88" HEIGHT="37" WC="0.96" CONTENT="hela"/>
						</TextLine>
						<TextLine ID="line_20" HPOS="383" VPOS="1228" WIDTH="1605" HEIGHT="54">
							<String ID="string_170" HPOS="383" VPOS="1228" WIDTH="142" HEIGHT="38" WC="0.96" CONTENT="rörelse"/><SP WIDTH="38" VPOS="1228" HPOS="525"/>
							<String ID="string_171" HPOS="563" VPOS="1229" WIDTH="197" HEIGHT="37" WC="0.96" CONTENT="redovisas"/><SP WIDTH="22" VPOS="1229" HPOS="760"/>
							<String ID="string_172" HPOS="782" VPOS="1229" WIDTH="12" HEIGHT="36" WC="0.96" CONTENT="i"/><SP WIDTH="29" VPOS="1229" HPOS="794"/>
							<String ID="string_173" HPOS="823" VPOS="1243" WIDTH="45" HEIGHT="23" WC="0.96" CONTENT="en"/><SP WIDTH="29" VPOS="1243" HPOS="868"/>
							<String ID="string_174" HPOS="897" VPOS="1229" WIDTH="99" HEIGHT="37" WC="0.93" CONTENT="enda"/><SP WIDTH="23" VPOS="1229" HPOS="996"/>
							<String ID="string_175" HPOS="1019" VPOS="1229" WIDTH="234" HEIGHT="38" WC="0.90" CONTENT="hufvudbok."/><SP WIDTH="55" VPOS="1229" HPOS="1253"/>
							<String ID="string_176" HPOS="1308" VPOS="1232" WIDTH="16" HEIGHT="36" WC="0.94" CONTENT="I"/><SP WIDTH="28" VPOS="1232" HPOS="1324"/>
							<String ID="string_177" HPOS="1352" VPOS="1231" WIDTH="94" HEIGHT="49" WC="0.96" CONTENT="följd"/><SP WIDTH="24" VPOS="1231" HPOS="1446"/>
							<String ID="string_178" HPOS="1470" VPOS="1232" WIDTH="43" HEIGHT="37" WC="0.96" CONTENT="af"/><SP WIDTH="18" VPOS="1232" HPOS="1513"/>
							<String ID="string_179" HPOS="1531" VPOS="1232" WIDTH="47" HEIGHT="37" WC="0.96" CONTENT="de"/><SP WIDTH="24" VPOS="1232" HPOS="1578"/>
							<String ID="string_180" HPOS="1602" VPOS="1232" WIDTH="277" HEIGHT="50" WC="0.93" CONTENT="förändringar,"/><SP WIDTH="24" VPOS="1232" HPOS="1879"/>
							<String ID="string_181" HPOS="1903" VPOS="1234" WIDTH="85" HEIGHT="37" WC="0.92" CONTENT="full-"/>
						</TextLine>
						<TextLine ID="line_21" HPOS="385" VPOS="1278" WIDTH="1603" HEIGHT="55">
							<String ID="string_182" HPOS="385" VPOS="1278" WIDTH="171" HEIGHT="50" WC="0.95" CONTENT="mäktige"/><SP WIDTH="39" VPOS="1278" HPOS="556"/>
							<String ID="string_183" HPOS="595" VPOS="1280" WIDTH="116" HEIGHT="37" WC="0.95" CONTENT="redan"/><SP WIDTH="36" VPOS="1280" HPOS="711"/>
							<String ID="string_184" HPOS="747" VPOS="1279" WIDTH="218" HEIGHT="49" WC="0.95" CONTENT="genomfört"/><SP WIDTH="27" VPOS="1279" HPOS="965"/>
							<String ID="string_185" HPOS="992" VPOS="1281" WIDTH="89" HEIGHT="36" WC="0.96" CONTENT="med"/><SP WIDTH="28" VPOS="1281" HPOS="1081"/>
							<String ID="string_186" HPOS="1109" VPOS="1281" WIDTH="181" HEIGHT="37" WC="0.93" CONTENT="afseende"/><SP WIDTH="25" VPOS="1281" HPOS="1290"/>
							<String ID="string_187" HPOS="1315" VPOS="1285" WIDTH="20" HEIGHT="34" WC="0.90" CONTENT="å"/><SP WIDTH="24" VPOS="1285" HPOS="1335"/>
							<String ID="string_188" HPOS="1359" VPOS="1282" WIDTH="118" HEIGHT="38" WC="0.96" CONTENT="andra"/><SP WIDTH="24" VPOS="1282" HPOS="1477"/>
							<String ID="string_189" HPOS="1501" VPOS="1282" WIDTH="107" HEIGHT="38" WC="0.96" CONTENT="delar"/><SP WIDTH="27" VPOS="1282" HPOS="1608"/>
							<String ID="string_190" HPOS="1635" VPOS="1284" WIDTH="42" HEIGHT="37" WC="0.93" CONTENT="af"/><SP WIDTH="18" VPOS="1284" HPOS="1677"/>
							<String ID="string_191" HPOS="1695" VPOS="1284" WIDTH="293" HEIGHT="49" WC="0.91" CONTENT="riksgäldskon-"/>
						</TextLine>
						<TextLine ID="line_22" HPOS="384" VPOS="1330" WIDTH="1603" HEIGHT="49">
							<String ID="string_192" HPOS="384" VPOS="1336" WIDTH="121" HEIGHT="32" WC="0.92" CONTENT="torets"/><SP WIDTH="33" VPOS="1336" HPOS="505"/>
							<String ID="string_193" HPOS="538" VPOS="1330" WIDTH="218" HEIGHT="49" WC="0.96" CONTENT="bokföring,"/><SP WIDTH="37" VPOS="1330" HPOS="756"/>
							<String ID="string_194" HPOS="793" VPOS="1330" WIDTH="74" HEIGHT="37" WC="0.96" CONTENT="kan"/><SP WIDTH="38" VPOS="1330" HPOS="867"/>
							<String ID="string_195" HPOS="905" VPOS="1330" WIDTH="126" HEIGHT="38" WC="0.93" CONTENT="denna"/><SP WIDTH="27" VPOS="1330" HPOS="1031"/>
							<String ID="string_196" HPOS="1058" VPOS="1331" WIDTH="223" HEIGHT="38" WC="0.92" CONTENT="hufvudbok"/><SP WIDTH="28" VPOS="1331" HPOS="1281"/>
							<String ID="string_197" HPOS="1309" VPOS="1332" WIDTH="86" HEIGHT="37" WC="0.96" CONTENT="med"/><SP WIDTH="30" VPOS="1332" HPOS="1395"/>
							<String ID="string_198" HPOS="1425" VPOS="1333" WIDTH="49" HEIGHT="37" WC="0.95" CONTENT="all"/><SP WIDTH="25" VPOS="1333" HPOS="1474"/>
							<String ID="string_199" HPOS="1499" VPOS="1333" WIDTH="179" HEIGHT="38" WC="0.95" CONTENT="säkerhet"/><SP WIDTH="27" VPOS="1333" HPOS="1678"/>
							<String ID="string_200" HPOS="1705" VPOS="1348" WIDTH="90" HEIGHT="24" WC="0.93" CONTENT="vara"/><SP WIDTH="28" VPOS="1348" HPOS="1795"/>
							<String ID="string_201" HPOS="1823" VPOS="1334" WIDTH="164" HEIGHT="38" WC="0.91" CONTENT="afslutad"/>
						</TextLine>
						<TextLine ID="line_23" HPOS="384" VPOS="1381" WIDTH="1602" HEIGHT="53">
							<String ID="string_202" HPOS="384" VPOS="1394" WIDTH="47" HEIGHT="25" WC="0.96" CONTENT="en"/><SP WIDTH="32" VPOS="1394" HPOS="431"/>
							<String ID="string_203" HPOS="463" VPOS="1382" WIDTH="138" HEIGHT="36" WC="0.96" CONTENT="månad"/><SP WIDTH="35" VPOS="1382" HPOS="601"/>
							<String ID="string_204" HPOS="636" VPOS="1381" WIDTH="163" HEIGHT="48" WC="0.96" CONTENT="tidigare"/><SP WIDTH="40" VPOS="1381" HPOS="799"/>
							<String ID="string_205" HPOS="839" VPOS="1386" WIDTH="47" HEIGHT="32" WC="0.96" CONTENT="än"/><SP WIDTH="42" VPOS="1386" HPOS="886"/>
							<String ID="string_206" HPOS="928" VPOS="1381" WIDTH="74" HEIGHT="37" WC="0.95" CONTENT="den"/><SP WIDTH="33" VPOS="1381" HPOS="1002"/>
							<String ID="string_207" HPOS="1035" VPOS="1381" WIDTH="12" HEIGHT="37" WC="0.91" CONTENT="i"/><SP WIDTH="42" VPOS="1381" HPOS="1047"/>
							<String ID="string_208" HPOS="1089" VPOS="1382" WIDTH="135" HEIGHT="37" WC="0.96" CONTENT="sådant"/><SP WIDTH="36" VPOS="1382" HPOS="1224"/>
							<String ID="string_209" HPOS="1260" VPOS="1383" WIDTH="220" HEIGHT="38" WC="0.96" CONTENT="hänseende"/><SP WIDTH="42" VPOS="1383" HPOS="1480"/>
							<String ID="string_210" HPOS="1522" VPOS="1397" WIDTH="51" HEIGHT="24" WC="0.96" CONTENT="nu"/><SP WIDTH="35" VPOS="1397" HPOS="1573"/>
							<String ID="string_211" HPOS="1608" VPOS="1385" WIDTH="201" HEIGHT="37" WC="0.96" CONTENT="bestämda"/><SP WIDTH="37" VPOS="1385" HPOS="1809"/>
							<String ID="string_212" HPOS="1846" VPOS="1386" WIDTH="140" HEIGHT="48" WC="0.96" CONTENT="dagen,"/>
						</TextLine>
						<TextLine ID="line_24" HPOS="384" VPOS="1431" WIDTH="1604" HEIGHT="53">
							<String ID="string_213" HPOS="384" VPOS="1432" WIDTH="72" HEIGHT="38" WC="0.96" CONTENT="och"/><SP WIDTH="34" VPOS="1432" HPOS="456"/>
							<String ID="string_214" HPOS="490" VPOS="1432" WIDTH="13" HEIGHT="37" WC="0.96" CONTENT="i"/><SP WIDTH="33" VPOS="1432" HPOS="503"/>
							<String ID="string_215" HPOS="536" VPOS="1432" WIDTH="278" HEIGHT="48" WC="0.96" CONTENT="sammanhang"/><SP WIDTH="44" VPOS="1432" HPOS="814"/>
							<String ID="string_216" HPOS="858" VPOS="1431" WIDTH="158" HEIGHT="38" WC="0.96" CONTENT="härmed"/><SP WIDTH="43" VPOS="1431" HPOS="1016"/>
							<String ID="string_217" HPOS="1059" VPOS="1432" WIDTH="72" HEIGHT="38" WC="0.96" CONTENT="kan"/><SP WIDTH="42" VPOS="1432" HPOS="1131"/>
							<String ID="string_218" HPOS="1173" VPOS="1434" WIDTH="115" HEIGHT="36" WC="0.95" CONTENT="äfven"/><SP WIDTH="42" VPOS="1434" HPOS="1288"/>
							<String ID="string_219" HPOS="1330" VPOS="1434" WIDTH="106" HEIGHT="37" WC="0.96" CONTENT="tiden"/><SP WIDTH="34" VPOS="1434" HPOS="1436"/>
							<String ID="string_220" HPOS="1470" VPOS="1435" WIDTH="59" HEIGHT="37" WC="0.96" CONTENT="för"/><SP WIDTH="26" VPOS="1435" HPOS="1529"/>
							<String ID="string_221" HPOS="1555" VPOS="1435" WIDTH="292" HEIGHT="49" WC="0.93" CONTENT="granskningen"/><SP WIDTH="26" VPOS="1435" HPOS="1847"/>
							<String ID="string_222" HPOS="1873" VPOS="1436" WIDTH="115" HEIGHT="38" WC="0.92" CONTENT="fram-"/>
						</TextLine>
						<TextLine ID="line_25" HPOS="383" VPOS="1482" WIDTH="400" HEIGHT="51">
							<String ID="string_223" HPOS="383" VPOS="1483" WIDTH="130" HEIGHT="50" WC="0.93" CONTENT="flyttas"/><SP WIDTH="29" VPOS="1483" HPOS="513"/>
							<String ID="string_224" HPOS="542" VPOS="1496" WIDTH="48" HEIGHT="24" WC="0.95" CONTENT="en"/><SP WIDTH="23" VPOS="1496" HPOS="590"/>
							<String ID="string_225" HPOS="613" VPOS="1482" WIDTH="170" HEIGHT="38" WC="0.95" CONTENT="månad.»"/>
						</TextLine>
					</TextBlock>
				</ComposedBlock>
				<ComposedBlock ID="cblock_2" HPOS="384" VPOS="1583" WIDTH="1601" HEIGHT="101">
					<TextBlock ID="block_4" HPOS="384" VPOS="1583" WIDTH="1601" HEIGHT="101">
						<TextLine ID="line_26" HPOS="517" VPOS="1583" WIDTH="1468" HEIGHT="54">
							<String ID="string_226" HPOS="517" VPOS="1584" WIDTH="88" HEIGHT="37" WC="0.96" CONTENT="Med"/><SP WIDTH="28" VPOS="1584" HPOS="605"/>
							<String ID="string_227" HPOS="633" VPOS="1583" WIDTH="223" HEIGHT="49" WC="0.96" CONTENT="anslutning"/><SP WIDTH="23" VPOS="1583" HPOS="856"/>
							<String ID="string_228" HPOS="879" VPOS="1583" WIDTH="57" HEIGHT="37" WC="0.96" CONTENT="till"/><SP WIDTH="27" VPOS="1583" HPOS="936"/>
							<String ID="string_229" HPOS="963" VPOS="1583" WIDTH="66" HEIGHT="37" WC="0.96" CONTENT="det"/><SP WIDTH="27" VPOS="1583" HPOS="1029"/>
							<String ID="string_230" HPOS="1056" VPOS="1584" WIDTH="155" HEIGHT="49" WC="0.96" CONTENT="förslag,"/><SP WIDTH="24" VPOS="1584" HPOS="1211"/>
							<String ID="string_231" HPOS="1235" VPOS="1598" WIDTH="81" HEIGHT="24" WC="0.96" CONTENT="som"/><SP WIDTH="29" VPOS="1598" HPOS="1316"/>
							<String ID="string_232" HPOS="1345" VPOS="1585" WIDTH="242" HEIGHT="50" WC="0.96" CONTENT="fullmäktige"/><SP WIDTH="16" VPOS="1585" HPOS="1587"/>
							<String ID="string_233" HPOS="1603" VPOS="1590" WIDTH="49" HEIGHT="47" WC="0.96" CONTENT="på"/><SP WIDTH="18" VPOS="1590" HPOS="1652"/>
							<String ID="string_234" HPOS="1670" VPOS="1588" WIDTH="126" HEIGHT="49" WC="0.96" CONTENT="grund"/><SP WIDTH="19" VPOS="1588" HPOS="1796"/>
							<String ID="string_235" HPOS="1815" VPOS="1589" WIDTH="42" HEIGHT="37" WC="0.95" CONTENT="af"/><SP WIDTH="14" VPOS="1589" HPOS="1857"/>
							<String ID="string_236" HPOS="1871" VPOS="1590" WIDTH="114" HEIGHT="37" WC="0.95" CONTENT="ofvan"/>
						</TextLine>
						<TextLine ID="line_27" HPOS="384" VPOS="1634" WIDTH="1048" HEIGHT="50">
							<String ID="string_237" HPOS="384" VPOS="1635" WIDTH="160" HEIGHT="39" WC="0.96" CONTENT="anförda"/><SP WIDTH="28" VPOS="1635" HPOS="544"/>
							<String ID="string_238" HPOS="572" VPOS="1635" WIDTH="83" HEIGHT="37" WC="0.96" CONTENT="skäl"/><SP WIDTH="25" VPOS="1635" HPOS="655"/>
							<String ID="string_239" HPOS="680" VPOS="1634" WIDTH="215" HEIGHT="48" WC="0.96" CONTENT="framställt,"/><SP WIDTH="27" VPOS="1634" HPOS="895"/>
							<String ID="string_240" HPOS="922" VPOS="1634" WIDTH="56" HEIGHT="38" WC="0.96" CONTENT="får"/><SP WIDTH="23" VPOS="1634" HPOS="978"/>
							<String ID="string_241" HPOS="1001" VPOS="1635" WIDTH="192" HEIGHT="38" WC="0.93" CONTENT="utskottet"/><SP WIDTH="23" VPOS="1635" HPOS="1193"/>
							<String ID="string_242" HPOS="1216" VPOS="1635" WIDTH="216" HEIGHT="49" WC="0.92" CONTENT="hemställa,"/>
						</TextLine>
					</TextBlock>
				</ComposedBlock>
				<ComposedBlock ID="cblock_3" HPOS="783" VPOS="1734" WIDTH="1202" HEIGHT="559">
					<TextBlock ID="block_5" HPOS="783" VPOS="1734" WIDTH="1202" HEIGHT="559">
						<TextLine ID="line_28" HPOS="919" VPOS="1734" WIDTH="1065" HEIGHT="55">
							<String ID="string_243" HPOS="919" VPOS="1741" WIDTH="54" HEIGHT="32" WC="0.96" CONTENT="att"/><SP WIDTH="36" VPOS="1741" HPOS="973"/>
							<String ID="string_244" HPOS="1009" VPOS="1736" WIDTH="13" HEIGHT="37" WC="0.95" CONTENT="i"/><SP WIDTH="35" VPOS="1736" HPOS="1022"/>
							<String ID="string_245" HPOS="1057" VPOS="1736" WIDTH="129" HEIGHT="38" WC="0.95" CONTENT="stället"/><SP WIDTH="35" VPOS="1736" HPOS="1186"/>
							<String ID="string_246" HPOS="1221" VPOS="1736" WIDTH="59" HEIGHT="38" WC="0.96" CONTENT="för"/><SP WIDTH="34" VPOS="1736" HPOS="1280"/>
							<String ID="string_247" HPOS="1314" VPOS="1739" WIDTH="46" HEIGHT="36" WC="0.92" CONTENT="63"/><SP WIDTH="25" VPOS="1739" HPOS="1360"/>
							<String ID="string_248" HPOS="1385" VPOS="1734" WIDTH="21" HEIGHT="50" WC="0.91" CONTENT="$"/><SP WIDTH="27" VPOS="1734" HPOS="1406"/>
							<String ID="string_249" HPOS="1433" VPOS="1737" WIDTH="12" HEIGHT="37" WC="0.96" CONTENT="i"/><SP WIDTH="24" VPOS="1737" HPOS="1445"/>
							<String ID="string_250" HPOS="1469" VPOS="1751" WIDTH="50" HEIGHT="24" WC="0.96" CONTENT="nu"/><SP WIDTH="24" VPOS="1751" HPOS="1519"/>
							<String ID="string_251" HPOS="1543" VPOS="1738" WIDTH="176" HEIGHT="49" WC="0.93" CONTENT="gällande"/><SP WIDTH="26" VPOS="1738" HPOS="1719"/>
							<String ID="string_252" HPOS="1745" VPOS="1741" WIDTH="239" HEIGHT="48" WC="0.93" CONTENT="reglemente"/>
						</TextLine>
						<TextLine ID="line_29" HPOS="785" VPOS="1785" WIDTH="1200" HEIGHT="54">
							<String ID="string_253" HPOS="785" VPOS="1785" WIDTH="59" HEIGHT="38" WC="0.93" CONTENT="för"/><SP WIDTH="26" VPOS="1785" HPOS="844"/>
							<String ID="string_254" HPOS="870" VPOS="1786" WIDTH="375" HEIGHT="48" WC="0.92" CONTENT="riksgäldskontoret"/><SP WIDTH="23" VPOS="1786" HPOS="1245"/>
							<String ID="string_255" HPOS="1268" VPOS="1791" WIDTH="60" HEIGHT="34" WC="0.96" CONTENT="må"/><SP WIDTH="21" VPOS="1791" HPOS="1328"/>
							<String ID="string_256" HPOS="1349" VPOS="1788" WIDTH="12" HEIGHT="37" WC="0.96" CONTENT="i"/><SP WIDTH="28" VPOS="1788" HPOS="1361"/>
							<String ID="string_257" HPOS="1389" VPOS="1788" WIDTH="66" HEIGHT="38" WC="0.96" CONTENT="det"/><SP WIDTH="22" VPOS="1788" HPOS="1455"/>
							<String ID="string_258" HPOS="1477" VPOS="1802" WIDTH="76" HEIGHT="35" WC="0.96" CONTENT="nya"/><SP WIDTH="15" VPOS="1802" HPOS="1553"/>
							<String ID="string_259" HPOS="1568" VPOS="1790" WIDTH="255" HEIGHT="49" WC="0.96" CONTENT="reglementet"/><SP WIDTH="16" VPOS="1790" HPOS="1823"/>
							<String ID="string_260" HPOS="1839" VPOS="1792" WIDTH="146" HEIGHT="38" WC="0.96" CONTENT="införas"/>
						</TextLine>
						<TextLine ID="line_30" HPOS="787" VPOS="1836" WIDTH="580" HEIGHT="50">
							<String ID="string_261" HPOS="787" VPOS="1841" WIDTH="55" HEIGHT="33" WC="0.95" CONTENT="ett"/><SP WIDTH="28" VPOS="1841" HPOS="842"/>
							<String ID="string_262" HPOS="870" VPOS="1840" WIDTH="42" HEIGHT="34" WC="0.96" CONTENT="så"/><SP WIDTH="25" VPOS="1840" HPOS="912"/>
							<String ID="string_263" HPOS="937" VPOS="1836" WIDTH="170" HEIGHT="50" WC="0.96" CONTENT="lydande"/><SP WIDTH="29" VPOS="1836" HPOS="1107"/>
							<String ID="string_264" HPOS="1136" VPOS="1839" WIDTH="231" HEIGHT="47" WC="0.96" CONTENT="stadgande:"/>
						</TextLine>
						<TextLine ID="line_31" HPOS="954" VPOS="1888" WIDTH="1030" HEIGHT="54">
							<String ID="string_265" HPOS="954" VPOS="1888" WIDTH="85" HEIGHT="37" WC="0.92" CONTENT="fver"/><SP WIDTH="26" VPOS="1888" HPOS="1039"/>
							<String ID="string_266" HPOS="1065" VPOS="1888" WIDTH="391" HEIGHT="48" WC="0.91" CONTENT="riksgäldskontorets"/><SP WIDTH="29" VPOS="1888" HPOS="1456"/>
							<String ID="string_267" HPOS="1485" VPOS="1890" WIDTH="179" HEIGHT="49" WC="0.96" CONTENT="samtliga"/><SP WIDTH="21" VPOS="1890" HPOS="1664"/>
							<String ID="string_268" HPOS="1685" VPOS="1892" WIDTH="208" HEIGHT="50" WC="0.96" CONTENT="tillgångar"/><SP WIDTH="18" VPOS="1892" HPOS="1893"/>
							<String ID="string_269" HPOS="1911" VPOS="1894" WIDTH="73" HEIGHT="37" WC="0.96" CONTENT="och"/>
						</TextLine>
						<TextLine ID="line_32" HPOS="785" VPOS="1937" WIDTH="1199" HEIGHT="55">
							<String ID="string_270" HPOS="785" VPOS="1937" WIDTH="157" HEIGHT="39" WC="0.96" CONTENT="skulder"/><SP WIDTH="32" VPOS="1937" HPOS="942"/>
							<String ID="string_271" HPOS="974" VPOS="1944" WIDTH="99" HEIGHT="32" WC="0.96" CONTENT="samt"/><SP WIDTH="30" VPOS="1944" HPOS="1073"/>
							<String ID="string_272" HPOS="1103" VPOS="1939" WIDTH="212" HEIGHT="38" WC="0.95" CONTENT="inkomster"/><SP WIDTH="23" VPOS="1939" HPOS="1315"/>
							<String ID="string_273" HPOS="1338" VPOS="1940" WIDTH="70" HEIGHT="37" WC="0.96" CONTENT="och"/><SP WIDTH="23" VPOS="1940" HPOS="1408"/>
							<String ID="string_274" HPOS="1431" VPOS="1940" WIDTH="162" HEIGHT="48" WC="0.92" CONTENT="utgifter"/><SP WIDTH="22" VPOS="1940" HPOS="1593"/>
							<String ID="string_275" HPOS="1615" VPOS="1948" WIDTH="193" HEIGHT="44" WC="0.92" CONTENT="uppgöres"/><SP WIDTH="24" VPOS="1948" HPOS="1808"/>
							<String ID="string_276" HPOS="1832" VPOS="1945" WIDTH="74" HEIGHT="36" WC="0.93" CONTENT="och"/><SP WIDTH="24" VPOS="1945" HPOS="1906"/>
							<String ID="string_277" HPOS="1930" VPOS="1945" WIDTH="54" HEIGHT="37" WC="0.93" CONTENT="af-"/>
						</TextLine>
						<TextLine ID="line_33" HPOS="785" VPOS="1988" WIDTH="1198" HEIGHT="54">
							<String ID="string_278" HPOS="785" VPOS="1988" WIDTH="119" HEIGHT="38" WC="0.95" CONTENT="slutas"/><SP WIDTH="36" VPOS="1988" HPOS="904"/>
							<String ID="string_279" HPOS="940" VPOS="1989" WIDTH="57" HEIGHT="36" WC="0.96" CONTENT="för"/><SP WIDTH="23" VPOS="1989" HPOS="997"/>
							<String ID="string_280" HPOS="1020" VPOS="1990" WIDTH="133" HEIGHT="48" WC="0.96" CONTENT="hvarje"/><SP WIDTH="28" VPOS="1990" HPOS="1153"/>
							<String ID="string_281" HPOS="1181" VPOS="1993" WIDTH="39" HEIGHT="34" WC="0.96" CONTENT="år"/><SP WIDTH="24" VPOS="1993" HPOS="1220"/>
							<String ID="string_282" HPOS="1244" VPOS="2003" WIDTH="48" HEIGHT="24" WC="0.96" CONTENT="en"/><SP WIDTH="28" VPOS="2003" HPOS="1292"/>
							<String ID="string_283" HPOS="1320" VPOS="1991" WIDTH="225" HEIGHT="49" WC="0.93" CONTENT="fullständig"/><SP WIDTH="26" VPOS="1991" HPOS="1545"/>
							<String ID="string_284" HPOS="1571" VPOS="1992" WIDTH="237" HEIGHT="50" WC="0.91" CONTENT="hufvudbok,"/><SP WIDTH="24" VPOS="1992" HPOS="1808"/>
							<String ID="string_285" HPOS="1832" VPOS="1994" WIDTH="151" HEIGHT="39" WC="0.92" CONTENT="hvaruti"/>
						</TextLine>
						<TextLine ID="line_34" HPOS="785" VPOS="2039" WIDTH="1198" HEIGHT="51">
							<String ID="string_286" HPOS="785" VPOS="2039" WIDTH="97" HEIGHT="38" WC="0.96" CONTENT="skall"/><SP WIDTH="33" VPOS="2039" HPOS="882"/>
							<String ID="string_287" HPOS="915" VPOS="2039" WIDTH="93" HEIGHT="49" WC="0.96" CONTENT="ingå"/><SP WIDTH="31" VPOS="2039" HPOS="1008"/>
							<String ID="string_288" HPOS="1039" VPOS="2040" WIDTH="253" HEIGHT="50" WC="0.95" CONTENT="redovisning"/><SP WIDTH="39" VPOS="2040" HPOS="1292"/>
							<String ID="string_289" HPOS="1331" VPOS="2041" WIDTH="58" HEIGHT="38" WC="0.96" CONTENT="för"/><SP WIDTH="37" VPOS="2041" HPOS="1389"/>
							<String ID="string_290" HPOS="1426" VPOS="2042" WIDTH="46" HEIGHT="37" WC="0.93" CONTENT="de"/><SP WIDTH="36" VPOS="2042" HPOS="1472"/>
							<String ID="string_291" HPOS="1508" VPOS="2042" WIDTH="208" HEIGHT="39" WC="0.91" CONTENT="fonderade"/><SP WIDTH="34" VPOS="2042" HPOS="1716"/>
							<String ID="string_292" HPOS="1750" VPOS="2045" WIDTH="233" HEIGHT="38" WC="0.92" CONTENT="statslånens"/>
						</TextLine>
						<TextLine ID="line_35" HPOS="783" VPOS="2089" WIDTH="1200" HEIGHT="45">
							<String ID="string_293" HPOS="783" VPOS="2089" WIDTH="267" HEIGHT="38" WC="0.91" CONTENT="likvidations-"/><SP WIDTH="28" VPOS="2089" HPOS="1050"/>
							<String ID="string_294" HPOS="1078" VPOS="2091" WIDTH="72" HEIGHT="37" WC="0.93" CONTENT="och"/><SP WIDTH="22" VPOS="2091" HPOS="1150"/>
							<String ID="string_295" HPOS="1172" VPOS="2092" WIDTH="477" HEIGHT="39" WC="0.89" CONTENT="amortissementsfonder."/><SP WIDTH="45" VPOS="2092" HPOS="1649"/>
							<String ID="string_296" HPOS="1694" VPOS="2095" WIDTH="289" HEIGHT="39" WC="0.91" CONTENT="Hufvudboken"/>
						</TextLine>
						<TextLine ID="line_36" HPOS="784" VPOS="2140" WIDTH="1199" HEIGHT="52">
							<String ID="string_297" HPOS="784" VPOS="2140" WIDTH="97" HEIGHT="38" WC="0.96" CONTENT="skall"/><SP WIDTH="22" VPOS="2140" HPOS="881"/>
							<String ID="string_298" HPOS="903" VPOS="2140" WIDTH="103" HEIGHT="38" WC="0.96" CONTENT="inom"/><SP WIDTH="25" VPOS="2140" HPOS="1006"/>
							<String ID="string_299" HPOS="1031" VPOS="2141" WIDTH="75" HEIGHT="39" WC="0.96" CONTENT="den"/><SP WIDTH="30" VPOS="2141" HPOS="1106"/>
							<String ID="string_300" HPOS="1136" VPOS="2144" WIDTH="17" HEIGHT="34" WC="0.94" CONTENT="1"/><SP WIDTH="27" VPOS="2144" HPOS="1153"/>
							<String ID="string_301" HPOS="1180" VPOS="2142" WIDTH="96" HEIGHT="50" WC="0.94" CONTENT="april"/><SP WIDTH="28" VPOS="2142" HPOS="1276"/>
							<String ID="string_302" HPOS="1304" VPOS="2145" WIDTH="81" HEIGHT="35" WC="0.96" CONTENT="året"/><SP WIDTH="21" VPOS="2145" HPOS="1385"/>
							<String ID="string_303" HPOS="1406" VPOS="2148" WIDTH="86" HEIGHT="34" WC="0.96" CONTENT="näst"/><SP WIDTH="17" VPOS="2148" HPOS="1492"/>
							<String ID="string_304" HPOS="1509" VPOS="2143" WIDTH="99" HEIGHT="38" WC="0.96" CONTENT="efter"/><SP WIDTH="19" VPOS="2143" HPOS="1608"/>
							<String ID="string_305" HPOS="1627" VPOS="2144" WIDTH="76" HEIGHT="48" WC="0.96" CONTENT="det,"/><SP WIDTH="20" VPOS="2144" HPOS="1703"/>
							<String ID="string_306" HPOS="1723" VPOS="2146" WIDTH="149" HEIGHT="38" WC="0.93" CONTENT="hvilket"/><SP WIDTH="18" VPOS="2146" HPOS="1872"/>
							<String ID="string_307" HPOS="1890" VPOS="2147" WIDTH="93" HEIGHT="38" WC="0.92" CONTENT="den-"/>
						</TextLine>
						<TextLine ID="line_37" HPOS="783" VPOS="2192" WIDTH="1200" HEIGHT="54">
							<String ID="string_308" HPOS="783" VPOS="2203" WIDTH="146" HEIGHT="25" WC="0.95" CONTENT="samma"/><SP WIDTH="37" VPOS="2203" HPOS="929"/>
							<String ID="string_309" HPOS="966" VPOS="2192" WIDTH="190" HEIGHT="48" WC="0.95" CONTENT="omfattar,"/><SP WIDTH="27" VPOS="2192" HPOS="1156"/>
							<String ID="string_310" HPOS="1183" VPOS="2206" WIDTH="92" HEIGHT="25" WC="0.93" CONTENT="vara"/><SP WIDTH="23" VPOS="2206" HPOS="1275"/>
							<String ID="string_311" HPOS="1298" VPOS="2194" WIDTH="166" HEIGHT="38" WC="0.92" CONTENT="afslutad"/><SP WIDTH="25" VPOS="2194" HPOS="1464"/>
							<String ID="string_312" HPOS="1489" VPOS="2200" WIDTH="100" HEIGHT="32" WC="0.95" CONTENT="samt"/><SP WIDTH="21" VPOS="2200" HPOS="1589"/>
							<String ID="string_313" HPOS="1610" VPOS="2196" WIDTH="82" HEIGHT="37" WC="0.95" CONTENT="före"/><SP WIDTH="28" VPOS="2196" HPOS="1692"/>
							<String ID="string_314" HPOS="1720" VPOS="2197" WIDTH="74" HEIGHT="37" WC="0.96" CONTENT="den"/><SP WIDTH="27" VPOS="2197" HPOS="1794"/>
							<String ID="string_315" HPOS="1821" VPOS="2199" WIDTH="17" HEIGHT="35" WC="0.96" CONTENT="1"/><SP WIDTH="27" VPOS="2199" HPOS="1838"/>
							<String ID="string_316" HPOS="1865" VPOS="2197" WIDTH="118" HEIGHT="49" WC="0.96" CONTENT="därpå"/>
						</TextLine>
						<TextLine ID="line_38" HPOS="783" VPOS="2240" WIDTH="740" HEIGHT="53">
							<String ID="string_317" HPOS="783" VPOS="2240" WIDTH="165" HEIGHT="50" WC="0.96" CONTENT="följande"/><SP WIDTH="18" VPOS="2240" HPOS="948"/>
							<String ID="string_318" HPOS="966" VPOS="2242" WIDTH="87" HEIGHT="49" WC="0.96" CONTENT="juni"/><SP WIDTH="27" VPOS="2242" HPOS="1053"/>
							<String ID="string_319" HPOS="1080" VPOS="2242" WIDTH="209" HEIGHT="50" WC="0.85" CONTENT="behörigen"/><SP WIDTH="26" VPOS="2242" HPOS="1289"/>
							<String ID="string_320" HPOS="1315" VPOS="2244" WIDTH="208" HEIGHT="49" WC="0.96" CONTENT="granskad."/>
						</TextLine>
					</TextBlock>
				</ComposedBlock>
			</PrintSpace>
		</Page>
	</Layout>
</alto>
