<?xml version="1.0" encoding="UTF-8"?>
<alto xmlns="http://www.loc.gov/standards/alto/ns-v3#" xmlns:xlink="http://www.w3.org/1999/xlink" xmlns:xsi="http://www.w3.org/2001/XMLSchema-instance" xsi:schemaLocation="http://www.loc.gov/standards/alto/ns-v3# http://www.loc.gov/alto/v3/alto-3-0.xsd">
	<Description>
		<MeasurementUnit>pixel</MeasurementUnit>
		<sourceImageInformation>
			<fileName>/tmp/tess_y0sgnj8t_input.PNG</fileName>
		</sourceImageInformation>
		<OCRProcessing ID="OCR_0">
			<ocrProcessingStep>
				<processingSoftware>
					<softwareName>tesseract 5.3.0</softwareName>
				</processingSoftware>
			</ocrProcessingStep>
		</OCRProcessing>
	</Description>
	<Layout>
		<Page WIDTH="1880" HEIGHT="2834" PHYSICAL_IMG_NR="0" ID="page_0">
			<PrintSpace HPOS="0" VPOS="0" WIDTH="1880" HEIGHT="2834">
				<ComposedBlock ID="cblock_0" HPOS="323" VPOS="165" WIDTH="1031" HEIGHT="40">
					<TextBlock ID="block_0" HPOS="323" VPOS="165" WIDTH="1031" HEIGHT="40">
						<TextLine ID="line_0" HPOS="323" VPOS="165" WIDTH="1031" HEIGHT="40">
							<String ID="string_0" HPOS="323" VPOS="165" WIDTH="20" HEIGHT="30" WC="0.95" CONTENT="8"/><SP WIDTH="373" VPOS="165" HPOS="343"/>
							<String ID="string_1" HPOS="716" VPOS="168" WIDTH="292" HEIGHT="34" WC="0.91" CONTENT="Statsutskottets"/><SP WIDTH="26" VPOS="168" HPOS="1008"/>
							<String ID="string_2" HPOS="1034" VPOS="171" WIDTH="185" HEIGHT="32" WC="0.41" CONTENT="utlåtande"/><SP WIDTH="26" VPOS="171" HPOS="1219"/>
							<String ID="string_3" HPOS="1245" VPOS="173" WIDTH="52" HEIGHT="32" WC="0.93" CONTENT="Nr"/><SP WIDTH="27" VPOS="173" HPOS="1297"/>
							<String ID="string_4" HPOS="1324" VPOS="175" WIDTH="30" HEIGHT="30" WC="0.93" CONTENT="2."/>
						</TextLine>
					</TextBlock>
				</ComposedBlock>
				<ComposedBlock ID="cblock_1" HPOS="681" VPOS="246" WIDTH="791" HEIGHT="399">
					<TextBlock ID="block_1" HPOS="681" VPOS="246" WIDTH="791" HEIGHT="399">
						<TextLine ID="line_1" HPOS="681" VPOS="246" WIDTH="784" HEIGHT="38">
							<String ID="string_5" HPOS="681" VPOS="246" WIDTH="172" HEIGHT="32" WC="0.91" CONTENT="Arvoden"/><SP WIDTH="24" VPOS="246" HPOS="853"/>
							<String ID="string_6" HPOS="877" VPOS="249" WIDTH="22" HEIGHT="29" WC="0.87" CONTENT="å"/><SP WIDTH="26" VPOS="249" HPOS="899"/>
							<String ID="string_7" HPOS="925" VPOS="247" WIDTH="88" HEIGHT="37" WC="0.90" CONTENT="1,500"/><SP WIDTH="26" VPOS="247" HPOS="1013"/>
							<String ID="string_8" HPOS="1039" VPOS="248" WIDTH="130" HEIGHT="33" WC="0.96" CONTENT="kronor"/><SP WIDTH="26" VPOS="248" HPOS="1169"/>
							<String ID="string_9" HPOS="1195" VPOS="250" WIDTH="59" HEIGHT="32" WC="0.96" CONTENT="till"/><SP WIDTH="27" VPOS="250" HPOS="1254"/>
							<String ID="string_10" HPOS="1281" VPOS="250" WIDTH="70" HEIGHT="33" WC="0.93" CONTENT="den"/><SP WIDTH="25" VPOS="250" HPOS="1351"/>
							<String ID="string_11" HPOS="1376" VPOS="252" WIDTH="89" HEIGHT="32" WC="0.92" CONTENT="revi-"/>
						</TextLine>
						<TextLine ID="line_2" HPOS="722" VPOS="296" WIDTH="745" HEIGHT="44">
							<String ID="string_12" HPOS="722" VPOS="296" WIDTH="329" HEIGHT="40" WC="0.91" CONTENT="sionssekreterare,"/><SP WIDTH="54" VPOS="296" HPOS="1051"/>
							<String ID="string_13" HPOS="1105" VPOS="310" WIDTH="75" HEIGHT="22" WC="0.96" CONTENT="som"/><SP WIDTH="53" VPOS="310" HPOS="1180"/>
							<String ID="string_14" HPOS="1233" VPOS="311" WIDTH="47" HEIGHT="22" WC="0.96" CONTENT="av"/><SP WIDTH="53" VPOS="311" HPOS="1280"/>
							<String ID="string_15" HPOS="1333" VPOS="301" WIDTH="134" HEIGHT="39" WC="0.10" CONTENT="Kungl."/>
						</TextLine>
						<TextLine ID="line_3" HPOS="720" VPOS="347" WIDTH="752" HEIGHT="39">
							<String ID="string_16" HPOS="720" VPOS="347" WIDTH="112" HEIGHT="38" WC="0.95" CONTENT="Maj:t"/><SP WIDTH="25" VPOS="347" HPOS="832"/>
							<String ID="string_17" HPOS="857" VPOS="349" WIDTH="187" HEIGHT="34" WC="0.96" CONTENT="förordnas"/><SP WIDTH="23" VPOS="349" HPOS="1044"/>
							<String ID="string_18" HPOS="1067" VPOS="352" WIDTH="55" HEIGHT="31" WC="0.96" CONTENT="att"/><SP WIDTH="23" VPOS="352" HPOS="1122"/>
							<String ID="string_19" HPOS="1145" VPOS="362" WIDTH="90" HEIGHT="22" WC="0.96" CONTENT="vara"/><SP WIDTH="22" VPOS="362" HPOS="1235"/>
							<String ID="string_20" HPOS="1257" VPOS="353" WIDTH="215" HEIGHT="33" WC="0.95" CONTENT="ordförande"/>
						</TextLine>
						<TextLine ID="line_4" HPOS="718" VPOS="399" WIDTH="752" HEIGHT="44">
							<String ID="string_21" HPOS="718" VPOS="399" WIDTH="12" HEIGHT="31" WC="0.86" CONTENT="i"/><SP WIDTH="42" VPOS="399" HPOS="730"/>
							<String ID="string_22" HPOS="772" VPOS="400" WIDTH="107" HEIGHT="33" WC="0.93" CONTENT="nedre"/><SP WIDTH="39" VPOS="400" HPOS="879"/>
							<String ID="string_23" HPOS="918" VPOS="402" WIDTH="358" HEIGHT="41" WC="0.91" CONTENT="justitierevisionen,"/><SP WIDTH="40" VPOS="402" HPOS="1276"/>
							<String ID="string_24" HPOS="1316" VPOS="407" WIDTH="93" HEIGHT="31" WC="0.95" CONTENT="samt"/><SP WIDTH="40" VPOS="407" HPOS="1409"/>
							<String ID="string_25" HPOS="1449" VPOS="408" WIDTH="21" HEIGHT="30" WC="0.72" CONTENT="i"/>
						</TextLine>
						<TextLine ID="line_5" HPOS="717" VPOS="452" WIDTH="752" HEIGHT="40">
							<String ID="string_26" HPOS="717" VPOS="452" WIDTH="59" HEIGHT="32" WC="0.60" CONTENT="5200"/><SP WIDTH="31" VPOS="452" HPOS="776"/>
							<String ID="string_27" HPOS="807" VPOS="452" WIDTH="130" HEIGHT="33" WC="0.95" CONTENT="kronor"/><SP WIDTH="30" VPOS="452" HPOS="937"/>
							<String ID="string_28" HPOS="967" VPOS="454" WIDTH="58" HEIGHT="32" WC="0.95" CONTENT="till"/><SP WIDTH="33" VPOS="454" HPOS="1025"/>
							<String ID="string_29" HPOS="1058" VPOS="454" WIDTH="69" HEIGHT="33" WC="0.93" CONTENT="den"/><SP WIDTH="30" VPOS="454" HPOS="1127"/>
							<String ID="string_30" HPOS="1157" VPOS="456" WIDTH="312" HEIGHT="36" WC="0.89" CONTENT="protokollssekre-"/>
						</TextLine>
						<TextLine ID="line_6" HPOS="717" VPOS="504" WIDTH="752" HEIGHT="42">
							<String ID="string_31" HPOS="717" VPOS="506" WIDTH="129" HEIGHT="34" WC="0.91" CONTENT="terare,"/><SP WIDTH="23" VPOS="506" HPOS="846"/>
							<String ID="string_32" HPOS="869" VPOS="514" WIDTH="75" HEIGHT="22" WC="0.95" CONTENT="som"/><SP WIDTH="23" VPOS="514" HPOS="944"/>
							<String ID="string_33" HPOS="967" VPOS="504" WIDTH="163" HEIGHT="34" WC="0.96" CONTENT="biträder"/><SP WIDTH="26" VPOS="504" HPOS="1130"/>
							<String ID="string_34" HPOS="1156" VPOS="506" WIDTH="61" HEIGHT="33" WC="0.96" CONTENT="vid"/><SP WIDTH="23" VPOS="506" HPOS="1217"/>
							<String ID="string_35" HPOS="1240" VPOS="509" WIDTH="229" HEIGHT="37" WC="0.96" CONTENT="mottagning"/>
						</TextLine>
						<TextLine ID="line_7" HPOS="717" VPOS="556" WIDTH="752" HEIGHT="42">
							<String ID="string_36" HPOS="717" VPOS="565" WIDTH="46" HEIGHT="21" WC="0.93" CONTENT="av"/><SP WIDTH="20" VPOS="565" HPOS="763"/>
							<String ID="string_37" HPOS="783" VPOS="556" WIDTH="194" HEIGHT="37" WC="0.90" CONTENT="veckomål,"/><SP WIDTH="19" VPOS="556" HPOS="977"/>
							<String ID="string_38" HPOS="996" VPOS="557" WIDTH="66" HEIGHT="32" WC="0.96" CONTENT="och"/><SP WIDTH="19" VPOS="557" HPOS="1062"/>
							<String ID="string_39" HPOS="1081" VPOS="557" WIDTH="57" HEIGHT="32" WC="0.96" CONTENT="till"/><SP WIDTH="20" VPOS="557" HPOS="1138"/>
							<String ID="string_40" HPOS="1158" VPOS="558" WIDTH="68" HEIGHT="32" WC="0.96" CONTENT="den"/><SP WIDTH="18" VPOS="558" HPOS="1226"/>
							<String ID="string_41" HPOS="1244" VPOS="559" WIDTH="225" HEIGHT="39" WC="0.96" CONTENT="registrator,"/>
						</TextLine>
						<TextLine ID="line_8" HPOS="716" VPOS="607" WIDTH="754" HEIGHT="38">
							<String ID="string_42" HPOS="716" VPOS="615" WIDTH="77" HEIGHT="24" WC="0.96" CONTENT="som"/><SP WIDTH="22" VPOS="615" HPOS="793"/>
							<String ID="string_43" HPOS="815" VPOS="607" WIDTH="216" HEIGHT="38" WC="0.96" CONTENT="ombesörjer"/><SP WIDTH="21" VPOS="607" HPOS="1031"/>
							<String ID="string_44" HPOS="1052" VPOS="610" WIDTH="143" HEIGHT="32" WC="0.96" CONTENT="verkets"/><SP WIDTH="22" VPOS="610" HPOS="1195"/>
							<String ID="string_45" HPOS="1217" VPOS="610" WIDTH="165" HEIGHT="33" WC="0.96" CONTENT="ekonomi"/><SP WIDTH="23" VPOS="610" HPOS="1382"/>
							<String ID="string_46" HPOS="1405" VPOS="613" WIDTH="65" HEIGHT="32" WC="0.96" CONTENT="och"/>
						</TextLine>
					</TextBlock>
				</ComposedBlock>
				<ComposedBlock ID="cblock_2" HPOS="304" VPOS="657" WIDTH="1468" HEIGHT="306">
					<TextBlock ID="block_2" HPOS="304" VPOS="657" WIDTH="1468" HEIGHT="306">
						<TextLine ID="line_9" HPOS="715" VPOS="657" WIDTH="1057" HEIGHT="47">
							<String ID="string_47" HPOS="715" VPOS="657" WIDTH="164" HEIGHT="38" WC="0.91" CONTENT="uppbörd"/><SP WIDTH="25" VPOS="657" HPOS="879"/>
							<String ID="string_48" HPOS="904" VPOS="669" WIDTH="45" HEIGHT="21" WC="0.87" CONTENT="10."/><SP WIDTH="25" VPOS="669" HPOS="949"/>
							<String ID="string_49" HPOS="974" VPOS="669" WIDTH="46" HEIGHT="23" WC="0.24" CONTENT="MM."/><SP WIDTH="34" VPOS="669" HPOS="1020"/>
							<String ID="string_50" HPOS="1054" VPOS="685" WIDTH="408" HEIGHT="11" WC="0.0" CONTENT=".ossssssssrsesssssr"/><SP WIDTH="-48" VPOS="685" HPOS="1462"/>
							<String ID="string_51" HPOS="1414" VPOS="653" WIDTH="51" HEIGHT="50" WC="0.42" CONTENT="ons"/><SP WIDTH="21" VPOS="653" HPOS="1465"/>
							<String ID="string_52" HPOS="1486" VPOS="664" WIDTH="131" HEIGHT="33" WC="0.88" CONTENT="kronor"/><SP WIDTH="65" VPOS="664" HPOS="1617"/>
							<String ID="string_53" HPOS="1682" VPOS="668" WIDTH="90" HEIGHT="36" WC="0.30" CONTENT="=2,500"/>
						</TextLine>
						<TextLine ID="line_10" HPOS="677" VPOS="709" WIDTH="793" HEIGHT="39">
							<String ID="string_54" HPOS="677" VPOS="709" WIDTH="227" HEIGHT="37" WC="0.90" CONTENT="Avlöningar"/><SP WIDTH="26" VPOS="709" HPOS="904"/>
							<String ID="string_55" HPOS="930" VPOS="711" WIDTH="58" HEIGHT="32" WC="0.95" CONTENT="till"/><SP WIDTH="23" VPOS="711" HPOS="988"/>
							<String ID="string_56" HPOS="1011" VPOS="714" WIDTH="105" HEIGHT="30" WC="0.93" CONTENT="extra"/><SP WIDTH="26" VPOS="714" HPOS="1116"/>
							<String ID="string_57" HPOS="1142" VPOS="713" WIDTH="328" HEIGHT="35" WC="0.92" CONTENT="revisionssekrete-"/>
						</TextLine>
						<TextLine ID="line_11" HPOS="711" VPOS="771" WIDTH="1053" HEIGHT="37">
							<String ID="string_58" HPOS="711" VPOS="771" WIDTH="82" HEIGHT="22" WC="0.0" CONTENT="FÄICÉ"/><SP WIDTH="60" VPOS="771" HPOS="793"/>
							<String ID="string_59" HPOS="853" VPOS="786" WIDTH="607" HEIGHT="13" WC="0.0" CONTENT="dosesseserssererereerr"/><SP WIDTH="-188" VPOS="786" HPOS="1460"/>
							<String ID="string_60" HPOS="1272" VPOS="761" WIDTH="91" HEIGHT="45" WC="0.8" CONTENT="error"/><SP WIDTH="10" VPOS="761" HPOS="1363"/>
							<String ID="string_61" HPOS="1373" VPOS="761" WIDTH="49" HEIGHT="45" WC="0.28" CONTENT="ers"/><SP WIDTH="10" VPOS="761" HPOS="1422"/>
							<String ID="string_62" HPOS="1432" VPOS="761" WIDTH="32" HEIGHT="45" WC="0.38" CONTENT="vr"/><SP WIDTH="84" VPOS="761" HPOS="1464"/>
							<String ID="string_63" HPOS="1548" VPOS="782" WIDTH="14" HEIGHT="16" WC="0.93" CONTENT="»"/><SP WIDTH="92" VPOS="782" HPOS="1562"/>
							<String ID="string_64" HPOS="1654" VPOS="771" WIDTH="110" HEIGHT="37" WC="0.90" CONTENT="18,000"/>
						</TextLine>
						<TextLine ID="line_12" HPOS="673" VPOS="812" WIDTH="793" HEIGHT="41">
							<String ID="string_65" HPOS="673" VPOS="812" WIDTH="228" HEIGHT="39" WC="0.88" CONTENT="Avlöningar"/><SP WIDTH="34" VPOS="812" HPOS="901"/>
							<String ID="string_66" HPOS="935" VPOS="814" WIDTH="59" HEIGHT="32" WC="0.95" CONTENT="till"/><SP WIDTH="34" VPOS="814" HPOS="994"/>
							<String ID="string_67" HPOS="1028" VPOS="815" WIDTH="129" HEIGHT="38" WC="0.93" CONTENT="övriga"/><SP WIDTH="33" VPOS="815" HPOS="1157"/>
							<String ID="string_68" HPOS="1190" VPOS="817" WIDTH="276" HEIGHT="34" WC="0.88" CONTENT="icke-ordinarie"/>
						</TextLine>
						<TextLine ID="line_13" HPOS="715" VPOS="864" WIDTH="1054" HEIGHT="48">
							<String ID="string_69" HPOS="715" VPOS="864" WIDTH="362" HEIGHT="39" WC="0.92" CONTENT="befattningshavare"/><SP WIDTH="27" VPOS="864" HPOS="1077"/>
							<String ID="string_70" HPOS="1104" VPOS="877" WIDTH="45" HEIGHT="22" WC="0.89" CONTENT="m."/><SP WIDTH="27" VPOS="877" HPOS="1149"/>
							<String ID="string_71" HPOS="1176" VPOS="878" WIDTH="45" HEIGHT="22" WC="0.33" CONTENT="m,"/><SP WIDTH="53" VPOS="878" HPOS="1221"/>
							<String ID="string_72" HPOS="1274" VPOS="893" WIDTH="189" HEIGHT="10" WC="0.77" CONTENT=".........."/><SP WIDTH="79" VPOS="893" HPOS="1463"/>
							<String ID="string_73" HPOS="1542" VPOS="884" WIDTH="13" HEIGHT="17" WC="0.91" CONTENT="»"/><SP WIDTH="104" VPOS="884" HPOS="1555"/>
							<String ID="string_74" HPOS="1659" VPOS="875" WIDTH="110" HEIGHT="37" WC="0.92" CONTENT="29,600"/>
						</TextLine>
						<TextLine ID="line_14" HPOS="304" VPOS="915" WIDTH="1462" HEIGHT="48">
							<String ID="string_75" HPOS="304" VPOS="923" WIDTH="10" HEIGHT="10" WC="0.43" CONTENT="."/><SP WIDTH="362" VPOS="923" HPOS="314"/>
							<String ID="string_76" HPOS="676" VPOS="915" WIDTH="452" HEIGHT="40" WC="0.91" CONTENT="Renskrivningskostnad,"/><SP WIDTH="53" VPOS="915" HPOS="1128"/>
							<String ID="string_77" HPOS="1181" VPOS="920" WIDTH="285" HEIGHT="40" WC="0.90" CONTENT="förslagsanslag"/><SP WIDTH="74" VPOS="920" HPOS="1466"/>
							<String ID="string_78" HPOS="1540" VPOS="936" WIDTH="13" HEIGHT="17" WC="0.54" CONTENT=" &lt;»"/><SP WIDTH="124" VPOS="936" HPOS="1553"/>
							<String ID="string_79" HPOS="1677" VPOS="927" WIDTH="89" HEIGHT="36" WC="0.91" CONTENT="5,000"/>
						</TextLine>
					</TextBlock>
				</ComposedBlock>
				<GraphicalElement ID="cblock_3" HPOS="1311" VPOS="974" WIDTH="385" HEIGHT="7"></GraphicalElement >
				<ComposedBlock ID="cblock_4" HPOS="667" VPOS="974" WIDTH="1111" HEIGHT="253">
					<TextBlock ID="block_3" HPOS="667" VPOS="974" WIDTH="1111" HEIGHT="253">
						<TextLine ID="line_15" HPOS="1294" VPOS="974" WIDTH="482" HEIGHT="50">
							<String ID="string_80" HPOS="1294" VPOS="974" WIDTH="165" HEIGHT="41" WC="0.14" CONTENT="&quot;Somma"/><SP WIDTH="21" VPOS="974" HPOS="1459"/>
							<String ID="string_81" HPOS="1480" VPOS="976" WIDTH="131" HEIGHT="41" WC="0.93" CONTENT="kronor"/><SP WIDTH="12" VPOS="976" HPOS="1611"/>
							<String ID="string_82" HPOS="1623" VPOS="978" WIDTH="153" HEIGHT="46" WC="0.76" CONTENT="450,000;"/>
						</TextLine>
						<TextLine ID="line_16" HPOS="671" VPOS="1033" WIDTH="89" HEIGHT="29">
							<String ID="string_83" HPOS="671" VPOS="1033" WIDTH="89" HEIGHT="29" WC="0.96" CONTENT="samt"/>
						</TextLine>
						<TextLine ID="line_17" HPOS="711" VPOS="1083" WIDTH="1067" HEIGHT="46">
							<String ID="string_84" HPOS="711" VPOS="1083" WIDTH="36" HEIGHT="38" WC="0.92" CONTENT="b)"/><SP WIDTH="25" VPOS="1083" HPOS="747"/>
							<String ID="string_85" HPOS="772" VPOS="1083" WIDTH="83" HEIGHT="37" WC="0.96" CONTENT="höja"/><SP WIDTH="19" VPOS="1083" HPOS="855"/>
							<String ID="string_86" HPOS="874" VPOS="1085" WIDTH="175" HEIGHT="32" WC="0.93" CONTENT="ordinarie"/><SP WIDTH="21" VPOS="1085" HPOS="1049"/>
							<String ID="string_87" HPOS="1070" VPOS="1087" WIDTH="304" HEIGHT="37" WC="0.89" CONTENT="förslagsanslaget"/><SP WIDTH="30" VPOS="1087" HPOS="1374"/>
							<String ID="string_88" HPOS="1404" VPOS="1090" WIDTH="54" HEIGHT="31" WC="0.96" CONTENT="till"/><SP WIDTH="30" VPOS="1090" HPOS="1458"/>
							<String ID="string_89" HPOS="1488" VPOS="1093" WIDTH="107" HEIGHT="30" WC="0.93" CONTENT="nedre"/><SP WIDTH="29" VPOS="1093" HPOS="1595"/>
							<String ID="string_90" HPOS="1624" VPOS="1093" WIDTH="154" HEIGHT="36" WC="0.91" CONTENT="justitie-"/>
						</TextLine>
						<TextLine ID="line_18" HPOS="670" VPOS="1136" WIDTH="1107" HEIGHT="51">
							<String ID="string_91" HPOS="670" VPOS="1136" WIDTH="201" HEIGHT="32" WC="0.94" CONTENT="revisionen"/><SP WIDTH="24" VPOS="1136" HPOS="871"/>
							<String ID="string_92" HPOS="895" VPOS="1136" WIDTH="79" HEIGHT="32" WC="0.96" CONTENT="från"/><SP WIDTH="27" VPOS="1136" HPOS="974"/>
							<String ID="string_93" HPOS="1001" VPOS="1137" WIDTH="75" HEIGHT="32" WC="0.96" CONTENT="dess"/><SP WIDTH="23" VPOS="1137" HPOS="1076"/>
							<String ID="string_94" HPOS="1099" VPOS="1139" WIDTH="201" HEIGHT="32" WC="0.96" CONTENT="nuvarande"/><SP WIDTH="24" VPOS="1139" HPOS="1300"/>
							<String ID="string_95" HPOS="1324" VPOS="1140" WIDTH="132" HEIGHT="38" WC="0.92" CONTENT="belopp,"/><SP WIDTH="28" VPOS="1140" HPOS="1456"/>
							<String ID="string_96" HPOS="1484" VPOS="1143" WIDTH="138" HEIGHT="35" WC="0.90" CONTENT="440,000"/><SP WIDTH="17" VPOS="1143" HPOS="1622"/>
							<String ID="string_97" HPOS="1639" VPOS="1141" WIDTH="138" HEIGHT="46" WC="0.96" CONTENT="kronor,"/>
						</TextLine>
						<TextLine ID="line_19" HPOS="667" VPOS="1186" WIDTH="772" HEIGHT="41">
							<String ID="string_98" HPOS="667" VPOS="1186" WIDTH="76" HEIGHT="32" WC="0.91" CONTENT="med"/><SP WIDTH="27" VPOS="1186" HPOS="743"/>
							<String ID="string_99" HPOS="770" VPOS="1188" WIDTH="117" HEIGHT="36" WC="0.91" CONTENT="10,000"/><SP WIDTH="24" VPOS="1188" HPOS="887"/>
							<String ID="string_100" HPOS="911" VPOS="1189" WIDTH="126" HEIGHT="32" WC="0.95" CONTENT="kronor"/><SP WIDTH="23" VPOS="1189" HPOS="1037"/>
							<String ID="string_101" HPOS="1060" VPOS="1190" WIDTH="56" HEIGHT="31" WC="0.93" CONTENT="till"/><SP WIDTH="24" VPOS="1190" HPOS="1116"/>
							<String ID="string_102" HPOS="1140" VPOS="1191" WIDTH="139" HEIGHT="36" WC="0.92" CONTENT="450,000"/><SP WIDTH="24" VPOS="1191" HPOS="1279"/>
							<String ID="string_103" HPOS="1303" VPOS="1192" WIDTH="136" HEIGHT="32" WC="0.96" CONTENT="kronor."/>
						</TextLine>
					</TextBlock>
				</ComposedBlock>
				<ComposedBlock ID="cblock_5" HPOS="44" VPOS="1271" WIDTH="1733" HEIGHT="51">
					<TextBlock ID="block_4" HPOS="44" VPOS="1271" WIDTH="1733" HEIGHT="51">
						<TextLine ID="line_20" HPOS="44" VPOS="1271" WIDTH="1733" HEIGHT="51">
							<String ID="string_104" HPOS="44" VPOS="1274" WIDTH="127" HEIGHT="32" WC="0.79" CONTENT="Tillfällig"/><SP WIDTH="20" VPOS="1274" HPOS="171"/>
							<String ID="string_105" HPOS="191" VPOS="1277" WIDTH="55" HEIGHT="29" WC="0.61" CONTENT="för-"/><SP WIDTH="34" VPOS="1277" HPOS="246"/>
							<String ID="string_106" HPOS="280" VPOS="1267" WIDTH="15" HEIGHT="55" WC="0.10" CONTENT="—"/><SP WIDTH="16" VPOS="1267" HPOS="295"/>
							<String ID="string_107" HPOS="311" VPOS="1271" WIDTH="64" HEIGHT="38" WC="0.52" CONTENT="8:0)"/><SP WIDTH="23" VPOS="1271" HPOS="375"/>
							<String ID="string_108" HPOS="398" VPOS="1271" WIDTH="17" HEIGHT="31" WC="0.96" CONTENT="I"/><SP WIDTH="23" VPOS="1271" HPOS="415"/>
							<String ID="string_109" HPOS="438" VPOS="1273" WIDTH="154" HEIGHT="36" WC="0.96" CONTENT="enlighet"/><SP WIDTH="22" VPOS="1273" HPOS="592"/>
							<String ID="string_110" HPOS="614" VPOS="1273" WIDTH="75" HEIGHT="32" WC="0.96" CONTENT="med"/><SP WIDTH="24" VPOS="1273" HPOS="689"/>
							<String ID="string_111" HPOS="713" VPOS="1273" WIDTH="134" HEIGHT="37" WC="0.94" CONTENT="Kungl."/><SP WIDTH="23" VPOS="1273" HPOS="847"/>
							<String ID="string_112" HPOS="870" VPOS="1274" WIDTH="117" HEIGHT="38" WC="0.96" CONTENT="Maj:ts"/><SP WIDTH="24" VPOS="1274" HPOS="987"/>
							<String ID="string_113" HPOS="1011" VPOS="1276" WIDTH="129" HEIGHT="38" WC="0.96" CONTENT="förslag"/><SP WIDTH="23" VPOS="1276" HPOS="1140"/>
							<String ID="string_114" HPOS="1163" VPOS="1279" WIDTH="126" HEIGHT="35" WC="0.96" CONTENT="(punkt"/><SP WIDTH="22" VPOS="1279" HPOS="1289"/>
							<String ID="string_115" HPOS="1311" VPOS="1280" WIDTH="32" HEIGHT="38" WC="0.95" CONTENT="8)"/><SP WIDTH="16" VPOS="1280" HPOS="1343"/>
							<String ID="string_116" HPOS="1359" VPOS="1280" WIDTH="61" HEIGHT="31" WC="0.95" CONTENT="och"/><SP WIDTH="17" VPOS="1280" HPOS="1420"/>
							<String ID="string_117" HPOS="1437" VPOS="1281" WIDTH="108" HEIGHT="32" WC="0.96" CONTENT="under"/><SP WIDTH="16" VPOS="1281" HPOS="1545"/>
							<String ID="string_118" HPOS="1561" VPOS="1283" WIDTH="216" HEIGHT="39" WC="0.96" CONTENT="hänvisning"/>
						</TextLine>
					</TextBlock>
				</ComposedBlock>
				<ComposedBlock ID="cblock_6" HPOS="265" VPOS="1322" WIDTH="1512" HEIGHT="48">
					<TextBlock ID="block_5" HPOS="48" VPOS="1309" WIDTH="1729" HEIGHT="67">
						<TextLine ID="line_21" HPOS="265" VPOS="1322" WIDTH="1512" HEIGHT="48">
							<String ID="string_119" HPOS="265" VPOS="1322" WIDTH="58" HEIGHT="32" WC="0.96" CONTENT="till"/><SP WIDTH="25" VPOS="1322" HPOS="323"/>
							<String ID="string_120" HPOS="348" VPOS="1323" WIDTH="66" HEIGHT="32" WC="0.91" CONTENT="vad"/><SP WIDTH="22" VPOS="1323" HPOS="414"/>
							<String ID="string_121" HPOS="436" VPOS="1325" WIDTH="376" HEIGHT="36" WC="0.90" CONTENT="statsrådsprotokollet"/><SP WIDTH="23" VPOS="1325" HPOS="812"/>
							<String ID="string_122" HPOS="835" VPOS="1326" WIDTH="74" HEIGHT="38" WC="0.95" CONTENT="(sid."/><SP WIDTH="25" VPOS="1326" HPOS="909"/>
							<String ID="string_123" HPOS="934" VPOS="1327" WIDTH="29" HEIGHT="36" WC="0.96" CONTENT="7,"/><SP WIDTH="25" VPOS="1327" HPOS="963"/>
							<String ID="string_124" HPOS="988" VPOS="1328" WIDTH="18" HEIGHT="30" WC="0.96" CONTENT="8"/><SP WIDTH="25" VPOS="1328" HPOS="1006"/>
							<String ID="string_125" HPOS="1031" VPOS="1329" WIDTH="62" HEIGHT="31" WC="0.96" CONTENT="och"/><SP WIDTH="24" VPOS="1329" HPOS="1093"/>
							<String ID="string_126" HPOS="1117" VPOS="1329" WIDTH="53" HEIGHT="39" WC="0.96" CONTENT="16)"/><SP WIDTH="25" VPOS="1329" HPOS="1170"/>
							<String ID="string_127" HPOS="1195" VPOS="1330" WIDTH="12" HEIGHT="31" WC="0.96" CONTENT="i"/><SP WIDTH="15" VPOS="1330" HPOS="1207"/>
							<String ID="string_128" HPOS="1222" VPOS="1333" WIDTH="120" HEIGHT="30" WC="0.96" CONTENT="ämnet"/><SP WIDTH="13" VPOS="1333" HPOS="1342"/>
							<String ID="string_129" HPOS="1355" VPOS="1332" WIDTH="205" HEIGHT="38" WC="0.96" CONTENT="innehåller,"/><SP WIDTH="16" VPOS="1332" HPOS="1560"/>
							<String ID="string_130" HPOS="1576" VPOS="1335" WIDTH="201" HEIGHT="34" WC="0.96" CONTENT="hemställer"/>
						</TextLine>
					</TextBlock>
				</ComposedBlock>
				<ComposedBlock ID="cblock_7" HPOS="40" VPOS="1375" WIDTH="402" HEIGHT="36">
					<TextBlock ID="block_6" HPOS="40" VPOS="1375" WIDTH="402" HEIGHT="36">
						<TextLine ID="line_22" HPOS="40" VPOS="1375" WIDTH="402" HEIGHT="36">
							<String ID="string_131" HPOS="40" VPOS="1381" WIDTH="76" HEIGHT="22" WC="0.95" CONTENT="terna"/><SP WIDTH="23" VPOS="1381" HPOS="116"/>
							<String ID="string_132" HPOS="139" VPOS="1379" WIDTH="12" HEIGHT="24" WC="0.95" CONTENT="i"/><SP WIDTH="17" VPOS="1379" HPOS="151"/>
							<String ID="string_133" HPOS="168" VPOS="1381" WIDTH="79" HEIGHT="24" WC="0.95" CONTENT="nedre"/><SP WIDTH="18" VPOS="1381" HPOS="247"/>
							<String ID="string_134" HPOS="265" VPOS="1375" WIDTH="177" HEIGHT="36" WC="0.96" CONTENT="Utskottet,"/>
						</TextLine>
					</TextBlock>
				</ComposedBlock>
				<ComposedBlock ID="cblock_8" HPOS="54" VPOS="1409" WIDTH="1720" HEIGHT="114">
					<TextBlock ID="block_7" HPOS="54" VPOS="1409" WIDTH="1720" HEIGHT="114">
						<TextLine ID="line_23" HPOS="54" VPOS="1409" WIDTH="1720" HEIGHT="55">
							<String ID="string_135" HPOS="54" VPOS="1409" WIDTH="175" HEIGHT="49" WC="0.88" CONTENT="justitierevi-"/><SP WIDTH="479" VPOS="1409" HPOS="229"/>
							<String ID="string_136" HPOS="708" VPOS="1423" WIDTH="53" HEIGHT="29" WC="0.96" CONTENT="att"/><SP WIDTH="35" VPOS="1423" HPOS="761"/>
							<String ID="string_137" HPOS="796" VPOS="1422" WIDTH="182" HEIGHT="37" WC="0.96" CONTENT="riksdagen"/><SP WIDTH="28" VPOS="1422" HPOS="978"/>
							<String ID="string_138" HPOS="1006" VPOS="1425" WIDTH="68" HEIGHT="34" WC="0.96" CONTENT="må,"/><SP WIDTH="23" VPOS="1425" HPOS="1074"/>
							<String ID="string_139" HPOS="1097" VPOS="1425" WIDTH="13" HEIGHT="30" WC="0.96" CONTENT="i"/><SP WIDTH="25" VPOS="1425" HPOS="1110"/>
							<String ID="string_140" HPOS="1135" VPOS="1425" WIDTH="109" HEIGHT="32" WC="0.95" CONTENT="likhet"/><SP WIDTH="23" VPOS="1425" HPOS="1244"/>
							<String ID="string_141" HPOS="1267" VPOS="1427" WIDTH="77" HEIGHT="32" WC="0.95" CONTENT="med"/><SP WIDTH="25" VPOS="1427" HPOS="1344"/>
							<String ID="string_142" HPOS="1369" VPOS="1429" WIDTH="66" HEIGHT="31" WC="0.96" CONTENT="vad"/><SP WIDTH="24" VPOS="1429" HPOS="1435"/>
							<String ID="string_143" HPOS="1459" VPOS="1430" WIDTH="55" HEIGHT="31" WC="0.96" CONTENT="för"/><SP WIDTH="22" VPOS="1430" HPOS="1514"/>
							<String ID="string_144" HPOS="1536" VPOS="1430" WIDTH="238" HEIGHT="34" WC="0.96" CONTENT="innevarande"/>
						</TextLine>
						<TextLine ID="line_24" HPOS="114" VPOS="1468" WIDTH="1660" HEIGHT="55">
							<String ID="string_145" HPOS="114" VPOS="1468" WIDTH="73" HEIGHT="55" WC="0.49" CONTENT="[8]"/><SP WIDTH="480" VPOS="1468" HPOS="187"/>
							<String ID="string_146" HPOS="667" VPOS="1473" WIDTH="169" HEIGHT="37" WC="0.95" CONTENT="budgetår"/><SP WIDTH="22" VPOS="1473" HPOS="836"/>
							<String ID="string_147" HPOS="858" VPOS="1476" WIDTH="59" HEIGHT="35" WC="0.95" CONTENT="ägt"/><SP WIDTH="34" VPOS="1476" HPOS="917"/>
							<String ID="string_148" HPOS="951" VPOS="1485" WIDTH="89" HEIGHT="27" WC="0.96" CONTENT="rum,"/><SP WIDTH="30" VPOS="1485" HPOS="1040"/>
							<String ID="string_149" HPOS="1070" VPOS="1476" WIDTH="52" HEIGHT="31" WC="0.96" CONTENT="för"/><SP WIDTH="24" VPOS="1476" HPOS="1122"/>
							<String ID="string_150" HPOS="1146" VPOS="1478" WIDTH="164" HEIGHT="38" WC="0.95" CONTENT="tillfällig"/><SP WIDTH="22" VPOS="1478" HPOS="1310"/>
							<String ID="string_151" HPOS="1332" VPOS="1480" WIDTH="243" HEIGHT="39" WC="0.96" CONTENT="förstärkning"/><SP WIDTH="22" VPOS="1480" HPOS="1575"/>
							<String ID="string_152" HPOS="1597" VPOS="1493" WIDTH="44" HEIGHT="22" WC="0.96" CONTENT="av"/><SP WIDTH="23" VPOS="1493" HPOS="1641"/>
							<String ID="string_153" HPOS="1664" VPOS="1486" WIDTH="110" HEIGHT="31" WC="0.96" CONTENT="nedre"/>
						</TextLine>
					</TextBlock>
				</ComposedBlock>
				<ComposedBlock ID="cblock_9" HPOS="661" VPOS="1526" WIDTH="1111" HEIGHT="249">
					<TextBlock ID="block_8" HPOS="661" VPOS="1526" WIDTH="1111" HEIGHT="249">
						<TextLine ID="line_25" HPOS="665" VPOS="1526" WIDTH="1107" HEIGHT="45">
							<String ID="string_154" HPOS="665" VPOS="1526" WIDTH="360" HEIGHT="35" WC="0.53" CONTENT="justitierevisionens"/><SP WIDTH="34" VPOS="1526" HPOS="1025"/>
							<String ID="string_155" HPOS="1059" VPOS="1528" WIDTH="255" HEIGHT="38" WC="0.91" CONTENT="arbetskrafter"/><SP WIDTH="33" VPOS="1528" HPOS="1314"/>
							<String ID="string_156" HPOS="1347" VPOS="1534" WIDTH="80" HEIGHT="31" WC="0.96" CONTENT="med"/><SP WIDTH="26" VPOS="1534" HPOS="1427"/>
							<String ID="string_157" HPOS="1453" VPOS="1534" WIDTH="81" HEIGHT="37" WC="0.96" CONTENT="fyra"/><SP WIDTH="22" VPOS="1534" HPOS="1534"/>
							<String ID="string_158" HPOS="1556" VPOS="1536" WIDTH="216" HEIGHT="35" WC="0.96" CONTENT="förordnade"/>
						</TextLine>
						<TextLine ID="line_26" HPOS="665" VPOS="1578" WIDTH="1106" HEIGHT="44">
							<String ID="string_159" HPOS="665" VPOS="1578" WIDTH="399" HEIGHT="39" WC="0.91" CONTENT="revisionssekreterare,"/><SP WIDTH="31" VPOS="1578" HPOS="1064"/>
							<String ID="string_160" HPOS="1095" VPOS="1591" WIDTH="43" HEIGHT="22" WC="0.95" CONTENT="en"/><SP WIDTH="17" VPOS="1591" HPOS="1138"/>
							<String ID="string_161" HPOS="1155" VPOS="1582" WIDTH="252" HEIGHT="36" WC="0.93" CONTENT="tillförordnad"/><SP WIDTH="15" VPOS="1582" HPOS="1407"/>
							<String ID="string_162" HPOS="1422" VPOS="1586" WIDTH="349" HEIGHT="36" WC="0.91" CONTENT="protokollssekrete-"/>
						</TextLine>
						<TextLine ID="line_27" HPOS="663" VPOS="1633" WIDTH="1107" HEIGHT="41">
							<String ID="string_163" HPOS="663" VPOS="1639" WIDTH="87" HEIGHT="27" WC="0.96" CONTENT="rare,"/><SP WIDTH="36" VPOS="1639" HPOS="750"/>
							<String ID="string_164" HPOS="786" VPOS="1639" WIDTH="44" HEIGHT="22" WC="0.96" CONTENT="en"/><SP WIDTH="24" VPOS="1639" HPOS="830"/>
							<String ID="string_165" HPOS="854" VPOS="1640" WIDTH="202" HEIGHT="29" WC="0.96" CONTENT="amanuens,"/><SP WIDTH="26" VPOS="1640" HPOS="1056"/>
							<String ID="string_166" HPOS="1082" VPOS="1633" WIDTH="60" HEIGHT="32" WC="0.96" CONTENT="två"/><SP WIDTH="24" VPOS="1633" HPOS="1142"/>
							<String ID="string_167" HPOS="1166" VPOS="1634" WIDTH="272" HEIGHT="36" WC="0.93" CONTENT="tillförordnade"/><SP WIDTH="22" VPOS="1634" HPOS="1438"/>
							<String ID="string_168" HPOS="1460" VPOS="1638" WIDTH="310" HEIGHT="36" WC="0.92" CONTENT="kontorsbiträden"/>
						</TextLine>
						<TextLine ID="line_28" HPOS="662" VPOS="1682" WIDTH="1108" HEIGHT="51">
							<String ID="string_169" HPOS="662" VPOS="1682" WIDTH="65" HEIGHT="31" WC="0.96" CONTENT="och"/><SP WIDTH="28" VPOS="1682" HPOS="727"/>
							<String ID="string_170" HPOS="755" VPOS="1692" WIDTH="44" HEIGHT="22" WC="0.96" CONTENT="en"/><SP WIDTH="24" VPOS="1692" HPOS="799"/>
							<String ID="string_171" HPOS="823" VPOS="1686" WIDTH="100" HEIGHT="29" WC="0.93" CONTENT="extra"/><SP WIDTH="22" VPOS="1686" HPOS="923"/>
							<String ID="string_172" HPOS="945" VPOS="1686" WIDTH="311" HEIGHT="35" WC="0.91" CONTENT="expeditionsvakt"/><SP WIDTH="23" VPOS="1686" HPOS="1256"/>
							<String ID="string_173" HPOS="1279" VPOS="1688" WIDTH="56" HEIGHT="31" WC="0.96" CONTENT="för"/><SP WIDTH="21" VPOS="1688" HPOS="1335"/>
							<String ID="string_174" HPOS="1356" VPOS="1689" WIDTH="201" HEIGHT="38" WC="0.96" CONTENT="budgetåret"/><SP WIDTH="24" VPOS="1689" HPOS="1557"/>
							<String ID="string_175" HPOS="1581" VPOS="1691" WIDTH="189" HEIGHT="42" WC="0.76" CONTENT="1931/1932"/>
						</TextLine>
						<TextLine ID="line_29" HPOS="661" VPOS="1735" WIDTH="804" HEIGHT="40">
							<String ID="string_176" HPOS="661" VPOS="1735" WIDTH="123" HEIGHT="31" WC="0.96" CONTENT="anvisa"/><SP WIDTH="24" VPOS="1735" HPOS="784"/>
							<String ID="string_177" HPOS="808" VPOS="1737" WIDTH="48" HEIGHT="29" WC="0.96" CONTENT="ett"/><SP WIDTH="22" VPOS="1737" HPOS="856"/>
							<String ID="string_178" HPOS="878" VPOS="1738" WIDTH="95" HEIGHT="29" WC="0.96" CONTENT="extra"/><SP WIDTH="24" VPOS="1738" HPOS="973"/>
							<String ID="string_179" HPOS="997" VPOS="1738" WIDTH="122" HEIGHT="36" WC="0.93" CONTENT="anslag"/><SP WIDTH="23" VPOS="1738" HPOS="1119"/>
							<String ID="string_180" HPOS="1142" VPOS="1739" WIDTH="21" HEIGHT="30" WC="0.93" CONTENT="å"/><SP WIDTH="24" VPOS="1739" HPOS="1163"/>
							<String ID="string_181" HPOS="1187" VPOS="1739" WIDTH="118" HEIGHT="36" WC="0.92" CONTENT="56,908"/><SP WIDTH="25" VPOS="1739" HPOS="1305"/>
							<String ID="string_182" HPOS="1330" VPOS="1741" WIDTH="135" HEIGHT="32" WC="0.96" CONTENT="kronor."/>
						</TextLine>
					</TextBlock>
				</ComposedBlock>
				<ComposedBlock ID="cblock_10" HPOS="38" VPOS="1835" WIDTH="1730" HEIGHT="512">
					<TextBlock ID="block_9" HPOS="38" VPOS="1835" WIDTH="1180" HEIGHT="44">
						<TextLine ID="line_30" HPOS="38" VPOS="1835" WIDTH="1180" HEIGHT="44">
							<String ID="string_183" HPOS="38" VPOS="1838" WIDTH="65" HEIGHT="25" WC="0.96" CONTENT="Svea"/><SP WIDTH="18" VPOS="1838" HPOS="103"/>
							<String ID="string_184" HPOS="121" VPOS="1840" WIDTH="110" HEIGHT="24" WC="0.88" CONTENT="hovrätt."/><SP WIDTH="40" VPOS="1840" HPOS="231"/>
							<String ID="string_185" HPOS="271" VPOS="1831" WIDTH="17" HEIGHT="52" WC="0.26" CONTENT="—"/><SP WIDTH="19" VPOS="1831" HPOS="288"/>
							<String ID="string_186" HPOS="307" VPOS="1836" WIDTH="63" HEIGHT="37" WC="0.42" CONTENT="9:0)"/><SP WIDTH="24" VPOS="1836" HPOS="370"/>
							<String ID="string_187" HPOS="394" VPOS="1835" WIDTH="131" HEIGHT="38" WC="0.93" CONTENT="Kungl."/><SP WIDTH="25" VPOS="1835" HPOS="525"/>
							<String ID="string_188" HPOS="550" VPOS="1837" WIDTH="99" HEIGHT="37" WC="0.96" CONTENT="Maj:t"/><SP WIDTH="23" VPOS="1837" HPOS="649"/>
							<String ID="string_189" HPOS="672" VPOS="1839" WIDTH="64" HEIGHT="31" WC="0.96" CONTENT="har"/><SP WIDTH="23" VPOS="1839" HPOS="736"/>
							<String ID="string_190" HPOS="759" VPOS="1839" WIDTH="179" HEIGHT="38" WC="0.96" CONTENT="föreslagit"/><SP WIDTH="22" VPOS="1839" HPOS="938"/>
							<String ID="string_191" HPOS="960" VPOS="1841" WIDTH="185" HEIGHT="38" WC="0.96" CONTENT="riksdagen"/><SP WIDTH="22" VPOS="1841" HPOS="1145"/>
							<String ID="string_192" HPOS="1167" VPOS="1845" WIDTH="51" HEIGHT="30" WC="0.96" CONTENT="att"/>
						</TextLine>
					</TextBlock>
					<TextBlock ID="block_10" HPOS="262" VPOS="1888" WIDTH="1503" HEIGHT="95">
						<TextLine ID="line_31" HPOS="304" VPOS="1888" WIDTH="1461" HEIGHT="49">
							<String ID="string_193" HPOS="304" VPOS="1888" WIDTH="76" HEIGHT="31" WC="0.93" CONTENT="dels"/><SP WIDTH="33" VPOS="1888" HPOS="380"/>
							<String ID="string_194" HPOS="413" VPOS="1889" WIDTH="21" HEIGHT="30" WC="0.89" CONTENT="å"/><SP WIDTH="33" VPOS="1889" HPOS="434"/>
							<String ID="string_195" HPOS="467" VPOS="1889" WIDTH="174" HEIGHT="32" WC="0.96" CONTENT="ordinarie"/><SP WIDTH="31" VPOS="1889" HPOS="641"/>
							<String ID="string_196" HPOS="672" VPOS="1892" WIDTH="114" HEIGHT="30" WC="0.96" CONTENT="staten"/><SP WIDTH="29" VPOS="1892" HPOS="786"/>
							<String ID="string_197" HPOS="815" VPOS="1892" WIDTH="54" HEIGHT="31" WC="0.96" CONTENT="för"/><SP WIDTH="23" VPOS="1892" HPOS="869"/>
							<String ID="string_198" HPOS="892" VPOS="1893" WIDTH="88" HEIGHT="31" WC="0.96" CONTENT="Svea"/><SP WIDTH="22" VPOS="1893" HPOS="980"/>
							<String ID="string_199" HPOS="1002" VPOS="1894" WIDTH="141" HEIGHT="32" WC="0.96" CONTENT="hovrätt"/><SP WIDTH="23" VPOS="1894" HPOS="1143"/>
							<String ID="string_200" HPOS="1166" VPOS="1896" WIDTH="79" HEIGHT="31" WC="0.96" CONTENT="från"/><SP WIDTH="24" VPOS="1896" HPOS="1245"/>
							<String ID="string_201" HPOS="1269" VPOS="1897" WIDTH="63" HEIGHT="31" WC="0.96" CONTENT="och"/><SP WIDTH="23" VPOS="1897" HPOS="1332"/>
							<String ID="string_202" HPOS="1355" VPOS="1898" WIDTH="77" HEIGHT="32" WC="0.96" CONTENT="med"/><SP WIDTH="23" VPOS="1898" HPOS="1432"/>
							<String ID="string_203" HPOS="1455" VPOS="1899" WIDTH="65" HEIGHT="32" WC="0.96" CONTENT="den"/><SP WIDTH="24" VPOS="1899" HPOS="1520"/>
							<String ID="string_204" HPOS="1544" VPOS="1902" WIDTH="19" HEIGHT="29" WC="0.96" CONTENT="1"/><SP WIDTH="24" VPOS="1902" HPOS="1563"/>
							<String ID="string_205" HPOS="1587" VPOS="1902" WIDTH="67" HEIGHT="35" WC="0.96" CONTENT="juli"/><SP WIDTH="26" VPOS="1902" HPOS="1654"/>
							<String ID="string_206" HPOS="1680" VPOS="1903" WIDTH="85" HEIGHT="31" WC="0.85" CONTENT="1931"/>
						</TextLine>
						<TextLine ID="line_32" HPOS="262" VPOS="1939" WIDTH="900" HEIGHT="44">
							<String ID="string_207" HPOS="262" VPOS="1939" WIDTH="147" HEIGHT="38" WC="0.96" CONTENT="uppföra"/><SP WIDTH="22" VPOS="1939" HPOS="409"/>
							<String ID="string_208" HPOS="431" VPOS="1942" WIDTH="60" HEIGHT="31" WC="0.93" CONTENT="två"/><SP WIDTH="22" VPOS="1942" HPOS="491"/>
							<String ID="string_209" HPOS="513" VPOS="1941" WIDTH="274" HEIGHT="34" WC="0.88" CONTENT="kanslibiträden"/><SP WIDTH="23" VPOS="1941" HPOS="787"/>
							<String ID="string_210" HPOS="810" VPOS="1945" WIDTH="12" HEIGHT="30" WC="0.93" CONTENT="i"/><SP WIDTH="25" VPOS="1945" HPOS="822"/>
							<String ID="string_211" HPOS="847" VPOS="1944" WIDTH="205" HEIGHT="38" WC="0.91" CONTENT="lönegraden"/><SP WIDTH="22" VPOS="1944" HPOS="1052"/>
							<String ID="string_212" HPOS="1074" VPOS="1947" WIDTH="30" HEIGHT="31" WC="0.93" CONTENT="B"/><SP WIDTH="24" VPOS="1947" HPOS="1104"/>
							<String ID="string_213" HPOS="1128" VPOS="1948" WIDTH="34" HEIGHT="35" WC="0.96" CONTENT="7;"/>
						</TextLine>
					</TextBlock>
					<TextBlock ID="block_11" HPOS="256" VPOS="1992" WIDTH="1512" HEIGHT="254">
						<TextLine ID="line_33" HPOS="303" VPOS="1992" WIDTH="1465" HEIGHT="50">
							<String ID="string_214" HPOS="303" VPOS="1992" WIDTH="76" HEIGHT="32" WC="0.96" CONTENT="dels"/><SP WIDTH="23" VPOS="1992" HPOS="379"/>
							<String ID="string_215" HPOS="402" VPOS="1992" WIDTH="183" HEIGHT="37" WC="0.96" CONTENT="godkänna"/><SP WIDTH="26" VPOS="1992" HPOS="585"/>
							<String ID="string_216" HPOS="611" VPOS="1994" WIDTH="152" HEIGHT="37" WC="0.96" CONTENT="följande"/><SP WIDTH="23" VPOS="1994" HPOS="763"/>
							<String ID="string_217" HPOS="786" VPOS="1996" WIDTH="173" HEIGHT="33" WC="0.93" CONTENT="ordinarie"/><SP WIDTH="22" VPOS="1996" HPOS="959"/>
							<String ID="string_218" HPOS="981" VPOS="1999" WIDTH="254" HEIGHT="37" WC="0.92" CONTENT="avlöningsstat"/><SP WIDTH="22" VPOS="1999" HPOS="1235"/>
							<String ID="string_219" HPOS="1257" VPOS="2001" WIDTH="55" HEIGHT="31" WC="0.96" CONTENT="för"/><SP WIDTH="23" VPOS="2001" HPOS="1312"/>
							<String ID="string_220" HPOS="1335" VPOS="2002" WIDTH="88" HEIGHT="32" WC="0.96" CONTENT="Svea"/><SP WIDTH="24" VPOS="2002" HPOS="1423"/>
							<String ID="string_221" HPOS="1447" VPOS="2004" WIDTH="149" HEIGHT="38" WC="0.95" CONTENT="hovrätt,"/><SP WIDTH="24" VPOS="2004" HPOS="1596"/>
							<String ID="string_222" HPOS="1620" VPOS="2007" WIDTH="53" HEIGHT="31" WC="0.92" CONTENT="att"/><SP WIDTH="23" VPOS="2007" HPOS="1673"/>
							<String ID="string_223" HPOS="1696" VPOS="2008" WIDTH="72" HEIGHT="31" WC="0.92" CONTENT="till-"/>
						</TextLine>
						<TextLine ID="line_34" HPOS="259" VPOS="2044" WIDTH="767" HEIGHT="41">
							<String ID="string_224" HPOS="259" VPOS="2044" WIDTH="133" HEIGHT="37" WC="0.92" CONTENT="lämpas"/><SP WIDTH="22" VPOS="2044" HPOS="392"/>
							<String ID="string_225" HPOS="414" VPOS="2044" WIDTH="80" HEIGHT="33" WC="0.96" CONTENT="från"/><SP WIDTH="23" VPOS="2044" HPOS="494"/>
							<String ID="string_226" HPOS="517" VPOS="2046" WIDTH="62" HEIGHT="31" WC="0.96" CONTENT="och"/><SP WIDTH="23" VPOS="2046" HPOS="579"/>
							<String ID="string_227" HPOS="602" VPOS="2047" WIDTH="76" HEIGHT="31" WC="0.96" CONTENT="med"/><SP WIDTH="22" VPOS="2047" HPOS="678"/>
							<String ID="string_228" HPOS="700" VPOS="2047" WIDTH="66" HEIGHT="32" WC="0.96" CONTENT="den"/><SP WIDTH="25" VPOS="2047" HPOS="766"/>
							<String ID="string_229" HPOS="791" VPOS="2050" WIDTH="18" HEIGHT="29" WC="0.95" CONTENT="1"/><SP WIDTH="25" VPOS="2050" HPOS="809"/>
							<String ID="string_230" HPOS="834" VPOS="2049" WIDTH="67" HEIGHT="36" WC="0.95" CONTENT="juli"/><SP WIDTH="24" VPOS="2049" HPOS="901"/>
							<String ID="string_231" HPOS="925" VPOS="2050" WIDTH="101" HEIGHT="32" WC="0.95" CONTENT="1931:"/>
						</TextLine>
						<TextLine ID="line_35" HPOS="257" VPOS="2095" WIDTH="1496" HEIGHT="52">
							<String ID="string_232" HPOS="257" VPOS="2095" WIDTH="222" HEIGHT="39" WC="0.89" CONTENT="Avlöningar"/><SP WIDTH="22" VPOS="2095" HPOS="479"/>
							<String ID="string_233" HPOS="501" VPOS="2098" WIDTH="57" HEIGHT="31" WC="0.96" CONTENT="till"/><SP WIDTH="22" VPOS="2098" HPOS="558"/>
							<String ID="string_234" HPOS="580" VPOS="2099" WIDTH="175" HEIGHT="32" WC="0.96" CONTENT="ordinarie"/><SP WIDTH="23" VPOS="2099" HPOS="755"/>
							<String ID="string_235" HPOS="778" VPOS="2101" WIDTH="219" HEIGHT="37" WC="0.96" CONTENT="tjänstemän,"/><SP WIDTH="25" VPOS="2101" HPOS="997"/>
							<String ID="string_236" HPOS="1022" VPOS="2103" WIDTH="269" HEIGHT="39" WC="0.90" CONTENT="förslagsanslag"/><SP WIDTH="21" VPOS="2103" HPOS="1291"/>
							<String ID="string_237" HPOS="1312" VPOS="2132" WIDTH="2" HEIGHT="2" WC="0.90" CONTENT="."/><SP WIDTH="146" VPOS="2132" HPOS="1314"/>
							<String ID="string_238" HPOS="1460" VPOS="2108" WIDTH="127" HEIGHT="32" WC="0.93" CONTENT="kronor"/><SP WIDTH="25" VPOS="2108" HPOS="1587"/>
							<String ID="string_239" HPOS="1612" VPOS="2111" WIDTH="141" HEIGHT="36" WC="0.91" CONTENT="716,700"/>
						</TextLine>
						<TextLine ID="line_36" HPOS="258" VPOS="2147" WIDTH="1495" HEIGHT="53">
							<String ID="string_240" HPOS="258" VPOS="2147" WIDTH="424" HEIGHT="41" WC="0.91" CONTENT="Vikariatsersättningar,"/><SP WIDTH="23" VPOS="2147" HPOS="682"/>
							<String ID="string_241" HPOS="705" VPOS="2152" WIDTH="267" HEIGHT="39" WC="0.55" CONTENT="förslagsanslag"/><SP WIDTH="26" VPOS="2152" HPOS="972"/>
							<String ID="string_242" HPOS="998" VPOS="2180" WIDTH="255" HEIGHT="6" WC="0.0" CONTENT="......eeemmmmmmmnn"/><SP WIDTH="19" VPOS="2180" HPOS="1253"/>
							<String ID="string_243" HPOS="1272" VPOS="2182" WIDTH="147" HEIGHT="6" WC="0.10" CONTENT="sn"/><SP WIDTH="95" VPOS="2182" HPOS="1419"/>
							<String ID="string_244" HPOS="1514" VPOS="2172" WIDTH="13" HEIGHT="16" WC="0.67" CONTENT="»"/><SP WIDTH="127" VPOS="2172" HPOS="1527"/>
							<String ID="string_245" HPOS="1654" VPOS="2164" WIDTH="99" HEIGHT="36" WC="0.92" CONTENT="2,500"/>
						</TextLine>
						<TextLine ID="line_37" HPOS="256" VPOS="2200" WIDTH="1179" HEIGHT="46">
							<String ID="string_246" HPOS="256" VPOS="2200" WIDTH="163" HEIGHT="33" WC="0.90" CONTENT="Arvoden"/><SP WIDTH="21" VPOS="2200" HPOS="419"/>
							<String ID="string_247" HPOS="440" VPOS="2202" WIDTH="22" HEIGHT="31" WC="0.90" CONTENT="å"/><SP WIDTH="23" VPOS="2202" HPOS="462"/>
							<String ID="string_248" HPOS="485" VPOS="2203" WIDTH="96" HEIGHT="36" WC="0.90" CONTENT="2,000"/><SP WIDTH="25" VPOS="2203" HPOS="581"/>
							<String ID="string_249" HPOS="606" VPOS="2204" WIDTH="127" HEIGHT="31" WC="0.96" CONTENT="kronor"/><SP WIDTH="22" VPOS="2204" HPOS="733"/>
							<String ID="string_250" HPOS="755" VPOS="2205" WIDTH="58" HEIGHT="31" WC="0.96" CONTENT="till"/><SP WIDTH="17" VPOS="2205" HPOS="813"/>
							<String ID="string_251" HPOS="830" VPOS="2205" WIDTH="381" HEIGHT="41" WC="0.91" CONTENT="divisionsordförande,"/><SP WIDTH="17" VPOS="2205" HPOS="1211"/>
							<String ID="string_252" HPOS="1228" VPOS="2210" WIDTH="119" HEIGHT="32" WC="0.93" CONTENT="tillika"/><SP WIDTH="16" VPOS="2210" HPOS="1347"/>
							<String ID="string_253" HPOS="1363" VPOS="2211" WIDTH="72" HEIGHT="32" WC="0.92" CONTENT="ord-"/>
						</TextLine>
					</TextBlock>
					<TextBlock ID="block_12" HPOS="298" VPOS="2253" WIDTH="1139" HEIGHT="44">
						<TextLine ID="line_38" HPOS="298" VPOS="2253" WIDTH="1139" HEIGHT="44">
							<String ID="string_254" HPOS="298" VPOS="2253" WIDTH="144" HEIGHT="32" WC="0.93" CONTENT="förande"/><SP WIDTH="32" VPOS="2253" HPOS="442"/>
							<String ID="string_255" HPOS="474" VPOS="2256" WIDTH="23" HEIGHT="30" WC="0.92" CONTENT="å"/><SP WIDTH="31" VPOS="2256" HPOS="497"/>
							<String ID="string_256" HPOS="528" VPOS="2255" WIDTH="497" HEIGHT="41" WC="0.92" CONTENT="krigshovrättsavdelningen,"/><SP WIDTH="34" VPOS="2255" HPOS="1025"/>
							<String ID="string_257" HPOS="1059" VPOS="2261" WIDTH="21" HEIGHT="30" WC="0.93" CONTENT="å"/><SP WIDTH="28" VPOS="2261" HPOS="1080"/>
							<String ID="string_258" HPOS="1108" VPOS="2261" WIDTH="95" HEIGHT="36" WC="0.90" CONTENT="1,500"/><SP WIDTH="28" VPOS="2261" HPOS="1203"/>
							<String ID="string_259" HPOS="1231" VPOS="2261" WIDTH="129" HEIGHT="33" WC="0.96" CONTENT="kronor"/><SP WIDTH="21" VPOS="2261" HPOS="1360"/>
							<String ID="string_260" HPOS="1381" VPOS="2264" WIDTH="56" HEIGHT="31" WC="0.96" CONTENT="till"/>
						</TextLine>
					</TextBlock>
					<TextBlock ID="block_13" HPOS="297" VPOS="2305" WIDTH="1139" HEIGHT="42">
						<TextLine ID="line_39" HPOS="297" VPOS="2305" WIDTH="1139" HEIGHT="42">
							<String ID="string_261" HPOS="297" VPOS="2305" WIDTH="56" HEIGHT="37" WC="0.96" CONTENT="sju"/><SP WIDTH="23" VPOS="2305" HPOS="353"/>
							<String ID="string_262" HPOS="376" VPOS="2306" WIDTH="122" HEIGHT="38" WC="0.93" CONTENT="övriga"/><SP WIDTH="23" VPOS="2306" HPOS="498"/>
							<String ID="string_263" HPOS="521" VPOS="2307" WIDTH="377" HEIGHT="35" WC="0.92" CONTENT="divisionsordförande"/><SP WIDTH="22" VPOS="2307" HPOS="898"/>
							<String ID="string_264" HPOS="920" VPOS="2313" WIDTH="90" HEIGHT="30" WC="0.93" CONTENT="samt"/><SP WIDTH="21" VPOS="2313" HPOS="1010"/>
							<String ID="string_265" HPOS="1031" VPOS="2313" WIDTH="22" HEIGHT="30" WC="0.92" CONTENT="å"/><SP WIDTH="17" VPOS="2313" HPOS="1053"/>
							<String ID="string_266" HPOS="1070" VPOS="2313" WIDTH="63" HEIGHT="31" WC="0.96" CONTENT="500"/><SP WIDTH="15" VPOS="2313" HPOS="1133"/>
							<String ID="string_267" HPOS="1148" VPOS="2313" WIDTH="128" HEIGHT="32" WC="0.96" CONTENT="kronor"/><SP WIDTH="15" VPOS="2313" HPOS="1276"/>
							<String ID="string_268" HPOS="1291" VPOS="2315" WIDTH="57" HEIGHT="31" WC="0.95" CONTENT="till"/><SP WIDTH="14" VPOS="2315" HPOS="1348"/>
							<String ID="string_269" HPOS="1362" VPOS="2316" WIDTH="74" HEIGHT="31" WC="0.95" CONTENT="åtta"/>
						</TextLine>
					</TextBlock>
				</ComposedBlock>
				<ComposedBlock ID="cblock_11" HPOS="252" VPOS="2357" WIDTH="1497" HEIGHT="154">
					<TextBlock ID="block_14" HPOS="252" VPOS="2357" WIDTH="1497" HEIGHT="154">
						<TextLine ID="line_40" HPOS="298" VPOS="2357" WIDTH="1451" HEIGHT="50">
							<String ID="string_270" HPOS="298" VPOS="2357" WIDTH="74" HEIGHT="32" WC="0.96" CONTENT="vice"/><SP WIDTH="23" VPOS="2357" HPOS="372"/>
							<String ID="string_271" HPOS="395" VPOS="2358" WIDTH="206" HEIGHT="33" WC="0.93" CONTENT="ordförande"/><SP WIDTH="21" VPOS="2358" HPOS="601"/>
							<String ID="string_272" HPOS="622" VPOS="2361" WIDTH="22" HEIGHT="31" WC="0.84" CONTENT="å"/><SP WIDTH="20" VPOS="2361" HPOS="644"/>
							<String ID="string_273" HPOS="664" VPOS="2360" WIDTH="152" HEIGHT="33" WC="0.6" CONTENT="CivisiOD..m"/><SP WIDTH="16" VPOS="2360" HPOS="816"/>
							<String ID="string_274" HPOS="832" VPOS="2386" WIDTH="597" HEIGHT="12" WC="0.5" CONTENT="essens"/><SP WIDTH="-170" VPOS="2386" HPOS="1429"/>
							<String ID="string_275" HPOS="1259" VPOS="2353" WIDTH="122" HEIGHT="51" WC="0.0" CONTENT="sissi"/><SP WIDTH="12" VPOS="2353" HPOS="1381"/>
							<String ID="string_276" HPOS="1393" VPOS="2353" WIDTH="39" HEIGHT="51" WC="0.21" CONTENT="osa"/><SP WIDTH="81" VPOS="2353" HPOS="1432"/>
							<String ID="string_277" HPOS="1513" VPOS="2381" WIDTH="12" HEIGHT="16" WC="0.91" CONTENT="»"/><SP WIDTH="104" VPOS="2381" HPOS="1525"/>
							<String ID="string_278" HPOS="1629" VPOS="2371" WIDTH="120" HEIGHT="36" WC="0.92" CONTENT="16,500"/>
						</TextLine>
						<TextLine ID="line_41" HPOS="253" VPOS="2409" WIDTH="1494" HEIGHT="50">
							<String ID="string_279" HPOS="253" VPOS="2409" WIDTH="221" HEIGHT="39" WC="0.91" CONTENT="Avlöningar"/><SP WIDTH="21" VPOS="2409" HPOS="474"/>
							<String ID="string_280" HPOS="495" VPOS="2411" WIDTH="58" HEIGHT="32" WC="0.92" CONTENT="till"/><SP WIDTH="22" VPOS="2411" HPOS="553"/>
							<String ID="string_281" HPOS="575" VPOS="2412" WIDTH="263" HEIGHT="34" WC="0.91" CONTENT="icke-ordinarie"/><SP WIDTH="23" VPOS="2412" HPOS="838"/>
							<String ID="string_282" HPOS="861" VPOS="2415" WIDTH="342" HEIGHT="39" WC="0.90" CONTENT="befattningshavare"/><SP WIDTH="22" VPOS="2415" HPOS="1203"/>
							<String ID="string_283" HPOS="1225" VPOS="2429" WIDTH="45" HEIGHT="21" WC="0.90" CONTENT="m."/><SP WIDTH="26" VPOS="2429" HPOS="1270"/>
							<String ID="string_284" HPOS="1296" VPOS="2429" WIDTH="131" HEIGHT="21" WC="0.79" CONTENT="m........."/><SP WIDTH="89" VPOS="2429" HPOS="1427"/>
							<String ID="string_285" HPOS="1516" VPOS="2434" WIDTH="8" HEIGHT="15" WC="0.28" CONTENT=")"/><SP WIDTH="104" VPOS="2434" HPOS="1524"/>
							<String ID="string_286" HPOS="1628" VPOS="2423" WIDTH="119" HEIGHT="36" WC="0.90" CONTENT="84,000"/>
						</TextLine>
						<TextLine ID="line_42" HPOS="252" VPOS="2461" WIDTH="1495" HEIGHT="50">
							<String ID="string_287" HPOS="252" VPOS="2461" WIDTH="434" HEIGHT="40" WC="0.90" CONTENT="Renskrivningskostnad,"/><SP WIDTH="24" VPOS="2461" HPOS="686"/>
							<String ID="string_288" HPOS="710" VPOS="2466" WIDTH="267" HEIGHT="38" WC="0.88" CONTENT="förslagsanslag"/><SP WIDTH="40" VPOS="2466" HPOS="977"/>
							<String ID="string_289" HPOS="1017" VPOS="2494" WIDTH="25" HEIGHT="4" WC="0.32" CONTENT="=..."/><SP WIDTH="30" VPOS="2494" HPOS="1042"/>
							<String ID="string_290" HPOS="1072" VPOS="2495" WIDTH="356" HEIGHT="7" WC="0.0" CONTENT="oo2mooomoooomssn"/><SP WIDTH="83" VPOS="2495" HPOS="1428"/>
							<String ID="string_291" HPOS="1511" VPOS="2485" WIDTH="14" HEIGHT="16" WC="0.93" CONTENT="»"/><SP WIDTH="125" VPOS="2485" HPOS="1525"/>
							<String ID="string_292" HPOS="1650" VPOS="2474" WIDTH="97" HEIGHT="37" WC="0.92" CONTENT="5,000"/>
						</TextLine>
					</TextBlock>
				</ComposedBlock>
				<ComposedBlock ID="cblock_12" HPOS="1288" VPOS="2518" WIDTH="472" HEIGHT="55">
					<TextBlock ID="block_15" HPOS="1288" VPOS="2518" WIDTH="472" HEIGHT="55">
						<TextLine ID="line_43" HPOS="1288" VPOS="2518" WIDTH="472" HEIGHT="55">
							<String ID="string_293" HPOS="1288" VPOS="2532" WIDTH="145" HEIGHT="33" WC="0.95" CONTENT="Summa"/><SP WIDTH="24" VPOS="2532" HPOS="1433"/>
							<String ID="string_294" HPOS="1457" VPOS="2518" WIDTH="126" HEIGHT="49" WC="0.93" CONTENT="kronor"/><SP WIDTH="23" VPOS="2518" HPOS="1583"/>
							<String ID="string_295" HPOS="1606" VPOS="2536" WIDTH="154" HEIGHT="37" WC="0.91" CONTENT="824,700:"/>
						</TextLine>
					</TextBlock>
				</ComposedBlock>
			</PrintSpace>
		</Page>
	</Layout>
</alto>
