2208 2622
502 202 100 28 Andra
626 202 181 29 kammarens
832 200 127 41 fjärde
983 200 154 39 tillfälliga
1163 203 119 28 utskotts
1306 201 146 30 utlåtande
1476 202 45 28 Nr
1546 202 29 28 4.
1827 199 11 29 1

950 702 70 42 Nr
1050 703 46 41 4.

856 863 111 25 Ankom
988 863 42 25 till
1052 862 167 34 riksdagens
1239 863 93 25 kansli
1352 862 55 26 den
1431 865 28 23 11
1482 862 65 33 april
1569 862 69 26 1919
1658 862 35 27 ki.
1718 865 29 24 11
1770 862 17 26 f.
1810 872 34 17 m,

558 1023 128 37 Andra
719 1025 222 35 kammarens
961 1025 151 42 fjärde
1140 1023 182 45 tillfälliga
1349 1024 145 35 utskotts
1522 1023 182 36 utlåtande
1732 1035 41 23 nr
1796 1024 47 34 4i

664 1095 188 45 anledning
881 1107 44 23 av
952 1096 103 34 väckt
1081 1095 127 35 motion
1236 1106 54 24 om
1318 1095 163 35 skrivelse
1500 1094 52 36 till
1580 1095 132 45 Kungl.
1734 1094 111 43 Moj:t

664 1167 178 45 angående
879 1167 191 35 beredande
1113 1167 36 34 åt
1190 1167 192 35 behövande
1425 1167 111 35 änkor
1576 1178 45 23 av
1656 1167 189 35 understöd

662 1242 85 31 utav
789 1238 180 35 allmänna
1010 1238 108 35 medel
1150 1241 67 42 för
1259 1237 184 36 underhåll
1471 1238 60 35 och
1560 1241 209 41 uppfostran
1799 1248 43 24 av

664 1310 103 35 deras
796 1311 99 34 barn.

342 1506 21 34 I
404 1519 43 22 en
491 1506 100 35 inom
632 1505 110 35 andra
766 1504 208 36 kammaren
1002 1504 109 36 väckt
1140 1505 68 35 och
1235 1504 59 36 till
1321 1504 79 36 dess
1428 1504 116 48 fjärde
1572 1504 186 48 tillfälliga
1786 1506 58 33 ut-

235 1560 100 36 skott
364 1559 174 36 hänvisad
572 1558 151 45 motion,
754 1571 43 23 nr
824 1559 87 43 200,
942 1559 65 35 har
1035 1559 83 34 herr
1150 1557 125 37 Olsson
1302 1559 13 34 i
1343 1558 231 35 Morastrand
1607 1570 48 23 m.
1686 1558 35 35 fl.
1748 1558 97 35 hem-

235 1614 111 43 ställt,
377 1615 54 34 att
458 1613 192 47 riksdagen
671 1614 121 36 måtte
821 1612 140 35 besluta
989 1613 55 34 att
1072 1612 13 35 i
1113 1611 170 37 skrivelse
1311 1612 58 35 till
1396 1612 141 47 Kungl.
1559 1611 111 48 Maj:t
1688 1611 154 43 anhålla,

234 1670 55 33 att
329 1667 142 47 Kungl.
515 1666 110 48 Maj:t
658 1668 112 33 måtte
812 1665 137 46 utreda,
989 1667 45 46 på
1073 1665 115 36 vilket
1228 1667 72 34 sätt
1342 1665 68 35 och
1439 1666 92 35 efter
1559 1665 98 36 vilka
1685 1664 159 48 grunder

234 1720 197 36 understöd
460 1733 44 22 av
532 1720 181 35 allmänna
736 1719 119 35 medel
881 1721 59 33 må
968 1721 90 33 utan
1086 1719 216 48 fattigvårds
1317 1719 135 35 verkan
1465 1718 147 36 beredas
1631 1718 211 36 behövande

234 1775 114 35 änkor
386 1774 58 35 till
485 1773 190 36 underhåll
703 1773 67 35 och
798 1773 215 48 uppfostran
1041 1785 45 23 av
1115 1772 100 36 deras
1242 1773 99 35 inom
1371 1772 239 48 äktenskapet
1637 1772 111 36 födda
1776 1772 68 35 och

235 1828 114 35 under
377 1828 198 35 detsamma
603 1826 216 48 adopterade
839 1826 99 45 barn,
969 1828 95 34 samt
1091 1826 57 35 för
1175 1826 193 47 riksdagen
1396 1826 202 48 framlägga
1622 1826 43 36 de
1694 1826 145 47 förslag,

235 1881 121 36 vartill
380 1880 245 48 utredningen
654 1880 73 35 kan
755 1880 84 47 giva
866 1879 208 48 anledning.

341 1935 20 34 I
390 1935 101 47 fråga
520 1947 58 23 om
607 1934 267 47 motiveringen
902 1933 57 36 får
986 1933 182 36 utskottet
1195 1933 151 35 hänvisa
1373 1933 58 35 till
1458 1934 198 35 motionen.

342 1987 192 36 Utskottet
576 1988 65 35 har
669 1988 14 34 i
710 1986 226 49 vederbörlig
970 1987 157 47 ordning
1155 1987 181 35 inhämtat
1363 1986 169 48 yttrande
1561 1987 80 35 från
1660 1986 182 49 pensions-

233 2042 176 49 styrelsen
452 2041 83 46 (Bil.
569 2040 52 49 1);
663 2041 182 35 dessutom
874 2041 47 34 ha
948 2042 47 46 på
1023 2040 197 36 utskottets
1249 2040 180 35 anmodan
1457 2040 196 48 yttranden
1686 2040 157 47 avgivits

234 2109 44 22 av
321 2094 228 37 Stockholms
591 2094 97 36 stads
722 2094 406 47 barnavårdsinspektör
1158 2093 81 47 (Bil.
1272 2094 35 46 2)
1337 2096 94 33 samt
1459 2106 43 23 av
1531 2094 160 35 Svenska
1719 2093 123 48 fattig-

233 2148 303 37 vårdsförbundet
564 2148 83 44 (Bil.
681 2148 46 46 3).
780 2148 352 48 Pensionsstyrelsen
1161 2148 68 35 och
1249 2147 229 36 Stockholms
1498 2147 97 36 stads
1611 2147 230 36 barnavårds-

232 2203 187 48 inspektör
455 2203 47 34 ha
530 2203 13 34 i
571 2202 77 35 sina
688 2201 196 48 yttranden
923 2201 183 49 tillstyrkt
1138 2201 283 36 motionärernas
1454 2201 172 49 yrkande.
1685 2201 159 35 Svenska

233 2255 416 49 fattigvårdsförbundet
672 2256 65 35 har
764 2256 132 35 uttalat
925 2256 64 35 sitt
1016 2255 159 48 gillande
1205 2268 43 23 av
1276 2255 205 36 motionens
1505 2256 107 47 syfte,
1634 2268 81 23 men
1736 2268 105 35 synes

277 2317 120 40 Bihang
420 2319 45 30 till
488 2319 170 37 riksdagens
677 2319 146 37 protokoll
847 2319 90 29 1919.
986 2319 42 29 13
1053 2319 81 29 saml.
1181 2320 19 28 4
1226 2319 64 29 avd.
1339 2319 19 28 4
1383 2319 73 37 häft.
1504 2318 59 39 (Nr
1587 2318 42 37 4.)
1776 2317 15 29 1
