1909 2835
309 183 17 27 6
685 175 284 32 Bankoutskottets
985 173 161 33 utlåtande
1163 184 37 21 nr
1215 174 44 30 44
1276 173 35 31 år
1329 173 87 31 1970

311 257 100 32 skulle
430 267 76 22 vara
525 258 52 31 väl
596 259 95 39 ägnat
711 263 45 26 att
774 257 167 41 tillgodose
960 257 58 31 här
1039 256 139 41 antydda
1198 254 175 34 önskemål.
1395 255 54 31 Ett
1470 258 117 36 system
1607 252 75 32 med
1702 251 93 32 andel

308 312 53 31 för
375 311 41 32 de
432 311 155 32 anställda
601 312 11 31 i
626 312 181 40 företagens
822 311 187 41 långsiktiga
1025 310 157 41 sparande
1197 310 101 32 skulle
1314 309 64 32 öka
1393 306 311 42 företagssparandet
1719 310 76 27 utan

311 370 44 28 att
374 365 98 42 några
490 365 72 33 från
580 365 357 42 fördelningssynpunkt
957 365 146 41 negativa
1121 364 235 32 konsekvenser
1377 362 101 33 skulle
1498 361 137 32 inträffa.
1659 361 77 31 Som
1756 369 41 22 en

310 421 156 31 värdefull
481 421 135 31 bieffekt
632 420 102 32 skulle
749 421 54 31 det
818 420 34 32 få
869 430 41 21 en
926 420 86 31 ökad
1028 418 325 41 intressegemenskap
1371 417 117 31 mellan
1504 416 181 40 företagens
1703 416 94 39 ägare

307 476 61 32 och
389 476 164 31 anställda.
574 475 86 33 Från
680 475 85 33 båda
784 476 93 31 dessa
896 474 270 42 utgångspunkter
1185 474 100 31 borde
1307 472 251 32 motionärernas
1578 470 121 41 förslag
1718 479 77 22 vara

312 539 39 22 av
366 529 132 32 intresse
512 529 51 32 för
578 529 319 32 arbetsmarknadens
911 533 115 36 parter.

355 584 58 32 Att
430 584 168 40 utredning
615 584 62 31 och
695 583 251 41 genomförande
965 593 39 21 av
1022 583 53 32 det
1093 582 126 41 projekt
1238 591 71 22 som
1328 590 95 31 anges
1442 580 11 31 i
1472 579 200 31 motionerna
1690 578 25 31 I:
1732 577 64 31 822

312 639 61 31 och
386 640 44 29 II:
444 639 62 31 961
524 638 114 32 kräver
652 638 86 32 aktiv
750 638 196 31 medverkan
958 637 73 32 från
1046 636 440 39 arbetsmarknadsparternas
1503 633 68 32 sida
1586 632 132 32 innebär
1733 632 65 31 inte

313 697 45 28 att
373 693 244 32 statsmakterna
633 693 80 31 skall
728 692 138 32 förhålla
881 692 46 41 sig
943 692 126 40 passiva
1086 690 42 42 på
1144 691 87 31 detta
1247 689 142 32 område.
1407 689 144 31 Fastmer
1567 687 60 31 bör
1644 686 41 32 de
1700 685 99 32 verka

311 748 51 31 för
376 753 44 27 att
431 747 35 32 få
478 748 303 39 förutsättningarna
793 747 52 31 för
857 752 45 27 ett
914 746 180 40 långsiktigt
1106 743 298 42 företagssparande
1419 752 39 22 av
1471 741 179 41 föreslagen
1665 745 47 28 art
1724 741 74 40 prö-

313 802 90 32 vade.
420 803 51 30 En
486 802 263 40 parlamentarisk
764 801 168 40 utredning
948 801 11 31 i
974 801 87 31 detta
1077 800 90 40 syfte,
1185 797 220 42 inrymmande
1422 795 99 33 också
1536 795 197 32 företrädare
1748 795 51 31 för

314 856 318 31 arbetsmarknadens
647 861 107 34 parter
768 856 62 30 och
847 854 184 40 erforderlig
1047 853 146 40 expertis,
1212 854 35 30 är
1263 852 97 39 enligt
1374 851 170 31 utskottets
1559 849 129 40 mening
1704 848 95 32 önsk-

312 909 88 32 värd.
416 909 163 31 Utskottet
594 908 169 41 tillstyrker
779 907 90 32 alltså
885 907 200 31 motionerna
1101 907 24 30 I:
1142 906 64 31 822
1224 905 62 31 och
1300 906 45 29 II:
1358 904 77 31 961.

357 964 50 31 De
421 962 166 33 önskemål
599 972 56 22 om
666 962 168 40 utredning
848 971 70 23 som
931 970 94 31 anges
1038 961 11 31 i
1062 960 200 31 motionerna
1275 960 25 30 I:
1315 959 44 31 90
1372 958 62 31 och
1447 958 44 30 II:
1505 957 64 31 105
1584 961 82 27 samt
1679 956 41 31 I:
1735 955 65 31 434

316 1027 91 31 synes
426 1016 43 41 på
486 1017 84 31 vissa
587 1016 138 40 punkter
744 1017 136 30 stämma
899 1015 122 31 mindre
1041 1015 51 30 väl
1112 1016 134 29 överens
1265 1012 75 31 med
1360 1012 74 31 dem
1455 1021 70 21 som
1544 1010 154 32 utskottet
1717 1019 84 21 ovan

311 1075 75 40 givit
404 1074 125 41 uttryck
547 1073 59 32 för.
628 1072 163 32 Utskottet
810 1070 161 41 avstyrker
989 1069 110 32 därför
1117 1069 94 31 dessa
1229 1067 187 32 motioner.»

361 1156 69 31 dels
446 1159 44 28 att
506 1154 143 41 punkten
665 1154 20 30 2
703 1153 12 31 i
729 1152 168 32 utskottets
915 1150 189 32 hemställan
1120 1150 73 31 bort
1208 1149 43 31 ha
1267 1147 142 41 följande
1426 1147 128 40 lydelse:

683 1207 51 31 >2.
761 1211 44 27 att
820 1205 169 40 riksdagen
1005 1204 74 31 med
1094 1203 90 32 bifall
1199 1202 47 32 till
1261 1201 201 32 motionerna
1478 1202 25 30 I:
1519 1201 64 31 822
1601 1200 62 31 och
1680 1201 41 30 II:
1737 1199 61 32 961

634 1261 61 31 hos
713 1260 116 40 Kungl.
849 1258 97 41 Maj:t
964 1257 181 32 hemställer
1165 1266 54 22 om
1236 1255 169 40 utredning
1424 1254 136 32 rörande
1581 1253 93 32 andel
1692 1254 52 31 för
1763 1253 40 31 de

637 1313 155 33 anställda
806 1313 12 32 i
831 1311 180 42 långsiktigt
1025 1309 298 42 företagssparande
1338 1309 11 31 i
1364 1308 137 41 enlighet
1515 1308 74 31 med
1604 1307 64 32 vad
1681 1307 122 32 utskot-

636 1373 45 27 tet
695 1376 84 22 ovan
796 1366 136 37 anfört;>

910 1526 132 32 Särskilt
1061 1526 145 40 yttrande

362 1624 41 22 av
417 1614 108 31 herrar
538 1613 170 34 Mattsson,
723 1611 173 37 Börjesson
917 1610 4 31 i
934 1609 204 39 Glömminge
1153 1608 61 31 och
1226 1606 176 32 Stridsman
1418 1606 76 37 (alla
1509 1605 64 41 cp),
1589 1604 85 33 vilka
1690 1605 113 31 anfört:

364 1696 106 39 Enligt
485 1694 58 32 vår
560 1693 204 41 uppfattning
782 1694 35 29 är
833 1691 56 32 det
908 1701 39 21 av
963 1690 43 32 bl.
1022 1700 27 22 a.
1071 1687 361 34 samhällsekonomiska
1450 1687 62 32 och
1531 1685 275 41 fördelningspoli-

321 1749 83 32 tiska
422 1748 71 33 skäl
514 1747 152 32 önskvärt
687 1751 45 27 att
751 1764 46 4 —
819 1755 70 22 som
908 1744 135 32 föreslås
1064 1745 11 31 i
1095 1744 166 31 motionen
1282 1743 41 31 II:
1339 1742 65 31 434
1425 1760 47 4 —
1492 1740 133 32 försöka
1646 1739 162 33 stimulera

321 1804 124 39 företag
464 1808 45 26 att
529 1803 122 30 avsätta
669 1800 189 32 vinstmedel
875 1800 47 31 till
943 1798 115 32 fonder
1076 1799 89 31 inom
1184 1798 156 38 företaget
1361 1795 84 32 vilka
1466 1795 151 31 förvaltas
1640 1804 38 22 av
1698 1803 109 31 perso-

321 1857 103 31 nalen.
445 1857 77 30 Som
541 1855 154 31 utskottet
714 1853 183 32 framhåller
915 1852 60 31 bör
993 1852 56 31 det
1068 1851 84 32 dock
1173 1852 11 31 i
1204 1851 100 31 första
1324 1850 85 31 hand
1432 1848 172 32 ankomma
1625 1847 43 42 på
1690 1847 118 32 arbets-

321 1910 212 32 marknadens
550 1914 108 35 parter
677 1913 44 26 att
738 1909 146 29 närmare
901 1908 102 39 pröva
1020 1905 121 41 frågan.
