1886 2800
492 169 124 29 Första
637 166 246 40 lagutskottets
904 164 179 30 utlåtande
1104 173 43 20 nr
1165 163 51 29 35.
1561 159 41 30 29

808 376 98 47 Lag

225 476 56 20 om
304 464 144 41 ändring
470 463 11 30 i
504 460 295 43 sinnessjuklagen
822 460 67 30 den
912 460 42 30 19
978 457 188 42 september
1190 457 86 31 1929
1302 457 58 42 (nr
1385 455 94 43 321).

156 564 211 39 Härigenom
392 561 195 33 förordnas,
612 562 51 27 att
690 559 38 30 18
755 559 15 36 $
798 560 91 27 samt
914 557 128 30 20—23
1071 556 38 37 $$
1138 554 306 39 sinnessjuklagen
1468 553 67 29 den
1564 551 39 30 19

111 618 195 39 september
332 616 97 30 1929:
453 615 98 30 skola
575 613 133 30 erhålla
731 612 135 30 ändrad
890 611 128 39 lydelse
1043 610 46 39 på
1113 611 69 28 sätt
1204 608 114 30 nedan
1342 607 150 39 angives.

326 731 183 35 (Gällande
534 730 90 39 lag:)
1048 725 214 34 (Utskottets
1285 722 167 40 förslag:)

430 793 38 30 18
495 792 27 37 8.
1206 786 38 29 18
1272 785 28 37 3.

158 858 76 29 Kan
252 856 215 39 sinnessjuk,
488 864 75 20 som
583 854 54 30 för
655 853 85 30 vård
759 851 144 40 intagits
922 851 20 29 å
961 849 284 39 sinnessjukhus,
1264 847 109 30 vistas
1391 848 97 28 utom
1507 845 99 40 sjuk-

113 913 103 28 huset
238 912 86 28 utan
344 910 77 29 fara
442 909 54 29 för
516 916 138 22 annans
673 905 200 41 personliga
894 904 162 30 säkerhet
1077 903 83 29 eller
1180 904 75 37 eget
1275 901 56 34 liv,
1354 900 66 34 må,
1443 899 90 31 ändå
1554 900 51 28 att

113 966 69 29 den
202 964 101 40 sjuke
324 965 38 28 är
382 963 11 29 i
411 963 110 29 behov
541 971 43 20 av
602 960 86 30 vård
707 960 19 29 å
746 959 126 30 sådant
892 958 162 39 sjukhus,
1076 955 223 38 utskrivning
1320 955 71 32 ske,
1411 954 116 29 därest
1547 952 58 30 det

112 1018 179 30 erfordras
313 1018 55 29 för
389 1015 194 31 beredande
606 1024 42 20 av
668 1013 91 40 plats
781 1013 55 29 för
857 1020 117 21 annan
996 1009 215 39 sinnessjuk,
1234 1017 75 21 som
1331 1006 275 41 uppenbarligen

114 1073 41 29 är
171 1072 12 28 i
201 1072 109 29 större
328 1071 111 29 behov
457 1078 41 21 av
514 1068 97 34 vård,
629 1067 82 30 eller
728 1066 45 40 på
791 1063 327 32 tillfredsställande
1139 1064 67 28 sätt
1225 1062 116 29 finnes
1361 1060 86 40 sörjt
1466 1060 54 29 för
1538 1060 68 29 den

115 1125 122 39 sjukes
255 1123 177 31 vårdande
450 1124 98 28 utom
567 1121 198 39 sjukhuset.

168 1178 227 38 Utskrivning
424 1176 105 39 enligt
560 1176 112 39 första
703 1173 135 39 stycket

120 1232 58 29 må
200 1232 34 39 ej
255 1232 64 38 äga
341 1240 78 20 rum
442 1239 41 20 av
504 1229 78 35 den,

168 1294 73 20 som
257 1284 45 40 på
318 1283 114 40 grund
449 1292 41 20 av
508 1282 54 30 sin
581 1279 258 33 sinnesbeskaf-

120 1339 122 29 fenhet
279 1347 42 20 av
358 1337 150 29 domstol
547 1335 190 30 förklarats
763 1333 76 29 icke

122 1392 121 28 kunna
265 1391 105 29 fällas
392 1390 52 29 till
467 1398 126 20 ansvar
616 1388 54 29 för
692 1387 148 38 begång-

121 1447 36 27 et
175 1445 102 32 brott,
297 1444 84 29 eller

170 1507 83 23 som,
273 1497 109 38 enligt
400 1496 65 29 vad
483 1495 87 29 känt
591 1496 48 32 är,
660 1493 110 30 under
790 1492 51 29 in-

123 1550 156 40 flytande
319 1559 43 20 av
400 1548 288 39 sinnessjukdom
724 1545 117 39 begått

124 1606 74 28 mot
216 1612 137 21 annans
372 1602 197 40 personliga
591 1600 161 31 säkerhet
772 1599 71 29 rik-

124 1659 53 28 tat
203 1657 102 33 brott,
334 1656 107 30 vilket
468 1655 75 29 icke
572 1654 99 30 blivit
698 1653 144 32 beivrat,

123 1711 84 29 eller

171 1773 72 20 som
273 1763 108 39 enligt
409 1761 169 31 domstols
605 1759 238 41 förordnande

126 1817 142 39 intagits
291 1817 10 28 i
318 1816 130 30 allmän
469 1812 375 42 uppfostringsanstalt

127 1879 79 20 men
225 1870 172 38 överförts
417 1868 51 29 till
486 1866 274 40 sinnessjukhus
779 1865 64 29 och

126 1922 135 39 slutligt
284 1921 182 30 utskrivits
488 1921 80 38 från
592 1919 185 35 anstalten,
800 1918 45 29 el-

128 1976 51 29 ler

173 2038 74 20 som
285 2028 143 39 intagits
464 2027 19 29 å
522 2025 274 39 sinnessjukhus
835 2024 11 28 i

129 2082 168 29 samband
317 2081 79 30 med
417 2080 188 39 frigivning
625 2079 80 39 från
725 2078 121 39 straff-

129 2136 115 29 arbete
277 2135 84 29 eller
391 2134 154 39 fängelse
580 2133 82 29 eller
695 2132 152 29 utskriv-

129 2188 82 38 ning
232 2188 79 29 från
330 2188 179 38 förvaring
529 2186 83 30 eller
632 2185 214 37 internering

129 2242 12 28 i
162 2240 322 30 säkerhetsanstalt.

174 2294 71 28 Har
264 2293 215 38 sinnessjuk,
500 2302 74 18 som
598 2292 11 28 i
628 2291 109 29 andra
757 2292 90 36 styc-

130 2347 58 29 ket
207 2347 89 37 sägs,
318 2345 180 30 utskrivits
518 2344 143 40 jämlikt
683 2344 37 28 17
742 2344 20 33 $
782 2343 64 29 och

171 2455 8 14 1
205 2456 113 24 Senaste
339 2455 111 30 lydelse,
471 2461 26 17 se
518 2453 175 24 beträffande
715 2454 31 22 18
767 2453 11 27 $
799 2453 61 23 SFS
883 2451 74 25 1937:
979 2452 42 27 79,
1044 2451 173 24 beträffande
1238 2451 33 23 20
1286 2450 11 28 $
1312 2451 60 24 SFS
1390 2450 73 23 1945:
1480 2450 49 23 467
1545 2449 75 23 samt

126 2491 174 24 beträffande
321 2491 30 23 21
375 2491 50 22 och
445 2491 32 22 22
498 2490 25 28 $$
544 2490 60 23 SFS
628 2489 74 23 1941:
723 2489 60 23 509.
