1892 2836
292 156 17 29 bo

715 157 306 30 Bankoutskottets
1047 156 176 29 utlåtande
1248 156 48 29 Nr
1320 158 47 28 11.

930 240 9 9 o

343 242 120 31 Såsom
486 241 293 38 uppbördsmedel
804 241 98 30 skola
925 250 21 21 å
968 241 154 36 anslaget
1145 240 166 30 bokföras
1336 240 41 30 de
1402 239 121 36 bidrag
1547 239 51 30 till
1622 238 177 37 pensione-

297 292 284 37 ringsutgifterna
604 291 80 31 från
707 292 164 36 anslaget,
899 300 74 21 som
996 290 45 38 på
1064 291 113 37 grund
1200 299 42 21 av
1266 290 305 30 bestämmelserna
1599 289 8 29 i
1636 290 80 28 1907
1745 288 55 30 års

301 343 216 37 pensionslag
541 343 67 30 och
634 342 100 31 civila
758 341 513 37 tjänstepensionsreglementet
1295 340 169 30 bestridas
1490 339 78 30 från
1594 339 100 30 civila
1720 348 78 27 pen-

298 393 235 31 sionsfonden.
570 393 161 30 Nämnda
753 392 124 38 bidrag
897 391 81 37 utgå
999 391 85 30 efter
1108 391 92 30 vissa
1222 393 141 35 procent
1385 400 42 20 av
1450 389 351 38 pensionsutgifterna

298 444 20 30 å
342 445 153 36 anslaget
519 446 90 28 samt
633 443 239 37 tillgodoföras
899 443 192 29 detsamma
1115 442 110 29 under
1252 440 199 37 budgetåret
1477 441 85 29 efter
1588 440 64 34 det,
1679 439 19 30 å
1723 449 78 19 vars

297 494 141 37 utgifter
459 494 168 36 bidragen
647 494 134 35 belöpa.

344 545 115 30 Under
478 544 42 31 de
540 547 135 27 senaste
695 542 213 38 budgetåren
929 544 89 29 hava
1038 542 196 37 ytterligare
1255 542 109 29 medel
1386 541 139 30 tillförts
1549 541 152 35 anslaget
1723 539 77 30 från

298 595 102 30 civila
424 594 303 38 pensionsfonden.
764 594 14 30 I
805 594 90 37 syfte
921 596 48 27 att
993 594 170 35 begränsa
1190 592 283 36 anslagsbehovet
1498 591 110 30 under
1633 591 80 29 elfte
1739 591 61 28 hu-

298 646 168 30 vudtiteln
502 645 65 30 har
605 645 175 36 nämligen
804 644 227 36 fonderingen
1057 652 43 21 av
1125 643 154 30 nämnda
1305 642 103 30 fonds
1435 642 188 29 inkomster
1649 641 151 36 proviso-

297 696 87 30 riskt
408 696 157 30 inställts.
616 695 50 30 De
690 695 50 30 till
767 695 131 30 fonden
925 694 109 30 under
1059 692 212 37 budgetåren
1299 687 194 40 1932/1933,
1526 687 183 41 1933/1934
1736 691 65 29 och

302 741 184 36 1934/1935
504 745 46 38 på
568 746 112 36 grund
697 755 43 20 av
758 744 264 31 föreskrifterna
1040 744 10 30 i
1074 744 81 29 1907
1176 743 55 30 års
1252 743 100 30 civila
1371 742 219 37 pensionslag
1609 744 88 27 samt
1715 741 86 29 kun-

296 799 151 34 görelsen
475 798 65 29 den
571 798 39 29 18
635 797 73 35 juni
738 797 82 28 1925
850 793 54 39 (nr
930 796 72 32 279)
1036 795 177 35 angående
1238 793 240 36 pensionering
1505 802 41 20 av
1572 791 230 31 efterlevande

299 848 88 29 barn
413 847 51 30 till
491 846 179 37 kvinnliga
699 846 342 36 befattningshavare
1071 845 10 29 i
1110 847 128 27 statens
1268 843 107 37 tjänst
1403 843 195 29 inbetalade
1626 842 175 37 pensions-

299 898 192 36 avgifterna
510 898 166 29 ävensom
695 896 252 37 avkastningen
968 896 109 29 under
1098 904 134 20 samma
1253 893 166 37 budgetår
1440 903 42 20 av
1503 893 147 29 fondens
1671 892 130 36 kapital

299 949 91 29 hava
412 947 155 36 sålunda,
591 947 11 30 i
626 947 67 31 den
715 946 81 31 mån
820 947 100 30 dessa
943 946 111 30 medel
1076 945 75 30 icke
1173 945 101 36 tagits
1296 945 10 29 i
1330 943 152 37 anspråk
1506 944 54 29 för
1583 943 219 29 bestridande

299 1008 42 20 av
368 997 45 38 på
439 998 131 30 fonden
599 997 105 38 enligt
730 997 156 30 nämnda
915 997 54 36 lag
997 996 259 30 ankommande
1283 995 100 29 andel
1412 996 9 28 i
1451 993 351 38 pensionsutgifterna

298 1050 81 29 eller
402 1058 41 20 av
466 1048 204 37 gottgörelse
694 1047 55 30 för
771 1047 106 37 enligt
901 1046 203 31 förberörda
1129 1046 204 35 kungörelse
1355 1045 197 30 utbetalade
1576 1044 191 36 pensioner,
1793 1043 9 28 i

300 1100 111 29 stället
447 1099 55 30 för
537 1101 50 28 att
612 1098 164 30 fonderas
800 1097 231 37 tillgodoförts
1059 1095 266 37 ifrågavarande
1351 1095 129 36 anslag.
1521 1094 115 30 Under
1664 1094 137 29 inneva-

298 1150 108 29 rande
427 1148 168 38 budgetår
617 1149 88 30 skall
726 1148 118 31 vidare
865 1146 80 32 från
966 1147 130 30 fonden
1119 1146 51 30 till
1194 1147 152 35 anslaget
1368 1145 177 30 överföras
1569 1145 78 29 hela
1670 1144 55 29 det
1747 1144 54 28 be-

299 1201 92 36 lopp,
416 1209 74 21 som
513 1199 107 37 enligt
642 1208 43 21 av
710 1199 123 37 Kungl.
861 1197 101 37 Maj:t
985 1198 79 30 med
1091 1197 77 30 stöd
1192 1206 42 20 av
1261 1197 36 29 11
1326 1194 20 41 $
1371 1196 101 29 civila
1496 1194 305 37 tjänstepensions-

299 1252 219 35 reglementet
542 1250 203 30 meddelade
766 1248 259 31 bestämmelser
1047 1247 111 30 under
1180 1245 200 37 budgetåret
1403 1245 236 36 tillgodoföres
1663 1244 139 29 fonden.

344 1300 130 31 Chefen
500 1300 55 30 för
583 1299 391 36 finansdepartementet
1000 1298 64 29 har
1093 1296 200 35 framhållit,
1323 1299 49 27 att
1399 1295 122 36 frågan
1549 1295 172 29 huruvida
1749 1294 54 29 för

298 1351 186 30 framtiden
505 1350 186 37 fondering
710 1350 108 29 borde
839 1349 60 30 ske
921 1358 42 20 av
983 1348 111 30 medel
1116 1347 54 30 för
1192 1348 65 29 den
1281 1347 135 35 statliga
1439 1345 362 36 tjänstepensionerin-

300 1409 64 29 gen
386 1402 110 30 under
518 1409 121 22 senare
660 1399 38 32 år
719 1400 10 29 i
751 1400 94 30 olika
867 1398 254 36 sammanhang
1143 1397 88 30 varit
1251 1397 110 30 under
1383 1396 208 30 diskussion.
1627 1395 63 30 Det
1714 1395 89 29 hade

299 1452 124 30 därvid
445 1452 192 35 förutsatts,
661 1453 49 28 att
733 1450 115 30 denna
873 1448 98 37 fråga
996 1448 108 31 borde
1128 1449 99 36 göras
1252 1447 51 30 till
1327 1445 146 31 föremål
1498 1446 54 29 för
1580 1445 148 30 särskild
1751 1450 51 25 ut-

298 1502 155 38 redning.

344 1552 131 31 Genom
493 1552 113 31 beslut
626 1552 67 30 den
712 1552 41 29 28
773 1550 76 37 juni
873 1550 82 30 1935
975 1549 90 30 hade
1085 1549 106 30 också
1214 1548 121 35 Kungl.
1358 1546 100 37 Maj:t
1481 1547 168 29 anbefallt
1671 1546 131 29 försäk-

299 1602 339 38 ringsinspektionen
660 1604 49 28 att
732 1601 187 30 verkställa
940 1599 184 37 utredning
1149 1601 98 33 samt,
1273 1597 37 31 så
1333 1600 94 27 snart
1450 1598 92 29 detta
1565 1597 79 29 med
1668 1597 135 35 hänsyn

298 1654 52 30 till
371 1653 260 37 inspektionens
653 1651 117 37 övriga
791 1649 290 38 arbetsuppgifter
1103 1649 117 30 kunde
1242 1649 68 34 ske,
1333 1648 121 36 avgiva
1477 1647 178 30 utlåtande
1677 1646 126 30 beträf-

299 1706 102 28 fande
423 1705 129 35 frågan,
575 1704 171 29 huruvida
766 1703 64 29 och
854 1702 8 29 i
884 1702 113 29 vilken
1017 1700 208 35 omfattning
1246 1698 180 36 fondering
1448 1698 53 29 för
1522 1697 186 30 framtiden
1727 1697 75 29 bor-

300 1755 41 30 de
362 1755 59 30 ske
441 1763 41 21 av
502 1754 114 30 medel
635 1753 56 30 för
709 1752 222 31 bestridande
953 1760 42 21 av
1017 1750 235 30 kostnaderna
1273 1749 54 30 för
1350 1749 65 30 den
1437 1748 135 36 statliga
1593 1747 210 36 tjänstepen-

300 1805 227 36 sioneringen.

345 1855 143 31 Jämlikt
510 1853 181 32 föreskrift
712 1853 11 30 i
749 1853 81 30 1907
857 1852 55 31 års
937 1851 220 38 pensionslag
1180 1851 88 29 skall
1293 1849 235 36 vetenskaplig
1553 1848 250 30 sannolikhets-

299 1906 193 37 beräkning
505 1914 43 21 av
565 1905 68 30 den
648 1904 110 35 andel,
775 1903 143 30 varmed
933 1902 99 31 civila
1050 1901 295 37 pensionsfonden
1360 1901 63 28 bör
1438 1900 135 36 deltaga
1591 1899 10 29 i
1617 1898 186 36 utgifterna

301 1957 55 29 för
377 1955 243 38 pensionering
640 1954 104 37 enligt
767 1953 156 31 nämnda
943 1953 64 36 lag,
1031 1952 174 36 företagas
1227 1951 104 30 minst
1353 1960 42 20 en
1417 1949 89 36 gång
1528 1952 76 27 vart
1628 1949 105 29 femte
1755 1950 48 27 år.

301 2006 53 31 Då
375 2007 67 30 den
462 2005 59 31 sist
542 2005 211 30 verkställda
773 2003 236 36 beräkningen
1031 2002 185 31 slutfördes
1237 2001 37 30 år
1298 2001 92 34 1931,
1413 2000 109 30 skulle
1545 2000 130 29 således
1696 2008 42 20 en
1760 2008 42 26 ny

300 2057 173 36 företagas
493 2058 116 28 senast
628 2054 39 32 år
687 2055 94 30 1936.

344 2106 386 38 Departementschefen
750 2107 63 28 har
834 2108 110 27 ansett
965 2107 47 27 att
1031 2102 275 38 igångsättandet
1326 2111 41 20 av
1388 2110 45 27 ny
1453 2100 95 37 dylik
1570 2099 235 36 vetenskaplig

298 2157 430 35 sannolikhetsberäkning
749 2157 107 29 borde
877 2155 10 30 i
908 2154 147 31 avbidan
1075 2154 46 36 på
1140 2151 421 37 fonderingsspörsmålets
1580 2149 135 37 lösning
1737 2149 67 31 tills

300 2209 118 31 vidare
444 2209 107 30 anstå.
601 2208 14 30 I
641 2207 147 30 särskild
812 2205 215 37 proposition
1058 2201 53 40 (nr
1142 2202 49 38 16)
1224 2204 63 29 har
1313 2202 179 35 framlagts
1521 2201 127 36 förslag
1674 2201 50 30 till
1751 2200 54 35 lag

301 2270 56 20 om
377 2260 131 30 ändrad
527 2259 129 36 lydelse
674 2268 41 20 av
737 2259 34 28 11
793 2255 20 40 8
831 2258 99 35 lagen
949 2257 64 29 den
1034 2256 36 29 11
1091 2254 144 31 oktober
1257 2254 81 29 1907
1361 2249 53 40 (nr
1432 2249 52 39 85)
1510 2251 177 37 angående
1705 2250 99 30 civila

300 2311 337 36 tjänstinnehavares
665 2310 66 28 rätt
759 2308 49 30 till
835 2306 155 37 pension,
1018 2304 235 31 innebärande
1282 2307 48 27 att
1358 2302 220 31 föreskriften
1606 2312 59 20 om
1693 2304 110 26 veten-

301 2361 133 36 skaplig
462 2358 447 35 sannolikhetsberäknings
938 2355 253 31 verkställande
1219 2354 104 30 minst
1349 2363 41 20 en
1418 2353 88 37 gång
1535 2356 74 27 vart
1638 2352 103 30 femte
1767 2351 38 30 år

301 2412 110 29 skulle
431 2411 165 30 uteslutas
620 2420 40 20 ur
681 2408 218 37 paragrafen.

347 2462 90 30 Intill
466 2462 75 29 dess
568 2470 47 27 ny
644 2457 428 35 sannolikhetsberäkning
1102 2456 204 34 verkställts,
1335 2455 62 29 har
1427 2452 378 39 departementschefen
