2192 2626
646 161 112 29 Andra
782 159 209 40 lagutskottets
1016 159 160 30 utlåtande
1200 159 51 31 Nr
1274 162 49 26 10.
1732 161 10 27 1

899 601 59 39 Nr
988 601 55 39 10.

668 756 115 27 Ankom
808 755 42 27 till
875 755 171 33 riksdagens
1071 756 95 27 kansli
1189 755 57 27 den
1276 757 33 25 19
1333 754 128 28 februari
1493 757 73 25 1919
1593 755 39 27 kl.
1658 758 14 23 5
1698 765 23 17 e.
1747 764 40 17 m.

381 900 192 35 Utlåtande
616 901 10 31 i
654 899 191 42 anledning
878 911 44 21 av
949 899 104 33 väckt
1080 900 130 32 motion
1238 898 182 42 angående
1448 899 266 41 återinförande
1742 910 45 22 av

579 966 174 34 bördsrätt
781 966 55 33 till
862 966 167 42 fastighet
1056 968 19 31 å
1106 965 128 34 landet.

376 1116 208 28 Närvarande:
610 1115 111 27 Herrar
736 1114 89 35 Dahl,
844 1124 56 18 von
917 1111 194 38 Sneidern,”)
1127 1114 90 28 Ernst
1232 1114 157 35 Lindblad,
1405 1114 93 28 Jacob
1510 1114 137 34 Larsson,
1664 1112 123 39 Hult,")

611 1157 124 34 Boberg,
759 1156 146 34 Frändén,
929 1153 189 38 Tengvall,")
1140 1156 29 28 J.
1185 1156 34 27 B.
1236 1155 178 36 Johansson,
1437 1156 348 34 Magnusson
1630 1149 18 46 i
1665 1156 120 34 Kalmar,

612 1199 142 27 Karlsson
780 1199 11 27 i
819 1198 162 35 Gasabäck,
1018 1198 123 27 Nilsson
1168 1199 10 26 i
1204 1198 150 27 Vibberbo
1402 1198 139 33 Hagman
1569 1199 10 27 i
1602 1198 184 35 Stockholm,

612 1238 213 37 Strömberg,”)
847 1240 82 28 Kant
951 1239 54 29 och
1029 1240 169 28 Johansson
1220 1241 11 26 i
1254 1240 152 28 Sollefteå.

679 1315 25 28 +)
722 1314 31 30 Ej
775 1313 159 24 närvarande
954 1313 45 23 vid
1019 1313 158 24 atlåtandets
1193 1313 138 31 justering.

311 1454 17 34 I
355 1465 45 23 en
428 1455 101 33 inom
560 1452 118 35 andra
706 1453 216 33 kammaren
951 1452 122 41 väckt,
1099 1452 55 34 till
1173 1452 208 43 lagutskott
1440 1452 185 34 hänvisad
1644 1452 141 33 motion

168 1516 49 23 nr
249 1505 81 42 184,
360 1505 124 33 vilken
512 1502 225 36 behandlats
765 1514 48 22 av
840 1502 120 34 andra
987 1502 258 44 lagutskottet,
1270 1502 69 33 har
1357 1502 86 34 herr
1462 1503 169 33 Hansson
1649 1502 13 34 i
1679 1502 107 34 Rätt-

172 1556 65 33 vik
276 1555 204 43 föreslagit,
515 1557 57 31 att
598 1553 200 43 riksdagen
828 1552 117 35 måtte
973 1553 146 34 besluta
1147 1555 56 32 att
1231 1553 68 33 hos
1326 1553 141 43 Kungl.
1496 1553 111 42 Maj:t
1635 1552 150 34 anhålla

161 1616 72 23 -om
262 1604 204 45 skyndsam
497 1604 204 43 utredning
728 1603 159 34 rörande
915 1602 281 36 återinförande
1223 1603 13 33 i
1263 1603 158 43 lämplig
1448 1603 97 34 form
1573 1603 69 34 och
1670 1603 12 33 i
1709 1603 76 34 viss

172 1656 262 43 utsträckning
474 1655 86 34 med
600 1654 205 35 retroaktiv
845 1654 139 33 verkan
1013 1665 48 22 av
1087 1654 228 43 rättigheten
1343 1656 57 32 att
1426 1653 12 34 i
1467 1654 90 34 börd
1585 1654 80 33 lösa
1692 1652 92 43 såld,

172 1706 240 42 bortskiftad,
441 1708 173 41 pantsatt
641 1705 89 34 eller
757 1715 134 32 genom
919 1704 98 43 gåva
1041 1704 88 34 eller
1148 1707 222 31 testamente
1389 1704 196 43 bortgiven
1604 1703 182 44 fastighet

170 1757 92 33 eller
291 1756 58 34 del
377 1756 119 34 därav
523 1755 22 34 å
572 1755 130 34 landet
729 1758 98 31 samt
853 1754 59 34 för
939 1754 199 44 riksdagen
1167 1754 212 44 framlägga
1407 1754 141 43 förslag
1576 1754 140 34 därom.

307 1806 242 35 Beträffande
590 1805 44 34 de
675 1805 92 42 skäl,
808 1816 79 23 som
915 1805 101 44 ligga
1043 1805 58 34 till
1129 1804 121 44 grund
1278 1804 59 34 för
1363 1804 158 34 berörda
1549 1805 235 42 hemställan,

171 1857 59 34 får
258 1857 192 42 utskottet,
488 1857 3 33 i
520 1857 71 33 den
620 1855 86 34 mån
735 1855 234 44 redogörelse
998 1854 127 35 därför
1153 1855 33 42 ej
1217 1856 69 32 här
1304 1855 124 34 nedan
1449 1856 157 39 lämnas,
1627 1855 158 34 hänvisa

172 1908 56 33 till
259 1908 200 33 motionen.

307 2010 59 32 Av
394 2008 273 43 motiveringen
695 2002 177 49 framgår,
902 2010 56 31 att
986 2008 234 33 motionären
1250 2007 85 33 med
1363 2008 83 33 sina
1474 2007 202 43 önskemål,
1706 2019 79 22 som

171 2070 90 23 avse
301 2058 34 44 ej
375 2059 96 34 blott
498 2058 198 34 införande
723 2058 12 33 i
763 2057 288 44 lagstiftningen
1079 2068 48 23 av
1153 2060 75 31 rätt
1255 2060 56 31 att
1338 2058 13 33 i
1377 2057 93 34 börd
1498 2058 79 34 lösa
1604 2057 181 44 fastighet

167 2109 26 35 å
233 2109 130 35 landet
401 2111 93 32 utan
523 2108 67 35 ock
622 2108 210 44 stadgande
860 2119 60 23 om
948 2108 207 34 retroaktiv
1180 2108 141 34 verkan
1349 2119 48 22 av
1424 2107 105 44 dylik
1555 2110 86 40 rätt,
1669 2108 12 33 i
1708 2108 76 34 viss

172 2160 263 43 utsträckning
474 2162 92 32 utan
607 2159 188 44 vederlag,
824 2158 146 43 åsyftar
998 2161 57 31 att
1082 2157 113 35 träffa
1221 2158 377 44 jordspekulationen
1628 2158 67 34 och
1723 2158 61 34 be-

171 2209 141 44 främja
339 2209 412 45 bondebefolkningens
778 2208 264 35 bibehållande
1071 2208 63 35 vid
1160 2208 147 43 jorden.

215 2272 128 41 Bihang
367 2272 48 31 till
437 2272 182 41 riksdagens
639 2271 156 43 protokoll
818 2271 96 31 1919.
959 2272 21 28 9
1002 2270 91 31 saml.
1139 2272 21 29 2
1181 2272 71 29 avd.
1300 2273 15 28 7
1339 2270 77 42 häft.
1440 2270 67 38 (Nr
1524 2272 148 35 I0—11)
1728 2272 9 28 1

1827 2008 153 28 Utskottet.
