1914 2792
427 125 403 39 Bevillningsutskottets
848 125 217 29 betänkande
1080 133 41 21 nr
1136 125 41 29 46
1191 124 39 30 år
1246 125 83 29 1966
1581 125 40 31 25

138 207 94 29 olika
251 206 298 39 omständigheter
568 206 110 30 måste
698 206 156 34 beaktas,
875 206 44 29 bl.
941 215 29 20 a.
992 208 49 27 att
1062 215 42 20 en
1124 206 70 29 viss
1214 205 225 39 beskattning
1459 214 43 20 av
1521 204 97 40 kapi-

134 260 181 29 talvinster
341 260 79 29 sker
445 268 124 31 genom
595 268 92 21 arvs-
713 260 65 29 och
804 259 355 39 gåvobeskattningen
1187 261 90 27 samt
1304 257 317 40 förmögenhetsbe-

136 313 234 39 skattningen.
389 313 171 39 Systemet
575 313 126 39 bygger
717 313 119 29 vidare
852 313 44 39 på
912 313 67 29 den
995 312 308 39 förutsättningen,
1322 314 50 27 att
1388 312 114 38 någon
1519 311 103 29 exakt

134 367 193 39 beräkning
348 376 41 20 av
409 367 130 29 vinster
561 367 81 29 eller
663 366 167 30 förluster
851 367 71 28 inte
944 367 89 28 skall
1055 366 109 38 göras,
1186 366 119 29 varför
1326 365 128 39 avdrag
1476 364 54 30 för
1552 365 69 29 för-

134 421 108 29 luster
266 421 70 29 inte
360 421 107 29 heller
492 421 139 38 medges
655 420 88 29 efter
767 420 65 29 den
858 420 170 39 femåriga
1051 419 299 40 initialperiodens
1374 419 140 39 utgång.
1540 419 80 29 Pro-

134 476 216 28 centsatsens
373 475 130 29 storlek
525 474 70 30 kan
617 474 143 39 givetvis
783 474 70 29 inte
875 474 213 29 bestämmas
1110 473 124 30 endast
1256 473 79 29 med
1358 472 263 40 utgångspunkt

135 528 79 29 från
237 528 42 29 de
303 537 120 20 senare
447 528 102 29 årens
572 528 297 37 kursutveckling.
896 528 144 38 Hänsyn
1064 527 110 29 måste
1197 527 107 29 också
1327 528 53 28 tas
1404 527 52 28 till
1481 527 50 28 att
1555 526 66 29 den

135 581 167 30 framtida
323 581 331 40 kursutvecklingen
676 581 70 30 kan
768 581 47 29 bli
836 590 73 20 mer
930 589 193 31 ogynnsam
1144 581 65 29 och
1230 581 52 29 till
1305 582 50 28 att
1375 580 246 39 kapitalplace-

134 636 118 39 ringar
272 636 11 28 i
303 635 111 30 aktier
434 635 145 29 innebär
599 637 48 27 ett
667 635 86 29 visst
773 635 234 38 risktagande.
1031 634 47 29 På
1099 634 113 39 grund
1232 634 109 29 härav
1361 634 70 29 kan
1452 633 170 29 utskottet

135 689 71 29 inte
229 689 186 39 tillstyrka,
440 690 51 28 att
514 690 263 38 procentsatsen
802 688 107 29 sättes
932 688 107 39 högre
1063 688 44 28 än
1135 687 48 30 10.
1209 688 79 29 Med
1312 687 57 29 det
1393 687 148 29 anförda
1566 696 55 20 av-

135 743 136 39 styrker
285 743 170 29 utskottet
469 742 99 30 bifall
582 742 51 30 till
648 742 179 29 motionen
841 742 87 29 även
943 741 10 29 i
967 742 115 29 denna
1096 741 63 29 del.

179 823 13 29 I
216 823 219 29 motionerna
459 823 28 29 I:
504 822 61 29 746
590 832 42 20 av
654 822 81 29 herr
760 821 105 30 Gösta
889 822 192 29 Jacobsson
1105 831 45 19 m.
1175 821 37 29 fl.
1238 822 66 29 och
1328 821 45 29 II:
1388 820 62 30 915
1476 830 42 20 av
1541 821 80 29 herr

134 876 182 39 Lothigius
334 886 44 19 m.
397 876 36 29 fl.
452 876 146 29 föreslås
615 877 51 28 att
683 876 67 29 den
768 875 254 39 skattskyldige
1040 875 89 29 skall
1146 875 64 39 äga
1227 875 70 29 rätt
1315 876 50 28 att
1382 874 154 30 beräkna
1554 875 66 29 den

135 930 261 39 skattepliktiga
422 928 359 31 realisationsvinsten
809 929 87 39 efter
920 928 317 40 femårsperiodens
1265 928 129 39 utgång
1420 928 164 39 antingen
1612 928 11 28 i

137 983 151 40 enlighet
313 983 78 30 med
416 984 66 29 den
506 984 11 28 i
541 983 262 39 propositionen
828 982 186 30 förordade
1039 982 341 34 schablonmetoden,
1406 982 72 29 dvs.
1502 982 52 29 till
1582 981 37 29 10

137 1039 143 37 procent
301 1046 41 20 av
363 1036 349 40 försäljningspriset,
734 1036 82 30 eller
836 1036 52 29 till
911 1036 39 29 30
971 1038 143 37 procent
1135 1045 42 20 av
1196 1035 138 30 vinsten
1354 1035 57 29 vid
1432 1035 189 39 avytiring-

138 1099 52 21 en.
206 1090 182 39 Därjämte
405 1090 146 30 föreslås
567 1092 49 27 att
631 1090 57 29 vid
704 1089 240 30 beräknandet
961 1099 42 20 av
1017 1089 137 29 vinsten
1172 1098 74 20 som
1263 1088 253 40 ingångsvärde
1532 1088 88 30 skall

136 1146 128 37 upptas
285 1144 57 29 det
363 1143 282 40 genomsnittliga
666 1143 372 39 anskaffningsvärdet
1061 1142 53 29 för
1135 1142 112 29 aktier
1268 1151 41 20 av
1331 1143 47 28 ett
1399 1142 65 29 och
1486 1151 134 20 samma

139 1197 82 39 slag,
240 1206 74 20 som
332 1197 195 30 förvärvats
544 1197 110 29 under
672 1199 47 27 ett
737 1196 218 30 kalenderår.

178 1251 75 29 Vad
272 1251 259 29 motionärerna
552 1250 147 29 sålunda
719 1250 158 29 förordat
895 1250 313 29 överensstämmer
1228 1249 11 29 i
1258 1250 62 28 allt
1339 1248 185 39 väsentligt
1543 1248 78 29 med

134 1304 441 39 aktievinstutredningens
592 1303 130 39 förslag
738 1304 149 29 rörande
903 1303 342 39 vinstberäkningen.
1264 1303 80 29 Man
1361 1302 55 29 får
1432 1301 190 40 självfallet

133 1359 48 28 ett
200 1357 80 30 från
298 1357 326 40 rättvisesynpunkt
643 1366 96 21 mera
757 1356 326 30 tillfredsställande
1102 1357 140 38 system,
1263 1365 57 20 om
1339 1365 81 20 man
1440 1356 11 29 i
1470 1356 151 39 enlighet

135 1412 79 28 med
230 1411 250 39 utredningens
498 1411 129 38 förslag
644 1410 93 29 inför
754 1419 41 20 en
812 1411 128 28 valrätt
955 1410 129 29 mellan
1101 1419 42 19 en
1160 1409 224 39 beskattning
1400 1409 107 38 enligt
1524 1409 96 29 scha-

133 1464 247 30 blonmetoden
400 1465 64 28 och
485 1473 42 20 en
546 1464 224 38 beskattning
790 1473 43 19 av
852 1464 67 28 den
939 1463 103 29 exakt
1062 1462 198 30 beräknade
1280 1463 147 28 vinsten.
1449 1462 13 28 I
1482 1462 139 29 remiss-

134 1518 210 39 yttrandena
361 1518 63 29 har
441 1517 192 29 emellertid
651 1517 143 29 särskilt
812 1516 212 30 framhållits
1042 1518 50 27 att
1109 1516 267 39 tillämpningen
1393 1525 42 20 av
1452 1516 41 29 de
1511 1525 41 20 av
1569 1517 52 27 ut-

133 1572 189 38 redningen
343 1571 198 39 föreslagna
558 1570 311 30 bestämmelserna
886 1570 158 29 kommer
1063 1571 49 28 att
1130 1569 159 30 medföra
1306 1569 195 39 betydande
1519 1569 102 39 prak-

133 1625 93 29 tiska
244 1625 65 30 och
327 1624 317 30 kontrolltekniska
663 1624 223 38 svårigheter.
906 1624 116 29 Under
1042 1632 120 20 senare
1181 1623 38 29 år
1237 1623 64 29 har
1320 1632 82 20 man
1420 1622 80 30 från
1519 1624 101 28 stats-

133 1679 202 29 makternas
358 1678 75 30 sida
454 1678 222 29 eftersträvat
698 1680 51 27 att
771 1678 11 28 i
804 1677 197 39 möjligaste
1024 1676 82 30 mån
1129 1676 161 30 förenkla
1312 1676 309 29 inkomstbeskatt-

133 1732 129 39 ningen
281 1741 42 20 av
341 1731 126 30 främst
487 1731 134 39 fysiska
640 1740 176 30 personer.
838 1731 116 38 Enligt
973 1731 188 29 utskottets
1181 1730 141 39 mening
1341 1730 38 29 är
1399 1730 56 29 det
1475 1731 48 28 ett
1543 1739 78 20 oav-

132 1785 116 39 visligt
267 1785 86 29 krav
371 1786 50 28 att
440 1794 82 20 man
540 1785 57 29 vid
616 1784 201 30 införandet
836 1794 43 19 av
896 1793 43 20 en
958 1784 52 29 till
1029 1784 95 28 tiden
1144 1783 216 39 obegränsad
1379 1783 241 39 kapitalvinst-

132 1838 224 39 beskattning
376 1848 42 19 av
438 1838 111 29 aktier
570 1839 64 28 och
654 1838 145 28 därmed
819 1837 202 39 jämförliga
1041 1837 238 39 värdepapper
1300 1837 227 28 konstruerar
1548 1844 73 31 reg-

132 1892 97 29 lerna
253 1892 48 33 så,
325 1893 50 28 att
398 1891 266 39 tillämpningen
688 1900 43 20 av
754 1890 310 29 bestämmelserna
1088 1890 65 29 och
1177 1890 376 38 taxeringskontrollen
1577 1889 44 39 på

132 1946 62 29 allt
220 1946 69 28 sätt
315 1945 227 29 underlättas.
569 1944 91 29 Från
687 1945 101 28 dessa
815 1943 303 39 utgångspunkter
1144 1943 145 29 innebär
1317 1943 164 38 förslaget
1508 1943 11 29 i
1544 1952 77 30 pro-

132 1998 196 39 positionen
351 1998 92 29 vissa
466 1998 162 29 fördelar.
652 1997 65 29 Det
741 1997 106 38 ligger
871 1997 10 29 i
905 1997 126 29 sakens
1055 1998 103 27 natur
1182 1998 50 27 att
1256 2005 43 20 en
1323 1996 298 39 schablonmässig

132 2051 287 39 vinstberäkning
438 2051 69 30 slår
526 2060 72 20 mer
618 2051 81 29 eller
719 2051 136 28 mindre
874 2050 136 39 ojämnt
1028 2050 11 29 i
1057 2050 56 29 det
1131 2050 160 29 enskilda
1311 2049 105 30 fallet.
1437 2049 67 30 Om
1524 2050 96 29 scha-

133 2105 126 29 blonen
284 2105 65 28 blir
374 2105 51 28 till
451 2105 111 28 fördel
587 2105 82 28 eller
695 2104 147 29 nackdel
868 2104 110 28 under
1004 2112 42 20 en
1072 2103 117 38 längre
1215 2103 120 38 period
1360 2103 99 29 beror
1485 2103 43 38 på
1553 2103 67 29 hur

132 2159 120 28 värdet
277 2158 45 39 på
347 2158 41 29 de
415 2157 154 30 försålda
594 2157 264 39 värdepappren
885 2156 195 29 förändras.
1108 2157 51 28 En
1187 2156 109 29 sådan
1323 2157 221 28 uteslutande
1571 2156 49 29 in-

132 2211 450 38 komstberäkningsmetod
607 2211 36 28 är
669 2210 11 29 i
704 2211 65 28 och
794 2210 54 28 för
874 2210 51 37 sig
949 2210 71 28 inte
1045 2209 113 38 någon
1183 2210 107 38 nyhet
1316 2210 10 28 i
1350 2209 60 29 vår
1435 2209 185 39 skattelag-

134 2264 171 38 stiftning,
327 2264 64 28 och
412 2264 40 28 de
473 2263 198 33 nackdelar,
694 2272 75 19 som
791 2263 69 28 kan
881 2272 82 19 vara
985 2263 165 28 förenade
1171 2262 155 33 därmed,
1348 2262 53 28 får
1423 2262 103 37 vägas
1548 2264 72 27 mot

133 2318 41 28 de
190 2317 239 38 förenklingar
446 2317 53 28 för
516 2316 93 29 såväl
626 2316 41 29 de
685 2315 256 39 skattskyldiga
959 2324 73 20 som
1051 2315 476 38 taxeringsmyndigheterna,
1546 2324 74 20 som

133 2379 41 19 en
195 2370 97 38 dylik
313 2369 115 29 metod
449 2368 145 30 medför.
617 2369 77 28 Med
716 2369 57 28 det
794 2368 148 29 anförda
963 2368 181 38 avstyrker
1165 2368 171 28 utskottet
1357 2367 97 30 bifall
1476 2368 51 28 till
1549 2376 71 20 mo-

133 2424 158 28 tionerna
307 2423 27 29 I:
351 2422 61 30 746
427 2423 64 28 och
507 2422 44 29 II:
566 2422 62 29 915
643 2422 10 28 i
668 2421 147 30 berörda
830 2422 104 28 delar.
