<?xml version="1.0" encoding="UTF-8"?>
<alto xmlns="http://www.loc.gov/standards/alto/ns-v3#" xmlns:xlink="http://www.w3.org/1999/xlink" xmlns:xsi="http://www.w3.org/2001/XMLSchema-instance" xsi:schemaLocation="http://www.loc.gov/standards/alto/ns-v3# http://www.loc.gov/alto/v3/alto-3-0.xsd">
	<Description>
		<MeasurementUnit>pixel</MeasurementUnit>
		<sourceImageInformation>
			<fileName>/tmp/tess_ma4mkop2_input.PNG</fileName>
		</sourceImageInformation>
		<OCRProcessing ID="OCR_0">
			<ocrProcessingStep>
				<processingSoftware>
					<softwareName>tesseract 5.3.0</softwareName>
				</processingSoftware>
			</ocrProcessingStep>
		</OCRProcessing>
	</Description>
	<Layout>
		<Page WIDTH="1912" HEIGHT="2786" PHYSICAL_IMG_NR="0" ID="page_0">
			<PrintSpace HPOS="0" VPOS="0" WIDTH="1912" HEIGHT="2786">
				<ComposedBlock ID="cblock_0" HPOS="433" VPOS="132" WIDTH="1195" HEIGHT="39">
					<TextBlock ID="block_0" HPOS="433" VPOS="132" WIDTH="1195" HEIGHT="39">
						<TextLine ID="line_0" HPOS="433" VPOS="132" WIDTH="1195" HEIGHT="39">
							<String ID="string_0" HPOS="433" VPOS="132" WIDTH="403" HEIGHT="39" WC="0.90" CONTENT="Bevillningsutskottets"/><SP WIDTH="17" VPOS="132" HPOS="836"/>
							<String ID="string_1" HPOS="853" VPOS="133" WIDTH="218" HEIGHT="29" WC="0.95" CONTENT="betänkande"/><SP WIDTH="15" VPOS="133" HPOS="1071"/>
							<String ID="string_2" HPOS="1086" VPOS="142" WIDTH="41" HEIGHT="21" WC="0.96" CONTENT="nr"/><SP WIDTH="15" VPOS="142" HPOS="1127"/>
							<String ID="string_3" HPOS="1142" VPOS="134" WIDTH="41" HEIGHT="29" WC="0.96" CONTENT="46"/><SP WIDTH="14" VPOS="134" HPOS="1183"/>
							<String ID="string_4" HPOS="1197" VPOS="133" WIDTH="39" HEIGHT="30" WC="0.96" CONTENT="år"/><SP WIDTH="17" VPOS="133" HPOS="1236"/>
							<String ID="string_5" HPOS="1253" VPOS="133" WIDTH="83" HEIGHT="30" WC="0.96" CONTENT="1966"/><SP WIDTH="252" VPOS="133" HPOS="1336"/>
							<String ID="string_6" HPOS="1588" VPOS="136" WIDTH="40" HEIGHT="30" WC="0.94" CONTENT="27"/>
						</TextLine>
					</TextBlock>
				</ComposedBlock>
				<ComposedBlock ID="cblock_1" HPOS="140" VPOS="212" WIDTH="1489" HEIGHT="299">
					<TextBlock ID="block_1" HPOS="140" VPOS="212" WIDTH="1489" HEIGHT="299">
						<TextLine ID="line_1" HPOS="143" VPOS="212" WIDTH="1486" HEIGHT="41">
							<String ID="string_7" HPOS="143" VPOS="212" WIDTH="138" HEIGHT="29" WC="0.95" CONTENT="sträcka"/><SP WIDTH="17" VPOS="212" HPOS="281"/>
							<String ID="string_8" HPOS="298" VPOS="212" WIDTH="264" HEIGHT="39" WC="0.96" CONTENT="avdragsrätten"/><SP WIDTH="16" VPOS="212" HPOS="562"/>
							<String ID="string_9" HPOS="578" VPOS="213" WIDTH="53" HEIGHT="29" WC="0.95" CONTENT="till"/><SP WIDTH="18" VPOS="213" HPOS="631"/>
							<String ID="string_10" HPOS="649" VPOS="213" WIDTH="131" HEIGHT="29" WC="0.96" CONTENT="sådana"/><SP WIDTH="17" VPOS="213" HPOS="780"/>
							<String ID="string_11" HPOS="797" VPOS="213" WIDTH="71" HEIGHT="34" WC="0.95" CONTENT="fall,"/><SP WIDTH="18" VPOS="213" HPOS="868"/>
							<String ID="string_12" HPOS="886" VPOS="213" WIDTH="44" HEIGHT="30" WC="0.96" CONTENT="då"/><SP WIDTH="16" VPOS="213" HPOS="930"/>
							<String ID="string_13" HPOS="946" VPOS="214" WIDTH="270" HEIGHT="39" WC="0.96" CONTENT="beskattningen"/><SP WIDTH="19" VPOS="214" HPOS="1216"/>
							<String ID="string_14" HPOS="1235" VPOS="214" WIDTH="153" HEIGHT="39" WC="0.96" CONTENT="grundas"/><SP WIDTH="17" VPOS="214" HPOS="1388"/>
							<String ID="string_15" HPOS="1405" VPOS="214" WIDTH="44" HEIGHT="39" WC="0.96" CONTENT="på"/><SP WIDTH="17" VPOS="214" HPOS="1449"/>
							<String ID="string_16" HPOS="1466" VPOS="223" WIDTH="42" HEIGHT="20" WC="0.96" CONTENT="en"/><SP WIDTH="17" VPOS="223" HPOS="1508"/>
							<String ID="string_17" HPOS="1525" VPOS="214" WIDTH="104" HEIGHT="29" WC="0.96" CONTENT="exakt"/>
						</TextLine>
						<TextLine ID="line_2" HPOS="140" VPOS="265" WIDTH="1489" HEIGHT="40">
							<String ID="string_18" HPOS="140" VPOS="265" WIDTH="192" HEIGHT="40" WC="0.96" CONTENT="beräkning"/><SP WIDTH="23" VPOS="265" HPOS="332"/>
							<String ID="string_19" HPOS="355" VPOS="275" WIDTH="42" HEIGHT="20" WC="0.93" CONTENT="av"/><SP WIDTH="21" VPOS="275" HPOS="397"/>
							<String ID="string_20" HPOS="418" VPOS="266" WIDTH="369" HEIGHT="30" WC="0.91" CONTENT="realisationsvinsten."/><SP WIDTH="24" VPOS="266" HPOS="787"/>
							<String ID="string_21" HPOS="811" VPOS="267" WIDTH="115" HEIGHT="30" WC="0.96" CONTENT="Under"/><SP WIDTH="24" VPOS="267" HPOS="926"/>
							<String ID="string_22" HPOS="950" VPOS="267" WIDTH="132" HEIGHT="30" WC="0.96" CONTENT="sådana"/><SP WIDTH="23" VPOS="267" HPOS="1082"/>
							<String ID="string_23" HPOS="1105" VPOS="267" WIDTH="245" HEIGHT="30" WC="0.96" CONTENT="förhållanden"/><SP WIDTH="24" VPOS="267" HPOS="1350"/>
							<String ID="string_24" HPOS="1374" VPOS="267" WIDTH="95" HEIGHT="29" WC="0.96" CONTENT="finns"/><SP WIDTH="23" VPOS="267" HPOS="1469"/>
							<String ID="string_25" HPOS="1492" VPOS="268" WIDTH="57" HEIGHT="29" WC="0.93" CONTENT="det"/><SP WIDTH="23" VPOS="268" HPOS="1549"/>
							<String ID="string_26" HPOS="1572" VPOS="276" WIDTH="57" HEIGHT="20" WC="0.93" CONTENT="en-"/>
						</TextLine>
						<TextLine ID="line_3" HPOS="142" VPOS="319" WIDTH="1485" HEIGHT="41">
							<String ID="string_27" HPOS="142" VPOS="319" WIDTH="61" HEIGHT="39" WC="0.88" CONTENT="ligt"/><SP WIDTH="16" VPOS="319" HPOS="203"/>
							<String ID="string_28" HPOS="219" VPOS="319" WIDTH="188" HEIGHT="30" WC="0.96" CONTENT="utskottets"/><SP WIDTH="18" VPOS="319" HPOS="407"/>
							<String ID="string_29" HPOS="425" VPOS="319" WIDTH="227" HEIGHT="40" WC="0.96" CONTENT="uppfattning"/><SP WIDTH="16" VPOS="319" HPOS="652"/>
							<String ID="string_30" HPOS="668" VPOS="320" WIDTH="69" HEIGHT="29" WC="0.96" CONTENT="inte"/><SP WIDTH="17" VPOS="320" HPOS="737"/>
							<String ID="string_31" HPOS="754" VPOS="320" WIDTH="107" HEIGHT="29" WC="0.96" CONTENT="heller"/><SP WIDTH="18" VPOS="320" HPOS="861"/>
							<String ID="string_32" HPOS="879" VPOS="321" WIDTH="75" HEIGHT="29" WC="0.96" CONTENT="skäl"/><SP WIDTH="17" VPOS="321" HPOS="954"/>
							<String ID="string_33" HPOS="971" VPOS="323" WIDTH="51" HEIGHT="27" WC="0.96" CONTENT="att"/><SP WIDTH="17" VPOS="323" HPOS="1022"/>
							<String ID="string_34" HPOS="1039" VPOS="320" WIDTH="186" HEIGHT="30" WC="0.96" CONTENT="fördubbla"/><SP WIDTH="17" VPOS="320" HPOS="1225"/>
							<String ID="string_35" HPOS="1242" VPOS="321" WIDTH="164" HEIGHT="39" WC="0.96" CONTENT="avdraget"/><SP WIDTH="17" VPOS="321" HPOS="1406"/>
							<String ID="string_36" HPOS="1423" VPOS="320" WIDTH="54" HEIGHT="30" WC="0.96" CONTENT="för"/><SP WIDTH="17" VPOS="320" HPOS="1477"/>
							<String ID="string_37" HPOS="1494" VPOS="321" WIDTH="133" HEIGHT="29" WC="0.96" CONTENT="makar."/>
						</TextLine>
						<TextLine ID="line_4" HPOS="141" VPOS="372" WIDTH="1488" HEIGHT="42">
							<String ID="string_38" HPOS="141" VPOS="373" WIDTH="52" HEIGHT="28" WC="0.96" CONTENT="En"/><SP WIDTH="21" VPOS="373" HPOS="193"/>
							<String ID="string_39" HPOS="214" VPOS="372" WIDTH="109" HEIGHT="30" WC="0.96" CONTENT="sådan"/><SP WIDTH="21" VPOS="372" HPOS="323"/>
							<String ID="string_40" HPOS="344" VPOS="373" WIDTH="196" HEIGHT="39" WC="0.96" CONTENT="anordning"/><SP WIDTH="21" VPOS="373" HPOS="540"/>
							<String ID="string_41" HPOS="561" VPOS="374" WIDTH="37" HEIGHT="29" WC="0.96" CONTENT="är"/><SP WIDTH="22" VPOS="374" HPOS="598"/>
							<String ID="string_42" HPOS="620" VPOS="374" WIDTH="177" HEIGHT="29" WC="0.96" CONTENT="dessutom"/><SP WIDTH="22" VPOS="374" HPOS="797"/>
							<String ID="string_43" HPOS="819" VPOS="374" WIDTH="114" HEIGHT="39" WC="0.95" CONTENT="ägnad"/><SP WIDTH="21" VPOS="374" HPOS="933"/>
							<String ID="string_44" HPOS="954" VPOS="376" WIDTH="50" HEIGHT="28" WC="0.96" CONTENT="att"/><SP WIDTH="21" VPOS="376" HPOS="1004"/>
							<String ID="string_45" HPOS="1025" VPOS="374" WIDTH="159" HEIGHT="30" WC="0.96" CONTENT="försvåra"/><SP WIDTH="21" VPOS="374" HPOS="1184"/>
							<String ID="string_46" HPOS="1205" VPOS="383" WIDTH="42" HEIGHT="20" WC="0.96" CONTENT="en"/><SP WIDTH="22" VPOS="383" HPOS="1247"/>
							<String ID="string_47" HPOS="1269" VPOS="374" WIDTH="167" HEIGHT="30" WC="0.96" CONTENT="framtida"/><SP WIDTH="20" VPOS="374" HPOS="1436"/>
							<String ID="string_48" HPOS="1456" VPOS="373" WIDTH="173" HEIGHT="41" WC="0.93" CONTENT="övergång"/>
						</TextLine>
						<TextLine ID="line_5" HPOS="140" VPOS="427" WIDTH="1489" HEIGHT="40">
							<String ID="string_49" HPOS="140" VPOS="427" WIDTH="52" HEIGHT="28" WC="0.92" CONTENT="till"/><SP WIDTH="28" VPOS="427" HPOS="192"/>
							<String ID="string_50" HPOS="220" VPOS="427" WIDTH="225" HEIGHT="39" WC="0.52" CONTENT="särfaxering."/><SP WIDTH="29" VPOS="427" HPOS="445"/>
							<String ID="string_51" HPOS="474" VPOS="427" WIDTH="78" HEIGHT="30" WC="0.96" CONTENT="Med"/><SP WIDTH="27" VPOS="427" HPOS="552"/>
							<String ID="string_52" HPOS="579" VPOS="427" WIDTH="56" HEIGHT="30" WC="0.96" CONTENT="det"/><SP WIDTH="28" VPOS="427" HPOS="635"/>
							<String ID="string_53" HPOS="663" VPOS="427" WIDTH="147" HEIGHT="30" WC="0.96" CONTENT="anförda"/><SP WIDTH="27" VPOS="427" HPOS="810"/>
							<String ID="string_54" HPOS="837" VPOS="428" WIDTH="181" HEIGHT="39" WC="0.96" CONTENT="avstyrker"/><SP WIDTH="29" VPOS="428" HPOS="1018"/>
							<String ID="string_55" HPOS="1047" VPOS="428" WIDTH="170" HEIGHT="29" WC="0.95" CONTENT="utskottet"/><SP WIDTH="27" VPOS="428" HPOS="1217"/>
							<String ID="string_56" HPOS="1244" VPOS="428" WIDTH="99" HEIGHT="29" WC="0.96" CONTENT="bifall"/><SP WIDTH="28" VPOS="428" HPOS="1343"/>
							<String ID="string_57" HPOS="1371" VPOS="429" WIDTH="52" HEIGHT="28" WC="0.95" CONTENT="till"/><SP WIDTH="27" VPOS="429" HPOS="1423"/>
							<String ID="string_58" HPOS="1450" VPOS="428" WIDTH="179" HEIGHT="30" WC="0.96" CONTENT="motionen"/>
						</TextLine>
						<TextLine ID="line_6" HPOS="142" VPOS="479" WIDTH="945" HEIGHT="32">
							<String ID="string_59" HPOS="142" VPOS="480" WIDTH="28" HEIGHT="29" WC="0.71" CONTENT="1:"/><SP WIDTH="17" VPOS="480" HPOS="170"/>
							<String ID="string_60" HPOS="187" VPOS="479" WIDTH="60" HEIGHT="30" WC="0.96" CONTENT="748"/><SP WIDTH="16" VPOS="479" HPOS="247"/>
							<String ID="string_61" HPOS="263" VPOS="480" WIDTH="9" HEIGHT="29" WC="0.96" CONTENT="i"/><SP WIDTH="14" VPOS="480" HPOS="272"/>
							<String ID="string_62" HPOS="286" VPOS="480" WIDTH="147" HEIGHT="30" WC="0.96" CONTENT="berörda"/><SP WIDTH="14" VPOS="480" HPOS="433"/>
							<String ID="string_63" HPOS="447" VPOS="481" WIDTH="54" HEIGHT="29" WC="0.94" CONTENT="del"/><SP WIDTH="15" VPOS="481" HPOS="501"/>
							<String ID="string_64" HPOS="516" VPOS="481" WIDTH="165" HEIGHT="29" WC="0.96" CONTENT="ävensom"/><SP WIDTH="15" VPOS="481" HPOS="681"/>
							<String ID="string_65" HPOS="696" VPOS="481" WIDTH="51" HEIGHT="29" WC="0.96" CONTENT="till"/><SP WIDTH="15" VPOS="481" HPOS="747"/>
							<String ID="string_66" HPOS="762" VPOS="481" WIDTH="177" HEIGHT="29" WC="0.96" CONTENT="motionen"/><SP WIDTH="15" VPOS="481" HPOS="939"/>
							<String ID="string_67" HPOS="954" VPOS="481" WIDTH="44" HEIGHT="29" WC="0.86" CONTENT="II:"/><SP WIDTH="16" VPOS="481" HPOS="998"/>
							<String ID="string_68" HPOS="1014" VPOS="481" WIDTH="73" HEIGHT="30" WC="0.83" CONTENT="875."/>
						</TextLine>
					</TextBlock>
				</ComposedBlock>
				<ComposedBlock ID="cblock_2" HPOS="140" VPOS="587" WIDTH="1489" HEIGHT="1907">
					<TextBlock ID="block_2" HPOS="140" VPOS="587" WIDTH="1489" HEIGHT="362">
						<TextLine ID="line_7" HPOS="186" VPOS="587" WIDTH="1442" HEIGHT="31">
							<String ID="string_69" HPOS="186" VPOS="587" WIDTH="12" HEIGHT="28" WC="0.96" CONTENT="I"/><SP WIDTH="25" VPOS="587" HPOS="198"/>
							<String ID="string_70" HPOS="223" VPOS="587" WIDTH="219" HEIGHT="30" WC="0.96" CONTENT="motionerna"/><SP WIDTH="24" VPOS="587" HPOS="442"/>
							<String ID="string_71" HPOS="466" VPOS="587" WIDTH="28" HEIGHT="30" WC="0.1" CONTENT="I:"/><SP WIDTH="17" VPOS="587" HPOS="494"/>
							<String ID="string_72" HPOS="511" VPOS="587" WIDTH="61" HEIGHT="30" WC="0.1" CONTENT="746"/><SP WIDTH="24" VPOS="587" HPOS="572"/>
							<String ID="string_73" HPOS="596" VPOS="597" WIDTH="43" HEIGHT="20" WC="0.96" CONTENT="av"/><SP WIDTH="22" VPOS="597" HPOS="639"/>
							<String ID="string_74" HPOS="661" VPOS="589" WIDTH="80" HEIGHT="28" WC="0.96" CONTENT="herr"/><SP WIDTH="25" VPOS="589" HPOS="741"/>
							<String ID="string_75" HPOS="766" VPOS="587" WIDTH="104" HEIGHT="31" WC="0.96" CONTENT="Gösta"/><SP WIDTH="23" VPOS="587" HPOS="870"/>
							<String ID="string_76" HPOS="893" VPOS="588" WIDTH="193" HEIGHT="30" WC="0.93" CONTENT="Jacobsson"/><SP WIDTH="26" VPOS="588" HPOS="1086"/>
							<String ID="string_77" HPOS="1112" VPOS="598" WIDTH="44" HEIGHT="20" WC="0.91" CONTENT="m."/><SP WIDTH="26" VPOS="598" HPOS="1156"/>
							<String ID="string_78" HPOS="1182" VPOS="588" WIDTH="37" HEIGHT="30" WC="0.96" CONTENT="fl."/><SP WIDTH="26" VPOS="588" HPOS="1219"/>
							<String ID="string_79" HPOS="1245" VPOS="589" WIDTH="66" HEIGHT="29" WC="0.96" CONTENT="och"/><SP WIDTH="24" VPOS="589" HPOS="1311"/>
							<String ID="string_80" HPOS="1335" VPOS="589" WIDTH="45" HEIGHT="29" WC="0.48" CONTENT="II:"/><SP WIDTH="15" VPOS="589" HPOS="1380"/>
							<String ID="string_81" HPOS="1395" VPOS="589" WIDTH="62" HEIGHT="29" WC="0.48" CONTENT="915"/><SP WIDTH="26" VPOS="589" HPOS="1457"/>
							<String ID="string_82" HPOS="1483" VPOS="598" WIDTH="42" HEIGHT="20" WC="0.95" CONTENT="av"/><SP WIDTH="23" VPOS="598" HPOS="1525"/>
							<String ID="string_83" HPOS="1548" VPOS="589" WIDTH="80" HEIGHT="29" WC="0.95" CONTENT="herr"/>
						</TextLine>
						<TextLine ID="line_8" HPOS="141" VPOS="640" WIDTH="1488" HEIGHT="41">
							<String ID="string_84" HPOS="141" VPOS="640" WIDTH="180" HEIGHT="40" WC="0.91" CONTENT="Lothigius"/><SP WIDTH="22" VPOS="640" HPOS="321"/>
							<String ID="string_85" HPOS="343" VPOS="650" WIDTH="45" HEIGHT="20" WC="0.90" CONTENT="m."/><SP WIDTH="23" VPOS="650" HPOS="388"/>
							<String ID="string_86" HPOS="411" VPOS="641" WIDTH="36" HEIGHT="29" WC="0.88" CONTENT="fl."/><SP WIDTH="23" VPOS="641" HPOS="447"/>
							<String ID="string_87" HPOS="470" VPOS="643" WIDTH="91" HEIGHT="28" WC="0.96" CONTENT="samt"/><SP WIDTH="21" VPOS="643" HPOS="561"/>
							<String ID="string_88" HPOS="582" VPOS="642" WIDTH="11" HEIGHT="28" WC="0.96" CONTENT="i"/><SP WIDTH="21" VPOS="642" HPOS="593"/>
							<String ID="string_89" HPOS="614" VPOS="642" WIDTH="177" HEIGHT="29" WC="0.95" CONTENT="motionen"/><SP WIDTH="22" VPOS="642" HPOS="791"/>
							<String ID="string_90" HPOS="813" VPOS="642" WIDTH="44" HEIGHT="29" WC="0.59" CONTENT="II:"/><SP WIDTH="16" VPOS="642" HPOS="857"/>
							<String ID="string_91" HPOS="873" VPOS="641" WIDTH="62" HEIGHT="30" WC="0.92" CONTENT="919"/><SP WIDTH="22" VPOS="641" HPOS="935"/>
							<String ID="string_92" HPOS="957" VPOS="652" WIDTH="43" HEIGHT="19" WC="0.96" CONTENT="av"/><SP WIDTH="19" VPOS="652" HPOS="1000"/>
							<String ID="string_93" HPOS="1019" VPOS="642" WIDTH="81" HEIGHT="29" WC="0.96" CONTENT="herr"/><SP WIDTH="21" VPOS="642" HPOS="1100"/>
							<String ID="string_94" HPOS="1121" VPOS="642" WIDTH="181" HEIGHT="39" WC="0.93" CONTENT="Nordgren"/><SP WIDTH="21" VPOS="642" HPOS="1302"/>
							<String ID="string_95" HPOS="1323" VPOS="651" WIDTH="45" HEIGHT="21" WC="0.92" CONTENT="m."/><SP WIDTH="23" VPOS="651" HPOS="1368"/>
							<String ID="string_96" HPOS="1391" VPOS="642" WIDTH="37" HEIGHT="30" WC="0.93" CONTENT="fl."/><SP WIDTH="22" VPOS="642" HPOS="1428"/>
							<String ID="string_97" HPOS="1450" VPOS="643" WIDTH="106" HEIGHT="38" WC="0.89" CONTENT="yrkas"/><SP WIDTH="22" VPOS="643" HPOS="1556"/>
							<String ID="string_98" HPOS="1578" VPOS="644" WIDTH="51" HEIGHT="28" WC="0.96" CONTENT="att"/>
						</TextLine>
						<TextLine ID="line_9" HPOS="140" VPOS="693" WIDTH="1489" HEIGHT="41">
							<String ID="string_99" HPOS="140" VPOS="693" WIDTH="220" HEIGHT="40" WC="0.96" CONTENT="aktiefonder"/><SP WIDTH="26" VPOS="693" HPOS="360"/>
							<String ID="string_100" HPOS="386" VPOS="695" WIDTH="65" HEIGHT="29" WC="0.95" CONTENT="och"/><SP WIDTH="26" VPOS="695" HPOS="451"/>
							<String ID="string_101" HPOS="477" VPOS="694" WIDTH="312" HEIGHT="40" WC="0.95" CONTENT="investmentbolag"/><SP WIDTH="25" VPOS="694" HPOS="789"/>
							<String ID="string_102" HPOS="814" VPOS="695" WIDTH="71" HEIGHT="30" WC="0.96" CONTENT="inte"/><SP WIDTH="27" VPOS="695" HPOS="885"/>
							<String ID="string_103" HPOS="912" VPOS="696" WIDTH="89" HEIGHT="29" WC="0.96" CONTENT="skall"/><SP WIDTH="27" VPOS="696" HPOS="1001"/>
							<String ID="string_104" HPOS="1028" VPOS="695" WIDTH="178" HEIGHT="30" WC="0.96" CONTENT="beskattas"/><SP WIDTH="27" VPOS="695" HPOS="1206"/>
							<String ID="string_105" HPOS="1233" VPOS="696" WIDTH="54" HEIGHT="29" WC="0.93" CONTENT="för"/><SP WIDTH="27" VPOS="696" HPOS="1287"/>
							<String ID="string_106" HPOS="1314" VPOS="696" WIDTH="315" HEIGHT="29" WC="0.91" CONTENT="realisationsvinst"/>
						</TextLine>
						<TextLine ID="line_10" HPOS="141" VPOS="748" WIDTH="1487" HEIGHT="41">
							<String ID="string_107" HPOS="141" VPOS="748" WIDTH="56" HEIGHT="29" WC="0.93" CONTENT="vid"/><SP WIDTH="20" VPOS="748" HPOS="197"/>
							<String ID="string_108" HPOS="217" VPOS="748" WIDTH="175" HEIGHT="39" WC="0.92" CONTENT="avyttring"/><SP WIDTH="20" VPOS="748" HPOS="392"/>
							<String ID="string_109" HPOS="412" VPOS="758" WIDTH="43" HEIGHT="20" WC="0.96" CONTENT="av"/><SP WIDTH="19" VPOS="758" HPOS="455"/>
							<String ID="string_110" HPOS="474" VPOS="748" WIDTH="111" HEIGHT="29" WC="0.96" CONTENT="aktier"/><SP WIDTH="21" VPOS="748" HPOS="585"/>
							<String ID="string_111" HPOS="606" VPOS="748" WIDTH="88" HEIGHT="30" WC="0.96" CONTENT="efter"/><SP WIDTH="20" VPOS="748" HPOS="694"/>
							<String ID="string_112" HPOS="714" VPOS="749" WIDTH="174" HEIGHT="39" WC="0.96" CONTENT="utgången"/><SP WIDTH="21" VPOS="749" HPOS="888"/>
							<String ID="string_113" HPOS="909" VPOS="758" WIDTH="42" HEIGHT="20" WC="0.96" CONTENT="av"/><SP WIDTH="20" VPOS="758" HPOS="951"/>
							<String ID="string_114" HPOS="971" VPOS="749" WIDTH="67" HEIGHT="29" WC="0.96" CONTENT="den"/><SP WIDTH="21" VPOS="749" HPOS="1038"/>
							<String ID="string_115" HPOS="1059" VPOS="749" WIDTH="170" HEIGHT="39" WC="0.93" CONTENT="femåriga"/><SP WIDTH="20" VPOS="749" HPOS="1229"/>
							<String ID="string_116" HPOS="1249" VPOS="749" WIDTH="290" HEIGHT="40" WC="0.88" CONTENT="initialperioden."/><SP WIDTH="23" VPOS="749" HPOS="1539"/>
							<String ID="string_117" HPOS="1562" VPOS="749" WIDTH="66" HEIGHT="29" WC="0.92" CONTENT="En-"/>
						</TextLine>
						<TextLine ID="line_11" HPOS="141" VPOS="801" WIDTH="1488" HEIGHT="41">
							<String ID="string_118" HPOS="141" VPOS="801" WIDTH="62" HEIGHT="40" WC="0.96" CONTENT="ligt"/><SP WIDTH="16" VPOS="801" HPOS="203"/>
							<String ID="string_119" HPOS="219" VPOS="802" WIDTH="41" HEIGHT="29" WC="0.96" CONTENT="de"/><SP WIDTH="16" VPOS="802" HPOS="260"/>
							<String ID="string_120" HPOS="276" VPOS="801" WIDTH="91" HEIGHT="30" WC="0.96" CONTENT="båda"/><SP WIDTH="17" VPOS="801" HPOS="367"/>
							<String ID="string_121" HPOS="384" VPOS="801" WIDTH="246" HEIGHT="30" WC="0.95" CONTENT="förstnämnda"/><SP WIDTH="17" VPOS="801" HPOS="630"/>
							<String ID="string_122" HPOS="647" VPOS="802" WIDTH="218" HEIGHT="30" WC="0.96" CONTENT="motionerna"/><SP WIDTH="17" VPOS="802" HPOS="865"/>
							<String ID="string_123" HPOS="882" VPOS="802" WIDTH="61" HEIGHT="30" WC="0.96" CONTENT="bör"/><SP WIDTH="18" VPOS="802" HPOS="943"/>
							<String ID="string_124" HPOS="961" VPOS="803" WIDTH="11" HEIGHT="29" WC="0.93" CONTENT="i"/><SP WIDTH="17" VPOS="803" HPOS="972"/>
							<String ID="string_125" HPOS="989" VPOS="802" WIDTH="312" HEIGHT="40" WC="0.91" CONTENT="förenklingssyfte"/><SP WIDTH="19" VPOS="802" HPOS="1301"/>
							<String ID="string_126" HPOS="1320" VPOS="803" WIDTH="85" HEIGHT="29" WC="0.96" CONTENT="även"/><SP WIDTH="18" VPOS="803" HPOS="1405"/>
							<String ID="string_127" HPOS="1423" VPOS="803" WIDTH="131" HEIGHT="29" WC="0.96" CONTENT="vinster"/><SP WIDTH="17" VPOS="803" HPOS="1554"/>
							<String ID="string_128" HPOS="1571" VPOS="803" WIDTH="58" HEIGHT="29" WC="0.96" CONTENT="vid"/>
						</TextLine>
						<TextLine ID="line_12" HPOS="141" VPOS="854" WIDTH="1487" HEIGHT="41">
							<String ID="string_129" HPOS="141" VPOS="855" WIDTH="251" HEIGHT="39" WC="0.96" CONTENT="försäljningar"/><SP WIDTH="19" VPOS="855" HPOS="392"/>
							<String ID="string_130" HPOS="411" VPOS="865" WIDTH="43" HEIGHT="20" WC="0.93" CONTENT="av"/><SP WIDTH="18" VPOS="865" HPOS="454"/>
							<String ID="string_131" HPOS="472" VPOS="854" WIDTH="194" HEIGHT="31" WC="0.91" CONTENT="limiterade"/><SP WIDTH="17" VPOS="854" HPOS="666"/>
							<String ID="string_132" HPOS="683" VPOS="855" WIDTH="294" HEIGHT="40" WC="0.96" CONTENT="preferensaktier"/><SP WIDTH="20" VPOS="855" HPOS="977"/>
							<String ID="string_133" HPOS="997" VPOS="857" WIDTH="64" HEIGHT="28" WC="0.92" CONTENT="och"/><SP WIDTH="22" VPOS="857" HPOS="1061"/>
							<String ID="string_134" HPOS="1083" VPOS="855" WIDTH="291" HEIGHT="40" WC="0.92" CONTENT="teckningsrätter"/><SP WIDTH="18" VPOS="855" HPOS="1374"/>
							<String ID="string_135" HPOS="1392" VPOS="866" WIDTH="83" HEIGHT="20" WC="0.91" CONTENT="vara"/><SP WIDTH="19" VPOS="866" HPOS="1475"/>
							<String ID="string_136" HPOS="1494" VPOS="857" WIDTH="134" HEIGHT="29" WC="0.91" CONTENT="undan-"/>
						</TextLine>
						<TextLine ID="line_13" HPOS="140" VPOS="909" WIDTH="761" HEIGHT="40">
							<String ID="string_137" HPOS="140" VPOS="911" WIDTH="104" HEIGHT="37" WC="0.95" CONTENT="tagna"/><SP WIDTH="14" VPOS="911" HPOS="244"/>
							<String ID="string_138" HPOS="258" VPOS="909" WIDTH="80" HEIGHT="29" WC="0.93" CONTENT="från"/><SP WIDTH="14" VPOS="909" HPOS="338"/>
							<String ID="string_139" HPOS="352" VPOS="909" WIDTH="549" HEIGHT="40" WC="0.89" CONTENT="realisationsvinstbeskattning."/>
						</TextLine>
					</TextBlock>
					<TextBlock ID="block_3" HPOS="140" VPOS="962" WIDTH="1489" HEIGHT="735">
						<TextLine ID="line_14" HPOS="186" VPOS="962" WIDTH="1442" HEIGHT="43">
							<String ID="string_140" HPOS="186" VPOS="962" WIDTH="73" HEIGHT="29" WC="0.96" CONTENT="Den"/><SP WIDTH="16" VPOS="962" HPOS="259"/>
							<String ID="string_141" HPOS="275" VPOS="962" WIDTH="233" HEIGHT="43" WC="0.96" CONTENT="verksamhet,"/><SP WIDTH="19" VPOS="962" HPOS="508"/>
							<String ID="string_142" HPOS="527" VPOS="972" WIDTH="75" HEIGHT="20" WC="0.96" CONTENT="som"/><SP WIDTH="15" VPOS="972" HPOS="602"/>
							<String ID="string_143" HPOS="617" VPOS="962" WIDTH="137" HEIGHT="30" WC="0.96" CONTENT="bedrivs"/><SP WIDTH="18" VPOS="962" HPOS="754"/>
							<String ID="string_144" HPOS="772" VPOS="972" WIDTH="41" HEIGHT="20" WC="0.93" CONTENT="av"/><SP WIDTH="16" VPOS="972" HPOS="813"/>
							<String ID="string_145" HPOS="829" VPOS="963" WIDTH="278" HEIGHT="34" WC="0.91" CONTENT="aktiefonderna,"/><SP WIDTH="18" VPOS="963" HPOS="1107"/>
							<String ID="string_146" HPOS="1125" VPOS="964" WIDTH="38" HEIGHT="28" WC="0.96" CONTENT="är"/><SP WIDTH="16" VPOS="964" HPOS="1163"/>
							<String ID="string_147" HPOS="1179" VPOS="963" WIDTH="72" HEIGHT="30" WC="0.96" CONTENT="inte"/><SP WIDTH="16" VPOS="963" HPOS="1251"/>
							<String ID="string_148" HPOS="1267" VPOS="964" WIDTH="157" HEIGHT="39" WC="0.96" CONTENT="reglerad"/><SP WIDTH="17" VPOS="964" HPOS="1424"/>
							<String ID="string_149" HPOS="1441" VPOS="964" WIDTH="12" HEIGHT="29" WC="0.96" CONTENT="i"/><SP WIDTH="16" VPOS="964" HPOS="1453"/>
							<String ID="string_150" HPOS="1469" VPOS="964" WIDTH="159" HEIGHT="39" WC="0.96" CONTENT="gällande"/>
						</TextLine>
						<TextLine ID="line_15" HPOS="140" VPOS="1016" WIDTH="1488" HEIGHT="41">
							<String ID="string_151" HPOS="140" VPOS="1016" WIDTH="79" HEIGHT="29" WC="0.95" CONTENT="rätt."/><SP WIDTH="18" VPOS="1016" HPOS="219"/>
							<String ID="string_152" HPOS="237" VPOS="1016" WIDTH="78" HEIGHT="29" WC="0.96" CONTENT="Med"/><SP WIDTH="16" VPOS="1016" HPOS="315"/>
							<String ID="string_153" HPOS="331" VPOS="1016" WIDTH="137" HEIGHT="39" WC="0.96" CONTENT="hänsyn"/><SP WIDTH="18" VPOS="1016" HPOS="468"/>
							<String ID="string_154" HPOS="486" VPOS="1016" WIDTH="118" HEIGHT="29" WC="0.96" CONTENT="härtill"/><SP WIDTH="17" VPOS="1016" HPOS="604"/>
							<String ID="string_155" HPOS="621" VPOS="1017" WIDTH="63" HEIGHT="29" WC="0.96" CONTENT="har"/><SP WIDTH="17" VPOS="1017" HPOS="684"/>
							<String ID="string_156" HPOS="701" VPOS="1025" WIDTH="43" HEIGHT="20" WC="0.96" CONTENT="en"/><SP WIDTH="17" VPOS="1025" HPOS="744"/>
							<String ID="string_157" HPOS="761" VPOS="1016" WIDTH="151" HEIGHT="30" WC="0.96" CONTENT="särskild"/><SP WIDTH="17" VPOS="1016" HPOS="912"/>
							<String ID="string_158" HPOS="929" VPOS="1017" WIDTH="188" HEIGHT="39" WC="0.93" CONTENT="utredning"/><SP WIDTH="15" VPOS="1017" HPOS="1117"/>
							<String ID="string_159" HPOS="1132" VPOS="1035" WIDTH="44" HEIGHT="2" WC="0.90" CONTENT="—"/><SP WIDTH="16" VPOS="1035" HPOS="1176"/>
							<String ID="string_160" HPOS="1192" VPOS="1017" WIDTH="436" HEIGHT="40" WC="0.92" CONTENT="aktiefondsutredningen"/>
						</TextLine>
						<TextLine ID="line_16" HPOS="141" VPOS="1069" WIDTH="1488" HEIGHT="41">
							<String ID="string_161" HPOS="141" VPOS="1087" WIDTH="43" HEIGHT="3" WC="0.91" CONTENT="—"/><SP WIDTH="17" VPOS="1087" HPOS="184"/>
							<String ID="string_162" HPOS="201" VPOS="1069" WIDTH="66" HEIGHT="29" WC="0.95" CONTENT="fått"/><SP WIDTH="17" VPOS="1069" HPOS="267"/>
							<String ID="string_163" HPOS="284" VPOS="1070" WIDTH="11" HEIGHT="28" WC="0.96" CONTENT="i"/><SP WIDTH="17" VPOS="1070" HPOS="295"/>
							<String ID="string_164" HPOS="312" VPOS="1070" WIDTH="159" HEIGHT="38" WC="0.96" CONTENT="uppdrag"/><SP WIDTH="18" VPOS="1070" HPOS="471"/>
							<String ID="string_165" HPOS="489" VPOS="1071" WIDTH="51" HEIGHT="28" WC="0.95" CONTENT="att"/><SP WIDTH="15" VPOS="1071" HPOS="540"/>
							<String ID="string_166" HPOS="555" VPOS="1070" WIDTH="190" HEIGHT="29" WC="0.96" CONTENT="verkställa"/><SP WIDTH="18" VPOS="1070" HPOS="745"/>
							<String ID="string_167" HPOS="763" VPOS="1070" WIDTH="147" HEIGHT="39" WC="0.96" CONTENT="översyn"/><SP WIDTH="17" VPOS="1070" HPOS="910"/>
							<String ID="string_168" HPOS="927" VPOS="1070" WIDTH="44" HEIGHT="29" WC="0.95" CONTENT="bl."/><SP WIDTH="20" VPOS="1070" HPOS="971"/>
							<String ID="string_169" HPOS="991" VPOS="1079" WIDTH="29" HEIGHT="20" WC="0.94" CONTENT="a."/><SP WIDTH="19" VPOS="1079" HPOS="1020"/>
							<String ID="string_170" HPOS="1039" VPOS="1080" WIDTH="43" HEIGHT="20" WC="0.96" CONTENT="av"/><SP WIDTH="17" VPOS="1080" HPOS="1082"/>
							<String ID="string_171" HPOS="1099" VPOS="1071" WIDTH="42" HEIGHT="29" WC="0.92" CONTENT="de"/><SP WIDTH="18" VPOS="1071" HPOS="1141"/>
							<String ID="string_172" HPOS="1159" VPOS="1070" WIDTH="93" HEIGHT="29" WC="0.92" CONTENT="civil-"/><SP WIDTH="19" VPOS="1070" HPOS="1252"/>
							<String ID="string_173" HPOS="1271" VPOS="1071" WIDTH="65" HEIGHT="29" WC="0.93" CONTENT="och"/><SP WIDTH="18" VPOS="1071" HPOS="1336"/>
							<String ID="string_174" HPOS="1354" VPOS="1071" WIDTH="275" HEIGHT="39" WC="0.92" CONTENT="skatterättsliga"/>
						</TextLine>
						<TextLine ID="line_17" HPOS="141" VPOS="1123" WIDTH="1487" HEIGHT="40">
							<String ID="string_175" HPOS="141" VPOS="1123" WIDTH="182" HEIGHT="39" WC="0.95" CONTENT="spörsmål,"/><SP WIDTH="21" VPOS="1123" HPOS="323"/>
							<String ID="string_176" HPOS="344" VPOS="1131" WIDTH="75" HEIGHT="21" WC="0.96" CONTENT="som"/><SP WIDTH="20" VPOS="1131" HPOS="419"/>
							<String ID="string_177" HPOS="439" VPOS="1124" WIDTH="37" HEIGHT="28" WC="0.96" CONTENT="är"/><SP WIDTH="19" VPOS="1124" HPOS="476"/>
							<String ID="string_178" HPOS="495" VPOS="1123" WIDTH="166" HEIGHT="29" WC="0.96" CONTENT="förenade"/><SP WIDTH="19" VPOS="1123" HPOS="661"/>
							<String ID="string_179" HPOS="680" VPOS="1123" WIDTH="79" HEIGHT="29" WC="0.96" CONTENT="med"/><SP WIDTH="20" VPOS="1123" HPOS="759"/>
							<String ID="string_180" HPOS="779" VPOS="1123" WIDTH="66" HEIGHT="29" WC="0.96" CONTENT="den"/><SP WIDTH="20" VPOS="1123" HPOS="845"/>
							<String ID="string_181" HPOS="865" VPOS="1123" WIDTH="91" HEIGHT="29" WC="0.96" CONTENT="form"/><SP WIDTH="20" VPOS="1123" HPOS="956"/>
							<String ID="string_182" HPOS="976" VPOS="1133" WIDTH="43" HEIGHT="20" WC="0.96" CONTENT="av"/><SP WIDTH="18" VPOS="1133" HPOS="1019"/>
							<String ID="string_183" HPOS="1037" VPOS="1124" WIDTH="128" HEIGHT="29" WC="0.96" CONTENT="handel"/><SP WIDTH="20" VPOS="1124" HPOS="1165"/>
							<String ID="string_184" HPOS="1185" VPOS="1124" WIDTH="79" HEIGHT="29" WC="0.95" CONTENT="med"/><SP WIDTH="20" VPOS="1124" HPOS="1264"/>
							<String ID="string_185" HPOS="1284" VPOS="1124" WIDTH="247" HEIGHT="39" WC="0.95" CONTENT="värdepapper,"/><SP WIDTH="22" VPOS="1124" HPOS="1531"/>
							<String ID="string_186" HPOS="1553" VPOS="1133" WIDTH="75" HEIGHT="21" WC="0.96" CONTENT="som"/>
						</TextLine>
						<TextLine ID="line_18" HPOS="140" VPOS="1176" WIDTH="1488" HEIGHT="41">
							<String ID="string_187" HPOS="140" VPOS="1176" WIDTH="132" HEIGHT="30" WC="0.95" CONTENT="sådana"/><SP WIDTH="23" VPOS="1176" HPOS="272"/>
							<String ID="string_188" HPOS="295" VPOS="1176" WIDTH="124" HEIGHT="30" WC="0.95" CONTENT="fonder"/><SP WIDTH="24" VPOS="1176" HPOS="419"/>
							<String ID="string_189" HPOS="443" VPOS="1176" WIDTH="167" HEIGHT="30" WC="0.96" CONTENT="bedriver."/><SP WIDTH="26" VPOS="1176" HPOS="610"/>
							<String ID="string_190" HPOS="636" VPOS="1177" WIDTH="115" HEIGHT="39" WC="0.96" CONTENT="Enligt"/><SP WIDTH="25" VPOS="1177" HPOS="751"/>
							<String ID="string_191" HPOS="776" VPOS="1177" WIDTH="158" HEIGHT="39" WC="0.96" CONTENT="gällande"/><SP WIDTH="24" VPOS="1177" HPOS="934"/>
							<String ID="string_192" HPOS="958" VPOS="1177" WIDTH="175" HEIGHT="39" WC="0.96" CONTENT="principer"/><SP WIDTH="25" VPOS="1177" HPOS="1133"/>
							<String ID="string_193" HPOS="1158" VPOS="1177" WIDTH="54" HEIGHT="29" WC="0.96" CONTENT="för"/><SP WIDTH="25" VPOS="1177" HPOS="1212"/>
							<String ID="string_194" HPOS="1237" VPOS="1177" WIDTH="268" HEIGHT="40" WC="0.96" CONTENT="beskattningen"/><SP WIDTH="26" VPOS="1177" HPOS="1505"/>
							<String ID="string_195" HPOS="1531" VPOS="1179" WIDTH="97" HEIGHT="29" WC="0.96" CONTENT="torde"/>
						</TextLine>
						<TextLine ID="line_19" HPOS="140" VPOS="1230" WIDTH="1488" HEIGHT="40">
							<String ID="string_196" HPOS="140" VPOS="1230" WIDTH="267" HEIGHT="30" WC="0.91" CONTENT="aktiefonderna"/><SP WIDTH="28" VPOS="1230" HPOS="407"/>
							<String ID="string_197" HPOS="435" VPOS="1239" WIDTH="83" HEIGHT="21" WC="0.96" CONTENT="vara"/><SP WIDTH="29" VPOS="1239" HPOS="518"/>
							<String ID="string_198" HPOS="547" VPOS="1230" WIDTH="256" HEIGHT="40" WC="0.96" CONTENT="skattskyldiga"/><SP WIDTH="29" VPOS="1230" HPOS="803"/>
							<String ID="string_199" HPOS="832" VPOS="1230" WIDTH="54" HEIGHT="30" WC="0.93" CONTENT="för"/><SP WIDTH="31" VPOS="1230" HPOS="886"/>
							<String ID="string_200" HPOS="917" VPOS="1230" WIDTH="363" HEIGHT="40" WC="0.92" CONTENT="försäljningsvinster"/><SP WIDTH="29" VPOS="1230" HPOS="1280"/>
							<String ID="string_201" HPOS="1309" VPOS="1232" WIDTH="11" HEIGHT="28" WC="0.96" CONTENT="i"/><SP WIDTH="30" VPOS="1232" HPOS="1320"/>
							<String ID="string_202" HPOS="1350" VPOS="1231" WIDTH="169" HEIGHT="30" WC="0.95" CONTENT="samband"/><SP WIDTH="30" VPOS="1231" HPOS="1519"/>
							<String ID="string_203" HPOS="1549" VPOS="1232" WIDTH="79" HEIGHT="29" WC="0.95" CONTENT="med"/>
						</TextLine>
						<TextLine ID="line_20" HPOS="140" VPOS="1283" WIDTH="1488" HEIGHT="40">
							<String ID="string_204" HPOS="140" VPOS="1284" WIDTH="235" HEIGHT="39" WC="0.96" CONTENT="omplacering"/><SP WIDTH="25" VPOS="1284" HPOS="375"/>
							<String ID="string_205" HPOS="400" VPOS="1293" WIDTH="42" HEIGHT="20" WC="0.96" CONTENT="av"/><SP WIDTH="23" VPOS="1293" HPOS="442"/>
							<String ID="string_206" HPOS="465" VPOS="1283" WIDTH="193" HEIGHT="30" WC="0.96" CONTENT="förvaltade"/><SP WIDTH="25" VPOS="1283" HPOS="658"/>
							<String ID="string_207" HPOS="683" VPOS="1284" WIDTH="121" HEIGHT="34" WC="0.96" CONTENT="aktier,"/><SP WIDTH="26" VPOS="1284" HPOS="804"/>
							<String ID="string_208" HPOS="830" VPOS="1293" WIDTH="57" HEIGHT="20" WC="0.95" CONTENT="om"/><SP WIDTH="25" VPOS="1293" HPOS="887"/>
							<String ID="string_209" HPOS="912" VPOS="1285" WIDTH="41" HEIGHT="28" WC="0.96" CONTENT="de"/><SP WIDTH="25" VPOS="1285" HPOS="953"/>
							<String ID="string_210" HPOS="978" VPOS="1284" WIDTH="98" HEIGHT="30" WC="0.96" CONTENT="sålda"/><SP WIDTH="25" VPOS="1284" HPOS="1076"/>
							<String ID="string_211" HPOS="1101" VPOS="1284" WIDTH="159" HEIGHT="30" WC="0.96" CONTENT="aktierna"/><SP WIDTH="26" VPOS="1284" HPOS="1260"/>
							<String ID="string_212" HPOS="1286" VPOS="1285" WIDTH="177" HEIGHT="29" WC="0.96" CONTENT="innehafts"/><SP WIDTH="25" VPOS="1285" HPOS="1463"/>
							<String ID="string_213" HPOS="1488" VPOS="1286" WIDTH="140" HEIGHT="29" WC="0.96" CONTENT="kortare"/>
						</TextLine>
						<TextLine ID="line_21" HPOS="140" VPOS="1337" WIDTH="1488" HEIGHT="41">
							<String ID="string_214" HPOS="140" VPOS="1337" WIDTH="51" HEIGHT="29" WC="0.95" CONTENT="tid"/><SP WIDTH="22" VPOS="1337" HPOS="191"/>
							<String ID="string_215" HPOS="213" VPOS="1337" WIDTH="44" HEIGHT="29" WC="0.96" CONTENT="än"/><SP WIDTH="22" VPOS="1337" HPOS="257"/>
							<String ID="string_216" HPOS="279" VPOS="1337" WIDTH="72" HEIGHT="29" WC="0.96" CONTENT="fem"/><SP WIDTH="22" VPOS="1337" HPOS="351"/>
							<String ID="string_217" HPOS="373" VPOS="1337" WIDTH="49" HEIGHT="30" WC="0.96" CONTENT="år."/><SP WIDTH="22" VPOS="1337" HPOS="422"/>
							<String ID="string_218" HPOS="444" VPOS="1337" WIDTH="93" HEIGHT="29" WC="0.65" CONTENT="Även"/><SP WIDTH="23" VPOS="1337" HPOS="537"/>
							<String ID="string_219" HPOS="560" VPOS="1338" WIDTH="102" HEIGHT="38" WC="0.96" CONTENT="ägare"/><SP WIDTH="23" VPOS="1338" HPOS="662"/>
							<String ID="string_220" HPOS="685" VPOS="1347" WIDTH="42" HEIGHT="20" WC="0.93" CONTENT="av"/><SP WIDTH="21" VPOS="1347" HPOS="727"/>
							<String ID="string_221" HPOS="748" VPOS="1337" WIDTH="297" HEIGHT="30" WC="0.91" CONTENT="aktiefondsbevis"/><SP WIDTH="23" VPOS="1337" HPOS="1045"/>
							<String ID="string_222" HPOS="1068" VPOS="1338" WIDTH="98" HEIGHT="29" WC="0.96" CONTENT="torde"/><SP WIDTH="23" VPOS="1338" HPOS="1166"/>
							<String ID="string_223" HPOS="1189" VPOS="1348" WIDTH="82" HEIGHT="20" WC="0.96" CONTENT="vara"/><SP WIDTH="24" VPOS="1348" HPOS="1271"/>
							<String ID="string_224" HPOS="1295" VPOS="1339" WIDTH="255" HEIGHT="39" WC="0.96" CONTENT="skattskyldiga"/><SP WIDTH="24" VPOS="1339" HPOS="1550"/>
							<String ID="string_225" HPOS="1574" VPOS="1339" WIDTH="54" HEIGHT="29" WC="0.96" CONTENT="för"/>
						</TextLine>
						<TextLine ID="line_22" HPOS="142" VPOS="1390" WIDTH="1486" HEIGHT="41">
							<String ID="string_226" HPOS="142" VPOS="1391" WIDTH="66" HEIGHT="29" WC="0.96" CONTENT="den"/><SP WIDTH="15" VPOS="1391" HPOS="208"/>
							<String ID="string_227" HPOS="223" VPOS="1391" WIDTH="103" HEIGHT="33" WC="0.96" CONTENT="vinst,"/><SP WIDTH="18" VPOS="1391" HPOS="326"/>
							<String ID="string_228" HPOS="344" VPOS="1399" WIDTH="76" HEIGHT="21" WC="0.96" CONTENT="som"/><SP WIDTH="16" VPOS="1399" HPOS="420"/>
							<String ID="string_229" HPOS="436" VPOS="1391" WIDTH="233" HEIGHT="39" WC="0.95" CONTENT="uppkommer"/><SP WIDTH="16" VPOS="1391" HPOS="669"/>
							<String ID="string_230" HPOS="685" VPOS="1391" WIDTH="56" HEIGHT="29" WC="0.96" CONTENT="vid"/><SP WIDTH="17" VPOS="1391" HPOS="741"/>
							<String ID="string_231" HPOS="758" VPOS="1390" WIDTH="211" HEIGHT="40" WC="0.96" CONTENT="försäljning"/><SP WIDTH="17" VPOS="1390" HPOS="969"/>
							<String ID="string_232" HPOS="986" VPOS="1400" WIDTH="42" HEIGHT="20" WC="0.96" CONTENT="av"/><SP WIDTH="16" VPOS="1400" HPOS="1028"/>
							<String ID="string_233" HPOS="1044" VPOS="1391" WIDTH="139" HEIGHT="29" WC="0.96" CONTENT="beviset."/><SP WIDTH="19" VPOS="1391" HPOS="1183"/>
							<String ID="string_234" HPOS="1202" VPOS="1392" WIDTH="176" HEIGHT="29" WC="0.96" CONTENT="Utskottet"/><SP WIDTH="17" VPOS="1392" HPOS="1378"/>
							<String ID="string_235" HPOS="1395" VPOS="1392" WIDTH="95" HEIGHT="29" WC="0.93" CONTENT="delar"/><SP WIDTH="17" VPOS="1392" HPOS="1490"/>
							<String ID="string_236" HPOS="1507" VPOS="1393" WIDTH="121" HEIGHT="38" WC="0.92" CONTENT="depar-"/>
						</TextLine>
						<TextLine ID="line_23" HPOS="140" VPOS="1444" WIDTH="1488" HEIGHT="40">
							<String ID="string_237" HPOS="140" VPOS="1444" WIDTH="294" HEIGHT="29" WC="0.90" CONTENT="tementschefens"/><SP WIDTH="21" VPOS="1444" HPOS="434"/>
							<String ID="string_238" HPOS="455" VPOS="1444" WIDTH="236" HEIGHT="39" WC="0.96" CONTENT="uppfattning,"/><SP WIDTH="21" VPOS="1444" HPOS="691"/>
							<String ID="string_239" HPOS="712" VPOS="1445" WIDTH="49" HEIGHT="28" WC="0.96" CONTENT="att"/><SP WIDTH="21" VPOS="1445" HPOS="761"/>
							<String ID="string_240" HPOS="782" VPOS="1444" WIDTH="174" HEIGHT="29" WC="0.93" CONTENT="särskilda"/><SP WIDTH="19" VPOS="1444" HPOS="956"/>
							<String ID="string_241" HPOS="975" VPOS="1445" WIDTH="311" HEIGHT="39" WC="0.92" CONTENT="undantagsregler"/><SP WIDTH="22" VPOS="1445" HPOS="1286"/>
							<String ID="string_242" HPOS="1308" VPOS="1445" WIDTH="53" HEIGHT="29" WC="0.93" CONTENT="för"/><SP WIDTH="20" VPOS="1445" HPOS="1361"/>
							<String ID="string_243" HPOS="1381" VPOS="1445" WIDTH="247" HEIGHT="30" WC="0.91" CONTENT="vinstbeskatt-"/>
						</TextLine>
						<TextLine ID="line_24" HPOS="140" VPOS="1497" WIDTH="1488" HEIGHT="39">
							<String ID="string_244" HPOS="140" VPOS="1498" WIDTH="128" HEIGHT="38" WC="0.96" CONTENT="ningen"/><SP WIDTH="16" VPOS="1498" HPOS="268"/>
							<String ID="string_245" HPOS="284" VPOS="1506" WIDTH="42" HEIGHT="21" WC="0.96" CONTENT="av"/><SP WIDTH="15" VPOS="1506" HPOS="326"/>
							<String ID="string_246" HPOS="341" VPOS="1497" WIDTH="41" HEIGHT="29" WC="0.96" CONTENT="de"/><SP WIDTH="16" VPOS="1497" HPOS="382"/>
							<String ID="string_247" HPOS="398" VPOS="1497" WIDTH="266" HEIGHT="39" WC="0.96" CONTENT="ifrågavarande"/><SP WIDTH="17" VPOS="1497" HPOS="664"/>
							<String ID="string_248" HPOS="681" VPOS="1497" WIDTH="195" HEIGHT="39" WC="0.93" CONTENT="företagens"/><SP WIDTH="17" VPOS="1497" HPOS="876"/>
							<String ID="string_249" HPOS="893" VPOS="1497" WIDTH="227" HEIGHT="30" WC="0.92" CONTENT="aktievinster"/><SP WIDTH="16" VPOS="1497" HPOS="1120"/>
							<String ID="string_250" HPOS="1136" VPOS="1498" WIDTH="71" HEIGHT="29" WC="0.96" CONTENT="inte"/><SP WIDTH="16" VPOS="1498" HPOS="1207"/>
							<String ID="string_251" HPOS="1223" VPOS="1507" WIDTH="47" HEIGHT="20" WC="0.96" CONTENT="nu"/><SP WIDTH="17" VPOS="1507" HPOS="1270"/>
							<String ID="string_252" HPOS="1287" VPOS="1498" WIDTH="62" HEIGHT="29" WC="0.96" CONTENT="bör"/><SP WIDTH="16" VPOS="1498" HPOS="1349"/>
							<String ID="string_253" HPOS="1365" VPOS="1498" WIDTH="143" HEIGHT="30" WC="0.95" CONTENT="införas."/><SP WIDTH="18" VPOS="1498" HPOS="1508"/>
							<String ID="string_254" HPOS="1526" VPOS="1499" WIDTH="102" HEIGHT="29" WC="0.92" CONTENT="Detta"/>
						</TextLine>
						<TextLine ID="line_25" HPOS="142" VPOS="1550" WIDTH="1486" HEIGHT="41">
							<String ID="string_255" HPOS="142" VPOS="1551" WIDTH="168" HEIGHT="29" WC="0.96" CONTENT="utesluter"/><SP WIDTH="17" VPOS="1551" HPOS="310"/>
							<String ID="string_256" HPOS="327" VPOS="1551" WIDTH="192" HEIGHT="29" WC="0.95" CONTENT="emellertid"/><SP WIDTH="16" VPOS="1551" HPOS="519"/>
							<String ID="string_257" HPOS="535" VPOS="1551" WIDTH="71" HEIGHT="29" WC="0.96" CONTENT="inte"/><SP WIDTH="17" VPOS="1551" HPOS="606"/>
							<String ID="string_258" HPOS="623" VPOS="1553" WIDTH="51" HEIGHT="27" WC="0.96" CONTENT="att"/><SP WIDTH="16" VPOS="1553" HPOS="674"/>
							<String ID="string_259" HPOS="690" VPOS="1550" WIDTH="284" HEIGHT="30" WC="0.96" CONTENT="modifikationer"/><SP WIDTH="17" VPOS="1550" HPOS="974"/>
							<String ID="string_260" HPOS="991" VPOS="1551" WIDTH="12" HEIGHT="29" WC="0.95" CONTENT="i"/><SP WIDTH="15" VPOS="1551" HPOS="1003"/>
							<String ID="string_261" HPOS="1018" VPOS="1552" WIDTH="159" HEIGHT="38" WC="0.95" CONTENT="reglerna"/><SP WIDTH="16" VPOS="1552" HPOS="1177"/>
							<String ID="string_262" HPOS="1193" VPOS="1551" WIDTH="54" HEIGHT="29" WC="0.93" CONTENT="för"/><SP WIDTH="18" VPOS="1551" HPOS="1247"/>
							<String ID="string_263" HPOS="1265" VPOS="1552" WIDTH="363" HEIGHT="39" WC="0.91" CONTENT="vinstbeskattningen"/>
						</TextLine>
						<TextLine ID="line_26" HPOS="141" VPOS="1604" WIDTH="1487" HEIGHT="40">
							<String ID="string_264" HPOS="141" VPOS="1613" WIDTH="120" HEIGHT="21" WC="0.96" CONTENT="senare"/><SP WIDTH="20" VPOS="1613" HPOS="261"/>
							<String ID="string_265" HPOS="281" VPOS="1605" WIDTH="70" HEIGHT="28" WC="0.96" CONTENT="kan"/><SP WIDTH="20" VPOS="1605" HPOS="351"/>
							<String ID="string_266" HPOS="371" VPOS="1605" WIDTH="126" HEIGHT="29" WC="0.96" CONTENT="tänkas"/><SP WIDTH="20" VPOS="1605" HPOS="497"/>
							<String ID="string_267" HPOS="517" VPOS="1604" WIDTH="48" HEIGHT="29" WC="0.95" CONTENT="bli"/><SP WIDTH="18" VPOS="1604" HPOS="565"/>
							<String ID="string_268" HPOS="583" VPOS="1604" WIDTH="154" HEIGHT="29" WC="0.96" CONTENT="aktuella"/><SP WIDTH="19" VPOS="1604" HPOS="737"/>
							<String ID="string_269" HPOS="756" VPOS="1604" WIDTH="11" HEIGHT="29" WC="0.96" CONTENT="i"/><SP WIDTH="20" VPOS="1604" HPOS="767"/>
							<String ID="string_270" HPOS="787" VPOS="1604" WIDTH="170" HEIGHT="30" WC="0.95" CONTENT="samband"/><SP WIDTH="20" VPOS="1604" HPOS="957"/>
							<String ID="string_271" HPOS="977" VPOS="1605" WIDTH="80" HEIGHT="29" WC="0.95" CONTENT="med"/><SP WIDTH="20" VPOS="1605" HPOS="1057"/>
							<String ID="string_272" HPOS="1077" VPOS="1605" WIDTH="41" HEIGHT="29" WC="0.95" CONTENT="de"/><SP WIDTH="21" VPOS="1605" HPOS="1118"/>
							<String ID="string_273" HPOS="1139" VPOS="1604" WIDTH="140" HEIGHT="40" WC="0.96" CONTENT="förslag,"/><SP WIDTH="22" VPOS="1604" HPOS="1279"/>
							<String ID="string_274" HPOS="1301" VPOS="1614" WIDTH="74" HEIGHT="20" WC="0.96" CONTENT="som"/><SP WIDTH="21" VPOS="1614" HPOS="1375"/>
							<String ID="string_275" HPOS="1396" VPOS="1606" WIDTH="69" HEIGHT="29" WC="0.96" CONTENT="kan"/><SP WIDTH="21" VPOS="1606" HPOS="1465"/>
							<String ID="string_276" HPOS="1486" VPOS="1606" WIDTH="142" HEIGHT="29" WC="0.95" CONTENT="komma"/>
						</TextLine>
						<TextLine ID="line_27" HPOS="140" VPOS="1658" WIDTH="792" HEIGHT="39">
							<String ID="string_277" HPOS="140" VPOS="1659" WIDTH="50" HEIGHT="28" WC="0.91" CONTENT="att"/><SP WIDTH="15" VPOS="1659" HPOS="190"/>
							<String ID="string_278" HPOS="205" VPOS="1658" WIDTH="212" HEIGHT="39" WC="0.24" CONTENT="framlåäggas"/><SP WIDTH="15" VPOS="1658" HPOS="417"/>
							<String ID="string_279" HPOS="432" VPOS="1667" WIDTH="42" HEIGHT="20" WC="0.93" CONTENT="av"/><SP WIDTH="14" VPOS="1667" HPOS="474"/>
							<String ID="string_280" HPOS="488" VPOS="1658" WIDTH="444" HEIGHT="39" WC="0.90" CONTENT="aktiefondsutredningen."/>
						</TextLine>
					</TextBlock>
					<TextBlock ID="block_4" HPOS="141" VPOS="1711" WIDTH="1487" HEIGHT="518">
						<TextLine ID="line_28" HPOS="185" VPOS="1711" WIDTH="1442" HEIGHT="40">
							<String ID="string_281" HPOS="185" VPOS="1712" WIDTH="74" HEIGHT="29" WC="0.96" CONTENT="Vad"/><SP WIDTH="19" VPOS="1712" HPOS="259"/>
							<String ID="string_282" HPOS="278" VPOS="1711" WIDTH="155" HEIGHT="29" WC="0.96" CONTENT="härefter"/><SP WIDTH="20" VPOS="1711" HPOS="433"/>
							<String ID="string_283" HPOS="453" VPOS="1711" WIDTH="107" HEIGHT="39" WC="0.96" CONTENT="angår"/><SP WIDTH="22" VPOS="1711" HPOS="560"/>
							<String ID="string_284" HPOS="582" VPOS="1711" WIDTH="123" HEIGHT="39" WC="0.96" CONTENT="frågan"/><SP WIDTH="20" VPOS="1711" HPOS="705"/>
							<String ID="string_285" HPOS="725" VPOS="1720" WIDTH="56" HEIGHT="20" WC="0.96" CONTENT="om"/><SP WIDTH="21" VPOS="1720" HPOS="781"/>
							<String ID="string_286" HPOS="802" VPOS="1712" WIDTH="179" HEIGHT="38" WC="0.96" CONTENT="undantag"/><SP WIDTH="22" VPOS="1712" HPOS="981"/>
							<String ID="string_287" HPOS="1003" VPOS="1711" WIDTH="79" HEIGHT="30" WC="0.93" CONTENT="från"/><SP WIDTH="22" VPOS="1711" HPOS="1082"/>
							<String ID="string_288" HPOS="1104" VPOS="1712" WIDTH="204" HEIGHT="39" WC="0.86" CONTENT="skatteplikt"/><SP WIDTH="22" VPOS="1712" HPOS="1308"/>
							<String ID="string_289" HPOS="1330" VPOS="1712" WIDTH="53" HEIGHT="30" WC="0.93" CONTENT="för"/><SP WIDTH="21" VPOS="1712" HPOS="1383"/>
							<String ID="string_290" HPOS="1404" VPOS="1713" WIDTH="223" HEIGHT="30" WC="0.90" CONTENT="investment-"/>
						</TextLine>
						<TextLine ID="line_29" HPOS="143" VPOS="1765" WIDTH="1484" HEIGHT="40">
							<String ID="string_291" HPOS="143" VPOS="1765" WIDTH="100" HEIGHT="39" WC="0.96" CONTENT="bolag"/><SP WIDTH="17" VPOS="1765" HPOS="243"/>
							<String ID="string_292" HPOS="260" VPOS="1765" WIDTH="60" HEIGHT="29" WC="0.94" CONTENT="vill"/><SP WIDTH="19" VPOS="1765" HPOS="320"/>
							<String ID="string_293" HPOS="339" VPOS="1765" WIDTH="170" HEIGHT="29" WC="0.96" CONTENT="utskottet"/><SP WIDTH="20" VPOS="1765" HPOS="509"/>
							<String ID="string_294" HPOS="529" VPOS="1765" WIDTH="114" HEIGHT="29" WC="0.96" CONTENT="erinra"/><SP WIDTH="20" VPOS="1765" HPOS="643"/>
							<String ID="string_295" HPOS="663" VPOS="1774" WIDTH="56" HEIGHT="20" WC="0.96" CONTENT="om"/><SP WIDTH="19" VPOS="1774" HPOS="719"/>
							<String ID="string_296" HPOS="738" VPOS="1767" WIDTH="49" HEIGHT="27" WC="0.96" CONTENT="att"/><SP WIDTH="21" VPOS="1767" HPOS="787"/>
							<String ID="string_297" HPOS="808" VPOS="1765" WIDTH="131" HEIGHT="29" WC="0.93" CONTENT="sådana"/><SP WIDTH="19" VPOS="1765" HPOS="939"/>
							<String ID="string_298" HPOS="958" VPOS="1765" WIDTH="335" HEIGHT="40" WC="0.45" CONTENT="förvaltiningsbolag"/><SP WIDTH="19" VPOS="1765" HPOS="1293"/>
							<String ID="string_299" HPOS="1312" VPOS="1766" WIDTH="106" HEIGHT="39" WC="0.93" CONTENT="enligt"/><SP WIDTH="19" VPOS="1766" HPOS="1418"/>
							<String ID="string_300" HPOS="1437" VPOS="1766" WIDTH="190" HEIGHT="30" WC="0.90" CONTENT="Annell-la-"/>
						</TextLine>
						<TextLine ID="line_30" HPOS="143" VPOS="1818" WIDTH="1484" HEIGHT="41">
							<String ID="string_301" HPOS="143" VPOS="1826" WIDTH="82" HEIGHT="31" WC="0.96" CONTENT="gens"/><SP WIDTH="22" VPOS="1826" HPOS="225"/>
							<String ID="string_302" HPOS="247" VPOS="1818" WIDTH="264" HEIGHT="29" WC="0.96" CONTENT="bestämmelser"/><SP WIDTH="23" VPOS="1818" HPOS="511"/>
							<String ID="string_303" HPOS="534" VPOS="1818" WIDTH="123" HEIGHT="29" WC="0.96" CONTENT="endast"/><SP WIDTH="23" VPOS="1818" HPOS="657"/>
							<String ID="string_304" HPOS="680" VPOS="1819" WIDTH="38" HEIGHT="28" WC="0.96" CONTENT="är"/><SP WIDTH="24" VPOS="1819" HPOS="718"/>
							<String ID="string_305" HPOS="742" VPOS="1818" WIDTH="256" HEIGHT="39" WC="0.71" CONTENT="skattskyldiga"/><SP WIDTH="24" VPOS="1818" HPOS="998"/>
							<String ID="string_306" HPOS="1022" VPOS="1818" WIDTH="54" HEIGHT="29" WC="0.96" CONTENT="för"/><SP WIDTH="25" VPOS="1818" HPOS="1076"/>
							<String ID="string_307" HPOS="1101" VPOS="1819" WIDTH="185" HEIGHT="38" WC="0.93" CONTENT="uppburna"/><SP WIDTH="23" VPOS="1819" HPOS="1286"/>
							<String ID="string_308" HPOS="1309" VPOS="1819" WIDTH="318" HEIGHT="40" WC="0.91" CONTENT="aktieutdelningar"/>
						</TextLine>
						<TextLine ID="line_31" HPOS="142" VPOS="1871" WIDTH="1484" HEIGHT="41">
							<String ID="string_309" HPOS="142" VPOS="1872" WIDTH="11" HEIGHT="28" WC="0.96" CONTENT="i"/><SP WIDTH="22" VPOS="1872" HPOS="153"/>
							<String ID="string_310" HPOS="175" VPOS="1871" WIDTH="66" HEIGHT="29" WC="0.96" CONTENT="den"/><SP WIDTH="22" VPOS="1871" HPOS="241"/>
							<String ID="string_311" HPOS="263" VPOS="1871" WIDTH="82" HEIGHT="29" WC="0.96" CONTENT="mån"/><SP WIDTH="23" VPOS="1871" HPOS="345"/>
							<String ID="string_312" HPOS="368" VPOS="1871" WIDTH="264" HEIGHT="39" WC="0.95" CONTENT="sammanlagda"/><SP WIDTH="21" VPOS="1871" HPOS="632"/>
							<String ID="string_313" HPOS="653" VPOS="1871" WIDTH="159" HEIGHT="39" WC="0.93" CONTENT="beloppet"/><SP WIDTH="22" VPOS="1871" HPOS="812"/>
							<String ID="string_314" HPOS="834" VPOS="1880" WIDTH="42" HEIGHT="20" WC="0.96" CONTENT="av"/><SP WIDTH="20" VPOS="1880" HPOS="876"/>
							<String ID="string_315" HPOS="896" VPOS="1871" WIDTH="272" HEIGHT="39" WC="0.93" CONTENT="utdelningarna"/><SP WIDTH="21" VPOS="1871" HPOS="1168"/>
							<String ID="string_316" HPOS="1189" VPOS="1872" WIDTH="188" HEIGHT="39" WC="0.81" CONTENT="översiiger"/><SP WIDTH="25" VPOS="1872" HPOS="1377"/>
							<String ID="string_317" HPOS="1402" VPOS="1872" WIDTH="59" HEIGHT="29" WC="0.91" CONTENT="125"/><SP WIDTH="23" VPOS="1872" HPOS="1461"/>
							<String ID="string_318" HPOS="1484" VPOS="1875" WIDTH="142" HEIGHT="37" WC="0.96" CONTENT="procent"/>
						</TextLine>
						<TextLine ID="line_32" HPOS="143" VPOS="1923" WIDTH="1484" HEIGHT="41">
							<String ID="string_319" HPOS="143" VPOS="1934" WIDTH="43" HEIGHT="20" WC="0.94" CONTENT="av"/><SP WIDTH="22" VPOS="1934" HPOS="186"/>
							<String ID="string_320" HPOS="208" VPOS="1924" WIDTH="66" HEIGHT="29" WC="0.95" CONTENT="den"/><SP WIDTH="23" VPOS="1924" HPOS="274"/>
							<String ID="string_321" HPOS="297" VPOS="1933" WIDTH="42" HEIGHT="20" WC="0.96" CONTENT="av"/><SP WIDTH="22" VPOS="1933" HPOS="339"/>
							<String ID="string_322" HPOS="361" VPOS="1924" WIDTH="135" HEIGHT="39" WC="0.96" CONTENT="bolaget"/><SP WIDTH="23" VPOS="1924" HPOS="496"/>
							<String ID="string_323" HPOS="519" VPOS="1924" WIDTH="180" HEIGHT="29" WC="0.95" CONTENT="beslutade"/><SP WIDTH="23" VPOS="1924" HPOS="699"/>
							<String ID="string_324" HPOS="722" VPOS="1924" WIDTH="236" HEIGHT="39" WC="0.96" CONTENT="utdelningen."/><SP WIDTH="26" VPOS="1924" HPOS="958"/>
							<String ID="string_325" HPOS="984" VPOS="1923" WIDTH="130" HEIGHT="30" WC="0.96" CONTENT="Genom"/><SP WIDTH="25" VPOS="1923" HPOS="1114"/>
							<String ID="string_326" HPOS="1139" VPOS="1924" WIDTH="55" HEIGHT="29" WC="0.96" CONTENT="det"/><SP WIDTH="25" VPOS="1924" HPOS="1194"/>
							<String ID="string_327" HPOS="1219" VPOS="1925" WIDTH="10" HEIGHT="28" WC="0.96" CONTENT="i"/><SP WIDTH="23" VPOS="1925" HPOS="1229"/>
							<String ID="string_328" HPOS="1252" VPOS="1925" WIDTH="262" HEIGHT="39" WC="0.92" CONTENT="propositionen"/><SP WIDTH="24" VPOS="1925" HPOS="1514"/>
							<String ID="string_329" HPOS="1538" VPOS="1926" WIDTH="89" HEIGHT="29" WC="0.89" CONTENT="före-"/>
						</TextLine>
						<TextLine ID="line_33" HPOS="144" VPOS="1977" WIDTH="1483" HEIGHT="39">
							<String ID="string_330" HPOS="144" VPOS="1978" WIDTH="120" HEIGHT="38" WC="0.93" CONTENT="slagna"/><SP WIDTH="24" VPOS="1978" HPOS="264"/>
							<String ID="string_331" HPOS="288" VPOS="1977" WIDTH="364" HEIGHT="39" WC="0.89" CONTENT="dispensförfarandet"/><SP WIDTH="26" VPOS="1977" HPOS="652"/>
							<String ID="string_332" HPOS="678" VPOS="1977" WIDTH="97" HEIGHT="29" WC="0.93" CONTENT="torde"/><SP WIDTH="26" VPOS="1977" HPOS="775"/>
							<String ID="string_333" HPOS="801" VPOS="1977" WIDTH="357" HEIGHT="39" WC="0.92" CONTENT="investmentbolagen"/><SP WIDTH="26" VPOS="1977" HPOS="1158"/>
							<String ID="string_334" HPOS="1184" VPOS="1978" WIDTH="12" HEIGHT="28" WC="0.95" CONTENT="i"/><SP WIDTH="25" VPOS="1978" HPOS="1196"/>
							<String ID="string_335" HPOS="1221" VPOS="1978" WIDTH="150" HEIGHT="29" WC="0.95" CONTENT="flertalet"/><SP WIDTH="27" VPOS="1978" HPOS="1371"/>
							<String ID="string_336" HPOS="1398" VPOS="1978" WIDTH="60" HEIGHT="29" WC="0.96" CONTENT="fall"/><SP WIDTH="27" VPOS="1978" HPOS="1458"/>
							<String ID="string_337" HPOS="1485" VPOS="1979" WIDTH="142" HEIGHT="29" WC="0.96" CONTENT="komma"/>
						</TextLine>
						<TextLine ID="line_34" HPOS="143" VPOS="2030" WIDTH="1484" HEIGHT="40">
							<String ID="string_338" HPOS="143" VPOS="2032" WIDTH="50" HEIGHT="28" WC="0.96" CONTENT="att"/><SP WIDTH="22" VPOS="2032" HPOS="193"/>
							<String ID="string_339" HPOS="215" VPOS="2030" WIDTH="47" HEIGHT="30" WC="0.95" CONTENT="bli"/><SP WIDTH="22" VPOS="2030" HPOS="262"/>
							<String ID="string_340" HPOS="284" VPOS="2030" WIDTH="156" HEIGHT="30" WC="0.96" CONTENT="befriade"/><SP WIDTH="24" VPOS="2030" HPOS="440"/>
							<String ID="string_341" HPOS="464" VPOS="2030" WIDTH="79" HEIGHT="29" WC="0.93" CONTENT="från"/><SP WIDTH="23" VPOS="2030" HPOS="543"/>
							<String ID="string_342" HPOS="566" VPOS="2030" WIDTH="423" HEIGHT="39" WC="0.91" CONTENT="aktievinstbeskattning,"/><SP WIDTH="25" VPOS="2030" HPOS="989"/>
							<String ID="string_343" HPOS="1014" VPOS="2039" WIDTH="57" HEIGHT="20" WC="0.96" CONTENT="om"/><SP WIDTH="25" VPOS="2039" HPOS="1071"/>
							<String ID="string_344" HPOS="1096" VPOS="2031" WIDTH="256" HEIGHT="39" WC="0.96" CONTENT="försäljningen"/><SP WIDTH="24" VPOS="2031" HPOS="1352"/>
							<String ID="string_345" HPOS="1376" VPOS="2032" WIDTH="78" HEIGHT="29" WC="0.96" CONTENT="sker"/><SP WIDTH="25" VPOS="2032" HPOS="1454"/>
							<String ID="string_346" HPOS="1479" VPOS="2032" WIDTH="10" HEIGHT="29" WC="0.93" CONTENT="i"/><SP WIDTH="24" VPOS="2032" HPOS="1489"/>
							<String ID="string_347" HPOS="1513" VPOS="2033" WIDTH="114" HEIGHT="28" WC="0.91" CONTENT="struk-"/>
						</TextLine>
						<TextLine ID="line_35" HPOS="141" VPOS="2083" WIDTH="1487" HEIGHT="40">
							<String ID="string_348" HPOS="141" VPOS="2083" WIDTH="463" HEIGHT="39" WC="0.85" CONTENT="turrationaliseringssyfte."/><SP WIDTH="22" VPOS="2083" HPOS="604"/>
							<String ID="string_349" HPOS="626" VPOS="2083" WIDTH="109" HEIGHT="39" WC="0.95" CONTENT="Något"/><SP WIDTH="22" VPOS="2083" HPOS="735"/>
							<String ID="string_350" HPOS="757" VPOS="2083" WIDTH="75" HEIGHT="29" WC="0.96" CONTENT="skäl"/><SP WIDTH="22" VPOS="2083" HPOS="832"/>
							<String ID="string_351" HPOS="854" VPOS="2084" WIDTH="50" HEIGHT="28" WC="0.96" CONTENT="att"/><SP WIDTH="21" VPOS="2084" HPOS="904"/>
							<String ID="string_352" HPOS="925" VPOS="2083" WIDTH="121" HEIGHT="38" WC="0.96" CONTENT="medge"/><SP WIDTH="22" VPOS="2083" HPOS="1046"/>
							<String ID="string_353" HPOS="1068" VPOS="2083" WIDTH="163" HEIGHT="39" WC="0.96" CONTENT="generellt"/><SP WIDTH="23" VPOS="2083" HPOS="1231"/>
							<String ID="string_354" HPOS="1254" VPOS="2083" WIDTH="179" HEIGHT="40" WC="0.96" CONTENT="undantag"/><SP WIDTH="21" VPOS="2083" HPOS="1433"/>
							<String ID="string_355" HPOS="1454" VPOS="2084" WIDTH="53" HEIGHT="29" WC="0.93" CONTENT="för"/><SP WIDTH="22" VPOS="2084" HPOS="1507"/>
							<String ID="string_356" HPOS="1529" VPOS="2085" WIDTH="99" HEIGHT="29" WC="0.92" CONTENT="såda-"/>
						</TextLine>
						<TextLine ID="line_36" HPOS="143" VPOS="2137" WIDTH="1483" HEIGHT="40">
							<String ID="string_357" HPOS="143" VPOS="2146" WIDTH="45" HEIGHT="20" WC="0.94" CONTENT="na"/><SP WIDTH="23" VPOS="2146" HPOS="188"/>
							<String ID="string_358" HPOS="211" VPOS="2137" WIDTH="262" HEIGHT="39" WC="0.95" CONTENT="försäljningar,"/><SP WIDTH="25" VPOS="2137" HPOS="473"/>
							<String ID="string_359" HPOS="498" VPOS="2146" WIDTH="74" HEIGHT="20" WC="0.96" CONTENT="som"/><SP WIDTH="25" VPOS="2146" HPOS="572"/>
							<String ID="string_360" HPOS="597" VPOS="2137" WIDTH="111" HEIGHT="38" WC="0.96" CONTENT="syftar"/><SP WIDTH="22" VPOS="2137" HPOS="708"/>
							<String ID="string_361" HPOS="730" VPOS="2137" WIDTH="52" HEIGHT="28" WC="0.96" CONTENT="till"/><SP WIDTH="23" VPOS="2137" HPOS="782"/>
							<String ID="string_362" HPOS="805" VPOS="2146" WIDTH="42" HEIGHT="20" WC="0.96" CONTENT="en"/><SP WIDTH="23" VPOS="2146" HPOS="847"/>
							<String ID="string_363" HPOS="870" VPOS="2137" WIDTH="237" HEIGHT="38" WC="0.96" CONTENT="omplacering"/><SP WIDTH="24" VPOS="2137" HPOS="1107"/>
							<String ID="string_364" HPOS="1131" VPOS="2137" WIDTH="10" HEIGHT="28" WC="0.96" CONTENT="i"/><SP WIDTH="23" VPOS="2137" HPOS="1141"/>
							<String ID="string_365" HPOS="1164" VPOS="2137" WIDTH="110" HEIGHT="30" WC="0.95" CONTENT="andra"/><SP WIDTH="23" VPOS="2137" HPOS="1274"/>
							<String ID="string_366" HPOS="1297" VPOS="2138" WIDTH="122" HEIGHT="34" WC="0.95" CONTENT="aktier,"/><SP WIDTH="25" VPOS="2138" HPOS="1419"/>
							<String ID="string_367" HPOS="1444" VPOS="2138" WIDTH="182" HEIGHT="39" WC="0.84" CONTENT="föreligger"/>
						</TextLine>
						<TextLine ID="line_37" HPOS="143" VPOS="2190" WIDTH="660" HEIGHT="39">
							<String ID="string_368" HPOS="143" VPOS="2190" WIDTH="105" HEIGHT="38" WC="0.95" CONTENT="enligt"/><SP WIDTH="20" VPOS="2190" HPOS="248"/>
							<String ID="string_369" HPOS="268" VPOS="2190" WIDTH="190" HEIGHT="29" WC="0.96" CONTENT="utskottets"/><SP WIDTH="19" VPOS="2190" HPOS="458"/>
							<String ID="string_370" HPOS="477" VPOS="2190" WIDTH="227" HEIGHT="39" WC="0.95" CONTENT="uppfattning"/><SP WIDTH="19" VPOS="2190" HPOS="704"/>
							<String ID="string_371" HPOS="723" VPOS="2190" WIDTH="80" HEIGHT="28" WC="0.96" CONTENT="inte."/>
						</TextLine>
					</TextBlock>
					<TextBlock ID="block_5" HPOS="140" VPOS="2242" WIDTH="1488" HEIGHT="252">
						<TextLine ID="line_38" HPOS="186" VPOS="2242" WIDTH="1441" HEIGHT="41">
							<String ID="string_372" HPOS="186" VPOS="2242" WIDTH="76" HEIGHT="29" WC="0.95" CONTENT="Med"/><SP WIDTH="18" VPOS="2242" HPOS="262"/>
							<String ID="string_373" HPOS="280" VPOS="2242" WIDTH="138" HEIGHT="39" WC="0.95" CONTENT="hänsyn"/><SP WIDTH="19" VPOS="2242" HPOS="418"/>
							<String ID="string_374" HPOS="437" VPOS="2242" WIDTH="52" HEIGHT="29" WC="0.96" CONTENT="till"/><SP WIDTH="18" VPOS="2242" HPOS="489"/>
							<String ID="string_375" HPOS="507" VPOS="2244" WIDTH="50" HEIGHT="27" WC="0.96" CONTENT="att"/><SP WIDTH="19" VPOS="2244" HPOS="557"/>
							<String ID="string_376" HPOS="576" VPOS="2242" WIDTH="140" HEIGHT="33" WC="0.96" CONTENT="vinster,"/><SP WIDTH="20" VPOS="2242" HPOS="716"/>
							<String ID="string_377" HPOS="736" VPOS="2250" WIDTH="75" HEIGHT="20" WC="0.96" CONTENT="som"/><SP WIDTH="18" VPOS="2250" HPOS="811"/>
							<String ID="string_378" HPOS="829" VPOS="2242" WIDTH="70" HEIGHT="28" WC="0.96" CONTENT="inte"/><SP WIDTH="19" VPOS="2242" HPOS="899"/>
							<String ID="string_379" HPOS="918" VPOS="2242" WIDTH="188" HEIGHT="38" WC="0.96" CONTENT="överstiger"/><SP WIDTH="20" VPOS="2242" HPOS="1106"/>
							<String ID="string_380" HPOS="1126" VPOS="2242" WIDTH="17" HEIGHT="29" WC="0.93" CONTENT="5"/><SP WIDTH="20" VPOS="2242" HPOS="1143"/>
							<String ID="string_381" HPOS="1163" VPOS="2245" WIDTH="142" HEIGHT="36" WC="0.96" CONTENT="procent"/><SP WIDTH="19" VPOS="2245" HPOS="1305"/>
							<String ID="string_382" HPOS="1324" VPOS="2253" WIDTH="42" HEIGHT="19" WC="0.93" CONTENT="av"/><SP WIDTH="19" VPOS="2253" HPOS="1366"/>
							<String ID="string_383" HPOS="1385" VPOS="2243" WIDTH="242" HEIGHT="40" WC="0.90" CONTENT="försäljnings-"/>
						</TextLine>
						<TextLine ID="line_39" HPOS="140" VPOS="2294" WIDTH="1488" HEIGHT="40">
							<String ID="string_384" HPOS="140" VPOS="2295" WIDTH="117" HEIGHT="39" WC="0.93" CONTENT="priset,"/><SP WIDTH="25" VPOS="2295" HPOS="257"/>
							<String ID="string_385" HPOS="282" VPOS="2295" WIDTH="226" HEIGHT="38" WC="0.92" CONTENT="undantagits"/><SP WIDTH="25" VPOS="2295" HPOS="508"/>
							<String ID="string_386" HPOS="533" VPOS="2295" WIDTH="64" HEIGHT="28" WC="0.96" CONTENT="och"/><SP WIDTH="25" VPOS="2295" HPOS="597"/>
							<String ID="string_387" HPOS="622" VPOS="2295" WIDTH="51" HEIGHT="29" WC="0.92" CONTENT="till"/><SP WIDTH="24" VPOS="2295" HPOS="673"/>
							<String ID="string_388" HPOS="697" VPOS="2296" WIDTH="50" HEIGHT="28" WC="0.96" CONTENT="att"/><SP WIDTH="23" VPOS="2296" HPOS="747"/>
							<String ID="string_389" HPOS="770" VPOS="2295" WIDTH="57" HEIGHT="28" WC="0.96" CONTENT="vid"/><SP WIDTH="24" VPOS="2295" HPOS="827"/>
							<String ID="string_390" HPOS="851" VPOS="2294" WIDTH="279" HEIGHT="30" WC="0.96" CONTENT="bestämmandet"/><SP WIDTH="24" VPOS="2294" HPOS="1130"/>
							<String ID="string_391" HPOS="1154" VPOS="2305" WIDTH="43" HEIGHT="19" WC="0.93" CONTENT="av"/><SP WIDTH="24" VPOS="2305" HPOS="1197"/>
							<String ID="string_392" HPOS="1221" VPOS="2296" WIDTH="251" HEIGHT="29" WC="0.91" CONTENT="skattesatsens"/><SP WIDTH="26" VPOS="2296" HPOS="1472"/>
							<String ID="string_393" HPOS="1498" VPOS="2297" WIDTH="130" HEIGHT="29" WC="0.96" CONTENT="storlek"/>
						</TextLine>
						<TextLine ID="line_40" HPOS="141" VPOS="2347" WIDTH="1487" HEIGHT="39">
							<String ID="string_394" HPOS="141" VPOS="2348" WIDTH="135" HEIGHT="38" WC="0.95" CONTENT="hänsyn"/><SP WIDTH="22" VPOS="2348" HPOS="276"/>
							<String ID="string_395" HPOS="298" VPOS="2347" WIDTH="104" HEIGHT="39" WC="0.95" CONTENT="tagits"/><SP WIDTH="22" VPOS="2347" HPOS="402"/>
							<String ID="string_396" HPOS="424" VPOS="2348" WIDTH="51" HEIGHT="29" WC="0.93" CONTENT="till"/><SP WIDTH="22" VPOS="2348" HPOS="475"/>
							<String ID="string_397" HPOS="497" VPOS="2348" WIDTH="302" HEIGHT="28" WC="0.92" CONTENT="fluktuationerna"/><SP WIDTH="21" VPOS="2348" HPOS="799"/>
							<String ID="string_398" HPOS="820" VPOS="2347" WIDTH="44" HEIGHT="39" WC="0.95" CONTENT="på"/><SP WIDTH="21" VPOS="2347" HPOS="864"/>
							<String ID="string_399" HPOS="885" VPOS="2347" WIDTH="324" HEIGHT="34" WC="0.96" CONTENT="aktiemarknaden,"/><SP WIDTH="24" VPOS="2347" HPOS="1209"/>
							<String ID="string_400" HPOS="1233" VPOS="2348" WIDTH="94" HEIGHT="29" WC="0.96" CONTENT="finns"/><SP WIDTH="23" VPOS="2348" HPOS="1327"/>
							<String ID="string_401" HPOS="1350" VPOS="2349" WIDTH="56" HEIGHT="29" WC="0.93" CONTENT="det"/><SP WIDTH="21" VPOS="2349" HPOS="1406"/>
							<String ID="string_402" HPOS="1427" VPOS="2349" WIDTH="108" HEIGHT="29" WC="0.73" CONTENT="helier"/><SP WIDTH="22" VPOS="2349" HPOS="1535"/>
							<String ID="string_403" HPOS="1557" VPOS="2350" WIDTH="71" HEIGHT="29" WC="0.95" CONTENT="inte"/>
						</TextLine>
						<TextLine ID="line_41" HPOS="140" VPOS="2400" WIDTH="1488" HEIGHT="41">
							<String ID="string_404" HPOS="140" VPOS="2401" WIDTH="187" HEIGHT="39" WC="0.91" CONTENT="anledning"/><SP WIDTH="29" VPOS="2401" HPOS="327"/>
							<String ID="string_405" HPOS="356" VPOS="2401" WIDTH="82" HEIGHT="29" WC="0.91" CONTENT="frita"/><SP WIDTH="28" VPOS="2401" HPOS="438"/>
							<String ID="string_406" HPOS="466" VPOS="2401" WIDTH="41" HEIGHT="28" WC="0.93" CONTENT="de"/><SP WIDTH="28" VPOS="2401" HPOS="507"/>
							<String ID="string_407" HPOS="535" VPOS="2400" WIDTH="193" HEIGHT="29" WC="0.92" CONTENT="limiterade"/><SP WIDTH="29" VPOS="2400" HPOS="728"/>
							<String ID="string_408" HPOS="757" VPOS="2400" WIDTH="340" HEIGHT="39" WC="0.91" CONTENT="preferensaktierna"/><SP WIDTH="31" VPOS="2400" HPOS="1097"/>
							<String ID="string_409" HPOS="1128" VPOS="2400" WIDTH="78" HEIGHT="30" WC="0.95" CONTENT="från"/><SP WIDTH="29" VPOS="2400" HPOS="1206"/>
							<String ID="string_410" HPOS="1235" VPOS="2401" WIDTH="232" HEIGHT="40" WC="0.0" CONTENT="beskattning."/><SP WIDTH="31" VPOS="2401" HPOS="1467"/>
							<String ID="string_411" HPOS="1498" VPOS="2402" WIDTH="130" HEIGHT="30" WC="0.96" CONTENT="Genom"/>
						</TextLine>
						<TextLine ID="line_42" HPOS="141" VPOS="2453" WIDTH="1487" HEIGHT="41">
							<String ID="string_412" HPOS="141" VPOS="2454" WIDTH="394" HEIGHT="39" WC="0.87" CONTENT="500-kronorsavdraget"/><SP WIDTH="25" VPOS="2454" HPOS="535"/>
							<String ID="string_413" HPOS="560" VPOS="2454" WIDTH="158" HEIGHT="28" WC="0.96" CONTENT="kommer"/><SP WIDTH="25" VPOS="2454" HPOS="718"/>
							<String ID="string_414" HPOS="743" VPOS="2453" WIDTH="250" HEIGHT="39" WC="0.95" CONTENT="försäljningar"/><SP WIDTH="25" VPOS="2453" HPOS="993"/>
							<String ID="string_415" HPOS="1018" VPOS="2463" WIDTH="41" HEIGHT="20" WC="0.93" CONTENT="av"/><SP WIDTH="26" VPOS="2463" HPOS="1059"/>
							<String ID="string_416" HPOS="1085" VPOS="2454" WIDTH="290" HEIGHT="38" WC="0.90" CONTENT="teckningsrätter"/><SP WIDTH="26" VPOS="2454" HPOS="1375"/>
							<String ID="string_417" HPOS="1401" VPOS="2456" WIDTH="9" HEIGHT="28" WC="0.96" CONTENT="i"/><SP WIDTH="25" VPOS="2456" HPOS="1410"/>
							<String ID="string_418" HPOS="1435" VPOS="2455" WIDTH="193" HEIGHT="39" WC="0.78" CONTENT="betydande"/>
						</TextLine>
					</TextBlock>
				</ComposedBlock>
			</PrintSpace>
		</Page>
	</Layout>
</alto>
