2174 2752
423 205 38 28 28
791 203 213 41 Bevilnings-
1013 204 166 31 Utskottets
1202 205 205 31 Betänkande
1429 205 65 32 N:o
1517 208 29 29 4.

514 292 11 36 1
554 292 267 49 sammanhang
849 292 174 37 hvarmed
1052 294 202 45 hemstälts,
1283 300 53 30 att
1364 293 209 50 Riksdagen
1603 298 112 33 måtte
1729 295 107 45 »dels,
1857 296 11 36 i
1886 295 92 37 hvad

383 348 42 43 på
466 343 210 36 densamrna
704 344 225 46 ankommer,
958 344 156 46 besluta,
1145 345 78 36 dels
1254 346 64 36 hos
1346 346 132 49 Kongl.
1509 346 103 48 Maj:t
1646 348 5 34 i
1682 347 299 50 underdånighet

381 395 173 36 anhålla»:

513 445 35 46 a)
590 453 50 29 att
680 446 132 48 Kongl.
857 447 101 48 Maj:t
993 448 86 35 ville
1108 448 53 36 till
1193 454 82 30 näst
1302 449 347 37 sammanträdande
1678 449 164 48 Riksdag
1870 451 108 35 aflåta

381 504 62 39 ett,
473 497 92 37 efter
593 498 221 49 föregående
841 499 211 48 utredning,
1083 500 220 48 upprättadt
1332 500 136 48 förslag
1488 501 56 36 till
1562 502 244 49 ersättningar
1821 505 37 33 åt
1873 502 104 35 kom-

382 563 142 31 muner,
566 549 189 48 landsting
791 550 68 37 och
889 551 418 49 hushållningssällskap
1336 552 58 36 för
1423 552 44 36 de
1496 553 212 43 inkomster,
1740 567 80 22 som
1848 553 131 36 hittills

380 604 48 46 på
455 601 121 47 grund
604 601 39 36 af
667 602 255 47 stadgandena
950 603 9 34 i
988 599 18 50 $
1037 604 45 35 24
1111 602 40 37 af
1174 604 171 47 gällande
1373 603 301 51 försäljningslag
1703 605 84 36 dem
1817 605 160 36 tillkom-

381 654 85 42 mit;
494 660 95 28 samt

514 701 40 48 b)
596 711 48 29 att
673 704 132 49 Konul.
837 703 101 49 Maj:t
967 705 141 36 täcktes
1138 705 147 38 utfärda
1314 711 48 45 fry
1390 708 60 49 lag
1479 707 55 37 för
1561 706 217 51 försäljning
1807 708 39 37 af
1868 709 110 36 brän-

380 756 61 34 vin
472 755 67 35 och
568 757 73 34 alla
669 756 114 36 andra
812 756 202 46 spirituösa
1044 756 168 48 drycker,
1238 759 143 35 »hvilka
1409 760 185 36 innehålla
1620 759 101 37 öfver
1749 762 47 35 00
1826 766 153 42 procent

380 805 179 44 alkohol»,
600 806 64 35 och
706 811 54 30 att
794 806 129 35 dervid
946 808 138 46 jemväl
1113 805 39 48 $$
1187 811 53 40 14,
1271 811 44 32 25
1345 810 67 34 och
1444 813 44 33 28
1518 811 11 33 i
1557 823 48 22 nu
1633 811 173 46 gällande
1834 811 144 46 försälj-

378 857 172 49 ningslag
589 858 107 35 »eller
731 857 44 37 de
804 858 82 36 dem
916 858 10 35 i
955 857 71 37 den
1054 871 69 36 nya
1153 860 104 47 lagen
1287 860 261 37 motsvarande
1577 860 231 50 paragrafer»
1838 865 58 33 må
1924 874 53 23 er-

379 908 96 35 hålla
502 909 12 35 i
542 909 96 36 vissa
666 909 179 48 uppgifna
875 910 235 36 hänseenden
1139 909 198 38 förändrad
1365 912 158 49 lydelse;

920 1065 105 35 Inom
1058 1065 126 35 Andra
1216 1065 223 36 Kammaren

512 1165 38 36 af
586 1165 98 36 Herr
724 1167 34 35 J.
788 1168 46 34 A.
863 1166 71 49 Sjö,
964 1167 146 36 hvilken
1140 1168 12 35 i
1181 1168 139 35 motion
1348 1167 68 36 N:o
1445 1169 45 34 41
1520 1166 192 50 föreslagit
1740 1173 54 31 att
1820 1168 158 36 Riksda-

378 1231 69 33 gen
476 1221 112 32 inåtte
618 1218 162 36 besluta:

512 1275 51 28 att
601 1269 410 47 tillverkningsskatten
1043 1272 20 32 å
1090 1270 155 34 bränvin
1275 1270 68 34 och
1374 1269 114 35 andra
1518 1270 204 46 spritvaror
1751 1270 40 36 af
1815 1272 46 34 50
1890 1284 86 34 pro-

378 1326 81 28 cent
489 1319 230 36 alkoholhalt
746 1320 62 34 vid
838 1319 44 44 +
903 1323 42 32 15”
963 1318 68 38 C.
1062 1321 218 35 bestämmes
1310 1321 55 34 till
1395 1323 19 32 2
1444 1321 137 34 kronor
1610 1333 65 35 per
1703 1321 141 44 kanna;

512 1376 50 29 att
588 1371 307 48 »utskänknings-
924 1372 68 34 och
1021 1370 385 48 försäljningsskatten
1437 1375 59 32 må
1524 1372 168 47 upphöra
1718 1372 67 35 och
1807 1371 170 49 försälja-

378 1433 64 23 ren
471 1421 128 35 endast
629 1421 126 36 derför
782 1422 121 35 skatta
931 1423 54 34 till
1014 1428 119 30 staten
1161 1422 67 35 och
1259 1423 225 35 kommunen
1515 1424 116 45 enligt
1660 1423 112 35 andra
1801 1424 175 36 artikelns

377 1471 235 48 bevillning»;

512 1529 51 29 att
605 1524 270 35 kommunerna
915 1524 100 35 inom
1049 1525 55 46 sig
1131 1524 142 36 lemnas
1300 1525 181 46 rättighet
1509 1531 54 30 att
1591 1524 91 36 efter
1709 1525 266 47 godtfinnande

380 1573 115 36 ordna
524 1574 68 35 och
620 1575 145 35 besluta
793 1588 57 22 om
882 1574 412 49 bränvinsförsäljning;
1324 1576 66 35 och

512 1632 49 28 att
590 1632 119 29 staten
741 1626 54 34 till
824 1626 124 46 hvarje
977 1627 58 34 län
1066 1627 100 34 inom
1195 1627 96 35 riket
1319 1626 93 36 efter
1440 1626 216 49 folkmängd
1685 1628 93 35 skall
1807 1627 93 37 afstå
1929 1631 46 34 50

377 1683 63 29 öre
469 1676 55 36 för
552 1676 125 48 hvarje
707 1678 95 34 inom
833 1678 94 35 riket
955 1677 194 36 tillverkad
1180 1678 68 35 och
1278 1678 196 36 beskattad
1503 1678 121 35 kanna
1652 1679 169 44 bränvin,
1850 1680 125 36 hvilka

378 1728 117 35 medel
538 1728 232 47 landstingen
808 1728 113 36 sedan
962 1728 116 35 skulle
1120 1741 68 35 ega
1225 1735 74 30 rätt
1341 1735 53 29 att
1436 1729 165 48 uppbära
1630 1730 66 35 och
1725 1730 167 36 använda
1919 1731 55 35 till

374 1782 120 34 länets
523 1780 119 39 bästa;

511 1829 39 37 af
573 1830 96 36 Herr
696 1831 37 36 J.
762 1830 197 37 Sandstedt
988 1832 10 34 i
1028 1831 142 36 motion
1199 1831 68 37 N:o
1297 1834 59 40 74,
1386 1831 120 36 deruti
1536 1831 137 36 Herrar
1702 1830 37 38 C.
1768 1832 33 35 I.
1823 1833 152 47 Bengts-

377 1895 76 31 son,
494 1881 85 38 Carl
618 1882 143 48 Magni,
802 1882 35 36 J.
881 1882 189 43 Jonasson,
1113 1883 69 35 alla
1224 1882 82 35 från
1351 1882 232 48 Kronobergs
1612 1884 72 44 län,
1713 1891 96 29 samt
1837 1884 138 37 Herrar

377 1934 186 36 Johannes
590 1933 209 37 Andersson
828 1934 66 35 och
924 1932 86 38 Carl
1039 1933 209 49 Mejenqvist
1277 1933 80 37 från
1385 1933 233 50 Jönköpings
1645 1935 60 35 län
1726 1935 163 46 instämt,
1905 1936 66 36 och

377 1985 144 35 hvaruti
552 1985 207 36 hemställes
788 1990 53 30 att
868 1985 208 47 Riksdagen
1105 1988 114 32 måtte
1248 1985 162 36 besluta:

512 2042 50 29 att
603 2036 44 35 de
688 2036 129 35 hittills
845 2035 56 36 för
928 2036 244 48 tillverkning
1205 2036 66 35 och
1301 2035 217 49 försäljning
1546 2036 39 36 af
1609 2037 155 35 bränvin
1794 2037 179 48 stadgade

377 2086 181 36 särskilda
599 2086 150 49 afgifter
790 2088 239 34 sammanslås
1071 2087 51 34 till
1156 2099 43 23 en
1234 2086 94 36 enda
1356 2087 112 43 skatt,
1498 2093 53 30 att
1579 2091 87 44 utgå
1695 2087 84 36 med
1810 2090 17 34 1
1859 2089 114 35 krona

380 2139 46 35 50
455 2144 62 29 öre
559 2151 65 35 per
653 2138 120 35 kanna
802 2138 164 44 bränvin,
996 2150 76 23 som
1101 2138 10 34 i
1140 2137 126 36 landet
1294 2138 199 45 tillverkas,
1522 2145 94 29 samt
1644 2144 55 30 att
1727 2139 121 35 denna
1876 2139 97 36 skatt

376 2190 58 34 till
461 2189 223 36 statsverket
711 2189 121 47 ingår;

511 2247 48 29 att
601 2237 108 50 "grdel
750 2241 35 34 af
823 2240 72 36 den
937 2240 201 50 inflytande
1179 2239 323 37 bränvinsskatten
1537 2241 188 36 användes
1753 2246 53 31 att
1834 2247 138 31 ersätta

378 2291 198 46 landsting,
606 2291 418 49 hushållningssällskap
1054 2291 67 36 och
1150 2292 221 36 kommuner
1400 2290 54 37 för
1482 2291 71 36 den
1581 2292 172 45 inkomst,
1782 2292 43 36 de
1847 2291 39 37 af
1898 2292 72 36 för-
