2218 2644
390 174 119 34 Första
532 176 226 34 Kammarens
785 179 177 41 Tillfälliga
991 180 139 34 Utskotis
1155 181 75 39 (N:o
1255 183 33 37 1)
1318 181 172 34 Utlåtande
1512 183 64 33 N:o
1602 183 28 32 9.
1781 183 21 32 5

310 266 268 37 Motionärerna
606 269 97 35 hålla
731 270 85 46 före,
848 274 53 33 att
930 273 42 34 de
1001 273 88 35 allra
1117 273 112 45 flesta,
1261 287 73 23 som
1365 274 31 48 ej
1427 287 83 23 vore
1539 275 135 48 fångna
1702 275 10 36 i
1734 276 67 35 för-

204 319 177 37 utfattade
419 322 196 47 meningar,
664 324 117 36 skulle
822 325 151 36 besvara
1001 327 103 35 dessa
1133 327 120 48 frågor
1280 328 158 49 afgjordt
1464 329 177 36 nekande.
1699 330 104 36 Flera

204 373 289 38 beaktansvärda
521 376 135 48 förslag
684 378 92 35 hade
818 380 109 35 också
968 381 112 35 redan
1122 381 190 37 framträdt
1353 385 53 33 att
1446 382 13 36 i
1496 384 112 35 sådan
1635 383 166 49 rigtning

203 428 172 47 omskapa
417 430 252 36 almanackans
711 433 239 47 namnlängd;
994 447 44 22 en
1081 435 213 47 fullstindig
1335 449 50 35 ny
1428 437 109 35 sådan
1565 438 93 35 hade
1686 441 24 32 t.
1742 451 56 22 ex.

202 481 167 47 utgifvits
411 483 40 35 af
475 484 116 35 Taflin
625 485 139 46 (>Röda
793 487 190 47 korsets»),
1015 501 44 22 en
1088 501 121 23 annan
1237 490 40 35 af
1300 490 191 47 tidningen
1519 491 158 36 Nerikes
1704 491 96 36 Alle-

202 536 118 35 handa
364 536 82 47 (den
487 549 26 23 s.
545 538 35 35 k.
618 539 243 48 »nordiska»).
921 541 115 47 Ingen
1078 542 41 35 af
1157 543 103 35 dessa
1293 546 47 44 på
1368 544 119 46 privat
1513 550 71 41 väg
1611 545 191 36 tillkomna

203 590 259 47 namnlängder
502 592 89 46 egde
634 593 92 35 dock
762 595 111 34 sådan
901 596 302 47 vederhäftighet,
1235 600 52 32 att
1316 598 70 34 den
1415 598 115 35 skulle
1559 598 126 36 kunna
1712 612 88 34 upp-

201 643 101 35 träda
344 645 81 34 med
466 646 158 46 anspråk
666 649 46 44 på
753 650 52 33 att
846 649 123 46 läggas
997 649 55 35 till
1080 651 120 45 grund
1228 650 54 36 för
1310 664 45 22 en
1384 651 250 48 omarbetning
1662 652 40 35 af
1726 654 70 34 den

200 698 209 35 nuvarande
450 698 184 47 officiella;
679 700 40 35 af
757 701 181 48 förslagen
979 702 203 49 framginge
1220 705 101 45 dock,
1354 709 53 32 att
1434 709 52 32 ett
1512 705 109 48 lifligt
1648 706 152 37 intresse

201 750 55 36 för
283 751 114 35 saken
426 752 208 36 förefunnes
663 754 65 36 hos
757 755 252 37 allmänheten.

307 805 124 36 Skulle
473 806 189 48 verkligen
704 821 45 22 en
791 809 155 48 ändring
974 810 12 35 i
1015 812 60 34 det
1104 812 159 47 antydda
1291 813 113 47 syftet
1431 813 125 36 kunna
1584 815 82 34 med
1694 814 104 36 fram-

199 860 95 45 gång
335 859 234 47 genomföras,
615 863 113 34 måste
769 864 204 47 uppdraget
1014 868 52 32 att
1108 866 246 36 åstadkomma
1387 879 44 23 en
1460 868 110 34 sådan
1598 868 136 36 lemnas
1763 871 37 33 åt

200 924 44 23 en
286 913 214 47 myndighet
540 915 82 35 med
664 915 67 35 full
773 917 206 45 auktoritet,
1025 919 65 35 och
1120 919 12 35 i
1170 920 98 35 detta
1303 920 63 35 fall
1400 921 207 47 naturligen
1641 922 94 36 helst
1763 925 37 33 åt

199 966 120 47 kongl.
365 968 443 47 vetenskapsakademien,
841 983 73 23 som
945 971 30 49 ej
1006 972 93 36 blott
1127 974 89 46 egde
1244 973 230 48 privilegium
1503 978 46 43 på
1577 978 54 33 att
1657 975 142 48 utgifva

199 1020 244 46 almanackan,
474 1024 88 33 utan
591 1022 107 36 äfven
726 1024 92 35 hade
847 1026 249 47 vederbörliga
1125 1027 301 48 förutsättningar
1454 1028 55 35 för
1536 1032 54 32 att
1618 1030 81 34 med
1719 1031 79 34 stöd

199 1074 40 34 af
275 1074 197 36 historiska
513 1076 66 35 och
615 1077 185 47 språkliga
828 1078 187 36 fackmäns
1043 1080 238 48 utredningar
1310 1082 246 35 åstadkomma
1584 1086 53 32 ett
1664 1083 134 48 förslag

198 1127 55 35 till
293 1140 51 35 ny
386 1129 229 48 namnlängd,
661 1143 74 23 som
765 1134 250 34 motsvarande
1044 1134 44 35 de
1116 1136 193 45 uppstälda
1338 1135 252 48 fordringarna
1618 1137 67 35 och
1713 1150 84 23 vore

198 1181 150 36 kritiskt
380 1182 164 36 hållbart.
602 1184 169 36 Nämnda
799 1186 166 36 akademi
993 1187 111 36 borde
1133 1188 108 36 också
1269 1189 125 35 kunna
1422 1190 93 35 vaka
1543 1190 101 36 öfver
1672 1194 52 32 att
1752 1204 44 22 en

197 1235 130 35 reform
370 1235 14 36 i
426 1236 160 48 enlighet
627 1239 82 34 med
737 1239 108 35 ofvan
873 1240 149 47 angifna
1049 1242 160 46 grunder
1235 1243 97 46 finge
1361 1243 56 35 sin
1445 1247 93 32 rätta
1565 1244 228 48 omfattning,

197 1291 38 33 så
263 1292 53 32 att
343 1289 13 35 i
384 1292 64 33 vår
476 1291 210 35 almanacka
713 1292 85 47 inga
826 1293 263 48 beteckningar
1116 1295 189 46 rubbades,
1337 1308 76 24 som
1441 1297 122 35 kunde
1592 1310 104 23 anses
1711 1311 86 23 vara

196 1343 40 35 af
272 1344 110 34 värde
424 1344 55 35 för
512 1345 69 35 den
609 1345 198 37 historiska
834 1347 229 37 traditionen.
1123 1349 65 36 Ett
1214 1350 149 36 vackert
1390 1350 178 36 förarbete
1596 1351 58 36 till
1682 1353 113 35 åstad-

195 1397 215 35 kommande
452 1398 39 35 af
529 1411 45 22 en
615 1411 50 36 ny
707 1413 98 23 mera
846 1401 158 36 nationel
1032 1403 222 47 namnlängd
1282 1404 123 35 kunde
1433 1410 102 41 sägas
1563 1418 87 22 vara
1677 1406 120 48 gjordt

194 1463 127 34 genom
352 1452 69 34 den
450 1452 231 48 förteckning
709 1454 100 36 öfver
838 1455 156 35 svenska
1009 1456 192 47 dopnamn,
1220 1470 73 23 som
1310 1458 278 49 offentliggjorts
1604 1459 12 35 i
1633 1459 162 36 Svenska

194 1505 470 48 landsmålsföreningarnas
692 1507 167 37 tidskrift
886 1510 65 44 VI,
982 1510 84 35 VII.

301 1559 178 47 Slutligen
520 1560 188 36 framhålla
742 1563 274 46 motionärerna,
1051 1567 53 33 att
1134 1565 69 35 den
1231 1567 224 34 närvarande
1483 1566 221 48 tidpunkten
1732 1567 63 36 vid

195 1612 210 36 sekelslutet
432 1614 99 35 torde
560 1614 37 36 få
625 1628 104 23 anses
759 1617 156 35 särdeles
943 1618 149 47 lämplig
1121 1618 56 36 för
1204 1619 197 36 reformens
1429 1620 290 47 genomförande,
1737 1634 56 23 om

193 1666 182 46 nemligen
417 1668 69 34 den
527 1681 73 34 nya
640 1670 268 47 namnlängden
951 1671 123 35 kunde
1116 1672 115 35 blifva
1271 1673 120 47 färdig
1432 1677 52 32 att
1518 1674 136 35 införas
1682 1674 13 35 i
1724 1676 69 34 den

193 1719 218 45 almanacka,
444 1733 73 23 som
546 1722 94 35 skall
669 1727 118 43 öppna
816 1725 61 34 det
906 1728 99 31 snart
1032 1724 262 37 tillstundande
1322 1739 73 35 nya
1423 1728 253 35 århundradet.

297 1933 128 36 Andra
465 1936 239 36 Kammarens
747 1937 112 36 första
894 1938 183 48 tillfälliga
1111 1940 150 46 utskott,
1301 1941 56 36 till
1392 1942 141 35 hvilket
1568 1943 225 36 motionerna

191 1987 195 45 hänvisats,
432 1989 64 34 har
531 1989 12 35 i
572 1990 185 36 utlåtande
799 2005 59 22 n:o
890 1995 20 31 2
945 1993 12 34 i
986 1993 201 47 samlingen
1216 2007 58 23 n:o
1307 1997 45 33 12
1383 1996 109 34 bland
1521 2000 111 32 annat
1660 2000 128 44 yttrat:

303 2042 129 34 »Hvad
464 2042 90 35 först
582 2043 85 35 herr
694 2044 222 36 Johanssons
945 2046 133 47 förslag
1106 2047 181 45 beträffar,
1319 2049 117 35 finner
1463 2050 179 35 utskottet
1669 2050 121 36 motio-

190 2098 130 31 närens
362 2095 163 46 yrkande
567 2098 185 45 angående
795 2099 70 34 den
908 2111 26 22 s.
966 2099 35 34 k.
1032 2100 77 34 lilla
1151 2100 252 36 almanackans
1446 2102 220 36 förbättrade
1704 2115 86 35 upp-

191 2146 182 48 ställning,
405 2148 113 35 ehuru
548 2149 30 47 ej
610 2150 199 35 berörande
837 2154 118 44 någon
985 2152 101 46 fråga
1115 2153 40 35 af
1180 2156 112 32 större
1321 2154 87 47 vigt,
1435 2155 89 35 dock
1541 2168 87 23 vara
1643 2156 148 48 förtjent

193 2200 39 35 af
256 2200 214 36 beaktande.

296 2253 68 37 Att
406 2254 248 48 djurkretsens
697 2257 128 35 tecken
868 2258 136 36 saklöst
1046 2259 125 36 kunna
1212 2260 182 48 borttagas
1423 2274 42 22 ur
1493 2274 43 24 en
1567 2262 220 48 almanacka,
