2194 2618
435 173 37 31 18
834 172 359 43 Bevillningsutskottets
1216 173 196 32 betänkande
1435 174 51 31 Nr
1508 175 52 30 56.

391 251 163 35 personal
574 250 114 32 skulle
708 251 141 31 komma
869 252 54 30 att
942 251 160 32 minskas
1120 251 80 32 med
1219 252 40 31 1.s
1279 251 128 37 miljon
1426 252 130 31 kronor
1578 253 56 31 för
1656 252 57 33 det
1734 253 248 32 förstnämnda

391 295 64 30 och
474 295 41 30 2.2
533 294 167 36 miljoner
718 294 130 31 kronor
867 295 57 30 för
941 294 58 32 det
1018 295 222 31 sistnämnda
1258 296 87 31 året.
1363 295 70 31 Till
1451 295 118 37 grund
1587 297 57 31 för
1664 297 98 32 detta
1780 297 202 37 antagande

390 337 60 36 låg
475 337 73 32 dels
570 337 59 32 det
650 338 56 31 för
726 337 173 36 styrelsen
921 338 120 32 kända
1063 338 251 37 förhållandet,
1336 340 53 30 att
1411 339 57 31 det
1490 339 55 31 för
1568 339 309 38 dyrtidstillägget
1898 341 84 31 fast-

392 380 130 32 ställda
547 381 206 36 grundtalet
777 381 113 32 under
915 382 112 30 första
1051 382 180 31 kvartalet
1255 393 46 20 av
1325 384 41 29 år
1391 383 77 30 1921
1490 382 151 36 nedgått
1665 384 80 30 med
1767 385 38 29 10
1830 385 153 35 enheter,

392 423 73 33 dels
489 425 64 31 ock
576 425 64 36 att,
664 424 111 37 enligt
799 426 50 30 ett
873 435 46 20 av
941 425 266 32 vederbörande
1231 425 343 37 departementschef
1598 426 98 36 gjort
1718 426 186 32 uttalande
1927 428 56 30 till

394 467 58 32 det
483 468 62 32 vid
578 469 97 31 årets
706 468 422 37 statsverksproposition
1160 469 126 36 fogade
1319 469 401 36 statsrådsprotokollet,
1753 470 98 31 vissa
1881 470 12 30 i
1925 472 53 29 ut-

391 511 72 32 sikt
485 512 132 31 ställda
640 511 255 37 förändringar
919 522 45 21 av
987 512 207 36 grunderna
1216 513 55 30 för
1295 512 317 37 dyrtidstilläggen
1636 514 147 35 antoges
1806 512 101 33 skola
1928 513 55 31 för

392 556 223 35 postverkets
631 554 274 33 vidkommande
922 555 162 32 medföra
1101 566 43 21 en
1159 556 340 36 utgiftsminskning
1517 567 45 20 av
1580 557 41 31 1.s
1637 556 127 36 miljon
1781 556 130 31 kronor
1928 557 55 30 för

392 600 40 30 år
455 599 87 31 1922.

511 642 158 32 Numera
690 642 96 31 hava
805 643 196 31 emellertid
1023 643 208 32 tillkommit
1251 654 73 26 nya
1347 643 315 37 omständigheter,
1684 643 99 32 vilka
1806 643 179 37 föranlett,

393 687 54 31 att
467 686 376 37 utgiftsberäkningen
863 686 122 32 ställer
1005 687 55 36 sig
1080 687 234 32 annorlunda.
1335 687 160 31 Sålunda
1515 687 65 31 har
1602 686 207 37 grundtalet
1829 687 56 31 för
1906 687 79 36 dyr-

394 729 238 37 tidstillägget
657 730 56 31 för
733 730 243 32 innevarande
996 730 146 32 kvartal
1163 731 122 31 sänkts
1305 730 81 32 med
1407 731 32 36 ej
1461 730 138 32 mindre
1621 733 46 29 än
1688 731 38 30 22
1748 731 153 36 enheter,
1922 730 63 32 och

393 775 12 30 i
430 784 44 20 en
497 773 56 32 till
577 773 193 37 riksdagen
794 773 193 32 avlämnad
1011 774 220 36 proposition
1254 775 67 30 har
1346 773 134 37 Kungl.
1504 774 110 36 Maj:t
1640 773 189 37 föreslagit
1852 774 133 31 sådana

394 816 157 33 ändrade
572 816 156 36 grunder
750 817 55 31 för
827 816 318 38 dyrtidstillägget,
1167 819 62 34 att,
1250 827 57 22 om
1327 817 118 32 denna
1465 818 220 36 proposition
1705 817 152 37 bifalles,
1878 819 106 35 ytter-

395 860 114 35 ligare
526 861 340 36 utgiftsminskning
884 861 114 31 skulle
1015 861 143 31 komma
1175 862 53 30 ati
1246 861 56 31 för
1320 861 203 36 postverket
1542 862 141 35 uppstå.
1702 861 202 36 Utredning
1920 862 66 30 har

393 913 49 21 nu
466 904 209 31 verkställts
701 903 151 32 rörande
879 904 67 31 den
972 904 177 31 inverkan
1176 905 44 35 på
1247 904 223 36 postverkets
1495 904 163 36 utgifter,
1686 914 74 21 som
1786 904 111 37 sagda
1923 915 63 26 ny-

394 946 190 33 tillkomna
603 947 304 37 omständigheter
926 947 113 32 skulle
1058 948 142 30 komma
1218 949 53 30 att
1289 949 120 29 utöva.
1451 947 138 32 Därvid
1607 948 68 30 har
1695 948 199 36 förutsatts,
1913 948 73 32 dels

395 992 53 31 att
469 990 198 33 indextalet
687 991 157 31 kommer
865 992 54 30 att
939 991 56 31 för
1015 990 81 32 hela
1117 991 113 31 andra
1251 991 182 32 kvartalet
1452 991 246 32 innevarande
1719 992 40 30 år
1780 991 130 36 utgöra
1929 992 58 30 249

396 1035 63 31 och
477 1035 56 31 för
550 1036 95 30 årets
663 1034 223 32 återstående
904 1034 55 32 del
976 1035 58 30 240
1052 1036 93 30 samt
1162 1035 56 30 för
1233 1034 81 32 hela
1331 1035 41 30 år
1391 1035 76 30 1922
1485 1034 172 32 likaledes
1675 1034 68 36 240,
1760 1035 74 31 dels
1852 1034 64 32 ock
1933 1036 53 30 att

395 1077 134 37 Kungl.
557 1077 129 36 Maj:ts
712 1078 238 36 nyssberörda
978 1078 137 36 förslag
1143 1078 149 31 rörande
1320 1077 159 32 ändrade
1506 1078 158 36 grunder
1692 1078 56 30 för
1776 1077 211 37 dyrtidstill-

395 1122 122 36 lägget
533 1121 128 31 vinner
678 1121 211 36 riksdagens
905 1121 113 31 bifall.
1057 1121 126 31 Ehuru
1201 1121 67 31 den
1283 1121 278 37 undersökning,
1577 1131 76 22 som
1669 1121 112 32 under
1800 1121 102 32 dessa
1918 1122 69 30 för-

396 1165 247 36 utsättningar
662 1165 216 36 verkställts,
896 1165 283 36 uppenbarligen
1199 1165 124 31 endast
1340 1165 139 31 kunnat
1497 1165 122 31 lämna
1638 1166 50 30 ett
1707 1165 281 36 approximativt

397 1208 160 37 resultat,
582 1218 106 27 synes
713 1208 206 32 densamma
943 1208 87 31 dock
1055 1208 87 37 giva
1167 1208 61 31 vid
1253 1208 152 36 handen,
1431 1209 53 30 att
1508 1208 224 36 postverkets
1755 1208 152 36 utgifter
1933 1208 55 31 för

399 1251 273 37 dyrtidstillägg
693 1252 91 31 skall
806 1252 141 31 komma
969 1253 53 30 att
1044 1253 122 35 uppgå
1187 1251 56 31 till
1265 1252 60 31 16..
1347 1251 166 36 miljoner
1533 1252 132 31 kronor
1688 1252 55 30 för
1764 1253 41 29 år
1826 1252 78 30 1921
1926 1252 63 31 och

399 1296 60 31 13..
482 1295 168 36 miljoner
672 1296 130 30 kronor
825 1295 56 31 för
905 1297 41 29 år
969 1295 87 31 1922.
1103 1295 253 32 Kostnaderna
1379 1295 56 31 för
1459 1294 309 37 dyrtidstillägget
1791 1295 90 31 hade
1904 1305 86 26 upp-

398 1339 110 36 tagits
528 1340 13 30 i
562 1338 42 33 de
624 1338 257 37 ursprungliga
901 1338 422 36 utgiftsberäkningarna
1343 1338 58 31 till
1421 1339 38 30 21
1479 1337 167 37 miljoner
1667 1339 130 30 kronor
1819 1339 55 30 för
1895 1340 95 30 vart-

399 1381 85 33 dera
506 1383 87 35 året,
624 1383 57 41 och
705 1383 12 30 i
740 1382 209 32 reviderade
971 1382 251 36 beräkningar,
1245 1392 74 21 som
1341 1382 159 36 avgivits
1522 1383 12 30 i
1556 1382 163 31 februari
1741 1382 88 36 1921,
1851 1381 57 32 till
1930 1382 61 32 19.s

398 1426 198 35 respektive
618 1426 61 31 18.s
700 1425 166 36 miljoner
887 1426 140 30 kronor.
1070 1425 209 31 Skillnaden
1299 1425 135 31 mellan
1454 1425 40 31 de
1516 1435 167 26 summor,
1705 1435 73 21 som
1800 1426 189 31 framkom-

397 1470 66 31 mit
483 1469 61 32 vid
565 1468 42 33 de
627 1479 49 21 nu
697 1468 127 37 gjorda
845 1469 64 30 och
931 1468 41 32 de
991 1468 298 36 nästföregående
1307 1468 301 36 beräkningarna,
1630 1471 41 28 är
1693 1468 105 32 alltså
1820 1468 129 32 denna:

491 1539 56 32 för
580 1540 42 30 år
654 1539 77 31 1921
769 1561 785 8 .o.s.sssoscssssseersssrseeseet
1309 1534 50 44 rss
1369 1534 31 44 rr
1411 1534 28 44 rs
1449 1534 28 44 rr
1488 1534 69 44 sees
1584 1537 53 31 kr.
1662 1537 61 32 19.;
1747 1537 166 36 miljoner

1508 1600 39 4 —
1602 1592 15 17 >»
1661 1581 62 31 16.2
1807 1593 14 16 »

1347 1632 208 38 minskning
1580 1633 54 31 kr.
1678 1634 42 31 2..
1733 1632 180 38 miljoner;
1928 1633 63 32 och

493 1688 55 31 för
576 1688 41 31 år
644 1687 78 32 1922
767 1709 785 9 ososossessesesrssssrrrers
1297 1682 59 44 rss
1369 1682 47 44 rer
1429 1682 28 44 rs
1465 1682 50 44 rss
1523 1682 33 44 sa
1603 1697 14 16 »
1661 1685 62 31 18.8
1807 1697 13 16 »

1530 1747 39 4 —
1601 1740 13 17 »
1659 1728 61 32 18.2
1805 1740 14 17 »

1342 1780 207 37 minskning
1580 1781 53 31 kr.
1678 1781 42 31 4.
1743 1772 175 45 miljoner.

523 1853 123 32 Under
672 1852 260 37 förutsättning
957 1853 53 30 att
1035 1851 214 36 föregående
1272 1850 242 37 beräkningar
1539 1860 46 21 av
1610 1850 202 36 utgifterna
1836 1851 13 31 i
1874 1850 118 36 övrigt

400 1898 127 31 liksom
550 1908 46 20 av
620 1896 254 36 inkomsterna,
898 1895 148 32 bortsett
1071 1895 84 36 från
1180 1895 42 31 de
1245 1894 206 37 föreslagna
1474 1893 416 38 vportoförhöjningarna,
1913 1894 79 31 visa

400 1942 54 36 sig
476 1940 175 37 hållbara,
674 1939 123 37 skulle,
820 1939 113 36 enligt
955 1939 66 31 den
1043 1949 49 20 nu
1116 1937 246 37 föreliggande
1385 1937 248 36 utredningen,
1658 1936 333 38 dyrtidstilläggens

400 1985 207 36 minskning
628 1983 171 36 medföra,
821 1984 53 30 att
893 1984 120 34 någon
1032 1982 90 31 brist
1143 1981 77 32 icke
1241 1980 113 32 skulle
1375 1981 129 36 uppstå
1526 1981 55 31 för
1603 1982 41 30 år
1666 1981 88 36 1921,
1776 1981 64 31 och
1861 1982 52 30 att
1936 1981 55 31 för

400 2030 41 30 år
465 2029 77 30 1922
568 2029 13 30 i
605 2027 120 32 stället
749 2027 55 31 för
828 2026 91 31 brist
944 2025 114 32 skulle
1081 2025 216 36 uppkomma
1322 2025 49 31 ett
1397 2024 179 31 överskott
1602 2034 46 21 av
1675 2026 83 29 över
1783 2025 18 30 2
1826 2024 165 37 miljoner

401 2073 140 31 kronor.

525 2115 79 32 Vad
626 2114 172 32 beträffar
820 2113 211 36 utgifterna,
1052 2113 13 30 i
1088 2111 68 32 den
1178 2112 83 30 mån
1283 2111 43 32 de
1346 2111 78 31 icke
1446 2111 152 31 hänföra
1621 2111 57 36 sig
1700 2111 58 31 till
1780 2110 211 38 dyrtidstill-

400 2160 131 36 lägget,
555 2160 38 30 så
617 2159 95 31 hava
736 2158 102 31 dessa
859 2157 113 31 under
994 2155 244 32 innevarande
1261 2156 58 29 års
1343 2154 116 31 första
1480 2154 145 31 kvartal
1648 2155 13 30 i
1685 2154 204 37 jämförelse
1912 2154 79 31 med

400 2202 253 32 motsvarande
675 2201 142 32 kvartal
841 2202 40 29 år
903 2200 78 31 1920
1002 2200 95 30 visat
1119 2199 118 35 någon
1257 2197 149 32 tendens
1428 2197 56 32 till
1504 2197 177 37 nedgång.
1725 2198 55 31 En
1802 2197 190 32 undersök-

402 2247 98 37 ning,
517 2247 13 31 i
548 2246 123 31 vilken
689 2247 84 29 mån
792 2242 273 33 förhållandena
1084 2243 123 30 kunna
1226 2241 129 31 tänkas
1372 2241 98 31 bliva
1489 2240 178 34 likartade
1685 2241 112 33 under
1816 2241 68 33 den
1902 2242 89 32 åter-

403 2290 143 33 stående
567 2289 102 33 delen
689 2299 45 23 av
754 2289 86 37 året,
858 2288 67 32 har
946 2287 92 38 givit
1057 2284 160 40 följande
1236 2284 161 33 resultat.
