1872 2794
500 170 252 27 Statsutskotltets
777 171 161 27 utlåtande
962 179 38 18 nr
1024 171 54 27 128
1102 172 36 26 år
1164 171 71 27 1955
1575 176 42 26 då

185 248 173 29 Utskottet
380 249 55 29 vill
458 249 112 30 erinra
594 259 55 20 om
672 252 48 27 alt
742 250 206 39 föregående
968 251 56 29 års
1045 251 142 38 riksdag
1208 251 182 37 godkände
1412 251 87 29 vissa
1522 251 95 39 prin-

129 302 187 39 cipförslag
345 302 8 29 i
386 302 96 39 fråga
511 312 55 20 om
598 304 283 38 organisationen
912 314 40 20 av
980 304 192 30 försvarets
1202 304 174 39 regionala
1407 304 63 29 och
1501 304 113 29 lokala

130 356 409 39 fastighetsförvaltning.
573 357 129 30 Därvid
736 358 214 33 förutsattes,
984 359 60 32 att,
1076 358 79 29 med
1187 357 171 40 utgående
1391 357 79 29 från
1503 358 40 29 de
1575 367 41 19 av

128 409 187 39 riksdagen
337 410 171 39 godtagna
530 411 177 29 allmänna
731 411 223 39 riktlinjerna
978 411 53 29 för
1054 411 353 39 omorganisationen,
1429 410 188 39 utredning

130 463 111 29 skulle
267 463 206 30 verkställas
499 465 148 28 rörande
674 465 192 38 detaljerna
892 465 9 29 i
928 464 302 40 organisationens
1257 464 218 39 utformning
1501 473 45 20 m.
1572 474 44 19 m.

132 517 8 28 I
168 517 188 39 anledning
382 517 108 30 härav
516 518 162 29 tillsattes
708 518 81 29 1954
816 518 56 29 års
899 519 152 29 militära
1079 518 539 39 fastighetsförvaltningsutred-

130 571 92 38 ning,
244 579 72 20 som
338 571 138 39 nyligen
495 571 127 38 avgivit
641 572 220 29 betänkande
882 572 77 29 med
980 572 131 38 förslag
1132 572 49 29 till
1201 571 227 39 huvudlinjer
1448 571 53 29 för
1518 579 99 30 orga-

130 624 196 29 nisationen
349 634 41 19 av
413 624 188 30 försvarets
624 624 411 40 fastighetsförvaltning.
1058 626 100 28 Detta
1181 625 220 29 betänkande
1423 624 194 29 innehåller

130 677 7 28 i
161 678 186 29 huvudsak
369 678 176 39 riktlinjer
568 678 54 29 för
643 678 363 40 arbetsuppgifternas
1029 678 199 39 fördelning
1249 679 129 28 mellan
1401 678 130 29 militär
1552 678 64 29 och

129 731 78 29 civil
227 731 323 39 byggnadsteknisk
571 733 160 38 personal
754 734 90 27 samt
864 733 92 28 vissa
975 731 133 39 förslag
1127 732 9 28 i
1157 731 99 39 fråga
1278 740 55 20 om
1355 732 65 28 den
1441 731 175 38 regionala

129 784 199 30 instansens
356 784 228 40 utformning.
612 786 12 28 I
651 785 236 30 betänkandet
912 786 44 28 ha
982 785 119 29 vidare
1125 784 208 40 uppdragits
1360 784 177 39 riktlinjer
1565 784 53 29 för

130 838 361 40 arbetsfördelningen
509 839 128 29 mellan
655 839 93 29 olika
768 839 185 33 instanser,
972 838 173 39 varjämte
1163 838 92 29 vissa
1275 837 218 40 synpunkter
1512 837 107 29 fram-

130 892 87 38 lagts
253 892 43 39 på
331 892 133 39 frågan,
488 901 55 20 om
567 893 323 38 byggnadsarbeten
914 893 84 29 böra
1022 891 136 30 utföras
1182 891 43 40 på
1249 891 231 39 entreprenad
1503 891 82 29 celler
1609 890 8 29 i

130 953 83 31 egen
236 946 80 36 regi.
338 946 115 29 Under
475 946 55 29 det
551 947 50 28 att
622 946 105 38 enligt
751 945 82 30 1954
855 945 56 30 års
933 945 230 30 förenämnda
1185 945 277 39 riksdagsbeslut
1483 943 134 40 frågan,

130 999 172 29 huruvida
326 999 232 38 befästnings-
582 999 63 29 och
668 998 455 40 byggnadsavdelningarna
1150 998 111 29 skulle
1286 997 257 30 sammanföras
1567 997 49 29 till

130 1061 42 19 en
210 1053 151 38 enhetlig
399 1052 393 29 fortifikationssektion
832 1053 110 28 under
982 1051 446 30 fortifikationsofficerens
1467 1050 151 38 ledning,

131 1106 111 29 skulle
264 1106 91 29 lösas
377 1105 46 34 så,
445 1107 48 28 att
513 1106 10 28 i
543 1107 77 28 vart
642 1105 59 29 fall
724 1105 93 29 inom
839 1105 91 29 vissa
951 1114 41 20 ur
1012 1104 442 39 mobiliseringssynpunkt
1475 1103 143 30 särskilt

130 1159 129 39 viktiga
283 1158 300 30 militärområden
607 1159 106 29 borde
736 1159 117 29 finnas
878 1168 42 19 en
944 1158 406 33 fortifikationssektion,
1374 1157 125 29 medan
1524 1156 93 29 inom

130 1213 117 39 övriga
270 1212 286 30 miltärområden
580 1213 56 29 det
660 1212 9 28 i
692 1212 135 40 princip
850 1212 75 29 icke
948 1211 125 39 ansågs
1097 1211 214 38 nödvändigt
1333 1212 49 27 att
1405 1210 214 29 sammanslå

130 1266 233 39 befästnings-
392 1266 63 29 och
483 1266 456 39 byggnadsavdelningarna
968 1265 51 29 till
1048 1274 42 20 en
1120 1265 146 33 sektion,
1296 1264 63 29 har
1387 1263 231 38 utredningen

130 1320 9 29 i
166 1320 114 29 stället
304 1319 179 39 föreslagit
507 1329 41 19 en
574 1319 352 39 organisationsform
950 1319 79 29 med
1052 1319 71 28 helt
1151 1317 251 40 självständiga
1426 1317 194 39 byggnads-

131 1373 226 39 avdelningar
396 1373 95 29 inom
531 1372 159 39 samtliga
720 1372 300 30 militärområden
1049 1373 97 27 utom
1174 1371 109 33 VII:e,
1314 1372 132 28 oavsett
1474 1370 146 29 militär-

132 1427 206 29 områdenas
359 1427 174 38 betydelse
555 1435 41 20 ur
617 1425 407 40 beredskapssynpunkt.

187 1489 12 29 I
222 1490 40 28 de
284 1498 46 20 nu
350 1488 238 39 föreliggande
611 1488 217 29 motionerna
852 1488 211 32 hemställes,
1086 1488 48 27 att
1158 1487 186 37 riksdagen
1366 1485 106 29 måtte
1494 1485 124 28 beakta

130 1543 65 28 vad
211 1541 654 40 fastighetsförvaltningsutredningen
882 1540 146 29 sålunda
1043 1539 190 39 föreslagit.
1249 1539 76 29 Med
1340 1538 188 37 anledning
1543 1538 78 29 här-

133 1605 41 20 av
190 1595 56 29 vill
264 1596 171 29 utskottet
451 1595 199 33 framhålla,
669 1596 58 32 alt,
746 1594 114 29 såsom
879 1603 41 20 av
935 1594 56 29 det
1011 1592 207 39 föregående
1236 1591 164 39 framgår,
1418 1591 202 37 utredning-

132 1659 40 19 en
190 1650 8 28 i
216 1650 90 29 vissa
324 1649 193 29 avseenden
531 1648 157 38 frångått
706 1648 290 29 statsmakternas
1014 1646 203 29 förberörda
1233 1645 263 40 principbeslut,
1514 1643 105 29 vilket

131 1704 88 28 mött
247 1702 256 38 invändningar
530 1701 78 29 från
637 1703 48 27 ett
709 1702 115 28 flertal
854 1700 313 32 remissinstanser,
1196 1707 73 21 som
1298 1699 113 28 ansett
1438 1698 97 29 dessa
1566 1706 56 20 av-

131 1756 149 29 vikelser
304 1756 76 29 icke
405 1756 222 28 motiverade.
654 1755 119 29 Denna
799 1754 227 39 uppfattning
1052 1753 94 29 delas
1172 1754 85 28 även
1282 1761 42 20 av
1348 1752 274 38 departements-

133 1809 133 34 chefen,
287 1818 72 20 som
379 1808 203 34 framhållit,
602 1810 49 27 att
670 1808 124 38 Kungl.
812 1808 105 38 Maj:t
936 1807 137 39 nyligen
1094 1805 187 40 uppdragit
1300 1805 34 29 åt
1351 1804 270 29 fortifikations-

134 1863 258 38 förvaltningen
418 1864 48 27 att
492 1862 187 28 verkställa
707 1862 140 28 fortsatt
874 1860 188 37 utredning
1088 1859 147 29 rörande
1262 1859 65 28 den
1355 1858 174 37 regionala
1558 1857 61 28 och

133 1917 115 30 lokala
271 1915 447 38 fastighetsförvaltningen
745 1915 94 28 inom
865 1914 172 28 försvaret
1063 1922 44 19 m.
1134 1921 44 19 m.

189 1970 50 28 Då
261 1969 235 38 föreliggande
519 1968 95 38 fråga
638 1968 100 28 alltså
761 1969 36 28 är
819 1966 144 30 föremål
986 1966 54 29 för
1063 1965 140 29 fortsatt
1225 1964 186 38 utredning
1433 1964 62 28 och
1519 1963 99 37 något

135 2023 128 37 förslag
299 2022 146 29 rörande
480 2022 64 28 den
569 2022 161 28 närmare
755 2019 262 38 utformningen
1042 2028 41 19 av
1107 2019 64 28 den
1196 2027 41 19 av
1262 2017 82 29 1954
1369 2017 54 29 års
1448 2017 141 36 riksdag
1613 2016 6 28 i

134 2076 135 39 princip
288 2076 179 29 beslutade
488 2074 281 38 organisationen
791 2074 53 28 för
865 2074 39 29 de
927 2071 406 39 fastighetsförvaltande
1354 2078 151 29 organen
1527 2069 92 28 inom

134 2130 171 28 försvaret
329 2129 74 28 icke
430 2128 190 38 förelägges
646 2127 90 29 årets
762 2127 151 37 riksdag,
939 2126 129 28 saknar
1094 2125 169 28 utskottet
1289 2133 44 19 nu
1361 2123 187 37 anledning
1574 2123 45 28 all

135 2183 79 37 ingå
250 2183 41 38 på
327 2181 104 38 något
463 2181 217 29 bedömande
705 2190 39 18 av
769 2181 40 28 de
834 2179 228 39 synpunkter,
1088 2187 72 19 som
1187 2176 182 29 framförts
1394 2185 40 20 av
1460 2175 82 28 1954
1567 2175 55 28 års

135 2236 149 28 militära
311 2232 619 40 fastighetsförvaltningsutredning.
954 2231 217 28 Motionerna
1198 2230 94 28 torde
1317 2228 101 30 alltså
1442 2228 73 29 icke
1540 2228 80 28 böra

136 2288 176 29 föranleda
342 2287 111 38 någon
480 2286 205 37 riksdagens
712 2286 131 37 åtgärd.

190 2341 70 28 Mot
298 2341 65 28 den
402 2339 210 29 verkställda
637 2339 238 36 beräkningen
904 2346 40 20 av
971 2335 535 35 fortifikationsförvaltningens
1533 2334 91 27 avlö-

137 2394 224 38 ningsanslag
396 2393 63 28 har
492 2392 170 29 utskottet
687 2391 73 29 icke
786 2390 103 38 något
913 2391 49 27 alt
986 2389 114 29 erinra
1127 2388 123 29 liksom
1276 2387 29 38 ej
1332 2386 106 30 heller
1464 2388 67 27 mot
1558 2386 63 28 vad

136 2446 385 41 departementschefen
542 2445 6 28 i
573 2445 167 28 samband
765 2444 142 29 därmed
930 2442 126 30 anfört.

192 2500 173 30 Utskottet
392 2499 211 33 hemställer,
