1852 2774
409 136 404 38 Bevillningsutskottets
836 135 218 29 betänkande
1076 143 41 20 nr
1139 135 40 28 57
1200 136 39 27 år
1263 135 82 27 1966
1608 135 8 28 1

818 423 50 35 Nr
896 423 50 35 57

357 517 405 38 Bevillningsutskottets
788 515 219 30 betänkande
1034 515 10 29 i
1068 514 189 38 anledning
1281 523 43 20 av
1348 512 125 38 Kungl.
1499 512 125 38 Maj:ls

579 569 216 39 proposition
825 569 79 29 med
931 568 133 39 förslag
1093 567 51 30 till
1171 566 207 40 förordning
1405 575 55 20 om
1490 564 136 29 ändrad

581 623 128 39 lydelse
740 632 42 20 av
815 623 39 28 13
884 622 20 36 $
933 621 251 39 förordningen
1216 620 65 29 den
1315 620 18 29 4
1364 619 143 29 oktober
1542 619 84 28 1929

584 677 60 32 (nr
666 676 81 34 307)
772 674 178 39 angående
973 673 275 36 tullrestitution,
1273 682 44 20 m.
1341 682 44 20 in.

185 785 11 28 I
221 794 43 20 en
287 785 68 29 den
378 784 39 29 21
443 784 145 29 oktober
615 783 82 30 1966
721 782 228 40 dagtecknad,
974 781 52 30 till
1050 780 380 39 bevillningsutskottet
1455 777 172 30 hänvisad

139 837 228 39 proposition,
390 846 41 20 nr
457 836 70 35 134,
550 837 63 29 har
637 836 125 38 Kungl.
785 835 116 39 Maj:t,
924 834 110 29 under
1058 833 218 40 åberopande
1300 842 42 20 av
1364 831 261 40 propositionen

140 890 138 39 bilagda
295 891 12 29 i
324 890 187 30 statsrådet
530 890 65 29 och
614 889 154 39 lagrådet
785 888 101 30 förda
903 888 173 39 protokoll
1097 886 178 39 föreslagit
1293 886 187 38 riksdagen
1499 886 50 28 att
1569 893 59 20 an-

140 945 80 36 taga
241 944 58 29 vid
320 943 263 39 propositionen
603 942 125 39 fogade
750 941 131 39 förslag
903 941 50 29 till

188 998 33 33 1)
243 998 206 38 förordning
465 1006 56 21 om
539 997 133 29 ändrad
691 996 128 39 lydelse
837 1005 41 20 av
897 995 38 29 13
955 995 16 36 8
991 994 249 39 förordningen
1260 994 65 29 den
1344 993 19 29 4
1381 992 144 30 oktober
1546 991 83 30 1929

147 1052 58 32 (nr
222 1051 79 34 307)
323 1050 178 40 angående
517 1049 283 35 tullrestitution;

187 1105 35 33 2)
244 1104 206 39 förordning
466 1113 55 20 om
540 1103 133 30 ändrad
692 1103 129 40 lydelse
839 1112 40 20 av
901 1102 37 29 16
958 1101 15 37 8
994 1100 398 39 tulltaxeförordningen
1409 1099 67 30 den
1498 1098 38 30 13
1556 1098 71 39 maj

145 1158 81 29 1960
250 1158 60 34 (nr
327 1157 101 35 391);

187 1211 35 34 3)
249 1211 206 39 förordning
476 1210 178 39 angående
676 1210 132 29 ändrad
832 1209 128 39 lydelse
983 1218 41 20 av
1047 1208 18 29 2
1090 1208 15 36 $
1130 1207 250 39 förordningen
1404 1206 65 30 den
1495 1205 39 30 13
1557 1204 71 40 maj

146 1265 82 29 1960
252 1265 58 33 (nr
328 1264 80 36 396)
430 1273 57 20 om
506 1264 106 29 frihet
631 1263 79 30 från
728 1262 256 39 införselavgift
1003 1262 11 28 i
1031 1261 94 31 vissa
1144 1261 77 34 fall;

188 1318 36 34 4)
249 1319 55 37 lag
321 1317 181 39 angående
522 1316 134 30 ändrad
678 1316 128 39 lydelse
828 1325 41 20 av
892 1316 12 28 1
932 1315 14 36 3
970 1315 99 38 lagen
1093 1315 66 29 den
1180 1313 39 30 27
1243 1313 88 40 april
1355 1312 82 30 1962
1465 1312 60 34 (nr
1548 1311 80 34 120)

144 1380 56 20 om
219 1371 104 30 straff
342 1371 10 29 i
369 1370 93 30 vissa
480 1370 61 29 fall
561 1369 54 30 för
634 1369 126 38 oriktig
779 1367 415 40 ursprungsdeklaration
1214 1376 45 20 m.
1280 1375 45 20 m.

188 1476 228 30 Beträffande
442 1475 281 41 propositionens
752 1473 256 40 huvudsakliga
1037 1472 154 31 innehåll
1219 1472 57 30 må
1304 1472 64 29 här
1397 1471 142 30 anföras
1568 1470 65 30 föl-

142 1531 108 39 jande

191 1585 12 29 I
223 1584 263 40 propositionen
506 1583 148 30 föreslås
673 1583 93 29 vissa
786 1582 189 39 ändringar
996 1582 9 29 i
1026 1581 265 40 lagstiftningen
1312 1580 44 39 på
1374 1579 227 30 tullområdet
1621 1578 11 29 i

146 1638 204 40 anslutning
367 1638 54 29 till
439 1637 190 39 ändringar
655 1637 4 29 i
679 1635 411 31 EFTA-konventionens
1108 1634 263 30 bestämmelser
1390 1642 57 20 om
1466 1632 167 30 tullresti-

148 1692 124 29 tution.
290 1691 153 31 Sålunda
459 1690 161 31 förordas
636 1692 50 28 att
702 1690 125 39 Kungl.
844 1689 104 39 Maj:t
966 1689 54 29 får
1035 1689 70 28 rätt
1122 1689 49 28 att
1188 1688 82 39 göra
1286 1687 41 29 de
1344 1686 192 30 avvikelser
1553 1686 79 29 från

146 1746 159 39 gällande
324 1746 110 39 regler
455 1754 57 21 om
532 1744 267 30 tullrestitution
821 1743 64 30 och
906 1742 173 30 tullfrihet
1103 1751 73 20 som
1199 1742 41 29 de
1262 1750 69 30 nya
1352 1739 283 30 EFTA-bestäm-

146 1800 172 29 melserna
341 1806 58 32 ger
423 1798 188 39 anledning
634 1797 63 30 till.
721 1796 126 30 Vidare
872 1796 147 30 föreslås
1044 1795 184 30 införande
1254 1804 42 20 av
1321 1793 234 30 straffansvar
1581 1792 54 30 för

146 1853 65 30 den
235 1862 74 21 som
332 1853 136 29 lämnar
492 1851 127 39 oriktig
642 1850 217 30 deklaration
883 1849 148 30 rörande
1056 1848 77 30 sina
1155 1846 480 32 tullrestitutionsförhållan-

147 1907 76 29 den.
242 1906 245 39 Ändringarna
504 1913 99 22 avses
622 1904 100 29 träda
741 1904 10 29 i
769 1903 95 29 kraft
884 1903 65 29 den
969 1902 38 29 31
1030 1901 180 30 december
1233 1901 94 30 1966.

191 2013 50 29 De
261 2011 247 31 ovannämnda
527 2010 407 41 författningsförslagen
958 2009 37 29 är
1017 2018 43 20 av
1082 2008 156 40 följande
1260 2007 140 40 lydelse.

181 2498 16 25 1
235 2495 111 31 Bikhang
364 2494 47 25 till
428 2493 169 31 riksdagens
614 2492 148 32 protokoll
779 2492 76 24 1966.
872 2492 16 24 7
904 2491 84 24 saml.
1004 2491 40 24 Nr
1064 2494 31 22 57
