2206 2626
386 216 115 31 Andra
524 214 215 31 Kammarens
768 211 178 41 Tillfälliga
975 211 136 32 Utskotts
1137 211 72 41 (N:o
1233 211 33 41 4)
1298 209 169 33 Utlåtande
1490 210 62 31 N:o
1575 210 51 31 24.
1724 208 39 30 19

213 296 63 36 det
315 295 114 37 hafva
456 294 100 36 varit
584 295 48 47 på
659 292 125 47 grund
812 291 118 48 häraf,
961 303 81 24 som
1072 290 115 37 väckt
1214 289 145 49 förslag
1387 289 10 36 i
1426 289 105 36 detta
1561 286 181 38 afseende
1768 286 45 38 af

215 350 96 35 1895
344 351 60 32 års
432 345 174 47 Riksdag
635 344 157 48 afslogs:

343 399 71 37 Om
451 398 41 36 af
517 397 112 36 dessa
659 395 250 48 anledningar
938 393 304 51 afgiftslindring
1270 392 232 38 fortfarande
1532 391 124 37 skulle
1685 391 125 36 finnas

212 452 84 36 icke
339 463 89 24 vara
451 448 173 50 lämplig,
649 448 70 36 har
747 459 87 25 man
864 453 55 29 att
946 447 113 46 tillse,
1089 445 186 37 huruvida
1304 444 84 37 icke
1416 457 46 24 en
1492 443 124 48 afgift,
1647 443 159 36 hvilken

213 507 125 33 sågom
366 501 341 49 lastpenningarne
734 503 159 44 utgöres
922 498 40 36 af
987 498 197 48 sjöfarten,
1212 503 93 31 utan
1334 502 55 31 att
1408 496 102 48 tjena
1531 494 190 37 särskilda
1741 507 67 23 an-

213 555 134 37 stalter
388 553 58 36 för
487 552 236 46 densamma,
754 553 61 34 må
844 551 129 35 kunna
1001 552 48 46 på
1077 554 54 31 ett
1160 549 92 36 eller
1280 554 117 30 annat
1425 552 77 32 sätt
1531 547 58 36 till
1616 546 190 48 näringen

213 606 127 38 direkt
381 605 92 36 eller
513 603 169 37 indirekt
723 602 183 37 återföras
935 601 94 37 eller
1056 600 72 37 ock
1156 601 233 48 omregleras
1418 602 53 44 så,
1502 605 56 30 att
1586 598 128 49 fartyg
1742 597 65 37 vid

214 657 220 50 upprepade
462 656 121 37 besök
612 655 130 37 kunde
770 654 147 36 lemnas
944 652 192 37 lättnader
1163 652 81 37 från
1274 652 125 37 denna
1426 650 125 49 afgift,
1578 650 121 49 enligt
1720 662 89 24 ena-

212 709 128 37 handa
367 708 160 50 princip,
558 720 81 24 som
670 706 191 49 tillämpas
890 705 10 36 i
928 704 180 38 afseende
1139 707 20 34 å
1187 703 294 50 lotspenningar
1510 708 100 30 samt
1638 702 80 49 fyr-
1737 701 72 37 och

213 761 244 47 båkafgifter.

342 811 112 38 Hvad
495 811 132 36 vidare
668 809 182 37 beträffar
890 808 47 37 de
978 807 187 37 likaledes
1205 807 84 36 från
1330 807 92 36 flera
1463 805 76 37 håll
1583 805 220 49 föreslagna

213 865 168 37 ändrade
408 863 221 49 grunderna
656 861 58 37 för
743 861 104 36 vissa
875 859 330 49 sjöfartsafgifters
1234 858 256 46 beräknande,
1522 858 76 35 kan
1617 857 190 36 utskottet

214 916 229 48 visserligen
470 915 85 36 icke
583 919 91 30 utan
704 917 173 31 närmare
905 911 209 49 utredning
1137 911 120 36 uttala
1276 913 117 46 något
1413 910 175 36 omdöme
1608 922 60 23 om
1689 907 118 37 ända-

213 967 321 48 målsenvligheten
563 965 93 37 eller
685 964 250 49 möjligheten
964 963 39 36 af
1025 976 48 23 en
1102 963 117 36 sådan
1249 962 146 49 åtgärd,
1426 974 88 23 men
1538 961 125 36 finner
1692 960 115 36 äfven

213 1020 124 36 denna
367 1019 106 47 fråga
501 1017 163 49 förtjena
691 1022 56 30 att
775 1015 249 43 undersökas,
1054 1021 43 42 ty
1125 1015 75 36 läte
1230 1014 73 36 den
1332 1014 71 48 sig,
1432 1019 93 30 utan
1554 1012 163 37 afbräck
1747 1012 61 36 för

213 1074 67 34 vår
307 1084 99 35 egen
434 1069 134 50 sjöfart
597 1069 70 36 och
696 1073 92 31 utan
817 1067 278 49 äfventyrande
1124 1066 41 36 af
1188 1065 121 49 nödig
1336 1065 165 48 tillgång
1529 1067 49 46 på
1608 1064 121 36 medel
1749 1063 59 37 för

214 1121 413 51 sjöfartsanstalternas
655 1119 350 50 upprätthållands,
1034 1118 257 48 genomföras,
1322 1117 122 37 skulle
1465 1130 47 23 en
1534 1116 117 37 sådan
1672 1115 136 50 åtgärd

215 1175 57 36 för
301 1175 104 36 visso
433 1186 129 36 gagna
591 1175 67 33 vår
687 1176 147 44 export.

344 1225 198 38 Utskottet
583 1224 69 35 har
693 1224 75 36 fäst
810 1222 59 37 sin
910 1222 345 49 uppmärksamhet
1296 1221 112 36 äfven
1450 1219 63 37 vid
1556 1218 182 38 behofvet
1773 1218 43 36 af

215 1278 180 47 åtgärder
435 1277 58 35 för
535 1281 56 31 att
632 1275 217 36 underlätta
890 1273 235 37 tillförandet
1162 1272 56 37 till
1260 1271 294 37 rederirörelsen
1601 1271 41 36 af
1665 1269 146 50 nödiga

214 1329 156 49 kapital.
427 1327 185 38 Bildande
653 1327 41 36 af
729 1333 103 29 stora
872 1325 117 48 bolag
1030 1330 42 31 är
1101 1330 54 30 ett
1184 1324 133 47 medel,
1347 1328 75 31 rätt
1450 1322 58 36 till
1538 1322 229 48 inteckniog
1795 1321 13 36 i

215 1381 131 48 fartyg
374 1386 55 30 ett
456 1384 129 31 annat.
630 1379 67 36 Att
725 1378 125 36 denna
879 1376 239 37 sistnämnda
1142 1376 106 49 fråga
1276 1375 126 37 förföll
1434 1376 110 45 1891,
1566 1371 107 39 torde
1693 1374 116 36 hafva

215 1433 128 36 berott
383 1430 324 49 hufvudsakligen
749 1432 48 46 på
838 1428 341 49 myndigheternas
1222 1427 231 46 varsamhet,
1485 1425 47 36 då
1561 1426 46 36 de
1636 1425 171 36 saknade

216 1483 226 48 fullständig
477 1481 208 50 utredning
727 1494 60 24 om
831 1482 193 47 åsigterna
1065 1480 12 35 i
1115 1479 308 49 sjöfartskretsar
1465 1491 61 24 om
1561 1477 105 37 detta
1695 1481 114 32 rätts-

215 1535 174 37 instituts
419 1534 246 48 behöflighet.
721 1532 201 39 Utskottet
950 1536 41 32 är
1018 1532 13 35 i
1060 1532 106 36 detta
1193 1531 179 36 afseende
1400 1530 139 36 liksom
1568 1529 13 36 i
1610 1529 107 48 fråga
1746 1541 61 24 om

216 1587 119 36 andra
377 1586 177 49 åtgärder
595 1585 58 36 för
694 1585 253 47 näringarnas
989 1582 165 48 höjande
1195 1583 42 35 af
1260 1583 74 36 den
1364 1582 110 48 åsigt,
1505 1586 68 42 att,
1604 1581 112 36 äfven
1746 1593 61 23 om

216 1638 225 48 ifrågasatta
483 1637 179 48 åtgärder
698 1636 82 37 icke
810 1635 123 37 skulle
963 1635 169 36 medföra
1160 1634 49 37 all
1236 1634 73 37 den
1335 1639 120 43 nytta,
1486 1645 82 25 som
1598 1632 110 37 deraf
1733 1631 74 37 för-

216 1695 150 41 väntas,
399 1688 297 50 lagstiftningen
729 1687 231 38 åtminstone
993 1687 85 36 icke
1106 1685 56 37 får
1190 1685 241 46 undanhålla,
1460 1690 93 31 utan
1583 1684 69 36 bör
1680 1688 128 45 öppna

216 1740 203 50 möjlighet
446 1742 58 35 för
534 1740 252 48 begagnande
815 1739 41 36 af
880 1738 206 47 desamma,
1117 1736 244 49 naturligtvis
1391 1735 121 37 under
1527 1736 280 47 förutsättning

216 1798 56 31 att
300 1793 84 36 icke
412 1792 210 48 kraftigare
654 1791 164 37 motskäl
847 1790 128 36 kunna
1003 1789 221 47 frambäras,
1255 1788 148 37 hvilket
1430 1787 12 36 i
1471 1787 106 37 detta
1607 1786 63 37 fall
1700 1788 106 34 svår-

216 1844 107 48 ligen
352 1844 75 36 kan
455 1848 115 43 sägas
599 1856 91 23 vara
719 1841 224 38 händelsen.

349 1896 70 45 En,
449 1908 60 23 om
538 1894 116 37 också
683 1894 147 36 mindre
858 1892 228 48 betydande,
1116 1891 146 37 lättnad
1282 1891 58 36 för
1360 1890 357 49 sjöfartsnäringen,
1741 1888 67 37 vill

220 1960 116 35 synas
378 1947 188 35 utskottet
598 1946 40 36 af
662 1946 177 48 billighet
866 1943 188 50 påkallad,
1084 1943 193 48 nemligen
1307 1941 502 50 skeppsmätningskostna-

221 1998 137 37 dernas
388 1998 57 36 för
472 1998 69 35 här
568 1998 12 35 i
608 1997 98 36 riket
726 1995 211 50 nybyggda
953 1996 130 46 fartyg
1098 1994 274 49 öfvertagande
1388 1993 38 37 af
1439 1999 139 31 staten.
1618 1992 190 37 Särskildt

219 2049 219 36 framhåller
466 2049 188 36 utskottet
682 2048 112 36 äfven
824 2046 308 38 önskvärdheten
1162 2046 40 36 af
1226 2044 395 48 förvaltningsbidrag
1641 2044 41 36 af
1695 2049 114 38 stats-

221 2101 122 36 medel
373 2100 56 36 för
457 2100 315 48 sjömanshusens
800 2098 261 37 verksamhet.
1613 2112 4 3 ;

349 2151 112 37 Hvad
501 2150 168 36 handeln
711 2149 189 46 beträffar,
938 2149 68 36 bör
1034 2147 245 49 naturligtvis
1308 2147 145 36 arbetet
1483 2145 326 47 hufvudsakligen

220 2204 121 47 rigtas
383 2205 47 46 på
457 2208 56 30 att
541 2206 100 31 sätta
676 2204 90 33 våra
795 2201 200 35 affärsmän
1024 2199 12 35 i
1065 2199 218 36 omedelbar
1310 2198 230 36 förbindelse
1570 2197 84 36 med
1683 2197 127 36 affärs-

222 2260 86 30 män
338 2257 48 46 på
413 2253 270 49 produktions-
711 2253 72 36 och
813 2251 392 48 afsättningsorterna.
1249 2250 74 36 Det
1352 2250 66 36 bör
1445 2252 51 45 gå
1517 2255 42 29 ut
1579 2252 47 45 på
1642 2254 54 30 att
1713 2248 95 36 söka

221 2306 169 36 undvika
420 2304 295 37 mellanhänder.
771 2303 60 36 En
859 2303 60 36 del
949 2303 40 35 af
1014 2302 46 36 de
1089 2302 187 48 åtgärder,
1307 2301 186 36 utskottet
1522 2300 115 37 redan
1667 2300 141 47 berört,
