2204 2634
380 213 115 33 Andra
520 213 214 32 Kammarens
757 211 177 43 Tillfälliga
964 212 136 33 Utskotts
1125 212 73 41 (N:o
1220 214 34 39 4)
1285 210 171 34 Utlåtande
1479 213 60 32 N:o
1565 213 52 30 21.
1708 211 36 32 21

336 294 17 36 I
378 292 274 49 hufvudsaklig
680 292 225 50 anslutning
932 291 55 37 till
1007 292 100 37 hvad
1129 291 328 37 medkammarens
1472 291 150 37 utskott
1637 290 161 38 sålunda

206 344 122 38 anfört
357 353 98 30 samt

339 398 50 35 då
429 397 45 37 de
514 397 58 36 för
607 399 84 34 vårt
719 396 86 38 land
837 396 79 37 lika
944 395 192 49 naturliga
1165 408 79 24 som
1275 395 149 49 vigtiga
1452 394 244 50 näringarne,
1726 396 73 48 sjö-

213 448 120 38 farten
363 449 71 37 och
463 449 72 36 den
564 448 146 37 utrikes
739 448 179 48 handeln,
946 448 111 37 råkat
1084 448 11 35 i
1124 452 55 32 ett
1207 447 146 37 mindre
1381 452 182 45 gynsamt
1591 447 97 50 läge,

339 502 50 35 då
407 501 63 37 det
490 503 120 34 måste
630 513 89 24 vara
741 505 318 44 statsmagternas
1079 499 98 50 pligt
1197 504 55 32 att
1271 499 115 48 tillse,
1406 499 64 37 det
1489 499 112 37 dessa
1617 500 183 47 näringar

212 557 59 34 må
312 553 152 37 komma
505 552 10 36 i
559 552 221 49 åtnjutande
822 552 41 36 af
901 552 70 36 och
1009 551 10 36 i
1058 553 59 34 sin
1147 554 85 33 mån
1260 551 162 48 bidraga
1450 550 56 37 till
1535 551 65 36 det
1629 551 170 49 mägtiga

212 604 204 52 uppsving,
446 617 79 24 som
555 607 48 46 på
632 603 101 37 olika
762 604 180 36 områden
971 604 103 36 inom
1103 603 131 37 landet
1263 603 104 49 gjort
1396 602 61 49 sig
1483 602 191 50 gällande,

341 658 51 35 då
418 656 132 49 frågan
582 669 59 24 om
672 655 131 38 hvilka
829 655 189 50 åtgärder,
1049 668 81 24 som
1160 654 13 37 i
1206 654 137 37 sådant
1372 654 178 38 afseende
1578 654 222 50 lämpligast

211 710 91 36 böra
331 708 189 49 vidtagas,
550 707 224 37 förutsätter
803 721 46 23 en
881 707 153 49 allsidig
1064 706 221 49 utredning,
1315 706 69 38 och

335 761 50 35 då
414 773 46 23 en
489 759 105 49 dylik
624 759 209 49 utredning
865 759 133 37 endast
1023 759 76 36 kan
1130 759 41 36 af
1189 758 227 50 regeringen
1434 758 293 50 åstadkommas,
1745 760 56 36 får

207 813 187 36 utskottet
422 811 210 48 hemställa,

732 919 55 31 att
815 913 132 38 Andra
976 914 229 37 Kammaren
1235 917 118 34 måtte
1373 914 147 37 biträda
1542 915 257 37 medkamma-

601 979 88 24 rens
717 966 11 36 i
757 966 136 48 frågan
922 965 145 37 fattade
1096 965 137 38 beslut.
1649 974 4 6 |

334 1068 219 39 Stockholm
583 1071 73 35 den
689 1071 44 35 18
758 1068 97 50 april
887 1070 109 36 1898.

755 1173 53 35 På
837 1172 207 37 utskottets
1074 1177 163 44 vägnar:

755 1276 43 36 T.
829 1274 417 38 ZETTERSTRAND.

297 2308 72 32 Bih.
396 2309 48 32 till
467 2308 113 33 Riksd.
607 2308 89 34 Prot.
722 2309 98 32 1898.
869 2311 21 30 8
914 2308 96 32 Saml.
1033 2311 22 30 2
1078 2308 82 40 Afd.
1185 2310 21 32 2
1230 2309 106 33 Band.
1361 2311 40 30 18
1425 2309 94 39 Hift.
1736 2311 18 29 4
