1908 2848
94 1122 157 27 Utskottets

100 1156 144 34 yttrande.

281 175 18 29 2
685 174 389 31 Konstitutionsutskottets
1097 175 160 30 utlåtande
1279 186 39 19 nr
1341 176 51 30 31.

322 258 68 32 Att
423 257 216 44 handlingar,
671 258 160 32 inkomna
864 258 57 32 till
956 258 213 43 myndighet,
1205 258 116 33 vilken
1346 259 61 31 har
1430 260 54 30 att
1506 259 13 31 i
1541 258 152 43 enlighet
1715 258 73 32 med

281 309 254 32 bestämmelser
568 310 12 30 i
612 310 68 41 lag,
716 310 119 31 stiftad
870 310 11 31 i
916 310 63 31 den
1015 310 154 41 ordning,
1205 312 18 38 $
1249 311 37 31 87
1310 310 305 41 regeringsformen
1640 309 151 42 stadgar,

281 360 190 31 verkställa
493 360 253 41 undersökning
760 360 145 31 rörande
922 360 282 42 monopolistiska
1219 360 135 41 företag
1369 360 59 31 och
1445 360 348 40 sammanslutningar

280 409 89 31 inom
403 409 233 41 näringslivet,
672 414 156 27 ävensom
855 410 75 30 från
953 410 105 31 sådan
1082 409 200 42 myndighet
1306 410 176 41 utgångna
1504 409 182 31 skrivelser
1709 409 84 31 eller

281 459 60 31 där
363 459 96 32 förda
481 459 170 43 protokoll
675 460 59 31 och
759 460 246 41 anteckningar
1028 460 28 42 ej
1083 461 54 30 må
1159 459 170 32 utlämnas
1352 460 11 30 i
1388 459 108 32 andra
1518 459 65 32 fall
1606 464 42 26 än
1665 458 126 33 allmän

279 510 59 41 lag
360 510 81 31 eller
463 510 210 42 författning
696 510 149 42 stadgar.
891 511 84 38 Den,
1000 522 68 20 som
1094 511 201 41 obehörigen
1318 510 173 32 utlämnar
1515 510 166 41 handling
1709 510 83 31 eller

280 561 11 30 i
314 560 99 42 tryck
437 561 221 41 offentliggör
680 560 175 42 handling,
879 572 70 20 som
973 561 68 31 han
1065 564 55 29 vet
1143 572 81 20 vara
1247 561 202 40 obehörigen
1472 559 190 39 utlämnad,
1676 561 38 30 så
1731 560 60 32 ock

281 611 71 36 den,
377 622 70 20 som
469 611 118 41 bryter
610 614 88 28 emot
721 611 175 38 förbehåll,
920 612 171 30 varunder
1108 611 218 31 utlämnande
1343 611 99 37 skett,
1459 610 135 32 straffes
1611 610 75 31 med
1698 610 95 31 böter

280 660 77 32 från
390 660 59 32 och
483 661 74 31 med
590 660 120 32 femtio
746 661 59 31 till
840 661 61 31 och
925 661 75 31 med
1024 662 150 30 tiotusen
1197 660 168 32 riksdaler
1387 660 91 39 eller,
1502 660 61 31 där
1586 660 206 41 omständig-

281 710 139 33 heterna
437 716 56 27 äro
517 711 220 43 synnerligen
760 711 228 40 försvårande,
1012 711 74 33 med
1109 711 153 43 fängelse
1279 711 11 32 i
1306 711 102 42 högst
1424 722 59 21 sex
1499 710 166 33 månader.
1695 710 97 32 Inne-

281 762 104 32 fattar
408 762 187 42 gärningen
616 762 128 43 jämväl
768 762 201 43 förbrytelse
992 763 11 31 i
1027 763 131 32 ämbete
1182 762 83 33 eller
1288 762 117 43 tjänst,
1430 763 109 41 gånge
1562 773 70 20 som
1653 762 12 30 i
1680 763 14 29 4
1715 762 76 41 kap.

281 815 17 29 2
333 815 19 38 8
386 813 196 42 strafflagen
616 814 150 41 stadgas.
811 813 17 31 I
862 813 73 39 fall,
964 825 70 20 som
1058 825 46 20 nu
1128 814 106 42 sagda
1259 818 67 32 äro,
1351 813 88 31 skall
1461 813 60 31 ock
1546 813 143 31 skriften
1712 812 79 32 kon-

280 863 151 32 fiskeras.

323 912 68 32 Att
414 913 132 38 sådant,
571 924 69 21 som
663 933 41 4 —
748 933 41 3 —
834 933 38 4 —
897 914 234 32 huvudsaken.

322 963 18 31 I
363 965 122 41 övrigt,
510 964 59 32 och
592 983 41 5 —
677 984 40 3 —
760 984 41 3 —
825 963 137 43 stadgat
986 969 46 27 är.

322 1031 223 33 Beträffande
579 1033 247 41 motiveringen
861 1032 130 33 tillåter
1014 1033 54 41 sig
1092 1033 170 31 utskottet
1285 1031 143 33 hänvisa
1451 1032 56 31 till
1531 1032 260 42 propositionen.

322 1117 66 31 Det
421 1117 12 30 i
467 1116 231 42 föreliggande
720 1117 210 42 proposition
953 1117 192 42 framlagda
1168 1118 161 40 förslaget
1352 1117 62 30 har
1438 1116 178 31 föranletts
1639 1127 44 20 av
1705 1115 87 31 riks-

281 1167 125 41 dagens
437 1167 230 31 innevarande
702 1168 46 37 år,
783 1168 12 30 i
829 1167 163 32 skrivelse
1027 1179 40 20 nr
1089 1169 51 35 47,
1164 1167 118 42 gjorda
1304 1166 206 32 hemställan
1534 1177 52 20 om
1610 1165 184 41 utredning

282 1217 51 32 för
356 1217 168 32 vinnande
547 1228 117 31 genom
687 1217 161 43 lämpligt
877 1220 190 39 statsorgan
1092 1229 42 20 av
1157 1229 40 21 en
1220 1217 215 42 fortlöpande
1457 1217 153 32 kontroll
1633 1221 79 27 över
1728 1227 65 20 mo-

282 1268 223 42 nopolistiska
538 1268 348 42 sammanslutningar
920 1269 20 31 å
967 1268 245 42 näringslivets
1236 1268 146 32 område.
1429 1267 17 31 I
1470 1267 57 32 det
1550 1267 178 32 utlåtande
1751 1278 44 20 av

282 1319 106 31 andra
411 1319 238 41 lagutskottet,
674 1330 69 20 som
765 1320 58 40 låg
845 1319 57 31 till
927 1320 111 41 grund
1061 1320 53 31 för
1137 1319 146 31 nämnda
1306 1318 176 38 skrivelse,
1495 1317 178 32 framhölls
1697 1318 96 30 önsk-

281 1369 187 31 värdheten
503 1380 43 20 av
580 1372 51 28 att
666 1369 187 32 eventuellt
886 1370 200 41 erforderlig
1109 1369 334 41 grundlagsändring
1466 1369 52 31 för
1541 1368 187 31 beredande
1751 1378 42 20 av

282 1419 231 42 betryggande
537 1420 167 30 sekretess
728 1420 50 30 för
801 1420 184 41 uppgifter,
1010 1420 96 30 vilka
1130 1419 12 31 i
1166 1419 60 31 och
1250 1419 53 31 för
1326 1419 62 30 den
1405 1418 181 31 tilltänkta
1601 1418 193 31 kontrollen

283 1470 94 30 bleve
411 1469 204 38 infordrade,
648 1470 104 31 måtte
787 1470 93 31 bliva
907 1470 140 31 föremål
1069 1470 52 31 för
1144 1470 168 42 prövning
1336 1469 104 31 redan
1465 1479 41 20 av
1529 1469 90 31 årets
1644 1468 150 41 riksdag,

281 1521 37 30 så
342 1522 50 29 att
416 1520 73 31 icke
512 1519 57 32 till
592 1519 86 42 följd
702 1532 43 19 av
771 1520 259 32 underlåtenhet
1054 1520 205 31 därutinnan
1282 1519 96 32 tiden
1402 1519 53 32 för
1478 1518 258 42 genomförande
1753 1529 42 20 av

281 1570 195 32 kontrollen
499 1570 114 32 skulle
636 1571 136 31 komma
795 1573 51 28 att
869 1575 81 27 över
973 1571 110 31 hövan
1107 1570 199 42 förskjutas.

323 1620 378 42 Departementschefen
745 1620 62 31 har
850 1620 109 42 enligt
1001 1620 187 31 utskottets
1230 1619 138 41 mening
1410 1619 114 32 anfört
1565 1617 229 43 övertygande

281 1670 76 32 skäl
391 1670 52 32 för
467 1670 62 32 den
553 1671 275 41 uppfattningen,
854 1674 52 28 att
929 1682 41 20 en
994 1670 102 32 sådan
1120 1670 229 42 lagstiftning,
1374 1680 70 21 som
1469 1680 41 21 av
1533 1669 181 40 riksdagen
1739 1678 54 21 av-

280 1723 93 36 setts,
398 1721 71 31 icke
493 1721 59 32 bör
575 1722 98 31 träda
697 1721 12 31 i
731 1721 229 43 tillämpning,
985 1721 115 32 förrän
1117 1721 204 41 erforderlig
1341 1720 335 42 grundlagsändring
1692 1718 103 32 blivit

281 1772 205 41 genomförd.
512 1772 61 31 Om
597 1772 252 42 upplysningar
865 1772 141 32 rörande
1026 1772 172 32 enskildas
1215 1771 353 38 affärsförhållanden,
1586 1781 69 20 som
1671 1769 123 31 ställas

281 1822 58 31 till
363 1823 55 31 det
441 1822 189 32 allmännas
653 1823 209 41 förfogande,
886 1823 129 31 saklöst
1031 1822 112 32 kunde
1159 1823 172 42 prisgivas
1348 1822 35 31 åt
1399 1821 267 41 offentligheten,
1683 1819 111 32 skulle

281 1892 40 3 —
345 1873 198 31 framhåller
566 1873 370 42 departementschefen
958 1893 41 3 —
1022 1873 106 31 därav
1152 1873 115 31 kunna
1290 1872 85 42 följa
1399 1871 219 41 oberäknelig
1640 1870 106 32 skada
1763 1869 28 42 ej

281 1923 88 31 blott
392 1923 54 31 för
470 1924 61 31 den
554 1923 153 32 enskilde
730 1923 282 42 näringsidkaren
1035 1925 86 29 utan
1145 1925 11 28 i
1180 1923 93 31 vissa
1295 1922 65 32 fall
1384 1928 82 25 även
1489 1922 51 31 för
1563 1920 133 32 landets
1720 1919 75 32 eko-

281 1974 152 31 nomiska
467 1974 58 39 liv,
550 1975 12 30 i
585 1974 63 32 den
672 1975 76 31 mån
772 1974 58 32 det
854 1979 37 26 är
914 1974 162 32 beroende
1100 1985 42 20 av
1166 1984 41 21 en
1231 1973 201 41 oförsvagad
1454 1970 308 34 konkurrenskraft
1785 1972 11 28 i

282 2024 213 32 förhållande
518 2025 56 31 till
600 2024 166 32 utlandet.

324 2074 72 31 Mot
431 2075 261 40 genomförande
715 2075 103 31 redan
844 2086 44 20 nu
912 2086 41 20 av
977 2085 39 21 en
1041 2074 340 42 grundlagsändring
1405 2076 90 28 möta
1517 2072 202 41 visserligen
1742 2071 53 31 be-

282 2125 233 40 tänkligheter
538 2136 40 20 ur
601 2124 64 32 den
689 2125 232 42 synpunkten,
945 2128 52 28 att
1020 2125 57 31 det
1100 2125 193 39 föreslagna
1315 2122 399 43 grundlagsstadgandet
1731 2121 65 31 för-

282 2177 149 30 utsätter
454 2186 38 21 en
518 2175 233 42 lagstiftning,
776 2186 68 21 som
868 2180 90 26 ännu
982 2175 28 42 ej
1036 2175 142 31 kommit
1201 2175 56 31 till
1282 2174 108 37 stånd,
1415 2173 60 32 och
1499 2175 53 29 att
1575 2173 57 31 det
1655 2172 57 31 till
1735 2171 60 32 och

283 2226 73 32 med
371 2231 37 28 är
421 2226 118 38 ovisst,
554 2226 170 31 huruvida
736 2237 40 21 en
789 2227 104 31 sådan
907 2225 224 43 lagstiftning
1144 2231 80 26 över
1236 2225 117 31 huvud
1366 2227 94 39 taget
1476 2224 150 32 kommer
1637 2225 53 29 att
1702 2222 95 32 bliva

284 2277 205 41 genomförd.
506 2277 65 31 Det
585 2277 111 32 skulle
709 2277 52 32 för
773 2277 121 42 övrigt,
909 2282 82 27 även
1004 2279 132 29 oavsett
1149 2276 93 31 detta
1251 2275 224 38 förhållande,
1489 2274 110 42 enligt
1612 2274 184 31 utskottets

284 2328 133 41 mening
451 2328 86 31 hava
560 2329 90 30 varit
674 2338 91 21 mera
789 2327 206 39 tilltalande,
1019 2338 53 21 om
1095 2327 243 41 förändringen
1362 2327 132 30 kunnat
1517 2325 205 42 uppskjutas
1745 2323 52 31 för

285 2381 51 28 att
358 2380 98 39 tagas
480 2378 107 31 under
611 2378 224 42 omprövning
857 2378 13 30 i
894 2378 162 31 samband
1079 2377 74 32 med
1177 2377 63 30 den
1264 2387 43 21 av
1331 2376 144 31 behovet
1498 2374 219 43 synnerligen
1740 2374 55 42 på-

284 2428 136 31 kallade
444 2428 170 31 allmänna
637 2429 146 30 revision
805 2439 43 20 av
864 2427 485 42 tryckfrihetsförordningens
1366 2423 429 37 sekretessbestämmelser,

283 2489 70 20 som
388 2479 117 30 chefen
528 2478 53 31 för
600 2477 413 43 justitiedepartementet
1036 2477 74 31 med
1134 2476 185 41 anledning
1343 2487 41 20 av
1407 2475 202 42 riksdagens
1633 2473 164 32 skrivelse
