1910 2862
447 158 399 37 Jordbruksutskottets
873 154 187 34 utlåtande
1087 153 53 33 Nr
1165 154 31 31 2.
1518 148 40 30 59

96 251 268 40 ifrågavarande
380 278 4 5 .
397 249 220 34 verksamhet
651 247 55 32 till
739 254 92 29 gagn
858 245 87 31 utan
971 242 133 38 jämväl
1133 240 207 38 möjliggöra
1362 248 43 22 en
1427 237 76 32 icke
1526 237 77 30 ovä-

96 307 125 36 sentlig
254 304 232 37 begränsning
514 312 46 21 av
583 299 231 33 kostnaderna
837 297 52 31 för
912 296 206 32 densamma.
1164 293 122 31 Denna
1308 292 100 36 fråga
1430 299 101 28 synes
1553 289 52 30 ut-

97 360 126 32 skottet
255 357 221 38 följaktligen
509 355 84 31 böra
626 353 49 32 bli
709 350 146 33 föremål
889 350 53 30 för
976 345 240 39 övervägande
1249 344 60 32 vid
1337 343 64 32 den
1424 341 180 33 tilltänkta

98 411 229 37 utredningen
362 409 124 32 liksom
519 407 63 32 ock
609 404 203 39 spörsmålet
834 401 146 33 rörande
1003 402 49 30 ett
1074 400 140 31 fortsatt
1236 394 301 40 upprätthållande
1560 403 44 22 av

98 464 262 37 försöksgården
384 462 58 32 vid
466 460 160 33 Gisselås.
653 477 37 4 —
715 456 175 33 Utskottet
913 455 64 31 har
999 452 185 36 härvidlag
1211 469 37 4 —
1275 468 39 4 —
1340 467 39 5 —
1404 458 45 22 av
1465 446 139 37 104,000

100 520 155 30 kronor.»

144 634 32 37 2)
199 642 44 21 av
265 631 81 32 herr
370 628 165 33 Hedlund
558 627 13 30 i
595 626 116 31 Häste.

150 738 116 32 Under
290 735 113 38 punkt
427 735 38 30 41
491 729 438 42 (jordbrukarungdomens
951 726 163 39 förbund)

145 827 44 22 av
211 817 120 31 herrar
355 812 216 35 Sederholm,
594 810 33 31 J.
651 809 39 32 B.
714 808 213 35 Johansson,
953 805 193 38 Tjällgren,
1171 802 235 36 Gabrielsson,
1433 796 176 47 Hedlund,

104 871 201 31 Andersson
327 867 13 31 i
364 865 140 33 Grimbo
532 863 63 33 och
627 861 168 36 Weibull,
823 869 72 22 som
922 860 122 34 ansett,
1067 859 51 30 att
1141 857 165 32 utskottet
1334 855 76 31 bort
1433 848 177 48 tillstyrka

102 923 102 32 bifall
227 922 55 31 till
307 920 40 32 de
376 920 6 31 i
405 919 117 31 ämnet
545 916 125 32 väckta
693 914 217 32 motionerna
932 912 28 31 TI:
975 912 39 31 56
1039 911 62 32 och
1124 910 46 31 II:
1184 910 74 31 209.

152 1037 117 32 Under
292 1034 114 38 punkt
430 1034 39 30 43
494 1029 195 40 (byggande
712 1038 45 22 av
781 1026 300 39 nybyggesvägar)

148 1127 44 21 av
216 1116 79 31 herr
320 1112 235 34 Gabrielsson,
580 1119 73 21 som
677 1108 117 32 anfört
816 1105 166 38 följande:

149 1187 56 31 Av
238 1184 256 37 handlingarna
517 1182 13 30 i
553 1179 139 32 ärendet
719 1178 166 36 framgår,
909 1177 51 30 att
983 1174 282 38 länsstyrelserna
1288 1173 13 31 i
1324 1172 40 32 de
1387 1170 227 33 norrländska

104 1241 102 31 länen
237 1237 167 33 beräknat
426 1232 287 38 anslagsbehovet
737 1231 54 31 för
814 1229 202 37 budgetåret
1039 1225 186 43 1929/1930
1250 1225 55 32 till
1333 1225 117 36 95,000
1477 1219 137 46 kronor,

106 1295 52 30 för
184 1290 184 42 1930/1931
392 1288 56 32 till
472 1286 118 37 60,000
615 1286 88 31 samt
726 1284 55 31 för
804 1280 186 44 19381/1932
1014 1280 57 32 till
1095 1280 128 36 85,000.

149 1346 53 31 Då
225 1344 109 36 enligt
357 1341 68 32 vad
448 1340 167 32 utskottet
637 1348 48 21 nu
707 1335 152 33 förordat
875 1337 89 29 även
979 1334 54 31 för
1049 1334 99 31 nästa
1164 1333 40 30 år
1220 1333 47 31 ett
1283 1331 55 32 till
1355 1330 117 37 50,000
1488 1329 127 31 kronor

107 1397 182 39 begränsat
323 1395 121 36 anslag
471 1392 114 32 skulle
613 1401 45 21 av
681 1389 185 37 riksdagen
889 1387 150 36 anvisas,
1063 1386 143 37 uppstår
1229 1383 145 33 sålunda
1397 1393 43 21 en
1462 1382 89 32 brist
1573 1382 43 36 på

109 1451 116 37 90,000
252 1450 136 30 kronor.
434 1446 54 31 Då
510 1445 59 37 jag
594 1453 100 22 anser
717 1442 92 32 detta
831 1441 120 36 anslag
975 1449 86 22 vara
1084 1449 45 21 av
1152 1438 124 31 största
1298 1435 171 39 betydelse
1492 1434 54 32 för
1568 1435 49 30 ett

107 1502 177 34 rationellt
315 1496 296 40 tillgodogörande
645 1506 44 20 av
722 1494 41 31 de
790 1493 121 32 odlade
933 1493 61 30 och
1019 1491 223 37 odlingsbara
1264 1489 148 36 marker,
1435 1498 74 21 som
1532 1487 86 31 riks-

108 1557 109 36 dagen
240 1553 86 32 både
348 1552 147 36 tidigare
518 1549 64 32 och
605 1546 213 34 fortfarande
833 1545 142 32 anvisar
991 1543 192 38 betydande
1198 1542 122 37 anslag
1335 1541 66 36 till,
1417 1539 201 33 hemställer

109 1611 69 35 jag,
201 1609 52 30 att
275 1605 156 36 anslaget
453 1603 94 36 höjes
571 1601 56 31 till
651 1609 133 22 samma
807 1598 130 37 belopp,
961 1607 73 22 som
1058 1597 12 31 i
1093 1596 215 31 motionerna
1325 1593 193 37 föreslagits
1534 1591 83 32 eller

109 1661 56 32 till
190 1659 117 37 75,000
330 1658 135 31 kronor.
