2242 2650
714 212 222 43 Lagutskottets
962 211 163 32 Utlåtande
1147 208 63 34 N:o
1233 211 52 32 30.
1772 213 38 29 13

302 295 289 36 Motionärernes
617 292 141 50 förslag
784 298 124 44 syntes
935 292 182 36 utskottet
1141 304 91 24 vara
1257 291 62 36 väl
1346 290 138 49 egnadt
1510 295 54 31 att
1580 289 231 37 förekomma

204 348 90 36 eller
332 346 221 37 åtminstone
591 346 13 36 i
643 345 182 45 väsentlig
856 344 92 48 grad
974 343 146 36 minska
1145 341 107 37 faran
1278 340 60 38 för
1365 341 128 50 dylika
1519 340 183 38 förluster.
1755 340 58 36 Då

202 398 63 37 det
304 410 89 25 vore
430 397 230 49 jordegaren,
701 408 80 24 som
813 395 144 46 antagit
983 393 217 38 arrendator
1228 393 69 36 och
1324 393 74 36 han
1425 392 130 37 dervid
1581 391 81 37 haft
1688 392 124 36 anled-

203 450 92 48 ning
322 454 55 31 att
402 454 87 42 taga
515 447 210 37 kännedom
753 460 61 22 om
842 446 137 36 dennes
1008 445 240 37 ekonomiska
1274 444 187 46 ställning,
1489 448 125 45 syntes
1641 443 63 36 det
1730 443 82 36 icke

205 501 156 47 obilligt,
402 505 54 30 att
485 498 223 48 jordegaren
743 498 101 47 finge
871 509 157 25 ansvara
1054 495 59 37 för
1140 495 45 37 de
1211 494 185 46 förluster,
1423 507 80 24 som
1529 507 134 34 genom
1690 507 123 23 arren-

204 552 151 35 datorns
392 550 178 37 obestånd
597 550 103 47 eljest
726 549 121 35 skulle
875 548 142 36 drabba
1043 547 238 44 kommunen,
1308 546 96 36 helst
1431 546 45 36 de
1501 545 204 49 utskylder,
1733 558 79 23 som

203 601 172 48 påfördes
401 600 59 38 för
487 614 45 23 en
558 599 185 47 fastighet,
770 599 127 36 kunde
922 599 13 35 i
962 599 73 36 viss
1062 597 87 37 mån
1176 610 106 24 anses
1302 596 122 51 åligga
1443 596 130 49 sjelfva
1590 595 223 49 fastigheten

204 659 91 30 utan
336 651 171 38 afseende
540 651 20 37 å
585 649 286 38 innehafvarens
899 662 144 36 person.
1095 648 71 37 Det
1192 648 96 36 hade
1314 648 215 46 visserligen
1555 652 80 31 mot
1662 647 70 36 den
1761 660 52 22 nu

203 704 211 49 föreslagna
452 703 280 37 bestämmelsen
760 702 165 44 erinrats,
954 705 54 31 att
1030 699 223 49 jordegaren
1280 712 134 33 genom
1442 698 260 37 arrendatorns
1730 698 84 36 obe-

205 755 109 36 stånd
354 754 85 49 sjelf
474 754 81 37 lede
595 767 45 23 en
678 752 145 45 förlust,
864 764 80 24 som
980 752 120 35 skulle
1136 763 135 35 genom
1298 750 283 46 ansvarigheten
1607 748 59 37 för
1693 762 121 23 arren-

205 807 153 35 datorns
385 805 193 49 utskylder
603 804 216 49 ytterligare
846 803 98 45 ökas,
971 815 85 23 men
1085 802 120 36 denna
1223 802 248 46 anmärkning
1488 800 188 37 förlorade
1694 801 12 35 i
1724 800 89 48 vigt,

206 857 46 36 då
290 870 87 23 man
417 856 208 45 besinnade,
667 860 54 31 att
747 854 223 49 jordegaren
997 853 64 36 vid
1088 851 304 38 arrendeaftalets
1419 851 242 49 uppgörande
1688 850 127 37 kunde

205 908 150 46 betinga
381 908 55 46 sig
462 908 130 43 vilkor,
621 919 78 23 som
719 904 193 50 skyddade
930 905 141 35 honom
1088 903 58 37 för
1165 904 190 47 personlig
1374 903 144 45 förlust,
1538 902 70 36 och
1626 902 188 36 dessutom

206 960 116 46 enligt
352 962 42 33 17
424 959 81 46 kap.
535 961 18 34 6
583 955 18 48 $
628 956 292 37 handelsbalken
947 955 96 36 hade
1070 953 239 38 förmånsrätt
1334 954 59 36 för
1419 953 178 37 arrendet.

308 1009 52 36 På
387 1008 156 37 sålunda
569 1007 156 37 anförda
751 1008 80 35 skäl
857 1007 203 48 tillstyrkte
1077 1006 181 35 utskottet
1275 1006 13 35 i
1307 1005 200 46 anledning
1525 1003 41 38 af
1581 1004 235 36 motionerna

206 1060 183 37 aflåtande
428 1059 41 37 af
501 1073 44 23 en
572 1058 191 37 skrifvelse
793 1058 59 36 till
880 1057 132 48 Kongl.
1039 1056 102 49 Maj:t
1167 1056 85 37 med
1280 1055 173 37 anhållan
1481 1069 61 23 om
1569 1054 246 37 utarbetande

207 1112 68 36 och
303 1111 281 49 framläggande
611 1109 39 37 af
674 1115 52 31 ett
752 1108 139 46 förslag
918 1109 12 35 i
956 1108 251 36 motionernas
1235 1106 104 51 syfte.

307 1162 131 37 Denna
477 1163 196 35 utskottets
712 1160 221 36 hemställan
965 1158 80 37 blef
1067 1158 41 37 af
1130 1158 131 36 Andra
1288 1158 224 36 Kammaren
1539 1156 163 46 bifallen,
1729 1169 86 24 men

206 1213 139 47 afslogs
372 1212 40 37 af
436 1213 129 36 Första
590 1212 234 36 Kammaren.

308 1415 127 37 Under
474 1413 234 49 åberopande
748 1412 40 37 af
824 1413 198 36 utskottets
1056 1411 111 37 ofvan
1194 1411 158 37 berörda
1377 1411 221 36 hemställan
1625 1410 63 37 vid
1720 1413 94 34 1888

209 1467 57 36 års
293 1466 151 48 riksdag
472 1466 69 36 och
568 1465 45 36 de
639 1465 89 43 skäl,
756 1463 116 38 hvarå
899 1477 141 22 samma
1066 1463 219 36 hemställan
1313 1462 191 48 grundats,
1532 1462 68 35 har
1625 1475 52 22 nu
1704 1475 46 22 en
1778 1460 41 37 af

207 1518 46 36 de
280 1517 96 37 båda
402 1517 271 36 motionärerne
700 1515 64 36 vid
791 1514 164 36 nämnda
981 1513 160 47 riksdag,
1169 1514 85 35 herr
1282 1512 36 38 S.
1350 1514 50 35 M.
1435 1511 127 38 Olsson
1589 1513 12 35 i
1628 1511 146 46 Sörnäs,
1804 1512 12 35 i

209 1583 44 22 en
294 1570 102 35 inom
435 1568 129 35 Andra
602 1566 225 36 Kammaren
855 1566 109 36 väckt
991 1565 70 36 och
1088 1566 57 34 till
1171 1565 181 36 utskottet
1379 1563 253 37 öfverlemnad
1660 1564 157 44 motion,

208 1633 59 22 n:o
297 1622 56 41 89,
381 1618 251 47 återupptagit
658 1616 130 49 frågan
817 1617 69 35 och
913 1617 12 35 i
952 1616 133 36 sådant
1111 1615 206 36 hänseende
1343 1614 192 49 föreslagit
1561 1628 45 23 en
1625 1613 192 37 skrifvelse

208 1671 59 35 till
305 1670 135 48 Kongl.
479 1669 101 47 Maj:t
619 1667 41 36 af
688 1667 195 36 enahanda
909 1667 142 49 lydelse
1078 1680 79 22 som
1185 1666 70 36 den
1284 1665 41 36 af
1347 1666 181 35 utskottet
1554 1666 12 35 i
1594 1664 80 37 dess
1703 1663 113 38 ofvan

208 1721 158 36 berörda
393 1720 218 36 hemställan
637 1718 220 45 föreslagna.

311 1771 55 36 De
407 1772 87 43 skäl,
531 1783 75 22 som
637 1768 41 36 af
702 1769 181 34 utskottet
909 1767 63 37 vid
1005 1769 92 35 1888
1127 1766 57 36 års
1211 1766 151 46 riksdag
1389 1765 171 37 anfördes
1587 1766 57 35 till
1670 1764 147 37 förmån

209 1821 59 36 för
296 1821 71 36 den
395 1820 144 45 reform,
566 1820 231 35 motionären
824 1831 52 23 nu
903 1818 20 35 å
948 1831 75 35 nyo
1051 1817 166 49 påyrkat,
1246 1829 108 36 synas
1381 1817 180 35 utskottet
1587 1815 231 37 fortfarande

211 1885 66 35 ega
304 1872 179 48 giltighet,
512 1871 67 36 och
605 1870 56 36 får
688 1870 182 36 utskottet
895 1868 235 49 följaktligen
1157 1868 202 44 hemställa,

712 1976 55 31 att
792 1970 212 46 Riksdagen
1032 1969 113 36 måtte
1171 1970 12 35 i
1210 1967 193 37 skrifvelse
1427 1967 157 45 anhålla,
1603 1967 62 36 det
1683 1967 134 48 Kongl.

611 2022 101 48 Maj:t
750 2022 88 36 ville
878 2021 76 35 låta
990 2021 170 35 utarbeta
1195 2020 67 35 och
1290 2018 57 36 för
1374 2018 211 46 Riksdagen
1612 2017 207 48 framlägga

610 2072 138 45 förslag
775 2072 58 34 till
861 2071 114 35 sådan
1003 2070 159 47 ändring
1190 2071 10 34 i
1219 2069 269 48 förordningen
1507 2082 60 22 om
1587 2069 233 35 kommunal-

610 2122 153 48 styrelse
805 2121 45 47 på
889 2120 127 36 landet
1056 2120 70 35 den
1156 2121 42 34 21
1238 2132 97 22 mars
1366 2122 104 39 1862,
1498 2124 63 38 att,
1589 2118 64 36 der
1680 2118 138 36 landbo

614 2173 88 35 eller
742 2170 218 37 arrendator
1000 2169 41 37 af
1074 2169 85 49 jord
1201 2170 88 35 eller
1328 2170 163 43 boställe,
1522 2169 147 35 hvilken
1705 2169 116 45 enligt

615 2236 110 21 mom.
771 2226 14 31 1
830 2221 40 36 af
907 2219 18 48 $
969 2224 42 33 57
1053 2221 12 35 i
1104 2219 162 36 nämnda
1302 2218 220 49 förordning
1550 2220 93 34 skall
1671 2219 150 45 erlägga

616 2271 414 50 kommunalutskylder
1056 2270 57 37 för
1140 2270 71 36 den
1240 2270 40 36 af
1295 2270 138 36 honom
1453 2269 166 37 brukade
1636 2268 184 47 fastighet,
