1932 2794
574 173 289 33 Statsutskottets
886 176 185 31 memorial
1093 175 52 32 Nr
1169 178 49 29 41.
1582 177 18 31 3

824 559 58 40 Nr
909 559 64 41 41.

663 668 114 24 Ankom
796 669 44 23 till
859 669 164 31 riksdagens
1042 670 91 24 kansli
1155 670 54 23 den
1229 672 15 22 2
1263 678 75 16 mars
1358 671 65 23 1926
1443 671 36 23 kl.
1501 672 15 22 4
1535 678 21 16 e.
1577 678 36 16 m.

253 760 186 32 Memorial
473 762 13 30 i
519 761 191 36 anledning
747 771 45 21 av
830 761 208 32 kamrarnas
1074 762 210 37 skiljaktiga
1323 763 113 31 beslut
1469 763 180 36 angående

455 812 124 36 anslag
614 813 55 30 till
702 812 222 32 bestridande
947 823 45 21 av
1015 813 236 32 kostnaderna
1274 815 56 35 för
1353 815 155 30 centrala
1530 815 118 36 skilje-

454 865 176 30 nämnden
653 864 57 36 för
732 865 95 31 vissa
851 864 250 32 arbetstvister.

1427 915 63 36 (3:e
1513 915 93 36 avd.)

189 1028 18 31 I
242 1028 66 31 den
342 1029 59 30 till
436 1028 188 36 riksdagen
658 1028 67 32 den
749 1029 19 31 7
791 1029 143 36 januari
970 1030 81 30 1926
1084 1030 146 31 avlåtna
1254 1031 259 36 propositionen
1537 1029 55 35 (nr
1618 1028 31 36 1)

147 1080 179 36 angående
357 1080 228 31 statsverkets
609 1080 164 31 tillstånd
797 1081 64 30 och
884 1081 111 31 behov
1019 1081 54 31 för
1096 1082 207 36 budgetåret
1326 1083 211 31 1926—1927
1562 1082 87 31 hade

148 1132 137 36 Kungl.
313 1131 103 37 Maj:t
439 1131 111 32 under
573 1132 106 31 femte
703 1132 229 31 huvudtiteln
956 1130 127 39 (punkt
1107 1131 53 35 14)
1185 1134 181 36 föreslagit
1389 1135 185 35 riksdagen
1598 1135 53 29 att

148 1184 58 31 till
244 1183 224 31 bestridande
510 1193 45 20 av
598 1183 238 31 kostnaderna
873 1184 54 30 för
963 1185 156 30 centrala
1152 1185 282 36 skiljenämnden
1467 1186 54 30 för
1553 1186 96 30 vissa

148 1235 245 31 arbetstvister
417 1234 54 32 för
494 1234 208 36 budgetåret
726 1235 214 31 1926—1927
965 1236 125 30 anvisa
1114 1238 50 29 ett
1190 1239 100 29 extra
1312 1237 275 36 förslagsanslag
1603 1247 45 20 av

149 1287 117 36 18,700
295 1286 140 31 kronor.

191 1338 132 32 Vidare
347 1338 88 31 hade
452 1338 12 31 i
480 1347 43 22 en
547 1338 95 31 inom
666 1338 110 32 andra
798 1339 205 31 kammaren
1019 1349 44 21 av
1080 1339 80 31 herr
1175 1340 42 31 AA.
1236 1340 183 37 Lindqvist
1441 1341 6 30 i
1464 1340 185 31 Halmstad

149 1390 106 32 väckt
289 1390 145 36 motion,
470 1400 43 21 nr
547 1391 51 35 19,
633 1390 212 37 hemställts,
873 1392 53 30 att
949 1391 186 37 riksdagen
1159 1392 87 31 ville
1270 1392 72 31 dels
1365 1393 125 30 bifalla
1513 1392 137 36 Kungl.

149 1442 119 37 Maj:ts
293 1442 231 32 förevarande
548 1442 131 37 förslag
703 1442 77 31 med
804 1442 67 31 den
893 1442 208 37 förändring
1118 1445 51 29 att
1185 1444 58 31 till
1261 1444 220 31 bestridande
1497 1454 45 21 av
1560 1445 90 30 kost-

149 1494 158 31 naderna
338 1494 55 31 för
416 1494 158 31 centrala
597 1494 284 36 skiljenämnden
905 1495 55 30 för
983 1495 95 31 vissa
1101 1496 244 31 arbetstvister
1368 1496 53 31 för
1443 1496 208 36 budgetåret

150 1546 214 31 1926—1927
388 1545 143 31 anvisas
554 1546 49 30 ett
627 1547 100 29 extra
750 1546 276 36 förslagsanslag
1042 1556 44 20 av
1104 1547 116 35 13,700
1236 1547 138 36 kronor,
1391 1548 71 30 dels
1480 1548 62 30 ock
1558 1548 93 30 hem-

150 1597 107 31 ställa
280 1597 57 31 till
362 1596 136 42 Kungl.
522 1596 103 37 Maj:t
648 1607 56 21 om
728 1597 245 31 fastställande
993 1608 44 20 av
1054 1607 48 27 ny
1118 1598 202 37 avlönings-
1336 1599 63 31 och
1414 1598 237 31 omkostnads-

150 1650 71 30 stat
244 1649 54 30 för
322 1647 188 32 nämnden.

194 1700 270 32 Statsutskottet
496 1700 87 31 hade
607 1700 13 31 i
643 1700 182 31 utlåtande
862 1710 43 21 nr
930 1701 29 35 5,
983 1701 113 35 punkt
1120 1702 30 35 5,
1174 1701 192 36 hemställt,
1389 1703 51 29 att
1464 1701 187 37 riksdagen

151 1754 120 34 måtte,
295 1753 12 30 i
331 1751 194 36 anledning
559 1761 44 21 av
642 1751 135 37 Kungl.
812 1752 121 36 Maj:ts
967 1752 131 37 förslag
1133 1753 63 31 och
1231 1753 80 31 herr
1345 1753 42 31 A.
1410 1753 241 36 Lindqvists
1633 1747 21 47 i

150 1804 188 31 Halmstad
363 1803 237 32 ovanberörda
624 1804 144 35 motion,
793 1804 58 31 till
877 1804 218 31 bestridande
1116 1814 44 21 av
1178 1805 233 31 kostnaderna
1428 1805 53 30 för
1496 1805 156 31 centrala

151 1855 285 37 skiljenämnden
459 1856 56 30 för
537 1856 97 30 vissa
656 1855 246 32 arbetstvister
925 1856 54 30 för
1002 1856 207 36 budgetåret
1233 1857 211 31 1926—1927
1461 1857 125 30 anvisa
1603 1858 49 29 ett

151 1909 101 30 extra
275 1907 279 37 förslagsanslag
577 1917 45 21 av
647 1908 117 35 16,000
788 1907 138 32 kronor.

194 2012 127 36 Enligt
348 2011 172 31 utskottet
543 2010 319 32 tillhandakomma
885 2011 322 37 protokollsutdrag
1230 2012 64 31 har
1317 2013 108 30 första
1448 2012 204 31 kammaren

151 2064 154 35 avslagit
326 2063 201 32 .utskottets
560 2062 222 36 hemställan,
815 2064 39 29 så
877 2063 70 31 vitt
971 2063 65 31 den
1059 2063 112 32 skilde
1194 2064 54 35 sig
1271 2064 81 30 från
1375 2064 134 36 Kungl.
1532 2064 121 36 Maj:ts

151 2116 13 30 i
187 2116 119 30 ämnet
328 2114 124 37 gjorda
475 2114 279 36 framställning,
778 2114 62 31 och
864 2115 135 30 bifallit
1019 2115 113 31 denna
1149 2116 266 36 framställning
1431 2115 221 35 oförändrad,

150 2168 158 30 varemot
332 2166 112 31 andra
467 2166 205 31 kammaren
695 2166 135 31 bifallit
853 2166 69 31 vad
945 2167 171 31 utskottet
1139 2167 191 31 hemställt.

194 2268 67 31 För
284 2268 115 32 denna
422 2268 119 36 frågas
565 2269 201 35 avgörande
789 2269 146 31 medelst
958 2278 198 27 gemensam
1178 2271 219 36 omröstning
1413 2270 54 31 får
1484 2271 169 30 utskottet

151 2320 130 31 föreslå
305 2320 156 37 följande
486 2320 415 36 voteringsproposition:

197 2423 106 37 »Den,
327 2434 74 21 som
424 2424 14 31 i
461 2423 113 31 likhet
597 2423 78 31 med
698 2424 112 31 första
837 2424 204 31 kammaren
1065 2424 78 36 vill,
1167 2426 52 30 att
1242 2425 185 37 riksdagen
1451 2426 57 30 till
1532 2426 122 31 bestri-

150 2475 113 32 dande
300 2486 46 21 av
379 2476 236 31 kostnaderna
648 2476 57 35 för
732 2476 157 31 centrala
911 2476 282 37 skiljenämnden
1216 2477 57 35 för
1296 2478 94 30 vissa
1413 2477 241 32 arbetstvister
