2192 2679
746 212 231 37 Lagutskottets
1003 210 164 31 Utlåtande
1189 211 59 30 N:o
1270 211 52 30 12.
1824 210 18 30 5)

228 290 53 36 les
311 289 175 37 afskaffas
516 292 95 33 samt
640 291 51 34 att
726 291 98 34 1905
856 291 57 34 års
942 288 153 48 lagtima
1124 287 188 49 Riksdags
1341 288 123 36 beslut
1490 288 12 36 i
1532 292 126 33 ämnet
1685 288 83 37 icke
1798 294 41 31 är

230 344 185 48 tillfyllest
442 344 57 36 för
527 343 188 37 vinnande
746 344 39 35 af
810 344 162 35 nämnda
1001 342 106 48 syfte.
1165 342 236 37 Motionären
1429 344 68 35 har
1525 343 110 37 äfven
1665 344 84 36 sökt
1778 356 59 23 an-

229 397 112 48 gifva,
385 399 98 34 huru
525 397 282 48 ifrågavarande
850 397 299 47 kungörelsesätt
1178 397 126 36 kunde
1328 397 134 36 tänkas
1492 398 204 47 lämpligen
1725 400 116 33 ersatt

229 453 85 35 med
343 455 124 32 annat.

336 506 192 36 Utskottet
558 506 102 35 delar
689 505 248 36 motionärens
968 504 107 44 åsikt,
1109 507 53 33 att
1190 505 249 47 uppläsandet
1467 505 12 36 i
1499 505 189 48 kyrkorna
1723 505 40 36 af
1793 518 47 23 en

231 561 137 46 mängd
397 560 204 36 olikartade
631 560 243 47 kungörelser
903 564 40 30 är
972 559 216 47 otidsenligt
1216 559 69 36 och
1315 559 202 48 olämpligt,
1549 560 68 35 och
1652 560 63 35 det
1733 560 106 35 torde

230 614 82 36 icke
342 615 88 35 böra
459 617 97 33 möta
586 613 300 48 betänkligheter
915 616 54 32 att
998 613 152 35 alldeles
1180 612 156 36 afskaffa
1365 613 249 48 uppläsandet
1643 613 40 36 af
1701 614 137 36 världs-

229 668 75 47 liga
346 669 255 46 kungörelser,
646 671 40 33 så
729 668 96 43 vida,
872 667 176 35 särskildt
1080 667 56 35 för
1184 667 45 35 de
1276 667 77 44 fall,
1388 667 13 35 i
1434 667 129 36 hvilka
1600 668 62 35 det
1704 667 134 36 hittills

228 722 223 36 föreskrifna
494 722 248 47 uppläsandet
782 721 79 36 haft
906 721 192 48 betydelse
1142 723 118 33 såsom
1299 721 286 47 utgångspunkt
1618 721 57 36 för
1708 721 129 36 beräk-

227 777 124 34 nande
395 777 39 34 af
473 776 218 45 besvärstid,
737 779 52 32 ett
832 778 113 33 annat
972 774 171 47 lämpligt
1181 777 73 33 sätt
1281 774 56 36 för
1365 775 364 47 tillkännagifvande
1759 775 76 36 kan

229 830 173 35 utfinnas.
461 831 132 34 Denna
636 830 123 46 frågas
802 829 344 35 tillfredsställande
1185 828 148 47 lösning
1377 834 39 30 är
1445 829 96 36 dock
1568 829 155 36 förenad
1753 830 83 35 med

227 884 84 35 icke
354 883 213 49 obetydliga
602 883 230 47 svårigheter
861 883 68 35 och
957 882 144 36 fordrar
1129 894 46 23 en
1205 882 143 47 ganska
1377 883 228 35 omfattande
1634 883 202 47 utredning

227 938 157 35 rörande
413 938 72 35 alla
516 938 44 34 de
590 937 100 36 olika
719 937 80 46 slag
828 936 40 36 af
893 936 281 43 meddelanden,
1207 948 76 23 som
1312 936 88 36 böra
1429 936 151 48 bringas
1605 937 57 35 till
1684 937 152 35 allmän-

227 992 131 34 hetens
386 992 225 42 kännedom,
643 991 68 35 och
742 990 210 35 ändamålet
981 990 161 34 därmed.

333 1045 220 36 Emellertid
595 1045 117 35 håller
753 1044 182 36 utskottet
981 1043 87 44 före,
1114 1046 54 33 att
1209 1044 140 46 Kungl.
1394 1043 108 49 Maj:t
1543 1044 13 36 i
1598 1043 237 48 Riksdagens

226 1100 276 35 ofvannämnda
545 1099 195 35 skrifvelse
782 1099 68 34 har
896 1097 201 47 tillräcklig
1145 1097 202 47 anledning
1398 1100 54 33 att
1501 1101 166 44 upptaga
1710 1099 72 34 den
1823 1098 13 35 i

225 1153 244 36 förevarande
500 1153 138 36 motion
668 1152 133 36 väckta
829 1152 131 47 frågan
992 1151 58 35 till
1078 1150 174 48 pröfning
1279 1151 14 35 i
1321 1152 83 35 hela
1435 1152 82 36 dess
1547 1152 100 45 vidd,
1670 1154 40 34 så
1739 1164 96 36 myc-

226 1207 66 36 ket
333 1207 116 35 hellre
484 1219 77 24 som
605 1206 118 48 enligt
764 1207 98 35 hvad
891 1205 183 36 utskottet
1115 1205 184 36 inhämtat
1327 1205 40 36 af
1392 1207 45 34 de
1468 1206 102 37 öfver
1597 1206 238 47 Riksdagens

226 1261 157 35 berörda
420 1261 274 47 framställning
737 1260 40 36 af
815 1259 482 37 öfverståthållareämbetet
1339 1260 69 35 och
1451 1260 189 47 åtskilliga
1682 1261 152 35 Konun-

226 1327 92 35 gens
360 1315 413 47 befallningshafvande
816 1314 140 47 afgifna
992 1314 231 44 utlåtanden,
1254 1314 90 35 flera
1373 1313 40 36 af
1438 1314 107 36 dessa
1575 1314 262 48 myndigheter

227 1369 31 48 ej
304 1369 144 35 mindre
490 1369 164 36 förordat
681 1368 238 46 fullständigt
948 1367 231 36 afskaffande
1209 1367 40 36 af
1272 1367 263 48 kungörelsers
1563 1369 231 47 uppläsande
1823 1368 13 36 i

226 1423 191 48 kyrkorna
447 1429 47 29 än
523 1423 110 36 äfven
661 1423 120 35 under
808 1421 267 47 förutsättning
1105 1421 39 36 af
1168 1421 105 36 bifall
1301 1422 127 35 härtill
1448 1422 90 36 eller
1556 1422 280 48 inskränkning

227 1477 40 35 af
291 1478 162 35 nämnda
473 1478 242 46 uppläsande,
737 1477 135 35 uttalat
891 1476 57 46 sig
973 1475 14 36 i
1006 1475 142 46 frågan,
1170 1475 128 36 hvilka
1316 1476 222 36 förändrade
1557 1477 279 36 bestämmelser

225 1532 158 35 rörande
413 1531 190 46 offentliga
631 1530 391 47 tillkännagifvanden
1049 1529 114 36 borde
1192 1529 151 47 bringas
1363 1530 56 35 till
1440 1531 117 35 stånd.
1608 1531 75 35 Vid
1703 1532 133 35 sådant

225 1585 232 35 förhållande
500 1585 75 35 kan
609 1585 183 35 utskottet
828 1584 84 35 icke
954 1584 102 34 finna
1085 1582 131 47 nödigt
1245 1584 90 35 eller
1363 1584 311 47 ändamålsenligt
1702 1588 53 32 att
1783 1598 52 22 nu

226 1643 89 43 göra
344 1638 216 48 ytterligare
589 1637 274 47 framställning
891 1637 12 35 i
933 1639 134 41 ämnet,
1098 1637 148 35 hvadan
1270 1637 181 36 utskottet
1475 1638 224 45 hemställer,

763 1711 54 32 att
849 1707 242 36 förevarande
1121 1707 139 35 motion
1287 1707 85 36 icke
1402 1710 58 33 må
1488 1708 58 35 till
1573 1711 124 44 någon
1728 1709 106 35 Riks-

657 1763 140 46 dagens
828 1762 131 46 åtgärd
987 1761 202 36 föranleda.

334 1833 212 36 Stockholm
579 1834 72 34 den
683 1835 45 32 16
754 1832 163 35 februari
949 1834 113 33 1906.

765 1920 52 34 På
846 1920 262 46 lagutskottets
1138 1925 154 41 vägnar:

821 2018 39 36 C.
893 2017 46 36 A.
973 2010 271 44 SJÖCRONA.

333 2160 98 35 Herr
460 2159 126 47 grefve
617 2158 237 43 Lewenhaupt
882 2156 67 35 har
979 2156 129 46 begärt
1135 2156 37 35 få
1203 2156 236 45 antecknadt,
1472 2159 54 33 att
1554 2157 74 35 han
1656 2157 84 36 icke
1762 2158 75 35 del-

229 2213 95 47 tagit
351 2214 13 34 i
394 2213 170 35 ärendets
593 2210 202 47 behandlig
823 2210 99 35 inom
954 2210 192 35 utskottet.

267 2316 71 29 Bih.
365 2316 50 29 till
444 2314 109 30 Rikså.
571 2315 83 29 Prot.
682 2315 89 28 1906.
819 2314 18 28 7
865 2313 93 30 Saml.
1013 2314 35 27 11
1074 2313 93 36 Häft.
1767 2312 18 30 2
