1874 2784
494 174 255 28 Statsutskottets
772 174 163 28 utlåtande
957 183 40 19 nr
1018 175 18 27 5
1058 175 37 28 år
1116 175 78 28 1957
1550 177 44 31 65

104 255 210 39 grunderna.
346 255 51 29 Då
416 255 179 30 dessutom
613 255 312 30 bestämmelserna
944 256 38 29 är
1001 255 152 30 avsedda
1172 256 50 28 att
1241 255 101 30 träda
1360 254 12 30 i
1390 254 95 31 kraft
1505 255 90 30 först

103 308 70 30 den
198 308 14 29 1
240 308 194 40 september
460 308 82 30 1957
569 308 65 30 och
660 307 247 40 statsbidraget
931 307 53 31 till
1008 308 173 30 kassorna
1206 317 74 21 som
1305 308 91 40 regel
1421 308 173 30 utbetalas

104 360 280 31 kalenderårsvis
406 361 10 29 i
437 361 196 35 efterskott,
655 371 102 20 anses
778 361 281 30 medelsbehovet
1081 361 55 31 för
1156 363 101 28 nästa
1279 361 169 40 budgetår
1470 362 122 30 kunna

104 414 174 31 beräknas
300 415 88 30 efter
409 415 10 29 i
441 415 187 29 huvudsak
650 415 233 30 oförändrade
906 415 163 40 grunder.

160 477 78 30 Med
262 477 138 40 hänsyn
424 478 51 29 till
500 477 262 41 svårigheterna
786 480 50 28 att
860 477 135 31 förutse
1019 478 246 40 utvecklingen
1288 478 46 40 på
1358 478 235 30 arbetsmark-

104 531 116 30 naden
242 531 64 29 har
328 531 484 40 arbetsmarknadsstyrelsen
836 541 46 20 nu
907 532 124 29 endast
1055 532 127 30 räknat
1206 532 79 30 med
1309 532 110 30 sådan
1443 532 150 40 ändring

105 593 43 21 av
168 584 289 40 anslagsbehovet
478 594 75 21 som
573 584 159 41 betingas
753 594 42 20 av
816 594 43 21 en
880 585 184 30 förutsedd
1086 585 132 40 ökning
1240 594 42 21 av
1303 586 132 30 antalet
1456 586 137 31 försäk-

104 638 83 30 rade
208 639 65 29 och
294 648 42 20 en
357 638 163 30 sannolik
540 638 150 41 höjning
711 648 42 20 av
774 639 66 30 den
863 639 285 40 genomsnittliga
1170 639 223 40 daghjälpen.
1427 640 165 40 Departe-

105 691 241 31 mentschefen
370 691 148 31 föreslår
540 694 51 28 att
615 692 157 40 anslaget
794 692 168 40 uppföres
987 692 79 30 med
1091 694 49 28 ett
1164 692 52 30 till
1241 692 40 30 42
1296 692 64 31 000
1374 692 62 31 000
1461 693 131 30 kronor

103 745 188 40 begränsat
315 745 136 40 belopp.

161 852 13 30 I
194 853 41 30 de
254 853 111 29 under
383 853 158 40 punkten
560 853 20 29 4
600 853 155 30 nämnda
773 853 224 40 likalydande
1015 853 221 30 motionerna
1254 854 32 29 I:
1300 853 65 30 260
1383 853 64 30 och
1465 854 49 29 II:
1528 853 64 30 347

103 904 65 31 har
191 905 197 30 hemställts
411 924 45 3 —
478 905 104 31 såvitt
606 915 48 21 nu
679 908 39 29 är
742 906 10 29 i
776 906 100 40 fråga
898 924 45 3 —
966 908 51 28 att
1041 907 188 40 riksdagen
1255 907 107 31 måtte
1387 907 52 30 till
1464 908 128 40 Bidrag

104 958 53 31 till
177 959 156 30 erkända
352 959 377 31 arbetslöshetskassor
750 960 53 30 för
824 960 205 39 budgetåret
1052 960 142 32 1957/58
1216 960 120 31 anvisa
1358 963 48 28 ett
1427 961 165 40 förslags-

104 1013 123 39 anslag
249 1022 42 20 av
313 1012 41 30 40
369 1012 63 31 000
447 1013 62 30 000
533 1013 142 30 kronor.

160 1066 227 31 Beträffande
411 1066 253 40 motiveringen
687 1067 56 30 för
764 1067 174 39 yrkandet
961 1067 166 31 hänvisas
1150 1068 52 29 till
1228 1067 177 31 motionen
1428 1068 29 30 1:
1473 1068 74 30 260.

161 1173 176 30 Utskottet
359 1173 55 30 får
438 1173 115 30 erinra
577 1175 51 29 att
652 1174 110 29 andra
786 1174 229 39 lagutskottet
1039 1174 10 29 i
1075 1174 59 30 sitt
1159 1174 180 31 utlåtande
1364 1184 42 21 nr
1431 1175 28 35 7,
1483 1175 108 31 vilket

103 1235 148 22 numera
270 1227 173 40 godkänts
462 1236 43 21 av
523 1227 199 41 riksdagen,
743 1228 159 39 avstyrkt
922 1228 206 30 motionsvis
1148 1228 192 31 framställt
1356 1229 157 39 yrkande
1534 1238 58 21 om

104 1280 156 30 ändrade
277 1281 153 39 grunder
448 1281 55 30 för
522 1281 213 40 statsbidrag
754 1281 53 30 till
825 1281 157 31 erkända
1001 1282 387 30 arbetslöshetskassor.
1419 1282 51 31 Då
1490 1283 102 30 dessa

104 1334 191 39 ändringar
314 1334 184 40 åberopats
518 1343 76 21 som
614 1335 77 30 skäl
711 1335 55 30 för
785 1335 67 30 den
871 1335 12 29 i
903 1335 220 30 motionerna
1143 1336 30 29 I:
1189 1336 63 29 260
1273 1336 64 29 och
1357 1336 45 30 II:
1418 1336 62 30 347
1502 1337 90 30 före-

105 1387 122 40 slagna
250 1387 392 41 anslagsminskningen
666 1388 182 39 avstyrker
871 1389 172 29 utskottet
1067 1389 219 29 motionerna
1309 1389 11 29 i
1344 1390 115 29 denna
1482 1390 66 30 del.

161 1440 226 40 Åberopande
409 1441 58 30 det
489 1441 149 30 anförda
660 1441 203 30 hemställer
886 1442 181 34 utskottet,

414 1504 51 29 att
484 1503 188 40 riksdagen
691 1503 58 30 må
768 1504 78 30 med
865 1503 100 30 bifall
984 1503 54 30 till
1058 1504 126 40 Kungl.
1205 1504 123 40 Maj:ts
1349 1505 130 40 förslag
1500 1507 92 28 samt

371 1556 79 30 med
477 1556 118 40 avslag
622 1556 20 30 å
669 1556 220 31 motionerna
917 1557 28 29 I:
962 1557 63 30 260
1054 1559 64 28 och
1147 1558 46 29 II:
1210 1558 72 34 347,
1311 1558 104 31 såvitt
1441 1568 47 20 nu
1516 1560 39 29 är
1581 1559 12 29 i

371 1609 109 40 fråga,
502 1609 52 31 till
575 1609 129 40 Bidrag
726 1610 51 29 till
798 1610 155 30 erkända
975 1610 377 31 arbetslöshetskassor
1373 1612 55 30 för
1449 1612 144 40 budget-

371 1663 74 30 året
473 1663 141 31 1957/58
640 1664 121 30 anvisa
787 1666 48 28 ett
861 1664 275 40 förslagsanslag
1162 1674 43 20 av
1230 1665 40 30 42
1285 1664 62 31 000
1362 1665 63 30 000
1451 1666 141 30 kronor.

159 1796 98 34 67:0)
286 1798 202 31 Kostnader
509 1798 60 31 för
593 1799 297 31 arbetslöshetens
912 1799 251 40 bekämpande
1187 1811 46 19 m.
1250 1811 47 20 m.
1336 1800 125 39 Kungl.
1486 1800 106 39 Maj:t

104 1849 65 29 har
194 1849 130 39 (punkt
345 1849 51 35 69,
418 1859 25 20 s.
465 1850 192 34 233—239)
684 1851 180 39 föreslagit
886 1852 187 39 riksdagen
1097 1854 50 28 att
1169 1852 52 30 till
1244 1853 196 30 Kostnader
1461 1853 55 30 för
1539 1863 53 20 ar-

104 1902 254 30 betslöshetens
378 1903 242 39 bekämpande
639 1914 45 20 m.
705 1913 44 21 m.
770 1904 54 31 för
842 1904 206 40 budgetåret
1070 1905 142 31 1957/58
1232 1906 120 29 anvisa
1372 1908 48 28 ett
1439 1915 154 21 reserva-

105 1955 218 40 tionsanslag
347 1965 41 20 av
412 1956 41 30 20
467 1956 62 30 000
545 1956 63 30 000
632 1957 141 30 kronor.

161 2062 165 40 Anslaget
351 2064 38 29 är
413 2064 10 29 i
446 2064 160 39 gällande
631 2064 145 30 riksstat
801 2065 144 40 uppfört
970 2066 78 29 med
1074 2075 136 20 samma
1234 2066 135 40 belopp.

161 2117 394 38 Departementschefen
577 2117 102 30 berör
701 2118 51 29 till
774 2127 43 21 en
838 2118 127 39 början
988 2119 91 38 läget
1101 2119 44 39 på
1168 2119 336 30 arbetsmarknaden
1528 2121 64 29 och

105 2169 104 30 anför
233 2169 121 30 därvid
380 2170 167 39 följande.

160 2230 344 30 Arbetsmarknaden
536 2232 307 30 kännetecknades
877 2234 110 29 under
1017 2233 39 29 år
1090 2234 83 29 1956
1204 2243 41 20 av
1276 2244 43 20 en
1351 2235 142 29 fortsatt
1524 2235 68 39 hög

104 2275 279 39 sysselsättning.
421 2276 284 30 Arbetslösheten
731 2286 60 19 var
817 2277 55 39 låg
897 2278 64 28 och
987 2278 181 39 knapphet
1193 2278 44 39 på
1263 2278 213 30 arbetskraft
1502 2279 90 30 före-

105 2318 55 39 låg
185 2318 95 29 inom
305 2319 93 29 vissa
423 2320 95 29 delar
544 2329 41 20 av
612 2321 238 38 näringslivet.
888 2322 52 28 En
966 2321 70 30 viss
1063 2322 219 39 avmattning
1309 2323 129 30 skedde
1464 2323 90 30 dock
1580 2323 12 30 i

104 2363 215 39 efterfrågan
340 2363 44 39 på
406 2364 224 30 arbetskraft.
665 2366 73 28 Den
761 2365 87 30 brist
871 2375 75 20 som
971 2366 182 30 förefanns
1177 2367 111 38 gällde
1312 2367 280 40 huvudsakligen

105 2407 214 30 arbetskraft
341 2408 77 29 med
439 2409 138 38 speciell
598 2409 282 39 yrkeskunskap.
914 2410 153 30 Jämfört
1089 2411 77 29 med
1189 2411 404 41 arbetsmarknadsläget

105 2452 42 29 de
169 2451 57 30 två
247 2453 157 28 närmast
426 2452 207 39 föregående
655 2453 83 30 åren
760 2454 98 29 torde
880 2454 122 29 kunna
1024 2456 100 38 sägas
1147 2457 50 28 att
1219 2456 122 29 balans
1364 2456 10 29 i
1397 2458 86 28 stort
1507 2466 86 31 upp-

105 2496 95 29 nåtts
223 2497 126 29 mellan
372 2497 213 39 efterfrågan
610 2498 64 29 och
697 2498 144 40 tillgång
864 2498 43 40 på
929 2499 224 30 arbetskraft.

101 2551 106 25 6—454
220 2556 32 20 57
288 2555 121 35 Bihang
432 2555 45 28 till
500 2556 176 34 riksdagens
700 2557 146 34 protokoll
873 2558 87 27 1957.
987 2558 18 26 6
1028 2559 89 27 saml.
1144 2559 48 27 Nr
1217 2560 17 25 5
