2200 2600
419 133 40 31 20
851 137 321 32 Bankoutskottets
1190 138 186 32 memorial
1398 138 51 31 Nr
1471 140 28 30 2.

990 314 369 34 Bibanelånefonden.

503 411 95 34 1911
631 412 58 34 års
718 410 158 48 riksdag
904 410 68 36 har
995 410 166 37 beslutat
1181 418 54 30 att
1256 413 58 35 för
1333 418 55 31 att
1408 413 216 37 underlätta
1644 417 332 35 åstadkommandet

370 473 44 23 av
457 462 150 35 bibanor
644 462 101 36 inom
774 465 127 32 västra
929 461 151 37 delarna
1110 476 46 23 av
1188 463 235 47 Värmlands,
1453 464 273 50 Kopparbergs
1755 467 70 36 och
1852 467 121 37 Jämt-

369 512 109 37 lands
507 513 61 35 län
599 520 98 30 samt
725 514 102 36 delar
856 527 46 22 av
930 514 194 36 Bohuslän
1152 515 70 36 och
1251 516 182 36 Dalsland
1461 516 98 36 skall
1589 517 119 36 bildas
1729 531 47 23 en
1797 519 177 36 lånefond

368 577 48 22 av
445 565 203 46 5,000,000
677 565 53 36 kr.
763 571 53 30 att
844 569 167 32 avsättas
1040 566 121 36 under
1195 566 73 37 fem
1299 570 41 33 år
1369 568 81 36 från
1479 568 71 36 och
1580 569 84 36 med
1694 572 41 32 år
1763 571 98 34 1912
1888 570 84 36 med

372 616 202 46 1,000,000
616 617 54 35 kr.
715 617 157 47 årligen,
916 616 96 37 dock
1051 620 40 33 så
1125 623 55 31 att
1208 618 151 50 belopp,
1389 632 80 24 som
1499 620 31 49 ej
1564 619 106 37 blivit
1698 621 56 35 till
1783 622 190 48 utgående

368 667 118 36 under
528 673 52 30 ett
622 681 46 22 av
709 668 110 36 dessa
861 671 40 33 år
941 668 162 48 anvisat,
1133 673 60 33 må
1222 671 58 36 för
1309 677 53 30 ett
1391 672 265 48 efterföljande
1686 675 39 33 år
1753 686 47 23 av
1829 686 143 23 samman

367 719 271 49 femårsperiod
667 719 235 49 disponeras,
932 720 85 36 med
1047 726 75 31 rätt
1150 723 58 35 för
1238 722 140 48 Kungl.
1410 723 108 48 Maj:t
1547 728 56 31 att
1631 724 83 35 från
1735 724 124 37 denna
1881 726 89 36 fond

368 770 131 35 anvisa
541 771 160 36 statslån
742 771 55 36 till
831 772 322 48 understödjande
1181 787 45 22 av
1255 787 86 34 nva,
1371 780 100 30 ännu
1501 775 33 47 ej
1565 775 205 48 påbörjade
1800 776 170 36 enskilda

363 821 484 50 Järnvägsanläggningar,
876 836 61 23 om
965 824 102 36 vilka
1096 825 67 35 här
1191 829 40 31 är
1259 825 119 48 fråga.
1615 872 4 3 |

496 873 133 48 Enligt
670 874 187 36 särskilda
898 888 45 22 av
985 888 132 24 senare
1142 876 214 51 riksdagar
1384 877 143 36 fattade
1558 878 122 37 beslut
1708 879 94 36 skall
1832 880 137 48 ifråga-

366 925 165 35 varande
573 926 91 35 fond
706 926 90 36 ökas
826 926 55 35 till
912 928 229 45 24,000,000
1171 928 55 36 kr.
1255 935 99 30 samt
1381 929 46 36 de
1457 930 57 35 för
1543 930 218 36 densamma
1790 932 179 35 anvisade

366 976 148 36 medlen
543 977 164 36 fördelas
736 980 48 46 på
813 980 87 33 åren
932 979 266 47 1912—1915,
1231 982 251 34 1917—1919
1504 981 72 35 och
1600 983 263 46 1922—1926,
1884 996 83 22 var-

359 1027 121 47 jämte
508 1029 207 48 riksdagen
744 1029 194 48 medgivit,
968 1036 56 29 att
1054 1030 140 50 Kungl.
1225 1031 108 47 Maj:t
1362 1035 59 32 må
1450 1032 120 36 under
1592 1033 103 36 tiden
1715 1033 57 36 till
1792 1034 71 36 och
1883 1035 84 36 med

365 1082 41 32 år
449 1082 97 33 1925
589 1081 150 47 förfoga
772 1086 88 30 över
888 1082 180 48 samtliga
1098 1097 44 21 av
1172 1082 206 48 riksdagen
1408 1083 56 35 för
1492 1085 220 47 avsättning
1740 1084 57 36 till
1827 1086 140 37 fonden

364 1131 180 37 anvisade
574 1132 132 36 medel.

458 1183 133 39 Från
634 1185 122 35 denna
796 1184 88 36 fond
914 1206 48 4 —
992 1185 72 35 den
1093 1198 27 22 s.
1152 1186 33 35 k.
1218 1185 368 38 bibanelånefonden
1615 1210 49 4 —
1692 1188 98 37 hava
1826 1190 140 36 nedan-

362 1235 156 36 stående
546 1236 295 36 låneunderstöd
872 1249 45 23 av
944 1236 141 49 Kungl.
1118 1237 107 48 Maj:t
1255 1237 182 37 anvisats:

362 1321 56 35 till
466 1317 68 64 Dal
546 1322 163 36 —Västra
738 1322 225 37 Värmlands
993 1323 413 49 järnvägsaktiebolag,
1436 1325 58 35 för
1523 1326 242 50 anläggning
1793 1341 47 22 av
1859 1329 106 48 järn-

489 1378 78 43 väg
596 1374 84 35 från
709 1374 242 48 Billingsfors
980 1375 55 35 till
1065 1375 140 36 Arvika
1235 1375 83 36 med
1348 1375 206 37 bibana...
1585 1377 54 35 kr.
1671 1379 214 47 5,622,000:
1905 1402 43 3 —

380 1436 17 21 »
446 1416 333 57 Åmål—Årjängs
805 1426 408 48 järnvägsaktiebolag
1253 1458 297 5 ooo
1603 1441 17 22 »
1669 1432 280 45 3,273,150:
1921 1427 32 56 —

1402 1487 154 38 Summa
1585 1490 53 36 kr.
1670 1492 214 45 8,895,750:
1902 1514 48 4 —

491 1581 57 34 Av
592 1581 108 36 dessa
743 1581 225 49 lånebelopp
1010 1582 68 35 har
1109 1583 135 36 hittills
1275 1583 82 36 från
1387 1584 368 48 riksgäldskontoret
1785 1587 177 37 utbetalts

361 1631 57 52 till
460 1631 262 54 Dal—Västra
764 1632 226 37 Värmlands
1026 1634 410 49 järnvägsaktiebolag
1480 1638 201 44 1,000,000
1723 1638 53 35 kr.
1808 1639 69 35 och
1908 1640 55 35 till

360 1683 156 35 Amål—
526 1684 169 48 Årjängs
719 1685 409 48 järnvägsaktiebolag
1156 1687 203 45 2,182,500
1388 1687 54 35 kr.

488 1889 259 37 Statsverkets
792 1891 216 47 fordringar
1036 1892 60 35 för
1124 1893 72 43 lån,
1226 1893 216 37 utlämnade
1472 1894 80 36 från
1584 1894 375 47 bibanelånefonden,

356 1941 178 48 utgjorde
562 1942 64 35 vid
660 1944 93 33 1921
785 1945 58 33 års
872 1943 132 48 början
1033 1975 2 4 =
1067 1975 84 4 mosss
1173 1975 375 6 sms
1581 1947 52 35 kr.
1649 1949 230 46 .3,504,088:
1904 1960 38 25 18

356 1993 69 35 och
456 1993 62 35 vid
547 2007 145 22 samma
720 2000 59 30 års
809 1994 140 36 Sätu.ss
992 2027 15 3 os
1055 2027 82 3 ee
1202 2028 51 3 sn
1274 2028 62 3 sr
1344 2028 203 5 ss
1599 2010 18 43 »
1666 2000 213 45 3,585,078:
1900 2011 41 25 92

356 2052 68 36 och
455 2053 95 36 hava
579 2054 110 36 alltså
716 2054 121 36 under
866 2057 78 34 året
973 2055 112 36 ökats
1115 2057 103 36 med.
1237 2088 309 5 ..ssmsmmvmmvmvmvn
1524 2048 27 59 nn
1576 2052 57 43 kr.
1728 2062 151 45 —80,990:
1901 2071 56 26 14.

486 2122 133 36 Denna
649 2123 146 48 ökning
824 2124 107 36 faller
957 2125 239 36 uteslutande
1225 2128 47 46 på
1301 2126 218 48 fordringar
1547 2128 59 36 för
1632 2134 138 31 räntor.
