1948 2840
300 218 19 29 6
720 215 108 26 Första
850 212 212 35 lagutskottets
1083 210 155 28 utlåtande
1261 211 44 27 Nr
1327 211 44 26 15.

300 306 99 22 anser
426 295 211 38 handlingen
664 294 76 30 icke
766 301 82 21 vara
876 291 143 39 förtjänt
1046 300 42 20 av
1118 289 109 31 straff.
1267 290 81 30 Man
1376 291 63 29 har
1466 287 106 32 också
1599 288 44 38 på
1670 297 118 22 senare

300 350 92 30 tiden
417 349 11 30 i
451 350 66 29 den
544 347 180 38 offentliga
748 345 240 31 diskussionen
1014 354 57 20 om
1097 344 92 30 detta
1215 344 101 30 ämne
1341 352 93 21 mera
1461 341 175 31 framhävt
1662 344 126 27 statens

300 403 141 30 intresse
462 411 42 21 av
525 405 49 27 att
594 399 263 39 ifrågavarande
877 398 101 36 brott,
1001 396 115 31 såsom
1138 396 232 31 innebärande
1392 396 73 30 fara
1486 395 56 30 för
1562 394 129 31 allmän
1711 394 77 29 ord-

300 455 82 39 ning
400 455 64 31 och
484 454 169 35 säkerhet,
672 453 112 30 ställes
803 452 110 30 under
931 451 144 30 allmänt
1091 449 79 31 åtal.
1211 449 79 30 Men
1307 451 56 29 det
1380 451 37 29 är
1436 451 48 28 att
1501 448 132 35 märka,
1652 450 48 27 att
1718 447 10 30 i
1747 448 42 29 de

300 510 98 29 flesta
424 509 70 35 fall,
518 508 62 30 där
604 507 107 31 sådan
736 506 73 30 fara
834 507 39 29 är
896 505 53 31 för
973 504 149 35 handen,
1148 504 125 30 brottet
1297 503 105 31 redan
1428 502 44 40 på
1495 503 108 29 andra
1629 501 158 38 grunder,

299 561 114 31 såsom
440 560 166 39 begånget
631 560 20 30 å
678 560 129 29 allmän
833 559 90 38 plats
948 558 81 30 eller
1054 558 111 29 under
1190 555 363 39 förargelseväckande
1580 553 206 38 omständig-

299 616 104 34 heter,
425 615 38 29 är
484 614 224 30 underkastat
729 613 144 29 allmänt
893 611 78 31 åtal.
1006 611 50 30 De
1078 610 119 39 gjorda
1218 609 286 38 utvidgningarna
1527 618 43 21 av
1591 607 196 31 åtalsrätten

300 667 108 31 måste
436 666 99 31 alltså
563 676 101 21 anses
690 664 205 40 opåkallade
921 665 64 30 och
1015 664 178 30 föranleda
1220 662 51 31 till
1299 663 57 29 det
1382 662 179 39 yrkandet,
1590 664 48 28 att
1664 661 123 39 ifråga-

298 722 149 29 varande
470 720 344 31 åtalsbestämmelser
836 718 106 30 måtte
963 717 168 31 återföras
1154 717 51 30 till
1227 717 52 30 sin
1301 716 240 38 ursprungliga
1564 715 135 39 lydelse.

344 774 73 30 Den
436 771 418 40 undantagslagstiftning,
876 781 82 25 som,
979 770 105 39 enligt
1101 771 67 29 vad
1188 780 90 21 ovan
1296 770 146 34 nämnts,
1463 768 154 31 inleddes
1635 768 38 30 år
1695 768 91 35 1893,

299 827 237 30 kulminerade
559 826 39 30 år
622 827 82 29 1899
725 834 123 30 genom
871 826 42 30 de
935 824 43 31 då
999 824 120 39 gjorda
1142 823 230 38 ändringarna
1396 823 10 30 i
1433 823 37 30 15
1494 823 80 37 kap.
1599 822 80 30 S.L.
1708 817 79 39 (den

299 890 24 20 s.
349 880 31 29 k.
405 883 91 27 stora
520 875 254 42 åkarpslagen).

342 933 116 30 Redan
485 933 42 30 de
553 936 88 35 yttre
668 931 300 39 omständigheter,
995 931 109 30 under
1129 930 93 30 vilka
1247 930 112 30 denna
1385 930 54 38 lag
1466 928 234 38 genomdrevs,
1727 927 59 29 äro

298 987 132 37 ägnade
454 989 48 27 att
528 986 110 30 rubba
664 985 130 30 tilltron
818 985 52 30 till
895 985 75 30 dess
994 983 222 39 opartiskhet.
1256 983 79 30 Men
1362 984 93 29 ännu
1482 983 108 29 större
1616 980 171 39 betydelse

298 1039 108 30 måste
431 1039 163 30 tillmätas
620 1039 43 30 de
687 1038 271 38 anmärkningar
982 1047 42 20 av
1050 1046 95 21 mera
1171 1036 181 30 materiellt
1376 1034 164 37 innehåll,
1567 1044 74 21 som
1669 1034 117 29 kunna

298 1092 207 30 framställas
530 1095 73 27 mot
626 1092 210 30 densamma.
873 1090 64 31 Det
959 1091 96 29 torde
1077 1099 81 21 vara
1183 1098 67 30 nog
1272 1093 49 27 att
1344 1088 111 31 erinra
1479 1098 57 20 om
1560 1090 49 29 att
1632 1088 85 30 även
1741 1089 46 27 ett

298 1145 86 30 blott
407 1145 117 31 försök
549 1148 49 27 att
624 1145 114 38 tvinga
764 1153 116 21 annan
905 1143 50 31 till
980 1143 204 39 deltagande
1209 1143 10 30 i
1245 1142 105 38 strejk
1375 1141 97 31 blivit
1497 1149 124 30 genom
1647 1139 138 39 åkarps-

298 1199 97 37 lagen
418 1199 112 37 belagt
553 1199 79 29 med
657 1198 100 30 straff
779 1198 65 30 och
869 1200 49 27 att
940 1197 56 30 det
1019 1197 70 35 hot,
1115 1196 72 30 vari
1211 1195 152 31 försöket
1386 1195 69 30 kan
1478 1198 78 34 taga
1578 1194 101 35 form,
1702 1194 83 29 läm-

298 1254 75 27 nats
398 1251 138 31 alldeles
562 1251 179 30 obestämt.
779 1250 64 31 Det
867 1250 150 31 behöver
1040 1250 77 30 icke
1141 1259 59 20 ens
1224 1248 167 31 innefatta
1417 1248 61 31 hot
1501 1257 58 21 om
1585 1245 201 39 rättsstridig

299 1304 174 38 handling,
496 1305 45 29 än
563 1304 135 30 mindre
719 1313 81 20 vara
821 1304 107 29 redan
948 1303 11 30 i
980 1304 65 29 och
1069 1302 56 31 för
1146 1302 50 39 sig
1219 1301 187 36 straffbart,
1430 1300 53 32 för
1505 1304 49 27 att
1577 1299 209 38 handlingen

299 1357 87 30 skall
410 1357 83 30 falla
516 1358 111 29 under
652 1356 236 39 åkarpslagen.
937 1356 57 30 Ett
1017 1355 119 31 försök
1162 1358 49 27 att
1235 1355 116 38 tvinga
1375 1364 116 21 annan
1514 1356 50 28 att
1587 1353 85 39 begå
1696 1354 91 30 brott

298 1412 38 28 är
362 1410 188 36 straffbart,
578 1411 120 30 endast
724 1420 57 21 om
807 1410 153 31 försöket
986 1410 88 30 skett
1099 1416 124 31 genom
1249 1408 79 31 våld
1353 1409 81 30 eller
1461 1407 122 31 sådant
1607 1408 11 30 i
1643 1408 64 29 och
1732 1407 53 30 för

298 1464 48 37 sig
365 1464 169 37 brottsligt
554 1464 70 35 hot,
644 1472 73 22 som
736 1464 145 29 omtalas
899 1463 10 29 i
932 1464 36 29 15
989 1463 77 37 kap.
1087 1463 41 29 23
1149 1457 19 40 $
1190 1463 30 29 S.
1240 1462 36 30 L.
1308 1462 78 30 Men
1405 1465 46 27 ett
1469 1460 118 31 försök
1606 1464 48 27 att
1672 1459 113 38 tvinga

296 1526 115 20 annan
434 1517 51 30 till
508 1517 203 37 deltagande
731 1516 10 30 i
764 1516 105 38 strejk
892 1517 38 29 är
953 1516 155 30 däremot
1131 1515 96 30 alltid
1250 1515 112 38 belagt
1384 1515 79 29 med
1487 1513 111 37 straff,
1622 1515 84 29 även
1728 1520 57 22 om

297 1570 56 30 det
375 1570 69 35 hot,
468 1569 72 30 vari
562 1569 153 31 försöket
736 1569 83 38 tagit
841 1569 101 34 form,
964 1568 75 31 icke
1060 1568 11 30 i
1094 1569 66 29 och
1182 1568 54 30 för
1259 1568 48 38 sig
1330 1570 37 28 är
1389 1567 179 38 brottsligt.

341 1622 52 31 Då
415 1622 145 30 sålunda
584 1622 112 30 hotets
718 1622 148 37 begrepp
889 1620 97 31 blivit
1009 1621 10 30 i
1043 1620 226 39 åkarpslagen
1293 1621 131 29 lämnat
1446 1621 141 29 alldeles
1608 1620 176 35 obestämt,

296 1677 67 29 kan
389 1675 113 31 såsom
525 1675 185 38 tvingande
734 1676 59 29 hot
816 1675 173 30 betraktas
1012 1675 87 29 även
1121 1678 47 27 ett
1190 1674 10 30 i
1224 1674 130 38 ganska
1376 1674 96 37 ringa
1496 1673 83 30 mån
1602 1672 184 39 aggressivt

296 1729 117 30 försök
431 1732 50 27 att
500 1728 141 30 inverka
663 1728 43 38 på
725 1727 131 39 någons
875 1728 219 38 övertygelse,
1115 1728 66 30 och
1200 1728 154 30 arbetare
1374 1728 117 29 kunna
1512 1726 130 31 således
1662 1734 122 30 genom

295 1783 113 29 denna
436 1782 55 37 lag
519 1781 210 38 obehörigen
759 1781 142 30 hindras
930 1780 11 30 i
970 1781 57 30 sitt
1055 1780 375 38 organisationsarbete.
1473 1780 150 30 Därmed
1652 1781 132 36 öppnas

296 1836 86 28 även
411 1834 178 39 möjlighet
618 1837 50 28 att
696 1834 44 38 på
770 1844 41 20 en
841 1835 124 37 omväg
991 1833 226 38 omintetgöra
1247 1833 226 38 strejkrätten.
1514 1834 51 38 Ty
1597 1835 109 28 rätten
1735 1835 49 27 att

295 1887 86 39 själv
402 1888 165 37 nedlägga
590 1887 130 30 arbetet
741 1886 135 31 medför
899 1885 114 32 såsom
1035 1886 194 38 ovillkorlig
1251 1886 214 30 konsekvens
1487 1887 112 29 rätten
1621 1889 48 28 att
1689 1886 93 29 över-

295 1941 68 30 tala
388 1949 116 21 annan
529 1944 50 27 att
603 1940 76 30 icke
702 1943 77 35 taga
805 1940 67 30 den
897 1939 109 39 lediga
1032 1940 143 37 platsen.
1214 1933 232 44 Åkarpslagen
1472 1940 142 37 skärper
1639 1940 64 30 och
1728 1938 54 30 be-

295 1993 104 30 fäster
421 1994 67 29 den
507 1993 142 35 olikhet,
673 2002 73 21 som
769 2000 123 31 genom
915 1992 281 31 förhållandenas
1219 2000 82 31 egen
1324 1995 102 27 natur
1447 1991 188 32 förefinnes
1658 1991 125 30 mellan

295 2047 198 30 arbetarnas
520 2047 66 30 och
612 2046 273 39 arbetsgivarnas
912 2045 154 39 förmåga
1093 2049 50 28 att
1168 2045 156 39 tillämpa
1350 2045 74 31 sina
1450 2046 162 29 metoder.
1650 2044 131 30 Arbets-

295 2100 140 37 givarna
465 2100 45 29 ha
540 2100 10 29 i
581 2099 53 30 sin
663 2100 97 30 makt
788 2102 49 27 att
867 2098 45 39 på
939 2099 183 30 allehanda
1151 2098 209 39 oåtkomliga
1391 2100 66 29 sätt
1485 2098 89 31 både
1604 2108 114 29 pressa
1747 2098 34 29 in

294 2153 153 37 rekryter
469 2152 11 30 i
502 2152 52 31 sin
576 2152 233 39 organisation
831 2153 65 29 och
917 2152 162 30 anskaffa
1101 2151 254 39 strejkbrytare,
1377 2152 124 30 medan
1524 2151 73 32 åter
1618 2151 164 33 arbetare,

295 2215 74 21 som
396 2205 81 39 vilja
507 2205 114 31 förmå
649 2205 74 31 sina
751 2205 217 31 klassbröder
996 2209 49 27 att
1073 2205 80 39 ingå
1181 2205 10 30 i
1220 2205 274 38 organisationen
1524 2205 81 30 eller
1634 2205 148 30 övertala

294 2259 79 30 dem
396 2262 48 27 att
469 2259 10 29 i
505 2268 41 20 en
572 2259 199 30 arbetsstrid
795 2258 76 31 icke
895 2259 97 30 ställa
1018 2258 49 38 sig
1092 2257 236 37 osolidariska,
1353 2257 108 32 måste
1484 2258 160 31 använda
1667 2268 42 20 en
1731 2257 50 30 of-

295 2311 118 39 fentlig
438 2311 223 36 massaktion,
687 2312 113 30 vilken
826 2311 171 38 lätteligen
1024 2312 69 30 kan
1118 2312 173 30 betraktas
1319 2321 74 21 som
1419 2312 60 30 hot
1504 2312 10 30 i
1540 2310 241 39 åkarpslagens

294 2364 148 39 mening.
480 2364 79 31 Men
584 2365 70 29 lika
680 2365 81 31 visst
788 2374 74 21 som
887 2365 197 30 arbetarnas
1108 2364 271 39 organisationer
1402 2366 59 29 äro
1487 2368 48 28 att
1561 2374 82 21 anse
1670 2363 110 31 såsom

294 2418 249 38 grundstockar
568 2418 10 30 i
605 2418 378 38 samhällsbyggnaden,
1009 2418 69 30 lika
1105 2418 83 31 visst
1213 2419 38 29 är
1273 2418 113 30 denna
1410 2418 64 38 lag,
1500 2428 74 20 som
1599 2418 106 30 riktar
1729 2416 52 31 sin

295 2471 71 30 udd
384 2473 72 28 mot
476 2471 200 30 arbetarnas
695 2470 81 40 vilja
796 2474 49 27 att
864 2471 93 30 inom
978 2470 74 31 sina
1072 2472 55 29 led
1147 2470 233 39 upprätthålla
1400 2470 239 36 solidariteten,
1660 2473 49 28 att
1727 2471 54 30 be-

294 2525 111 30 trakta
423 2534 74 20 som
514 2534 42 21 en
574 2525 159 30 frätande
748 2525 99 30 mask
864 2524 10 30 i
892 2525 197 30 samhällets
1106 2525 217 38 grundvalar.
