2204 2618
404 151 19 29 2
876 152 346 33 Jordbruksutskottets
1245 155 162 31 utlåtande
1434 155 51 31 Nr
1509 159 29 28 3.

512 244 51 32 att
590 242 61 35 det
679 242 131 47 belopp
841 245 167 41 233,647
1040 243 133 36 kronor
1203 247 48 32 42
1283 250 69 39 öre,
1385 258 73 22 som
1481 248 152 33 återstår
1652 260 43 22 av
1716 248 60 34 det
1796 251 85 32 utav
1906 250 98 33 1906

405 296 58 32 års
505 294 150 47 riksdag
697 295 180 49 beviljade
920 297 126 46 anslag
1088 297 56 35 för
1186 297 204 36 beredande
1428 312 43 22 av
1500 300 197 34 understöd
1727 303 36 32 åt
1791 301 215 46 lapparna
1983 290 27 61 i

404 346 240 49 Jukkasjärvi
680 349 145 44 socken,
856 352 57 32 må
943 352 45 44 på
1017 351 61 34 det
1106 354 71 32 sätt
1205 351 154 35 tillföras
1389 354 244 45 nyssnämnda
1665 354 91 34 båda
1784 354 138 44 fonder,
1954 358 53 32 att

404 403 52 33 ett
497 400 131 49 belopp
674 414 44 24 av
764 404 167 44 140,000
975 403 134 37 kronor
1137 404 106 48 ingår
1270 404 11 36 i
1312 405 277 37 Västerbottens
1618 407 175 47 lappfond
1822 408 66 35 och
1917 410 88 33 åter-

404 455 128 35 stoden
562 455 12 35 i
603 456 241 36 Norrbottens
872 457 186 48 lappfond.

511 562 19 35 I
572 563 95 47 syfte
709 566 54 32 att
790 576 128 34 genom
950 565 144 36 förvärv
1123 579 45 23 av
1197 567 104 34 mark
1329 568 151 46 utvidga
1509 569 193 46 lapparnas
1732 569 275 36 betesområden

405 615 13 36 i
459 615 185 36 Jämtland
686 616 67 35 och
795 617 206 47 därigenom
1045 621 166 45 gottgöra
1252 620 70 35 den
1364 620 124 45 skada,
1524 634 75 22 som
1629 634 127 34 genom
1787 635 45 22 en
1861 623 64 35 allt
1953 623 56 35 för

406 668 202 37 vidsträckt
644 669 201 49 avvittring
873 670 156 48 tidigare
1057 665 237 56 tillskyndats
1323 674 174 47 lapparna
1526 674 13 36 i
1567 677 111 46 sagda
1706 676 71 43 län,
1808 675 199 37 inrättades

405 726 40 32 år
490 725 98 33 1887
633 736 45 22 en
720 724 158 36 särskild
920 725 88 36 fond
1050 727 81 35 med
1174 727 220 48 benämning
1418 728 248 47 jämtländska
1695 730 313 48 renbetesfjällens

406 777 210 46 skogsfond,
662 776 124 36 vilken
829 778 86 35 fond
958 779 133 36 bildats
1133 781 67 34 och
1242 780 291 37 vidmakthållits
1575 795 44 23 av
1662 783 266 47 avkastningen
1964 797 44 22 av

405 829 340 47 skogsavverkning
764 832 21 33 å
805 831 44 34 de
869 831 62 36 vid
950 832 247 47 avvittringen
1217 837 137 32 avsatta
1375 835 322 48 renbetetsfjällen.
1750 837 128 34 Ehuru
1898 838 111 34 sedan

406 883 153 35 fondens
588 882 171 36 bildande
787 887 53 32 ett
876 888 91 32 stort
1004 886 99 35 antal
1140 885 216 48 fastigheter
1384 888 64 35 allt
1476 888 93 36 efter
1598 889 97 36 hand
1724 889 201 36 förvärvats
1955 891 55 34 för

405 936 316 49 renbetesfjällens
749 937 221 49 utvidgning
1000 960 47 5 —
1079 941 268 47 sammanlagda
1372 941 294 49 köpeskillingen
1687 943 55 36 för
1762 944 104 35 dessa
1886 944 122 48 fastig-

406 991 103 35 heter
545 992 142 45 uppgår
724 990 57 36 till
814 991 82 37 icke
925 993 141 36 mindre
1095 999 46 30 än
1172 997 168 42 964,759
1372 995 133 36 kronor
1536 999 47 33 35
1615 1002 59 30 öre
1705 1019 47 4 —
1784 998 92 35 hava
1905 999 104 34 emel-

405 1043 109 36 lertid
556 1044 153 35 fondens
750 1044 196 48 tillgångar
980 1047 86 35 tack
1104 1059 85 23 vare
1218 1048 311 48 skogstillgången
1559 1053 20 32 å
1608 1051 296 48 renbetesfjällen
1933 1052 76 34 allt-

402 1097 94 47 jämt
523 1097 95 35 varit
645 1095 13 36 i
687 1097 166 46 stigande
882 1100 65 34 och
977 1100 116 35 under
1122 1101 43 34 de
1195 1105 141 31 senaste
1366 1104 86 32 åren
1481 1103 66 34 har
1574 1103 194 36 tillväxten
1790 1104 94 35 varit
1904 1105 106 46 högst

406 1150 186 35 avsevärd.
650 1150 167 36 Fondens
846 1152 147 44 storlek,
1025 1165 74 23 som
1129 1153 63 36 vid
1221 1154 110 36 slutet
1357 1167 44 23 av
1422 1157 40 33 år
1485 1158 100 33 1890
1606 1156 162 48 uppgick
1788 1157 57 35 till
1867 1159 138 42 62,641

407 1202 135 37 kronor
585 1206 47 33 76
676 1208 70 41 öre,
791 1204 167 49 utgjorde
987 1206 62 36 vid
1082 1209 99 33 1900
1212 1210 57 33 års
1298 1208 73 36 slut
1402 1211 166 43 580,351
1601 1210 135 36 kronor
1769 1213 43 33 11
1845 1216 71 40 öre,
1948 1211 61 36 vid

411 1260 98 32 1909
541 1259 57 33 års
627 1257 73 36 slut
731 1260 166 42 768,989
929 1259 134 36 kronor
1093 1263 47 33 86
1172 1266 69 39 öre,
1273 1261 62 36 vid
1369 1265 100 33 1910
1499 1266 57 32 års
1585 1264 73 35 slut
1686 1267 167 41 888,947
1876 1265 134 35 kronor

409 1313 47 32 57
500 1315 71 39 öre,
616 1310 62 36 vid
724 1313 97 33 1911
867 1314 57 33 års
966 1313 73 35 slut
1083 1316 169 42 984,884
1281 1315 134 35 kronor
1446 1318 47 32 29
1524 1322 70 39 öre,
1627 1317 62 35 vid
1721 1320 99 32 1912
1851 1320 58 33 års
1938 1319 73 34 slut

411 1363 207 44 1,011,882
649 1363 135 36 kronor
813 1367 47 33 89
892 1370 60 31 öre
981 1369 93 33 samt
1102 1367 62 35 vid
1187 1370 99 33 1913
1309 1370 58 33 års
1387 1368 73 36 slut
1483 1372 207 43 1,095,099
1712 1370 134 36 kronor
1867 1374 48 32 80
1937 1376 70 30 öre.

514 1417 168 36 Förutom
725 1419 252 36 ovannämnda
1018 1419 88 37 fond
1148 1420 56 36 för
1245 1422 240 37 förvärvande
1527 1435 45 25 av
1614 1424 103 35 mark
1747 1424 55 36 för
1829 1425 180 36 renbetes-

407 1470 206 37 trakternas
655 1470 223 49 utvidgande
919 1474 117 36 finnes
1072 1475 55 35 för
1156 1476 247 36 renskötselns
1431 1478 307 48 understödjande
1767 1478 12 35 i
1807 1479 204 36 Jämtlands

408 1525 60 35 län
505 1524 212 48 ytterligare
754 1538 45 23 en
835 1539 121 24 annan
984 1528 98 45 fond,
1114 1529 184 47 nämligen
1327 1531 71 35 den
1426 1543 45 24 av
1499 1531 201 48 inflytande
1729 1532 117 35 medel
1875 1532 55 36 för
1957 1536 53 32 ut-

408 1578 239 35 arrenderade
676 1579 118 44 beten,
820 1579 96 48 jakt-
945 1582 67 34 och
1039 1581 308 48 fiskerättigheter
1375 1583 146 36 bildade
1547 1587 38 33 så
1605 1585 142 35 kallade
1763 1585 248 48 jämtländska

408 1632 280 47 lappväsendets
722 1632 99 45 fond,
852 1633 162 37 varifrån
1043 1635 139 48 årligen
1210 1636 82 36 icke
1321 1637 209 48 obetydliga
1557 1639 197 35 understöd
1782 1638 157 36 tilldelas
1968 1640 44 35 de

404 1685 248 50 jämtländska
689 1686 176 48 lapparna
899 1688 67 35 och
1004 1689 105 36 deras
1145 1689 142 48 näring.
1346 1691 186 48 Bistsagda
1561 1692 88 36 fond
1676 1692 163 48 uppgick
1867 1692 63 37 vid
1958 1696 53 33 ut-

409 1742 143 45 gången
581 1752 46 24 av
655 1742 40 33 år
726 1743 100 33 1912
857 1740 56 37 till
942 1744 110 46 något
1080 1748 85 31 över
1196 1746 167 42 160,000
1393 1745 143 36 kronor.

518 1793 19 35 I
565 1793 236 36 förevarande
829 1796 225 46 proposition
1082 1796 67 36 har
1166 1810 51 22 nu
1237 1798 215 47 föreslagits,
1482 1802 53 33 att
1554 1802 52 33 ett
1625 1799 131 47 belopp
1776 1812 44 24 av
1843 1803 168 41 500,000

412 1846 134 36 kronor
588 1846 118 36 skulle
745 1847 210 49 frånskiljas
998 1850 44 34 de
1074 1849 249 48 jämtländska
1350 1852 314 48 renbetesfjällens
1693 1853 199 46 skogsfond
1921 1858 93 31 samt

412 1903 158 33 avsättas
599 1900 57 36 till
684 1903 133 33 tvenne
845 1913 73 36 nya
947 1901 128 37 fonder
1095 1903 56 37 för
1170 1904 201 49 främjande
1392 1918 44 23 av
1455 1906 229 36 renskötseln
1703 1906 13 35 i
1736 1906 277 37 Västerbottens

412 1954 67 36 och
506 1954 243 36 Norrbottens
777 1955 71 45 län,
880 1956 65 35 där
973 1958 119 46 någon
1120 1956 165 50 tillgång,
1316 1960 252 36 motsvarande
1597 1961 44 34 de
1665 1960 248 49 jämtländska
1938 1961 75 36 fon-

411 2008 121 44 derna,
564 2008 56 36 för
647 2009 335 40 närvarande,
895 2004 83 63 icke
1011 2013 74 33 står
1112 2011 57 36 till
1197 2012 93 36 buds
1319 2016 92 33 samt
1436 2017 110 44 något
1565 2015 198 35 understöd
1783 2015 229 48 följaktligen

410 2061 82 36 icke
529 2062 75 35 kan
636 2063 151 35 beredas
828 2063 186 48 lapparna.
1072 2066 82 34 Den
1188 2068 226 34 återstående
1448 2068 105 35 delen
1591 2081 44 23 av
1659 2068 248 48 jämtländska
1935 2082 78 22 ren-

412 2115 248 48 betesfjällens
697 2117 199 47 skogsfond
938 2118 118 36 skulle
1098 2119 201 36 bibehållas
1332 2120 13 36 i
1381 2121 119 35 denna
1533 2121 58 35 sin
1619 2122 185 47 egenskap
1834 2123 66 34 och
1929 2123 84 35 fort-

413 2169 161 44 farande,
620 2171 115 34 såsom
779 2170 131 36 hittills
953 2174 61 44 ägt
1055 2184 91 32 rum,
1191 2172 266 50 tillgodonjuta,
1497 2174 114 49 jämte
1640 2177 20 33 å
1689 2176 208 35 densamma
1925 2188 88 37 upp-

413 2222 215 37 kommande
657 2227 113 42 ränta,
802 2223 169 37 behållna
999 2224 378 51 skogsavkastningen
1406 2240 44 24 av
1478 2228 304 50 renbetesfjällen,
