1918 2856
117 2146 134 24 Utskottet.

671 183 396 32 Jordbruksutskottets
1100 183 186 32 utlåtande
1319 184 52 31 Nr
1394 185 51 29 56.

301 262 83 36 ning
407 272 45 20 av
475 262 104 35 priset
603 262 53 29 för
679 261 221 36 utnyttjande
923 271 44 20 av
991 263 128 28 statens
1143 262 182 30 vattenfall
1349 262 60 30 och
1435 262 153 30 kraftnät
1612 263 51 29 för
1677 264 126 34 ifråga-

301 314 150 30 varande
474 313 161 32 ändamål
659 312 186 37 medgivas.

344 366 117 31 Såsom
484 366 213 31 motionären
720 365 132 36 jämväl
876 366 129 29 erinrat
1028 365 89 30 hava
1140 365 39 30 de
1202 376 46 19 av
1271 366 120 30 chefen
1405 366 52 30 för
1466 366 334 36 jordbruksdeparte-

301 420 127 29 mentet
465 418 138 35 jämlikt
641 417 131 35 Kungl.
809 417 115 36 Maj:ts
958 417 276 36 bemyndigande
1270 417 66 31 den
1370 418 18 29 6
1421 417 174 31 december
1623 419 83 30 1918
1732 420 68 30 till-

301 470 133 31 kallade
472 470 215 35 sakkunniga
725 470 53 30 för
817 469 183 36 utredning
1042 470 10 29 i
1091 470 97 34 fråga
1226 480 55 20 om
1317 470 155 30 inhemsk
1504 470 228 37 tillverkning
1757 482 45 20 av

301 522 324 35 konstgödselmedel
660 522 65 30 den
750 522 40 30 10
814 531 90 21 mars
928 521 82 31 1921
1035 521 135 36 avgivit
1193 522 104 30 första
1320 522 97 30 delen
1440 532 42 20 av
1507 522 62 31 sitt
1592 522 210 33 betänkande

301 576 11 29 i
336 577 123 28 ämnet.
506 574 218 31 Beträffande
758 574 55 31 det
848 574 10 29 i
894 574 171 30 motionen
1100 574 139 30 berörda
1263 576 116 28 ämnet
1402 584 78 21 avse
1503 574 40 30 de
1567 575 235 36 sakkunnigas

301 628 128 34 förslag
466 627 71 31 dels
572 626 251 31 verkställande
855 636 44 20 av
922 626 238 36 systematiska
1183 626 297 36 undersökningar
1502 637 46 20 av
1571 627 64 30 den
1658 628 142 30 svenska

300 680 93 30 åker-
416 680 60 30 och
500 679 319 36 hagmarksjordens
843 678 190 30 kalkbehov
1057 679 60 29 och
1141 678 70 30 dels
1221 678 332 32 tillhandahållande
1566 689 43 20 av
1621 679 178 31 allmänna

302 732 107 31 medel
444 732 51 30 för
528 731 215 36 anläggande
777 741 43 20 av
844 730 231 31 kalkkvarnar
1098 731 60 30 och
1183 730 204 36 kalkugnar.
1434 731 16 30 TI
1474 731 211 32 sistnämnda
1708 743 93 20 avse-

301 785 84 30 ende
423 784 62 30 vill
524 784 167 31 utskottet
727 784 115 30 erinra
876 793 54 20 om
965 784 52 29 att
1054 783 81 30 1923
1159 784 55 29 års
1239 782 140 36 riksdag
1404 785 41 33 på
1474 784 257 36 framställning
1756 796 44 18 av

302 837 130 35 Kungl.
468 837 99 35 Maj:t
602 837 51 30 för
686 835 186 31 beredande
899 845 42 20 av
965 835 263 30 låneunderstöd
1252 836 37 29 åt
1314 835 126 36 företag
1465 836 53 30 för
1542 836 258 36 framställning

301 900 45 20 av
369 889 264 36 jordbrukskalk
657 888 137 30 anvisat
817 889 48 29 ett
887 887 118 35 anslag
1030 897 43 20 av
1098 888 114 34 30,000
1227 887 132 30 kronor.
1386 887 16 31 I
1414 888 110 30 denna
1538 888 131 35 Kungl.
1684 889 116 35 Maj:ts

303 942 254 35 framställning
591 942 120 35 avsågs
746 942 153 29 närmast
930 942 46 28 ett
1009 939 258 36 exploaterande
1290 950 46 19 av
1359 940 192 36 Bergsbyns
1576 940 224 36 kalstensfyn-

303 994 115 36 dighet
441 995 11 29 i
477 994 253 30 Västerbottens
754 994 68 29 län.
869 992 16 30 I
919 991 56 31 det
1009 1002 44 20 av
1089 991 177 36 riksdagen
1302 991 178 35 godkända
1504 992 184 35 utlåtande,
1713 994 88 29 vari-

303 1055 121 27 genom
447 1046 344 36 jordbruksutskottet
813 1044 184 36 tillstyrkte
1021 1043 140 31 berörda
1182 1043 139 36 förslag,
1337 1044 140 30 anförde
1494 1044 161 30 utskottet
1669 1044 132 31 huvud-

303 1099 152 35 sakligen
480 1098 159 35 följande.

347 1167 140 31 Jämväl
520 1167 164 30 utskottet
718 1175 99 20 anser
844 1167 48 28 att
915 1173 121 27 genom
1061 1166 48 28 ett
1132 1165 218 36 utnyttjande
1373 1175 43 20 av
1440 1166 137 30 särskilt
1601 1166 10 29 i
1635 1166 40 29 de
1699 1176 101 20 norra

303 1221 93 20 mera
419 1210 151 36 avlägset
594 1210 142 35 belägna
760 1209 139 31 delarna
933 1218 44 20 av
1011 1208 171 30 Norrland
1207 1208 178 35 befintliga
1409 1209 392 36 kalkstensfyndigheter

302 1254 187 31 avsevärda
523 1253 147 31 fördelar
701 1252 111 31 skulle
845 1253 115 30 kunna
984 1252 125 30 vinnas
1133 1252 52 29 för
1208 1252 225 36 närliggande
1456 1253 147 30 trakters
1626 1252 173 36 jordbruk,

304 1298 93 30 vilka
433 1298 95 35 eljest
556 1297 53 30 för
632 1296 153 36 fyllande
808 1306 45 20 av
877 1296 58 30 sitt
958 1295 107 30 behov
1089 1305 42 20 av
1156 1296 79 29 kalk
1259 1298 61 28 äro
1344 1296 160 30 beroende
1528 1306 45 20 av
1597 1296 74 31 med
1694 1296 107 36 dryga

303 1341 181 31 kostnader
507 1340 156 31 förenade
687 1340 104 35 långa
814 1339 291 36 kalktransporter
1141 1339 76 30 från
1241 1339 171 30 mellersta
1436 1339 149 36 Sverige.
1632 1339 169 36 Tillgodo-

304 1385 162 36 görandet
489 1395 43 20 av
558 1385 10 29 i
592 1385 94 29 orten
719 1383 179 35 befintliga
932 1382 220 31 förekomster
1179 1382 94 31 torde
1298 1383 53 30 för
1374 1382 251 37 ödebygdernas
1649 1383 152 30 vidkom-

304 1429 120 31 mande
458 1429 9 29 i
501 1428 87 30 vissa
621 1427 60 30 fall
706 1437 83 20 vara
812 1436 40 21 en
876 1426 244 35 förutsättning
1146 1426 50 30 för
1219 1427 49 29 att
1293 1426 80 30 kalk
1397 1426 293 36 överhuvudtaget
1714 1427 87 30 skall

304 1474 135 29 komma
478 1472 53 30 till
572 1470 235 36 användning.
865 1469 75 31 Med
975 1479 47 20 nu
1057 1469 125 39 antydd
1214 1470 259 35 utgångspunkt
1507 1480 98 25 synes
1640 1470 162 31 utskottet

303 1516 56 31 det
393 1515 228 36 föreliggande
656 1514 160 35 förslaget
842 1531 37 3 —
905 1513 106 30 vilket
1046 1512 200 36 visserligen
1282 1515 150 28 närmast
1467 1513 96 30 berör
1596 1515 47 29 ett
1673 1514 129 35 företag

304 1560 76 30 med
418 1569 40 21 ur
493 1556 485 37 kommunikationssynpunkt
1016 1565 92 21 mera
1142 1558 181 33 gynnsamt
1359 1557 74 34 läge
1458 1575 37 2 —
1522 1567 81 20 vara
1626 1559 103 34 ägnat
1753 1559 49 28 att

304 1604 79 30 böra
423 1603 107 30 vinna
568 1601 276 31 statsmakternas
882 1600 209 35 anslutning.
1143 1599 118 31 Därest
1299 1600 184 30 emellertid
1520 1601 213 35 upptagande
1757 1611 44 20 av

305 1647 205 35 förefintliga
549 1643 386 37 kalkstensfyndigheter
973 1643 87 30 skall
1099 1643 117 30 kunna
1250 1643 175 30 förväntas
1459 1643 55 30 ske
1547 1644 11 29 i
1583 1644 36 29 så
1642 1645 69 29 stor
1734 1654 69 20 om-

304 1691 161 34 fattning,
503 1691 50 29 att
590 1689 54 30 det
682 1689 67 29 kan
788 1688 95 29 bliva
918 1686 54 30 till
1005 1687 132 34 verklig
1161 1686 169 35 betydelse
1355 1687 9 29 i
1389 1687 218 30 förevarande
1630 1687 172 35 avseende,

304 1734 103 35 torde,
431 1734 110 29 såsom
564 1730 365 38 departementschefen
964 1731 122 34 antytt.
1123 1730 118 35 frågan
1266 1740 56 20 om
1346 1730 235 36 uppläggande
1604 1740 42 20 av
1670 1741 41 20 en
1735 1733 67 28 sär-

304 1778 90 30 skild
418 1776 80 31 fond
523 1776 51 30 för
597 1775 195 31 ändamålet
816 1774 53 30 för
892 1774 60 29 här
976 1773 261 35 ifrågavarande
1262 1774 147 30 trakters
1435 1774 262 30 vidkommande
1722 1774 79 30 böra

304 1823 96 33 tagas
423 1821 11 29 i
458 1819 243 36 övervägande.

348 1881 118 36 Enligt
505 1880 65 31 vad
604 1880 160 30 utskottet
798 1879 167 29 inhämtat
998 1880 37 27 är
1059 1877 39 30 de
1122 1877 241 31 ovannämnda
1387 1878 231 35 sakkunnigas
1642 1878 124 35 förslag
1793 1879 9 29 i

304 1934 122 35 övrigt,
461 1933 100 30 sedan
586 1931 192 31 infordrade
811 1930 195 31 utlåtanden
1042 1930 141 30 däröver
1206 1930 153 35 avgivits
1381 1939 43 21 av
1449 1930 353 36 lantbruksstyrelsen,

305 1986 162 36 styrelsen
491 1986 51 29 för
565 1983 297 32 centralanstalten
898 1983 51 29 för
972 1982 289 30 försöksväsendet
1284 1982 43 35 på
1355 1982 330 35 jordbruksområdet
1709 1983 60 29 och
1792 1983 8 29 i

306 2040 69 30 viss
398 2038 53 31 del
475 2050 44 19 av
542 2038 245 33 statskontoret,
812 2035 160 31 beroende
996 2035 41 35 på
1063 2034 128 35 Kungl.
1216 2034 117 36 Maj:ts
1359 2035 176 34 prövning.

351 2134 167 31 Utskottet
553 2134 61 29 har
650 2132 58 30 vid
742 2131 96 31 såväl
873 2131 81 30 1922
979 2140 73 20 som
1081 2129 78 31 1923
1184 2131 54 29 års
1262 2130 139 35 riksdag
1424 2130 93 31 ställt
1542 2130 52 35 sig
1618 2130 184 31 avvisande

305 2188 69 28 mot
412 2186 43 30 då
488 2185 198 30 motionsvis
719 2183 215 31 framkomna
962 2182 126 35 förslag
1111 2183 48 29 att
1182 2183 41 34 på
1247 2183 66 29 sätt
1337 2182 125 31 hittills
1486 2183 85 29 skett
1596 2183 205 30 beträffande

306 2238 113 31 landet
444 2238 10 29 i
478 2238 72 30 dess
575 2237 110 30 helhet
710 2237 114 29 lämna
848 2234 203 35 statsbidrag
1075 2234 54 30 till
1153 2234 153 35 lindring
1339 2245 45 19 av
1408 2234 317 31 fraktkostnaderna
1750 2235 53 29 för

305 2290 270 37 jordbrukskalk.
622 2290 160 29 Däremot
805 2288 63 30 har
891 2287 163 30 utskottet
1078 2287 10 29 i
1111 2286 176 30 utlåtande
1312 2296 42 20 nr
1379 2287 38 29 55
1435 2287 11 29 i
1470 2287 331 30 överensstämmelse

307 2343 74 30 med
406 2343 65 30 vad
495 2342 129 35 Kungl.
649 2341 100 36 Maj:t
775 2340 58 30 vid
858 2338 231 32 innevarande
1113 2338 135 35 riksdag
1272 2338 176 35 föreslagit
1471 2349 42 19 av
1542 2339 152 35 angivna
1729 2339 72 29 skäl

306 2395 167 36 tillstyrkt
497 2393 190 37 beviljande
722 2403 43 20 av
800 2392 120 31 sådant
948 2391 118 35 bidrag
1091 2391 9 29 i
1125 2391 95 35 fråga
1244 2400 55 20 om
1325 2390 287 36 kalktransporter
1635 2390 54 31 till
1713 2392 90 28 orter

306 2448 93 29 inom
434 2447 149 30 Dalarna
618 2446 59 30 och
714 2444 179 32 Norrland.
940 2443 171 31 Utskottet
1149 2442 90 31 delar
1263 2442 186 31 emellertid
1474 2443 224 30 motionärens
1722 2452 81 25 upp-

307 2500 149 33 fattning
491 2509 53 20 om
577 2497 270 31 önskvärdheten
882 2506 43 20 av
959 2497 48 29 att
1043 2495 132 30 utfinna
1211 2495 100 34 något
1336 2496 76 34 sätt,
1437 2495 193 35 varigenom
1656 2512 37 3 —
1719 2497 83 27 utan
