1882 2776
309 162 18 26 6
585 165 401 39 Bevillningsutskottets
1007 169 217 33 betänkande
1245 182 42 20 nr
1307 174 38 29 31
1369 174 39 30 år
1432 176 80 29 1961

314 269 108 29 under
446 270 260 39 förutsättning,
733 275 50 29 att
808 274 65 31 den
894 277 150 30 avsedda
1067 278 276 39 begränsningen
1369 290 42 21 av
1435 282 354 33 skattelättnadernas

312 314 212 37 omfattning
544 315 75 31 icke
640 317 184 37 äventyras
846 327 122 29 genom
991 331 42 20 en
1055 323 153 30 extensiv
1226 324 222 39 tillämpning
1469 336 43 20 av
1530 328 40 29 de
1594 328 195 39 föreslagna

312 357 408 41 beskattningsreglerna,
742 372 102 21 anser
863 365 340 39 trafikutredningen
1223 368 75 31 icke
1317 371 50 28 att
1387 370 180 32 desamma
1584 373 131 30 behöva
1735 375 55 29 be-

313 402 93 30 faras
436 403 173 38 föregripa
640 406 66 29 den
736 407 174 37 pågående
942 409 191 38 översynen
1161 421 42 21 av
1229 413 445 40 vägtrafikbeskattningen
1704 421 85 27 utan

312 447 144 29 fastmer
476 448 121 31 kunna
618 457 38 29 ge
677 451 236 31 erfarenheter
930 462 42 21 av
992 455 104 30 värde
1114 456 53 29 för
1187 457 153 30 nämnda
1361 454 158 46 översyn.

356 493 12 28 I
393 494 152 37 enlighet
569 498 77 29 med
674 498 83 30 1959
782 499 57 30 års
862 500 161 38 riksdags
1048 503 111 30 beslut
1189 504 118 34 (Rskr.
1331 505 94 36 211),
1452 515 74 21 som
1553 507 167 37 grundats
1746 508 42 37 på

306 540 261 35 propositionen
594 542 96 30 1959:
708 543 39 30 77
772 544 65 29 och
862 545 528 41 invalidfordonsutredningens
1416 551 75 29 däri
1517 553 177 36 upptagna
1720 552 69 30 för-

311 582 81 37 slag,
415 583 71 30 kan
507 584 141 37 jämlikt
669 587 82 30 1922
774 588 56 30 års
848 591 515 40 automobilskatteförordning
1383 612 45 4 —
1448 595 10 29 i
1480 596 79 29 dess
1581 596 128 37 lydelse
1732 606 56 21 en-

311 626 60 37 ligt
394 627 232 38 kungörelsen
652 631 165 31 1959:163
840 650 45 5 —
909 634 274 33 skattebefrielse
1209 637 54 30 för
1287 639 235 37 motorcyklar
1547 650 42 20 av
1612 640 68 31 alla
1706 640 81 38 slag,

310 672 214 35 personbilar
546 674 78 30 med
647 675 101 37 högst
772 677 12 28 1
802 677 62 31 800
886 678 45 37 kg
952 679 206 37 tjänstevikt
1179 682 65 30 och
1266 683 93 30 vissa
1381 684 143 30 därmed
1546 685 242 37 jämställbara

310 715 155 31 lastbilar
481 718 140 37 medges
638 729 42 20 av
693 720 232 38 länsstyrelse,
944 724 64 29 när
1022 724 159 32 fordonet
1198 727 80 36 äges
1295 736 42 21 av
1352 728 205 38 höggradigt
1573 731 124 29 vanför
1713 740 75 28 per-

311 769 70 25 son,
406 769 74 21 som
504 762 146 31 innehar
673 764 146 32 körkort
842 766 53 30 för
916 767 161 32 fordonet
1098 770 64 29 och
1186 780 74 21 som
1284 771 54 30 för
1362 772 55 30 sin
1440 773 256 39 huvudsakliga
1719 775 69 30 för-

308 804 324 33 värvsverksamhet
653 808 82 30 eller
756 809 54 30 för
831 810 52 30 sin
904 811 198 39 utbildning
1122 814 38 29 är
1180 815 173 38 varaktigt
1372 817 172 31 beroende
1565 828 41 21 av
1627 819 161 31 fordonet

309 849 113 29 såsom
440 850 398 39 fortskaffningsmedel.
860 855 281 33 Skattebefrielse
1158 859 54 30 för
1231 861 237 37 motorcyklar
1487 863 65 29 och
1571 864 216 36 personbilar

308 893 69 29 kan
399 894 145 31 sålunda
566 896 149 31 erhållas
734 898 88 30 efter
841 899 309 40 behovsprövning,
1169 906 133 28 oavsett
1318 914 57 20 om
1395 905 162 32 fordonet
1577 908 38 29 är
1634 910 153 29 utrustat

309 938 113 29 såsom
448 939 259 32 invalidfordon
733 942 82 30 eller
840 943 43 37 ej.
909 945 223 38 Motorcykel,
1159 957 73 21 som
1258 949 38 29 är
1321 950 154 31 inrättad
1502 951 114 30 såsom
1641 952 146 30 invalid-

309 982 123 30 fordon
456 984 63 29 och
542 993 78 22 vars
642 986 321 40 maximihastighet
986 990 75 31 icke
1081 991 186 38 överstiger
1291 994 39 29 30
1350 994 170 36 km/tim.,
1544 996 38 29 är
1604 996 118 31 vidare
1743 1015 44 4 —

308 1028 83 28 utan
411 1027 95 37 dylik
526 1028 301 41 behovsprövning
846 1050 44 4 -—
909 1033 165 32 frikallad
1098 1036 77 30 från
1198 1037 214 38 skatteplikt.

354 1071 80 30 1959
456 1072 58 30 års
535 1073 275 38 riksdagsbeslut
831 1077 144 31 innebar
996 1081 49 28 att
1068 1080 143 37 tidigare
1232 1082 168 36 gällande,
1419 1084 44 37 på
1484 1085 302 39 behovsprövning

306 1116 158 35 grundad
485 1117 275 32 skattebefrielse
784 1120 54 30 för
859 1123 226 36 personbilar,
1109 1125 172 31 inrättade
1304 1127 114 30 såsom
1441 1129 268 37 invalidfordon,
1734 1134 52 28 ut-

308 1160 168 31 sträcktes
500 1161 53 30 till
578 1164 51 29 att
652 1172 80 22 avse
756 1165 43 36 på
824 1165 300 40 behovsprövning
1149 1170 158 36 grundad
1333 1172 276 33 skattebefrielse
1635 1175 53 30 för
1712 1172 73 46 per-

308 1206 305 31 sonmotorfordon
632 1225 45 4 —
699 1210 79 29 med
800 1209 81 30 eller
904 1212 86 29 utan
1015 1212 293 39 invalidaggregat
1329 1233 46 4 —
1396 1217 93 30 vilka
1515 1218 113 31 såsom
1655 1220 129 30 sådana

305 1249 176 31 erfordras
502 1250 55 30 för
577 1251 149 32 invalids
746 1253 265 40 fortskaffning.
1032 1256 182 39 Samtidigt
1234 1259 169 31 bibehölls
1424 1261 67 30 den
1509 1263 107 30 sedan
1634 1263 80 38 lång
1735 1265 47 29 tid

305 1293 143 31 tillbaka
470 1295 159 36 gällande
651 1298 171 35 generella
846 1298 265 33 skattefriheten
1133 1302 54 30 för
1208 1303 409 40 hastighetsbegränsade
1639 1308 145 30 invalid-

305 1339 235 36 motorcyklar
560 1357 45 4 —
625 1341 54 29 väl
702 1342 157 31 närmast
881 1353 41 21 av
944 1344 57 30 det
1025 1345 110 31 skälet
1157 1349 50 27 att
1227 1348 57 29 det
1306 1358 67 28 nya
1395 1352 165 34 systemet
1582 1352 75 30 icke
1678 1353 106 30 borde

305 1382 102 29 lända
425 1383 52 30 till
493 1383 257 39 inskränkning
768 1396 42 20 av
827 1387 56 30 det
901 1388 296 33 lättnadsområde
1218 1400 74 21 som
1311 1393 106 30 redan
1435 1394 147 37 tidigare
1601 1396 145 31 funnits.

348 1427 357 39 Trafikutredningen
722 1431 38 29 är
778 1431 55 29 för
848 1433 217 31 närvarande
1081 1435 74 29 icke
1171 1436 127 31 beredd
1313 1439 49 28 att
1379 1438 136 30 biträda
1529 1449 42 20 en
1588 1437 194 46 principiell

304 1471 204 38 utvidgning
526 1482 42 21 av
584 1474 158 30 området
760 1475 53 29 för
831 1476 158 36 gällande
1009 1478 287 32 skattelättnader
1313 1491 42 20 av
1372 1481 63 31 här
1454 1483 227 32 förevarande
1700 1486 82 37 slag.

306 1516 234 38 Utredningen
565 1517 38 30 är
627 1518 31 36 ej
685 1519 108 30 heller
816 1520 125 31 beredd
967 1524 51 28 att
1043 1523 44 37 på
1108 1526 201 29 nuvarande
1333 1527 360 37 utredningsstadium
1716 1531 67 29 till-

304 1560 118 36 styrka
440 1563 50 27 att
504 1562 152 30 motiven
674 1563 54 29 för
744 1564 221 31 skattefrihet
981 1567 126 31 utökas
1124 1569 63 29 när
1204 1569 57 29 det
1278 1570 106 36 gäller
1402 1571 130 30 sådana
1549 1575 234 36 motorcyklar

304 1604 63 29 och
389 1606 225 35 personbilar,
638 1607 112 31 vilkas
773 1608 206 37 tjänstevikt
999 1611 31 37 ej
1055 1612 186 37 överstiger
1264 1614 62 31 550
1345 1614 55 38 kg.
1423 1616 165 31 Däremot
1606 1627 102 21 anser
1730 1622 52 27 ut-

304 1649 189 37 redningen
515 1652 50 27 att
586 1651 57 30 det
664 1651 69 31 kan
755 1652 82 31 böra
859 1655 151 35 utredas,
1033 1656 170 31 huruvida
1226 1658 168 36 gällande,
1418 1669 42 20 av
1481 1661 301 40 behovsprövning

303 1693 191 31 oberoende
520 1694 190 32 frikallelse
736 1697 79 30 från
840 1698 204 38 skatteplikt
1069 1700 54 30 för
1145 1701 407 39 hastighetsbegränsade
1578 1706 204 32 invalidmo-

303 1738 175 36 torcyklar
498 1738 187 39 lämpligen
703 1741 62 29 bör
784 1742 147 32 omfatta
948 1743 69 31 alla
1039 1744 128 31 sådana
1187 1747 79 29 med
1286 1747 295 40 invalidaggregat
1602 1752 180 31 utrustade

302 1783 235 36 motorcyklar
556 1784 64 30 och
639 1786 226 36 personbilar,
887 1796 73 21 som
980 1788 45 30 ha
1044 1789 100 37 högst
1163 1791 61 29 550
1244 1791 46 37 kg
1308 1791 217 37 tjänstevikt.
1545 1795 236 38 Utredningen

302 1827 63 28 har
386 1827 192 31 emellertid
601 1829 74 30 icke
697 1829 57 30 vid
775 1831 66 29 den
862 1831 177 37 pågående
1060 1833 191 38 översynen
1272 1845 42 20 av
1335 1836 446 41 vägtrafikbeskattningen

302 1871 93 29 ännu
421 1871 189 31 behandlat
634 1873 113 31 denna
773 1875 99 36 fråga
895 1876 65 29 och
982 1877 70 29 kan
1078 1877 118 31 därför
1219 1879 75 30 icke
1320 1887 38 30 ge
1384 1881 106 37 några
1516 1883 161 31 närmare
1703 1894 78 28 syn-

303 1915 150 35 punkter
474 1916 52 29 till
549 1916 140 38 ledning
712 1919 54 29 för
789 1919 140 37 frågans
950 1920 219 39 bedömning.

954 2018 173 31 Utskottet

344 2093 119 29 Såsom
483 2093 155 38 framgår
656 2105 40 20 av
715 2096 65 30 den
799 2106 87 21 ovan
906 2098 160 31 lämnade
1086 2100 239 37 redogörelsen
1343 2103 38 29 är
1399 2104 235 33 invalidernas
1652 2110 127 29 motor-

302 2146 122 29 fordon
446 2147 9 28 i
473 2147 71 30 viss
568 2149 241 38 utsträckning
832 2150 151 38 fritagna
1006 2152 78 30 från
1107 2153 239 33 fordonsskatt
1367 2156 106 39 enligt
1491 2160 288 32 automobilskat-

301 2200 293 37 teförordningen.
617 2201 151 31 Sålunda
791 2203 181 38 föreligger
993 2207 212 29 automatisk
1226 2208 222 32 skattefrihet
1465 2211 55 30 för
1541 2221 25 21 s.
1581 2213 32 29 k.
1635 2213 145 31 invalid-

300 2253 222 36 motorcykel,
544 2254 71 30 dvs.
635 2256 223 37 motorcykel,
880 2266 73 21 som
973 2258 40 30 är
1031 2259 152 30 inrättad
1204 2261 114 30 såsom
1338 2262 259 33 invalidfordon
1616 2267 65 29 och
1699 2277 80 21 vars

300 2306 320 38 maximihastighet
639 2307 76 31 icke
730 2309 187 38 överstiger
936 2311 40 30 30
997 2312 158 35 km/tim.
1176 2313 125 31 Vidare
1321 2315 80 37 äger
1420 2316 249 39 länsstyrelsen
1685 2321 94 29 med-

299 2367 38 28 ge
359 2360 160 29 befrielse
542 2361 78 30 från
642 2361 204 38 skatteplikt
865 2363 54 30 för
938 2365 250 36 motorfordon,
1213 2376 73 21 som
1308 2368 79 37 äges
1409 2379 42 21 av
1471 2371 204 38 höggradigt
1696 2383 82 20 van-

300 2413 52 28 för
374 2421 134 28 person,
532 2414 110 30 under
664 2415 251 39 förutsättning
935 2419 51 28 att
1006 2418 256 31 vederbörande
1284 2421 55 30 för
1360 2422 53 30 sin
1431 2423 256 38 huvudsakliga
1710 2426 68 30 för-

300 2466 322 31 värvsverksamhet
643 2468 82 30 eller
747 2469 54 30 för
823 2470 52 30 sin
897 2470 197 39 utbildning
1112 2472 37 29 är
1170 2473 173 39 varaktigt
1364 2475 170 33 beroende
1554 2486 42 22 av
1617 2478 161 33 fordonet
