2196 2618
421 179 19 27 6
614 179 122 30 Försla
760 179 216 31 kammarens
1002 179 126 32 första
1154 180 172 40 tillfälliga
1353 181 139 30 utskotts
1518 182 173 30 utlåitande
1716 183 49 28 Nr
1790 184 30 29 9.

421 260 77 33 åter
526 258 209 36 utsikterna
763 260 56 35 för
849 272 46 23 en
925 260 164 48 objektiv
1120 261 69 36 och
1216 260 190 48 likformig
1435 262 147 46 lösning
1612 262 260 48 otvivelaktigt
1892 263 120 36 skulle

421 311 234 48 väsentligen
683 312 99 36 ökas.

526 365 74 36 Det
628 371 40 30 är
697 366 205 36 emellertid
931 368 220 45 uppenbart,
1184 371 53 32 att
1266 369 71 34 den
1367 370 161 34 nämnda
1554 370 268 45 grundsatsens
1843 376 169 31 närmare

421 418 228 48 utformning
692 421 67 35 och
801 420 253 48 begränsning
1096 421 172 49 erbjuder
1296 422 150 48 mycket
1475 427 98 31 stora
1603 423 241 47 svårigheter.
1903 425 17 34 I
1951 425 62 35 det

421 484 43 23 av
494 472 231 37 motionären
754 475 223 35 omnämnda
1005 476 191 46 yttrandet
1225 476 71 34 den
1328 478 46 33 25
1407 476 147 47 augusti
1587 479 93 33 1921
1719 490 44 22 av
1792 477 220 36 kommittén

419 525 56 36 för
516 526 124 47 frågor
681 528 156 35 rörande
879 528 238 36 nationernas
1160 529 169 45 förbund,
1365 530 135 35 uttalas
1530 535 94 31 även
1654 534 54 31 att
1742 531 92 35 »den
1865 531 148 48 mycket

419 579 285 47 betydelsefulla
746 582 248 46 grundsatsen
1037 595 56 23 om
1138 582 344 37 nationaliteternas
1527 587 74 32 rätt
1642 583 82 36 icke
1766 590 98 30 ännn
1907 586 105 35 torde

419 645 87 23 vara
549 633 55 36 till
648 634 57 35 sin
744 635 180 35 innebörd
966 635 220 48 tillräckligt
1214 636 205 36 undersökt
1448 637 67 36 och
1545 637 170 44 utbredd,
1746 638 55 35 för
1830 641 53 33 att
1911 639 101 35 kom-

420 686 130 36 mittén
593 688 120 35 skulle
756 701 87 23 vara
886 689 12 35 i
931 689 145 35 tillfälle
1113 693 53 32 att
1194 702 51 23 nu
1272 690 56 35 för
1356 691 139 46 Kungl.
1527 691 110 48 Maj:t
1664 692 205 47 framlägga
1898 694 115 45 något

419 739 136 48 förslag
585 745 54 32 att
667 743 245 35 underställas
942 742 250 37 Nationernas
1221 743 197 36 förbund»>.

525 795 233 35 Motionären
800 808 110 35 synes
954 808 98 32 anse,
1099 800 54 32 att
1187 798 61 34 det
1275 797 234 47 lämpligaste
1538 798 391 47 tillvägagångssättet
1957 800 55 35 för

419 847 223 48 främjandet
684 861 44 23 av
767 850 71 34 den
880 849 284 48 ifrågavarande
1205 851 268 45 grundsatsens
1507 852 210 46 antagande
1752 855 117 33 såsom
1901 853 111 35 inter-

419 900 179 37 nationell
640 903 62 46 lag
743 903 120 35 skulle
896 916 86 23 vara
1012 907 53 32 ett
1094 904 155 36 svenskt
1276 904 163 37 initiativ
1468 906 158 34 rörande
1655 905 204 47 problemet
1885 906 13 35 i
1927 906 84 36 hela

420 955 82 34 dess
545 955 101 45 vidd,
676 957 214 46 ytterligare
925 956 235 37 kombinerat
1193 958 82 35 med
1304 958 131 47 frågan
1465 971 55 23 om
1551 971 170 23 rasernas
1750 959 258 47 likställighet.

419 1008 86 35 Med
534 1009 146 48 hänsyn
709 1010 205 36 emellertid
943 1011 56 35 till
1031 1012 70 35 vad
1131 1024 94 23 ovan
1255 1016 100 42 sagts
1385 1024 57 23 om
1468 1013 45 34 de
1547 1012 242 47 svårigheter,
1825 1025 76 24 som
1933 1014 77 35 där-

420 1062 61 35 vid
524 1066 109 40 möta,
680 1063 116 36 vilket
837 1063 13 35 i
892 1064 111 35 minst
1035 1064 78 35 lika
1147 1065 74 46 hög
1248 1066 91 45 grad
1368 1066 96 35 lärer
1492 1065 98 47 gälla
1619 1066 228 36 beträffande
1877 1068 133 46 grund-

419 1119 124 32 satsen
587 1129 56 22 om
688 1129 168 24 rasernas
897 1117 258 47 likställighet,
1195 1118 103 35 torde
1333 1119 63 34 det
1424 1119 127 35 kunna
1581 1119 193 44 betvivlas,
1806 1123 54 33 att
1888 1121 122 35 denna

419 1169 248 36 motionärens
708 1170 239 48 uppfattning
989 1176 40 30 är
1069 1171 125 47 riktig.
1253 1171 192 37 Utskottet
1487 1177 39 30 är
1569 1185 149 23 snarare
1761 1173 78 48 böjt
1871 1174 56 35 för
1957 1177 54 33 att

419 1223 106 34 ställa
555 1226 116 32 större
700 1223 291 48 förhoppningar
1020 1227 46 44 på
1097 1225 72 35 den
1200 1226 132 42 metod,
1364 1237 77 24 som
1466 1226 115 35 redan
1609 1226 128 36 inletts
1768 1228 68 34 och
1865 1240 77 23 som
1964 1240 45 24 av

419 1276 229 36 motionären
690 1277 152 36 kritiskt
884 1283 225 31 omnämnes.
1169 1279 112 34 Detta
1323 1278 275 48 förfaringssätt
1639 1279 124 37 består
1792 1281 132 44 däruti,
1957 1284 53 33 att

418 1329 181 36 särskilda
638 1330 99 36 sidor
779 1344 45 22 av
867 1332 214 46 problemet,
1128 1344 75 24 som
1239 1337 60 30 äro
1330 1344 134 35 mogna
1492 1333 56 35 för
1577 1333 124 36 direkt
1729 1334 158 47 lösning,
1918 1335 92 36 först

418 1386 182 44 upptagas
630 1384 57 36 till
716 1385 455 47 internationellt-rättslig
1199 1385 240 47 behandling.
1491 1387 191 35 Utskottet
1710 1387 141 35 erinrar
1879 1400 56 23 om
1963 1389 44 34 de

417 1437 187 47 framsteg,
650 1450 75 24 som
766 1440 120 34 under
914 1440 70 34 den
1014 1442 147 32 senaste
1191 1439 103 36 tiden
1323 1439 199 47 onekligen
1550 1439 117 48 gjorts
1698 1441 226 46 därigenom,
1955 1445 55 32 att

418 1492 178 45 spörsmål
625 1492 155 35 rörande
811 1493 44 34 de
884 1492 97 36 inom
1014 1493 98 35 vissa
1141 1493 130 35 länder
1295 1493 192 46 befintliga
1506 1494 204 35 nationella
1731 1494 278 36 minoriteterna

417 1544 196 36 förklarats
656 1546 47 34 ha
744 1545 276 37 internationell
1062 1546 176 36 karaktär
1281 1547 67 35 och
1392 1548 155 34 sålunda
1575 1547 84 36 icke
1687 1549 128 45 längre
1845 1561 88 23 vara
1962 1561 46 23 en

417 1601 82 32 rent
540 1599 80 35 inre
664 1599 114 47 fråga,
823 1612 76 23 som
943 1605 155 41 avgöres
1142 1601 83 34 med
1268 1600 228 47 maktspråk.
1553 1601 18 34 I
1601 1613 47 23 en
1678 1602 59 34 del
1767 1613 45 24 av
1842 1603 44 34 de
1916 1602 94 35 efter

417 1652 250 47 världskriget
709 1653 194 36 tillkomna
945 1654 332 35 fredstraktaterna
1317 1653 107 48 givas
1466 1654 278 36 bestämmelser
1783 1667 45 24 av
1864 1655 145 47 ganska

418 1705 194 47 detaljerat
653 1706 166 36 innehåll
862 1707 191 47 angående
1097 1708 45 35 de
1185 1707 203 36 nationella
1422 1707 297 37 minoriteternas
1748 1709 260 47 rättigheter
1988 1701 23 59 i

417 1758 99 35 olika
559 1760 223 43 avseenden,
827 1761 68 34 och
938 1761 280 36 efterlevnaden
1261 1773 44 22 av
1341 1761 106 35 dessa
1476 1761 279 36 bestämmelser
1783 1762 96 35 skall
1908 1767 100 31 över-

417 1812 114 35 vakas
561 1824 46 24 av
636 1812 248 37 Nationernas
912 1814 170 36 förbund.
1139 1814 137 36 Vidare
1306 1814 138 35 brukar
1463 1815 251 36 Nationernas
1734 1815 178 36 förbunds
1938 1817 70 34 för-

417 1865 158 47 samling
617 1870 87 43 taga
746 1866 225 37 förbindelse
1014 1879 45 24 av
1098 1868 291 47 nytillträdande
1420 1868 239 36 medlemmar
1687 1869 12 35 i
1727 1869 199 36 förbundet
1955 1873 54 32 att

417 1921 107 44 åtaga
554 1919 58 47 sig
641 1920 177 36 liknande
847 1921 260 47 förpliktelser.
1167 1921 197 47 Klagomål
1392 1921 80 36 från
1493 1922 297 36 minoriteternas
1814 1922 79 36 sida
1918 1935 89 35 upp-

417 1976 104 43 tagas
563 1972 57 37 till
662 1974 183 47 prövning
889 1987 45 24 av
962 1975 297 44 förbundsrådet,
1290 1987 75 24 som
1397 1975 11 35 i
1433 1975 301 36 förekommande
1762 1975 65 36 fall
1851 1976 75 35 kan
1955 1977 52 34 in-

416 2027 125 35 hämta
570 2028 174 46 yttrande
773 2040 45 24 av
847 2028 217 36 förbundets
1080 2029 97 35 fasta
1193 2030 156 34 domstol
1374 2029 12 34 i
1407 2029 118 47 Haag.
1572 2030 198 35 Dessutom
1798 2034 87 43 äger
1904 2029 102 48 varje

417 2083 82 37 stat,
544 2092 77 24 som
665 2086 40 30 är
747 2082 156 35 medlem
939 2095 43 23 av
1012 2082 296 44 förbundsrådet,
1340 2083 84 34 med
1453 2083 80 35 stöd
1565 2095 44 23 av
1640 2082 325 37 bestämmelserna
1994 2082 13 36 i

416 2133 154 36 berörda
614 2135 182 35 traktater
838 2137 67 34 och
935 2136 256 43 förbindelser,
1222 2135 262 48 självständigt
1514 2136 132 47 bringa
1675 2137 97 35 inför
1801 2136 205 35 domstolen

417 2188 122 46 frågor
566 2189 158 35 rörande
753 2189 214 47 kränkning
996 2202 45 23 av
1071 2202 46 23 en
1148 2189 347 36 minoritetstraktat
1524 2202 131 34 genom
1687 2190 188 48 stämning
1894 2191 20 32 å
1935 2189 71 37 den

417 2244 83 42 stat,
532 2253 76 24 som
640 2244 123 45 påstås
793 2243 47 34 ha
870 2243 96 48 gjort
995 2243 57 48 sig
1080 2243 151 48 skyldig
1260 2242 55 37 till
1345 2248 215 43 övergrepp.
