1922 2852
540 172 368 28 Konstitutionsutskottets
930 171 151 29 utlåtande
1104 170 43 29 Nr
1172 175 47 24 17.
1619 171 9 28 l

807 601 60 41 Nr
896 601 59 42 17.

568 742 117 28 Ankom
709 742 46 28 till
778 743 172 33 riksdagens
974 742 93 28 kansli
1092 743 57 27 den
1174 745 36 25 25
1236 743 72 34 april
1334 745 79 26 1925
1439 744 37 27 kl.
1503 746 14 25 1
1544 754 24 17 e.
1594 754 37 17 m.

353 862 436 34 Konstitutionsutskottets
815 864 173 33 utlåtande
1014 867 11 29 i
1051 865 179 38 anledning
1256 877 41 20 av
1324 866 120 32 väckta
1472 868 159 30 motioner

573 926 51 20 om
649 914 259 39 offentligheten
933 927 41 20 av
998 918 90 30 vissa
1112 915 212 40 handlingar.

174 1046 19 32 I
214 1046 178 41 särskilda,
413 1047 89 33 inom
523 1047 108 33 första
653 1047 192 34 kammaren
867 1048 122 33 väckta
1011 1049 169 40 motioner,
1203 1062 38 20 nr
1265 1051 184 40 193—195,
1472 1051 61 32 har
1554 1051 77 32 herr

130 1096 198 41 Lindhagen
350 1097 187 33 hemställt:

218 1162 37 42 a)
283 1165 13 32 i
315 1165 165 33 motionen
500 1177 41 21 nr
561 1166 72 40 193,

175 1226 71 30 »att
269 1223 180 40 riksdagen
471 1225 79 33 ville
574 1225 145 40 anhålla,
742 1229 51 29 att
815 1226 195 40 regeringen
1032 1228 103 32 måtte
1158 1228 176 39 förelägga
1359 1228 180 41 riksdagen
1562 1229 66 33 för-

130 1274 75 40 slag
227 1287 50 21 om
300 1275 120 33 sådant
441 1276 125 39 tillägg
587 1276 53 32 till
662 1276 474 42 tryckfrihetsförordningen,
1158 1279 193 39 varigenom
1374 1280 73 32 med
1466 1280 162 33 erforder-

130 1324 70 39 liga
222 1325 174 40 undantag
416 1326 214 33 kommunala
653 1326 218 40 handlingars
896 1328 219 40 offentlighet
1137 1329 65 32 blir
1224 1330 129 39 tydligt
1377 1331 206 39 lagfästad.»

214 1391 38 42 b)
279 1394 12 32 i
316 1394 165 33 motionen
505 1406 40 20 nr
568 1395 73 39 194,

175 1454 72 29 »att
268 1450 182 41 riksdagen
471 1452 80 33 ville
572 1452 58 33 hos
653 1453 195 39 regeringen
869 1454 136 33 anhålla
1027 1466 51 21 om
1101 1458 47 30 ett
1168 1457 242 39 övervägande,
1432 1457 12 32 i
1465 1457 65 33 vad
1552 1458 76 32 mån

127 1500 176 40 publicitet
321 1502 59 33 bör
399 1503 163 40 tilläggas
582 1503 91 33 vissa
691 1504 171 33 allmänna
880 1517 44 20 av
944 1506 187 39 Konungen
1153 1507 211 33 stadfästade
1383 1508 244 40 inrättningars

129 1551 60 33 och
208 1551 181 34 stiftelsers
408 1553 212 40 handlingar,
641 1554 86 33 ändå
747 1558 51 29 att
816 1555 229 40 inrättningen
1065 1556 81 33 eller
1164 1557 169 33 stiftelsen
1353 1558 31 39 ej
1403 1558 164 33 förvaltas
1587 1571 42 20 av

128 1601 161 41 offentlig
310 1602 198 40 myndighet
529 1603 81 33 eller
630 1605 271 40 representation,
924 1609 85 29 samt
1030 1606 258 39 framläggande
1310 1608 54 32 för
1385 1607 180 41 riksdagen
1586 1621 43 21 av

128 1650 131 40 förslag
281 1652 55 33 till
360 1652 62 33 den
446 1652 143 41 ändring
611 1654 12 31 i
647 1654 474 42 tryckfrihetsförordningen,
1144 1657 117 32 vartill
1285 1657 92 33 detta
1397 1659 231 39 övervägande

126 1700 68 33 kan
215 1701 206 34 föranleda.»

215 1766 35 41 ce)
277 1768 13 33 i
310 1769 165 33 motionen
498 1782 40 20 nr
562 1771 73 39 195,

173 1828 73 30 »att
271 1826 180 40 riksdagen
476 1827 80 33 ville
581 1827 145 41 anhålla,
754 1832 50 29 att
829 1830 195 39 regeringen
1049 1832 103 32 måtte
1175 1852 45 3 —
1244 1836 117 29 utöver
1387 1833 64 33 vad
1477 1834 12 32 i
1514 1834 112 33 motio-

129 1886 103 22 nerna
256 1887 40 21 nr
321 1877 63 32 193
412 1876 60 34 och
502 1878 62 32 194
590 1877 201 40 ifrågasatts
817 1899 45 4 —
888 1879 126 38 jämväl
1039 1885 177 36 överväga,
1244 1882 168 33 huruvida
1438 1884 59 32 och
1523 1884 12 32 i
1561 1885 66 32 vad

129 1926 76 32 mån
224 1927 117 39 övriga
361 1939 26 22 s.
406 1927 35 34 k.
459 1927 167 39 juridiska
645 1940 173 27 personers
837 1930 202 40 handlingar
1059 1931 79 33 böra
1157 1932 223 36 underkastas
1399 1934 228 40 offentlighet,

130 1980 86 30 samt
239 1977 54 33 för
317 1977 181 41 riksdagen
522 1979 193 40 framlägga
740 1980 54 33 det
819 1980 131 41 förslag
973 1994 51 20 om
1048 1983 125 40 tillägg
1195 1984 54 32 till
1273 1984 353 39 tryckfrihetsförord-

128 2027 133 41 ningen,
284 2041 70 21 som
376 2041 43 21 av
444 2030 90 33 detta
557 2031 231 39 övervägande
807 2031 67 34 kan
898 2032 224 35 föranledas.»

173 2094 223 36 Beträffande
418 2097 239 40 motiveringen
679 2099 56 32 får
755 2099 166 34 utskottet
941 2100 141 34 hänvisa
1102 2101 55 33 till
1177 2103 215 34 motionerna.

174 2253 115 36 Såsom
313 2256 13 33 i
348 2256 242 41 motiveringen
613 2258 55 33 till
691 2258 164 34 motionen
881 2259 111 34 I:193
1016 2261 138 41 erinras,
1180 2267 38 28 är
1240 2261 57 35 det
1320 2264 183 41 omtvistat,
1526 2265 99 33 huru-

128 2306 79 34 vida
226 2307 61 33 den
308 2308 12 32 i
344 2308 19 40 $
386 2309 18 32 2
427 2310 56 32 4:0o
504 2308 464 43 tryckfrihetsförordningen
988 2313 176 39 uttryckta
1185 2314 223 39 grundsatsen
1430 2328 50 20 om
1503 2316 122 34 offent-

130 2358 105 39 lighet
255 2359 54 33 för
328 2359 191 34 »allmänna
538 2360 142 34 ärenden
700 2362 140 33 rörande
858 2362 222 41 handlingar»
1101 2364 88 33 skall
1208 2377 96 21 anses
1324 2367 92 38 gälla
1436 2372 82 28 även
1537 2367 89 33 kom-

129 2409 135 33 munala
282 2409 213 41 handlingar.
535 2408 35 36 Å
589 2423 60 22 ena
669 2413 96 32 sidan
784 2413 62 33 har
863 2426 77 20 man
960 2414 199 42 framhållit,
1178 2419 51 30 att
1247 2416 193 34 kommuner
1459 2419 60 33 och
1537 2419 90 33 kom-

129 2460 135 33 munala
283 2461 203 41 handlingar
504 2462 73 34 icke
592 2467 138 30 nämnas
749 2464 13 32 i
780 2464 221 34 omförmälda
1022 2466 194 41 stadgande,
1236 2468 60 33 och
1313 2468 103 34 härur
1435 2470 112 40 dragit
1567 2470 60 34 den

165 2533 118 35 Bihang
306 2534 47 29 till
375 2534 172 35 riksdagens
567 2536 142 34 protokoll
734 2538 89 27 1925.
870 2539 17 27 5
910 2538 82 28 saml.
1040 2541 37 26 16
1102 2538 74 35 häft.
1222 2536 57 35 (Nr
1303 2537 63 35 17.)
1571 2541 15 29 1

1658 2275 169 28 Utskottets

1664 2309 150 34 yttrande.

1665 2359 148 27 Motionen

1690 2393 26 27 I:
1735 2394 57 26 193.
