2171 2659
652 151 244 33 Stalsulskottels
928 152 167 33 Utlåtande
1118 153 64 32 N:o
1207 155 74 30 137.
1648 150 5 6 |
1746 156 20 29 D

273 244 287 42 chefsbostaden,
590 244 156 48 uppförd
774 246 40 34 år
846 247 99 33 1894
979 245 67 36 och
1076 244 128 37 inredd
1232 245 57 36 till
1319 248 20 33 6
1369 258 90 33 rum,
1491 245 104 37 arkiv
1627 258 46 23 m.
1704 258 59 33 m.,

166 312 50 23 nu
244 299 178 37 värderad
449 298 57 37 till
536 301 114 43 6,000
680 299 145 45 kronor,

273 353 316 48 majorsbostaden,
629 353 158 48 uppförd
824 365 134 24 samma
1001 356 39 33 år
1081 355 66 35 och
1184 354 254 36 innehållande
1469 358 18 33 7
1518 367 78 23 rum
1627 367 44 23 m.
1704 367 59 32 m.,

167 408 177 37 värderad
372 407 57 37 till
458 410 115 42 4,800
604 407 143 46 kronor,

274 462 458 48 expeditionsbyggnaden,
775 463 157 47 uppförd
974 465 40 33 år
1061 465 99 33 1894
1203 464 66 35 och
1310 463 254 36 innehållande
1608 466 19 32 5
1671 476 92 31 rum,

168 516 176 36 värderad
372 515 56 36 till
457 518 117 43 4,800
604 516 143 46 kronor,

274 570 342 48 kaptensbostaden,
655 571 255 36 innehållande
951 574 45 33 12
1037 584 78 23 rum
1154 585 45 24 m.
1238 585 58 33 m.,
1333 573 175 37 värderad
1535 572 57 36 till
1624 574 140 44 15,000

169 625 142 44 kronor,

273 678 375 50 officerspaviljongen
677 679 81 36 med
790 681 45 35 15
865 693 91 32 rum,
987 681 174 36 värderad
1190 680 57 36 till
1278 683 140 43 15,000
1447 682 143 43 kronor,

274 733 323 48 köksbyggnaden,
637 734 157 48 uppförd
832 737 39 34 år
909 737 98 34 1889
1039 735 66 36 och
1132 734 255 38 innehållande
1418 738 20 33 8
1468 748 91 33 rum,
1590 735 175 37 värderad

166 787 57 36 till
252 790 117 43 4,800
399 788 143 45 kronor,

275 842 373 47 salongsbyggnaden,
688 842 255 36 innehållande
983 846 18 32 7
1037 856 91 32 rum,
1159 844 175 36 värderad
1362 844 56 35 till
1449 846 140 43 14,000
1619 844 144 44 kronor,

274 896 246 47 lagerkällare,
550 897 175 36 värderad
752 896 57 37 till
840 900 73 33 500
944 897 141 46 kronor,

275 950 264 48 stallbyggnad,
571 951 177 36 värderad
776 951 56 36 till
862 954 75 33 400
967 951 143 46 kronor,
1142 953 66 35 och

273 1004 156 46 matbod,
461 1005 177 36 värderad
665 1005 57 35 till
753 1007 74 33 600
857 1005 143 36 kronor.

273 1058 285 48 Byggnadernas
587 1059 243 47 uppskattade
859 1060 109 36 värde
991 1063 106 44 utgör
1116 1060 150 35 sålunda
1285 1060 151 48 tillhopa
1458 1063 140 42 65,900
1620 1061 143 36 kronor.

274 1112 18 35 I
330 1113 260 47 sammanhang
626 1113 148 36 härmed
811 1114 67 35 har
914 1114 255 36 officerskåren
1206 1114 120 36 tillika
1363 1115 204 48 hembjudit
1594 1118 53 33 ett
1670 1115 95 49 jord-

168 1166 143 35 område
348 1179 56 23 om
445 1169 20 33 3
505 1167 131 36 hektar
676 1170 46 33 78
757 1180 49 33 ar,
837 1168 112 36 hvarå
977 1168 168 49 följande,
1176 1168 140 36 kronan
1344 1169 183 48 tillhöriga
1555 1170 212 47 byggnader

166 1219 77 36 helt
281 1221 66 35 och
384 1221 113 36 hållet
525 1221 87 36 eller
640 1221 115 37 delvis
784 1228 60 30 äro
872 1222 190 48 uppförda,
1092 1222 183 48 nämligen
1304 1226 52 33 ett
1384 1226 216 42 vattentorn,
1631 1224 133 35 musik-

167 1273 189 46 kasernen,
388 1278 96 33 östra
512 1277 66 34 och
607 1279 121 34 västra
747 1276 356 46 marketenterierna,
1125 1280 95 33 östra
1239 1277 68 36 och
1328 1281 117 33 västra
1464 1278 299 48 lägerhyddorna,

166 1328 310 48 rekrytbaracken
506 1332 92 34 samt
627 1333 52 33 ett
707 1331 227 35 afträdeshus
963 1332 67 35 och
1058 1334 52 33 ett
1137 1332 174 36 tvätthus.

274 1383 69 35 För
372 1384 43 35 de
444 1383 221 49 hembjudna
693 1385 258 48 byggnaderna
979 1386 67 35 har
1069 1385 256 37 officerskåren
1343 1386 56 36 till
1419 1399 45 23 en
1483 1386 126 49 början
1629 1386 138 36 fordrat

168 1436 109 36 ofvan
306 1437 150 47 angifna
483 1438 254 48 värdebelopp,
767 1452 82 23 men
878 1439 171 48 slutligen
1077 1440 144 36 nedsatt
1249 1439 113 48 priset
1388 1440 57 36 till
1470 1443 142 43 25,950
1633 1441 134 35 kronor

171 1492 46 33 53
249 1495 71 41 öre,
352 1492 250 36 motsvarande
631 1493 131 36 kårens
791 1494 225 36 återstående
1045 1494 108 35 skuld
1181 1494 55 36 för
1261 1495 268 48 byggnaderna,
1551 1496 215 47 uppgående

168 1544 57 36 till
269 1547 142 42 25,450
454 1546 134 36 kronor
621 1547 112 47 jämte
771 1549 218 43 resterande,
1028 1548 57 36 till
1125 1551 73 32 505
1239 1549 132 35 kronor
1402 1551 45 33 53
1479 1554 59 31 öre
1567 1550 199 46 belöpande

169 1598 208 47 årsafgifter
414 1599 56 36 för
507 1613 45 22 en
581 1601 58 34 del
667 1601 40 35 af
732 1601 259 48 byggnaderna
1019 1602 13 35 i
1068 1603 200 35 »allmänna
1296 1603 471 47 brandförsäkringsverket

168 1652 55 36 för
250 1652 213 48 byggnader
490 1656 46 45 på
564 1655 158 36 landet».
780 1655 281 48 Ifrågavarande
1085 1656 238 48 jordområde,
1354 1657 197 36 benämndt
1581 1658 185 46 »Salongs-

168 1707 137 46 gården
343 1708 81 35 med
452 1708 280 48 lägerplatsen»,
764 1715 38 30 är
831 1710 62 36 vid
921 1710 199 36 verkställd
1148 1710 203 48 värdering,
1382 1710 13 36 i
1423 1711 162 48 enlighet
1613 1712 81 35 med
1723 1713 43 34 de

167 1760 13 35 i
217 1762 249 46 grannskapet
502 1768 135 42 gängse
674 1763 177 48 tomtpris,
892 1764 238 47 uppskattadt
1161 1765 58 35 till
1248 1767 115 42 2,500
1392 1765 134 36 kronor
1554 1766 55 35 för
1637 1766 130 35 hektar

169 1814 87 36 eller
284 1814 56 36 för
367 1816 82 35 hela
478 1817 160 36 området
669 1820 114 42 9,450
813 1818 134 36 kronor
975 1819 66 35 och
1061 1818 211 49 hembjudes
1293 1822 117 33 staten
1430 1819 55 36 för
1505 1820 97 36 detta
1622 1820 142 47 belopp.

275 1868 56 37 Af
365 1870 45 36 de
448 1872 20 34 å
496 1870 204 37 Notvikens
729 1872 208 48 mötesplats
965 1873 82 36 utaf
1072 1873 226 36 Norrbottens
1326 1878 204 41 regementes
1558 1874 209 36 officerskår

169 1923 179 47 uppförda
384 1924 212 48 byggnader
633 1931 60 30 äro
731 1927 69 35 alla
838 1927 40 35 af
907 1930 118 33 staten
1052 1927 131 36 inlösta
1212 1928 81 35 med
1320 1929 186 47 undantag
1534 1928 40 36 af
1599 1941 44 23 en
1672 1929 94 36 stall-

170 1976 180 48 byggnad,
382 1991 74 23 som
486 1992 50 22 nu
565 1980 40 35 af
630 1980 257 36 officerskåren
915 1981 212 49 hembjudes
1155 1981 58 36 till
1241 1981 140 37 inlösen
1409 1982 55 36 för
1486 1985 114 42 2,500
1622 1983 143 36 kronor.

169 2031 237 48 Byggnaden,
446 2045 74 24 som
554 2034 257 36 officerskåren
839 2035 92 36 efter
959 2036 70 35 den
1058 2036 225 36 förestående
1310 2036 220 48 flyttningen
1558 2037 56 36 till
1642 2038 125 35 Boden

170 2085 30 48 ej
233 2085 124 37 vidare
385 2087 74 35 kan
486 2088 175 47 begagna,
692 2094 39 30 är
759 2088 13 36 i
801 2089 88 47 godt
917 2090 106 35 stånd
1051 2093 93 33 samt
1171 2090 40 36 af
1236 2090 531 37 fortifikationsbefälhafvaren

170 2140 66 34 och
265 2152 45 23 en
339 2140 252 48 byggmästare
620 2143 177 35 värderad
824 2143 57 36 till
909 2145 158 34 nämnda
1094 2144 142 47 belopp.

278 2194 179 48 Slutligen
476 2195 66 36 har
560 2197 373 36 underofficerskåren
953 2197 62 37 vid
1035 2198 189 36 Smålands
1244 2199 296 44 husarregemente
1558 2198 57 36 till
1629 2199 139 36 inlösen

170 2246 55 36 för
266 2250 114 43 5,000
421 2249 134 36 kronor
591 2250 204 49 hembjudit
823 2251 140 36 kronan
992 2251 79 37 sina
1099 2254 20 33 å
1147 2252 214 36 Ränneslätt
1388 2252 180 48 uppförda
1596 2254 170 44 matsals-,
