1890 2842
273 135 18 30 8
717 141 275 31 Statsutskottets
1018 143 176 30 utlåtande
1221 144 46 29 Nr
1293 146 68 29 143.

277 223 109 29 under
413 224 272 30 domänfonden.
739 224 72 30 Den
838 226 190 37 ersättning
1056 236 77 20 som
1162 227 9 29 i
1199 227 147 36 enlighet
1373 229 78 29 med
1481 229 221 37 principerna
1729 230 53 30 för

276 272 456 37 redovisningsförfarandet
752 275 199 31 förutsättes
973 277 97 29 skola
1090 276 83 37 utgå
1195 277 50 30 till
1266 278 297 37 domänstyrelsen
1584 280 56 30 för
1662 280 119 38 upplå-

275 323 82 30 telse
378 333 44 20 av
441 333 44 21 en
505 324 163 36 fastighet
690 325 50 30 till
759 326 64 29 den
845 327 211 35 myndighet,
1079 327 56 30 för
1152 337 78 21 vars
1249 328 148 38 räkning
1416 330 66 29 den
1504 330 205 36 förvärvats,
1729 340 52 28 sy-

276 382 57 21 nes
354 374 186 36 lämpligen
560 375 86 30 böra
668 376 119 30 täckas
808 386 41 20 av
873 377 170 30 särskilda
1063 377 20 31 å
1105 378 257 31 vederbörande
1382 380 215 31 huvudtitlar
1618 382 163 30 anvisade

275 424 337 37 ersättningsanslag,
636 426 103 35 vilka,
762 436 56 20 om
839 427 41 29 de
902 428 44 29 än
967 428 110 30 skulle
1100 429 142 29 komma
1262 432 49 27 att
1331 430 172 31 beräknas
1524 431 86 30 efter
1630 429 151 44 grunder

275 475 146 36 analoga
452 476 78 29 med
559 476 80 30 dem
670 486 75 20 som
772 477 175 37 tillämpas
978 478 57 30 vid
1063 479 278 31 bestämmandet
1369 490 42 20 av
1442 482 179 35 arrenden,
1653 483 88 30 dock
1772 483 8 30 i

277 525 133 37 princip
439 527 59 28 äro
523 528 48 28 att
597 525 176 37 jämställa
799 528 80 29 med
904 528 371 38 ersättningsanslagen
1301 531 51 29 till
1377 531 314 37 fastighetsfonden
1715 535 65 29 och

275 575 99 31 alltså
398 579 235 33 representera
661 578 120 29 endast
804 587 43 21 en
871 578 147 36 formell,
1044 589 43 20 av
1112 580 314 37 redovisningsskäl
1455 583 190 30 motiverad
1671 584 109 30 omfö-

275 626 74 36 ring
369 636 44 20 av
431 627 110 29 medel
559 627 97 30 inom
675 628 188 35 budgetens
884 638 86 21 ram.
1012 629 74 30 Vad
1107 630 66 30 här
1191 634 89 33 sagts
1300 641 57 20 om
1376 632 140 31 förvärv
1534 643 42 20 av
1595 633 71 31 fast
1683 641 96 30 egen-

275 677 80 29 dom
372 677 65 29 bör
455 677 10 29 i
480 677 205 37 tillämpliga
705 678 93 30 delar
815 679 90 36 gälla
924 681 85 29 även
1025 680 57 30 vid
1098 680 192 37 upplåtelse
1304 682 51 29 till
1371 692 117 21 annan
1507 684 202 36 myndighet
1726 685 54 30 för

275 727 159 35 speciella
451 727 175 37 uppgifter
644 738 43 20 av
705 729 296 37 domänstyrelsen
1018 731 108 29 redan
1144 732 215 30 underställd
1375 734 112 29 mark.

319 778 64 30 Det
408 779 38 28 är
470 777 135 31 förenat
629 779 80 30 med
733 778 90 31 vissa
846 778 210 37 svårigheter
1080 784 50 27 att
1155 782 160 35 generellt
1340 783 124 36 angiva
1489 784 41 30 de
1555 783 71 36 fall,
1654 784 124 30 beträf-

273 828 105 30 fande
405 829 93 30 vilka
525 839 40 20 en
593 830 220 36 redovisning
840 831 88 30 efter
953 832 149 35 angivna
1131 832 169 37 riktlinjer
1327 834 187 37 lämpligen
1543 835 69 31 kan
1641 836 137 30 ordnas.

276 878 79 30 Man
382 888 101 27 synes
509 879 83 31 böra
619 879 193 36 förutsätta,
839 884 50 26 att
915 881 67 30 den
1007 881 50 30 till
1084 882 140 30 förvärv
1250 883 81 30 eller
1357 883 191 36 upplåtelse
1575 884 202 37 ifrågasatta

275 929 212 37 egendomen
511 930 86 30 skall
621 939 84 21 vara
729 939 41 21 av
793 929 109 32 sådan
926 932 254 36 beskaffenhet,
1205 936 47 27 att
1271 934 77 35 den,
1374 944 57 20 om
1455 935 75 30 dess
1555 936 223 36 användning

273 979 54 29 för
344 979 160 36 speciella
520 980 176 36 uppgifter
715 981 164 36 förfaller,
898 982 103 36 enligt
1021 983 313 36 domänstyrelsens
1351 985 139 37 mening
1505 986 186 37 lämpligen
1708 988 69 29 kan

273 1028 128 37 nyttjas
422 1030 10 29 i
449 1031 133 29 verkets
598 1031 69 36 regi
687 1030 112 31 såsom
815 1031 202 37 jordbruks-
1037 1033 81 30 eller
1138 1034 281 36 skogsegendom,
1440 1035 46 31 låt
1505 1045 81 22 vara
1603 1037 88 30 efter
1706 1047 71 21 om-

273 1080 160 37 läggning
451 1090 42 20 av
512 1081 304 37 brukningssättet.
858 1082 68 30 Om
944 1083 155 30 däremot
1118 1083 21 31 å
1156 1085 211 35 egendomen
1386 1086 155 37 vidtagas
1559 1086 133 32 sådana
1710 1088 66 30 för-

273 1131 197 35 ändringar,
491 1134 48 28 att
558 1132 76 30 dess
655 1133 165 29 karaktär
837 1142 44 20 av
898 1132 201 37 jordbruks-
1122 1135 82 29 eller
1223 1135 271 37 skogsegendom
1515 1137 204 37 försvinner,
1741 1138 36 31 så

272 1181 95 30 torde
393 1182 57 29 det
474 1181 74 31 icke
570 1182 87 31 böra
683 1181 255 38 ifrågakomma
961 1187 48 27 att
1034 1185 151 30 hänföra
1208 1186 203 31 densamma
1432 1187 51 30 till
1505 1189 272 30 domänfonden.

274 1232 298 37 Förutsättningar
590 1234 122 30 kunna
731 1234 43 30 då
794 1236 9 29 i
824 1235 112 29 stället
956 1235 165 36 föreligga
1141 1240 50 26 att
1209 1237 148 31 bokföra
1377 1239 211 35 egendomen
1609 1239 21 30 å
1651 1242 126 27 statens

273 1283 177 29 allmänna
471 1283 278 36 fastighetsfond.

317 1334 12 29 I
354 1332 116 30 vilken
492 1333 240 37 utsträckning
754 1343 41 20 en
818 1333 79 36 viss,
921 1334 54 30 för
998 1335 159 36 speciella
1180 1336 175 37 uppgifter
1378 1337 209 37 disponerad
1610 1340 165 35 egendom

266 1384 94 29 ;skall
385 1383 175 30 redovisas
584 1383 20 31 å
629 1383 261 31 domänfonden
915 1385 97 30 torde
1036 1385 106 31 också
1168 1385 35 31 få
1228 1387 81 30 bero
1334 1396 43 21 av
1402 1389 341 36 omständigheterna
1767 1391 8 29 i

273 1434 54 31 det
354 1433 171 31 särskilda
552 1433 106 31 fallet.
709 1435 13 29 I
748 1436 88 34 regel
857 1436 98 29 torde
980 1436 264 36 redovisningen
1271 1437 20 30 å
1319 1438 261 31 domänfonden
1608 1440 85 30 böra
1721 1449 53 20 av-

273 1494 33 20 se
324 1485 76 30 icke
419 1485 86 29 blott
523 1484 110 36 själva
652 1484 143 30 marken
813 1486 86 29 utan
918 1486 86 29 även
1023 1486 41 30 de
1083 1486 199 36 byggnader
1301 1496 75 22 som
1396 1489 61 30 äro
1476 1489 112 31 direkt
1608 1490 166 30 erforder-

273 1536 65 35 liga
358 1535 55 30 för
433 1533 221 37 jordbrukets
674 1535 81 30 eller
774 1535 245 36 skogsbrukets
1040 1537 125 36 behov;
1189 1546 56 21 om
1264 1538 265 37 redovisningen
1546 1540 66 31 blir
1633 1549 42 22 av
1697 1542 77 29 den-

272 1595 44 21 na
335 1584 219 37 omfattning,
574 1586 98 29 torde
692 1585 105 30 därav
816 1586 85 30 böra
921 1586 96 36 följa,
1038 1590 48 27 att
1106 1588 87 29 även
1213 1588 111 30 medel
1342 1589 52 29 till
1412 1590 221 36 uppförande
1654 1599 43 21 av
1716 1601 60 27 ny-

272 1636 161 37 byggnad
458 1636 80 29 eller
562 1635 51 30 till
639 1637 109 29 större
772 1636 365 37 förändringsarbeten
1159 1638 54 29 för
1237 1637 221 37 jordbrukets
1485 1640 81 31 eller
1593 1642 181 35 skogsbru-

272 1687 72 29 kets
365 1686 123 35 behov,
510 1694 74 22 som
605 1685 75 31 icke
701 1687 59 29 äro
781 1689 47 27 att
849 1686 151 31 hänföra
1019 1687 50 30 till
1091 1688 190 37 sedvanligt
1302 1689 193 36 underhåll,
1519 1691 97 30 skola
1639 1692 136 30 anvisas

272 1736 19 31 å
315 1735 305 36 kapitalbudgeten
643 1736 111 30 under
777 1736 271 31 domänfonden.
1096 1733 27 35 Å
1148 1738 109 31 andra
1282 1739 99 30 sidan
1407 1740 69 30 kan
1483 1729 23 49 i
1531 1741 92 31 vissa
1648 1742 61 30 fall
1734 1749 40 24 av

272 1786 177 37 praktiska
470 1788 74 28 skäl
562 1786 161 31 befinnas
743 1787 212 36 nödvändigt
974 1790 47 28 att
1040 1788 50 30 till
1110 1788 261 32 domänfonden
1390 1790 150 31 hänföra
1560 1792 76 30 icke
1656 1792 119 30 endast

272 1838 40 29 de
339 1838 95 29 delar
462 1846 42 21 av
530 1846 42 21 en
599 1838 185 35 egendoms
811 1837 245 32 markområde
1084 1848 76 21 som
1183 1840 59 29 äro
1268 1840 111 30 under
1407 1840 276 37 jordbruksdrift
1710 1844 63 29 och

269 1888 113 30 därtill
410 1889 154 29 hörande
590 1887 221 38 åbyggnader
836 1891 85 28 utan
948 1891 86 29 även
1060 1890 67 30 den
1154 1891 54 29 del
1235 1890 82 31 varå
1342 1893 347 36 anstaltsbyggnader
1715 1896 59 29 äro

270 1938 184 36 uppförda,
473 1938 92 30 vilka
584 1938 199 36 byggnader
801 1937 178 32 måhända
996 1939 175 30 redovisas
1191 1939 20 30 å
1230 1939 323 38 fastighetsfonden.
1594 1944 54 29 En
1668 1943 106 32 sådan

270 1988 100 29 delad
388 1988 219 37 redovisning
625 1989 65 29 bör
709 1989 88 29 dock
814 1987 103 31 såvitt
937 1988 132 38 möjligt
1090 1990 182 30 undvikas.

311 2040 75 29 Den
420 2039 303 36 nettoavkastning
756 2049 42 20 av
831 2040 214 36 jordbruket,
1081 2050 75 20 som
1179 2042 65 29 den
1267 2052 43 20 av
1332 2043 250 32 domänverket
1606 2044 168 38 upplåtna

267 2091 211 35 egendomen
503 2090 69 30 kan
596 2090 143 30 komma
763 2093 48 27 att
835 2091 119 29 lämna
977 2091 10 29 i
1012 2091 65 29 den
1103 2091 253 36 disponerande
1380 2094 265 36 myndighetens
1669 2096 103 35 hand,

267 2142 95 29 torde
381 2142 86 29 böra
486 2141 59 30 allt
563 2141 87 29 efter
667 2140 339 36 omständigheterna
1025 2142 176 30 redovisas
1220 2142 20 30 å
1258 2142 202 32 riksstatens
1479 2145 231 32 inkomstsida
1729 2148 43 29 el-

267 2192 47 30 ler
331 2191 115 31 såsom
463 2191 292 37 uppbördsmedel
771 2191 55 30 för
841 2190 105 37 något
962 2191 49 30 till
1028 2192 263 38 myndighetens
1309 2193 207 37 förfogande
1533 2197 93 29 ställt
1644 2198 128 35 anslag.

268 2243 13 29 I
304 2242 287 30 förekommande
615 2242 62 30 fall
700 2242 62 29 bör
785 2245 66 26 stat
873 2241 57 31 för
953 2242 229 35 egendomens
1205 2243 83 30 drift
1311 2243 189 33 fastställas
1525 2247 9 30 i
1558 2248 116 35 vanlig
1697 2249 75 29 ord-

266 2293 90 35 ning.
405 2293 50 30 Av
479 2291 367 36 bruttoavkastningen
872 2292 98 30 torde
994 2291 217 32 underhållet
1237 2303 42 20 av
1304 2294 51 30 till
1380 2296 212 35 egendomen
1619 2298 155 30 hörande

265 2344 199 36 byggnader
485 2344 84 29 böra
589 2343 180 30 bestridas.

309 2395 91 30 Från
429 2396 67 29 den
523 2404 42 21 av
591 2393 248 31 domänverket
866 2392 169 37 upplåtna
1063 2394 229 34 egendomens
1320 2397 207 37 avkastning
1555 2400 39 29 är
1622 2399 151 37 tydligen

249 2447 85 31 ”helt
357 2449 50 27 att
430 2444 104 37 skilja
557 2446 66 29 den
647 2443 188 36 ersättning
858 2453 76 20 som
957 2445 80 28 över
1059 2444 171 31 särskilda
1254 2446 120 36 anslag
1397 2447 144 32 tillföres
1565 2449 207 30 domänfon-
