2192 2634
432 211 18 29 2
567 209 120 33 Första
711 210 219 33 Kammarens
955 212 184 41 Tillfälliga
1170 213 136 32 Utskotts
1328 215 90 39 (N:o
1433 216 36 40 1)
1500 216 171 32 Utlåtande
1694 218 62 30 N:o
1781 220 30 28 3.

1152 306 20 48 $
1204 311 29 34 1.

520 389 103 48 Väg-
642 389 69 37 och
730 391 553 49 vattenbyggnadsstyrelsens
1302 394 368 51 embetsbefattning
1686 397 179 37 omfattar
1878 399 117 36 hand-

389 440 186 48 läggning
604 441 42 35 af
670 441 177 36 tekniska
876 443 72 35 och
976 442 304 38 administrativa
1308 445 181 47 ärenden,
1519 459 82 24 som
1631 451 111 45 angå:

522 491 238 48 anläggning
788 492 95 37 eller
910 493 231 49 förbättring
1162 494 37 37 af
1218 500 127 43 vägar,
1366 496 124 48 broar,
1511 496 130 49 färjor,
1656 499 167 45 kanaler,
1840 499 154 47 slussar,

391 541 156 36 hamnar
576 542 70 36 och
676 542 117 36 andra
822 543 131 48 dylika
980 543 166 49 företag;

523 591 104 48 sjöar
665 592 70 36 och
773 594 249 48 vattendrags
1063 594 337 49 tillgodogörande
1435 597 56 36 för
1519 598 145 48 sjöfart,
1693 599 182 50 flottning
1903 600 93 38 eller

391 642 117 36 andra
546 642 241 37 industriella
829 644 121 36 behof
979 645 71 36 och
1079 645 11 36 i
1121 646 185 36 samband
1340 647 157 37 dermed
1525 649 145 48 nödiga
1697 650 296 49 anläggningar;

523 693 161 36 arbeten
716 693 58 37 för
801 694 220 37 beredande
1050 696 41 36 af
1116 702 120 31 större
1262 697 318 50 odlingsföretag,
1611 700 123 48 skydd
1763 707 80 31 mot
1871 702 123 36 öfver-

391 743 203 48 svämning
622 744 92 36 eller
741 744 223 50 minskning
992 746 40 36 af
1055 746 314 49 frostländighet;
1400 755 98 31 samt

523 794 176 37 enskilda
720 795 225 49 jernvägar,
974 796 158 38 afsedda
1160 797 56 37 för
1242 798 141 37 allmän
1412 800 120 36 trafik.

1149 913 21 49 $
1189 913 42 49 2.

521 995 57 36 De
607 996 12 35 i
648 993 20 49 $
699 998 17 34 1
746 997 250 38 omförmälda
1023 999 160 37 arbeten
1211 1004 64 32 äro
1305 1000 84 37 dels

521 1043 34 49 a)
598 1047 153 45 sådana,
791 1061 82 23 som
913 1048 144 37 utföras
1092 1049 42 36 af
1157 1050 175 37 enskilda
1361 1064 193 35 personer,
1585 1053 115 48 bolag
1727 1054 93 36 eller
1848 1056 145 47 menig-

388 1095 120 48 heter,
537 1096 185 48 antingen
750 1098 81 36 helt
859 1099 72 36 och
959 1099 117 37 hållet
1103 1103 49 46 på
1181 1113 97 35 egen
1303 1101 214 38 bekostnad
1546 1103 95 36 eller
1668 1104 86 36 med
1782 1105 211 38 understöd

388 1146 42 36 af
463 1152 123 31 staten
614 1147 12 36 i
655 1148 93 36 form
783 1149 42 35 af
849 1149 146 48 anslag,
1023 1150 62 36 lån
1115 1151 93 36 eller
1236 1151 119 37 andra
1383 1152 201 47 förmåner,
1613 1154 61 36 för
1701 1158 42 33 så
1770 1155 84 37 vidt
1881 1156 112 37 dessa

388 1197 155 37 arbeten
571 1202 66 32 äro
666 1198 41 36 af
729 1198 74 37 den
831 1199 279 48 beskaffenhet,
1139 1206 55 31 att
1220 1201 142 49 Kongl.
1392 1203 124 48 Maj:ts
1535 1204 173 38 tillstånd
1729 1206 191 38 erfordras
1936 1207 57 37 för

388 1247 109 37 deras
529 1248 285 38 verkställande
848 1250 73 36 och
954 1251 183 37 arbetena
1164 1251 127 37 blifvit
1317 1254 12 34 i
1358 1253 181 37 afseende
1568 1257 20 34 å
1617 1258 42 34 så
1685 1256 61 37 väl
1773 1257 220 38 utförandet

388 1300 82 34 som
507 1297 373 50 vidmagthållandet
920 1300 58 38 för
1005 1301 66 37 det
1100 1302 212 37 allmännas
1341 1309 109 44 nytta
1477 1304 126 38 stälda
1630 1306 121 37 under
1780 1308 211 48 styrelsens

388 1349 180 44 kontroll;
628 1345 28 55 Oo
669 1370 35 4 —
748 1371 256 5 ————
1123 1372 413 7 ee
1642 1377 46 3 —
1749 1378 14 3 —
1868 1379 48 4 —

1111 1519 116 49 83.

517 1601 17 36 I
574 1601 180 38 afseende:
796 1606 21 33 å
858 1604 48 36 de
947 1604 10 36 i
998 1602 20 48 $
1061 1607 20 34 2
1123 1619 112 23 mom.
1270 1603 33 48 a)
1334 1606 251 38 omförmälda
1614 1609 189 37 allmänna
1832 1610 156 37 arbeten

387 1651 146 49 åligger
561 1652 66 36 det
650 1653 206 48 styrelsen:

518 1750 33 49 ce)
582 1758 56 32 att
678 1753 113 38 hafva
823 1755 133 48 tillsyn
992 1756 109 36 öfver
1129 1757 202 36 arbetenas
1359 1759 201 36 utförande
1588 1759 13 36 i
1630 1760 170 49 enlighet
1828 1762 86 36 med
1942 1763 46 37 de

361 1802 65 42 af
459 1803 138 49 Kongl.
640 1804 106 48 Maj:t
782 1804 203 38 faststälda
1015 1806 144 49 planer
1199 1808 71 36 och
1308 1808 111 48 gifna
1459 1809 252 49 föreskrifter,
1744 1815 42 32 så
1815 1817 56 31 att
1897 1813 91 49 inga

384 1853 216 50 väsentliga
636 1855 205 48 ändringar
882 1859 60 34 må
981 1870 74 35 ega
1088 1871 84 23 rum
1200 1864 88 31 utan
1318 1859 176 37 anmälan
1522 1860 74 37 och
1624 1861 264 50 vederbörligt
1915 1864 73 36 till-

384 1904 126 45 stånd;
552 1905 189 48 styrelsen
783 1906 216 50 medgifvet
1039 1914 55 30 att
1127 1908 122 37 tillåta.
1281 1909 96 37 eller
1408 1910 229 38 föreskrifva
1669 1912 143 37 sådana
1840 1914 146 37 mindre

384 1954 243 48 ändringar
608 1950 24 64 i
656 1956 201 38 faststälda
884 1957 144 49 planer,
1056 1972 82 23 som
1168 1959 86 37 leda
1281 1960 57 36 till
1367 1961 248 49 förbättring;

1134 2124 21 49 $
1185 2129 55 35 10.

513 2206 75 36 För
628 2212 191 32 närmaste
858 2208 208 49 :uppsigten
1100 2210 106 38 öfver
1238 2211 71 37 och
1344 2212 170 50 bestyret
1543 2214 86 36 med
1657 2216 142 36 sådana
1827 2217 156 37 arbeten

382 2257 69 35 och
492 2256 278 50 anläggningar
802 2258 12 36 i
848 2259 232 48 landsorten,
1118 2261 155 38 hvarom
1307 2262 10 35 i
1352 2259 21 49 $
1408 2266 16 33 1
1461 2269 101 41 sägs,
1589 2269 68 32 äro
1686 2266 55 36 till!
1773 2266 146 38 biträde
1948 2271 36 33 åt
