1940 2852
497 170 395 32 Jordbruksutskottets
926 170 189 32 utlåtande
1150 170 51 31 Nr
1234 169 50 30 7I.
1558 168 40 29 43

138 248 62 31 vid
221 246 269 34 Weibullsholm
510 248 151 32 resultat
677 248 102 33 ställt
795 249 55 36 sig
870 258 38 21 sa
926 247 143 37 mycket
1086 256 275 28 gynnsammare
1380 249 47 28 än
1447 245 69 33 vad
1537 246 97 31 fallet

139 290 96 31 varit
254 291 62 31 vid
336 291 142 37 Svalöv,
500 300 45 28 på
565 302 137 21 samma
724 301 91 27 gang
838 301 75 22 som
931 291 45 31 de
995 290 204 37 otvetydigt
1221 290 125 36 påvisa
1368 289 273 32 ohållbarheten

137 344 49 21 av
206 335 285 32 motionirernas
512 335 192 36 påstaende
725 335 183 36 angaende
930 335 41 30 de
993 334 91 31 båda
1104 334 242 31 anstalternas
1368 334 84 32 fullt
1474 332 75 32 lika
1571 332 68 31 för-

139 379 246 36 utsättningar
408 380 55 31 att
488 380 88 29 utan
600 378 283 32 statsunderstöd
906 378 225 30 ekonomiskt
1155 378 163 35 uppbära
1345 377 55 30 sin
1427 376 212 35 förädlings-

141 422 237 36 verksamhet,
403 423 217 30 åtminstone
644 422 112 31 såvitt
783 431 113 26 angår
925 421 168 31 förfluten
1117 421 67 30 och
1209 419 227 32 närvarande
1463 419 62 32 tid.
1572 419 69 33 En-

139 464 67 37 ligt
258 465 383 36 lantbruksstyrelsens
672 464 182 32 bestämda
887 463 232 32 förmenande
1149 464 113 30 maste
1295 463 242 31 förhållandet
1571 463 68 30 för-

144 508 93 32 bliva
256 509 148 30 likartat
425 508 137 35 jämväl
580 507 112 31 under
710 508 216 31 åtminstone
946 507 41 31 de
1006 507 180 30 närmaste
1205 508 96 28 åren.

182 551 284 31 Vidkommande
513 561 48 20 mnu
610 551 280 35 ifrågavarande
937 550 175 30 motioner
1141 550 66 30 har
1235 549 367 36 lantbruksstyrelsen
1631 549 11 29 i

138 595 121 36 övrigt
278 596 91 30 intet
387 596 53 30 att
460 595 138 35 anföra,
618 595 125 30 utöver
762 593 69 30 vad
851 593 357 34 utsädesföreningen
1228 592 12 30 i
1259 592 63 31 sitt
1342 591 169 37 yttrande
1533 592 107 30 fram-

141 638 115 31 hållit.

182 680 232 32 Beträffande
430 680 224 31 motionerna
671 692 43 19 nr
734 680 31 31 I:
781 680 58 31 298
858 680 64 31 och
940 690 43 20 nr
1001 679 48 31 II:
1064 680 58 30 441
1141 679 118 31 finner
1277 678 365 37 lantbruksstyrelsen

141 726 54 35 sig
211 725 56 31 till
283 734 43 22 en
339 725 129 36 början
482 726 86 30 böra
581 726 109 34 något
705 727 165 28 närmare
886 723 123 37 belysa
1024 723 98 30 vissa
1137 733 45 20 av
1196 722 269 32 motionärerna
1479 723 21 29 å
1514 721 64 32 sid.
1594 722 48 34 11,

139 768 91 31 sista
252 768 150 37 stycket,
427 767 127 37 gjorda
577 768 203 36 erinringar
804 767 185 36 angäende
1013 765 383 37 lantbruksstyrelsens
1420 765 222 36 ståndpunkt

141 812 58 31 till
220 811 68 32 den
308 813 62 31 vid
390 813 78 30 1924
489 813 59 30 års
570 811 145 36 riksdag
736 811 131 31 väckta
888 810 179 31 motionen
1088 820 56 20 om
1164 809 220 35 statsanslag
1403 809 58 31 till
1482 809 161 31 växtför-

140 854 419 38 ädlingsverksamheten
582 857 20 28 äå
627 854 281 32 Weibullsholm.
953 853 381 36 Lantbruksstyrelsen
1356 852 78 36 har,
1456 853 119 30 såsom
1597 862 46 20 av

140 899 267 31 motionärerna
430 898 183 37 påpekats,
637 897 210 36 framhållit,
869 899 56 29 att
946 897 269 30 konkurrensen
1237 896 132 30 mellan
1393 896 42 31 de
1456 896 63 30 två
1541 897 102 29 växt-

142 942 426 37 förädlingsanstalterna
590 940 63 32 vid
676 941 132 31 Svalöv
831 941 66 30 och
920 939 282 36 Weibullsholm,
1228 939 44 31 då
1297 939 91 31 intet
1412 938 117 32 direkt
1553 948 90 21 sam-

140 987 123 31 arbete
285 987 80 30 dem
387 985 154 31 emellan
565 987 84 34 äger
672 994 90 26 rum,
784 984 140 31 medför
946 992 44 22 en
1015 983 125 31 alltför
1162 984 76 30 stor
1260 981 217 38 produktion
1501 992 47 21 av
1571 991 72 28 nya

140 1031 127 35 sorter,
283 1030 113 31 vilket
414 1028 205 32 förorsakar
634 1037 63 22 oro
712 1027 66 32 och
797 1027 198 36 förvirring
1016 1027 55 31 för
1086 1026 69 31 den
1172 1026 188 36 praktiska
1376 1025 268 37 växtodlingen,

141 1076 94 29 samt
259 1075 56 30 att
340 1072 113 32 under
476 1071 211 32 nuvarande
714 1070 250 32 förhållanden
991 1070 56 31 det
1072 1070 183 36 svårligen
1280 1069 71 31 kan
1376 1069 189 37 undvikas,
1590 1070 54 31 att

140 1118 54 31 ett
215 1117 90 31 visst
325 1115 255 33 dubbelarbete
604 1115 245 35 förekommer,
869 1113 230 37 olägenheter
1120 1123 78 21 som
1219 1112 113 36 enligt
1354 1112 196 37 styrelsens
1574 1113 70 31 för-

142 1159 173 32 menande
332 1170 76 21 mer
428 1162 46 28 än
493 1161 167 34 uppväga
681 1159 41 30 de
741 1157 166 37 fördelar,
926 1167 44 22 en
987 1157 224 31 konkurrens
1231 1156 188 36 onekligen
1436 1157 15 30 i
1469 1156 97 31 vissa
1585 1165 59 21 av-

141 1203 153 32 seenden
311 1204 74 31 kan
401 1205 152 34 antagas
571 1202 170 31 medföra.
780 1202 18 30 I
815 1203 149 30 motsats
984 1201 57 31 till
1060 1201 66 31 den
1145 1199 105 37 åsikt,
1267 1199 267 32 motionärerna
1552 1199 92 37 givit

143 1248 58 31 till
215 1248 121 31 känna
351 1249 21 29 å
386 1247 66 32 sid.
468 1248 49 35 14,
533 1247 120 31 finner
670 1245 366 37 lantbruksstyrelsen
1052 1243 220 37 riktigheten
1287 1253 46 21 av
1347 1243 196 37 styrelsens
1559 1253 85 26 upp-

143 1291 164 36 fattning
326 1310 40 3 —
388 1300 84 22 vars
492 1290 217 36 motivering
729 1291 167 29 närmare
918 1289 161 35 framgår
1099 1298 47 20 av
1168 1287 58 30 det
1249 1287 97 36 citat,
1367 1297 77 21 som
1467 1287 143 32 anföres
1631 1287 15 30 i

142 1333 239 33 omförmälda
399 1333 222 37 proposilion
640 1343 43 21 nr
702 1333 68 36 172,
789 1332 66 31 sid.
888 1333 5 30 6
912 1350 44 3 —
975 1332 95 30 hava
1089 1331 107 32 blivit
1215 1330 212 37 ytterligare
1446 1330 121 37 styrkt
1588 1340 57 26 ge-

143 1388 83 21 nom
252 1378 70 31 den
351 1377 222 32 verkställda
603 1375 454 37 sakkunnigutredningen.
1107 1374 46 31 Så
1183 1375 209 30 konstatera
1421 1374 42 31 de
1492 1374 153 31 sakkun-

143 1422 97 36 niga,
260 1423 53 30 att
331 1421 61 31 det
411 1421 77 31 icke
509 1420 95 31 lärer
623 1420 122 31 kunna
766 1419 178 36 förnekas,
964 1421 54 29 att
1038 1418 267 31 konkurrensen
1324 1417 139 32 medför
1485 1417 161 32 frestelse

146 1467 57 30 för
223 1465 68 31 den
310 1474 66 22 ena
399 1465 134 31 firman
554 1465 54 31 att
630 1464 164 36 utsläppa
816 1472 44 21 en
880 1463 86 35 sort,
985 1472 77 21 som
1085 1461 124 32 endast
1233 1462 83 36 föga
1336 1461 128 37 skiljer
1485 1461 56 37 sig
1563 1462 82 30 från

143 1518 122 22 annan
284 1507 232 32 handelsförd
537 1510 72 30 sort
632 1506 77 36 (sid.
729 1505 84 36 135).
852 1506 80 32 Vad
952 1505 375 37 utsädesföreningens
1347 1505 220 36 tjänstemän
1586 1515 60 22 an-

146 1553 72 32 fört
243 1551 224 33 beträffande
491 1551 276 36 olägenheterna
788 1560 48 21 av
862 1549 279 36 dubbelarbetet,
1166 1549 95 31 lärer
1286 1548 114 37 enligt
1425 1548 43 31 de
1492 1549 155 31 sakkun-

144 1596 105 37 nigas
267 1595 230 32 förmenande
515 1596 12 30 i
545 1596 88 30 stort
649 1596 69 30 sett
736 1594 76 31 icke
828 1594 123 30 kunna
968 1593 113 36 jävas.

180 1641 18 30 I
220 1643 47 28 än
289 1639 109 37 högre
421 1638 89 37 grad
536 1639 119 31 finner
678 1637 367 36 lantbruksstyrelsen
1069 1637 55 30 sin
1147 1636 234 36 uppfattning
1405 1636 164 37 bestyrkt
1592 1645 54 27 ge-

145 1693 84 22 nom
253 1683 71 32 vad
349 1683 267 31 motionärerna
644 1681 201 32 framhållit
870 1680 67 32 och
964 1679 356 37 utsädesföreningen
1346 1679 80 31 med
1453 1679 194 36 anledning

144 1727 116 31 härav
285 1727 122 31 anfört
433 1727 13 30 i
473 1727 106 35 fråga
604 1736 56 20 om
685 1729 44 27 de
755 1725 62 31 vid
844 1724 202 36 respektive
1072 1723 174 32 anstalter
1273 1723 236 37 förefintliga,
1536 1722 109 32 redan

148 1770 144 37 färdiga
321 1770 64 32 och
413 1769 114 32 under
556 1769 192 36 förökning
775 1767 159 32 varande
961 1778 74 26 nya
1063 1769 123 33 sorter,
1213 1777 77 21 som
1319 1769 62 28 äro
1410 1766 156 32 avsedda
1593 1768 55 30 att

147 1815 96 31 inom
262 1815 81 31 kort
364 1815 98 31 föras
480 1815 40 30 ut
548 1813 6 31 i
572 1811 230 32 marknaden.
842 1812 55 30 En
917 1810 340 36 sammanställning
1276 1820 46 21 av
1340 1809 103 32 dessa
1462 1811 185 35 uppgifter

147 1858 109 37 visar,
277 1859 54 30 att
350 1857 44 32 de
415 1857 153 31 svenska
591 1855 262 37 jordbrukarna
875 1874 41 3 —
938 1856 128 30 utöver
1085 1853 112 31 redan
1217 1854 302 31 marknadsförda
1541 1864 108 21 varor

145 1921 41 2 —
201 1901 116 32 under
337 1901 68 31 den
423 1902 182 30 närmaste
624 1899 97 32 tiden
738 1898 100 33 torde
857 1899 96 30 hava
970 1899 55 30 att
1044 1897 100 37 välja
1162 1898 45 35 på
1226 1897 211 37 ytterligare

189 1971 18 29 5
232 1972 107 29 sorter
362 1970 162 35 höstvete,
548 1969 106 31 därav
678 1969 19 30 2
721 1968 78 31 från
822 1967 276 36 Weibullsholm,

188 2016 20 29 2
279 2026 13 16 >»
362 2014 139 35 höstråg
593 2024 13 16 »
680 2014 18 29 1
760 2024 12 15 »
1091 2036 6 11 ,

188 2059 19 29 6
279 2069 13 16 >»
363 2058 116 35 havre,
679 2057 17 29 4
757 2067 13 16 >»
940 2067 12 16 »
1091 2079 6 12 ,

190 2102 18 29 5
364 2096 97 46 korn,
679 2100 18 29 3
768 2115 3 9 >»
1091 2123 7 11 5

190 2147 20 29 2
282 2157 12 16 >»
365 2145 163 35 gulärter,
679 2145 18 29 1
948 2155 5 14 >

187 2223 137 32 Härom
342 2223 115 31 skulle
477 2222 77 31 ieke
573 2232 89 21 vara
679 2223 106 35 någol
808 2224 53 30 att
881 2223 97 34 säga,
997 2231 57 20 om
1071 2220 168 36 samtliga
1258 2219 101 32 dessa
1375 2220 116 31 sorter
1511 2220 11 30 i
1540 2219 108 36 något

148 2279 45 20 ur
244 2266 421 38 produktionssynpunkt
714 2265 158 36 verkligt
904 2264 268 37 betydelsefullt
1203 2264 174 31 avseende
1408 2262 241 33 överträffade

122 2310 140 32 andra
302 2312 12 31 i
355 2309 222 32 marknaden
600 2309 226 36 förefintliga
846 2309 126 30 sorter.
1015 2307 539 37 Växtförädlingsverksamhet,
1574 2316 75 21 som

148 2357 89 30 utan
254 2355 121 32 intimt
392 2354 199 32 samarbete
607 2352 163 33 bedrives
786 2362 46 21 av
848 2352 96 31 olika
961 2352 174 31 anstalter
1152 2351 65 31 och
1234 2361 85 21 vars
1336 2351 152 31 resultat
1505 2351 12 30 i
1536 2351 112 30 första

149 2403 154 29 rummet
328 2399 102 31 skola
457 2397 181 38 utnyttjas
664 2398 13 30 i
702 2396 140 32 enskild
867 2395 239 31 kommersiell
1133 2394 237 37 verksamhet,
1396 2395 114 30 måste
1538 2394 111 36 enligt

148 2441 386 38 lantbruksstyrelsens
556 2439 229 33 förmenande
807 2439 175 31 resultera
1004 2440 13 30 i
1038 2448 44 21 en
1104 2437 145 37 onödigt
1270 2440 76 29 stor
1366 2437 218 38 produktion
1606 2447 45 20 av

148 2488 125 36 sorter,
295 2486 118 32 vilkas
435 2484 163 37 verkliga
620 2485 109 31 värde
750 2483 63 32 vid
833 2481 253 38 utsläppandet
1109 2483 12 30 i
1144 2481 153 32 handeln
1319 2482 77 31 ofta
1418 2490 69 28 nog
1510 2481 78 31 icke
1609 2484 41 28 är
