1938 2852
490 184 395 31 Jordbruksutskottets
919 183 189 32 utlåtande
1143 183 51 31 Nr
1227 183 51 29 7I.
1550 182 39 29 45

129 259 194 33 understöd
343 261 57 32 till
421 262 234 30 förenämnda
675 261 97 32 löner
792 261 32 36 ej
844 262 154 30 utmätos
1018 261 91 31 efter
1129 262 112 29 annat
1262 259 64 32 och
1345 259 193 31 eventuellt
1556 259 73 31 rik-

129 303 114 74 SE
264 305 92 32 mått
377 308 47 28 än
445 305 68 37 det,
534 304 148 32 varmed
700 305 283 30 statsmakterna
1003 304 148 31 tillmätt
1173 302 252 32 motsvarande
1447 303 98 31 löner
1566 302 63 31 vid

157 356 116 23 valöv.

170 390 380 38 Lantbruksstyrelsen
574 391 66 31 har
666 392 13 30 i
702 394 112 29 annat
837 390 259 36 sammanhang
1120 390 145 35 uttalat,
1289 392 55 29 att
1368 389 111 32 ökade
1504 389 125 35 anslag

131 433 56 33 till
208 434 271 37 växtförädling
499 435 155 36 givetvis
674 436 113 29 måste
806 445 43 20 ur
869 433 228 37 Jordbrukets
1115 433 184 37 synpunkt
1321 432 118 31 hälsas
1459 432 79 32 med
1559 432 71 31 till-

132 476 264 33 fredsställelse.
436 478 124 30 Denna
578 477 234 36 uppfatining
833 477 108 36 hyser
960 477 176 36 styrelsen
1157 475 234 33 fortfarande.
1430 476 67 31 Det
1517 475 114 36 gäller

132 520 88 32 dock
242 521 112 37 enligt
374 520 195 37 styrelsens
591 519 230 32 förmenande
842 522 54 29 att
916 519 131 31 härvid
1067 519 106 36 tillse,
1194 520 54 30 att
1271 519 41 31 de
1333 517 124 38 medel,
1478 528 76 21 som
1574 519 56 35 för

130 563 101 32 detta
254 564 167 32 ändamål
444 564 123 30 kunna
589 563 125 32 ställas
738 563 58 31 till
821 562 222 36 förfogande,
1064 562 108 30 också
1195 561 99 32 bliva
1316 563 38 29 så
1378 562 176 35 använda,
1578 560 55 32 att

131 607 44 32 de
191 608 99 32 bliva
307 608 12 30 i
332 608 132 31 största
480 607 149 36 möjliga
645 606 251 35 utsträckning
915 604 270 33 fruktbärande.

173 650 206 32 Stockholm
401 649 66 33 den
489 651 18 30 5
529 650 73 36 maj
625 650 87 31 1925.

647 744 121 31 ERIK
790 743 320 32 INSULANDER.

1165 830 115 36 Georg
1300 839 31 22 v.
1352 828 241 37 Zweigbergk.

590 1131 388 41 Utsädesföreningens
1001 1130 182 41 yttrande.

525 1264 82 30 Till
631 1264 149 36 Kungl.
806 1262 432 36 lantbruksstyrelsen.

174 1350 112 32 Sedan
319 1350 197 36 riksdagens
538 1350 313 36 jordbruksutskott
871 1350 149 30 anhållit
1044 1359 56 21 om
1126 1349 120 36 kungl.
1276 1347 362 37 lantbruksstyrelsens

128 1394 180 31 utlåtande
331 1396 80 29 över
434 1394 41 31 de
497 1394 174 36 uppgifter
694 1394 12 30 i
731 1394 210 30 motionerna
964 1403 43 20 nr
1030 1393 62 30 292
1119 1392 62 31 och
1205 1392 62 30 293
1285 1392 12 30 i
1314 1392 106 31 första
1435 1392 202 30 kammaren

129 1438 233 37 (likalydande
394 1437 77 31 med
499 1438 211 30 motionerna
734 1447 41 21 nr
799 1437 62 30 440
885 1437 62 30 och
971 1437 61 30 441
1057 1437 13 29 i
1093 1435 107 31 andra
1223 1435 222 37 kammaren),
1469 1445 72 21 som
1565 1435 73 30 icke

130 1482 189 31 innefattas
351 1482 3 30 i
377 1481 132 37 Kungl.
543 1481 116 36 Maj:ts
682 1481 207 36 proposition
912 1480 65 31 den
1001 1480 40 31 23
1066 1489 92 21 mars
1181 1479 96 36 1925,
1301 1489 42 20 nr
1366 1480 73 34 172,
1463 1478 175 37 angående

129 1526 122 36 anslag
273 1525 55 31 till
353 1525 234 36 befrämjande
608 1535 46 21 av
677 1524 261 36 växtförädling
961 1534 44 20 m.
1029 1534 57 25 m.,
1110 1523 61 31 och
1196 1523 118 35 kungl.
1342 1522 166 37 styrelsen
1530 1522 109 31 berett

130 1570 159 35 Sveriges
311 1569 294 36 utsädesförening
628 1568 140 32 tillfälle
791 1569 50 30 att
863 1570 92 35 yttra
979 1568 53 36 sig
1056 1568 12 30 i
1092 1566 148 36 ärendet,
1264 1567 55 30 får
1342 1566 200 36 föreningen
1562 1566 76 31 här-

131 1613 76 31 med
230 1613 174 31 vördsamt
427 1613 120 31 anföra
571 1612 160 37 följande.

174 1657 112 37 Syftet
309 1656 75 31 med
407 1656 41 31 de
472 1656 150 31 nämnda
645 1657 214 30 motionerna
881 1657 50 33 är,
954 1656 111 29 såsom
1081 1664 45 21 av
1141 1653 98 32 deras
1255 1653 208 36 motivering
1479 1653 61 31 och
1556 1653 83 30 slut-

131 1700 153 37 yrkande
318 1701 163 35 framgår,
514 1700 197 35 detsamma,
735 1699 175 37 nämligen
934 1700 51 29 att
1008 1698 122 31 bereda
1153 1697 138 31 fortsatt
1313 1696 267 31 statsunderstöd
1603 1698 36 29 åt

130 1744 282 31 Weibullsholms
435 1743 414 37 växtförädlingsanstalt.

175 1788 94 31 Utan
291 1789 51 30 att
365 1787 88 36 vilja
475 1788 83 35 ingå
584 1789 43 35 på
649 1787 125 36 frågan
796 1797 55 20 om
874 1785 174 32 huruvida
1071 1784 204 35 statsanslag
1298 1784 55 30 till
1376 1783 263 31 Weibullsholm

131 1832 61 30 bör
215 1832 146 36 beviljas
384 1832 83 30 eller
488 1832 73 30 icke
584 1831 84 31 eller
690 1832 47 29 ett
759 1830 187 31 eventuellt
969 1828 223 36 statsanslags
1214 1827 137 36 storlek,
1372 1837 99 21 anser
1486 1827 53 36 sig
1555 1827 84 31 före-

131 1876 129 36 ningen
294 1875 84 31 dock
411 1875 175 31 nödsakad
621 1877 83 34 göra
738 1884 42 21 en
814 1874 55 31 del
903 1873 195 36 erinringar
1131 1871 79 31 med
1233 1871 187 35 anledning
1443 1881 43 20 av
1510 1871 128 30 vissa
1618 1867 22 49 i

129 1920 217 30 motionerna
380 1919 158 30 lämnade
572 1918 184 36 uppgifter,
790 1918 105 35 vilka,
919 1926 55 22 om
997 1916 42 31 de
1062 1916 35 30 få
1120 1916 53 30 stå
1195 1914 226 37 oemotsagda,
1445 1915 118 30 kunna
1585 1914 53 31 be-

131 1963 94 31 faras
248 1963 83 35 giva
352 1963 186 35 anledning
561 1963 55 30 till
640 1972 41 21 en
706 1962 126 36 oriktig
856 1961 222 36 uppfattning
1102 1969 55 21 om
1181 1958 218 36 föreningens
1422 1958 217 31 verksamhet

130 2006 63 31 och
216 2007 201 35 därigenom
441 2007 144 35 menligt
607 2006 151 36 påverka
780 2005 73 31 dess
876 2004 165 32 anseende
1064 2003 62 31 och
1141 2002 168 36 ställning
1325 2003 84 30 utåt.
1442 2002 197 36 Självfallet

131 2051 55 30 får
208 2050 94 31 detta
324 2051 78 30 vårt
425 2050 157 36 yttrande
605 2050 75 31 icke
702 2049 175 36 uppfattas
899 2050 38 29 så
959 2058 72 21 som
1054 2046 111 31 skulle
1188 2046 219 35 föreningens
1429 2046 209 36 tjänstemän

131 2093 225 32 underskatta
389 2094 196 36 betydelsen
608 2103 44 21 av
676 2093 56 31 det
754 2093 124 35 arbete,
902 2102 72 21 som
998 2091 154 31 bedrives
1175 2089 61 31 vid
1259 2089 273 36 Weibullsholm,
1556 2089 83 31 eller

131 2138 121 31 värdet
273 2148 45 20 av
341 2137 40 31 de
405 2138 151 35 resultat,
580 2147 74 21 som
677 2137 179 35 verkligen
879 2136 167 35 framgått
1069 2134 118 31 därav.

175 2181 18 31 I
216 2182 216 30 motionerna
466 2181 210 35 framhålles,
709 2180 71 31 dels
810 2181 51 30 att
894 2176 453 38 förädlingsverksamheten
1375 2176 60 32 vid
1458 2176 181 32 Weibulls-

131 2225 94 31 holm
249 2225 155 31 bedrives
428 2226 43 35 på
493 2226 48 30 ett
562 2224 217 31 annorlunda
802 2224 62 31 och
887 2224 13 30 i
924 2223 71 30 viss
1018 2223 82 30 mån
1123 2221 111 31 bättre
1256 2222 69 29 sätt
1347 2222 44 29 än
1416 2220 59 31 vid
1498 2220 139 35 Svalöv,

132 2269 72 31 dels
227 2270 53 30 att
302 2269 41 31 de
365 2268 60 31 vid
449 2268 238 31 förstnämnda
710 2268 126 31 anstalt
856 2267 126 31 hittills
999 2264 258 36 frambringade
1273 2266 151 29 sorterna
1438 2264 201 31 överträffat

131 2312 355 37 utsädesföreningens
510 2312 377 37 förädlingsprodukter
909 2311 62 31 och
993 2310 71 32 dels
1087 2310 52 30 att
1162 2307 192 32 utsikterna
1373 2308 53 31 för
1442 2307 197 32 erhållande

132 2366 44 21 av
199 2366 69 27 nya
290 2356 193 32 värdefulla
507 2358 105 29 sorter
636 2356 78 31 från
738 2355 264 32 Weibullsholm
1026 2353 110 31 under
1151 2352 66 31 den
1233 2353 170 30 närmaste
1419 2352 94 31 tiden
1528 2352 110 30 skulle

132 2410 85 21 vara
251 2401 141 31 särskilt
422 2402 99 29 stora.
568 2400 46 31 Vi
637 2400 94 31 skola
754 2400 12 30 i
789 2399 55 31 det
866 2398 151 37 följande
1040 2407 65 21 var
1126 2396 55 31 för
1204 2395 52 36 sig
1278 2397 105 35 något
1407 2396 115 36 belysa
1544 2395 95 31 dessa

132 2444 238 31 förhållanden
404 2446 90 29 samt
515 2444 119 31 därtill
657 2444 81 36 foga
760 2444 108 36 några
892 2441 274 36 anmärkningar
1189 2439 144 32 rörande
1355 2449 41 21 en
1420 2439 52 32 del
1496 2439 108 32 andra
1627 2440 12 30 i

132 2488 214 31 motionerna
370 2488 118 36 gjorda
510 2487 211 32 uttalanden.
