1854 2808
471 147 117 31 Andra
610 146 239 38 lagutskottets
874 145 177 31 utlåtande
1075 155 42 21 nr
1149 146 49 30 353.
1574 139 18 30 7

129 232 130 31 Genom
279 231 112 31 beslut
410 232 67 30 den
494 232 41 30 25
555 231 145 30 oktober
720 231 82 30 1940
820 230 85 30 fann
926 230 124 36 Kungl.
1070 228 102 37 Maj:t
1187 228 279 31 riksförbundets
1486 227 105 32 fram-

87 282 161 38 ställning
267 282 77 31 icke
362 282 184 31 föranleda
565 281 114 37 någon
704 281 123 36 Kungl.
852 280 120 38 Maj:ts
995 280 119 31 vidare
1134 279 131 37 åtgärd.

130 334 13 29 I
161 334 94 31 detta
271 333 253 37 sammanhang
542 332 59 31 vill
618 332 166 30 utskottet
800 331 118 31 vidare
936 331 114 31 erinra
1069 340 57 22 om
1145 331 66 30 den
1230 340 42 22 av
1290 330 121 31 herrar
1429 328 163 32 Hedlund

85 385 10 30 i
122 383 133 33 Rådom
282 386 65 29 och
373 383 198 31 Andersson
597 383 10 30 i
634 383 210 37 Hedensbyn
872 382 58 30 vid
957 381 235 31 innevarande
1219 380 56 32 års
1302 381 141 36 riksdag
1468 380 124 30 väckta

85 435 176 32 motionen
281 445 42 21 nr
341 435 64 31 269
424 434 12 30 i
455 434 111 32 andra
585 434 214 35 kammaren,
820 433 73 30 vari
913 432 194 32 hemställts
1128 442 56 21 om
1204 431 185 38 utredning
1408 441 42 22 av
1469 430 124 37 frågan

87 485 177 38 angående
291 485 154 37 opartisk
475 485 157 37 mätning
660 494 42 21 av
732 484 105 35 virke,
866 493 76 22 som
971 482 100 38 ingår
1098 483 12 30 i
1139 483 130 31 allmän
1299 481 173 38 flottning.
1504 476 89 37 Över

86 537 113 31 denna
218 535 131 33 motion
367 536 66 32 har
450 536 166 30 utskottet
635 536 67 30 den
722 536 39 30 18
780 535 74 36 juni
877 535 84 31 1943
981 534 127 36 avgivit
1127 532 186 38 utlåtande,
1334 543 42 20 nr
1395 533 51 30 54.

524 670 442 43 Utredningsmannens
990 668 161 44 förslag.

127 753 65 31 Det
214 762 43 22 av
277 751 355 37 utredningsmannen
655 750 201 30 utarbetade
879 749 152 31 utkastet
1051 749 51 31 till
1125 750 55 36 lag
1203 748 177 38 angående
1403 749 187 31 auktorise-

84 804 63 31 rad
162 803 157 37 mätning
335 812 42 21 av
396 803 65 31 ved
479 803 66 30 och
562 805 106 28 annat
687 801 96 31 virke
799 799 193 32 innehåller
1010 800 10 30 i
1042 802 15 29 1
1077 801 19 37 8
1115 800 109 31 första
1244 800 132 37 stycket
1393 799 198 38 stadgande,

86 859 49 28 att
153 856 122 37 Kungl.
293 854 101 38 Maj:t
409 856 81 35 äger
508 854 45 31 då
571 855 75 30 skäl
664 854 116 30 därtill
798 854 60 30 äro
878 853 177 37 förordna,
1076 855 50 29 att
1140 852 96 31 inom
1252 852 88 31 riket
1356 852 82 31 eller
1454 852 69 30 viss
1539 851 54 31 del

85 907 107 29 därav
218 905 156 37 mätning
399 915 42 21 av
465 905 65 30 ved
555 904 79 30 eller
660 906 107 28 annat
791 903 95 30 virke
912 902 67 37 må,
1006 903 63 30 där
1094 902 200 37 mätningen
1319 902 88 30 skall
1429 902 91 36 ligga
1543 901 50 31 till

85 957 111 37 grund
216 956 54 31 för
293 955 262 31 bestämmande
575 965 41 20 av
640 954 159 36 vederlag
821 953 55 31 för
895 954 111 30 virket
1030 954 80 30 eller
1132 953 55 31 för
1209 953 239 31 fastställande
1471 962 43 21 av
1533 961 59 22 an-

84 1017 70 22 nan
174 1007 187 36 ersättning
381 1005 116 32 såsom
513 1006 150 30 kostnad
681 1005 55 30 för
756 1008 175 33 transport
951 1014 43 21 av
1013 1004 120 36 virket,
1155 1003 211 40 ombesörjas
1386 1004 144 30 allenast
1551 1012 41 21 av

87 1059 256 36 virkesmätare,
365 1068 75 22 som
457 1068 43 21 av
517 1058 122 36 Kungl.
660 1057 103 37 Maj:t
781 1057 81 31 eller
876 1057 69 31 den
962 1056 202 38 myndighet
1182 1056 122 36 Kungl.
1325 1054 102 38 Maj:t
1446 1055 147 30 bestäm-

87 1120 74 21 mer
175 1110 115 31 därtill
306 1109 136 31 erhållit
456 1108 156 31 tillstånd
633 1107 291 41 (auktorisation).
950 1107 5 31 I
975 1107 111 31 andra
1105 1107 132 37 stycket
1256 1115 42 21 av
1317 1107 14 29 1
1354 1106 18 37 $
1391 1104 145 32 föreslås
1551 1114 42 22 en

85 1161 239 31 bestämmelse
344 1170 42 22 av
405 1160 170 30 innebörd
593 1162 49 29 att
662 1159 10 30 i
693 1159 235 30 förordnande
948 1158 105 36 enligt
1073 1157 109 31 första
1202 1157 132 37 stycket
1352 1157 122 30 kunna
1492 1157 101 36 göras

85 1222 43 21 av
145 1212 266 31 förhållandena
429 1210 185 37 påkallade
631 1209 285 37 begränsningar;
937 1209 118 30 vidare
1072 1211 168 34 upptages
1260 1207 63 31 där
1339 1216 44 21 en
1402 1206 190 37 dispensre-

84 1264 63 36 gel.
163 1263 53 30 En
231 1261 183 32 definition
429 1261 20 31 å
464 1261 186 37 begreppet
665 1260 156 36 mätning
836 1269 42 21 av
895 1259 96 31 virke
1007 1260 65 30 har
1086 1258 124 31 införts
1226 1258 11 30 i
1255 1259 14 29 1
1288 1256 20 41 8
1324 1257 111 37 tredje
1451 1258 141 36 stycket.

86 1311 114 37 Enligt
225 1312 112 30 denna
362 1309 126 32 förstås
512 1310 80 30 med
613 1309 158 36 mätning
796 1318 41 20 av
864 1308 96 30 virke
984 1308 70 31 dels
1081 1307 260 31 bestämmande
1366 1315 124 29 genom
1515 1307 77 30 räk-

85 1363 82 36 ning
188 1363 65 30 och
273 1361 156 37 mätning
451 1370 43 21 av
516 1360 127 31 virkets
666 1360 166 36 stycketal
852 1360 66 29 och
942 1359 232 31 dimensioner
1195 1359 89 35 eller,
1308 1359 62 29 där
1389 1358 111 30 virket
1522 1359 70 29 mä-

86 1418 47 26 tes
161 1414 11 30 i
196 1417 112 26 travat
334 1412 95 36 mått,
455 1422 42 20 av
524 1412 128 30 antalet
678 1411 66 30 och
771 1410 278 30 dimensionerna
1073 1419 42 21 av
1143 1410 42 30 de
1210 1409 139 36 staplar,
1374 1412 117 27 travar
1514 1409 79 29 eller

87 1465 119 35 vältor,
232 1463 73 31 vari
329 1463 111 30 virket
464 1462 171 37 upplagts,
659 1462 71 30 dels
756 1461 65 30 ock
845 1461 227 35 bedömande,
1099 1460 173 30 huruvida
1294 1460 65 30 och
1385 1460 10 29 i
1421 1460 67 30 vad
1513 1458 81 31 mån

87 1516 109 30 virket
219 1516 38 29 är
280 1514 157 31 behäftat
460 1513 80 30 med
562 1513 47 30 fel
634 1515 88 28 samt
747 1512 115 30 vilken
884 1512 139 37 hänsyn
1048 1510 115 31 därtill
1187 1511 88 30 skall
1300 1514 105 33 tagas,
1430 1511 163 29 ävensom

86 1576 41 21 av
149 1566 127 30 virkets
295 1564 244 31 beskaffenhet
560 1563 10 30 i
592 1563 119 37 övrigt.

131 1618 14 30 I
166 1616 223 37 lagutkastets
410 1617 18 29 2
451 1616 18 37 8
489 1614 218 36 föreskrives,
729 1617 49 27 att
796 1613 253 31 auktorisation
1070 1612 113 31 såsom
1202 1612 247 30 virkesmätare
1470 1611 58 31 må
1548 1611 45 37 gi-

87 1678 59 21 vas
172 1668 143 31 allenast
338 1667 66 30 den
431 1676 75 20 som
532 1665 122 31 vunnit
677 1665 104 36 nödig
807 1664 196 31 erfarenhet
1029 1674 57 20 om
1110 1663 280 36 virkesmätning.
1417 1663 65 30 Det
1506 1662 88 31 före-

88 1718 77 37 slås,
194 1722 49 28 att
270 1716 451 37 virkesmätningsförening
749 1716 65 30 och
840 1724 118 22 annan
985 1714 312 36 sammanslutning
1323 1714 80 30 med
1430 1713 165 31 liknande

90 1771 89 37 syfte
196 1771 88 31 skall
297 1771 121 30 kunna
433 1768 132 32 erhålla
583 1768 251 31 auktorisation
851 1767 115 31 såsom
984 1767 260 36 virkesmätare;
1265 1766 10 30 i
1293 1764 124 32 sådant
1431 1765 63 31 fall
1509 1764 87 31 skall

89 1820 45 37 på
159 1818 357 36 sammanslutningen
540 1817 258 31 ankommande
822 1816 293 37 mätningsarbete
1136 1816 133 30 utföras
1292 1825 42 21 av
1358 1815 11 30 i
1391 1815 76 30 dess
1490 1815 105 38 tjänst

89 1871 149 30 anställd
256 1869 346 36 mätningspersonal.
623 1868 116 36 Enligt
757 1869 19 29 3
795 1868 18 37 8
834 1867 87 30 skall
940 1868 181 36 upprättas
1142 1866 147 36 skriftlig
1306 1865 169 37 handling
1500 1865 95 39 (mät-

88 1921 138 39 besked)
256 1922 80 29 över
357 1920 66 31 vad
446 1919 58 30 vid
524 1918 384 37 mätningsförrättning
930 1917 232 31 förekommit.
1185 1917 64 30 Det
1272 1916 169 36 förordas,
1463 1918 50 28 att
1532 1915 63 31 till-

89 1983 62 27 syn
173 1973 80 29 över
275 1970 322 36 mätningsarbetets
620 1969 218 36 fullgörande
858 1969 89 30 skall
971 1969 121 29 utövas
1117 1977 42 21 av
1183 1966 412 37 virkesmätningsnämn-

90 2024 68 35 der,
183 2022 149 31 rörande
356 2022 110 30 vilkas
492 2019 314 37 sammansättning
831 2020 65 29 och
924 2019 220 30 verksamhet
1168 2017 215 31 föreskrifter
1409 2017 111 31 skulle
1545 2019 50 28 ut-

91 2074 117 30 färdas
232 2083 41 21 av
295 2073 122 35 Kungl.
440 2072 101 39 Maj:t
565 2071 79 31 eller
666 2070 201 37 myndighet
891 2079 75 21 som
988 2070 122 35 Kungl.
1134 2069 101 39 Maj:t
1256 2069 209 30 bestämmer
1493 2067 32 40 (4
1549 2066 47 40 8).

91 2127 11 28 I
128 2124 182 31 enahanda
334 2123 147 36 ordning
501 2122 199 31 förutsättes
722 2122 97 30 skola
842 2121 158 30 utfärdas
1021 2119 210 31 instruktion
1253 2119 147 30 rörande
1424 2118 172 31 förfaran-

91 2177 55 29 det
170 2175 57 30 vid
253 2174 156 36 mätning
435 2176 89 27 samt
550 2173 187 30 fastställas
761 2175 79 28 taxa
866 2172 56 30 för
948 2171 247 30 virkesmätare
1220 2171 65 29 och
1312 2170 40 30 de
1376 2169 152 37 grunder
1551 2168 46 31 ef-

94 2232 49 26 ter
166 2227 93 30 vilka
279 2226 234 30 kostnaderna
536 2225 55 29 för
612 2224 271 35 virkesmätning
905 2224 99 30 skola
1027 2223 150 30 fördelas
1207 2216 31 39 (3
1260 2217 32 41 8)
1318 2222 165 29 ävensom
1506 2219 93 31 med-

92 2279 93 30 delas
208 2275 457 37 tillämpningsföreskrifter
688 2275 9 29 i
720 2274 109 36 övrigt
856 2273 32 40 (9
911 2271 48 41 8).
984 2273 240 36 Lagutkastets
1249 2272 84 29 5—8
1357 2269 43 40 $$
1424 2269 175 31 innehålla

94 2325 212 37 stadganden
337 2323 177 36 angående
542 2323 126 35 klagan
699 2323 62 29 hos
793 2321 420 36 virkesmätningsnämnd
1246 2322 79 28 över
1353 2319 245 36 mätningsför-

94 2377 160 35 rättning,
275 2376 95 29 talan
389 2377 72 27 mot
482 2374 112 29 beslut
615 2383 42 20 av
679 2372 424 35 virkesmätningsnämnd
1121 2374 88 27 samt
1229 2370 370 30 straffbestämmelser.

139 2427 360 34 Utredningsmannen
524 2425 64 28 har
612 2424 9 29 i
647 2423 256 36 promemorian
929 2421 191 31 framhållit
1146 2421 153 38 följande
1323 2421 176 30 allmänna
1525 2430 75 27 syn-

98 2479 147 35 punkter
265 2476 147 31 rörande
436 2476 67 29 den
528 2474 200 35 ifrågasatta
750 2473 266 36 lagstiftningen.
