1908 2822
568 172 110 28 Andra
701 172 226 36 lagutskottets
950 172 167 29 utlåtande
1139 173 46 28 Nr
1209 173 50 29 21.
1624 169 38 32 19

318 247 121 39 (Kungl.
465 248 103 37 Maj:ts
585 246 143 39 förslag.)
1122 246 171 40 (Utskottets
1309 246 143 40 förslag.)

919 304 60 41 för
1001 305 266 42 anhängiggjorts
1282 305 108 41 fällas
1412 305 52 32 till
1486 305 53 31 det
1553 305 106 41 straff,

924 368 66 21 som
1024 358 40 30 är
1091 357 132 32 bestämt
1238 356 60 41 för
1319 356 121 32 sådant
1462 356 99 38 brott;
1584 356 76 32 dock

926 410 52 30 må
1009 408 215 40 sammanlagt
1246 406 225 42 frihetsstraff
1489 406 69 32 icke
1580 408 81 30 över-

924 459 87 41 stiga
1036 460 52 31 två
1110 460 47 31 år.

859 553 38 32 15
920 552 29 42 8.

210 613 74 32 Vad
309 624 72 21 som
404 612 170 32 inhämtas
598 613 58 31 vid
680 612 255 42 undersökning
959 612 83 32 eller
1066 612 217 42 granskning,
1309 622 73 21 som
1407 612 11 31 i
1446 611 37 32 13
1508 610 21 43 &
1554 611 104 32 andra

158 664 133 41 stycket
310 664 225 37 omförmäles,
556 666 53 29 må
628 664 30 41 ej
679 675 108 30 yppas
806 664 12 30 i
837 663 115 32 vidare
972 665 77 29 mån
1068 665 42 29 än
1130 674 73 21 som
1223 662 171 32 erfordras
1415 663 53 31 för
1487 662 170 31 vinnande

157 726 41 20 av
223 714 58 32 det
306 714 76 32 med
408 714 299 41 undersökningen
734 714 82 32 eller
841 713 253 42 granskningen
1121 713 148 32 avsedda
1296 713 200 32 ändamålet.
1534 713 124 41 Bryter

157 767 112 40 någon
290 765 162 38 häremot,
476 765 140 32 straffes
639 764 76 32 med
738 764 184 42 dagsböter
944 764 83 32 eller
1051 764 161 41 fängelse.

858 850 39 31 16
919 849 30 42 8.

209 909 110 38 Brott,
337 920 73 21 som
426 909 11 31 i
455 909 39 32 15
509 908 21 42 8
547 911 88 40 sägs,
652 911 53 30 må
722 920 40 21 av
779 909 123 31 allmän
920 909 156 41 åklagare
1093 908 106 32 åtalas
1218 908 144 32 allenast
1380 909 87 31 efter
1484 908 172 42 angivelse

156 971 40 21 av
219 960 250 41 målsäganden.

209 1010 115 38 Böter,
347 1021 73 20 som
442 1010 138 31 ådömas
603 1009 107 42 enligt
732 1009 110 32 denna
863 1009 65 42 lag,
951 1008 138 33 tillfalla
1110 1009 138 31 kronan.
1284 1008 131 32 Saknas
1437 1008 144 42 tillgång
1601 1008 54 31 till

156 1062 116 33 böters
299 1062 176 42 gäldande,
502 1062 96 32 skola
625 1062 41 32 de
693 1062 195 32 förvandlas
916 1062 107 42 enligt
1050 1062 125 31 allmän
1202 1062 63 41 lag.

866 1157 38 31 17
927 1155 30 42 8.

209 1216 74 31 Har
301 1216 228 32 förordnande
549 1227 53 20 om
622 1216 183 32 avstående
823 1227 41 20 av
883 1216 229 31 förnödenhet
1131 1216 53 31 till
1203 1215 129 32 kronan
1353 1217 89 30 ännu
1464 1215 72 32 icke
1556 1216 100 31 blivit

155 1266 157 42 gällande
337 1269 70 29 mot
432 1268 99 40 ägare
558 1267 83 32 eller
666 1267 204 32 innehavare
896 1267 57 31 vid
980 1267 60 38 tid,
1068 1267 43 31 då
1136 1266 217 42 tillämpning
1379 1278 41 20 av
1445 1267 210 31 bestämmel-

155 1329 100 21 serna
276 1318 12 30 i
310 1318 101 31 2—13
434 1317 43 42 $$
499 1317 143 42 upphör,
667 1329 77 21 vare
768 1318 245 31 förordnandet
1037 1319 81 30 utan
1142 1317 133 32 verkan.
1311 1318 126 41 Beslag
1461 1318 107 41 enligt
1591 1318 19 31 3
1635 1317 21 42 8

156 1368 63 32 och
238 1368 201 41 förfogande
460 1368 107 41 enligt
587 1369 19 31 4
626 1368 83 32 eller
727 1369 19 31 5
766 1368 21 41 $
807 1368 96 32 skola
923 1368 31 41 ej
977 1368 89 43 gälla
1086 1368 115 42 längre
1223 1370 42 29 än
1286 1368 53 31 till
1359 1380 46 20 nu
1427 1368 146 42 angivna
1593 1368 60 32 tid.

156 1418 18 32 I
191 1419 95 41 fråga
303 1429 54 22 om
374 1418 199 41 ersättning,
591 1418 113 31 vartill
721 1420 112 39 någon
850 1418 107 41 enligt
975 1418 110 31 denna
1102 1418 54 41 lag
1173 1419 36 29 är
1225 1417 192 42 berättigad
1434 1417 57 32 vid
1509 1417 145 32 nämnda

155 1471 60 38 tid,
239 1470 96 32 skola
357 1471 117 40 lagens
497 1470 257 32 bestämmelser
778 1471 210 31 fortfarande
1013 1473 62 39 äga
1098 1471 225 41 tillämpning.

855 1565 39 31 18
917 1564 29 41 8.

206 1623 194 41 Konungen
425 1625 79 40 äger
528 1623 156 32 meddela
708 1623 257 32 bestämmelser
991 1635 54 20 om
1072 1623 205 42 delgivning,
1304 1635 121 30 genom
1450 1624 203 42 kungörelse

154 1674 84 32 eller
256 1674 212 38 annorledes,
490 1674 62 31 och
573 1685 54 21 om
647 1674 257 41 verkställighet
924 1685 41 21 av
985 1674 239 38 förordnande,
1246 1685 114 21 varom
1382 1675 138 41 stadgas
1541 1675 12 31 i
1575 1675 27 38 2,
1624 1676 29 37 3,

154 1726 19 30 4
191 1724 83 32 eller
291 1724 19 32 5
328 1724 29 41 8,
377 1727 86 29 samt
481 1736 54 20 om
554 1725 221 32 användande
794 1725 53 32 för
866 1725 57 32 det
942 1725 149 32 avsedda
1108 1725 147 32 behovet
1274 1737 40 20 av
1332 1726 65 31 vad
1417 1726 107 41 enligt
1544 1726 110 31 denna

154 1775 55 41 lag
233 1775 103 41 tagits
361 1775 12 31 i
398 1775 155 41 anspråk,
581 1778 38 29 så
644 1775 61 32 ock
729 1776 11 31 i
766 1776 110 41 övrigt
901 1776 78 41 giva
1005 1776 41 31 de
1072 1778 152 29 närmare
1251 1776 222 38 föreskrifter,
1501 1787 73 21 som
1601 1779 53 29 må

154 1825 171 32 erfordras
351 1826 53 31 för
429 1826 218 41 tillämpning
672 1837 40 20 av
738 1826 110 32 denna
873 1826 64 41 lag.

854 1911 38 30 19
915 1910 29 40 8.

206 1968 132 32 Genom
364 1968 111 32 denna
500 1969 56 40 lag
581 1970 98 40 göres
707 1969 31 41 ej
766 1969 247 41 inskränkning
1038 1969 11 31 i
1076 1969 65 32 den
1168 1971 67 30 rätt
1261 1970 53 31 till
1341 1970 211 39 rekvisition,
1580 1982 72 20 som

153 2018 107 42 enligt
286 2019 156 41 gällande
468 2019 242 42 författningar
736 2019 205 32 tillkommer
967 2020 127 31 militär
1120 2020 207 41 myndighet.

205 2180 121 31 Denna
347 2180 54 40 lag
422 2180 113 31 träder
556 2181 10 30 i
588 2180 90 31 kraft
700 2181 65 31 den
789 2181 15 30 1
828 2181 63 39 juli
915 2181 89 31 1938.

204 2344 201 32 Stockholm
430 2345 65 31 den
522 2346 34 30 11
583 2356 90 20 mars
699 2346 88 32 1938.

606 2412 49 31 På
678 2412 105 32 andra
805 2413 245 41 lagutskottets
1073 2415 138 40 vägnar:

708 2496 150 32 DAVID
881 2496 213 33 NORMAN.
