1886 2812
504 177 103 27 Andra
628 178 217 34 lagutskottets
868 178 159 28 utlåtande
1048 187 37 18 nr
1108 180 43 25 15.
1560 180 12 28 1

748 305 67 41 Nr
849 306 64 39 15.

591 418 115 25 Ankom
729 418 42 25 till
791 418 169 32 riksdagens
982 418 95 25 kansli
1099 419 55 24 den
1179 420 30 24 12
1233 426 77 17 mars
1335 420 67 24 1946
1425 419 37 24 kl.
1483 420 15 24 4
1521 426 53 17 em.

282 497 185 32 Utlåtande
492 500 10 29 i
526 498 187 40 anledning
739 509 42 21 av
808 498 124 39 Kungl.
959 499 117 39 Maj:ts
1103 499 213 38 proposition
1343 500 79 30 med
1448 498 128 39 förslag

481 561 50 31 till
559 561 54 40 lag
644 571 57 21 om
729 562 140 37 fortsatt
896 562 155 39 giltighet
1079 571 42 22 av
1150 561 177 31 allmänna
1356 561 221 39 förfogande-

481 624 98 37 lagen
601 623 66 31 den
691 624 42 30 22
754 624 76 38 juni
857 624 84 30 19539
965 623 60 37 (nr
1047 623 91 37 293).

126 721 133 30 Genom
286 731 43 20 en
355 722 68 30 den
453 723 38 29 15
516 722 157 30 februari
702 723 83 29 1946
811 722 222 39 dagtecknad
1058 722 231 39 proposition,
1316 732 42 20 nr
1383 723 52 35 69,
1460 722 117 30 vilken

81 774 180 30 hänvisats
284 774 53 30 till
359 775 193 38 lagutskott
576 775 67 30 och
665 775 210 31 behandlats
899 785 43 20 av
965 776 111 30 andra
1100 776 238 38 lagutskottet,
1362 776 66 30 har
1451 775 124 39 Kungl.

82 827 110 39 Maj:t,
224 828 112 30 under
365 828 225 39 åberopande
618 838 43 20 av
690 829 268 39 propositionen
984 829 141 38 bilagda
1155 829 10 30 i
1194 828 188 31 statsrådet
1412 829 66 30 och
1506 829 70 38 lag-

83 880 96 31 rådet
203 881 102 30 förda
330 882 188 38 protokoll,
542 881 182 39 föreslagit
748 881 187 39 riksdagen
962 885 49 27 att
1036 884 127 36 antaga
1188 882 158 38 följande
1370 881 132 40 förslag
1526 881 51 30 till

788 991 94 53 Lag

322 1077 59 22 om
403 1067 143 31 fortsatt
569 1068 159 39 giltighet
752 1078 42 21 av
817 1068 183 31 allmänna
1022 1068 315 39 förfogandelagen

561 1123 68 29 den
652 1123 43 29 22
715 1122 77 38 juni
816 1122 86 30 1939
928 1122 55 38 (nr
1005 1122 90 38 293).

126 1228 215 39 Härigenom
366 1228 200 36 förordnas,
590 1232 50 27 att
664 1229 181 30 allmänna
869 1229 316 39 förfogandelagen
1210 1229 66 30 den
1301 1230 41 29 22
1366 1228 77 40 juni
1468 1224 109 39 1939!,

83 1281 117 31 vilken
218 1282 140 39 jämlikt
377 1283 57 38 lag
453 1283 67 29 den
541 1284 36 28 11
599 1282 72 39 maj
694 1283 82 30 1945
799 1282 55 38 (nr
876 1282 73 40 171)
972 1283 108 38 gäller
1099 1282 50 31 till
1171 1283 66 30 och
1256 1283 81 30 med
1356 1282 67 30 den
1443 1283 41 29 30
1502 1281 76 40 juni

85 1336 93 34 1946,
205 1336 88 29 skall
316 1336 66 38 äga
404 1335 143 31 fortsatt
570 1335 159 39 giltighet
753 1336 52 30 till
829 1336 66 30 och
920 1336 82 30 med
1026 1336 67 30 den
1117 1336 42 30 30
1184 1335 76 39 juni
1286 1336 93 29 1947.

126 1459 139 30 Allmän
290 1459 270 39 förfogandelag
586 1460 206 30 utfärdades
816 1460 68 30 den
909 1461 41 29 22
977 1460 76 39 juni
1081 1461 82 29 1939
1192 1460 53 39 (nr
1270 1460 75 39 293)
1374 1460 67 30 och
1466 1459 112 39 gällde

83 1512 270 39 ursprungligen
374 1513 53 30 till
446 1513 66 30 och
530 1513 81 30 med
629 1513 68 30 den
716 1513 38 30 31
777 1523 95 20 mars
894 1514 93 29 1940.
1019 1513 136 38 Lagens
1176 1513 231 39 giltighetstid
1425 1513 65 30 har
1508 1512 71 30 för-

83 1566 114 38 längts
218 1573 126 31 genom
365 1566 99 38 lagar
484 1566 67 30 den
572 1566 42 30 30
635 1575 96 21 mars
755 1567 83 29 1940
863 1566 53 39 (nr
941 1565 86 40 168),
1049 1566 69 30 den
1143 1567 39 29 13
1203 1566 76 39 juni
1302 1567 82 29 1941
1413 1565 53 40 (nr
1488 1564 90 40 394),

83 1618 68 30 den
173 1620 38 28 15
232 1618 72 39 maj
327 1620 83 29 1942
435 1619 53 39 (nr
507 1619 89 39 251),
617 1620 68 29 den
707 1620 37 28 17
765 1619 76 39 juni
863 1620 84 29 1943
970 1619 55 39 (nr
1044 1618 89 40 403),
1155 1619 66 30 den
1244 1620 41 29 28
1304 1619 93 39 april
1417 1619 83 30 1944
1525 1618 54 40 (nr

86 1671 72 40 175)
182 1672 66 30 och
268 1672 67 30 den
357 1673 35 29 11
416 1672 72 39 maj
511 1673 81 29 1945
617 1672 53 39 (nr
692 1672 86 39 171),
799 1672 84 31 sista
903 1672 137 39 gången
1060 1672 58 30 för
1135 1672 96 31 tiden
1250 1672 53 30 till
1324 1672 67 30 och
1411 1672 80 30 med
1511 1672 67 30 den

83 1725 41 29 30
142 1725 76 38 juni
238 1726 93 29 1946.
363 1726 13 28 I
396 1726 171 29 samband
586 1726 81 29 med
685 1725 317 39 förlängningarna
1022 1735 42 21 av
1083 1725 275 39 giltighetstiden
1377 1726 90 30 hava
1487 1725 91 30 vissa

82 1778 191 38 ändringar
296 1778 166 39 vidtagits
486 1779 10 29 i
521 1779 110 38 lagen.

128 1830 68 30 För
210 1834 50 27 att
275 1832 120 37 lagens
411 1831 194 30 materiella
620 1832 267 30 bestämmelser
903 1832 99 30 skola
1018 1832 99 30 träda
1134 1832 10 29 i
1161 1832 223 38 tillämpning
1400 1831 179 31 erfordras

83 1884 138 30 särskilt
240 1884 235 30 förordnande
494 1885 130 29 därom.
656 1884 130 30 Sådant
806 1884 236 30 förordnande
1060 1884 57 30 må
1135 1885 175 29 meddelas
1329 1885 58 29 vid
1405 1884 75 39 krig
1499 1885 80 29 eller

83 1937 181 38 krigsfara,
286 1937 73 29 vari
383 1937 89 30 riket
493 1937 159 30 befinner
671 1937 62 38 sig,
759 1937 80 30 eller
862 1937 97 38 eljest
982 1938 110 29 under
1114 1937 300 39 utomordentliga,
1439 1947 41 20 av
1503 1937 76 38 krig

84 1990 203 29 föranledda
308 1989 253 30 förhållanden.
597 1990 247 30 Förordnande
865 1990 176 30 meddelas
1061 2000 43 19 av
1127 1989 122 39 Kungl.
1274 1990 99 39 Maj:t
1394 1991 78 29 med
1493 1989 85 30 riks-

83 2043 128 38 dagens
232 2043 187 38 samtycke,
442 2043 89 29 dock
551 2046 57 32 att,
632 2044 65 29 när
716 2043 185 38 riksdagen
922 2043 30 38 ej
975 2044 38 29 är
1034 2043 143 35 samlad,
1200 2042 226 39 provisoriskt
1446 2043 132 30 förord-

85 2096 111 30 nande
221 2095 57 30 må
303 2095 176 31 meddelas
505 2106 41 19 av
572 2096 122 37 Kungl.
721 2096 108 38 Maj:t.
869 2096 132 30 Genom
1025 2096 204 38 kungörelse
1253 2097 65 29 den
1344 2097 19 29 6
1388 2097 191 38 september

86 2149 83 29 1939
195 2147 53 39 (nr
267 2148 75 38 624)
369 2149 202 29 meddelade
591 2149 123 38 Kungl.
737 2149 99 38 Maj:t
857 2149 246 32 förordnande,
1124 2159 118 20 varom
1263 2159 82 28 nyss
1367 2150 38 29 är
1423 2152 86 36 sagt,
1530 2151 49 28 att

84 2201 89 38 gälla
202 2201 68 29 tills
296 2201 128 35 vidare,
454 2201 102 31 vilket
585 2201 235 30 förordnande
848 2201 185 38 riksdagen
1061 2201 10 29 i
1097 2201 165 31 skrivelse
1290 2202 65 30 den
1389 2203 16 28 7
1436 2203 143 29 oktober

86 2255 82 29 1939
194 2253 53 38 (nr
269 2253 31 38 9)
328 2253 199 31 förklarade
549 2254 49 37 sig
620 2253 90 38 gilla.
746 2254 262 29 Förordnandet
1029 2255 38 28 är
1088 2254 148 38 alltjämt
1258 2254 167 38 gällande.

128 2306 223 30 Beträffande
376 2306 177 30 allmänna
579 2306 325 38 förfogandelagens
931 2305 152 30 innehåll
1109 2306 55 30 må
1189 2307 64 29 här
1279 2307 146 29 allenast
1450 2306 129 30 erinras

83 2369 57 20 om
164 2361 49 27 att
233 2358 107 39 enligt
363 2359 100 37 lagen
487 2359 122 37 Kungl.
635 2358 101 38 Maj:t
757 2359 80 37 äger
860 2377 44 3 —
928 2359 63 29 där
1014 2357 37 31 så
1075 2358 113 30 finnes
1212 2358 216 39 erforderligt
1453 2359 54 30 för
1531 2362 48 27 att

86 2412 93 29 inom
210 2411 88 30 riket
328 2412 85 29 eller
444 2411 93 30 inom
569 2411 83 30 visst
682 2411 143 30 område
854 2421 43 20 av
929 2411 90 30 riket
1048 2411 183 38 tillgodose
1260 2411 148 30 behovet
1438 2421 42 21 av
1511 2412 68 30 för-

120 2499 5 14 !
148 2500 116 24 Senaste
286 2499 114 31 lydelse,
423 2506 28 16 se
473 2500 60 24 SFS
557 2500 148 24 1940:168.,
730 2500 134 24 1941:394
888 2499 53 24 och
968 2500 75 23 1942:
1056 2500 58 24 251.

125 2554 118 32 Bihang
264 2554 44 25 till
329 2554 181 32 riksdagens
530 2554 157 33 protokoll
711 2554 80 25 1946.
822 2554 16 23 9
861 2553 86 25 saml.
981 2554 15 24 2
1016 2553 66 25 avd.
1115 2553 42 25 Nr
1181 2554 41 24 15.
