2192 2624
142 533 67 30 Ang.
233 531 114 32 tilläggs-

165 567 112 30 pension
296 567 28 23 åt

153 601 186 31 ö$verinspekto-

168 644 48 17 ren
238 637 24 24 J.
282 637 35 24 H.

170 671 147 30 ITåndquist.

161 1227 171 24 Generaliull-

178 1262 136 30 styrelsen.

414 178 40 31 14
864 177 279 31 Bankoutskottets
1165 176 166 32 utlåtande
1356 176 52 32 Nr
1431 177 52 30 30.

772 256 227 36 föreskrivas
1032 256 12 35 i
1072 255 110 48 fråga
1223 268 61 23 om
1328 254 160 49 pension
1531 254 55 35 till
1625 253 119 36 änkor
1778 252 71 36 och
1887 252 96 36 barn

773 308 97 35 efter
899 307 188 36 ordinarie
1115 306 380 49 befattningshavare
1523 306 63 35 vid
1616 304 213 39 tullverket.

1138 429 72 33 4:00,

499 515 240 37 Beträffande
767 514 183 48 slutligen
978 514 136 48 frågan
1143 527 60 22 om
1234 510 319 50 tilläggspension
1583 516 38 29 åt
1647 509 338 47 överinspektoren

369 569 65 35 vid
476 565 446 51 packhusinspektionen
950 565 12 35 i
992 565 199 48 Göteborg
1232 566 38 34 J.
1302 565 48 34 H.
1381 564 198 43 Lindquist
1607 561 68 35 har
1705 559 279 49 föredragande

369 618 419 50 departementschefen
816 617 59 36 till
905 615 418 50 statsrådsprotokollet
1351 614 143 36 anfört:

499 670 109 36 »Med
640 669 196 36 utlåtande
866 668 74 36 den
970 671 45 34 31
1041 668 154 49 januari
1226 669 98 34 1920
1345 667 68 35 har
1432 664 416 50 generaltullstyrelsen
1877 668 108 31 över-

368 724 144 35 lämnat
547 735 47 23 en
623 722 57 35 till
707 720 168 37 nämnda
903 721 158 48 styrelse
1091 720 72 36 den
1195 721 43 33 17
1271 717 200 37 december
1501 718 98 34 1919
1629 716 82 35 från
1740 714 245 48 överinspek-

369 786 109 25 toren
516 773 62 37 vid
614 772 445 50 packhusinspektionen
1090 772 13 35 i
1141 770 199 48 Göteborg
1367 769 128 36 Johan
1524 768 145 36 Henrik
1697 766 204 48 Lindquist
1929 766 56 35 in-

369 827 178 36 kommen
589 824 297 48 framställning,
929 824 11 35 i
978 823 129 36 vilken
1145 822 202 48 Lindquist
1375 843 49 3 —
1453 820 121 36 under
1611 819 233 47 hänvisning
1881 817 104 36 såväl

369 878 59 36 till
457 878 57 35 sin
545 877 174 48 57-åriga
748 875 266 48 tjänstgöring
1041 875 12 35 i
1081 873 201 37 tullverket
1311 872 71 37 och
1412 872 155 36 särskilt
1595 871 57 35 till
1673 871 71 35 den
1766 869 55 36 tid
1842 883 46 22 av
1904 882 81 22 mer

369 935 48 30 än
447 930 112 47 tjugu
588 931 41 33 år
656 928 76 36 han
759 926 175 37 innehaft
962 926 72 36 den
1059 925 254 37 ansvarsfulla
1344 924 136 47 +tjänst,
1515 923 76 35 han
1626 922 106 36 stode
1767 922 10 35 i
1813 921 172 48 begrepp

369 986 56 31 att
465 982 138 46 lämna,
646 993 79 22 som
769 978 57 36 till
864 978 165 36 rådande
1057 978 88 48 låga
1175 976 293 50 penningvärde
1497 997 49 3 -—
1576 973 207 46 hemställt,
1813 979 56 29 att
1897 972 87 39 han,

369 1046 82 23 som
493 1032 205 36 kvarstode
732 1034 20 32 å
784 1031 168 47 gammal
986 1035 74 30 stat
1094 1030 13 34 1
1135 1028 214 44 tullverket,
1379 1026 121 37 måtte
1524 1027 121 47 jämte
1674 1025 74 36 den
1776 1024 161 49 pension
1967 1028 20 31 å

368 1086 115 46 4,000
511 1085 153 44 kronor,
694 1082 128 36 vartill
852 1082 76 35 han
958 1094 87 23 vore
1065 1080 230 48 berättigad,
1316 1079 102 36 bliva
1438 1077 170 37 tilldelad
1630 1090 46 23 en
1697 1076 95 46 årlig
1812 1076 174 48 tilläggs-

367 1137 161 48 pension
558 1139 20 32 å
607 1136 114 45 3,000
749 1135 153 35 kronor.

499 1240 74 36 För
601 1252 99 34 egen
728 1238 61 36 del
818 1237 111 36 anför
949 1235 420 49 generaltullstyrelsen
1390 1235 11 34 i
1422 1234 65 35 sitt
1507 1231 261 51 nyssnämnda
1789 1230 198 36 ntlåtande

369 1291 185 49 följande:

505 1367 198 41 »Lindquist.
739 1377 70 21 som
845 1371 37 26 är
912 1365 76 32 född
1018 1365 62 31 den
1106 1366 40 29 1t
1170 1364 171 32 december
1368 1363 93 38 1840,
1487 1363 119 38 antogs
1629 1360 11 31 i
1663 1358 197 33 tullverkets
1884 1359 105 40 tjänst

370 1413 62 31 den
470 1414 38 29 13
542 1410 177 32 november
757 1411 93 36 1862,
887 1420 86 21 vann
1007 1409 62 31 den
1103 1409 39 30 21
1180 1407 144 32 februari
1355 1407 82 31 1868
1467 1404 163 33 ordinarie
1655 1401 201 40 anställning
1878 1402 110 31 såsom

370 1454 302 34 kammarskrivare
707 1453 55 32 vid
797 1453 257 32 tullkammaren
1077 1451 11 31 i
1111 1451 175 40 Göteborg,
1320 1448 212 42 befordrades
1556 1448 61 31 den
1644 1448 38 30 10
1707 1445 171 33 december
1904 1445 84 31 1878

370 1500 53 31 till
457 1498 183 33 kontrollör
673 1497 56 32 vid
763 1495 381 43 packhusinspektionen
1172 1494 182 37 därstädes,
1378 1492 161 33 innehade
1563 1491 85 32 efter
1671 1489 165 32 varandra
1857 1488 132 32 tullför-

370 1543 297 40 valtartjänsterna
689 1541 11 31 i
723 1541 152 40 Varberg
899 1540 60 31 och
984 1539 11 31 i
1017 1539 176 31 Halmstad
1217 1542 156 27 ävensom
1396 1534 348 41 kontrollörstjänsten
1759 1532 56 32 vid
1831 1532 158 32 tullkam-

371 1597 114 22 maren
507 1586 11 32 i
542 1586 166 40 Göteborg
730 1586 88 30 samt
840 1584 62 31 har
926 1584 61 31 den
1011 1584 40 30 22
1076 1581 85 42 april
1187 1582 82 31 1898
1294 1592 41 21 av
1359 1580 104 32 Eders
1487 1579 119 40 Kungl.
1631 1578 96 40 Maj:t
1749 1576 241 32 konstituerats

370 1631 54 31 till
458 1641 43 21 nu
534 1629 226 32 innehavande
797 1626 384 42 överinspektorstjänst.
1227 1624 219 32 Härförutom
1475 1623 62 32 har
1559 1622 172 40 Lindquist
1753 1621 44 41 på
1819 1619 106 41 grund
1948 1629 42 21 av

371 1673 164 33 särskilda
568 1672 121 41 nådiga
722 1672 81 31 brev
835 1671 63 32 den
933 1671 41 32 28
1009 1669 146 32 februari
1193 1669 92 37 1908,
1319 1669 63 31 den
1405 1668 42 31 23
1472 1666 171 32 december
1669 1665 82 31 1910
1776 1664 62 31 och
1861 1663 63 32 den
1950 1664 39 30 15

371 1717 172 33 december
573 1718 82 30 1912
679 1715 86 32 intill
788 1716 169 40 utgången
980 1724 42 21 av
1045 1714 38 31 år
1108 1713 84 32 1913
1216 1711 135 33 bestritt
1374 1708 459 39 tulldirektörsbefattningen
1855 1706 11 32 i
1890 1706 100 32 Göte-

371 1762 83 40 borg
484 1761 78 32 eller
585 1759 151 32 innehaft
758 1759 120 32 sådant
900 1757 136 33 härmed
1055 1756 188 41 jämförligt
1266 1755 230 37 förordnande,
1520 1764 71 22 som
1615 1751 233 34 omförmäldes
1870 1750 12 31 i
1906 1751 18 39 8
1950 1750 39 30 18

372 1816 43 21 av
452 1803 390 42 avlöningsreglementet
868 1802 52 31 för
943 1799 335 41 lokalförvaltningen
1301 1799 62 32 den
1389 1800 39 30 18
1450 1797 71 41 juni
1547 1798 93 37 1910,
1665 1796 118 31 sådant
1806 1795 93 31 detta
1922 1793 68 32 för-

371 1848 238 40 fattningsrum
644 1846 251 42 ursprungligen
928 1845 107 40 lydde.
1081 1844 115 40 Enligt
1228 1843 117 40 nådigt
1378 1843 81 31 brev
1494 1842 61 31 den
1591 1841 40 30 25
1660 1839 137 32 oktober
1823 1838 83 31 1912
1929 1836 62 32 har

373 1892 106 32 Eders
500 1891 119 40 Kungl.
644 1890 96 41 Maj:t
763 1890 109 32 funnit
894 1890 76 39 gott
992 1887 126 33 tilldela
1141 1886 171 41 Lindquist
1336 1885 162 41 medaljen
1522 1885 11 31 i
1557 1884 78 40 guld
1652 1894 40 21 av
1709 1882 97 32 tolfte
1823 1880 167 33 storleken

373 1936 74 32 med
470 1935 148 32 inskrift:
643 1934 65 32 För
729 1933 50 32 nit
803 1933 63 32 och
889 1931 163 42 redlighet
1074 1931 11 31 i
1109 1930 107 33 rikets
1239 1930 115 41 tjänst.

505 1978 74 33 Med
613 1977 188 41 Lindquists
836 1976 106 41 tjänst
977 1980 57 27 äro
1069 1974 105 41 enligt
1209 1974 61 31 den
1295 1974 74 31 från
1393 1972 62 32 och
1477 1971 76 32 med
1576 1971 37 31 år
1639 1971 81 30 1911
1746 1968 152 40 gällande
1922 1969 69 30 stat

372 2022 156 33 förenade
562 2021 143 41 följande
741 2020 348 40 avlöningsförmåner,
1125 2017 166 39 nämligen
1314 2015 54 33 lön
1392 2016 97 38 4,700
1512 2015 133 36 kronor,
1669 2011 321 43 tjänstgöringspen-

373 2065 118 40 ningar
525 2067 97 38 2,600
656 2065 122 31 kronor
812 2064 81 31 eller
926 2063 138 41 tillhopa
1100 2062 97 37 7,300
1232 2061 132 36 kronor,
1393 2059 164 41 varjämte
1592 2058 62 31 den
1682 2057 90 30 fasta
1796 2055 196 40 avlöningen

372 2110 69 31 kan
475 2109 85 32 efter
593 2108 187 42 respektive
808 2109 30 37 3,
864 2108 19 31 6
908 2106 61 33 och
993 2107 19 31 9
1037 2107 37 31 år
1096 2105 105 41 höjas,
1226 2104 93 41 varje
1342 2104 89 40 gång
1453 2102 74 32 med
1551 2102 64 30 400
1638 2100 131 31 kronor.
1816 2098 174 32 Pensions-

375 2152 193 41 underlaget
596 2157 37 27 är
656 2152 104 40 enligt
782 2161 128 22 samma
934 2152 68 30 stat
1026 2150 97 38 5,000
1145 2149 132 31 kronor.
1304 2166 40 2 -—
1370 2145 172 41 Lindquist
1564 2144 156 32 kvarstår
1744 2142 183 32 emellertid
1949 2143 43 40 på

377 2197 85 31 1904
495 2196 54 31 års
583 2198 69 30 stat
687 2196 61 32 och
776 2195 145 42 åtnjuter
944 2193 11 32 i
978 2193 82 41 följd
1083 2192 106 32 härav
1212 2192 54 31 lön
1289 2191 97 38 4,000
1409 2190 133 36 kronor,
1566 2185 426 44 tjänstgöringspenningar

375 2240 97 39 3,000
496 2239 121 32 kronor
641 2239 79 32 eller
742 2238 141 41 tillhopa
907 2238 96 36 7,000
1025 2237 125 31 kronor
1170 2236 105 41 jämte
1298 2234 59 32 två
1379 2232 228 40 ålderstillägg
1623 2232 20 31 å
1657 2230 221 40 sammanlagt
1896 2230 95 37 1,000

374 2284 132 31 kronor.
553 2283 181 32 Pensionen
766 2281 86 33 skall
877 2281 102 40 enligt
1003 2280 104 31 denna
1132 2281 69 32 stat
1224 2278 79 40 utgå
1326 2277 52 32 till
1402 2275 171 42 Lindquist
1596 2274 74 32 med
1693 2275 49 31 ett
1764 2273 118 42 belopp
1905 2275 87 29 mot-
