<?xml version="1.0" encoding="UTF-8"?>
<alto xmlns="http://www.loc.gov/standards/alto/ns-v3#" xmlns:xlink="http://www.w3.org/1999/xlink" xmlns:xsi="http://www.w3.org/2001/XMLSchema-instance" xsi:schemaLocation="http://www.loc.gov/standards/alto/ns-v3# http://www.loc.gov/alto/v3/alto-3-0.xsd">
	<Description>
		<MeasurementUnit>pixel</MeasurementUnit>
		<sourceImageInformation>
			<fileName>/tmp/tess_gfgunepe_input.PNG</fileName>
		</sourceImageInformation>
		<OCRProcessing ID="OCR_0">
			<ocrProcessingStep>
				<processingSoftware>
					<softwareName>tesseract 5.3.0</softwareName>
				</processingSoftware>
			</ocrProcessingStep>
		</OCRProcessing>
	</Description>
	<Layout>
		<Page WIDTH="1888" HEIGHT="2766" PHYSICAL_IMG_NR="0" ID="page_0">
			<PrintSpace HPOS="0" VPOS="0" WIDTH="1888" HEIGHT="2766">
				<ComposedBlock ID="cblock_0" HPOS="484" VPOS="164" WIDTH="1126" HEIGHT="35">
					<TextBlock ID="block_0" HPOS="484" VPOS="164" WIDTH="1126" HEIGHT="35">
						<TextLine ID="line_0" HPOS="484" VPOS="164" WIDTH="1126" HEIGHT="35">
							<String ID="string_0" HPOS="484" VPOS="167" WIDTH="276" HEIGHT="32" WC="0.91" CONTENT="Statsutskottets"/><SP WIDTH="19" VPOS="167" HPOS="760"/>
							<String ID="string_1" HPOS="779" VPOS="165" WIDTH="175" HEIGHT="32" WC="0.96" CONTENT="utlåtande"/><SP WIDTH="19" VPOS="165" HPOS="954"/>
							<String ID="string_2" HPOS="973" VPOS="177" WIDTH="40" HEIGHT="20" WC="0.96" CONTENT="nr"/><SP WIDTH="18" VPOS="177" HPOS="1013"/>
							<String ID="string_3" HPOS="1031" VPOS="168" WIDTH="62" HEIGHT="28" WC="0.96" CONTENT="103"/><SP WIDTH="19" VPOS="168" HPOS="1093"/>
							<String ID="string_4" HPOS="1112" VPOS="164" WIDTH="37" HEIGHT="32" WC="0.94" CONTENT="år"/><SP WIDTH="18" VPOS="164" HPOS="1149"/>
							<String ID="string_5" HPOS="1167" VPOS="167" WIDTH="82" HEIGHT="29" WC="0.96" CONTENT="1962"/><SP WIDTH="326" VPOS="167" HPOS="1249"/>
							<String ID="string_6" HPOS="1575" VPOS="170" WIDTH="35" HEIGHT="27" WC="0.95" CONTENT="11"/>
						</TextLine>
					</TextBlock>
				</ComposedBlock>
				<ComposedBlock ID="cblock_1" HPOS="127" VPOS="241" WIDTH="1487" HEIGHT="252">
					<TextBlock ID="block_1" HPOS="127" VPOS="241" WIDTH="1487" HEIGHT="252">
						<TextLine ID="line_1" HPOS="168" VPOS="241" WIDTH="1446" HEIGHT="46">
							<String ID="string_7" HPOS="168" VPOS="247" WIDTH="236" HEIGHT="40" WC="0.96" CONTENT="Utbildningen"/><SP WIDTH="21" VPOS="247" HPOS="404"/>
							<String ID="string_8" HPOS="425" VPOS="247" WIDTH="9" HEIGHT="31" WC="0.96" CONTENT="i"/><SP WIDTH="20" VPOS="247" HPOS="434"/>
							<String ID="string_9" HPOS="454" VPOS="247" WIDTH="95" HEIGHT="31" WC="0.97" CONTENT="Lund"/><SP WIDTH="19" VPOS="247" HPOS="549"/>
							<String ID="string_10" HPOS="568" VPOS="247" WIDTH="60" HEIGHT="31" WC="0.96" CONTENT="bör"/><SP WIDTH="18" VPOS="247" HPOS="628"/>
							<String ID="string_11" HPOS="646" VPOS="245" WIDTH="101" HEIGHT="40" WC="0.93" CONTENT="enligt"/><SP WIDTH="18" VPOS="245" HPOS="747"/>
							<String ID="string_12" HPOS="765" VPOS="244" WIDTH="382" HEIGHT="41" WC="0.91" CONTENT="departementschefens"/><SP WIDTH="19" VPOS="244" HPOS="1147"/>
							<String ID="string_13" HPOS="1166" VPOS="243" WIDTH="216" HEIGHT="40" WC="0.93" CONTENT="uppfattning"/><SP WIDTH="19" VPOS="243" HPOS="1382"/>
							<String ID="string_14" HPOS="1401" VPOS="241" WIDTH="213" HEIGHT="33" WC="0.92" CONTENT="huvudsakli-"/>
						</TextLine>
						<TextLine ID="line_2" HPOS="127" VPOS="296" WIDTH="1487" HEIGHT="46">
							<String ID="string_15" HPOS="127" VPOS="312" WIDTH="60" HEIGHT="30" WC="0.96" CONTENT="gen"/><SP WIDTH="26" VPOS="312" HPOS="187"/>
							<String ID="string_16" HPOS="213" VPOS="312" WIDTH="54" HEIGHT="29" WC="0.96" CONTENT="ges"/><SP WIDTH="24" VPOS="312" HPOS="267"/>
							<String ID="string_17" HPOS="291" VPOS="301" WIDTH="64" HEIGHT="31" WC="0.96" CONTENT="den"/><SP WIDTH="25" VPOS="301" HPOS="355"/>
							<String ID="string_18" HPOS="380" VPOS="300" WIDTH="201" HEIGHT="40" WC="0.95" CONTENT="omfattning"/><SP WIDTH="24" VPOS="300" HPOS="581"/>
							<String ID="string_19" HPOS="605" VPOS="300" WIDTH="61" HEIGHT="31" WC="0.96" CONTENT="och"/><SP WIDTH="24" VPOS="300" HPOS="666"/>
							<String ID="string_20" HPOS="690" VPOS="299" WIDTH="183" HEIGHT="40" WC="0.96" CONTENT="fördelning"/><SP WIDTH="25" VPOS="299" HPOS="873"/>
							<String ID="string_21" HPOS="898" VPOS="299" WIDTH="43" HEIGHT="39" WC="0.97" CONTENT="på"/><SP WIDTH="24" VPOS="299" HPOS="941"/>
							<String ID="string_22" HPOS="965" VPOS="298" WIDTH="105" HEIGHT="32" WC="0.96" CONTENT="skilda"/><SP WIDTH="24" VPOS="298" HPOS="1070"/>
							<String ID="string_23" HPOS="1094" VPOS="297" WIDTH="223" HEIGHT="40" WC="0.96" CONTENT="avdelningar,"/><SP WIDTH="25" VPOS="297" HPOS="1317"/>
							<String ID="string_24" HPOS="1342" VPOS="308" WIDTH="70" HEIGHT="20" WC="0.96" CONTENT="som"/><SP WIDTH="25" VPOS="308" HPOS="1412"/>
							<String ID="string_25" HPOS="1437" VPOS="296" WIDTH="143" HEIGHT="40" WC="0.96" CONTENT="angivits"/><SP WIDTH="24" VPOS="296" HPOS="1580"/>
							<String ID="string_26" HPOS="1604" VPOS="296" WIDTH="10" HEIGHT="31" WC="0.96" CONTENT="i"/>
						</TextLine>
						<TextLine ID="line_3" HPOS="127" VPOS="349" WIDTH="1486" HEIGHT="44">
							<String ID="string_27" HPOS="127" VPOS="355" WIDTH="217" HEIGHT="38" WC="0.91" CONTENT="stomplanen."/><SP WIDTH="26" VPOS="355" HPOS="344"/>
							<String ID="string_28" HPOS="370" VPOS="352" WIDTH="374" HEIGHT="41" WC="0.92" CONTENT="Departementschefen"/><SP WIDTH="27" VPOS="352" HPOS="744"/>
							<String ID="string_29" HPOS="771" VPOS="352" WIDTH="150" HEIGHT="32" WC="0.96" CONTENT="förordar"/><SP WIDTH="25" VPOS="352" HPOS="921"/>
							<String ID="string_30" HPOS="946" VPOS="351" WIDTH="165" HEIGHT="39" WC="0.96" CONTENT="därjämte"/><SP WIDTH="25" VPOS="351" HPOS="1111"/>
							<String ID="string_31" HPOS="1136" VPOS="355" WIDTH="53" HEIGHT="27" WC="0.96" CONTENT="att"/><SP WIDTH="25" VPOS="355" HPOS="1189"/>
							<String ID="string_32" HPOS="1214" VPOS="351" WIDTH="57" HEIGHT="31" WC="0.96" CONTENT="det"/><SP WIDTH="26" VPOS="351" HPOS="1271"/>
							<String ID="string_33" HPOS="1297" VPOS="350" WIDTH="10" HEIGHT="31" WC="0.93" CONTENT="i"/><SP WIDTH="27" VPOS="350" HPOS="1307"/>
							<String ID="string_34" HPOS="1334" VPOS="350" WIDTH="207" HEIGHT="39" WC="0.92" CONTENT="stomplanen"/><SP WIDTH="25" VPOS="350" HPOS="1541"/>
							<String ID="string_35" HPOS="1566" VPOS="349" WIDTH="47" HEIGHT="32" WC="0.92" CONTENT="in-"/>
						</TextLine>
						<TextLine ID="line_4" HPOS="127" VPOS="403" WIDTH="1487" HEIGHT="44">
							<String ID="string_36" HPOS="127" VPOS="408" WIDTH="116" HEIGHT="39" WC="0.92" CONTENT="rymda"/><SP WIDTH="25" VPOS="408" HPOS="243"/>
							<String ID="string_37" HPOS="268" VPOS="407" WIDTH="216" HEIGHT="32" WC="0.96" CONTENT="tidsschemat"/><SP WIDTH="25" VPOS="407" HPOS="484"/>
							<String ID="string_38" HPOS="509" VPOS="406" WIDTH="49" HEIGHT="33" WC="0.96" CONTENT="för"/><SP WIDTH="25" VPOS="406" HPOS="558"/>
							<String ID="string_39" HPOS="583" VPOS="406" WIDTH="267" HEIGHT="40" WC="0.96" CONTENT="uppbyggnaden"/><SP WIDTH="24" VPOS="406" HPOS="850"/>
							<String ID="string_40" HPOS="874" VPOS="417" WIDTH="43" HEIGHT="20" WC="0.96" CONTENT="av"/><SP WIDTH="25" VPOS="417" HPOS="917"/>
							<String ID="string_41" HPOS="942" VPOS="405" WIDTH="179" HEIGHT="40" WC="0.96" CONTENT="högskolan"/><SP WIDTH="26" VPOS="405" HPOS="1121"/>
							<String ID="string_42" HPOS="1147" VPOS="405" WIDTH="108" HEIGHT="39" WC="0.96" CONTENT="lägges"/><SP WIDTH="25" VPOS="405" HPOS="1255"/>
							<String ID="string_43" HPOS="1280" VPOS="404" WIDTH="48" HEIGHT="31" WC="0.95" CONTENT="till"/><SP WIDTH="26" VPOS="404" HPOS="1328"/>
							<String ID="string_44" HPOS="1354" VPOS="404" WIDTH="105" HEIGHT="40" WC="0.96" CONTENT="grund"/><SP WIDTH="24" VPOS="404" HPOS="1459"/>
							<String ID="string_45" HPOS="1483" VPOS="403" WIDTH="50" HEIGHT="32" WC="0.96" CONTENT="för"/><SP WIDTH="24" VPOS="403" HPOS="1533"/>
							<String ID="string_46" HPOS="1557" VPOS="403" WIDTH="57" HEIGHT="31" WC="0.95" CONTENT="det"/>
						</TextLine>
						<TextLine ID="line_5" HPOS="128" VPOS="461" WIDTH="313" HEIGHT="32">
							<String ID="string_47" HPOS="128" VPOS="461" WIDTH="155" HEIGHT="32" WC="0.96" CONTENT="fortsatta"/><SP WIDTH="18" VPOS="461" HPOS="283"/>
							<String ID="string_48" HPOS="301" VPOS="461" WIDTH="140" HEIGHT="31" WC="0.96" CONTENT="arbetet."/>
						</TextLine>
					</TextBlock>
				</ComposedBlock>
				<ComposedBlock ID="cblock_2" HPOS="128" VPOS="562" WIDTH="1489" HEIGHT="924">
					<TextBlock ID="block_2" HPOS="128" VPOS="562" WIDTH="1487" HEIGHT="152">
						<TextLine ID="line_6" HPOS="169" VPOS="562" WIDTH="1446" HEIGHT="45">
							<String ID="string_49" HPOS="169" VPOS="568" WIDTH="122" HEIGHT="39" WC="0.96" CONTENT="Kungl."/><SP WIDTH="24" VPOS="568" HPOS="291"/>
							<String ID="string_50" HPOS="315" VPOS="567" WIDTH="120" HEIGHT="39" WC="0.96" CONTENT="Maj:ts"/><SP WIDTH="24" VPOS="567" HPOS="435"/>
							<String ID="string_51" HPOS="459" VPOS="567" WIDTH="102" HEIGHT="31" WC="0.96" CONTENT="under"/><SP WIDTH="22" VPOS="567" HPOS="561"/>
							<String ID="string_52" HPOS="583" VPOS="566" WIDTH="216" HEIGHT="32" WC="0.96" CONTENT="förevarande"/><SP WIDTH="23" VPOS="566" HPOS="799"/>
							<String ID="string_53" HPOS="822" VPOS="565" WIDTH="113" HEIGHT="32" WC="0.96" CONTENT="rubrik"/><SP WIDTH="23" VPOS="565" HPOS="935"/>
							<String ID="string_54" HPOS="958" VPOS="564" WIDTH="206" HEIGHT="32" WC="0.96" CONTENT="framställda"/><SP WIDTH="23" VPOS="564" HPOS="1164"/>
							<String ID="string_55" HPOS="1187" VPOS="563" WIDTH="120" HEIGHT="41" WC="0.96" CONTENT="förslag"/><SP WIDTH="24" VPOS="563" HPOS="1307"/>
							<String ID="string_56" HPOS="1331" VPOS="563" WIDTH="136" HEIGHT="32" WC="0.93" CONTENT="innebär"/><SP WIDTH="21" VPOS="563" HPOS="1467"/>
							<String ID="string_57" HPOS="1488" VPOS="582" WIDTH="41" HEIGHT="5" WC="0.90" CONTENT="—"/><SP WIDTH="22" VPOS="582" HPOS="1529"/>
							<String ID="string_58" HPOS="1551" VPOS="562" WIDTH="64" HEIGHT="32" WC="0.92" CONTENT="för-"/>
						</TextLine>
						<TextLine ID="line_7" HPOS="128" VPOS="616" WIDTH="1487" HEIGHT="43">
							<String ID="string_59" HPOS="128" VPOS="626" WIDTH="92" HEIGHT="26" WC="0.96" CONTENT="utom"/><SP WIDTH="17" VPOS="626" HPOS="220"/>
							<String ID="string_60" HPOS="237" VPOS="621" WIDTH="88" HEIGHT="31" WC="0.95" CONTENT="vissa"/><SP WIDTH="14" VPOS="621" HPOS="325"/>
							<String ID="string_61" HPOS="339" VPOS="620" WIDTH="225" HEIGHT="32" WC="0.93" CONTENT="automatiska"/><SP WIDTH="16" VPOS="620" HPOS="564"/>
							<String ID="string_62" HPOS="580" VPOS="619" WIDTH="279" HEIGHT="40" WC="0.91" CONTENT="utgiftsökningar"/><SP WIDTH="14" VPOS="619" HPOS="859"/>
							<String ID="string_63" HPOS="873" VPOS="638" WIDTH="41" HEIGHT="4" WC="0.92" CONTENT="—"/><SP WIDTH="15" VPOS="638" HPOS="914"/>
							<String ID="string_64" HPOS="929" VPOS="618" WIDTH="209" HEIGHT="32" WC="0.96" CONTENT="beträffande"/><SP WIDTH="16" VPOS="618" HPOS="1138"/>
							<String ID="string_65" HPOS="1154" VPOS="617" WIDTH="223" HEIGHT="40" WC="0.96" CONTENT="förstärkning"/><SP WIDTH="15" VPOS="617" HPOS="1377"/>
							<String ID="string_66" HPOS="1392" VPOS="628" WIDTH="42" HEIGHT="20" WC="0.93" CONTENT="av"/><SP WIDTH="17" VPOS="628" HPOS="1434"/>
							<String ID="string_67" HPOS="1451" VPOS="616" WIDTH="164" HEIGHT="40" WC="0.91" CONTENT="personal-"/>
						</TextLine>
						<TextLine ID="line_8" HPOS="128" VPOS="671" WIDTH="835" HEIGHT="43">
							<String ID="string_68" HPOS="128" VPOS="673" WIDTH="264" HEIGHT="41" WC="0.95" CONTENT="organisationen"/><SP WIDTH="18" VPOS="673" HPOS="392"/>
							<String ID="string_69" HPOS="410" VPOS="684" WIDTH="98" HEIGHT="21" WC="0.67" CONTENT="m.m."/><SP WIDTH="18" VPOS="684" HPOS="508"/>
							<String ID="string_70" HPOS="526" VPOS="672" WIDTH="261" HEIGHT="40" WC="0.96" CONTENT="huvudsakligen"/><SP WIDTH="19" VPOS="672" HPOS="787"/>
							<String ID="string_71" HPOS="806" VPOS="671" WIDTH="157" HEIGHT="40" WC="0.96" CONTENT="följande:"/>
						</TextLine>
					</TextBlock>
					<TextBlock ID="block_3" HPOS="150" VPOS="735" WIDTH="374" HEIGHT="41">
						<TextLine ID="line_9" HPOS="150" VPOS="735" WIDTH="374" HEIGHT="41">
							<String ID="string_72" HPOS="150" VPOS="737" WIDTH="31" HEIGHT="39" WC="0.96" CONTENT="1)"/><SP WIDTH="28" VPOS="737" HPOS="181"/>
							<String ID="string_73" HPOS="209" VPOS="735" WIDTH="166" HEIGHT="41" WC="0.96" CONTENT="professur"/><SP WIDTH="22" VPOS="735" HPOS="375"/>
							<String ID="string_74" HPOS="397" VPOS="735" WIDTH="9" HEIGHT="31" WC="0.96" CONTENT="i"/><SP WIDTH="22" VPOS="735" HPOS="406"/>
							<String ID="string_75" HPOS="428" VPOS="735" WIDTH="96" HEIGHT="40" WC="0.96" CONTENT="fysik,"/>
						</TextLine>
					</TextBlock>
					<TextBlock ID="block_4" HPOS="149" VPOS="778" WIDTH="670" HEIGHT="42">
						<TextLine ID="line_10" HPOS="149" VPOS="778" WIDTH="670" HEIGHT="42">
							<String ID="string_76" HPOS="149" VPOS="782" WIDTH="33" HEIGHT="38" WC="0.95" CONTENT="2)"/><SP WIDTH="28" VPOS="782" HPOS="182"/>
							<String ID="string_77" HPOS="210" VPOS="780" WIDTH="165" HEIGHT="40" WC="0.96" CONTENT="professur"/><SP WIDTH="22" VPOS="780" HPOS="375"/>
							<String ID="string_78" HPOS="397" VPOS="780" WIDTH="10" HEIGHT="31" WC="0.96" CONTENT="i"/><SP WIDTH="22" VPOS="780" HPOS="407"/>
							<String ID="string_79" HPOS="429" VPOS="779" WIDTH="212" HEIGHT="32" WC="0.96" CONTENT="matematisk"/><SP WIDTH="22" VPOS="779" HPOS="641"/>
							<String ID="string_80" HPOS="663" VPOS="778" WIDTH="156" HEIGHT="38" WC="0.96" CONTENT="statistik,"/>
						</TextLine>
					</TextBlock>
					<TextBlock ID="block_5" HPOS="149" VPOS="821" WIDTH="1259" HEIGHT="44">
						<TextLine ID="line_11" HPOS="149" VPOS="821" WIDTH="1259" HEIGHT="44">
							<String ID="string_81" HPOS="149" VPOS="826" WIDTH="33" HEIGHT="39" WC="0.96" CONTENT="3)"/><SP WIDTH="29" VPOS="826" HPOS="182"/>
							<String ID="string_82" HPOS="211" VPOS="828" WIDTH="18" HEIGHT="28" WC="0.93" CONTENT="5"/><SP WIDTH="15" VPOS="828" HPOS="229"/>
							<String ID="string_83" HPOS="244" VPOS="828" WIDTH="58" HEIGHT="28" WC="0.93" CONTENT="120"/><SP WIDTH="16" VPOS="828" HPOS="302"/>
							<String ID="string_84" HPOS="318" VPOS="825" WIDTH="48" HEIGHT="31" WC="0.96" CONTENT="kr."/><SP WIDTH="18" VPOS="825" HPOS="366"/>
							<String ID="string_85" HPOS="384" VPOS="824" WIDTH="47" HEIGHT="32" WC="0.96" CONTENT="till"/><SP WIDTH="17" VPOS="824" HPOS="431"/>
							<String ID="string_86" HPOS="448" VPOS="835" WIDTH="40" HEIGHT="20" WC="0.96" CONTENT="en"/><SP WIDTH="17" VPOS="835" HPOS="488"/>
							<String ID="string_87" HPOS="505" VPOS="824" WIDTH="223" HEIGHT="39" WC="0.96" CONTENT="speciallärare"/><SP WIDTH="17" VPOS="824" HPOS="728"/>
							<String ID="string_88" HPOS="745" VPOS="823" WIDTH="8" HEIGHT="31" WC="0.93" CONTENT="i"/><SP WIDTH="16" VPOS="823" HPOS="753"/>
							<String ID="string_89" HPOS="769" VPOS="823" WIDTH="221" HEIGHT="32" WC="0.91" CONTENT="materiallära"/><SP WIDTH="16" VPOS="823" HPOS="990"/>
							<String ID="string_90" HPOS="1006" VPOS="822" WIDTH="62" HEIGHT="32" WC="0.93" CONTENT="och"/><SP WIDTH="17" VPOS="822" HPOS="1068"/>
							<String ID="string_91" HPOS="1085" VPOS="821" WIDTH="323" HEIGHT="40" WC="0.91" CONTENT="värmebehandling,"/>
						</TextLine>
					</TextBlock>
					<TextBlock ID="block_6" HPOS="149" VPOS="865" WIDTH="1187" HEIGHT="44">
						<TextLine ID="line_12" HPOS="149" VPOS="865" WIDTH="1187" HEIGHT="44">
							<String ID="string_92" HPOS="149" VPOS="870" WIDTH="33" HEIGHT="39" WC="0.96" CONTENT="4)"/><SP WIDTH="28" VPOS="870" HPOS="182"/>
							<String ID="string_93" HPOS="210" VPOS="869" WIDTH="212" HEIGHT="32" WC="0.96" CONTENT="beräknande"/><SP WIDTH="19" VPOS="869" HPOS="422"/>
							<String ID="string_94" HPOS="441" VPOS="880" WIDTH="42" HEIGHT="20" WC="0.96" CONTENT="av"/><SP WIDTH="19" VPOS="880" HPOS="483"/>
							<String ID="string_95" HPOS="502" VPOS="869" WIDTH="106" HEIGHT="31" WC="0.96" CONTENT="medel"/><SP WIDTH="19" VPOS="869" HPOS="608"/>
							<String ID="string_96" HPOS="627" VPOS="868" WIDTH="51" HEIGHT="31" WC="0.96" CONTENT="för"/><SP WIDTH="18" VPOS="868" HPOS="678"/>
							<String ID="string_97" HPOS="696" VPOS="867" WIDTH="166" HEIGHT="40" WC="0.96" CONTENT="professur"/><SP WIDTH="19" VPOS="867" HPOS="862"/>
							<String ID="string_98" HPOS="881" VPOS="867" WIDTH="9" HEIGHT="32" WC="0.96" CONTENT="i"/><SP WIDTH="19" VPOS="867" HPOS="890"/>
							<String ID="string_99" HPOS="909" VPOS="866" WIDTH="157" HEIGHT="33" WC="0.96" CONTENT="teoretisk"/><SP WIDTH="19" VPOS="866" HPOS="1066"/>
							<String ID="string_100" HPOS="1085" VPOS="865" WIDTH="251" HEIGHT="38" WC="0.96" CONTENT="elektroteknik,"/>
						</TextLine>
					</TextBlock>
					<TextBlock ID="block_7" HPOS="149" VPOS="912" WIDTH="644" HEIGHT="42">
						<TextLine ID="line_13" HPOS="149" VPOS="912" WIDTH="644" HEIGHT="42">
							<String ID="string_101" HPOS="149" VPOS="914" WIDTH="33" HEIGHT="40" WC="0.95" CONTENT="5)"/><SP WIDTH="28" VPOS="914" HPOS="182"/>
							<String ID="string_102" HPOS="210" VPOS="913" WIDTH="165" HEIGHT="40" WC="0.96" CONTENT="professur"/><SP WIDTH="19" VPOS="913" HPOS="375"/>
							<String ID="string_103" HPOS="394" VPOS="913" WIDTH="8" HEIGHT="32" WC="0.96" CONTENT="i"/><SP WIDTH="20" VPOS="913" HPOS="402"/>
							<String ID="string_104" HPOS="422" VPOS="912" WIDTH="154" HEIGHT="33" WC="0.96" CONTENT="elektrisk"/><SP WIDTH="18" VPOS="912" HPOS="576"/>
							<String ID="string_105" HPOS="594" VPOS="912" WIDTH="199" HEIGHT="37" WC="0.96" CONTENT="mätteknik,"/>
						</TextLine>
					</TextBlock>
					<TextBlock ID="block_8" HPOS="149" VPOS="953" WIDTH="1467" HEIGHT="311">
						<TextLine ID="line_14" HPOS="149" VPOS="953" WIDTH="1466" HEIGHT="46">
							<String ID="string_106" HPOS="149" VPOS="959" WIDTH="33" HEIGHT="40" WC="0.96" CONTENT="6)"/><SP WIDTH="28" VPOS="959" HPOS="182"/>
							<String ID="string_107" HPOS="210" VPOS="958" WIDTH="191" HEIGHT="32" WC="0.96" CONTENT="inrättande"/><SP WIDTH="17" VPOS="958" HPOS="401"/>
							<String ID="string_108" HPOS="418" VPOS="957" WIDTH="55" HEIGHT="32" WC="0.96" CONTENT="vid"/><SP WIDTH="18" VPOS="957" HPOS="473"/>
							<String ID="string_109" HPOS="491" VPOS="957" WIDTH="153" HEIGHT="32" WC="0.96" CONTENT="tekniska"/><SP WIDTH="16" VPOS="957" HPOS="644"/>
							<String ID="string_110" HPOS="660" VPOS="957" WIDTH="180" HEIGHT="40" WC="0.96" CONTENT="högskolan"/><SP WIDTH="19" VPOS="957" HPOS="840"/>
							<String ID="string_111" HPOS="859" VPOS="956" WIDTH="9" HEIGHT="31" WC="0.96" CONTENT="i"/><SP WIDTH="17" VPOS="956" HPOS="868"/>
							<String ID="string_112" HPOS="885" VPOS="956" WIDTH="97" HEIGHT="32" WC="0.96" CONTENT="Lund"/><SP WIDTH="17" VPOS="956" HPOS="982"/>
							<String ID="string_113" HPOS="999" VPOS="967" WIDTH="42" HEIGHT="20" WC="0.95" CONTENT="av"/><SP WIDTH="19" VPOS="967" HPOS="1041"/>
							<String ID="string_114" HPOS="1060" VPOS="966" WIDTH="53" HEIGHT="21" WC="0.96" CONTENT="sex"/><SP WIDTH="18" VPOS="966" HPOS="1113"/>
							<String ID="string_115" HPOS="1131" VPOS="955" WIDTH="200" HEIGHT="39" WC="0.96" CONTENT="professurer"/><SP WIDTH="16" VPOS="955" HPOS="1331"/>
							<String ID="string_116" HPOS="1347" VPOS="955" WIDTH="61" HEIGHT="31" WC="0.96" CONTENT="och"/><SP WIDTH="19" VPOS="955" HPOS="1408"/>
							<String ID="string_117" HPOS="1427" VPOS="959" WIDTH="49" HEIGHT="27" WC="0.93" CONTENT="tre"/><SP WIDTH="18" VPOS="959" HPOS="1476"/>
							<String ID="string_118" HPOS="1494" VPOS="953" WIDTH="121" HEIGHT="33" WC="0.92" CONTENT="befatt-"/>
						</TextLine>
						<TextLine ID="line_15" HPOS="210" VPOS="998" WIDTH="1405" HEIGHT="44">
							<String ID="string_119" HPOS="210" VPOS="1002" WIDTH="116" HEIGHT="40" WC="0.96" CONTENT="ningar"/><SP WIDTH="22" VPOS="1002" HPOS="326"/>
							<String ID="string_120" HPOS="348" VPOS="1013" WIDTH="70" HEIGHT="21" WC="0.95" CONTENT="som"/><SP WIDTH="24" VPOS="1013" HPOS="418"/>
							<String ID="string_121" HPOS="442" VPOS="1001" WIDTH="224" HEIGHT="40" WC="0.96" CONTENT="speciallärare"/><SP WIDTH="22" VPOS="1001" HPOS="666"/>
							<String ID="string_122" HPOS="688" VPOS="1001" WIDTH="136" HEIGHT="32" WC="0.40" CONTENT="fr.o.m."/><SP WIDTH="23" VPOS="1001" HPOS="824"/>
							<String ID="string_123" HPOS="847" VPOS="1000" WIDTH="199" HEIGHT="40" WC="0.93" CONTENT="budgetåret"/><SP WIDTH="24" VPOS="1000" HPOS="1046"/>
							<String ID="string_124" HPOS="1070" VPOS="1000" WIDTH="150" HEIGHT="36" WC="0.92" CONTENT="1963/64,"/><SP WIDTH="24" VPOS="1000" HPOS="1220"/>
							<String ID="string_125" HPOS="1244" VPOS="1010" WIDTH="42" HEIGHT="21" WC="0.97" CONTENT="av"/><SP WIDTH="24" VPOS="1010" HPOS="1286"/>
							<String ID="string_126" HPOS="1310" VPOS="999" WIDTH="73" HEIGHT="32" WC="0.96" CONTENT="elva"/><SP WIDTH="23" VPOS="999" HPOS="1383"/>
							<String ID="string_127" HPOS="1406" VPOS="998" WIDTH="209" HEIGHT="41" WC="0.96" CONTENT="professurer,"/>
						</TextLine>
						<TextLine ID="line_16" HPOS="210" VPOS="1043" WIDTH="1406" HEIGHT="43">
							<String ID="string_128" HPOS="210" VPOS="1047" WIDTH="59" HEIGHT="31" WC="0.96" CONTENT="två"/><SP WIDTH="18" VPOS="1047" HPOS="269"/>
							<String ID="string_129" HPOS="287" VPOS="1046" WIDTH="227" HEIGHT="40" WC="0.96" CONTENT="befattningar"/><SP WIDTH="16" VPOS="1046" HPOS="514"/>
							<String ID="string_130" HPOS="530" VPOS="1057" WIDTH="68" HEIGHT="21" WC="0.96" CONTENT="som"/><SP WIDTH="20" VPOS="1057" HPOS="598"/>
							<String ID="string_131" HPOS="618" VPOS="1045" WIDTH="225" HEIGHT="40" WC="0.96" CONTENT="speciallärare"/><SP WIDTH="16" VPOS="1045" HPOS="843"/>
							<String ID="string_132" HPOS="859" VPOS="1045" WIDTH="62" HEIGHT="31" WC="0.96" CONTENT="och"/><SP WIDTH="18" VPOS="1045" HPOS="921"/>
							<String ID="string_133" HPOS="939" VPOS="1049" WIDTH="50" HEIGHT="27" WC="0.93" CONTENT="ett"/><SP WIDTH="17" VPOS="1049" HPOS="989"/>
							<String ID="string_134" HPOS="1006" VPOS="1044" WIDTH="357" HEIGHT="32" WC="0.91" CONTENT="universitetslektorat"/><SP WIDTH="17" VPOS="1044" HPOS="1363"/>
							<String ID="string_135" HPOS="1380" VPOS="1043" WIDTH="38" HEIGHT="32" WC="0.91" CONTENT="fr."/><SP WIDTH="13" VPOS="1043" HPOS="1418"/>
							<String ID="string_136" HPOS="1431" VPOS="1054" WIDTH="29" HEIGHT="21" WC="0.82" CONTENT="o."/><SP WIDTH="12" VPOS="1054" HPOS="1460"/>
							<String ID="string_137" HPOS="1472" VPOS="1054" WIDTH="43" HEIGHT="21" WC="0.82" CONTENT="m."/><SP WIDTH="18" VPOS="1054" HPOS="1515"/>
							<String ID="string_138" HPOS="1533" VPOS="1043" WIDTH="83" HEIGHT="32" WC="0.92" CONTENT="bud-"/>
						</TextLine>
						<TextLine ID="line_17" HPOS="211" VPOS="1088" WIDTH="1404" HEIGHT="43">
							<String ID="string_139" HPOS="211" VPOS="1092" WIDTH="127" HEIGHT="39" WC="0.92" CONTENT="getåret"/><SP WIDTH="21" VPOS="1092" HPOS="338"/>
							<String ID="string_140" HPOS="359" VPOS="1092" WIDTH="151" HEIGHT="36" WC="0.92" CONTENT="1964/65,"/><SP WIDTH="20" VPOS="1092" HPOS="510"/>
							<String ID="string_141" HPOS="530" VPOS="1102" WIDTH="42" HEIGHT="20" WC="0.96" CONTENT="av"/><SP WIDTH="20" VPOS="1102" HPOS="572"/>
							<String ID="string_142" HPOS="592" VPOS="1091" WIDTH="73" HEIGHT="31" WC="0.96" CONTENT="åtta"/><SP WIDTH="19" VPOS="1091" HPOS="665"/>
							<String ID="string_143" HPOS="684" VPOS="1090" WIDTH="201" HEIGHT="39" WC="0.96" CONTENT="professurer"/><SP WIDTH="18" VPOS="1090" HPOS="885"/>
							<String ID="string_144" HPOS="903" VPOS="1089" WIDTH="62" HEIGHT="32" WC="0.96" CONTENT="och"/><SP WIDTH="19" VPOS="1089" HPOS="965"/>
							<String ID="string_145" HPOS="984" VPOS="1100" WIDTH="54" HEIGHT="20" WC="0.96" CONTENT="sex"/><SP WIDTH="19" VPOS="1100" HPOS="1038"/>
							<String ID="string_146" HPOS="1057" VPOS="1088" WIDTH="226" HEIGHT="40" WC="0.96" CONTENT="befattningar"/><SP WIDTH="19" VPOS="1088" HPOS="1283"/>
							<String ID="string_147" HPOS="1302" VPOS="1099" WIDTH="70" HEIGHT="20" WC="0.97" CONTENT="som"/><SP WIDTH="20" VPOS="1099" HPOS="1372"/>
							<String ID="string_148" HPOS="1392" VPOS="1088" WIDTH="223" HEIGHT="39" WC="0.96" CONTENT="speciallärare"/>
						</TextLine>
						<TextLine ID="line_18" HPOS="211" VPOS="1132" WIDTH="1404" HEIGHT="43">
							<String ID="string_149" HPOS="211" VPOS="1136" WIDTH="136" HEIGHT="31" WC="0.94" CONTENT="fr.o.m."/><SP WIDTH="27" VPOS="1136" HPOS="347"/>
							<String ID="string_150" HPOS="374" VPOS="1135" WIDTH="197" HEIGHT="40" WC="0.93" CONTENT="budgetåret"/><SP WIDTH="31" VPOS="1135" HPOS="571"/>
							<String ID="string_151" HPOS="602" VPOS="1135" WIDTH="150" HEIGHT="36" WC="0.92" CONTENT="1965/66,"/><SP WIDTH="28" VPOS="1135" HPOS="752"/>
							<String ID="string_152" HPOS="780" VPOS="1145" WIDTH="43" HEIGHT="21" WC="0.96" CONTENT="av"/><SP WIDTH="28" VPOS="1145" HPOS="823"/>
							<String ID="string_153" HPOS="851" VPOS="1134" WIDTH="74" HEIGHT="39" WC="0.96" CONTENT="fyra"/><SP WIDTH="27" VPOS="1134" HPOS="925"/>
							<String ID="string_154" HPOS="952" VPOS="1133" WIDTH="210" HEIGHT="40" WC="0.96" CONTENT="professurer,"/><SP WIDTH="28" VPOS="1133" HPOS="1162"/>
							<String ID="string_155" HPOS="1190" VPOS="1144" WIDTH="40" HEIGHT="20" WC="0.93" CONTENT="en"/><SP WIDTH="28" VPOS="1144" HPOS="1230"/>
							<String ID="string_156" HPOS="1258" VPOS="1132" WIDTH="170" HEIGHT="32" WC="0.92" CONTENT="laboratur"/><SP WIDTH="27" VPOS="1132" HPOS="1428"/>
							<String ID="string_157" HPOS="1455" VPOS="1132" WIDTH="61" HEIGHT="32" WC="0.96" CONTENT="och"/><SP WIDTH="27" VPOS="1132" HPOS="1516"/>
							<String ID="string_158" HPOS="1543" VPOS="1132" WIDTH="72" HEIGHT="39" WC="0.96" CONTENT="fyra"/>
						</TextLine>
						<TextLine ID="line_19" HPOS="211" VPOS="1177" WIDTH="1405" HEIGHT="43">
							<String ID="string_159" HPOS="211" VPOS="1179" WIDTH="227" HEIGHT="41" WC="0.95" CONTENT="befattningar"/><SP WIDTH="27" VPOS="1179" HPOS="438"/>
							<String ID="string_160" HPOS="465" VPOS="1190" WIDTH="69" HEIGHT="21" WC="0.96" CONTENT="som"/><SP WIDTH="30" VPOS="1190" HPOS="534"/>
							<String ID="string_161" HPOS="564" VPOS="1179" WIDTH="224" HEIGHT="39" WC="0.96" CONTENT="speciallärare"/><SP WIDTH="28" VPOS="1179" HPOS="788"/>
							<String ID="string_162" HPOS="816" VPOS="1178" WIDTH="136" HEIGHT="32" WC="0.79" CONTENT="fr.o.m."/><SP WIDTH="29" VPOS="1178" HPOS="952"/>
							<String ID="string_163" HPOS="981" VPOS="1178" WIDTH="198" HEIGHT="40" WC="0.93" CONTENT="budgetåret"/><SP WIDTH="30" VPOS="1178" HPOS="1179"/>
							<String ID="string_164" HPOS="1209" VPOS="1177" WIDTH="142" HEIGHT="36" WC="0.92" CONTENT="1966/67"/><SP WIDTH="30" VPOS="1177" HPOS="1351"/>
							<String ID="string_165" HPOS="1381" VPOS="1181" WIDTH="87" HEIGHT="27" WC="0.96" CONTENT="samt"/><SP WIDTH="27" VPOS="1181" HPOS="1468"/>
							<String ID="string_166" HPOS="1495" VPOS="1187" WIDTH="43" HEIGHT="21" WC="0.95" CONTENT="av"/><SP WIDTH="28" VPOS="1187" HPOS="1538"/>
							<String ID="string_167" HPOS="1566" VPOS="1181" WIDTH="50" HEIGHT="27" WC="0.94" CONTENT="tre"/>
						</TextLine>
						<TextLine ID="line_20" HPOS="211" VPOS="1223" WIDTH="744" HEIGHT="41">
							<String ID="string_168" HPOS="211" VPOS="1225" WIDTH="201" HEIGHT="39" WC="0.96" CONTENT="professurer"/><SP WIDTH="19" VPOS="1225" HPOS="412"/>
							<String ID="string_169" HPOS="431" VPOS="1224" WIDTH="38" HEIGHT="32" WC="0.91" CONTENT="fr."/><SP WIDTH="12" VPOS="1224" HPOS="469"/>
							<String ID="string_170" HPOS="481" VPOS="1235" WIDTH="29" HEIGHT="21" WC="0.71" CONTENT="o,"/><SP WIDTH="12" VPOS="1235" HPOS="510"/>
							<String ID="string_171" HPOS="522" VPOS="1235" WIDTH="44" HEIGHT="20" WC="0.73" CONTENT="m."/><SP WIDTH="19" VPOS="1235" HPOS="566"/>
							<String ID="string_172" HPOS="585" VPOS="1223" WIDTH="197" HEIGHT="41" WC="0.92" CONTENT="budgetåret"/><SP WIDTH="21" VPOS="1223" HPOS="782"/>
							<String ID="string_173" HPOS="803" VPOS="1223" WIDTH="152" HEIGHT="37" WC="0.92" CONTENT="1967/68,"/>
						</TextLine>
					</TextBlock>
					<TextBlock ID="block_9" HPOS="151" VPOS="1267" WIDTH="848" HEIGHT="42">
						<TextLine ID="line_21" HPOS="151" VPOS="1267" WIDTH="848" HEIGHT="42">
							<String ID="string_174" HPOS="151" VPOS="1270" WIDTH="32" HEIGHT="39" WC="0.96" CONTENT="7)"/><SP WIDTH="28" VPOS="1270" HPOS="183"/>
							<String ID="string_175" HPOS="211" VPOS="1268" WIDTH="163" HEIGHT="33" WC="0.93" CONTENT="ordinarie"/><SP WIDTH="17" VPOS="1268" HPOS="374"/>
							<String ID="string_176" HPOS="391" VPOS="1268" WIDTH="355" HEIGHT="32" WC="0.90" CONTENT="universitetslektorat"/><SP WIDTH="26" VPOS="1268" HPOS="746"/>
							<String ID="string_177" HPOS="772" VPOS="1267" WIDTH="2" HEIGHT="32" WC="0.96" CONTENT="i"/><SP WIDTH="17" VPOS="1267" HPOS="774"/>
							<String ID="string_178" HPOS="791" VPOS="1267" WIDTH="208" HEIGHT="37" WC="0.96" CONTENT="matematik,"/>
						</TextLine>
					</TextBlock>
					<TextBlock ID="block_10" HPOS="150" VPOS="1309" WIDTH="1467" HEIGHT="85">
						<TextLine ID="line_22" HPOS="150" VPOS="1309" WIDTH="1467" HEIGHT="45">
							<String ID="string_179" HPOS="150" VPOS="1314" WIDTH="33" HEIGHT="40" WC="0.96" CONTENT="8)"/><SP WIDTH="28" VPOS="1314" HPOS="183"/>
							<String ID="string_180" HPOS="211" VPOS="1313" WIDTH="137" HEIGHT="40" WC="0.95" CONTENT="höjning"/><SP WIDTH="18" VPOS="1313" HPOS="348"/>
							<String ID="string_181" HPOS="366" VPOS="1324" WIDTH="43" HEIGHT="21" WC="0.93" CONTENT="av"/><SP WIDTH="19" VPOS="1324" HPOS="409"/>
							<String ID="string_182" HPOS="428" VPOS="1313" WIDTH="170" HEIGHT="39" WC="0.92" CONTENT="delposten"/><SP WIDTH="20" VPOS="1313" HPOS="598"/>
							<String ID="string_183" HPOS="618" VPOS="1312" WIDTH="48" HEIGHT="32" WC="0.96" CONTENT="till"/><SP WIDTH="19" VPOS="1312" HPOS="666"/>
							<String ID="string_184" HPOS="685" VPOS="1312" WIDTH="160" HEIGHT="40" WC="0.94" CONTENT="tillfälliga"/><SP WIDTH="20" VPOS="1312" HPOS="845"/>
							<String ID="string_185" HPOS="865" VPOS="1312" WIDTH="113" HEIGHT="37" WC="0.96" CONTENT="lärare,"/><SP WIDTH="19" VPOS="1312" HPOS="978"/>
							<String ID="string_186" HPOS="997" VPOS="1311" WIDTH="191" HEIGHT="32" WC="0.96" CONTENT="assistenter"/><SP WIDTH="18" VPOS="1311" HPOS="1188"/>
							<String ID="string_187" HPOS="1206" VPOS="1311" WIDTH="61" HEIGHT="31" WC="0.93" CONTENT="och"/><SP WIDTH="20" VPOS="1311" HPOS="1267"/>
							<String ID="string_188" HPOS="1287" VPOS="1309" WIDTH="330" HEIGHT="41" WC="0.91" CONTENT="övningsassistenter"/>
						</TextLine>
						<TextLine ID="line_23" HPOS="212" VPOS="1358" WIDTH="302" HEIGHT="36">
							<String ID="string_189" HPOS="212" VPOS="1358" WIDTH="75" HEIGHT="31" WC="0.95" CONTENT="med"/><SP WIDTH="19" VPOS="1358" HPOS="287"/>
							<String ID="string_190" HPOS="306" VPOS="1361" WIDTH="60" HEIGHT="28" WC="0.96" CONTENT="232"/><SP WIDTH="13" VPOS="1361" HPOS="366"/>
							<String ID="string_191" HPOS="379" VPOS="1361" WIDTH="61" HEIGHT="28" WC="0.93" CONTENT="000"/><SP WIDTH="17" VPOS="1361" HPOS="440"/>
							<String ID="string_192" HPOS="457" VPOS="1358" WIDTH="57" HEIGHT="36" WC="0.92" CONTENT="kr.,"/>
						</TextLine>
					</TextBlock>
					<TextBlock ID="block_11" HPOS="151" VPOS="1401" WIDTH="448" HEIGHT="41">
						<TextLine ID="line_24" HPOS="151" VPOS="1401" WIDTH="448" HEIGHT="41">
							<String ID="string_193" HPOS="151" VPOS="1403" WIDTH="33" HEIGHT="39" WC="0.96" CONTENT="9)"/><SP WIDTH="28" VPOS="1403" HPOS="184"/>
							<String ID="string_194" HPOS="212" VPOS="1402" WIDTH="69" HEIGHT="31" WC="0.93" CONTENT="tolv"/><SP WIDTH="21" VPOS="1402" HPOS="281"/>
							<String ID="string_195" HPOS="302" VPOS="1401" WIDTH="297" HEIGHT="39" WC="0.92" CONTENT="biträdestjänster,"/>
						</TextLine>
					</TextBlock>
					<TextBlock ID="block_12" HPOS="133" VPOS="1442" WIDTH="1248" HEIGHT="44">
						<TextLine ID="line_25" HPOS="133" VPOS="1442" WIDTH="1248" HEIGHT="44">
							<String ID="string_196" HPOS="133" VPOS="1447" WIDTH="51" HEIGHT="39" WC="0.96" CONTENT="10)"/><SP WIDTH="29" VPOS="1447" HPOS="184"/>
							<String ID="string_197" HPOS="213" VPOS="1446" WIDTH="138" HEIGHT="32" WC="0.96" CONTENT="kanslist"/><SP WIDTH="19" VPOS="1446" HPOS="351"/>
							<String ID="string_198" HPOS="370" VPOS="1445" WIDTH="9" HEIGHT="32" WC="0.96" CONTENT="i"/><SP WIDTH="18" VPOS="1445" HPOS="379"/>
							<String ID="string_199" HPOS="397" VPOS="1446" WIDTH="48" HEIGHT="31" WC="0.94" CONTENT="Ae"/><SP WIDTH="14" VPOS="1446" HPOS="445"/>
							<String ID="string_200" HPOS="459" VPOS="1449" WIDTH="38" HEIGHT="28" WC="0.94" CONTENT="13"/><SP WIDTH="18" VPOS="1449" HPOS="497"/>
							<String ID="string_201" HPOS="515" VPOS="1446" WIDTH="61" HEIGHT="31" WC="0.93" CONTENT="och"/><SP WIDTH="19" VPOS="1446" HPOS="576"/>
							<String ID="string_202" HPOS="595" VPOS="1444" WIDTH="236" HEIGHT="32" WC="0.92" CONTENT="kanslibiträde"/><SP WIDTH="19" VPOS="1444" HPOS="831"/>
							<String ID="string_203" HPOS="850" VPOS="1444" WIDTH="9" HEIGHT="31" WC="0.96" CONTENT="i"/><SP WIDTH="19" VPOS="1444" HPOS="859"/>
							<String ID="string_204" HPOS="878" VPOS="1445" WIDTH="48" HEIGHT="30" WC="0.95" CONTENT="Ae"/><SP WIDTH="14" VPOS="1445" HPOS="926"/>
							<String ID="string_205" HPOS="940" VPOS="1448" WIDTH="17" HEIGHT="27" WC="0.95" CONTENT="7"/><SP WIDTH="19" VPOS="1448" HPOS="957"/>
							<String ID="string_206" HPOS="976" VPOS="1443" WIDTH="56" HEIGHT="32" WC="0.96" CONTENT="vid"/><SP WIDTH="19" VPOS="1443" HPOS="1032"/>
							<String ID="string_207" HPOS="1051" VPOS="1443" WIDTH="196" HEIGHT="40" WC="0.96" CONTENT="högskolans"/><SP WIDTH="19" VPOS="1443" HPOS="1247"/>
							<String ID="string_208" HPOS="1266" VPOS="1442" WIDTH="115" HEIGHT="34" WC="0.95" CONTENT="kansli."/>
						</TextLine>
					</TextBlock>
				</ComposedBlock>
				<ComposedBlock ID="cblock_3" HPOS="172" VPOS="1528" WIDTH="1210" HEIGHT="43">
					<TextBlock ID="block_13" HPOS="172" VPOS="1528" WIDTH="1210" HEIGHT="43">
						<TextLine ID="line_26" HPOS="172" VPOS="1528" WIDTH="1210" HEIGHT="43">
							<String ID="string_209" HPOS="172" VPOS="1531" WIDTH="122" HEIGHT="40" WC="0.95" CONTENT="Kungl."/><SP WIDTH="19" VPOS="1531" HPOS="294"/>
							<String ID="string_210" HPOS="313" VPOS="1530" WIDTH="121" HEIGHT="40" WC="0.95" CONTENT="Maj:ts"/><SP WIDTH="18" VPOS="1530" HPOS="434"/>
							<String ID="string_211" HPOS="452" VPOS="1530" WIDTH="119" HEIGHT="40" WC="0.96" CONTENT="förslag"/><SP WIDTH="20" VPOS="1530" HPOS="571"/>
							<String ID="string_212" HPOS="591" VPOS="1530" WIDTH="135" HEIGHT="31" WC="0.96" CONTENT="innebär"/><SP WIDTH="18" VPOS="1530" HPOS="726"/>
							<String ID="string_213" HPOS="744" VPOS="1541" WIDTH="40" HEIGHT="19" WC="0.92" CONTENT="en"/><SP WIDTH="18" VPOS="1541" HPOS="784"/>
							<String ID="string_214" HPOS="802" VPOS="1528" WIDTH="268" HEIGHT="40" WC="0.92" CONTENT="anslagshöjning"/><SP WIDTH="19" VPOS="1528" HPOS="1070"/>
							<String ID="string_215" HPOS="1089" VPOS="1528" WIDTH="73" HEIGHT="31" WC="0.96" CONTENT="med"/><SP WIDTH="21" VPOS="1528" HPOS="1162"/>
							<String ID="string_216" HPOS="1183" VPOS="1531" WIDTH="59" HEIGHT="28" WC="0.96" CONTENT="630"/><SP WIDTH="14" VPOS="1531" HPOS="1242"/>
							<String ID="string_217" HPOS="1256" VPOS="1531" WIDTH="59" HEIGHT="27" WC="0.96" CONTENT="000"/><SP WIDTH="20" VPOS="1531" HPOS="1315"/>
							<String ID="string_218" HPOS="1335" VPOS="1528" WIDTH="47" HEIGHT="30" WC="0.96" CONTENT="kr."/>
						</TextLine>
					</TextBlock>
				</ComposedBlock>
				<ComposedBlock ID="cblock_4" HPOS="384" VPOS="1666" WIDTH="980" HEIGHT="44">
					<TextBlock ID="block_14" HPOS="384" VPOS="1666" WIDTH="980" HEIGHT="44">
						<TextLine ID="line_27" HPOS="384" VPOS="1666" WIDTH="980" HEIGHT="44">
							<String ID="string_219" HPOS="384" VPOS="1669" WIDTH="332" HEIGHT="41" WC="0.91" CONTENT="Byggnadsarbeten"/><SP WIDTH="18" VPOS="1669" HPOS="716"/>
							<String ID="string_220" HPOS="734" VPOS="1669" WIDTH="59" HEIGHT="31" WC="0.96" CONTENT="vid"/><SP WIDTH="18" VPOS="1669" HPOS="793"/>
							<String ID="string_221" HPOS="811" VPOS="1668" WIDTH="183" HEIGHT="32" WC="0.96" CONTENT="Chalmers"/><SP WIDTH="16" VPOS="1668" HPOS="994"/>
							<String ID="string_222" HPOS="1010" VPOS="1667" WIDTH="164" HEIGHT="32" WC="0.96" CONTENT="tekniska"/><SP WIDTH="16" VPOS="1667" HPOS="1174"/>
							<String ID="string_223" HPOS="1190" VPOS="1666" WIDTH="174" HEIGHT="40" WC="0.96" CONTENT="högskola"/>
						</TextLine>
					</TextBlock>
				</ComposedBlock>
				<ComposedBlock ID="cblock_5" HPOS="132" VPOS="1744" WIDTH="1491" HEIGHT="788">
					<TextBlock ID="block_15" HPOS="132" VPOS="1744" WIDTH="1487" HEIGHT="257">
						<TextLine ID="line_28" HPOS="173" VPOS="1744" WIDTH="1446" HEIGHT="45">
							<String ID="string_224" HPOS="173" VPOS="1748" WIDTH="373" HEIGHT="41" WC="0.90" CONTENT="Departementschefen"/><SP WIDTH="21" VPOS="1748" HPOS="546"/>
							<String ID="string_225" HPOS="567" VPOS="1749" WIDTH="60" HEIGHT="31" WC="0.96" CONTENT="har"/><SP WIDTH="19" VPOS="1749" HPOS="627"/>
							<String ID="string_226" HPOS="646" VPOS="1748" WIDTH="50" HEIGHT="32" WC="0.96" CONTENT="för"/><SP WIDTH="20" VPOS="1748" HPOS="696"/>
							<String ID="string_227" HPOS="716" VPOS="1751" WIDTH="96" HEIGHT="28" WC="0.96" CONTENT="nästa"/><SP WIDTH="20" VPOS="1751" HPOS="812"/>
							<String ID="string_228" HPOS="832" VPOS="1747" WIDTH="163" HEIGHT="40" WC="0.96" CONTENT="budgetår"/><SP WIDTH="19" VPOS="1747" HPOS="995"/>
							<String ID="string_229" HPOS="1014" VPOS="1746" WIDTH="166" HEIGHT="40" WC="0.96" CONTENT="föreslagit"/><SP WIDTH="20" VPOS="1746" HPOS="1180"/>
							<String ID="string_230" HPOS="1200" VPOS="1757" WIDTH="40" HEIGHT="20" WC="0.93" CONTENT="en"/><SP WIDTH="19" VPOS="1757" HPOS="1240"/>
							<String ID="string_231" HPOS="1259" VPOS="1744" WIDTH="298" HEIGHT="40" WC="0.91" CONTENT="medelsanvisning"/><SP WIDTH="19" VPOS="1744" HPOS="1557"/>
							<String ID="string_232" HPOS="1576" VPOS="1755" WIDTH="43" HEIGHT="20" WC="0.96" CONTENT="av"/>
						</TextLine>
						<TextLine ID="line_29" HPOS="134" VPOS="1798" WIDTH="1485" HEIGHT="44">
							<String ID="string_233" HPOS="134" VPOS="1807" WIDTH="37" HEIGHT="27" WC="0.96" CONTENT="14"/><SP WIDTH="13" VPOS="1807" HPOS="171"/>
							<String ID="string_234" HPOS="184" VPOS="1806" WIDTH="59" HEIGHT="28" WC="0.96" CONTENT="418"/><SP WIDTH="13" VPOS="1806" HPOS="243"/>
							<String ID="string_235" HPOS="256" VPOS="1806" WIDTH="61" HEIGHT="28" WC="0.96" CONTENT="000"/><SP WIDTH="22" VPOS="1806" HPOS="317"/>
							<String ID="string_236" HPOS="339" VPOS="1803" WIDTH="48" HEIGHT="31" WC="0.96" CONTENT="kr."/><SP WIDTH="23" VPOS="1803" HPOS="387"/>
							<String ID="string_237" HPOS="410" VPOS="1802" WIDTH="49" HEIGHT="32" WC="0.96" CONTENT="till"/><SP WIDTH="22" VPOS="1802" HPOS="459"/>
							<String ID="string_238" HPOS="481" VPOS="1801" WIDTH="308" HEIGHT="41" WC="0.96" CONTENT="byggnadsarbeten"/><SP WIDTH="24" VPOS="1801" HPOS="789"/>
							<String ID="string_239" HPOS="813" VPOS="1801" WIDTH="56" HEIGHT="31" WC="0.96" CONTENT="vid"/><SP WIDTH="24" VPOS="1801" HPOS="869"/>
							<String ID="string_240" HPOS="893" VPOS="1801" WIDTH="170" HEIGHT="31" WC="0.96" CONTENT="Chalmers"/><SP WIDTH="22" VPOS="1801" HPOS="1063"/>
							<String ID="string_241" HPOS="1085" VPOS="1799" WIDTH="152" HEIGHT="32" WC="0.97" CONTENT="tekniska"/><SP WIDTH="22" VPOS="1799" HPOS="1237"/>
							<String ID="string_242" HPOS="1259" VPOS="1799" WIDTH="167" HEIGHT="40" WC="0.95" CONTENT="högskola."/><SP WIDTH="23" VPOS="1799" HPOS="1426"/>
							<String ID="string_243" HPOS="1449" VPOS="1798" WIDTH="17" HEIGHT="31" WC="0.96" CONTENT="I"/><SP WIDTH="23" VPOS="1798" HPOS="1466"/>
							<String ID="string_244" HPOS="1489" VPOS="1798" WIDTH="130" HEIGHT="31" WC="0.92" CONTENT="samråd"/>
						</TextLine>
						<TextLine ID="line_30" HPOS="132" VPOS="1851" WIDTH="1487" HEIGHT="45">
							<String ID="string_245" HPOS="132" VPOS="1857" WIDTH="75" HEIGHT="31" WC="0.92" CONTENT="med"/><SP WIDTH="19" VPOS="1857" HPOS="207"/>
							<String ID="string_246" HPOS="226" VPOS="1856" WIDTH="332" HEIGHT="40" WC="0.91" CONTENT="byggnadsstyrelsen"/><SP WIDTH="19" VPOS="1856" HPOS="558"/>
							<String ID="string_247" HPOS="577" VPOS="1855" WIDTH="60" HEIGHT="31" WC="0.96" CONTENT="har"/><SP WIDTH="19" VPOS="1855" HPOS="637"/>
							<String ID="string_248" HPOS="656" VPOS="1855" WIDTH="42" HEIGHT="38" WC="0.96" CONTENT="på"/><SP WIDTH="19" VPOS="1855" HPOS="698"/>
							<String ID="string_249" HPOS="717" VPOS="1854" WIDTH="87" HEIGHT="32" WC="0.96" CONTENT="basis"/><SP WIDTH="19" VPOS="1854" HPOS="804"/>
							<String ID="string_250" HPOS="823" VPOS="1855" WIDTH="103" HEIGHT="30" WC="0.93" CONTENT="härav"/><SP WIDTH="20" VPOS="1855" HPOS="926"/>
							<String ID="string_251" HPOS="946" VPOS="1853" WIDTH="174" HEIGHT="40" WC="0.92" CONTENT="uppgjorts"/><SP WIDTH="19" VPOS="1853" HPOS="1120"/>
							<String ID="string_252" HPOS="1139" VPOS="1852" WIDTH="240" HEIGHT="39" WC="0.92" CONTENT="finansierings-"/><SP WIDTH="20" VPOS="1852" HPOS="1379"/>
							<String ID="string_253" HPOS="1399" VPOS="1852" WIDTH="60" HEIGHT="31" WC="0.93" CONTENT="och"/><SP WIDTH="21" VPOS="1852" HPOS="1459"/>
							<String ID="string_254" HPOS="1480" VPOS="1851" WIDTH="139" HEIGHT="31" WC="0.92" CONTENT="investe-"/>
						</TextLine>
						<TextLine ID="line_31" HPOS="132" VPOS="1904" WIDTH="1486" HEIGHT="45">
							<String ID="string_255" HPOS="132" VPOS="1909" WIDTH="202" HEIGHT="40" WC="0.92" CONTENT="ringsplaner"/><SP WIDTH="22" VPOS="1909" HPOS="334"/>
							<String ID="string_256" HPOS="356" VPOS="1909" WIDTH="51" HEIGHT="31" WC="0.93" CONTENT="för"/><SP WIDTH="20" VPOS="1909" HPOS="407"/>
							<String ID="string_257" HPOS="427" VPOS="1908" WIDTH="203" HEIGHT="40" WC="0.93" CONTENT="budgetåren"/><SP WIDTH="26" VPOS="1908" HPOS="630"/>
							<String ID="string_258" HPOS="656" VPOS="1908" WIDTH="140" HEIGHT="35" WC="0.92" CONTENT="1961/62"/><SP WIDTH="23" VPOS="1908" HPOS="796"/>
							<String ID="string_259" HPOS="819" VPOS="1907" WIDTH="62" HEIGHT="31" WC="0.93" CONTENT="och"/><SP WIDTH="25" VPOS="1907" HPOS="881"/>
							<String ID="string_260" HPOS="906" VPOS="1908" WIDTH="151" HEIGHT="36" WC="0.90" CONTENT="1962/63,"/><SP WIDTH="24" VPOS="1908" HPOS="1057"/>
							<String ID="string_261" HPOS="1081" VPOS="1906" WIDTH="87" HEIGHT="31" WC="0.96" CONTENT="vilka"/><SP WIDTH="23" VPOS="1906" HPOS="1168"/>
							<String ID="string_262" HPOS="1191" VPOS="1916" WIDTH="42" HEIGHT="21" WC="0.93" CONTENT="av"/><SP WIDTH="23" VPOS="1916" HPOS="1233"/>
							<String ID="string_263" HPOS="1256" VPOS="1904" WIDTH="362" HEIGHT="40" WC="0.91" CONTENT="departementschefen"/>
						</TextLine>
						<TextLine ID="line_32" HPOS="133" VPOS="1962" WIDTH="405" HEIGHT="39">
							<String ID="string_264" HPOS="133" VPOS="1962" WIDTH="133" HEIGHT="32" WC="0.96" CONTENT="föreslås"/><SP WIDTH="21" VPOS="1962" HPOS="266"/>
							<String ID="string_265" HPOS="287" VPOS="1962" WIDTH="45" HEIGHT="31" WC="0.96" CONTENT="bli"/><SP WIDTH="21" VPOS="1962" HPOS="332"/>
							<String ID="string_266" HPOS="353" VPOS="1962" WIDTH="185" HEIGHT="39" WC="0.96" CONTENT="godkända."/>
						</TextLine>
					</TextBlock>
					<TextBlock ID="block_16" HPOS="133" VPOS="2011" WIDTH="1488" HEIGHT="255">
						<TextLine ID="line_33" HPOS="173" VPOS="2011" WIDTH="1447" HEIGHT="43">
							<String ID="string_267" HPOS="173" VPOS="2016" WIDTH="52" HEIGHT="31" WC="0.93" CONTENT="Av"/><SP WIDTH="28" VPOS="2016" HPOS="225"/>
							<String ID="string_268" HPOS="253" VPOS="2015" WIDTH="335" HEIGHT="39" WC="0.91" CONTENT="investeringsplanen"/><SP WIDTH="28" VPOS="2015" HPOS="588"/>
							<String ID="string_269" HPOS="616" VPOS="2013" WIDTH="152" HEIGHT="40" WC="0.95" CONTENT="framgår,"/><SP WIDTH="26" VPOS="2013" HPOS="768"/>
							<String ID="string_270" HPOS="794" VPOS="2018" WIDTH="53" HEIGHT="27" WC="0.97" CONTENT="att"/><SP WIDTH="28" VPOS="2018" HPOS="847"/>
							<String ID="string_271" HPOS="875" VPOS="2013" WIDTH="144" HEIGHT="39" WC="0.93" CONTENT="följande"/><SP WIDTH="27" VPOS="2013" HPOS="1019"/>
							<String ID="string_272" HPOS="1046" VPOS="2011" WIDTH="300" HEIGHT="41" WC="0.90" CONTENT="byggnadsföretag"/><SP WIDTH="26" VPOS="2011" HPOS="1346"/>
							<String ID="string_273" HPOS="1372" VPOS="2022" WIDTH="95" HEIGHT="20" WC="0.96" CONTENT="avses"/><SP WIDTH="26" VPOS="2022" HPOS="1467"/>
							<String ID="string_274" HPOS="1493" VPOS="2011" WIDTH="43" HEIGHT="31" WC="0.93" CONTENT="bli"/><SP WIDTH="28" VPOS="2011" HPOS="1536"/>
							<String ID="string_275" HPOS="1564" VPOS="2011" WIDTH="56" HEIGHT="38" WC="0.92" CONTENT="på-"/>
						</TextLine>
						<TextLine ID="line_34" HPOS="133" VPOS="2064" WIDTH="1487" HEIGHT="43">
							<String ID="string_276" HPOS="133" VPOS="2068" WIDTH="135" HEIGHT="39" WC="0.96" CONTENT="började"/><SP WIDTH="22" VPOS="2068" HPOS="268"/>
							<String ID="string_277" HPOS="290" VPOS="2069" WIDTH="105" HEIGHT="30" WC="0.96" CONTENT="under"/><SP WIDTH="21" VPOS="2069" HPOS="395"/>
							<String ID="string_278" HPOS="416" VPOS="2068" WIDTH="196" HEIGHT="39" WC="0.93" CONTENT="budgetåret"/><SP WIDTH="24" VPOS="2068" HPOS="612"/>
							<String ID="string_279" HPOS="636" VPOS="2067" WIDTH="151" HEIGHT="37" WC="0.91" CONTENT="1962/63,"/><SP WIDTH="22" VPOS="2067" HPOS="787"/>
							<String ID="string_280" HPOS="809" VPOS="2066" WIDTH="164" HEIGHT="40" WC="0.96" CONTENT="nämligen"/><SP WIDTH="22" VPOS="2066" HPOS="973"/>
							<String ID="string_281" HPOS="995" VPOS="2066" WIDTH="158" HEIGHT="31" WC="0.96" CONTENT="baracker"/><SP WIDTH="22" VPOS="2066" HPOS="1153"/>
							<String ID="string_282" HPOS="1175" VPOS="2065" WIDTH="41" HEIGHT="39" WC="0.93" CONTENT="på"/><SP WIDTH="22" VPOS="2065" HPOS="1216"/>
							<String ID="string_283" HPOS="1238" VPOS="2065" WIDTH="72" HEIGHT="31" WC="0.92" CONTENT="Råö"/><SP WIDTH="22" VPOS="2065" HPOS="1310"/>
							<String ID="string_284" HPOS="1332" VPOS="2065" WIDTH="50" HEIGHT="30" WC="0.96" CONTENT="för"/><SP WIDTH="21" VPOS="2065" HPOS="1382"/>
							<String ID="string_285" HPOS="1403" VPOS="2064" WIDTH="217" HEIGHT="39" WC="0.96" CONTENT="avdelningen"/>
						</TextLine>
						<TextLine ID="line_35" HPOS="134" VPOS="2118" WIDTH="1486" HEIGHT="42">
							<String ID="string_286" HPOS="134" VPOS="2122" WIDTH="50" HEIGHT="31" WC="0.96" CONTENT="för"/><SP WIDTH="24" VPOS="2122" HPOS="184"/>
							<String ID="string_287" HPOS="208" VPOS="2121" WIDTH="252" HEIGHT="37" WC="0.96" CONTENT="elektroteknik,"/><SP WIDTH="26" VPOS="2121" HPOS="460"/>
							<String ID="string_288" HPOS="486" VPOS="2120" WIDTH="237" HEIGHT="40" WC="0.96" CONTENT="nybyggnader"/><SP WIDTH="26" VPOS="2120" HPOS="723"/>
							<String ID="string_289" HPOS="749" VPOS="2120" WIDTH="50" HEIGHT="31" WC="0.96" CONTENT="för"/><SP WIDTH="26" VPOS="2120" HPOS="799"/>
							<String ID="string_290" HPOS="825" VPOS="2119" WIDTH="218" HEIGHT="39" WC="0.96" CONTENT="avdelningen"/><SP WIDTH="27" VPOS="2119" HPOS="1043"/>
							<String ID="string_291" HPOS="1070" VPOS="2118" WIDTH="50" HEIGHT="31" WC="0.93" CONTENT="för"/><SP WIDTH="26" VPOS="2118" HPOS="1120"/>
							<String ID="string_292" HPOS="1146" VPOS="2121" WIDTH="77" HEIGHT="36" WC="0.92" CONTENT="väg-"/><SP WIDTH="25" VPOS="2121" HPOS="1223"/>
							<String ID="string_293" HPOS="1248" VPOS="2118" WIDTH="60" HEIGHT="31" WC="0.96" CONTENT="och"/><SP WIDTH="29" VPOS="2118" HPOS="1308"/>
							<String ID="string_294" HPOS="1337" VPOS="2118" WIDTH="283" HEIGHT="39" WC="0.96" CONTENT="vattenbyggnad,"/>
						</TextLine>
						<TextLine ID="line_36" HPOS="135" VPOS="2169" WIDTH="1486" HEIGHT="44">
							<String ID="string_295" HPOS="135" VPOS="2174" WIDTH="237" HEIGHT="39" WC="0.96" CONTENT="nybyggnader"/><SP WIDTH="24" VPOS="2174" HPOS="372"/>
							<String ID="string_296" HPOS="396" VPOS="2174" WIDTH="50" HEIGHT="31" WC="0.96" CONTENT="för"/><SP WIDTH="24" VPOS="2174" HPOS="446"/>
							<String ID="string_297" HPOS="470" VPOS="2173" WIDTH="229" HEIGHT="32" WC="0.96" CONTENT="matematiskt"/><SP WIDTH="26" VPOS="2173" HPOS="699"/>
							<String ID="string_298" HPOS="725" VPOS="2177" WIDTH="161" HEIGHT="32" WC="0.96" CONTENT="centrum,"/><SP WIDTH="26" VPOS="2177" HPOS="886"/>
							<String ID="string_299" HPOS="912" VPOS="2176" WIDTH="101" HEIGHT="35" WC="0.96" CONTENT="etapp"/><SP WIDTH="26" VPOS="2176" HPOS="1013"/>
							<String ID="string_300" HPOS="1039" VPOS="2172" WIDTH="26" HEIGHT="37" WC="0.96" CONTENT="I,"/><SP WIDTH="27" VPOS="2172" HPOS="1065"/>
							<String ID="string_301" HPOS="1092" VPOS="2176" WIDTH="86" HEIGHT="26" WC="0.96" CONTENT="samt"/><SP WIDTH="26" VPOS="2176" HPOS="1178"/>
							<String ID="string_302" HPOS="1204" VPOS="2171" WIDTH="204" HEIGHT="39" WC="0.96" CONTENT="tillbyggnad"/><SP WIDTH="28" VPOS="2171" HPOS="1408"/>
							<String ID="string_303" HPOS="1436" VPOS="2171" WIDTH="50" HEIGHT="30" WC="0.93" CONTENT="för"/><SP WIDTH="25" VPOS="2171" HPOS="1486"/>
							<String ID="string_304" HPOS="1511" VPOS="2169" WIDTH="110" HEIGHT="32" WC="0.91" CONTENT="avdel-"/>
						</TextLine>
						<TextLine ID="line_37" HPOS="134" VPOS="2226" WIDTH="467" HEIGHT="40">
							<String ID="string_305" HPOS="134" VPOS="2228" WIDTH="118" HEIGHT="38" WC="0.96" CONTENT="ningen"/><SP WIDTH="24" VPOS="2228" HPOS="252"/>
							<String ID="string_306" HPOS="276" VPOS="2227" WIDTH="51" HEIGHT="31" WC="0.96" CONTENT="för"/><SP WIDTH="23" VPOS="2227" HPOS="327"/>
							<String ID="string_307" HPOS="350" VPOS="2226" WIDTH="251" HEIGHT="32" WC="0.96" CONTENT="elektroteknik."/>
						</TextLine>
					</TextBlock>
					<TextBlock ID="block_17" HPOS="135" VPOS="2275" WIDTH="1488" HEIGHT="257">
						<TextLine ID="line_38" HPOS="176" VPOS="2275" WIDTH="1446" HEIGHT="43">
							<String ID="string_308" HPOS="176" VPOS="2280" WIDTH="80" HEIGHT="31" WC="0.95" CONTENT="Med"/><SP WIDTH="22" VPOS="2280" HPOS="256"/>
							<String ID="string_309" HPOS="278" VPOS="2280" WIDTH="130" HEIGHT="38" WC="0.96" CONTENT="hänsyn"/><SP WIDTH="20" VPOS="2280" HPOS="408"/>
							<String ID="string_310" HPOS="428" VPOS="2279" WIDTH="47" HEIGHT="31" WC="0.92" CONTENT="till"/><SP WIDTH="22" VPOS="2279" HPOS="475"/>
							<String ID="string_311" HPOS="497" VPOS="2279" WIDTH="265" HEIGHT="31" WC="0.92" CONTENT="önskvärdheten"/><SP WIDTH="23" VPOS="2279" HPOS="762"/>
							<String ID="string_312" HPOS="785" VPOS="2290" WIDTH="41" HEIGHT="19" WC="0.96" CONTENT="av"/><SP WIDTH="22" VPOS="2290" HPOS="826"/>
							<String ID="string_313" HPOS="848" VPOS="2282" WIDTH="62" HEIGHT="33" WC="0.95" CONTENT="att,"/><SP WIDTH="22" VPOS="2282" HPOS="910"/>
							<String ID="string_314" HPOS="932" VPOS="2277" WIDTH="98" HEIGHT="31" WC="0.96" CONTENT="innan"/><SP WIDTH="22" VPOS="2277" HPOS="1030"/>
							<String ID="string_315" HPOS="1052" VPOS="2277" WIDTH="106" HEIGHT="31" WC="0.93" CONTENT="medel"/><SP WIDTH="21" VPOS="2277" HPOS="1158"/>
							<String ID="string_316" HPOS="1179" VPOS="2277" WIDTH="97" HEIGHT="31" WC="0.93" CONTENT="äskas"/><SP WIDTH="20" VPOS="2277" HPOS="1276"/>
							<String ID="string_317" HPOS="1296" VPOS="2276" WIDTH="50" HEIGHT="31" WC="0.97" CONTENT="för"/><SP WIDTH="21" VPOS="2276" HPOS="1346"/>
							<String ID="string_318" HPOS="1367" VPOS="2280" WIDTH="50" HEIGHT="27" WC="0.93" CONTENT="ett"/><SP WIDTH="20" VPOS="2280" HPOS="1417"/>
							<String ID="string_319" HPOS="1437" VPOS="2275" WIDTH="185" HEIGHT="39" WC="0.91" CONTENT="byggnads-"/>
						</TextLine>
						<TextLine ID="line_39" HPOS="135" VPOS="2327" WIDTH="1487" HEIGHT="45">
							<String ID="string_320" HPOS="135" VPOS="2333" WIDTH="142" HEIGHT="38" WC="0.93" CONTENT="företags"/><SP WIDTH="18" VPOS="2333" HPOS="277"/>
							<String ID="string_321" HPOS="295" VPOS="2332" WIDTH="261" HEIGHT="40" WC="0.92" CONTENT="igångsättande,"/><SP WIDTH="17" VPOS="2332" HPOS="556"/>
							<String ID="string_322" HPOS="573" VPOS="2331" WIDTH="313" HEIGHT="38" WC="0.91" CONTENT="huvudhandlingar"/><SP WIDTH="15" VPOS="2331" HPOS="886"/>
							<String ID="string_323" HPOS="901" VPOS="2330" WIDTH="103" HEIGHT="39" WC="0.96" CONTENT="jämte"/><SP WIDTH="18" VPOS="2330" HPOS="1004"/>
							<String ID="string_324" HPOS="1022" VPOS="2329" WIDTH="204" HEIGHT="39" WC="0.93" CONTENT="tillförlitliga"/><SP WIDTH="18" VPOS="2329" HPOS="1226"/>
							<String ID="string_325" HPOS="1244" VPOS="2327" WIDTH="378" HEIGHT="39" WC="0.90" CONTENT="kostnadsberäkningar"/>
						</TextLine>
						<TextLine ID="line_40" HPOS="137" VPOS="2381" WIDTH="1484" HEIGHT="44">
							<String ID="string_326" HPOS="137" VPOS="2386" WIDTH="172" HEIGHT="39" WC="0.96" CONTENT="granskats"/><SP WIDTH="17" VPOS="2386" HPOS="309"/>
							<String ID="string_327" HPOS="326" VPOS="2396" WIDTH="41" HEIGHT="21" WC="0.96" CONTENT="av"/><SP WIDTH="18" VPOS="2396" HPOS="367"/>
							<String ID="string_328" HPOS="385" VPOS="2385" WIDTH="122" HEIGHT="39" WC="0.95" CONTENT="Kungl."/><SP WIDTH="17" VPOS="2385" HPOS="507"/>
							<String ID="string_329" HPOS="524" VPOS="2384" WIDTH="102" HEIGHT="39" WC="0.96" CONTENT="Maj:t"/><SP WIDTH="18" VPOS="2384" HPOS="626"/>
							<String ID="string_330" HPOS="644" VPOS="2384" WIDTH="59" HEIGHT="31" WC="0.96" CONTENT="har"/><SP WIDTH="17" VPOS="2384" HPOS="703"/>
							<String ID="string_331" HPOS="720" VPOS="2384" WIDTH="7" HEIGHT="31" WC="0.93" CONTENT="i"/><SP WIDTH="19" VPOS="2384" HPOS="727"/>
							<String ID="string_332" HPOS="746" VPOS="2383" WIDTH="335" HEIGHT="39" WC="0.89" CONTENT="investeringsplanen"/><SP WIDTH="20" VPOS="2383" HPOS="1081"/>
							<String ID="string_333" HPOS="1101" VPOS="2394" WIDTH="42" HEIGHT="19" WC="0.96" CONTENT="nu"/><SP WIDTH="20" VPOS="2394" HPOS="1143"/>
							<String ID="string_334" HPOS="1163" VPOS="2382" WIDTH="27" HEIGHT="39" WC="0.96" CONTENT="ej"/><SP WIDTH="21" VPOS="2382" HPOS="1190"/>
							<String ID="string_335" HPOS="1211" VPOS="2382" WIDTH="171" HEIGHT="39" WC="0.96" CONTENT="upptagits"/><SP WIDTH="18" VPOS="2382" HPOS="1382"/>
							<String ID="string_336" HPOS="1400" VPOS="2382" WIDTH="99" HEIGHT="39" WC="0.96" CONTENT="några"/><SP WIDTH="18" VPOS="2382" HPOS="1499"/>
							<String ID="string_337" HPOS="1517" VPOS="2381" WIDTH="104" HEIGHT="31" WC="0.96" CONTENT="medel"/>
						</TextLine>
						<TextLine ID="line_41" HPOS="135" VPOS="2434" WIDTH="1488" HEIGHT="43">
							<String ID="string_338" HPOS="135" VPOS="2440" WIDTH="49" HEIGHT="31" WC="0.96" CONTENT="för"/><SP WIDTH="26" VPOS="2440" HPOS="184"/>
							<String ID="string_339" HPOS="210" VPOS="2439" WIDTH="205" HEIGHT="31" WC="0.96" CONTENT="sistnämnda"/><SP WIDTH="26" VPOS="2439" HPOS="415"/>
							<String ID="string_340" HPOS="441" VPOS="2443" WIDTH="49" HEIGHT="26" WC="0.93" CONTENT="tre"/><SP WIDTH="26" VPOS="2443" HPOS="490"/>
							<String ID="string_341" HPOS="516" VPOS="2437" WIDTH="308" HEIGHT="40" WC="0.92" CONTENT="byggnadsföretag."/><SP WIDTH="26" VPOS="2437" HPOS="824"/>
							<String ID="string_342" HPOS="850" VPOS="2437" WIDTH="82" HEIGHT="31" WC="0.96" CONTENT="Med"/><SP WIDTH="26" VPOS="2437" HPOS="932"/>
							<String ID="string_343" HPOS="958" VPOS="2437" WIDTH="127" HEIGHT="38" WC="0.96" CONTENT="hänsyn"/><SP WIDTH="29" VPOS="2437" HPOS="1085"/>
							<String ID="string_344" HPOS="1114" VPOS="2436" WIDTH="46" HEIGHT="31" WC="0.96" CONTENT="till"/><SP WIDTH="28" VPOS="2436" HPOS="1160"/>
							<String ID="string_345" HPOS="1188" VPOS="2434" WIDTH="289" HEIGHT="40" WC="0.96" CONTENT="nödvändigheten"/><SP WIDTH="26" VPOS="2434" HPOS="1477"/>
							<String ID="string_346" HPOS="1503" VPOS="2446" WIDTH="42" HEIGHT="20" WC="0.96" CONTENT="av"/><SP WIDTH="26" VPOS="2446" HPOS="1545"/>
							<String ID="string_347" HPOS="1571" VPOS="2438" WIDTH="52" HEIGHT="27" WC="0.95" CONTENT="att"/>
						</TextLine>
						<TextLine ID="line_42" HPOS="136" VPOS="2487" WIDTH="1486" HEIGHT="45">
							<String ID="string_348" HPOS="136" VPOS="2492" WIDTH="339" HEIGHT="40" WC="0.91" CONTENT="byggnadsföretagen"/><SP WIDTH="22" VPOS="2492" HPOS="475"/>
							<String ID="string_349" HPOS="497" VPOS="2491" WIDTH="199" HEIGHT="39" WC="0.91" CONTENT="igångsättes"/><SP WIDTH="20" VPOS="2491" HPOS="696"/>
							<String ID="string_350" HPOS="716" VPOS="2490" WIDTH="34" HEIGHT="31" WC="0.96" CONTENT="så"/><SP WIDTH="20" VPOS="2490" HPOS="750"/>
							<String ID="string_351" HPOS="770" VPOS="2494" WIDTH="91" HEIGHT="27" WC="0.95" CONTENT="snart"/><SP WIDTH="19" VPOS="2494" HPOS="861"/>
							<String ID="string_352" HPOS="880" VPOS="2490" WIDTH="41" HEIGHT="31" WC="0.96" CONTENT="de"/><SP WIDTH="20" VPOS="2490" HPOS="921"/>
							<String ID="string_353" HPOS="941" VPOS="2489" WIDTH="149" HEIGHT="32" WC="0.96" CONTENT="tekniska"/><SP WIDTH="21" VPOS="2489" HPOS="1090"/>
							<String ID="string_354" HPOS="1111" VPOS="2489" WIDTH="58" HEIGHT="31" WC="0.93" CONTENT="och"/><SP WIDTH="22" VPOS="2489" HPOS="1169"/>
							<String ID="string_355" HPOS="1191" VPOS="2487" WIDTH="431" HEIGHT="38" WC="0.91" CONTENT="arbetsmarknadsmässiga"/>
						</TextLine>
					</TextBlock>
				</ComposedBlock>
			</PrintSpace>
		</Page>
	</Layout>
</alto>
