1864 2818
245 157 20 30 4
669 146 112 28 Första
802 143 221 36 lagutskottets
1045 140 162 30 utlåtande
1231 139 47 28 Nr
1301 141 26 26 1.

251 237 93 33 vilka
360 236 58 33 vid
435 247 126 21 samma
577 234 55 32 års
650 233 69 33 slut
735 236 88 28 ännu
837 242 80 20 voro
934 230 45 38 på
998 227 128 39 Kungl.
1143 225 120 39 Maj:ts
1281 223 166 40 prövning
1464 221 170 39 beroende,
1653 220 102 38 jämte

251 287 192 33 kortfattad
463 285 141 39 uppgift
625 295 52 21 om
697 282 180 33 ärendenas
897 279 215 38 behandling.

297 388 69 33 Vid
402 387 61 33 den
486 385 210 40 granskning
719 396 41 20 av
782 380 430 41 justitieombudsmannens
1237 373 347 39 ämbetsförvaltning,
1611 384 70 21 som
1706 374 50 29 ut-

256 439 125 32 skottet
416 435 294 41 grundlagsenligt
746 433 160 38 förehaft,
931 432 63 31 har
1017 431 109 37 någon
1152 427 181 38 anledning
1358 425 56 33 till
1438 423 222 39 anmärkning
1684 421 74 33 icke

256 488 222 39 förekommit,
497 486 106 33 vilket
621 485 165 32 utskottet
803 482 137 33 härmed
962 482 54 32 för
1037 480 179 37 riksdagen

610 568 158 34 anmäler.

301 671 191 34 Stockholm
511 671 60 32 den
590 672 40 31 26
647 670 132 38 januari
797 669 95 32 1928.

712 771 49 32 På
777 771 107 32 första
901 767 241 40 lagutskottets
1159 771 144 33 vägnar:

854 853 43 33 A.
916 849 254 35 ÅKERMAN.

343 1210 63 28 Vid
425 1209 86 28 detta
528 1208 127 28 ärendes
675 1206 188 34 behandling
882 1206 79 27 hava
982 1203 154 30 närvarit:

303 1261 71 28 från
414 1259 148 29 första
600 1259 189 27 kammaren:
820 1257 109 28 herrar
949 1254 162 29 Åkerman,
1131 1253 163 34 Klefbeck,
1315 1251 116 31 Borell,
1451 1250 154 33 Schlyter,
1625 1249 139 27 Svenson

265 1304 6 27 i
295 1302 146 33 Eskhult,
460 1301 135 29 Jonsson
614 1302 10 27 i
643 1300 154 35 Lycksele,
819 1299 101 33 Georg
940 1298 82 28 Dahl
1043 1297 54 28 och
1117 1295 175 33 Bissmark;

303 1354 75 29 från
418 1353 136 28 andra
591 1353 193 27 kammaren:
815 1350 111 28 herrar
945 1348 166 35 Lindqvist
1140 1348 5 27 i
1165 1345 177 35 Halmstad,
1363 1344 71 33 Leo,
1454 1344 128 28 Nilsson
1603 1343 11 27 i
1635 1341 133 33 Antnäs,

265 1396 136 28 Jansson
429 1396 11 27 i
471 1393 187 34 Edsbäcken,
689 1393 150 28 Karlsson
868 1393 11 27 i
900 1392 91 32 Vätö,
1013 1390 127 29 Carlson
1160 1390 9 27 i
1191 1387 149 34 Mölndal,
1361 1387 132 28 Persson
1512 1385 12 28 i
1544 1385 145 33 Trången
1711 1383 55 28 och

267 1439 205 29 Christenson
493 1440 10 26 i
525 1436 183 34 Södertälje.
