1888 2794
524 160 379 34 Jordbruksutskottets
924 157 176 32 utlåtande
1120 165 41 21 nr
1183 156 28 30 1.
1563 146 59 30 119

111 251 125 32 sådant
258 250 136 31 biträde
416 251 65 29 har
501 246 220 36 framhållits,
746 249 49 27 att
817 240 461 39 naturskyddskommitténs
1301 239 219 34 sekreterare,
1544 244 75 22 som

113 294 111 31 skulle
243 294 101 30 sköta
364 291 222 31 kommitténs
609 289 115 30 arbete
742 288 61 30 vid
825 286 100 31 sidan
946 295 42 21 av
1009 284 54 31 sin
1086 281 235 37 heltidstjänst
1344 279 45 38 på
1409 282 106 28 annat
1536 277 83 35 håll,

112 337 12 30 i
148 336 150 36 längden
322 335 76 30 icke
421 333 90 31 hade
535 331 179 37 möjlighet
741 333 49 27 att
814 330 89 35 ägna
929 327 50 30 tid
1004 327 66 30 och
1095 324 132 31 krafter
1251 324 11 30 i
1287 322 38 31 så
1348 321 196 37 betydande
1568 323 51 27 ut-

113 378 200 36 sträckning
337 376 35 31 åt
396 373 368 38 naturskyddsarbetet
790 380 74 22 som
890 370 55 30 för
971 367 219 32 närvarande
1213 364 237 38 påfordrades.
1478 363 68 30 För
1571 364 50 29 att

112 419 206 37 möjliggöra
338 417 223 32 kommitténs
580 415 159 31 fortsatta
758 413 220 31 verksamhet
998 410 115 31 såsom
1131 416 108 29 organ
1259 407 55 31 för
1332 407 56 30 det
1405 405 135 37 statliga
1559 413 59 21 na-

111 461 215 36 turskyddet,
350 460 51 30 till
424 460 76 30 dess
523 461 48 28 att
594 456 268 31 statsmakterna
886 453 116 31 funnit
1026 453 57 29 det
1104 450 136 37 möjligt
1265 453 49 27 att
1336 449 69 31 låta
1428 448 126 30 inrätta
1576 455 43 22 en

111 503 149 31 särskild
282 498 441 40 naturskyddsinstitution,
748 498 65 30 har
837 495 207 32 kommittén
1067 493 120 31 därför
1210 495 111 28 ansett
1343 489 276 38 oundgängligen

110 545 214 37 nödvändigt
346 548 49 27 att
416 543 120 36 anslag
557 541 188 36 beviljades
767 539 55 31 för
844 537 217 32 anställande
1084 546 42 21 av
1148 535 218 30 kvalificerat
1388 532 134 32 biträde
1544 540 74 22 som

111 588 117 30 kunde
249 589 163 34 övertaga
434 585 95 31 såväl
550 594 43 21 en
615 584 53 30 del
689 592 42 21 av
753 582 252 30 sekreterarens
1027 577 202 32 nuvarande
1252 575 174 38 uppgifter
1448 584 75 21 som
1543 582 74 22 ren-

109 629 225 37 skrivningen
351 638 44 20 av
410 626 171 38 protokoll
600 625 65 30 och
683 624 191 31 skrivelser.
894 622 83 30 Tills
997 621 117 30 vidare
1130 621 65 29 har
1212 618 205 31 kommittén
1435 616 183 31 inskränkt

112 672 49 37 sig
186 672 51 30 till
263 675 49 27 att
335 669 127 32 föreslå
487 667 231 32 anställandet
741 676 44 20 av
809 675 42 21 en
875 674 125 27 person
1022 663 80 30 med
1125 661 230 37 tjänstgöring
1377 660 11 30 i
1412 658 207 38 genomsnitt

112 711 62 35 3!/,
202 714 141 30 timmar
370 712 55 30 för
451 711 75 36 dag.
557 709 53 31 Då
635 710 114 29 denna
775 716 125 28 person
926 705 109 31 måste
1064 704 123 31 besitta
1212 703 196 37 betydande
1434 700 183 31 kvalifika-

111 756 111 30 tioner
249 755 56 30 för
332 758 50 27 att
409 754 119 29 kunna
555 752 150 35 fullgöra
732 749 76 31 sina
836 748 175 37 uppgifter
1037 746 45 37 på
1108 744 319 33 tillfredsställande
1454 744 76 35 sätt,
1555 743 64 30 har

111 797 207 31 kommittén
340 796 126 30 räknat
489 795 79 29 med
593 796 47 27 ett
664 792 128 31 arvode
817 801 44 20 av
886 790 105 30 minst
1016 790 63 30 200
1106 789 130 29 kronor
1262 787 56 30 för
1342 785 138 32 månad.

156 863 253 32 Statskontoret
434 862 64 30 har
524 861 11 30 i
561 859 283 37 remissyttrande
874 858 67 30 den
969 858 40 30 18
1037 855 194 37 september
1260 854 83 31 1944
1373 853 170 31 förklarat
1569 851 50 36 sig

112 914 10 31 i
150 914 205 31 nuvarande
383 910 282 33 statsfinansiella
693 911 77 35 läge
798 909 78 30 icke
904 909 121 29 kunna
1054 906 174 37 tillstyrka
1256 904 115 37 någon
1402 903 145 37 höjning
1576 910 43 22 av

112 964 267 37 ifrågavarande
402 963 128 35 anslag.

157 1013 266 37 Föredragande
441 1010 182 32 statsrådet
640 1012 65 30 har
723 1011 55 30 för
797 1009 218 31 närvarande
1033 1009 77 30 icke
1128 1009 111 28 ansett
1259 1008 49 35 sig
1327 1006 119 30 kunna
1466 1003 151 36 förorda,

114 1069 48 28 att
182 1064 231 32 förevarande
431 1063 120 37 anslag
570 1061 246 37 uppräknades
837 1060 79 30 med
937 1060 105 35 högre
1064 1058 126 36 belopp
1213 1058 45 29 än
1280 1058 18 28 2
1312 1057 64 29 000
1401 1056 127 29 kronor
1553 1053 65 30 och

115 1115 145 32 sålunda
277 1116 57 30 för
349 1115 100 29 nästa
467 1111 168 39 budgetår
650 1115 168 33 upptoges
835 1110 80 31 med
937 1109 51 40 (11
1004 1109 64 31 800
1093 1106 32 31 +
1148 1108 18 30 2
1181 1108 64 30 000
1261 1105 57 40 =)
1345 1106 38 30 13
1397 1105 63 31 800
1478 1105 139 29 kronor.

111 1168 130 30 Genom
257 1166 191 38 höjningen
463 1165 108 30 borde
585 1159 460 40 naturskyddskommitténs
1062 1157 152 38 anspråk
1230 1157 45 37 på
1292 1153 325 35 sekreterarbiträde

110 1221 119 29 kunna
245 1218 206 36 tillgodoses.

154 1302 122 32 Såsom
295 1300 155 37 framgår
466 1309 42 21 av
527 1308 90 22 ovan
633 1298 142 36 intagna
792 1297 216 35 redogörelse
1025 1295 55 30 för
1098 1294 142 30 ärendet
1257 1293 172 36 anknyter
1447 1290 168 31 motionä-

110 1363 117 22 rernas
258 1352 207 31 hemställan
493 1360 59 20 om
581 1347 283 38 anslagshöjning
893 1347 55 30 för
976 1344 199 32 ändamålet
1203 1343 51 31 till
1283 1340 331 38 vetenskapsakade-

115 1403 110 30 miens
247 1401 267 35 framställning,
539 1399 74 31 däri
637 1401 86 28 även
747 1396 268 37 ifrågavarande
1037 1394 245 31 medelsbehov
1307 1393 56 30 för
1386 1392 149 30 Muddus
1559 1400 59 21 na-

114 1454 197 35 tionalpark
333 1451 190 31 framförts.
549 1451 13 30 I
585 1450 107 30 likhet
714 1450 80 29 med
815 1446 254 37 föredragande
1089 1445 183 31 statsrådet
1293 1453 101 21 anser
1416 1443 51 36 sig
1488 1443 130 30 utskot-

115 1509 46 26 tet
179 1505 58 30 för
255 1503 220 31 närvarande
492 1502 76 30 icke
586 1502 119 29 kunna
728 1500 172 35 tillstyrka
919 1499 107 35 högre
1047 1497 121 35 anslag
1186 1496 57 30 för
1261 1494 199 31 ändamålet
1479 1495 44 29 än
1544 1502 74 22 som

115 1556 117 30 äskats
255 1555 11 30 i
287 1553 269 38 propositionen.
581 1552 64 30 Det
667 1552 38 30 är
728 1551 89 30 dock
839 1550 183 30 utskottets
1046 1547 142 36 mening
1208 1551 52 26 att
1282 1546 79 30 med
1384 1544 169 32 avseende
1574 1543 45 37 på

115 1607 150 30 Muddus
290 1605 246 36 nationalpark
559 1603 85 30 böra
670 1602 158 35 vidtagas
854 1601 42 30 de
920 1599 168 37 åtgärder,
1115 1608 75 21 som
1213 1597 163 31 befinnas
1397 1595 221 36 nödvändiga

114 1658 56 31 för
192 1662 50 26 att
263 1657 205 31 densamma
489 1655 88 31 skall
598 1655 119 29 kunna
740 1653 98 36 tjäna
859 1652 57 30 sitt
941 1650 99 38 syfte,
1065 1653 89 27 samt
1177 1653 50 26 att
1250 1648 122 31 härför
1395 1646 222 37 erforderliga

115 1709 111 31 medel
246 1708 86 31 böra
352 1708 116 30 ställas
488 1706 51 31 till
558 1704 207 37 förfogande
783 1704 12 30 i
814 1702 277 36 fortsättningen.

155 1755 227 41 Åberopande
402 1759 55 30 det
477 1757 147 31 anförda
644 1755 200 31 hemställer
862 1754 176 34 utskottet,

466 1828 49 28 att
548 1824 184 36 riksdagen
765 1821 68 36 må,
870 1821 80 30 med
985 1820 100 30 bifall
1117 1819 51 30 till
1203 1818 122 36 Kungl.
1359 1815 118 38 Maj:ts
1509 1816 105 30 fram-

421 1874 162 37 ställning
603 1874 65 30 och
690 1873 117 35 avslag
828 1871 20 31 å
870 1872 42 30 de
933 1869 222 37 likalydande
1176 1869 216 30 motionerna
1414 1867 28 30 1:
1465 1867 64 29 273
1549 1865 68 32 och

421 1925 44 29 II:
486 1924 74 36 334,
581 1924 50 30 till
649 1922 127 36 Bidrag
790 1922 51 30 till
854 1918 413 38 vetenskapsakademien
1280 1919 55 37 för
1346 1917 209 38 förvaltning
1573 1926 42 21 av

421 1974 278 37 nationalparker
721 1973 66 30 och
809 1969 389 38 naturskyddsärenden
1218 1969 56 30 för
1295 1967 200 37 budgetåret
1520 1961 96 41 1945/

422 2025 42 30 46
485 2023 119 32 anvisa
625 2026 46 28 ett
689 2024 121 35 anslag
828 2031 41 21 av
893 2021 38 30 13
946 2021 64 30 800
1027 2022 139 28 kronor.

155 2141 112 40 241:0)
292 2142 129 36 Bidrag
439 2141 52 30 till
510 2139 285 32 internationella
814 2136 362 33 lantbruksinstitutet
1202 2136 3 30 i
1222 2137 101 36 Rom,
1341 2134 276 39 förslagsanslag.

111 2196 14 29 I
154 2194 343 31 överensstämmelse
523 2192 79 30 med
632 2191 122 36 Kungl.
787 2189 102 37 Majts
919 2187 255 36 framställning
1202 2187 111 30 under
1341 2187 111 35 punkt
1481 2186 60 29 241
1572 2202 44 3 —

111 2244 236 31 innebärande
369 2241 319 37 anslagsanvisning
713 2241 54 29 för
791 2238 198 32 ändamålet
1010 2238 52 31 till
1085 2237 203 31 oförändrat
1309 2237 124 35 belopp
1454 2252 46 5 —
1520 2236 94 30 hem-

111 2295 114 30 ställer
245 2294 176 33 utskottet,

465 2361 49 27 att
537 2357 183 36 riksdagen
744 2355 57 31 må
826 2356 51 30 till
901 2355 126 36 Bidrag
1050 2355 50 30 till
1123 2354 276 30 internationella
1421 2353 195 30 lantbruks-

422 2409 167 30 institutet
623 2409 2 29 i
650 2407 86 30 Rom
764 2407 55 29 för
844 2404 201 37 budgetåret
1074 2398 139 43 1945/46
1239 2403 118 31 anvisa
1385 2406 46 28 ett
1455 2404 161 37 förslags-

422 2459 120 36 anslag
558 2468 41 20 av
618 2458 39 29 10
671 2457 65 30 000
751 2457 138 30 kronor.

1668 1284 129 34 Utskottet.
