1888 2796
534 167 380 34 Jordbruksutskottets
935 163 176 32 utlåtande
1131 173 40 20 nr
1193 163 28 29 1.
1575 152 58 30 117

168 256 112 40 239:0)
313 256 130 36 Bidrag
470 254 52 31 till
550 253 156 31 Svenska
734 247 461 39 naturskyddsföreningen.
1223 246 124 35 Kungl.
1379 243 119 37 Maj:ts
1525 241 107 31 fram-

127 308 162 37 ställning
307 307 110 31 under
435 306 112 37 punkt
566 305 63 30 239
650 304 144 30 innebär
814 301 183 35 anvisning
1015 300 52 30 till
1086 297 197 32 ändamålet
1302 296 57 30 för
1375 296 100 30 nästa
1493 294 140 36 budget-

127 359 38 31 år
186 360 79 30 med
284 358 205 32 oförändrat
511 357 125 35 belopp
660 365 43 20 av
726 355 18 30 5
758 354 64 30 000
842 353 139 30 kronor.

170 411 15 30 I
207 411 92 30 detta
319 408 172 32 samband
511 408 65 30 har
594 406 166 31 utskottet
780 404 50 31 till
850 402 212 36 behandling
1083 399 153 32 förehaft
1256 398 58 32 två
1334 398 96 30 inom
1452 396 184 36 riksdagen

127 462 133 36 väckta,
283 461 51 30 till
356 460 167 31 utskottet
544 456 191 32 hänvisade
758 454 223 38 likalydande
1005 453 179 34 motioner,
1207 450 173 36 nämligen
1406 449 27 30 I:
1450 450 16 29 7
1491 457 42 21 av
1556 447 80 30 herr

127 512 134 30 Arrhén
278 521 44 20 m.
341 511 37 36 fl.
396 511 65 30 och
481 509 45 31 II:
541 510 19 29 9
578 518 42 21 av
637 508 81 30 herr
735 505 196 31 Andersson
948 504 11 30 i
977 502 146 32 Gisselås
1140 511 46 21 m.
1203 501 48 38 fl.,
1269 500 74 31 vari
1361 498 203 34 hemställts,
1583 499 49 28 att

127 564 184 36 riksdagen
332 563 78 30 ville
430 561 52 31 till
501 560 153 31 Svenska
676 556 440 38 naturskyddsföreningen
1136 553 127 39 bevilja
1281 552 55 30 för
1358 549 216 33 anställande
1594 557 41 21 av

126 624 43 21 en
188 613 226 32 kvalificerad
432 612 96 31 kraft
548 611 56 31 för
624 607 397 38 bildningsverksamhet
1040 606 108 39 jämte
1167 602 262 32 resekostnader
1449 601 56 30 för
1523 600 114 31 denna

130 666 38 30 15
183 666 63 30 000
271 665 130 30 kronor
425 664 67 30 och
517 665 48 28 att
589 660 175 32 ordinarie
786 659 237 35 statsanslaget
1049 657 85 30 ökas
1158 656 56 30 för
1238 658 48 27 att
1309 652 82 38 utgå
1414 652 80 31 med
1520 652 38 30 12
1572 650 64 31 000

127 717 139 30 kronor.

173 766 225 31 Beträffande
426 765 41 30 de
494 764 85 35 skäl,
608 772 74 21 som
710 761 134 31 anförts
871 760 51 31 till
951 759 76 31 stöd
1054 758 55 31 för
1134 757 227 35 motionerna,
1390 754 55 31 får
1473 753 165 31 utskottet

128 818 145 31 hänvisa
299 817 50 31 till
372 816 110 31 dessa.

173 911 15 30 I
219 910 164 30 skrivelse
414 909 67 30 den
513 909 39 29 15
584 906 191 38 september
807 905 83 30 1944
919 904 67 30 har
1015 901 154 32 Svenska
1199 897 438 38 naturskyddsföreningen

127 961 175 31 hemställt
328 970 58 21 om
412 958 204 32 oförändrat
642 958 120 35 anslag
788 956 56 30 för
867 956 101 30 nästa
994 952 176 38 budgetår,
1197 952 114 30 vilken
1338 950 208 31 hemställan
1573 948 64 31 till-

131 1012 128 37 styrkts
277 1020 43 21 av
337 1008 252 40 föredragande
610 1006 192 32 statsrådet.

174 1104 171 31 Utskottet
372 1103 96 31 delar
496 1102 275 30 motionärernas
798 1097 225 39 uppfattning
1051 1100 49 27 att
1129 1095 154 31 Svenska
1312 1091 325 39 naturskyddsföre-

128 1155 145 36 ningens
298 1152 166 32 ändamål
486 1153 66 30 och
576 1151 177 37 uppgifter
775 1150 60 30 äro
859 1159 43 21 av
927 1149 66 30 den
1017 1147 74 31 vikt
1114 1150 50 27 att
1189 1145 204 36 föreningen
1415 1144 65 29 bör
1503 1140 132 33 erhålla

128 1205 119 37 nödigt
265 1205 76 31 stöd
359 1204 55 31 för
430 1203 283 31 verksamhetens
728 1199 221 32 bedrivande.
966 1198 76 31 Vad
1057 1196 172 32 beträffar
1244 1195 276 31 motionärernas
1539 1192 95 30 hem-

129 1257 125 31 ställan
279 1266 58 20 om
366 1255 112 31 medel
504 1254 50 31 till
581 1251 223 38 fullföljande
830 1260 42 21 av
900 1250 66 30 den
992 1247 221 37 föreningens
1238 1242 397 39 bildningsverksamhet

129 1317 75 22 som
228 1316 146 21 numera
399 1305 186 37 igångsatts
610 1304 81 30 med
714 1302 176 31 anlitande
914 1310 43 21 av
979 1299 139 31 särskilt
1139 1296 150 32 anställd
1313 1293 211 34 arbetskraft
1547 1295 90 29 samt

130 1369 58 21 om
212 1358 146 40 höjning
383 1358 10 30 i
420 1357 109 36 övrigt
554 1366 43 21 av
622 1354 211 36 årsanslaget
857 1342 64 49 till
922 1347 222 40 föreningen,
1170 1350 114 29 finner
1310 1348 165 30 utskottet
1498 1346 42 31 de
1560 1354 79 29 syn-

131 1410 150 37 punkter
303 1418 75 21 som
399 1408 134 31 anförts
556 1407 51 30 till
630 1406 76 30 stöd
728 1404 122 31 härför
871 1403 154 38 förtjäna
1046 1400 203 31 beaktande.
1274 1398 53 31 Då
1346 1397 190 32 emellertid
1559 1395 81 31 ifrå-

130 1460 197 37 gavarande
353 1458 251 37 anslagsbehov
632 1456 76 30 icke
730 1454 177 38 upptagits
931 1454 11 30 i
969 1452 222 36 föreningens
1216 1449 257 36 framställning
1496 1450 65 28 och
1589 1446 51 31 så-

131 1510 108 31 lunda
255 1509 31 37 ej
305 1510 108 29 heller
429 1509 140 35 prövats
586 1506 11 30 i
615 1504 214 36 vederbörlig
849 1503 158 36 ordning,
1025 1511 101 22 anser
1143 1501 51 37 sig
1210 1500 166 30 utskottet
1392 1498 76 31 icke
1485 1506 48 22 nu
1552 1496 86 31 böra

132 1561 44 37 på
194 1561 114 36 grund
323 1569 42 21 av
381 1559 218 31 motionerna
616 1556 171 37 tillstyrka
803 1554 198 37 ytterligare
1016 1553 120 35 anslag
1152 1551 52 30 till
1223 1549 212 36 föreningen.

178 1613 170 30 Utskottet
368 1610 200 31 hemställer
585 1607 227 40 följaktligen,

487 1697 49 26 att
557 1692 184 36 riksdagen
763 1689 68 36 må,
856 1690 79 30 med
959 1688 100 31 bifall
1083 1687 51 30 till
1159 1686 122 36 Kungl.
1309 1684 119 37 Maj:ts
1454 1682 185 31 framställ-

443 1745 84 36 ning
549 1745 66 30 och
638 1744 117 35 avslag
774 1741 21 31 å
818 1742 42 30 de
881 1739 224 38 likalydande
1125 1739 215 30 motionerna
1363 1737 28 29 I:
1416 1738 16 28 7
1457 1736 65 30 och
1544 1735 44 30 II:
1612 1735 31 34 9,

444 1796 51 29 till
514 1794 127 37 Bidrag
661 1793 51 30 till
732 1791 154 32 Svenska
905 1788 439 38 naturskyddsföreningen
1366 1787 55 29 för
1441 1782 202 39 budgetåret

447 1841 140 42 1945/46
610 1844 120 31 anvisa
749 1847 47 27 ett
818 1843 120 35 anslag
959 1851 42 21 av
1024 1842 19 29 5
1057 1842 63 29 000
1142 1840 139 30 kronor.

180 1962 112 40 240:0)
324 1962 131 36 Bidrag
480 1961 53 31 till
558 1957 424 39 vetenskapsakademien
1009 1957 57 30 för
1094 1955 215 37 förvaltning
1335 1964 44 21 av
1405 1949 239 46 nationalpar-

135 2015 64 30 ker
219 2015 67 29 och
309 2011 409 37 naturskyddsärenden.
740 2009 119 31 Under
881 2009 114 36 punkt
1017 2008 63 29 240
1104 2007 65 30 har
1194 2006 123 36 Kungl.
1341 2004 102 37 Maj:t
1464 2003 181 37 föreslagit

136 2067 183 35 riksdagen
335 2068 49 28 att
401 2064 51 31 till
470 2063 197 32 ändamålet
684 2063 55 30 för
755 2060 201 37 budgetåret
974 2054 139 41 1945/46
1130 2058 120 30 anvisa
1265 2060 47 28 ett
1328 2056 120 37 anslag
1463 2065 42 21 av
1526 2054 39 31 13
1579 2053 63 32 800

136 2116 139 34 kronor,
296 2114 237 31 innebärande
554 2111 271 37 anslagsökning
845 2110 80 30 med
946 2111 18 28 2
979 2110 64 29 000
1065 2109 138 29 kronor.

180 2168 14 29 I
220 2167 170 30 samband
417 2165 145 31 härmed
590 2165 64 29 har
678 2164 165 29 utskottet
867 2162 51 30 till
943 2159 211 37 behandling
1179 2158 151 31 förehaft
1355 2156 57 32 två
1438 2157 94 30 inom
1557 2156 85 30 riks-

137 2218 110 35 dagen
267 2218 134 33 väckta,
423 2216 51 30 till
492 2215 165 30 utskottet
676 2212 189 31 hänvisade
884 2212 70 30 lika
972 2210 150 36 lydande
1141 2209 177 34 motioner,
1338 2206 175 37 nämligen
1532 2205 28 30 I:
1580 2205 64 30 273

140 2276 41 20 av
197 2266 80 29 herr
290 2265 179 35 Sundberg
486 2274 44 20 m.
545 2264 37 35 fl.
598 2263 65 30 och
683 2263 44 29 II:
743 2262 63 29 334
822 2271 41 20 av
879 2261 80 29 herr
974 2258 187 31 Hedlund
1152 2251 21 53 i
1177 2257 133 30 Rådom
1330 2267 45 20 m.
1393 2256 49 36 fl.,
1460 2255 73 30 vari
1549 2255 95 29 hem-

138 2318 120 34 ställts,
278 2320 49 27 att
346 2316 185 35 riksdagen
549 2313 109 31 måtte
676 2313 132 30 besluta
828 2316 49 26 att
894 2328 44 4 —
957 2311 55 30 för
1031 2309 272 36 möjliggörande
1322 2317 42 20 av
1386 2305 260 35 undersökning

138 2377 44 22 av
209 2367 151 30 Muddus
382 2364 245 36 nationalpark
652 2363 10 30 i
685 2364 68 29 den
777 2361 212 35 omfattning
1012 2369 74 21 som
1110 2358 146 37 angivits
1286 2358 4 30 i
1316 2357 218 30 motionerna
1559 2372 44 4 —
1626 2355 20 30 å

140 2418 127 30 nionde
289 2416 229 35 huvudtiteln,
539 2415 112 36 punkt
674 2414 77 29 240:
775 2412 126 35 Bidrag
921 2411 51 31 till
994 2407 413 38 vetenskapsakademien
1431 2407 55 30 för
1507 2405 139 31 förvalt-

140 2469 82 35 ning
245 2477 42 21 av
311 2466 282 36 nationalparker
617 2464 64 30 och
705 2461 389 37 naturskyddsärenden
1119 2460 53 30 för
1197 2458 200 37 budgetåret
1424 2451 138 43 1945/46
1587 2465 58 22 an-

1687 1096 127 25 Utskottet.
