1876 2792
506 160 380 31 Jordbruksutskottets
909 159 177 30 utlåtande
1109 168 41 21 nr
1178 159 26 29 1.
1570 149 39 32 61

149 244 111 40 112:0)
292 243 233 31 Jordbrukets
550 242 257 32 kreditkassor:
830 240 372 38 Förvaltningsbidrag
1226 240 53 31 till
1301 239 311 38 jordbrukskasse-

104 296 169 37 rörelsen,
290 294 276 39 förslagsanslag.
584 293 146 31 Jämlikt
745 293 123 37 Kungl.
887 291 118 38 Maj:ts
1021 291 258 37 framställning
1294 291 111 30 under
1420 290 113 38 punkt
1550 290 61 30 112

105 364 46 5 —
173 346 235 31 innebärande
431 345 12 30 i
467 344 220 31 förhållande
711 344 51 30 till
786 343 228 36 anvisningen
1037 343 55 30 för
1117 342 235 31 innevarande
1375 339 169 38 budgetår
1567 349 45 22 en

107 398 202 36 minskning
329 396 80 31 med
431 396 39 30 21
486 396 63 31 000
571 396 131 30 kronor
722 413 46 4 —
786 395 201 30 hemställer
1006 394 176 35 utskottet,

461 467 50 27 att
533 463 186 36 riksdagen
742 461 58 32 må
823 462 52 30 till
909 460 229 32 Jordbrukets
1173 458 249 32 kreditkassor:
1457 458 155 31 Förvalt-

418 513 223 38 ningsbidrag
665 513 52 30 till
739 511 445 39 jordbrukskasserörelsen
1207 511 56 30 för
1286 509 202 38 budgetåret
1514 505 99 35 1945/

418 566 41 30 46
479 565 121 31 anvisa
619 568 46 27 ett
684 563 270 38 förslagsanslag
974 573 42 21 av
1040 563 62 30 163
1116 563 64 31 000
1199 563 139 29 kronor.

153 666 111 40 113:0)
294 665 372 37 Förvaltningsbidrag
691 664 53 31 till
767 664 215 31 förmedlare
1006 673 43 21 av
1073 662 60 32 lån
1160 661 81 32 från
1264 664 133 29 statens
1423 661 194 31 sekundär-

107 715 172 33 lånefond
295 717 57 30 för
368 716 235 37 jordbrukare
621 725 47 21 m.
684 724 59 28 m.,
762 714 277 38 förslagsanslag.
1061 714 13 30 I
1090 714 151 36 enlighet
1259 714 80 30 med
1356 712 123 36 Kungl.
1498 710 120 38 Maj:ts

110 769 112 30 under
244 769 113 35 punkt
383 769 60 29 113
467 767 122 37 gjorda
612 766 257 36 framställning
890 785 46 4 —
957 764 237 32 innebärande
1217 762 321 38 anslagsanvisning
1561 761 56 31 för

110 819 200 31 ändamålet
333 819 50 30 till
406 818 204 31 oförändrat
633 818 125 35 belopp
780 836 45 4 —
847 816 199 31 hemställer
1068 816 175 34 utskottet,

465 889 49 27 att
532 884 187 37 riksdagen
740 883 58 32 må
818 884 51 30 till
888 881 366 38 Förvaltningsbidrag
1275 881 50 30 till
1344 879 209 38 förmedlare
1573 888 43 22 av

421 935 58 31 lån
499 935 79 37 från
597 938 129 27 statens
745 933 342 37 sekundärlånefond
1106 933 56 36 för
1180 931 230 38 jordbrukare
1430 940 45 21 m.
1496 940 46 21 m.
1562 930 57 31 för

422 986 201 37 budgetåret
641 983 143 34 1945/46
799 985 121 31 anvisa
936 988 47 27 ett
998 983 269 38 förslagsanslag
1284 993 43 21 av
1342 983 42 30 65
1397 982 64 30 000
1477 982 139 30 kronor.

157 1088 111 38 114:0)
297 1087 138 30 Statens
456 1085 155 32 maskin-
635 1086 69 30 och
728 1084 549 37 redskapsprovningsanstalter:
1302 1081 226 38 Avlöningar,
1550 1081 70 37 för-

112 1138 224 36 slagsanslag.
359 1137 122 37 Kungl.
504 1136 120 37 Maj:ts
646 1136 257 36 framställning
923 1135 112 31 under
1054 1135 113 36 punkt
1190 1134 62 30 114
1273 1132 189 32 innefattar
1483 1148 45 7 —
1549 1131 69 31 för-

113 1193 99 27 utom
238 1189 207 30 hemställan
472 1188 51 31 till
550 1188 187 36 riksdagen
763 1191 50 28 att
839 1186 56 31 för
921 1190 128 27 statens
1076 1185 153 31 maskin-
1257 1185 66 30 och
1349 1184 269 35 redskapsprov-

114 1240 267 37 pingsanstalter
401 1240 185 36 godkänna
608 1239 137 30 ändrad
764 1237 250 37 avlöningsstat
1034 1255 45 4 —
1098 1234 322 38 anslagsanvisning
1442 1233 50 32 till
1511 1232 108 31 ända-

114 1291 106 31 målet
239 1291 57 30 för
312 1289 201 38 budgetåret
534 1286 143 34 1945/46
695 1290 80 30 med
793 1289 41 30 83
850 1289 63 30 700
931 1289 139 34 kronor,
1090 1287 106 30 vilket
1213 1285 146 37 jämfört
1376 1285 80 30 med
1475 1284 144 30 medels-

115 1342 227 36 anvisningen
363 1341 56 31 för
439 1341 149 36 löpande
609 1339 169 37 budgetår
799 1339 147 30 innebär
967 1348 43 21 en
1032 1336 270 38 anslagsökning
1323 1336 79 30 med
1423 1336 20 29 3
1457 1335 63 30 800
1541 1335 79 29 kro-

115 1403 75 21 nor.
220 1388 184 41 Ökningen
432 1391 294 36 sammanhänger
753 1390 81 31 med
863 1393 51 27 att
942 1389 113 30 medel
1084 1388 187 30 beräknats
1300 1387 56 30 för
1383 1384 238 37 uppflyttning

114 1454 45 21 av
177 1454 42 20 en
236 1442 355 36 skrivbiträdestjänst
607 1441 12 30 i
635 1441 166 36 lönegrad
817 1440 51 30 Eo
886 1441 19 29 2
925 1439 51 31 till
991 1436 492 36 kontorsbiträdesbefattning
1500 1435 11 30 i
1528 1436 92 29 löne-

116 1495 87 37 grad
223 1494 50 31 Eo
295 1495 18 29 4
335 1497 90 27 samt
446 1493 56 31 för
521 1491 222 37 uppräkning
763 1501 43 21 av
829 1490 93 31 vissa
942 1489 152 31 arvoden
1114 1489 166 30 ävensom
1301 1487 56 30 för
1376 1485 245 32 löneklassför-

116 1545 198 36 ändringar.

162 1630 173 30 Utskottet
356 1628 152 31 biträder
531 1627 123 37 Kungl.
679 1626 119 37 Maj:ts
821 1624 258 36 framställning
1105 1624 65 30 och
1193 1622 208 35 hemställer,

472 1700 49 26 att
543 1695 187 36 riksdagen
751 1693 58 32 må

475 1745 28 40 1)
532 1746 189 36 godkänna
752 1744 158 37 följande
940 1742 250 36 avlöningsstat
1221 1740 56 31 för
1308 1743 129 28 statens
1471 1733 153 46 maskin-

428 1797 66 30 och
509 1793 536 38 redskapsprovningsanstalter,
1065 1795 50 27 att
1133 1791 173 36 tillämpas
1325 1790 68 31 tills
1410 1788 117 32 vidare
1544 1787 81 32 från

428 1847 66 30 och
519 1846 81 30 med
624 1843 203 38 budgetåret
856 1839 152 42 1945/46:

891 1922 252 29 Avlöningsstat.

435 1980 26 29 1.
487 1978 159 31 Arvoden
685 1978 65 30 och
790 1976 170 31 särskilda
999 1974 239 37 ersättningar,
1264 1974 56 30 be-

532 2028 136 30 stämda
696 2036 43 21 av
764 2027 124 36 Kungl.
916 2025 111 39 Maj:t,
1055 2024 199 38 förslagsvis
1288 2047 29 7 ..
1347 2023 130 30 kronor
1503 2023 39 29 16
1555 2021 64 31 400

434 2080 30 29 2.
490 2078 240 36 Ersättningar
752 2077 51 30 till
825 2075 230 37 sakkunniga,
1079 2074 172 37 tillfälliga
1273 2073 49 31 bi-

533 2128 122 30 träden
683 2137 45 20 m.
755 2127 47 36 fl.,
832 2126 200 38 förslagsvis
1066 2147 250 9 ..........++
1405 2133 13 16 >
1501 2123 41 29 20
1556 2122 64 30 800

435 2179 29 30 3.
489 2177 211 36 Avlöningar
725 2177 50 30 till
801 2176 96 37 övrig
919 2174 265 32 icke-ordinarie
1209 2183 113 27 perso-

533 2227 69 35 nal,
631 2226 199 38 förslagsvis
859 2222 15 46 =
890 2247 428 9 csseseseserer
1178 2222 36 46 rer
1224 2222 96 46 rest
1406 2233 12 15 »
1502 2222 41 29 40
1558 2222 63 30 500

434 2277 31 30 4.
491 2276 131 36 Rörligt
642 2276 127 36 tillägg,
793 2275 200 38 förslagsvis
1024 2296 294 8 .....sss.esse>>
1407 2283 12 14 »
1524 2272 20 29 6
1558 2272 65 29 000

1185 2339 143 31 Summa
1348 2319 130 49 kronor
1488 2313 48 64 83
1556 2317 79 55 700;

479 2417 31 40 2)
540 2418 52 30 till
630 2417 136 31 Statens
802 2416 153 31 maskin-
993 2415 65 31 och
1092 2411 539 40 redskapsprovningsanstalter:

435 2468 211 36 Avlöningar
669 2467 56 30 för
747 2465 203 38 budgetåret
979 2460 138 44 1945/46
1144 2463 121 32 anvisa
1292 2467 47 27 ett
1363 2461 270 39 förslagsanslag

438 2529 42 20 av
502 2519 41 29 83
559 2519 62 30 700
642 2518 139 30 kronor.

1666 1627 131 25 Utskottet.
