1868 2786
80 800 128 25 Utskottet.

256 159 39 31 78
664 164 378 31 Jordbruksutskottets
1067 164 176 31 utlåtande
1265 175 42 21 nr
1333 166 28 29 1.

258 247 379 31 hemsverksamhetens
661 246 284 37 självkostnader.
968 247 366 37 Egnahemsorganens
1357 249 177 31 allmänna
1555 250 147 36 översyn
1722 258 43 22 av

258 298 415 30 kontrollverksamheten
694 298 65 30 och
781 297 306 37 slutbesiktningar
1107 308 42 21 av
1173 298 313 38 byggnadsföretag
1508 299 98 30 torde
1627 300 10 30 i
1660 300 102 36 enlig-

258 348 59 30 het
342 349 79 30 med
447 347 369 37 egnahemsstyrelsens
841 348 130 37 förslag
995 348 85 30 böra
1108 349 160 30 bekostas
1296 359 43 21 av
1367 350 206 31 statsmedel.
1600 350 164 30 Däremot

258 407 101 27 synes
381 399 56 30 det
460 398 180 36 tveksamt,
663 407 58 21 om
744 398 56 30 för
824 399 113 30 denna
959 399 220 30 verksamhet
1204 399 62 30 bör
1289 400 164 31 anställas
1476 399 196 37 ytterligare
1695 399 68 32 fast

258 449 161 36 personal
449 449 62 30 hos
540 449 413 36 egnahemsnämnderna.
984 449 115 36 Enligt
1127 449 77 31 mitt
1231 449 229 31 förmenande
1489 459 103 28 synas
1624 451 138 30 övervä-

256 499 113 36 gande
395 499 75 30 skäl
494 499 69 31 tala
587 498 57 32 för
667 502 50 27 att
742 498 56 32 för
822 498 267 38 ifrågavarande
1113 500 371 30 kontrollverksamhet
1509 500 107 32 anlita
1645 499 119 32 därför

259 550 160 35 lämpade
437 558 163 28 personer
620 549 21 31 å
660 550 43 30 de
721 549 92 32 olika
832 549 317 38 byggnadsorterna
1168 553 83 27 utan
1272 553 49 28 att
1341 551 109 37 knyta
1468 551 78 32 dem
1565 550 129 32 fastare
1714 550 49 31 till

259 599 475 37 egnahemsorganisationen.
763 600 14 29 I
807 600 109 31 likhet
945 600 79 30 med
1052 600 407 37 riksräkenskapsverket
1486 610 101 22 anser
1616 601 68 37 jag,
1714 603 49 28 att

257 650 228 31 förevarande
504 650 120 36 anslag
643 650 68 30 tills
732 650 118 31 vidare
871 651 64 30 bör
954 650 169 37 uppföras
1144 660 73 21 som
1238 654 46 27 ett
1306 651 204 30 obetecknat
1533 652 121 37 anslag
1674 655 88 27 samt

257 703 49 27 att
328 701 316 31 taxeinkomsterna
668 704 95 33 tagas
785 701 51 30 till
858 701 161 36 uppbörd
1040 700 47 38 på
1112 702 181 35 anslaget.»

301 800 170 31 Utskottet
496 801 153 31 ansluter
675 801 50 36 sig
753 800 50 31 till
829 801 66 30 vad
922 801 388 36 departementschefen
1337 801 121 31 anfört
1486 811 58 21 om
1570 802 191 36 uttagande

255 860 43 21 av
320 850 139 31 särskilt
480 851 128 31 arvode
629 850 11 31 i
666 851 67 30 den
757 849 84 33 mån
862 851 460 37 byggnadskontrollerande
1344 852 220 31 verksamhet
1587 852 47 37 på
1658 853 102 36 bygg-

255 901 217 36 nadsplatser
490 902 122 30 utövas
635 908 123 30 genom
780 901 356 37 egnahemsorganens
1156 902 144 37 försorg.
1323 902 123 38 Kungl.
1468 901 118 38 Maj:ts
1610 903 149 36 anslags-

255 951 154 31 äskande
425 952 65 30 har
505 950 77 32 icke
598 951 163 32 föranlett
779 951 115 37 någon
914 952 138 31 erinran
1070 951 80 32 från
1169 953 181 32 utskottets
1371 952 84 33 sida.
1475 952 173 32 Utskottet
1665 953 94 31 hem-

254 1002 116 30 ställer
394 1001 109 37 alltså,

606 1071 50 28 att
684 1069 185 36 riksdagen
898 1068 58 31 må
984 1068 51 31 till
1066 1068 368 39 Egnahemsbildning:
1464 1070 295 37 Egnahemsorga-

561 1126 86 24 nens
670 1118 328 38 byggnadskontroll
1020 1118 56 31 för
1099 1119 200 37 budgetåret
1326 1116 142 35 1945/46
1490 1120 121 31 anvisa
1633 1123 46 28 ett
1699 1130 59 21 an-

561 1169 72 37 slag
657 1178 44 22 av
727 1169 136 31 130000
888 1170 138 30 kronor.

298 1301 111 40 139:0)
435 1301 374 38 Egnahemsbildning:
835 1302 129 38 Bidrag
990 1302 53 32 till
1068 1303 414 32 Lantbruksförbundets
1506 1304 252 37 byggnadsför-

251 1352 115 37 ening.
391 1352 255 38 Tillstyrkande
666 1353 100 30 bifall
787 1354 51 30 till
862 1353 123 37 Kungl.
1008 1353 119 38 Maj:ts
1149 1354 257 38 framställning
1427 1356 111 31 under
1559 1356 114 36 punkt
1697 1356 62 30 139

251 1421 45 3 —
324 1404 236 32 innebärande
587 1404 321 37 anslagsanvisning
939 1404 55 31 för
1023 1404 197 31 ändamålet
1249 1405 50 30 till
1328 1405 204 32 oförändrat
1560 1406 127 37 belopp
1714 1423 45 4 —

251 1454 199 31 hemställer
470 1455 175 34 utskottet,

603 1532 50 28 att
683 1530 186 36 riksdagen
889 1530 58 31 må
970 1530 52 30 till
1043 1530 368 37 Egnahemsbildning:
1433 1532 126 38 Bidrag
1583 1532 51 30 till
1658 1532 100 30 Lant-

561 1579 313 38 bruksförbundets
918 1580 336 38 byggnadsförening
1295 1581 57 32 för
1380 1581 203 37 budgetåret
1616 1578 143 35 1945/46

560 1630 120 31 anvisa
697 1633 46 28 ett
760 1631 120 37 anslag
898 1641 43 21 av
961 1632 61 29 100
1036 1631 64 31 000
1120 1632 137 31 kronor.

296 1763 110 39 140:0)
433 1763 373 38 Egnahemsbildning:
827 1764 245 37 Ersättningar
1091 1764 36 31 åt
1147 1766 382 38 egnahemsombuden,
1549 1767 208 38 förslagsan-

251 1812 81 37 slag.
359 1814 117 32 Under
497 1815 113 36 punkt
639 1815 62 30 140
727 1815 66 31 har
816 1815 122 36 Kungl.
964 1815 102 36 Maj:t
1092 1815 176 38 föreslagit
1291 1816 184 37 riksdagen
1500 1821 49 27 att
1575 1818 51 30 till
1652 1818 104 31 ända-

250 1863 104 32 målet
373 1863 57 32 för
449 1865 99 30 nästa
569 1864 170 37 budgetår
757 1865 120 32 anvisa
898 1868 45 28 ett
965 1865 269 39 förslagsanslag
1254 1877 42 21 av
1316 1868 42 30 50
1372 1867 63 31 000
1455 1869 139 35 kronor,
1616 1868 140 31 innebä-

250 1915 109 30 rande
373 1923 44 22 en
434 1915 269 38 anslagsökning
718 1917 80 30 med
816 1917 19 30 5
849 1917 64 30 000
929 1917 138 32 kronor.

294 1964 172 31 Utskottet
484 1965 64 31 har
567 1965 11 30 i
598 1966 93 30 detta
712 1966 169 31 samband
903 1966 48 31 till
974 1967 212 38 behandling
1205 1967 152 32 förehaft
1380 1968 56 31 två
1458 1969 95 30 inom
1572 1969 184 37 riksdagen

250 2015 134 37 väckta,
405 2015 51 30 till
475 2016 165 30 utskottet
661 2016 190 31 hänvisade
872 2017 222 36 likalydande
1114 2018 178 37 motioner,
1312 2018 176 38 rämligen
1509 2019 28 30 I:
1552 2021 40 29 87
1614 2030 43 21 av
1677 2020 81 30 herr

251 2063 148 42 Nilsson,
421 2066 96 38 Bror,
538 2076 45 21 m.
607 2065 38 38 fl.
667 2067 64 30 och
755 2066 121 32 II:154
899 2078 43 21 av
963 2068 81 30 herr
1064 2068 194 31 Pettersson
1281 2069 11 31 i
1315 2069 91 31 Dahl
1426 2079 45 23 m.
1494 2070 49 37 fl.,
1565 2071 74 30 vari
1662 2071 93 30 hem-

251 2116 118 35 ställts,
389 2119 48 28 att
457 2116 184 37 riksdagen
658 2116 106 32 måtte
782 2117 120 31 anvisa
922 2121 48 28 ett
989 2118 126 37 belopp
1135 2128 42 21 av
1198 2119 60 30 100
1272 2119 64 30 000
1356 2120 137 36 kronor,
1514 2123 48 28 att
1581 2120 83 37 utgå
1681 2130 75 21 soma

250 2166 189 38 ersättning
461 2165 35 32 åt
521 2167 373 37 egnahemsombuden.

294 2217 14 29 I
325 2216 98 37 fråga
441 2227 56 21 om
514 2218 43 30 de
574 2218 85 38 skäl,
677 2227 74 22 som
768 2218 133 33 anförts
918 2219 50 30 till
985 2219 78 31 stöd
1079 2219 55 31 för
1150 2220 225 37 motionerna,
1395 2221 163 31 hänvisas
1578 2222 51 30 till
1646 2222 108 30 dessa.

297 2309 15 30 I
335 2309 163 33 skrivelse
521 2310 65 30 den
613 2310 40 30 31
679 2311 134 35 augusti
839 2314 89 27 samt
951 2310 12 31 i
986 2320 44 22 en
1056 2312 67 30 den
1148 2312 40 30 27
1216 2313 185 30 november
1430 2314 82 29 1944
1540 2314 213 36 dagtecknad

252 2358 231 36 promemoria
506 2360 65 30 har
594 2360 354 40 egnahemsstyrelsen
971 2361 185 38 hemställt,
1182 2365 49 28 att
1256 2362 55 31 för
1335 2364 97 30 nästa
1459 2363 169 38 budgetår
1651 2364 105 31 måtte

253 2409 137 31 anvisas
416 2412 45 28 ett
486 2411 79 30 med
590 2411 19 30 5
622 2411 65 30 000
714 2412 129 29 kronor
867 2411 50 31 till
943 2412 41 30 50
998 2411 64 32 000
1090 2413 129 29 kronor
1244 2412 132 39 förhöjt
1403 2415 119 36 anslag
1548 2415 56 30 för
1631 2414 123 37 ifråga-

250 2461 151 30 varande
428 2459 173 33 ändamål.
630 2461 199 37 Höjningen
855 2471 44 22 av
923 2462 153 36 anslaget
1104 2464 296 37 sammanhängde
1427 2466 103 36 enligt
1560 2467 67 30 vad
1656 2475 98 28 egna-
