1906 2786
52 1044 127 25 Utskottet.

48 1757 128 26 Utskottet.

234 146 38 31 14
639 155 378 33 Jordbruksutskottets
1041 158 176 31 utlåtande
1239 169 42 21 nr
1307 160 27 30 1.

278 235 91 40 29:o0)
408 237 151 36 Alnarps
590 238 210 37 lantbruks-,
830 239 139 36 mejeri-
999 241 67 30 och
1098 241 338 37 trädgårdsinstitut:
1468 241 273 47 Omkostnader,

232 288 278 38 förslagsanslag.
532 289 116 31 Under
667 291 111 35 punkt
799 291 41 30 29
863 292 65 29 har
948 292 122 36 Kungl.
1092 292 101 38 Maj:t
1213 294 175 37 föreslagit
1408 295 184 37 riksdagen
1613 301 49 28 att
1681 298 56 30 för

232 338 202 37 budgetåret
453 334 137 42 1945/46
609 340 56 30 för
683 340 197 32 ändamålet
897 342 118 31 anvisa
1032 346 46 28 ett
1096 344 267 37 förslagsanslag
1378 355 43 21 av
1439 346 62 29 156
1514 347 64 30 900
1596 348 139 35 kronor,

232 389 104 30 vilket
357 389 126 37 belopp
506 391 78 30 med
605 391 42 30 30
661 391 66 30 300
746 392 129 31 kronor
896 393 185 37 överstiger
1099 395 243 31 motsvarande
1363 395 183 38 anvisning
1565 397 56 31 för
1641 398 94 30 inne-

232 440 152 30 varande
400 440 175 36 budgetår.
593 435 27 35 Å
635 451 66 21 ena
717 441 98 31 sidan
831 443 45 30 ha
895 442 156 37 följande
1067 444 237 37 utgiftsposter
1318 447 226 36 uppräknats,
1560 448 175 36 nämligen

231 493 122 32 posten
378 490 117 37 Övriga
519 500 166 27 expenser
707 493 78 29 med
812 493 36 29 17
864 493 64 30 000
952 494 130 30 kronor
1103 511 45 4 —
1173 504 103 22 varav
1304 496 38 29 12
1357 497 66 29 000
1445 498 130 30 kronor
1597 498 55 31 för
1674 508 60 21 an-

231 540 187 31 skaffande
433 550 44 21 av
493 541 132 31 möbler
641 542 51 30 till
711 543 40 29 24
769 543 152 31 elevrum
938 561 45 4 —
999 544 51 31 till
1066 545 40 29 57
1122 545 65 30 000
1203 547 138 36 kronor,
1359 551 123 32 posten
1500 549 233 36 utställnings-

231 591 164 36 materiel,
420 591 247 38 fotografering
685 602 47 21 m.
755 602 45 22 m.
823 594 80 30 med
927 594 63 30 500
1012 595 129 31 kronor
1162 596 51 31 till
1238 597 96 30 1500
1357 598 139 37 kronor,
1520 602 123 33 posten
1665 599 69 31 för-

230 640 338 37 brukningsartiklar
583 643 66 30 och
664 643 298 38 gödslingsmedel,
980 647 168 29 avseende
1163 646 358 39 trädgårdsförsöken,
1538 650 80 30 med
1636 650 19 29 6
1670 650 66 30 000

229 691 131 30 kronor
381 691 51 31 till
454 692 42 30 20
508 693 63 29 000
591 693 130 30 kronor
741 698 89 27 samt
852 698 123 32 posten
996 696 212 36 dagsverken
1229 707 44 20 m.
1296 707 45 21 m.
1364 699 79 30 med
1467 700 40 29 10
1519 700 65 29 000
1604 701 131 29 kronor

229 740 51 31 till
307 742 41 29 70
362 742 66 30 000
452 743 136 30 kronor.
616 743 125 31 Vidare
765 744 64 31 har
852 744 51 31 till
929 744 273 34 driftkostnader
1224 748 57 30 vid
1306 758 44 21 en
1372 749 361 36 ladugårdsförmans-

229 792 83 30 kurs
334 792 177 37 upptagits
534 796 46 28 ett
603 793 125 37 belopp
751 804 41 21 av
814 796 19 28 2
846 796 66 29 800
933 797 137 30 kronor.
1094 791 27 36 Å
1144 798 108 31 andra
1274 798 99 31 sidan
1394 800 66 30 har
1480 804 121 32 posten
1624 810 108 28 nyan-

229 842 162 37 läggning
410 852 44 21 av
475 843 117 31 försök
613 845 80 30 med
712 845 242 32 körsbärsträd
974 847 57 30 vid
1052 846 122 33 Rånna
1194 849 222 36 försöksgård
1437 851 196 31 reducerats
1653 851 79 31 med

228 892 64 30 500
310 893 132 30 kronor
460 893 50 31 till
533 894 94 30 1000
645 895 138 31 kronor.
804 895 325 37 Uppbördsmedlen
1148 899 110 30 under
1277 901 154 35 anslaget
1450 901 45 30 ha
1514 902 218 35 uppräknats

228 943 78 30 med
332 943 20 30 5
366 944 66 29 500
456 944 136 31 kronor.

271 1042 51 32 Då
341 1043 124 37 Kungl.
484 1043 117 38 Maj:ts
619 1046 256 37 framställning
889 1047 78 31 icke
984 1048 164 31 föranlett
1163 1048 115 38 någon
1294 1050 139 31 erinran
1450 1051 78 31 från
1547 1053 184 30 utskottets

228 1093 83 37 sida,
342 1094 201 31 hemställer
569 1096 175 36 utskottet,

579 1174 49 27 att
647 1171 184 37 riksdagen
851 1172 58 31 må
931 1173 52 31 till
1003 1174 147 37 Alnarps
1170 1175 206 39 lantbruks-,
1396 1178 135 36 mejeri-
1552 1179 65 30 och
1638 1179 93 30 träd-

534 1221 252 37 gårdsinstitut:
810 1222 253 33 Omkostnader
1084 1225 55 30 för
1161 1225 200 37 budgetåret
1384 1222 139 43 1945/46
1543 1228 122 32 anvisa
1683 1232 46 28 ett

534 1271 268 39 förslagsanslag
817 1282 42 21 av
878 1273 62 31 156
954 1274 65 30 900
1033 1275 138 31 kronor.

266 1401 91 41 30:0)
386 1403 151 37 Alnarps
560 1405 213 38 lantbruks-,
796 1406 139 37 mejeri-
962 1408 67 29 och
1054 1407 336 38 trädgårdsinstitut:
1417 1411 159 32 Materiel
1600 1422 47 22 m.
1673 1409 60 46 m.,

224 1456 358 37 reservationsanslag.
614 1456 117 32 Under
759 1459 110 35 punkt
898 1459 43 30 30
968 1459 65 31 har
1060 1459 123 37 Kungl.
1213 1460 100 38 Maj:t
1340 1461 177 38 föreslagit
1544 1463 185 37 riksdagen

223 1508 49 28 att
298 1505 56 31 för
382 1505 201 37 budgetåret
615 1502 139 43 1945/46
781 1508 55 30 för
863 1508 199 33 ändamålet
1088 1510 119 31 anvisa
1234 1515 46 27 ett
1306 1513 351 39 reservationsanslag
1685 1524 42 21 av

224 1555 39 30 15
277 1555 64 30 000
365 1556 140 36 kronor,
530 1556 105 31 vilket
661 1557 124 38 belopp
810 1559 80 30 med
915 1559 19 30 5
949 1560 64 29 000
1037 1561 131 30 kronor
1190 1561 186 37 överstiger
1399 1565 245 30 motsvarande
1667 1574 59 21 an-

221 1605 137 37 visning
384 1606 58 31 för
467 1606 234 33 innevarande
726 1608 176 37 budgetår.
932 1609 198 38 Höjningen
1156 1620 99 22 avser
1281 1616 49 27 att
1357 1612 127 32 bereda
1512 1614 215 32 förbättrade

221 1656 219 37 möjligheter
462 1657 54 30 för
535 1657 170 32 institutet
724 1662 50 28 att
792 1660 164 31 anskaffa
976 1661 429 38 undervisningsmateriel.

265 1756 256 37 Tillstyrkande
545 1757 100 32 bifall
671 1758 51 31 till
749 1759 121 37 Kungl.
899 1759 117 38 Maj:ts
1043 1761 256 39 framställning
1324 1764 200 32 hemställer
1547 1767 177 35 utskottet,

573 1837 49 27 att
644 1833 184 37 riksdagen
847 1834 58 32 må
926 1835 50 31 till
998 1836 145 38 Alnarps
1164 1839 207 39 lantbruks-,
1391 1841 134 36 mejeri-
1546 1842 65 30 och
1632 1843 92 30 träd-

529 1883 253 37 gårdsinstitut:
806 1885 159 32 Materiel
986 1897 44 21 m.
1058 1897 44 21 m.
1130 1888 56 31 för
1211 1888 202 37 budgetåret
1440 1886 139 42 1945/46
1603 1893 120 30 anvisa

529 1937 46 28 ett
598 1936 349 38 reservationsanslag
971 1947 42 21 av
1040 1938 38 30 15
1092 1938 65 30 000
1182 1940 137 30 kronor.

261 2063 91 41 31:0)
385 2066 151 37 Alnarps
563 2068 212 38 lantbruks-,
805 2069 140 37 mejeri-
973 2071 67 30 och
1070 2070 338 38 trädgårdsinstitut:
1438 2075 189 38 Bokinköp
1657 2078 66 31 och

216 2115 248 39 bokbindning
498 2117 56 31 för
589 2118 192 32 institutets
815 2119 183 39 bibliotek,
1034 2123 356 39 reservationsanslag.
1429 2126 14 30 I
1470 2126 148 37 enlighet
1644 2129 79 30 med

217 2167 122 37 Kungl.
360 2167 118 38 Maj:ts
497 2170 256 37 framställning
769 2173 111 29 under
896 2173 114 36 punkt
1027 2173 38 30 31
1085 2191 45 3 —
1147 2174 236 33 innebärande
1399 2173 322 45 anslagsanvisning

216 2218 55 30 för
290 2219 200 31 ändamålet
510 2220 50 31 till
579 2221 203 31 oförändrat
801 2222 126 37 belopp
949 2240 44 4 —
1011 2224 199 31 hemställer
1228 2226 174 36 utskottet,

568 2298 52 27 att
638 2294 184 38 riksdagen
843 2296 59 32 må
923 2297 50 31 till
992 2299 147 37 Alnarps
1160 2299 207 39 lantbruks-,
1388 2303 135 36 mejeri-
1545 2304 66 29 och
1631 2303 91 30 träd-

524 2346 253 37 gårdsinstitut:
791 2348 185 38 Bokinköp
993 2350 63 30 och
1074 2350 238 39 bokbindning
1326 2353 56 37 för
1398 2354 184 31 institutets
1599 2355 120 30 biblio-

525 2397 56 30 tek
607 2397 56 31 för
687 2397 201 37 budgetåret
916 2394 140 36 1945/46
1082 2400 120 32 anvisa
1228 2405 46 28 ett
1301 2405 349 37 reservationsanslag
1677 2414 41 21 av

525 2447 19 29 4
559 2447 64 30 000
650 2448 138 30 kronor.
