1964 2796
172 1081 127 25 Utskottet.

343 162 39 32 48
750 169 378 31 Jordbruksutskottets
1153 169 176 31 utlåtande
1352 179 40 21 nr
1419 171 27 29 1.

392 251 88 40 78:0)
507 252 161 31 Kontroll
696 250 10 32 å
727 252 259 36 uppvärmning
1003 261 42 21 av
1065 252 114 36 mjölk
1197 254 67 28 och
1282 254 130 35 grädde
1430 263 45 21 m.
1495 263 58 28 m.,
1572 254 278 40 förslagsanslag.

348 304 78 30 Med
450 304 240 36 tillstyrkande
714 313 41 21 av
778 303 99 31 bifall
899 304 52 30 till
977 304 121 36 Kungl.
1125 303 117 37 Maj:ts
1265 305 111 30 under
1398 305 111 36 punkt
1532 306 41 29 78
1597 305 123 37 gjorda
1744 307 105 30 fram-

346 355 163 36 ställning
530 372 43 3 —
595 354 236 30 innebärande
854 355 322 36 anslagsanvisning
1200 355 55 30 för
1276 355 196 31 ändamålet
1494 355 51 31 till
1568 357 203 32 oförändrat
1792 359 56 29 be-

346 404 81 36 lopp
449 422 44 3 —
511 405 198 29 hemställer
729 405 173 35 utskottet,

699 475 49 28 att
775 473 184 36 riksdagen
987 472 56 31 må
1071 472 52 31 till
1149 473 157 30 Kontroll
1346 473 9 30 å
1386 475 254 36 uppvärmning
1668 484 40 21 av
1738 476 110 36 mjölk

655 523 65 30 och
740 523 129 36 grädde
889 533 44 20 m.
955 533 44 20 m.
1021 524 56 29 för
1096 523 201 36 budgetåret
1322 519 138 42 1945/46
1480 524 119 31 anvisa
1620 529 47 27 ett
1687 526 161 37 förslags-

655 574 119 36 anslag
790 583 43 20 av
851 574 42 29 40
907 574 65 29 000
988 575 138 29 kronor.

391 679 89 41 79:0)
504 680 170 38 Lindring
692 682 11 30 i
723 681 138 31 mindre
879 683 224 30 bemedlades
1122 683 191 30 kostnader
1331 683 56 30 för
1407 683 265 38 diursjukvård,
1690 685 161 37 förslags-

345 733 128 36 anslag.
494 733 115 30 Under
628 734 113 35 punkt
763 734 39 29 79
821 734 64 30 har
905 733 122 37 Kungl.
1049 733 100 37 Maj:t
1168 734 175 36 föreslagit
1362 733 184 38 riksdagen
1565 738 49 27 att
1632 735 56 31 för
1706 735 141 36 budget-

345 782 72 32 året
443 778 138 35 1945/46
604 784 51 30 till
678 783 196 32 ändamålet
897 784 118 31 anvisa
1040 787 47 28 ett
1110 784 267 37 förslagsanslag
1398 795 42 20 av
1463 785 64 30 230
1540 786 63 29 000
1626 787 138 35 kronor,
1788 786 60 30 vil-

344 834 57 30 ket
424 834 123 36 belopp
569 835 80 30 med
671 835 43 29 80
726 835 63 29 000
811 836 130 29 kronor
961 836 185 36 överstiger
1165 836 243 30 motsvarande
1431 835 183 38 anvisning
1633 837 56 30 för
1708 837 140 30 inneva-

345 885 108 30 rande
478 884 176 37 budgetår.
683 880 182 42 Ökningen
889 886 293 36 sammanhänger
1209 887 70 30 dels
1305 887 80 30 med
1411 886 302 38 medelsåtgången
1738 888 111 30 under

344 934 201 37 budgetåret
570 930 138 42 1943/44
733 936 70 30 dels
827 937 65 29 ock
915 937 80 30 med
1017 937 189 36 ändringar
1229 938 10 29 i
1262 937 197 36 grunderna
1482 938 55 30 för
1558 939 225 30 utlämnande
1805 949 43 21 av

345 985 207 37 statsbidrag
569 987 52 29 till
641 986 206 31 ändamålet.

389 1078 208 31 Biträdande
620 1079 122 36 Kungl.
767 1078 117 37 Maj:ts
904 1080 255 37 framställning
1180 1081 199 30 hemställer
1397 1082 174 35 utskottet,

699 1150 49 27 att
763 1146 186 37 riksdagen
964 1147 57 31 må
1040 1148 52 29 till
1109 1148 166 37 Lindring
1293 1150 11 29 i
1320 1148 134 31 mindre
1473 1148 218 32 bemedlades
1709 1150 139 30 kostna-

655 1198 60 29 der
738 1198 55 37 för
818 1198 250 37 djursjukvård
1093 1198 56 31 för
1172 1198 201 37 budgetåret
1400 1194 138 42 1945/46
1563 1199 119 31 anvisa
1706 1203 47 27 ett
1779 1201 69 37 för-

654 1248 210 37 slagsanslag
885 1257 41 21 av
949 1248 62 30 230
1025 1249 65 29 000
1110 1250 138 29 kronor.

690 1435 49 41 G.
794 1436 393 52 Lanthushållning
1215 1439 14 37 i
1258 1438 251 40 allmänhet.

388 1541 90 40 80:0)
507 1542 129 37 Bidrag
662 1543 52 30 till
740 1542 459 40 hushållningssällskapen,
1225 1545 275 38 förslagsanslag.
1530 1547 115 30 Under
1671 1548 113 36 punkt
1809 1547 42 31 80

347 1592 65 31 har
438 1593 122 36 Kungl.
588 1592 103 37 Maj:t
714 1594 175 36 föreslagit
911 1594 187 37 riksdagen
1121 1598 49 28 att
1195 1596 54 30 för
1273 1595 201 37 budgetåret
1501 1591 139 42 1945/46
1668 1598 51 29 till
1744 1598 105 29 ända-

348 1642 105 31 målet
475 1643 118 31 anvisa
617 1647 47 26 ett
688 1645 268 36 förslagsanslag
978 1655 41 20 av
1042 1645 19 29 4
1079 1646 58 29 191
1153 1646 64 29 800
1240 1646 137 36 kronor,
1402 1646 104 31 vilket
1527 1648 11 29 i
1561 1646 219 34 förhållande
1801 1647 49 30 till

346 1694 357 37 medelsanvisningen
725 1695 53 31 för
796 1696 236 31 innevarande
1048 1696 170 36 budgetår
1237 1697 143 31 innebär
1401 1707 41 20 en
1462 1698 131 36 ökning
1610 1698 78 30 med
1709 1698 62 30 502
1786 1698 64 30 400

347 1744 139 31 kronor.

391 1795 170 31 Utskottet
580 1796 64 30 har
664 1798 10 29 i
695 1796 92 30 detta
805 1798 171 29 samband
997 1797 49 30 till
1066 1797 213 38 behandling
1299 1798 151 30 förehaft
1471 1797 155 37 följande
1647 1798 93 31 inom
1763 1798 86 31 riks-

347 1846 112 37 dagen
476 1847 133 36 väckta,
630 1846 51 30 till
698 1848 165 30 utskottet
883 1847 189 31 hänvisade
1092 1848 179 36 motioner,
1291 1849 173 36 nämligen

394 1895 28 40 1)
454 1897 27 30 I:
511 1898 60 29 199
594 1906 43 21 av
660 1897 79 30 herr
761 1897 149 38 Nilsson,
933 1898 96 37 Bror,
1053 1908 45 20 m.
1122 1898 49 38 fl.,
1198 1899 220 36 likalydande
1443 1900 78 30 med
1545 1900 45 29 11:
1616 1900 62 30 342
1704 1909 42 21 av
1770 1900 80 30 herr

347 1946 178 38 Sandberg
544 1957 44 21 m.
610 1946 49 39 fl.,
681 1948 72 30 vari
774 1948 201 36 hemställts,
998 1951 49 28 att
1070 1949 184 36 riksdagen
1276 1959 75 20 som
1373 1950 125 31 villkor
1518 1950 55 30 för
1595 1949 254 37 hushållnings-

345 1997 198 37 sällskapen
568 2000 49 28 att
639 1997 131 31 erhålla
792 1997 134 38 förhöjt
949 2000 119 36 anslag
1092 2000 50 29 till
1167 1999 67 31 den
1256 2000 176 31 allmänna
1456 2001 262 29 verksamheten
1744 1999 105 32 måtte

346 2048 201 36 föreskriva,
566 2051 49 28 att
632 2049 195 37 sällskapen
845 2050 105 36 enligt
972 2050 123 36 Kungl.
1114 2049 119 37 Maj:ts
1251 2051 259 30 bestämmande
1529 2051 162 30 använda
1708 2051 67 30 viss
1794 2051 55 30 del

346 2107 44 21 av
420 2100 153 35 anslaget
605 2099 52 30 till
690 2099 210 37 provisorisk
937 2100 289 37 löneförbättring
1246 2101 53 30 för
1323 2100 41 31 de
1386 2101 218 30 ekonomiskt
1624 2104 65 27 sett
1713 2104 136 33 svagast

346 2150 125 30 ställda
493 2150 368 36 befattningshavarna
884 2151 95 30 inom
1001 2150 452 37 hushållningssällskapen;

391 2199 31 40 2)
453 2201 44 30 II:
520 2201 62 30 429
604 2210 42 20 av
669 2201 79 30 herr
768 2200 163 31 Hedlund
952 2202 12 29 i
985 2200 143 37 Rådom,
1151 2202 73 30 vari
1246 2201 199 36 hemställts,
1469 2205 49 27 att
1537 2201 185 37 riksdagen
1743 2201 106 31 måtte

346 2250 97 31 anslå
465 2251 208 38 statsbidrag
691 2251 51 30 till
759 2252 197 36 ytterligare
973 2252 105 30 minst
1099 2251 56 31 två
1175 2251 314 37 vandringsrättare
1513 2252 9 30 i
1543 2252 306 30 Västernorrlands

346 2302 58 30 län
421 2303 74 34 och,
512 2312 57 20 om
586 2302 92 30 detta
694 2302 156 37 yrkande
865 2302 31 37 ej
914 2303 122 29 vinner
1051 2302 201 36 riksdagens
1271 2302 108 35 bifall,
1397 2306 48 26 att
1461 2302 184 36 riksdagen
1662 2301 105 31 måtte
1785 2302 63 29 hos

346 2352 123 36 Kungl.
491 2351 100 38 Maj:t
609 2351 152 38 anhålla,
785 2355 48 28 att
855 2351 122 37 frågan
1000 2361 57 21 om
1078 2353 58 29 det
1156 2354 93 29 antal
1271 2352 323 37 vandringsrättare,
1622 2362 74 21 som
1717 2352 130 30 erford-

346 2412 55 21 ras
422 2403 11 30 i
452 2403 153 30 nämnda
625 2404 68 34 län,
715 2406 166 33 upptages
906 2402 50 31 till
977 2403 151 36 förnyad
1149 2403 178 36 prövning.

391 2454 159 30 Rörande
571 2454 42 30 de
635 2454 85 35 skäl,
744 2463 74 21 som
841 2453 133 30 anförts
997 2453 49 30 till
1070 2453 76 30 stöd
1169 2453 54 30 för
1248 2452 225 37 motionerna,
1498 2452 54 32 får
1574 2454 166 29 utskottet
1762 2453 85 30 hän-

345 2504 73 31 visa
440 2504 51 31 till
509 2505 110 30 dessa.
