1912 2802
267 160 17 29 4
587 163 117 31 Andra
726 163 236 36 lagutskottets
985 162 176 31 utlåtande
1182 172 41 20 nr
1247 163 54 35 47;
1324 162 140 36 bilagor.

1552 303 119 37 Bilaga
1696 304 36 30 A.

705 489 65 31 Till
790 489 201 37 riksdagens
1013 489 111 31 andra
1145 488 196 37 lagutskott.

317 573 113 31 Sedan
457 573 121 36 Kungl.
606 571 102 37 Maj:t
733 573 167 30 anbefallt
927 575 126 29 statens
1081 571 537 32 arbetsmarknadskommission
1647 573 48 28 att
1721 580 56 21 av-

272 616 77 36 giva
371 616 159 36 yttrande
552 617 80 28 över
654 616 216 30 motionerna
894 624 40 21 nr
959 616 60 29 129
1042 615 11 29 i
1075 615 202 35 riksdagens
1300 614 109 30 första
1431 614 181 30 kammare
1635 624 42 20 av
1699 614 79 29 herr

273 657 192 37 Siljeström
487 659 65 29 och
574 667 41 21 nr
638 658 64 30 203
725 657 10 30 i
757 658 109 29 andra
888 658 204 29 kammaren
1116 667 42 20 av
1180 657 124 30 fröken
1326 656 197 30 Andersson
1547 665 44 21 m.
1616 656 47 34 fl.,
1687 655 91 31 båda

273 701 168 30 avseende
464 700 183 36 utredning
670 709 58 20 om
752 699 107 31 sådan
882 699 145 37 ändring
1051 700 10 29 i
1086 700 99 35 lagen
1209 708 57 21 om
1290 698 225 37 tjänsteplikt,
1541 701 49 27 att
1613 697 182 37 tjänstgö-"'

272 744 76 35 ring
375 743 95 30 inom
497 741 170 31 särskilda
692 742 149 30 militära
869 740 291 38 arbetsområden,
1189 741 242 30 företrädesvis
1459 740 318 36 luftbevakningen,

273 785 87 31 skall
384 785 120 30 kunna
526 783 138 37 åläggas
688 785 75 29 icke
785 783 362 38 krigstjänstskyldiga
1170 784 234 35 medborgare,
1430 782 53 31 får
1506 782 273 31 kommissionen

273 828 125 30 anföra
420 827 164 37 följande.

318 870 278 30 Kommissionen
623 869 59 30 vill
708 869 50 30 till
784 878 43 20 en
853 867 124 37 början
1003 867 105 38 något
1133 868 118 36 belysa
1276 868 66 30 den
1369 877 43 21 av
1438 867 259 30 motionärerna
1723 867 55 29 be-

273 913 105 30 rörda
403 911 131 37 frågan,
561 913 11 29 i
597 912 67 30 vad
690 911 81 30 mån
797 913 159 34 personal
982 911 70 30 kan
1079 911 79 30 med
1184 911 75 31 stöd
1285 920 42 20 av
1354 909 336 37 tjänstepliktslagen
1713 910 65 29 till-

274 955 95 31 föras
395 955 245 35 krigsmakten.
669 954 13 29 I
710 955 18 28 2
756 953 18 37 8
802 953 335 37 tjänstepliktslagen
1163 953 146 35 stadgas,
1339 955 49 27 att
1414 952 237 30 förordnande
1676 951 104 36 enligt

274 998 100 35 lagen
396 997 31 37 ej
451 996 53 31 får
527 1006 79 21 avse
628 995 220 37 vapentjänst
870 995 57 30 vid
949 995 246 36 krigsmakten.
1219 995 14 29 I
1256 995 221 29 förarbetena
1499 993 51 30 till
1571 995 100 35 lagen
1695 993 84 30 defi-

275 1039 113 32 nieras
417 1039 30 37 ej
476 1040 185 35 begreppet
692 1038 269 36 »vapentjänst».
991 1037 57 30 Dit
1076 1036 110 31 måste
1213 1038 11 29 i
1250 1037 109 30 första
1387 1037 95 29 hand
1511 1037 128 29 räknas
1668 1036 112 30 direkt

274 1083 65 29 och
361 1081 149 30 indirekt
530 1081 210 36 betjänande
762 1090 41 20 av
824 1089 120 27 vapen,
965 1089 79 20 men
1066 1078 171 37 därjämte
1256 1078 97 37 varje
1376 1077 235 38 tjänstgöring,
1634 1078 11 30 i
1665 1079 115 29 vilken

275 1125 56 30 det
355 1123 98 37 ingår
478 1123 195 37 skyldighet
697 1125 48 27 att
769 1123 85 29 bära
879 1123 66 29 och
970 1121 57 31 vid
1051 1122 113 30 behov
1189 1122 112 29 bruka
1326 1130 121 27 vapen.
1474 1121 218 35 Undantaget
1716 1121 64 29 har

274 1166 141 36 givetvis
436 1166 197 30 motiverats
654 1166 116 34 därav,
792 1167 49 27 att
862 1163 433 38 personalanskaffningen
1317 1164 55 29 för
1392 1164 99 29 dessa
1512 1162 176 37 uppgifter
1708 1169 72 30 reg-

275 1209 88 30 leras
388 1218 42 21 av
455 1206 487 37 värnpliktsförfattningarna
967 1207 65 29 och
1057 1207 88 29 även
1170 1208 128 28 ansetts
1322 1206 86 29 böra
1433 1205 219 30 uteslutande
1676 1205 104 36 regle-

274 1260 55 21 ras
350 1261 43 20 av
413 1251 88 30 dem.
524 1250 67 29 För
612 1250 68 30 alla
701 1249 109 30 andra
831 1248 261 30 arbetsinsatser
1114 1248 50 30 till
1184 1248 187 30 försvarets
1392 1246 199 37 främjande
1612 1248 70 29 kan
1704 1248 76 29 där-

275 1296 91 27 emot
392 1291 215 37 tjänsteplikt
632 1291 188 36 användas,
849 1289 113 31 såsom
989 1290 54 30 för
1069 1290 220 37 produktion,
1317 1292 175 34 transport
1516 1290 67 29 och
1610 1289 170 36 färdigbe-

275 1335 146 36 redning
452 1344 42 21 av
524 1334 268 30 förnödenheter
823 1342 43 21 av
897 1333 68 30 alla
996 1333 81 36 slag,
1110 1335 117 34 etapp-
1259 1332 66 30 och
1356 1331 256 37 förrådstjänst,
1644 1331 136 37 expedi-

274 1378 218 35 tionsarbete,
514 1375 239 36 vakthållning
774 1378 97 27 utom
892 1373 304 38 krigsskådeplats,
1219 1373 176 38 sjukvård,
1419 1374 216 35 köksarbete,
1654 1374 127 29 »hand-

275 1419 186 37 räckning»>
487 1429 29 20 o.
541 1429 25 20 s.
589 1429 41 26 v.,
653 1419 60 29 allt
734 1418 109 30 under
866 1418 65 30 den
954 1417 238 37 nyssnämnda
1214 1416 301 37 förutsättningen,
1539 1418 49 28 att
1611 1416 11 30 i
1643 1416 137 36 uppgif-

276 1465 56 27 ten
354 1463 76 30 icke
452 1460 96 37 ingår
570 1460 194 38 skyldighet
785 1463 49 27 att
855 1460 85 30 bära
961 1460 65 29 och
1047 1460 114 29 bruka
1183 1468 120 27 vapen.

321 1505 65 30 Det
411 1506 39 29 är
475 1503 130 31 således
632 1506 48 27 att
707 1503 132 35 märka,
867 1504 48 28 att
940 1500 217 38 tjänsteplikt
1182 1502 138 35 mycket
1345 1502 57 29 väl
1427 1501 70 30 kan
1522 1510 81 21 avse
1628 1501 116 30 arbete
1771 1500 11 30 i

276 1547 254 36 krigsmaktens
557 1546 117 36 tjänst.
703 1545 56 30 Ett
785 1544 143 30 militärt
953 1544 162 35 förband,
1144 1553 41 20 en
1212 1543 128 30 militär
1367 1543 162 30 verkstad
1555 1543 82 30 eller
1663 1543 117 30 inrätt-

277 1590 82 35 ning
389 1591 70 28 kan
488 1588 138 37 mycket
655 1589 55 29 väl
740 1596 82 21 vara
853 1586 426 37 tjänstepliktsberättigad
1309 1585 241 37 arbetsgivare.
1583 1584 199 31 Emellertid

275 1631 110 31 måste
412 1631 178 36 därvidlag
617 1631 99 35 göras
744 1629 194 37 ytterligare
964 1638 44 21 en
1034 1628 220 30 reservation.
1283 1627 64 31 Det
1374 1627 208 31 föreskrives
1609 1627 76 30 icke
1712 1627 69 30 for-

275 1674 96 30 mellt
395 1673 10 30 i
429 1672 333 37 tjänstepliktslagen
787 1681 79 21 men
891 1670 153 37 framgår
1069 1681 43 20 av
1137 1671 78 29 hela
1239 1670 76 32 dess
1340 1669 244 38 uppläggning,
1611 1672 49 28 att
1683 1670 99 36 lagen

276 1716 45 36 på
348 1717 67 29 den
442 1714 270 38 tjänstepliktige
738 1715 114 35 lägger
880 1715 10 28 i
917 1713 184 31 huvudsak
1131 1713 120 30 endast
1278 1712 131 31 sådana
1437 1712 241 37 förpliktelser,
1707 1721 75 21 som

275 1758 234 36 regelmässigt
531 1757 91 31 åvila
644 1767 43 20 en
711 1757 231 35 arbetstagare
964 1755 11 30 i
1000 1758 46 27 ett
1069 1755 130 36 vanligt
1222 1754 92 31 civilt
1335 1753 358 38 tjänsteförhållande.
1719 1754 64 29 Det

277 1801 123 30 strider
425 1801 119 29 därför
568 1802 73 27 mot
666 1799 115 36 lagens
807 1799 91 29 anda
922 1799 66 29 och
1012 1798 55 31 idé
1091 1800 51 27 att
1166 1800 79 29 med
1268 1796 220 37 tillämpning
1512 1806 43 21 av
1579 1797 204 29 densamma

277 1844 212 29 underkasta
519 1842 207 36 personalen
756 1840 103 37 något
889 1839 103 37 tvång
1022 1841 195 35 därutöver,
1249 1838 114 32 såsom
1395 1839 195 37 skyldighet
1620 1841 49 28 att
1698 1839 85 30 bära

276 1885 166 37 uniform,
462 1888 48 27 att
528 1885 154 35 iakttaga
702 1883 82 30 visst
803 1882 142 30 militärt
965 1882 107 36 skick,
1092 1885 50 27 att
1161 1883 85 29 även
1265 1884 96 27 utom
1381 1882 66 29 den
1466 1880 168 37 egentliga
1655 1881 127 30 arbets-

278 1928 94 30 tiden
395 1927 51 31 stå
468 1927 109 30 under
599 1926 95 30 befäl
717 1935 29 21 o.
771 1935 25 20 s.
820 1936 30 19 v.
875 1925 153 30 Härmed
1049 1924 301 35 sammanhänger,
1375 1926 49 27 att
1447 1933 41 21 en
1512 1932 125 28 person
1660 1923 10 30 i
1693 1924 90 35 regel

277 1970 75 31 icke
374 1978 123 28 genom
520 1972 49 28 att
590 1971 136 34 uttagas
748 1967 50 30 till
820 1966 215 37 tjänsteplikt
1056 1967 89 30 skall
1166 1967 120 29 kunna
1307 1966 117 30 ställas
1446 1966 111 30 under
1579 1965 204 37 strafflagen

278 2013 54 30 för
355 2013 246 35 krigsmakten.

324 2054 277 31 Kommissionen
631 2054 65 29 har
726 2053 89 29 velat
844 2053 160 29 närmare
1034 2049 187 38 uppehålla
1250 2050 51 36 sig
1329 2050 58 30 vid
1417 2050 114 30 denna
1561 2049 108 37 fråga,
1701 2051 82 29 enär

277 2098 67 29 vad
370 2096 258 31 motionärerna
654 2097 106 34 yttrat
786 2095 121 29 därom
934 2102 99 28 synes
1061 2102 83 21 vara
1172 2092 103 37 något
1301 2092 55 30 för
1384 2092 211 36 kategoriskt
1620 2092 162 36 uttryckt.

277 2139 65 37 Att,
366 2138 114 31 såsom
500 2138 258 30 motionärerna
778 2137 118 34 uttala,
919 2137 81 29 män
1022 2136 81 29 eller
1125 2135 148 30 kvinnor
1295 2135 75 29 icke
1392 2135 120 29 kunna
1533 2135 79 30 med
1634 2135 149 35 tillämp-

279 2183 82 35 ning
391 2192 42 20 av
462 2180 334 37 tjänstepliktslagen
829 2179 135 29 »ställas
994 2179 110 29 under
1135 2177 254 36 krigsmakten»
1424 2178 38 29 är
1492 2176 147 32 sålunda
1667 2176 117 36 riktigt

279 2225 122 30 endast
429 2226 10 29 i
467 2225 66 29 den
561 2232 82 27 nyss
672 2222 149 36 angivna
848 2221 191 35 meningen,
1070 2220 66 30 och
1164 2220 51 30 till
1242 2220 287 30 förekommande
1558 2229 42 20 av
1629 2218 153 31 missför-

279 2266 101 31 stånd
407 2266 96 30 torde
528 2266 86 29 böra
640 2264 160 36 tillfogas,
828 2266 49 27 att
902 2262 210 31 arbetskraft
1137 2263 55 29 väl
1219 2262 69 30 kan
1315 2262 104 36 enligt
1445 2262 115 30 denna
1585 2262 55 36 lag
1667 2261 116 30 ställas

279 2308 49 31 till
353 2308 150 30 militära
527 2307 256 36 myndigheters
808 2306 66 30 och
897 2305 248 30 institutioners
1171 2304 214 36 förfogande.

323 2351 257 30 Motionärerna
606 2350 91 29 hava
725 2349 10 29 i
762 2349 93 29 detta
882 2348 196 29 hänseende
1106 2346 138 31 särskilt
1271 2347 106 34 pekat
1404 2345 45 38 på
1476 2346 308 35 luftbevakningen

279 2402 75 21 som
375 2403 41 21 en
437 2392 145 37 uppgift,
605 2392 55 30 för
681 2391 114 30 vilken
815 2389 218 37 tillämpning
1054 2399 42 20 av
1117 2388 216 37 tjänsteplikt
1353 2389 107 29 borde
1481 2389 142 29 komma
1644 2389 10 29 i
1675 2386 108 37 fråga.

278 2435 72 29 Mot
370 2436 228 35 bakgrunden
619 2444 42 20 av
682 2434 56 29 det
758 2442 80 27 nyss
861 2432 104 36 sagda
986 2432 63 30 bör
1071 2430 44 31 då
1135 2430 124 37 frågas,
1282 2431 173 29 huruvida
1476 2430 229 37 tjänstgöring
1726 2429 58 30 vid

278 2477 308 36 luftbevakningen
611 2477 100 35 utgör
737 2474 219 37 vapentjänst
982 2475 64 29 och
1072 2474 110 30 under
1207 2473 92 30 vilka
1324 2473 293 36 omständigheter
1643 2471 139 37 tjänste-
