1912 2802
93 2294 127 26 Utskottet.

259 181 17 29 2
658 183 119 31 Andra
798 183 238 37 lagutskottets
1061 182 175 31 utlåtande
1258 192 42 21 nr
1325 183 49 30 47.

259 268 184 37 uppgifter,
468 278 74 20 som
564 268 118 31 kunna
704 268 166 36 fullgöras
891 278 43 20 av
954 268 119 30 andra.
1097 267 118 30 Redan
1237 267 56 31 för
1314 266 218 31 närvarande
1552 266 73 35 har,
1650 265 114 31 såsom

259 312 11 29 i
292 311 217 30 motionerna
532 309 210 38 framhålles,
766 311 11 29 i
800 310 67 30 viss
890 309 240 36 utsträckning
1151 310 146 29 behovet
1321 319 42 20 av
1385 309 162 35 personal
1570 308 54 30 för
1647 309 118 35 dylika

258 353 176 37 uppgifter
461 353 96 30 inom
585 352 432 37 försvarsorganisationen
1045 352 94 36 fyllts
1165 351 47 36 på
1238 350 262 37 frivillighetens
1528 351 73 35 väg.
1630 350 133 36 Möjlig-

258 396 142 29 heterna
419 398 50 28 att
486 395 11 29 i
516 395 113 30 denna
645 395 147 36 ordning
810 394 179 36 tillgodose
1006 395 57 29 det
1080 393 212 37 förefintliga
1310 394 146 29 behovet
1475 393 118 30 kunna
1612 393 152 29 emeller-

259 438 49 30 tid
327 438 72 30 visa
419 437 51 37 sig
488 437 76 31 icke
582 446 81 21 vara
682 436 177 37 tillfyllest.
881 436 117 30 Under
1017 435 130 31 sådana
1166 435 243 31 förhållanden
1428 436 65 29 bör
1512 435 103 36 enligt
1633 435 131 30 utskot-

259 483 63 27 tets
345 479 142 37 mening
510 482 94 33 tagas
628 480 112 29 under
763 478 247 37 övervägande,
1035 478 173 30 huruvida
1230 478 76 31 icke
1330 478 9 29 i
1364 487 41 20 en
1429 478 83 29 eller
1534 487 115 20 annan
1672 477 93 29 form

258 522 77 30 icke
357 522 361 36 krigstjänstskyldiga
741 522 84 29 män
845 521 125 30 liksom
994 522 65 28 ock
1083 520 149 30 kvinnor
1253 520 84 30 böra
1361 520 120 30 kunna
1505 518 137 37 åläggas
1665 519 100 30 ställa

260 564 49 36 sig
333 564 50 30 till
407 563 207 37 förfogande
637 563 55 31 för
717 563 228 36 tjänstgöring
968 564 97 29 inom
1088 562 251 31 riksförsvaret.
1365 561 262 37 Omfattningen
1652 571 42 20 av
1719 564 47 27 ett

260 605 122 32 sådant
399 605 191 37 åläggande
605 606 98 30 torde
718 606 86 30 böra
820 606 82 29 bero
920 604 45 38 på
983 605 185 30 försvarets
1185 605 112 30 behov
1314 605 11 29 i
1342 604 201 36 jämförelse
1559 605 79 29 med
1656 604 109 30 andra

258 648 243 30 riksintressen
524 650 65 29 och
610 647 45 37 på
678 649 43 29 de
741 648 181 36 praktiska
944 647 265 37 möjligheterna
1232 650 49 27 att
1303 646 156 31 anordna
1481 646 283 36 tjänstgöringen.

259 690 14 30 I
294 691 89 30 vissa
404 691 194 29 avseenden
620 691 96 30 torde
736 689 123 37 frågan
880 690 140 30 beröras
1042 699 42 20 av
1104 690 108 29 redan
1232 688 177 37 pågående
1429 688 234 37 utredningar.
1687 687 80 30 Med

258 733 138 36 hänsyn
419 733 51 30 till
495 732 139 36 frågans
659 732 74 30 vikt
756 733 11 30 i
791 731 109 36 övrigt
923 731 116 31 finner
1063 732 50 36 sig
1134 732 165 29 utskottet
1321 731 84 30 böra
1429 729 129 32 föreslå
1581 730 185 36 riksdagen

259 777 49 28 att
327 775 10 30 i
358 774 164 31 skrivelse
541 775 50 30 till
611 774 123 36 Kungl.
756 773 101 37 Maj:t
875 774 185 30 hemställa
1079 783 56 21 om
1156 774 189 36 skyndsam
1365 773 185 36 utredning
1570 782 42 21 av
1630 771 134 37 frågan,

260 826 58 21 om
341 817 65 30 och
429 817 10 30 i
462 817 67 30 vad
552 815 81 31 mån
656 815 191 37 åläggande
869 816 55 30 för
946 816 147 30 svenska
1116 816 226 36 medborgare
1362 815 64 30 bör
1449 815 94 36 givas
1569 817 56 33 att,
1652 814 115 30 därest

260 859 196 36 skyldighet
478 862 49 27 att
548 858 150 37 fullgöra
719 858 176 37 värnplikt
916 858 78 30 icke
1014 857 191 37 föreligger,
1228 856 154 38 undergå
1404 857 197 36 utbildning
1623 856 57 31 för
1701 857 65 30 och

260 902 134 36 deltaga
419 902 11 30 i
456 901 280 31 försvarsarbete.

304 968 65 32 Det
392 970 251 29 sammansatta
665 969 182 29 utskottets
872 966 270 37 ifrågavarande
1166 966 133 37 förslag
1322 966 120 30 bifölls
1466 975 43 21 av
1532 966 112 30 första
1668 966 97 30 kam-

260 1028 120 21 maren
402 1028 82 21 men
507 1020 134 35 avslogs
664 1029 44 21 av
731 1019 109 29 andra
863 1019 214 35 kammaren,
1101 1017 12 30 i
1137 1017 90 37 följd
1250 1026 105 22 varav
1377 1016 126 37 frågan
1525 1016 129 31 förföll.

304 1069 66 30 Vid
392 1070 85 29 1942
497 1069 55 31 års
572 1068 139 39 riksdag
730 1072 147 33 upptogs
898 1067 206 38 spörsmålet
1122 1067 91 38 ånyo
1232 1077 125 28 genom
1376 1067 59 31 två
1455 1067 221 37 likalydande
1695 1077 71 20 mo-

261 1119 111 30 tioner
397 1119 39 39 (I:
460 1120 64 29 246
543 1120 64 29 och
625 1120 45 29 II:
689 1118 93 40 325).
801 1119 217 31 Motionerna
1035 1119 214 36 utmynnade
1266 1118 11 30 i
1296 1128 42 20 en
1356 1118 208 30 hemställan
1581 1119 12 29 i
1610 1119 157 29 överens-

261 1170 197 30 stämmelse
486 1171 80 29 med
595 1172 249 28 sammansatta
873 1172 96 27 stats-
1001 1170 65 29 och
1096 1170 109 30 andra
1234 1169 238 36 lagutskottets
1502 1177 81 28 nyss
1614 1168 154 30 nämnda

260 1220 138 37 förslag.

307 1271 13 29 I
339 1270 180 31 utlåtande
544 1270 53 39 (nr
614 1270 29 39 3)
668 1272 81 29 över
767 1270 217 31 motionerna
1004 1270 145 30 anförde
1167 1269 112 37 tredje
1297 1270 170 30 särskilda
1485 1270 177 29 utskottet:

305 1329 53 31 Då
381 1330 186 36 riksdagen
591 1330 69 29 helt
684 1330 139 36 nyligen
847 1329 88 30 varit
957 1329 10 29 i
993 1329 136 30 tillfälle
1153 1332 48 28 att
1225 1332 78 33 taga
1330 1328 214 37 ståndpunkt
1569 1328 50 30 till
1645 1329 55 29 det
1726 1338 42 20 av

259 1372 259 30 motionärerna
539 1371 194 31 framförda
754 1371 417 36 utredningsspörsmålet,
1195 1380 100 22 anser
1315 1372 165 29 utskottet
1501 1371 57 29 det
1570 1371 75 29 icke
1658 1371 109 36 lämp-

260 1414 60 36 ligt
340 1417 49 28 att
410 1413 94 37 ånyo
525 1413 191 37 framlägga
737 1414 169 36 yrkandet
926 1413 114 37 ifråga
1059 1413 51 30 till
1132 1414 201 35 riksdagens
1355 1413 205 36 avgörande,
1583 1413 88 30 helst
1693 1422 76 21 som

261 1455 104 37 enligt
387 1457 184 30 utskottets
595 1456 141 36 mening
757 1456 249 36 lämpligheten
1029 1466 43 20 av
1095 1458 48 28 att
1166 1465 48 20 nu
1236 1455 192 37 igångsätta
1453 1465 41 21 en
1519 1455 183 36 utredning
1726 1464 42 21 av

260 1498 68 30 den
352 1500 94 28 stora
471 1498 179 35 räckvidd,
676 1507 77 21 som
776 1498 65 30 här
865 1507 109 26 avses,
1000 1498 57 30 väl
1080 1498 71 29 kan
1175 1496 228 38 ifrågasättas.
1431 1496 206 31 Emellertid
1659 1495 109 37 pågår

260 1540 56 30 för
343 1541 222 30 närvarande
592 1541 97 29 inom
717 1540 389 36 socialdepartementet
1135 1548 42 21 en
1204 1540 188 35 utredning
1419 1547 128 28 genom
1574 1539 194 30 tillkallade

260 1583 234 35 sakkunniga,
523 1583 80 29 1941
630 1582 56 30 års
710 1582 552 36 hemortsförsvarssakkunniga,
1288 1581 118 30 vilken
1431 1581 66 30 har
1523 1581 51 30 till
1602 1580 90 37 syfte
1717 1583 52 28 att

260 1626 110 35 pröva
398 1625 94 30 vissa
524 1624 131 37 förslag
685 1625 152 30 rörande
867 1624 352 30 hemortsförsvarets
1251 1624 270 30 samordnande.
1553 1623 118 36 Enligt
1700 1623 69 30 vad

260 1667 171 30 utskottet
453 1667 113 30 under
588 1667 96 30 hand
705 1667 185 35 inhämtat,
913 1667 47 29 ha
983 1667 102 30 dessa
1107 1666 222 36 sakkunniga
1353 1666 56 30 för
1432 1666 116 30 avsikt
1570 1669 49 27 att
1640 1664 128 32 föreslå

259 1709 130 36 jämväl
412 1719 43 21 en
477 1709 238 37 utsträckning
738 1719 43 21 av
803 1709 238 36 skyldigheten
1063 1709 56 30 för
1138 1708 77 31 icke
1235 1707 340 38 krigstjänstskyldig
1596 1708 171 36 personal,

261 1750 94 32 såväl
376 1753 84 29 män
484 1761 74 21 som
581 1751 162 36 kvinnor,
767 1753 50 28 att
840 1751 136 36 deltaga
1001 1751 10 30 i
1033 1751 134 30 arbetet
1189 1750 57 30 för
1268 1749 343 37 hemortsförsvaret,
1635 1750 11 30 i
1669 1749 99 36 varje

260 1792 63 31 fall
348 1793 58 30 det
430 1794 114 30 civila.
571 1793 51 30 Då
646 1793 58 30 det
728 1793 11 30 i
765 1793 233 30 förevarande
1024 1792 175 30 motioner
1223 1792 198 36 framlagda
1444 1792 324 36 utredningsspörs-

260 1834 108 32 målet
389 1845 104 27 synes
516 1835 53 30 stå
591 1835 11 30 i
625 1835 118 30 intimt
766 1835 172 30 samband
961 1835 81 30 med
1066 1835 57 29 det
1145 1834 334 37 utredningsarbete,
1504 1844 74 21 som
1599 1835 168 29 hemorts-

261 1877 374 37 försvarssakkunniga
658 1877 66 31 fått
747 1878 51 36 sig
819 1878 153 35 förelagt,
998 1886 101 21 anser
1120 1877 165 30 utskottet
1308 1877 56 30 det
1385 1877 166 36 lämpligt,
1575 1880 48 27 att
1645 1877 122 30 motio-

261 1929 108 22 nerna
389 1921 10 30 i
421 1920 100 36 fråga
542 1921 215 30 överlämnas
778 1920 51 29 till
851 1920 42 29 de
914 1918 228 37 sakkunniga.

305 1987 15 30 I
339 1988 150 35 enlighet
507 1989 79 29 med
604 1987 202 36 riksdagens
824 1987 45 36 på
888 1987 182 30 utskottets
1089 1986 128 37 förslag
1235 1986 122 37 gjorda
1376 1986 166 31 anhållan
1560 1987 63 29 har
1644 1986 123 36 Kungl.

260 2037 102 37 Maj:t
384 2038 195 31 sedermera
602 2037 207 36 föreskrivit,
835 2041 48 27 att
905 2036 266 38 ifrågavarande
1195 2036 57 32 två
1274 2037 171 31 motioner
1468 2038 111 29 skulle
1601 2038 167 29 överläm-

261 2099 62 21 nas
346 2089 50 30 till
422 2089 81 29 1941
529 2088 54 31 års
605 2088 531 37 hemortsförsvarssakkunniga
1159 2089 54 30 för
1236 2089 66 29 den
1325 2089 179 36 prövning,
1527 2098 75 21 som
1625 2089 41 30 de
1688 2088 77 30 sak-

261 2139 154 36 kunniga
438 2140 11 29 i
475 2139 169 31 samband
669 2140 79 29 med
774 2139 56 30 sitt
855 2139 321 36 utredningsarbete
1200 2139 117 30 kunde
1342 2138 100 31 finna
1466 2139 217 30 motionerna
1707 2136 60 37 på-

261 2179 102 52 kalla.
1670 2182 100 13 Fi

304 2290 74 30 Den
400 2290 11 30 i
437 2290 228 30 förevarande
690 2289 170 31 motioner
886 2290 124 30 väckta
1035 2288 122 37 frågan
1185 2299 57 21 om
1266 2288 188 37 åläggande
1479 2289 54 30 för
1556 2289 76 30 icke
1656 2287 108 37 krigs-

260 2338 267 40 tjänstskyldiga
548 2341 224 36 medborgare
793 2343 49 27 att
864 2340 191 36 tjänstgöra
1075 2340 96 30 inom
1192 2339 308 37 luftbevakningen
1522 2341 99 34 utgör
1643 2341 45 28 ett
1708 2347 56 21 av-

259 2391 140 35 gränsat
423 2390 278 38 detaljspörsmål
728 2391 96 30 inom
848 2391 54 30 det
926 2392 111 28 större
1063 2390 355 37 problemkomplexet
1443 2391 149 29 rörande
1615 2388 149 38 skyldig-

259 2441 59 30 het
333 2442 54 29 för
407 2443 252 35 medborgarna
678 2444 50 28 att
744 2440 45 38 på
806 2450 117 21 annan
940 2441 113 36 grund
1070 2442 43 29 än
1133 2440 176 37 värnplikt
1325 2440 153 37 undergå
1495 2440 196 36 utbildning
1710 2439 55 30 för

260 2492 65 30 och
343 2492 134 36 deltaga
492 2493 10 29 i
517 2492 294 30 försvarsarbetet.
829 2491 158 37 Tidigare
1005 2491 124 31 väckta
1146 2491 170 30 motioner
1333 2492 79 29 med
1431 2491 128 36 förslag
1576 2500 57 21 om
1650 2491 113 30 utred-
