1866 2784
377 171 407 40 Bevillningsutskottets
814 171 220 31 betänkande
1061 182 42 19 nr
1129 173 41 29 45
1195 173 39 30 år
1262 173 84 31 1959
1600 175 19 29 3

154 254 130 30 Genom
301 254 115 30 beslut
432 264 43 20 av
493 255 82 30 1952
593 255 56 30 års
667 255 142 40 riksdag
825 256 127 39 höjdes
968 255 286 32 fordonsskatten
1272 256 80 31 från
1367 257 67 30 och
1451 257 79 30 med
1548 257 68 30 den

111 306 13 28 1
148 305 142 39 januari
313 305 83 30 1953
416 305 11 29 i
446 305 220 30 förhållande
685 305 52 31 till
757 306 44 30 då
820 306 160 40 gällande
1001 307 237 34 skattesatser,
1258 316 75 22 som
1352 307 194 41 tillämpats
1565 317 52 21 se-

109 354 69 30 dan
200 355 66 30 den
289 356 12 29 1
325 355 143 40 januari
490 355 94 31 1946.
605 356 67 30 Vid
694 356 83 31 1954
798 356 57 31 års
874 356 145 41 riksdag
1036 357 132 30 beslöts
1184 357 203 41 ytterligare
1405 357 149 41 höjning
1571 368 45 20 av

108 405 289 31 fordonsskatten
422 406 54 31 för
500 406 230 39 personbilar,
754 406 169 36 lastbilar,
949 407 125 31 bussar
1098 408 64 29 och
1186 408 94 30 vissa
1303 408 209 40 släpvagnar
1534 409 80 30 med

108 456 131 30 verkan
259 456 83 30 från
365 457 64 29 och
450 457 81 30 med
552 457 67 30 den
645 458 13 29 1
681 458 143 39 januari
848 457 94 31 1955.
965 459 51 29 De
1038 458 237 35 skattesatser,
1300 468 75 21 som
1397 459 86 39 gällt
1501 459 113 30 under

109 506 83 30 åren
213 507 217 31 1946---1952
450 508 197 39 respektive
668 508 216 30 1953—1954
903 508 55 31 för
978 509 40 30 de
1039 518 47 21 nu
1105 509 153 30 nämnda
1279 509 118 40 slagen
1417 519 42 21 av
1477 510 137 34 fordon,

109 557 157 40 framgår
283 568 42 19 av
343 558 157 39 följande
520 558 103 30 tablå.

104 643 108 24 Fordon
1124 646 235 24 Skattesatserna?

978 683 73 28 Åren
1071 687 138 24 1946—52
1329 684 73 28 Åren
1423 688 138 24 1953—54

104 741 204 30 Personbilar
321 763 617 7 ...........-sseecrsessrrssserre
850 734 32 45 rr
890 734 51 45 ser
987 743 40 30 70
1046 745 32 32 +
1097 743 41 32 20
1344 743 59 31 100
1421 746 33 32 +
1474 744 40 30 28

104 790 164 31 Lastbilar
280 813 658 8 .........sseresssrrsrerererrs
831 786 29 45 or
870 786 29 45 rr
909 786 32 45 rr
989 794 39 30 70
1047 796 31 31 +
1098 794 39 31 25
1345 794 59 33 100
1422 796 32 32 +
1474 795 38 30 37

104 842 213 30 OÖMNibuSssSAr
360 863 578 9 —..s..ssssessessssesees
795 836 48 44 ser
853 836 48 44 ses
911 836 31 44 es
989 845 40 29 70
1047 847 31 31 +
1097 845 41 31 22
1344 845 59 30 100
1422 847 31 31 +
1472 844 41 31 33

103 893 201 39 Släpvagnar

144 943 179 31 Totalvikt:

146 993 211 40 <1000kg
400 1016 538 8 sosmomseserseesrererosr
814 989 69 48 sees
892 989 9 48 r
910 989 30 48 ra
1047 997 41 30 56
1416 998 42 30 80

105 1045 12 28 1
135 1044 121 30 000—1
274 1044 62 31 499
358 1045 44 38 kg
440 1066 498 8 sossososesesessesse
794 1039 48 48 ror
851 1039 90 48 orena
1029 1048 58 30 112
1399 1048 60 30 160

105 1094 151 31 1500—1
273 1094 63 30 999
371 1103 13 20 »
439 1117 498 8 oosossesrereererser
792 1090 69 45 reses
871 1090 69 45 rer
1028 1098 58 30 168
1395 1099 63 30 240

101 1145 234 31 2000—2999
372 1154 12 19 »
440 1166 498 9 oossseoeessrrsseresesrer
898 1140 43 45 rr
1029 1148 57 30 196
1394 1149 62 30 320

100 1195 159 30 3000—4
273 1196 61 30 I99
372 1204 12 20 »»
440 1218 498 8 sososoeessrsesseersre
830 1191 51 45 rer
889 1191 51 45 sr
950 1197 6 62 |
1399 1200 59 30 400

100 1246 19 30 3
135 1246 122 30 000—7
274 1246 60 30 III
370 1255 13 20 »
439 1267 498 10 sososeeseseseserersererrra
1025 1250 62 30 224
1396 1249 61 32 480

98 1296 20 30 8
135 1296 62 30 000
219 1296 43 39 kg
284 1297 76 30 eller
382 1297 98 39 högre
517 1319 420 8 s.sssosossereereesr
871 1292 69 48 era
946 1262 14 77 f
1395 1301 62 31 560

149 1382 48 29 De
224 1382 38 30 år
289 1383 84 30 1954
398 1384 229 38 genomförda
654 1384 239 40 ändringarna
916 1385 12 30 i
956 1385 417 41 fordonsbeskattningen
1398 1387 147 31 innebar
1568 1397 46 21 en

104 1432 148 40 höjning
285 1433 106 30 dels
426 1443 41 20 av
489 1434 276 40 grundbeloppet
789 1435 56 30 för
866 1435 229 40 personbilar,
1117 1436 159 30 lastbilar
1298 1437 65 29 och
1381 1437 130 30 bussar
1530 1438 81 30 med

107 1482 38 30 10
167 1483 141 34 kronor,
329 1483 32 30 d.
382 1493 31 20 v.
436 1493 25 21 s.
483 1484 79 29 från
586 1484 61 30 100
667 1485 53 29 till
742 1485 62 30 110
825 1486 141 35 kronor,
998 1486 106 31 dels
1135 1496 42 20 av
1198 1487 338 40 tilläggsavgifterna
1555 1488 57 30 för

105 1533 158 30 lastbilar
290 1534 98 33 (över
412 1534 18 29 3
445 1534 62 29 000
530 1534 62 39 kg)
621 1535 66 29 och
708 1535 127 30 bussar
861 1536 100 34 (över
982 1536 18 29 5
1015 1536 62 30 000
1100 1537 61 39 kg)
1188 1537 80 30 med
1292 1537 90 31 efter
1404 1538 209 39 tjänstevik-

107 1586 55 26 len
188 1584 158 38 stigande
371 1584 125 40 belopp
531 1585 87 30 och
656 1585 104 31 dels
797 1596 42 20 av
863 1586 288 31 fordonsskatten
1176 1587 55 30 för
1254 1590 123 37 tyngre
1402 1589 210 40 släpvagnar

109 1635 35 32 (5
160 1634 62 30 000
242 1635 45 39 kg
305 1635 66 29 och
389 1635 128 33 mera).
538 1636 184 39 Härjämte
742 1637 141 30 sänktes
903 1637 139 30 skatten
1062 1637 56 30 för
1134 1638 93 30 vissa
1246 1639 127 30 lättare
1391 1639 220 40 släpvagnar.

152 1685 70 29 Vad
240 1685 109 39 angår
375 1686 520 40 tilläggsavgifterna
925 1687 77 31 för
1031 1688 248 31 lastbilar
1310 1690 88 29 och
1427 1689 184 32 bussar

104 1736 38 28 är
167 1735 67 30 den
258 1737 163 29 närmare
446 1736 214 30 innebörden
710 1747 43 20 av
778 1737 82 31 1954
887 1738 56 30 års
967 1738 114 30 beslut
1106 1738 167 40 följande.
1299 1739 311 41 Tilläggsavgiften

104 1785 55 29 för
186 1786 159 29 lastbilar
371 1786 170 31 bibehölls
570 1787 58 29 vid
656 1788 39 29 37
724 1788 130 30 kronor
882 1788 56 30 för
964 1789 97 39 varje
1088 1789 163 39 påbörjat
1277 1790 191 30 hundratal
1495 1791 46 39 kg
1568 1801 43 20 av

104 1836 262 38 tjänstevikten,
388 1836 164 30 minskad
574 1838 79 29 med
674 1837 63 30 900
759 1838 55 39 kg,
836 1839 44 29 då
900 1839 57 30 det
978 1839 107 39 gäller
1105 1840 247 38 tjänstevikter
1370 1840 77 30 icke
1466 1842 145 29 översti-

103 1886 111 37 gande
238 1886 17 30 3
270 1886 64 30 000
359 1887 55 39 kg,
439 1887 126 29 medan
590 1887 54 31 för
668 1887 158 31 lastbilar
849 1889 79 28 med
953 1889 105 38 högre
1083 1889 206 39 tjänstevikt
1313 1890 296 40 tilläggsavgiften

104 1936 123 39 höjdes
247 1936 51 29 till
319 1937 41 30 64
381 1937 129 30 kronor
531 1937 55 30 för
606 1938 98 39 varje
722 1938 163 40 påbörjat
906 1939 189 29 hundratal
1115 1940 46 38 kg
1181 1949 40 20 av
1240 1940 66 29 den
1327 1940 54 30 del
1402 1950 42 20 av
1461 1941 150 39 tjänste-

103 1986 129 36 vikten,
253 1996 73 20 som
349 1987 107 39 ligger
477 1988 128 29 mellan
626 1987 19 30 3
659 1988 62 30 000
742 1989 64 29 och
828 1989 16 30 7
860 1988 63 30 000
943 1989 55 39 kg,
1020 1992 92 28 samt
1131 1990 49 29 till
1204 1990 62 30 120
1285 1990 132 30 kronor
1437 1991 55 30 för
1509 1991 100 40 varje

103 2037 162 39 påbörjat
286 2037 190 30 hundratal
498 2038 45 39 kg
564 2047 42 20 av
626 2039 67 29 den
715 2039 53 29 del
790 2049 42 19 av
853 2039 252 39 tjänstevikten
1127 2049 73 20 som
1224 2041 191 39 överstiger
1436 2042 16 29 7
1467 2041 63 30 000
1552 2042 56 38 kg.

103 2087 67 30 För
188 2087 124 30 bussar
331 2088 78 29 med
429 2088 207 39 tjänstevikt
656 2098 42 20 av
714 2089 104 39 högst
837 2090 18 28 5
869 2090 62 29 000
948 2090 48 38 kg
1015 2089 168 31 bibehölls
1202 2090 295 40 tilläggsavgiften
1516 2092 93 30 oför-

103 2138 133 29 ändrad
264 2138 58 29 vid
352 2138 41 29 33
423 2138 129 29 kronor
581 2138 54 31 för
664 2139 97 39 varje
789 2139 164 40 påbörjat
980 2140 189 30 hundratal
1200 2141 45 39 kg
1273 2151 42 20 av
1343 2141 265 39 tjänstevikten,

102 2187 162 30 minskad
286 2188 79 29 med
388 2188 63 29 900
472 2188 54 39 kg,
548 2189 127 29 medan
696 2189 294 40 tilläggsavgiften
1015 2190 53 29 för
1089 2190 126 31 bussar
1234 2191 81 30 med
1335 2191 106 40 högre
1461 2192 146 39 tjänste-

102 2237 73 29 vikt
199 2238 124 38 höjdes
345 2238 82 29 från
455 2238 40 31 33
520 2239 51 29 till
597 2240 40 29 55
662 2239 130 29 kronor
814 2239 59 29 för
896 2240 66 28 den
991 2240 51 29 del
1070 2249 40 20 av
1135 2240 252 39 tjänstevikten
1413 2250 75 21 som
1511 2243 96 29 över-

103 2287 104 38 stiger
230 2288 18 29 5
263 2288 63 29 000
348 2288 56 38 kg.

147 2337 226 30 Beträffande
413 2338 303 39 släpvagnar
753 2339 145 29 innebar
927 2339 81 30 1954
1036 2339 55 30 års
1119 2340 228 31 skattebeslut
1373 2342 50 28 att
1454 2341 155 30 förutva-

103 2387 106 29 rande
236 2387 253 34 fordonsskatt,
516 2388 40 29 80
583 2388 140 37 kronor,
751 2388 56 30 vid
835 2389 159 30 totalvikt
1025 2389 271 39 understigande
1325 2390 93 30 1000
1445 2391 46 39 kg
1515 2391 92 30 bibe-

130 2458 7 12 Y
159 2457 58 22 Den
238 2456 83 24 första
342 2457 97 23 siffran
459 2457 114 24 rörande
594 2457 254 24 fordonsskatterna
869 2464 83 24 anger
971 2458 211 30 grundavgiften
1202 2465 46 24 per
1267 2459 98 23 fordon
1384 2460 51 23 och
1453 2460 52 23 den
1518 2461 87 23 andra

95 2490 97 23 siffran
213 2489 233 31 tilläggsavgiften
467 2491 40 23 för
526 2491 76 30 varje
624 2491 48 23 100
693 2492 34 29 kg
745 2498 35 17 av
801 2492 140 24 fordonets
962 2492 166 29 tjänstevikt
1147 2492 126 24 minskad
1292 2493 62 23 med
1375 2493 50 23 900
1446 2494 42 28 kg.
