1874 2786
250 179 19 29 4
519 175 407 40 Bevillningsutskottets
956 172 218 31 betänkande
1200 181 43 21 nr
1269 172 42 30 45
1337 171 39 31 år
1404 171 84 30 1959

254 262 90 31 hölls
370 260 224 35 oförändrad,
618 261 54 29 att
696 258 287 31 fordonsskatten
1008 256 58 30 vid
1091 255 163 31 totalvikt
1280 254 159 32 1000—1
1455 253 63 31 499
1544 253 46 40 kg
1614 253 144 30 sänktes

255 312 80 30 från
358 310 250 32 förutvarande
634 310 60 30 160
719 310 130 29 kronor
871 308 53 30 till
949 307 60 31 120
1032 307 141 33 kronor,
1194 308 51 28 att
1268 304 290 31 fordonsskatten
1578 303 59 30 vid
1658 303 100 30 total-

254 363 74 30 vikt
353 362 156 31 1500—1
526 361 63 30 999
612 361 47 39 kg
680 360 142 30 sänktes
845 358 81 30 från
948 356 250 32 förutvarande
1219 355 63 31 240
1305 356 132 29 kronor
1457 354 53 31 till
1534 353 61 31 160
1617 353 141 34 kronor,

253 415 53 28 att
329 412 288 30 fordonsskatten
640 410 57 30 vid
720 409 163 31 totalvikt
907 409 19 30 2
940 407 128 31 000—2
1082 408 63 30 999
1168 407 46 39 kg
1238 406 142 30 sänktes
1404 405 80 30 från
1508 403 251 31 förutvarande

255 463 63 30 320
342 464 129 28 kronor
495 462 52 29 till
571 461 63 31 240
658 461 139 34 kronor,
820 461 53 28 att
898 457 250 32 förutvarande
1173 456 254 34 fordonsskatt,
1450 454 63 31 400
1537 455 142 33 kronor,
1701 452 56 31 vid

256 513 163 30 totalvikt
439 513 18 29 3
471 511 129 31 000—-4
614 511 64 30 999
698 511 45 40 kg
762 510 172 30 bibehölls
953 507 225 35 oförändrad,
1199 508 52 29 att
1272 506 289 31 fordonsskatten
1581 504 58 30 vid
1660 504 100 30 total-

257 565 57 29 vid
334 564 18 30 5
367 564 127 30 000—7
510 563 62 31 999
591 562 46 40 kg
654 561 123 40 höjdes
793 560 85 30 från
894 558 253 32 förutvarande
1165 557 63 31 480
1247 557 133 30 kronor
1396 556 53 31 till
1468 555 62 31 560
1550 555 142 34 kronor,
1709 555 50 29 att

257 614 287 30 fordonsskatten
565 613 59 29 vid
647 611 162 32 totalvikt
830 611 19 30 8
864 609 151 31 000—10
1029 609 62 30 999
1112 608 47 40 kg
1178 607 125 40 höjdes
1324 606 81 31 från
1423 604 254 32 förutvarande
1698 604 62 30 560

257 666 132 29 kronor
413 664 51 30 till
492 663 61 31 720
580 663 141 33 kronor,
746 663 51 29 att
819 660 291 30 fordonsskatten
1135 658 58 30 vid
1217 657 164 31 totalvikt
1408 657 36 29 11
1461 656 152 30 000—13
1627 654 64 31 999
1716 655 45 38 kg

257 715 126 40 höjdes
401 714 79 30 från
499 712 251 32 förutvarande
767 712 62 30 560
848 711 132 30 kronor
996 709 53 31 till
1067 708 62 32 880
1147 709 131 29 kronor
1293 708 93 30 samt
1404 708 52 28 att
1472 705 289 31 fordonsskatten

256 766 59 30 vid
340 764 161 32 totalvikt
526 762 242 40 överstigande
795 761 117 31 13999
937 761 46 39 kg
1007 759 124 40 höjdes
1159 758 80 31 från
1263 756 255 32 förutvarande
1543 755 63 31 560
1631 756 132 29 kronor

260 817 51 29 till
331 816 14 30 1
361 816 63 30 200
442 815 141 30 kronor.

304 864 363 40 Skattebelastningen
692 863 73 31 före
789 862 66 30 och
880 861 89 31 efter
994 860 84 31 1954
1102 860 56 30 års
1184 858 232 31 skattebeslut
1438 857 12 29 i
1474 856 101 40 fråga
1598 865 58 21 om
1681 856 82 29 last-

259 917 89 30 bilar
370 917 65 30 och
455 916 125 30 bussar
601 913 155 40 framgår
774 922 44 21 av
838 911 158 41 följande
1015 910 105 31 tablå.
1139 911 67 29 Det
1225 909 63 31 bör
1308 908 190 30 anmärkas
1519 909 50 28 att
1589 906 173 41 yrkandet

259 970 10 28 i
295 967 221 30 motionerna
541 966 29 29 I:
589 965 61 30 159
677 964 64 30 och
764 964 49 29 II:
829 962 64 31 208
918 961 147 31 innebär
1089 970 42 20 en
1159 959 165 40 återgång
1349 959 11 29 i
1386 958 101 39 fråga
1511 966 58 21 om
1594 956 169 34 lastbilar,

260 1019 126 30 bussar
415 1017 64 30 och
508 1015 206 41 släpfordon
741 1014 52 30 till
822 1013 68 30 den
919 1011 252 34 fordonsskatt,
1201 1019 75 21 som
1305 1008 113 41 gällde
1446 1007 215 31 omedelbart
1690 1006 74 31 före

262 1069 84 31 1954
368 1068 57 30 års
446 1067 159 40 höjning.
1582 1051 2 2 |

256 1159 1510 16 nrg
1209 1140 96 39 RrrA
1385 1159 381 16 grn

254 1195 179 31 Tjänstevikt
825 1190 147 28 Lastbilar,
993 1189 198 28 fordonsskatt;
1210 1188 33 23 kr
1312 1187 111 27 Bussar,
1442 1185 198 28 fordonsskatt;
1660 1185 32 23 kr

254 1230 37 30 kg
797 1216 103 38 —
801 1229 475 8 RA
1288 1226 480 7 OR

817 1257 169 25 Nuvarande
1062 1251 178 38 Omedelbart
1305 1253 169 25 Nuvarande
1551 1251 179 25 Omedelbart

1061 1290 58 23 före
1137 1288 67 25 1954
1223 1287 43 24 års
1551 1286 57 23 före
1628 1285 67 24 1954
1714 1284 42 24 års

1061 1322 115 31 höjning
1550 1319 115 30 höjning

259 1368 1512 17 Fr
801 1350 159 39 [nn
1044 1350 99 39 Tr
1173 1350 62 39 rr
1288 1350 167 39 Nr
1534 1350 52 39 TR
1627 1350 147 39 IA

921 1415 48 27 110
1164 1409 48 40 100
1425 1425 32 4 —
1669 1423 31 3 —

921 1449 50 27 184
1164 1447 50 27 174
1424 1459 32 4 —
1671 1457 30 4 —

916 1479 55 41 369
1164 1476 49 42 359
1407 1479 49 27 341
1652 1477 49 27 331

921 1517 50 26 554
1163 1510 51 41 544
1408 1512 50 27 506
1654 1511 49 26 496

922 1550 49 27 739
1164 1548 49 26 729
1409 1546 48 27 671
1653 1544 49 27 661

921 1583 49 27 951
1164 1582 50 27 914
1409 1580 50 27 836
1653 1578 51 27 826

898 1617 72 27 1271
1140 1615 74 28 1099
1385 1613 73 26 1001
1654 1612 48 26 991

897 1651 73 26 1591
1141 1649 74 27 1284
1385 1647 74 26 1166
1630 1645 74 27 1156

898 1685 72 27 19i1
1141 1683 74 26 1469
1385 1681 73 27 1331
1630 1679 72 26 1321

896 1719 16 26 2
923 1718 47 26 231
1141 1716 74 27 1654
1385 1714 74 26 1518
1631 1713 74 26 1486

897 1751 74 27 2551
1140 1750 75 27 1839
1385 1748 74 27 1793
1631 1746 72 26 1651

898 1785 73 27 2871
1140 1785 16 25 2
1165 1783 51 27 024
1385 1782 16 25 2
1410 1781 50 27 068
1631 1780 74 26 1816

897 1819 74 26 3191
1140 1818 16 26 2
1166 1817 50 27 209
1386 1815 74 27 2343
1632 1813 72 27 1981

897 1853 75 27 3567
1141 1852 15 25 2
1167 1851 49 26 394
1385 1848 76 27 2618
1630 1848 15 25 2
1657 1847 47 26 146

898 1886 74 27 4767
1141 1885 15 25 2
1167 1885 49 27 764
1385 1883 16 26 3
1412 1882 48 26 168
1630 1880 75 27 2476

898 1920 16 26 5
924 1920 48 27 967
1140 1918 76 27 3134
1385 1917 16 26 3
1412 1916 49 26 718
1631 1915 15 25 2
1655 1914 49 27 806

312 2060 14 29 I
344 2058 99 40 fråga
459 2066 56 21 om
531 2054 271 41 beskattningen
819 2063 43 21 av
877 2052 191 31 drivmedel
1083 2052 108 40 gäller
1204 2049 255 41 förordningen
1472 2049 70 30 den
1560 2049 18 30 3
1595 2047 71 40 maj
1688 2046 83 32 1929

273 2110 61 33 (nz
355 2109 59 33 62)
441 2117 56 21 om
521 2106 153 31 särskild
698 2106 93 30 skatt
812 2105 21 30 å
854 2103 125 31 bensin
1001 2103 65 30 och
1087 2101 205 40 motorsprit
1315 2102 91 29 samt
1430 2098 253 40 förordningen
1705 2097 67 30 den

268 2160 38 30 21
333 2159 72 40 maj
434 2157 82 31 1954
545 2158 61 34 (nr
629 2157 79 34 260)
737 2165 56 21 om
818 2153 293 40 brännoljeskatt,
1134 2152 119 30 vilken
1276 2159 123 23 senare
1423 2148 207 40 förordning
1651 2149 87 29 trätt
1760 2147 12 30 i

268 2210 98 31 kraft
386 2209 67 30 den
475 2210 14 29 1
511 2207 144 41 januari
678 2206 82 31 1955
779 2205 68 31 och
870 2206 109 29 ersatt
996 2203 254 39 förordningen
1271 2202 67 30 den
1359 2202 19 30 3
1399 2201 71 40 maj
1496 2199 82 32 1935
1606 2199 60 35 (nr
1688 2198 78 34 142)

269 2259 179 41 angående
467 2259 94 31 skatt
580 2258 20 31 å
620 2257 94 31 vissa
732 2256 55 31 för
804 2255 169 31 drivande
993 2264 42 21 av
1053 2252 191 32 automobil
1263 2251 163 31 använda
1443 2249 216 40 brännoljor.
1680 2249 89 30 Stor-

268 2310 104 31 leken
397 2318 42 22 av
464 2309 181 30 skatterna
670 2308 20 30 å
714 2306 126 31 bensin
864 2306 66 30 och
954 2301 187 43 brännolja
1164 2303 113 30 under
1302 2300 286 41 efterkrigstiden
1614 2299 153 40 framgår

269 2370 42 21 av
329 2359 157 42 följande
502 2358 106 32 tablå.
