1874 2780
280 173 18 29 2
710 168 287 30 Statsutskottets
1017 166 181 29 utlåtande
1217 174 43 19 nr
1280 164 71 29 183.

281 261 186 39 betydelse,
490 259 175 30 huruvida
687 259 65 29 och
774 258 10 28 i
804 257 117 30 vilken
941 255 215 38 omfattning
1177 264 83 19 man
1280 253 191 29 framdeles
1490 252 62 29 bör
1572 251 111 29 räkna
1705 250 78 29 med

282 307 111 29 behov
416 315 41 20 av
481 315 43 19 en
545 302 372 40 utlänningskontroll.
941 301 143 29 Liksom
1106 300 89 30 efter
1217 300 57 28 det
1296 298 112 29 första
1430 296 234 38 världskriget
1685 295 100 29 torde

284 353 86 28 även
396 360 48 20 nu
471 350 119 29 finnas
616 351 49 27 ett
692 347 182 30 önskemål
902 349 49 27 att
978 346 249 29 åstadkomma
1252 346 48 27 ett
1326 342 78 29 fritt
1430 341 209 38 folkutbyte,
1667 339 116 29 såsom

282 397 98 28 fallet
412 405 62 20 var
507 395 73 29 före
616 393 94 34 1914,
744 393 72 29 dvs.
849 391 183 39 möjlighet
1064 390 55 29 för
1151 388 228 38 utlänningar
1411 389 50 27 att
1493 388 85 27 utan
1611 384 175 30 särskilda

283 440 245 30 restriktioner
550 448 78 20 resa
648 438 53 29 till
723 438 64 29 och
809 437 137 29 bosätta
968 435 51 39 sig
1040 435 10 28 i
1073 435 111 29 andra
1206 433 131 29 länder.
1361 432 57 29 Ett
1440 429 283 39 förverkligande
1745 437 40 20 av

285 495 43 20 en
354 485 111 29 sådan
491 483 149 39 ordning
668 491 104 30 synes
797 482 89 29 dock
912 481 76 28 icke
1015 479 138 39 möjligt
1180 478 97 29 inom
1302 475 222 39 överskådlig
1550 474 60 30 tid.
1636 474 66 38 Jag
1727 472 58 30 vill

283 529 195 31 emellertid
496 529 11 28 i
525 530 94 28 detta
639 527 257 38 sammanhang
914 525 117 30 erinra
1048 533 58 21 om
1125 526 50 27 att
1194 524 68 28 den
1280 521 170 30 nordiska
1466 517 320 42 parlamentariska

284 575 212 30 kommittén
519 574 54 29 för
596 573 107 29 friare
728 571 208 30 samfärdsel
959 570 10 29 i
992 571 156 37 dagarna
1171 567 166 39 framlagt
1360 566 134 38 förslag
1516 573 57 21 om
1594 562 193 41 passfrihet

284 620 55 29 för
361 620 228 38 medborgare
612 617 10 29 i
645 618 41 29 de
710 616 169 30 nordiska
900 615 170 29 länderna
1092 615 92 27 samt
1206 614 50 27 att
1277 610 212 31 kommittén
1510 608 122 31 därvid
1653 607 134 40 jämväl

285 664 207 33 framhållit,
513 665 49 28 att
581 662 108 38 enligt
708 662 80 29 dess
806 660 142 38 mening
966 659 257 38 medborgarna
1242 657 9 28 i
1269 657 41 29 de
1328 655 171 30 nordiska
1515 654 170 29 länderna
1703 652 85 29 böra

285 709 132 30 befrias
443 708 82 30 från
553 707 245 39 skyldigheten
824 707 49 28 att
901 705 85 29 söka
1012 701 348 42 uppehållstillstånd
1386 699 12 29 i
1423 700 104 29 dessa
1553 698 132 32 länder,
1712 705 77 20 var-

286 754 139 39 igenom
451 754 58 29 det
535 752 68 29 fria
629 751 209 38 folkutbyte,
866 758 76 21 som
968 748 175 30 härskade
1171 747 130 28 mellan
1328 745 171 29 länderna
1525 743 74 29 före
1625 742 39 29 år
1693 741 94 32 1917,

288 799 111 29 skulle
425 797 223 30 återinföras.
676 796 65 29 Det
768 797 38 27 är
832 794 206 40 uppenbart,
1066 794 50 28 att
1143 794 49 26 ett
1220 789 228 31 avskaffande
1475 797 43 20 av
1543 786 246 40 skyldigheten

287 844 55 29 för
368 843 256 38 medborgarna
650 841 9 28 i
686 841 41 29 de
753 839 119 39 övriga
897 838 169 30 nordiska
1091 837 172 29 länderna
1289 837 49 27 att
1364 834 58 29 vid
1447 832 140 30 vistelse
1613 831 11 29 i
1650 830 138 38 Sverige

286 888 130 30 inneha
436 885 348 42 uppehållstillstånd
805 884 111 29 skulle
936 882 160 30 medföra
1115 891 43 19 en
1177 879 169 31 avsevärd
1364 877 208 38 minskning
1589 876 11 28 i
1617 876 67 29 den
1703 876 87 28 kon-

286 931 318 33 trollverksamhet,
625 939 75 20 som
720 930 71 28 f.n.
811 929 122 29 utövas
952 937 41 19 av
1011 925 291 31 kommissionen.

332 977 426 41 Utlänningskommittén
775 975 215 33 framhåller,
1008 975 49 28 att
1072 972 108 38 enligt
1197 972 79 28 dess
1291 967 230 41 uppfattning
1536 966 53 30 till
1606 965 113 38 skydd
1735 964 55 28 för

289 1026 150 29 svenska
464 1024 184 32 intressen,
674 1022 10 28 i
710 1022 150 28 främsta
883 1020 153 29 rummet
1063 1017 138 29 landets
1227 1014 163 30 säkerhet
1415 1012 65 30 och
1507 1010 127 30 svensk
1660 1009 131 29 arbets-

288 1070 106 33 kraft,
420 1067 301 38 tillströmningen
747 1075 41 20 av
814 1063 226 39 utlänningar
1065 1062 53 29 till
1143 1060 78 30 vårt
1247 1059 82 29 land
1355 1058 112 29 under
1492 1053 222 39 överskådlig
1740 1052 49 30 tid

289 1114 131 30 framåt
448 1113 111 29 måste
586 1111 235 30 kontrolleras
848 1109 64 29 och
939 1108 11 28 i
974 1107 71 30 viss
1072 1105 84 30 mån
1183 1104 106 30 också
1315 1103 202 38 begränsas.
1545 1100 52 29 En
1623 1097 169 39 återgång

288 1160 53 29 till
364 1160 42 29 de
429 1158 158 39 tidigare,
611 1156 108 29 friare
744 1154 269 30 förhållandena
1035 1151 44 40 på
1102 1151 97 29 detta
1221 1148 142 30 område
1387 1148 38 28 är
1448 1145 109 39 enligt
1580 1142 211 31 kommittén

289 1203 145 41 givetvis
455 1202 188 32 önskvärd,
665 1201 66 29 och
752 1200 57 29 det
829 1200 39 28 är
888 1197 121 30 därför
1030 1206 41 19 av
1090 1195 85 33 vikt,
1197 1196 50 27 att
1267 1202 83 20 man
1369 1191 58 30 vid
1447 1188 347 39 kontrollsystemets

290 1248 202 40 utbyggnad
513 1247 75 29 icke
609 1246 124 29 binder
756 1244 50 39 sig
826 1243 58 30 vid
904 1243 42 29 de
969 1241 126 39 syften,
1118 1248 76 21 som
1215 1239 11 28 i
1246 1239 131 37 dagens
1397 1236 75 38 läge
1493 1236 61 28 äro
1574 1234 89 28 mest
1684 1232 109 29 fram-

290 1294 182 30 trädande.
490 1290 218 31 Kommittén
724 1298 103 20 anser
843 1287 206 40 uppenbart,
1067 1287 50 27 att
1132 1285 59 29 det
1207 1282 110 30 måste
1334 1281 120 29 finnas
1470 1289 43 19 en
1529 1277 132 30 central
1678 1276 115 29 utlän-

288 1337 322 40 ningsmyndighet,
632 1344 76 20 som
729 1333 162 29 handhar
911 1330 188 39 ledningen
1120 1338 42 20 av
1182 1323 419 41 utlänningskontrollen.
1622 1321 52 29 Då
1694 1321 99 29 kom-

292 1383 125 29 mittén
443 1383 10 28 i
481 1382 59 29 sitt
567 1379 222 31 betänkande
817 1378 79 28 med
923 1376 132 38 förslag
1080 1374 53 30 till
1161 1383 47 29 ny
1234 1370 265 39 utlänningslag
1524 1366 191 39 föreslagit,
1743 1367 49 27 att

291 1429 67 29 den
383 1437 70 29 nya
478 1427 101 38 lagen
604 1425 89 29 skall
719 1423 91 39 gälla
833 1424 86 27 utan
943 1417 319 41 tidsbegränsning,
1287 1417 64 28 har
1376 1415 58 29 det
1459 1415 99 37 synts
1581 1410 212 31 kommittén

291 1471 226 41 följdriktigt,
543 1472 49 27 att
615 1470 68 29 den
708 1467 214 39 myndighet,
948 1474 75 21 som
1048 1464 89 29 skall
1162 1472 84 20 vara
1269 1460 133 30 central
1426 1454 369 41 utlänningsmyndig-

290 1519 69 32 het,
375 1516 151 30 erhåller
543 1515 208 39 permanent
768 1512 179 29 karaktär.

335 1564 65 38 Jag
420 1563 97 29 delar
536 1559 438 41 utlänningskommitténs
993 1556 240 41 uppfattning,
1253 1557 49 27 att
1319 1553 113 30 behov
1450 1561 42 20 av
1509 1550 115 39 någon
1641 1549 94 29 form
1753 1556 41 19 av

293 1607 362 39 utlänningskontroll
681 1607 160 28 kommer
867 1606 49 27 att
941 1602 170 39 föreligga
1135 1601 113 29 under
1272 1599 81 38 lång
1377 1597 51 30 tid
1454 1596 187 29 framöver.
1666 1593 65 38 Jag
1757 1593 38 28 är

292 1652 195 31 emellertid
510 1652 75 29 icke
609 1660 48 20 nu
681 1650 129 29 beredd
835 1651 49 27 att
908 1648 128 38 avgöra
1058 1646 126 38 frågan
1207 1653 58 21 om
1288 1637 508 42 utlänningskommissionens

293 1697 228 39 omvandling
544 1696 51 30 till
620 1698 49 27 ett
693 1694 223 31 ämbetsverk
940 1694 86 28 utan
1051 1691 173 32 förordar,
1251 1690 49 28 att
1326 1686 205 30 nuvarande
1556 1681 239 42 provisoriska

295 1742 198 39 anordning
520 1742 79 28 med
626 1750 43 19 en
697 1738 234 31 kommission
957 1737 72 29 tills
1055 1736 120 29 vidare
1203 1732 202 32 bibehålles.
1435 1730 122 30 Såsom
1584 1726 212 31 kommittén

293 1787 197 30 framhållit
511 1795 103 30 synes
633 1785 90 29 dock
744 1785 95 28 detta
857 1783 76 29 icke
952 1782 85 29 böra
1057 1780 171 32 medföra,
1249 1780 49 27 att
1317 1772 388 43 organisationsfrågan
1724 1770 72 29 helt

294 1833 118 29 ställes
436 1832 45 39 på
505 1830 203 30 framtiden.
733 1829 49 29 De
806 1826 258 39 förändringar,
1090 1834 76 20 som
1191 1824 79 28 med
1293 1820 246 31 bibehållande
1564 1827 41 20 av
1627 1814 169 32 kommis-

296 1877 238 30 sionsformen
560 1877 60 28 äro
648 1873 146 40 möjliga
821 1875 49 27 att
898 1870 206 40 genomföra
1130 1869 11 28 i
1170 1868 91 39 syfte
1289 1869 49 27 att
1365 1864 135 31 erhålla
1527 1872 43 20 en
1597 1859 199 32 förbättrad

293 1922 75 29 inre
390 1920 250 40 organisation,
664 1927 107 30 synas
791 1917 70 38 mig
883 1916 149 29 sålunda
1051 1915 86 29 böra
1157 1914 145 29 komma
1321 1910 52 30 till
1396 1909 114 33 stånd,
1530 1907 174 39 varjämte
1725 1905 72 28 sär-

296 1967 114 29 skilda
425 1965 164 39 åtgärder
605 1964 55 29 för
678 1965 50 27 att
744 1962 128 30 bereda
887 1963 49 28 ett
952 1961 110 29 större
1080 1958 95 30 antal
1193 1967 41 20 av
1250 1955 210 41 personalen
1476 1955 160 37 tryggare
1653 1949 144 31 anställ-

294 2010 354 40 ningsförhållanden
667 2009 86 28 böra
770 2007 169 38 vidtagas.

337 2079 399 42 Departementschefen
760 2087 102 21 anser
885 2079 50 27 att
957 2076 115 39 någon
1094 2074 151 39 ändring
1267 2073 10 29 i
1299 2072 298 30 kommissionens
1619 2077 178 22 samman-

294 2136 157 38 sättning
474 2135 76 29 icke
574 2135 38 28 är
634 2133 176 40 påkallad.
835 2132 74 28 Den
932 2139 102 21 anses
1058 2129 135 29 således
1214 2128 85 29 böra
1320 2126 99 30 bestå
1442 2135 42 20 av
1506 2134 44 20 en
1572 2118 225 49 ordförande,

294 2189 114 30 tillika
431 2188 90 33 chef,
547 2189 89 28 samt
660 2185 176 30 särskilda
857 2183 435 39 intresserepresentanter
1314 2180 65 29 och
1401 2179 144 29 lekmän
1567 2177 117 29 såsom
1706 2176 92 29 leda-

296 2244 121 28 möter.
435 2242 79 29 Med
529 2239 245 32 bibehållande
791 2238 71 30 tills
877 2237 118 30 vidare
1013 2246 41 20 av
1069 2234 396 31 kommissionsformen
1481 2233 105 39 följer
1601 2232 130 33 vidare,
1748 2233 50 27 att

297 2295 270 40 myndighetens
587 2302 109 21 namn
716 2292 76 29 icke
812 2292 61 29 bör
893 2291 139 29 ändras.

340 2348 398 41 Departementschefen
764 2357 101 20 anser
889 2346 230 30 kommitténs
1143 2345 134 38 förslag
1300 2344 170 29 innebära
1495 2342 132 30 sådana
1651 2341 147 29 förbätt-

295 2404 119 39 ringar
436 2403 11 29 i
470 2403 100 39 fråga
593 2412 57 20 om
673 2402 68 29 den
764 2401 155 29 centrala
942 2398 480 40 utlänningsmyndighetens
1443 2395 217 33 funktioner,
1684 2396 49 27 att
1756 2402 42 20 en

298 2456 300 40 omorganisation
627 2465 42 20 av
697 2452 489 41 utlänningskommissionen
1214 2451 10 29 i
1252 2451 153 38 enlighet
1433 2450 80 29 med
1541 2449 168 37 förslaget
1737 2447 63 28 bör

296 2511 145 29 komma
460 2510 53 30 till
534 2509 112 30 stånd.
667 2509 65 28 Det
752 2507 193 39 tillstyrkes
965 2506 121 30 därför
1106 2507 51 27 att
1176 2503 280 31 kommissionen
1475 2502 72 30 tills
1564 2501 119 30 vidare
1703 2507 98 31 orga-
