1910 2848
279 148 39 30 10
734 150 260 30 Statsutskottets
1016 152 164 30 utlåtande
1203 153 48 29 Nr
1272 159 69 25 166.

281 233 225 39 försäkrings-
538 235 61 32 och
630 236 240 32 tomtvärdena.
924 236 116 33 Såsom
1071 239 198 38 ytterligare
1300 240 155 33 säkerhet
1486 241 53 32 för
1570 242 89 32 lånet
1690 243 94 33 skola

280 280 85 28 även
395 277 271 38 pantförskrivas
695 278 58 32 hos
782 290 111 21 annan
921 279 174 39 långivare
1122 281 160 33 belånade
1310 282 235 39 inteckningar
1572 285 73 31 med
1674 285 109 32 bättre

280 318 220 33 förmånsrätt
521 319 12 32 i
556 319 206 39 fastigheten
785 325 43 27 än
852 321 61 32 den
937 322 53 32 för
1014 323 179 32 statslånet
1216 324 125 32 ställda
1365 325 196 33 säkerheten
1584 327 80 32 eller
1687 327 96 33 deras

278 361 114 38 värde,
415 362 12 31 i
450 361 61 32 den
535 363 78 31 mån
637 362 95 32 dessa
754 363 243 39 inteckningar,
1022 365 81 32 eller
1125 366 117 32 värdet
1266 378 43 20 av
1332 367 83 38 dem,
1438 367 73 33 icke
1535 368 127 32 behöva
1684 373 99 34 tagas

279 403 12 31 i
319 403 148 38 anspråk
494 404 55 32 för
576 405 165 37 gäldande
769 417 43 21 av
840 406 62 32 den
930 407 150 38 fordran,
1110 408 53 31 för
1189 408 113 32 vilken
1331 409 279 39 inteckningarna
1636 412 11 31 i
1674 411 109 33 första

279 445 91 74 hand
398 446 98 32 blivit
524 447 279 38 pantförskrivna
832 448 79 32 eller
939 460 69 21 som
1037 450 45 38 på
1110 450 107 38 grund
1248 462 42 21 av
1320 452 205 39 omsättning
1554 456 85 30 trätt
1666 454 12 31 i
1707 454 75 32 dess

278 492 110 28 ställe.

324 530 97 32 Intill
447 531 78 38 viss,
555 543 43 20 av
625 531 125 39 Kungl.
779 532 103 38 Maj:t
909 533 186 39 fastställd,
1125 534 52 32 för
1204 535 68 32 alla
1300 535 175 39 låntagare
1500 548 189 27 gemensam
1716 538 67 38 dag

279 572 96 33 skola
400 573 96 32 lånen
520 573 79 39 löpa
623 577 81 29 utan
730 575 203 39 amortering
957 576 61 32 och
1044 577 74 32 med
1145 578 17 31 5
1190 581 137 35 procent
1352 579 88 38 årlig
1466 583 108 29 ränta.
1623 580 159 33 Därefter

278 614 97 33 skola
404 615 38 32 de
468 619 123 35 utgöra
618 617 288 38 amorteringslån.
957 618 206 33 Annuiteten
1191 620 20 31 å
1238 621 279 38 amorteringslån
1546 622 88 32 skall
1661 626 121 35 utgöra

279 654 69 42 7"/,
369 662 134 33 procent
524 670 43 20 av
589 658 55 33 det
662 660 243 38 ursprungliga
924 660 241 40 lånebeloppet.
1208 662 56 32 Av
1285 664 192 32 annuiteten
1499 664 105 39 skola,
1626 666 20 31 å
1666 666 115 37 oguld-

277 711 44 20 na
346 699 231 39 lånebeloppet
601 701 129 38 räknat,
756 700 71 41 4”/,
852 707 135 33 procent
1009 706 122 36 utgöra
1155 709 96 28 ränta
1276 706 60 32 och
1362 717 39 21 en
1426 711 136 34 procent
1587 708 195 38 avsättning

277 742 54 31 till
353 754 39 20 en
415 742 165 40 riskfond,
604 744 123 32 avsedd
749 748 52 28 att
824 745 170 33 användas
1018 746 54 32 till
1095 746 164 33 täckande
1282 760 43 20 av
1348 748 159 33 förluster
1530 750 20 31 å
1572 750 208 32 verksamhe-

276 787 66 29 ten.
389 781 203 37 Återstoden
616 786 87 32 skall
724 790 122 34 utgöra
869 788 213 39 amortering.

323 827 114 32 Lånen
464 828 114 32 kunna
606 829 12 31 i
645 829 90 32 vissa
764 829 65 32 fall
856 830 168 33 utbetalas
1053 831 102 32 redan
1182 832 106 32 under
1316 832 285 38 byggnadstiden.
1653 835 128 31 Härför

277 868 135 34 fordras
436 870 195 39 emellertid,
657 874 50 29 att
730 871 240 40 långivningen
993 873 107 32 under
1124 874 106 32 denna
1253 875 51 32 tid
1328 875 152 33 bedrives
1505 877 45 38 på
1574 876 208 33 kommunalt

275 911 327 40 betalningsansvar.

320 955 63 32 Ett
403 955 52 32 för
473 956 259 33 handhavandet
752 957 20 32 å
792 960 126 30 statens
937 962 130 34 vägnar
1089 971 41 20 av
1149 959 271 33 verksamhetens
1442 961 270 33 administration
1732 962 48 32 in-

275 1000 107 29 rättat
403 998 222 38 provisoriskt
645 1011 102 26 organ
766 1019 46 3 —
833 1003 124 29 statens
978 1000 344 40 byggnadslånebyrå
1339 1022 45 3 —
1402 1003 61 32 har
1483 1007 51 29 att
1553 1004 125 37 bevilja
1697 1004 83 32 ifrå-

274 1040 194 37 gavarande
487 1040 66 32 lån.

320 1114 121 39 Enligt
459 1115 66 32 vad
547 1115 164 33 utskottet
730 1116 167 33 inhämtat
916 1117 85 33 hade
1024 1118 63 32 den
1107 1119 40 32 20
1168 1131 88 20 mars
1282 1121 84 31 1934
1388 1120 54 32 till
1463 1120 316 39 byggnadslåneby-

275 1165 60 31 rån
358 1165 175 32 inkommit
556 1167 64 31 293
644 1166 302 40 låneansökningar
969 1180 51 20 om
1046 1169 224 38 sammanlagt
1295 1171 173 37 8,444,000
1492 1171 122 32 kronor
1637 1171 76 32 från
1738 1173 39 31 31

276 1215 123 38 städer,
426 1216 17 31 5
469 1215 168 39 köpingar
662 1217 59 32 och
748 1219 17 30 7
793 1218 380 38 municipalsamhällen.
1221 1220 74 32 Den
1325 1222 17 30 1
1368 1221 72 38 juni
1466 1221 85 33 hade
1578 1234 42 20 av
1647 1222 54 32 det
1724 1222 54 32 till

274 1264 202 39 förfogande
498 1267 137 32 stående
657 1267 164 39 beloppet,
846 1270 172 37 5,000,000
1041 1269 130 39 kronor,
1194 1270 210 39 disponerats
1427 1272 155 38 omkring
1605 1273 173 38 4,800,000

273 1315 132 33 kronor.

319 1399 18 32 I
359 1400 100 38 fråga
479 1413 51 19 om
552 1401 57 31 lån
631 1401 59 32 och
710 1401 121 39 bidrag
852 1402 54 32 till
925 1403 455 40 bostadsbyggnadsföretag
1400 1406 43 37 på
1463 1405 233 39 landsbygden
1717 1407 62 31 har

274 1449 129 39 Kungl.
425 1451 100 38 Maj:t
546 1451 167 33 meddelat
734 1457 152 28 närmare
906 1453 215 33 föreskrifter
1139 1455 12 31 i
1172 1454 261 39 kungörelserna
1453 1456 62 31 den
1538 1457 41 31 30
1599 1457 72 37 juni
1693 1458 84 31 1933

278 1499 57 40 (nr
360 1501 81 40 473)
471 1502 173 38 angående
669 1502 345 40 förbättringsbidrag
1041 1505 61 31 och
1128 1505 285 39 nybyggnadslån
1438 1506 54 32 till
1520 1506 189 39 främjande
1735 1518 44 21 av

272 1550 396 39 byggnadsverksamhet
687 1554 43 37 på
750 1553 116 33 landet
889 1558 85 28 samt
998 1555 63 31 den
1085 1557 39 31 16
1147 1556 185 38 september
1355 1558 83 32 1933
1467 1555 57 41 (nr
1547 1557 80 39 545)
1654 1569 51 20 om
1726 1561 51 28 ut-

273 1601 131 32 sträckt
428 1602 217 39 tillämpning
669 1615 41 20 av
734 1603 233 34 förstnämnda
990 1605 211 38 kungörelse.
1248 1607 19 32 I
1292 1606 179 32 huvudsak
1495 1607 160 32 innebära
1681 1607 96 33 dessa

273 1651 215 33 föreskrifter
510 1653 162 38 följande.

318 1709 359 41 Förbättringsbidrag
696 1712 59 32 och
776 1712 286 39 nybyggnadslån
1081 1714 113 33 kunna
1212 1715 142 38 beviljas
1374 1715 53 33 för
1445 1715 332 39 bostadsbyggnads-

275 1753 134 38 företag
432 1754 43 38 på
498 1754 124 39 landet,
646 1755 72 32 med
740 1756 175 38 undantag
938 1769 41 19 av
1003 1757 121 33 sådant
1146 1758 161 32 samhälle
1331 1770 69 20 som
1422 1759 12 31 i
1458 1760 40 31 34
1524 1758 18 40 8
1566 1759 210 32 hälsovårds-

273 1796 147 37 stadgan
444 1801 87 33 sägs,
558 1797 38 32 så
619 1797 61 32 ock
702 1798 88 32 inom
815 1799 104 31 sådan
942 1799 52 32 del
1019 1812 42 20 av
1086 1800 84 38 stad,
1197 1801 60 32 där
1281 1801 460 32 hälsovårdsföreskrifterna
1765 1801 12 31 i

274 1839 17 30 2
312 1838 78 38 kap.
409 1839 342 39 hälsovårdsstadgan
771 1841 183 39 tillämpas.

318 1881 357 38 Förbättringsbidrag
714 1882 36 32 få
788 1883 128 33 lämnas
954 1884 54 32 för
1044 1896 41 20 ur
1119 1884 271 40 hälsosynpunkt
1425 1885 181 39 påkallade
1645 1897 130 27 repara-

273 1923 108 32 tioner
401 1924 59 31 och
481 1924 106 32 andra
610 1924 357 39 förbättringsarbeten
989 1928 19 31 å
1028 1927 331 39 bostadslägenheter
1381 1932 86 28 samt
1489 1929 55 31 för
1564 1929 212 38 uppförande

272 1976 43 21 av
336 1978 68 25 nya
424 1966 330 39 bostadslägenheter
774 1968 11 31 i
808 1968 113 33 stället
942 1969 54 32 för
1017 1969 93 33 förut
1131 1970 190 38 befintliga,
1344 1970 212 39 bristfälliga
1578 1971 134 39 sådana,
1739 1972 37 31 så

273 2008 106 32 framt
404 2009 38 32 de
467 2009 261 39 ifrågavarande
752 2010 385 40 bostadslägenheterna,
1164 2014 37 31 så
1225 2012 67 32 vitt
1319 2012 54 33 för
1397 2014 208 32 närvarande
1631 2014 66 32 kan
1722 2014 52 32 be-

273 2050 125 39 dömas,
422 2056 54 27 äro
497 2052 178 38 behövliga
697 2052 53 32 för
772 2053 181 32 framtiden
975 2058 88 28 samt
1082 2055 189 32 sökandena
1291 2075 45 3 —
1358 2056 54 32 för
1433 2059 51 29 att
1504 2056 89 32 inom
1618 2057 60 31 den
1701 2061 73 27 när-

272 2097 106 28 maste
404 2094 88 31 tiden
517 2094 116 32 kunna
657 2095 194 37 genomföra
874 2096 244 33 vederbörande
1143 2097 315 39 byggnadsföretag
1481 2118 46 3 —
1552 2104 56 27 äro
1634 2099 11 31 i
1670 2098 104 32 behov

272 2147 43 21 av
343 2136 208 33 ekonomiskt
578 2137 134 32 bistånd
742 2138 60 32 och
832 2138 155 33 förbinda
1015 2139 54 38 sig
1096 2143 51 29 att
1174 2140 106 38 enligt
1309 2141 175 32 fastställd
1512 2141 262 39 byggnadsplan

271 2178 61 32 och
355 2178 87 32 inom
464 2178 209 33 föreskriven
694 2180 58 38 tid,
775 2180 12 31 i
809 2181 90 38 regel
919 2181 71 32 före
1009 2182 172 38 utgången
1204 2195 41 20 av
1267 2183 38 32 år
1328 2184 94 37 1934,
1445 2184 115 32 utföra
1582 2183 191 39 byggnads-

272 2220 184 38 företagen.
508 2220 78 33 Som
626 2222 197 38 ytterligare
863 2223 122 33 villkor
1014 2229 38 27 är
1081 2225 209 38 föreskrivet,
1320 2229 51 29 att
1399 2226 375 38 bostadslägenheterna

270 2262 88 33 efter
394 2263 371 40 byggnadsföretagens
805 2266 258 38 genomförande
1103 2267 93 33 skola
1223 2267 163 39 uppfylla
1412 2268 361 39 hälsovårdsstadgans

271 2305 95 33 krav.
410 2306 302 39 Bidragsbeloppet
733 2308 88 32 skall
845 2312 168 29 motsvara
1033 2310 70 32 viss
1127 2310 50 32 del
1200 2322 41 20 av
1264 2311 39 31 de
1326 2311 54 32 för
1400 2311 245 34 vederbörande
1665 2311 107 39 bygg-

271 2348 219 39 nadsföretag
514 2349 227 38 uppskattade
766 2350 233 34 kostnaderna.
1049 2351 117 34 Denna
1193 2353 52 32 del
1271 2353 89 32 skall
1385 2353 13 32 i
1424 2354 93 37 varje
1544 2355 140 32 särskilt
1709 2355 63 32 fall

269 2389 201 35 bestämmas
491 2392 74 32 med
587 2392 112 38 skälig
719 2393 133 37 hänsyn
873 2397 98 35 tagen
993 2394 54 32 till
1070 2395 184 32 sökandens
1277 2395 155 39 förmåga
1454 2398 51 30 att
1525 2397 88 38 själv
1632 2397 141 38 bidraga

271 2433 74 31 med
371 2434 193 39 penningar,
592 2435 160 38 material,
779 2439 207 35 transporter
1011 2437 61 32 och
1097 2441 74 35 eget
1196 2438 111 32 arbete
1334 2442 86 29 samt
1445 2438 54 32 till
1527 2439 62 32 den
1615 2443 67 28 rätt
1706 2439 66 33 han

271 2476 53 31 må
348 2480 65 34 äga
438 2480 48 29 att
510 2477 55 32 för
587 2477 349 40 byggnadsföretaget
959 2491 41 20 av
1024 2491 109 21 annan
1154 2480 107 32 undfå
1285 2481 197 38 ersättning.
1529 2481 18 32 I
1572 2482 88 38 regel
1684 2482 87 32 skall
