2192 2548
744 136 99 32 Stats-
858 131 175 45 Utskottets
1049 135 170 32 Utlåtande
1243 139 57 28 N:o
1325 137 27 30 8.
1801 140 13 26 i

983 470 91 29 N:o
1102 460 48 39 8&.

795 564 77 28 Ank.
896 564 44 28 till
965 564 101 29 Riksd.
1091 564 104 29 Kansli
1219 565 55 28 den
1300 565 37 28 27
1361 564 80 29 Mars
1467 565 90 39 1878,
1581 565 38 28 kl.
1645 566 17 27 3
1687 574 24 20 e.
1736 573 37 20 m.

440 656 212 45 Utlåtande,
696 657 190 46 angående
926 658 223 47 regleringen
1185 660 45 48 af
1256 659 202 49 utgifterna
1487 660 118 34 under
1633 659 225 35 Riksstatens

637 707 174 36 Femte
851 709 226 48 hufvudtitel.

1444 759 112 46 (1l:sta
1585 760 42 36 U.
1656 759 66 45 ÅA.)

368 859 240 36 Beträffande
652 860 45 35 de
734 861 9 33 i
774 859 171 37 afseende
975 864 19 32 å
1024 861 130 35 Femte
1185 860 261 37 hufvudtiteln
1477 862 91 35 eller
1597 862 175 45 anslagen
1802 860 56 36 för

230 915 233 43 sjöförsvaret
504 910 63 36 vid
610 911 249 35 innevarande
901 912 183 35 riksmöte
1128 913 9 33 i
1180 911 106 48 fråga
1328 913 137 34 komna
1502 912 264 46 förändringar
1802 911 55 35 får

231 959 196 37 Utskottet
456 961 65 35 här
551 961 120 35 nedan
701 960 140 48 afgifva
868 962 189 48 yttrande.

775 1059 544 49 Departementschefen.

370 1147 69 33 1:o.
495 1145 52 35 På
577 1145 62 35 det
667 1146 73 35 den
768 1145 58 35 till
856 1145 140 37 Chefen
1027 1146 56 35 för
1113 1145 557 48 Sjöförsvars-departementet
1698 1145 56 35 för
1771 1153 86 28 när-

233 1195 162 35 varande
439 1197 181 46 upplåtna
663 1195 300 48 boställsvåning
1004 1197 8 33 i
1051 1197 165 35 kronans
1261 1197 69 34 hus
1360 1200 20 31 å
1409 1196 299 48 Skeppsholmen
1740 1199 116 32 måtte

234 1246 128 34 kunna
407 1246 189 35 användas
640 1246 58 35 för
727 1247 345 47 stationstjenstens
1101 1246 127 44 behof,
1260 1247 65 34 har
1355 1246 132 47 Kongl.
1519 1246 104 46 Maj:t
1651 1245 205 46 föreslagit,

233 1301 54 29 att
328 1296 306 46 hyresersättning
676 1296 39 35 af
742 1299 109 42 2,000
882 1297 140 34 kronor
1051 1301 115 31 måtte
1195 1296 60 36 för
1283 1297 174 35 bemälde
1488 1296 373 48 departementschef

234 1347 164 41 anvisas;
442 1347 69 34 och
556 1346 47 36 då
644 1346 39 35 af
707 1347 414 47 statsrådsprotokollet
1149 1346 84 45 (Bil.
1263 1346 70 36 N:o
1363 1349 22 33 4
1414 1361 31 29 a,
1475 1359 82 35 pag.
1587 1349 20 33 2
1638 1347 67 34 och
1737 1345 37 45 3)
1803 1347 54 34 in-

233 1396 154 43 hemtas,
430 1402 56 29 att
527 1399 37 32 åt
606 1397 43 34 de
684 1398 235 46 tjenstemän,
951 1397 145 36 hvilkas
1127 1396 256 48 befattningar
1411 1396 270 36 företrädesvis
1712 1397 145 47 påkalla

235 1446 288 36 innehafvarnes
566 1447 148 47 dagliga
750 1447 277 36 tillstädesvaro
1058 1448 61 35 vid
1149 1448 200 42 stationen,
1380 1447 133 35 bostad
1544 1450 47 43 på
1620 1447 125 35 stället
1774 1447 82 34 icke

234 1496 71 35 kan
347 1497 160 35 beredas
543 1504 89 29 utan
663 1504 54 28 att
747 1497 252 36 omförmälda
1028 1498 297 47 boställsvåning
1355 1497 129 35 derför
1512 1503 106 41 tages
1648 1498 9 33 i
1687 1498 170 46 anspråk,

234 1553 96 28 samt
371 1546 59 36 för
472 1548 117 46 öfrige
629 1547 421 48 departementschefer,
1080 1554 107 29 utom
1217 1547 364 43 Utrikesministern,
1612 1548 246 46 hyresersätt-

234 1597 90 46 ning
351 1597 58 34 till
438 1597 63 35 det
530 1610 47 22 nu
608 1598 135 35 äskade
773 1599 177 46 beloppet
978 1599 120 34 finnes
1129 1598 169 43 anvisad,
1328 1598 215 35 hemställer
1571 1597 209 43 Utskottet,

693 1654 65 37 att,
789 1649 85 34 med
904 1648 106 35 bifall
1038 1648 58 35 till
1126 1648 247 35 förevarande
1403 1648 137 47 nådiga
1570 1647 288 47 framställning,

643 1699 168 45 anslaget
840 1699 56 34 till
926 1698 416 47 departementschefen
1373 1701 60 32 må
1463 1698 83 35 med
1579 1699 110 42 2,000
1720 1698 138 35 kronor

638 1747 177 49 förhöjas.

542 1845 184 38 Kansli-
753 1845 88 39 och
867 1846 685 48 kommandoexpeditionerna.

369 1934 71 33 2:o.
497 1930 142 37 Härvid
669 1932 70 35 har
769 1931 132 46 Kongl.
931 1932 105 47 Maj:t
1064 1932 207 48 föreslagit,
1301 1938 55 30 att
1390 1932 224 44 Riksdagen,
1630 1933 113 46 jemte
1760 1932 96 47 god-

234 1982 195 35 kännande
472 1981 41 36 af
551 1982 69 35 den
663 1983 10 34 i
717 1982 418 48 statsrådsprotokollet
1172 1982 154 47 intagna
1368 1989 71 29 stat
1459 1983 68 49 för
1557 1983 301 46 departementets

234 2032 136 35 kansli-
414 2034 60 34 och
517 2032 482 47 kommandoexpeditioner,
1030 2033 84 35 med
1145 2032 45 35 de
1220 2033 121 35 vilkor
1368 2031 56 37 för
1459 2032 224 47 åtnjutande
1714 2031 38 35 af
1779 2031 77 35 deri

235 2082 187 48 uppförda
452 2083 390 49 aflöningsförmåner,
873 2095 80 22 som
983 2084 9 33 i
1022 2083 135 47 nådiga
1186 2083 166 36 beslutet
1382 2083 194 47 angående
1605 2082 190 47 reglering
1824 2082 38 35 af

235 2132 375 37 löneförhållandena
640 2135 101 34 inom
772 2132 426 49 statsdepartementens
1227 2134 264 48 expeditioner
1521 2132 69 35 den
1613 2134 19 33 7
1651 2131 208 37 December

238 2184 93 34 1877
375 2183 139 36 funnos
552 2184 208 43 bestämda,
789 2187 115 32 måtte
933 2184 85 35 med
1049 2186 110 41 7,000
1189 2185 145 35 kronor
1362 2183 148 46 förhöja
1539 2182 64 35 det
1632 2195 47 21 nu
1708 2181 59 36 för
1797 2182 61 36 be-

321 2238 71 31 Bih.
417 2240 50 29 till
492 2239 111 31 Riksd.
628 2241 89 30 Prot.
743 2240 90 30 1878.
879 2239 20 30 4
922 2239 100 31 Saml.
1068 2240 18 29 1
1110 2240 78 38 Afd.
1234 2240 20 29 6
1280 2239 94 40 Höft.
1804 2242 12 25 1

1908 1154 144 31 Angående

1890 1190 174 30 hyresersätt-

1885 1225 63 29 ning
1964 1224 50 30 för
2033 1223 40 23 de-

1887 1258 177 30 partements-

1928 1291 101 30 ehefen.

1903 1940 144 31 Angående

1893 1982 34 23 ny
1947 1976 56 22 stat
2015 1975 51 30 för

1886 2008 183 30 departemen-

1889 2043 52 22 tets
1961 2043 108 30 expedi-

1929 2077 95 22 tioner.
