1916 2850
315 153 40 31 12
746 157 257 32 Statsutskottets
1025 159 169 31 utlåtande
1217 159 54 31 Nr
1293 162 75 28 144.

357 233 159 33 Härefter
538 234 62 32 har
624 235 371 42 departementschefen
1020 240 152 39 övergått
1194 238 51 32 till
1269 239 122 41 frågan
1415 250 56 20 om
1489 239 90 32 vilka
1596 239 207 42 byggnader,

312 296 75 21 som
420 287 54 32 för
507 289 212 32 närvarande
753 290 82 32 böra
869 293 95 39 tagas
997 291 12 32 i
1044 292 147 41 anspråk
1214 293 54 31 för
1291 293 226 41 etnografiska
1540 296 140 35 museet,
1705 294 98 32 och
1782 283 25 55 i

312 339 165 32 samband
511 341 141 33 härmed
685 342 128 41 jämväl
837 344 49 31 till
911 345 170 41 prövning
1103 346 156 41 upptagit
1283 346 41 31 de
1348 357 42 21 av
1415 346 40 31 de
1480 346 146 32 militära
1649 347 154 41 myndig-

310 392 140 32 heterna
473 395 212 33 framställda
708 397 229 32 önskemålen.

355 446 17 31 I
405 447 197 42 anslutning
624 449 52 31 till
700 449 40 33 de
764 450 175 32 allmänna
961 452 212 41 synpunkter
1195 452 11 31 i
1229 453 98 40 fråga
1351 463 56 21 om
1432 452 41 32 de
1496 464 47 20 nu
1568 452 148 32 aktuella
1738 454 64 30 frå-

310 510 107 30 gorna
441 511 54 21 om
520 501 317 42 byggnadsarbeten
854 504 54 32 för
924 506 80 30 våra
1020 516 142 28 museer,
1180 516 73 21 som
1270 506 373 41 departementschefen
1661 506 142 41 tidigare

309 553 171 42 framlagt,
516 554 62 32 har
612 556 69 31 han
711 556 119 33 uttalat
854 557 52 32 sin
931 558 196 42 anslutning
1151 558 49 32 till
1223 559 56 32 det
1303 570 42 21 av
1369 559 342 41 byggnadsstyrelsen
1736 559 66 32 den

310 606 42 31 23
386 606 134 41 januari
557 609 86 32 1930
677 610 192 41 framlagda
904 611 169 41 förslaget.
1121 612 100 32 Detta
1255 612 139 41 förslag,
1431 623 73 21 som
1535 615 124 39 avsåge
1683 613 121 32 endast

309 669 42 21 en
384 661 207 40 provisorisk
624 663 253 42 magasinering
901 675 42 22 av
967 665 239 41 samlingarna,
1230 666 139 32 komme
1393 666 144 42 givetvis
1561 670 48 28 att
1632 666 108 32 under
1759 677 42 21 en

308 712 133 33 kortare
465 714 48 32 tid
536 715 155 33 medföra
715 717 89 32 vissa
827 718 208 41 svårigheter
1058 719 54 31 för
1135 722 130 29 museet
1286 719 62 32 och
1366 719 75 32 dess
1458 719 122 39 arbete,
1598 731 79 20 men
1693 720 109 31 under

308 766 344 35 förhandenvarande
675 770 239 32 förhållanden
937 771 94 32 torde
1056 772 56 32 det
1134 783 82 21 vara
1239 772 66 32 den
1329 775 87 30 mest
1440 772 288 42 ändamålsenliga
1741 773 60 32 lös-

307 819 129 41 ningen
459 831 42 22 av
525 821 233 42 föreliggande
782 824 106 41 fråga.

352 873 117 42 Enligt
492 874 91 33 detta
608 876 126 41 förslag
756 877 108 32 skulle
889 888 42 21 en
954 888 42 22 av
1020 878 202 33 kasernerna
1246 880 107 31 förses
1370 879 77 32 med
1464 879 258 41 värmeledning
1737 880 63 32 och

307 925 73 33 däri
409 929 227 40 magasineras
661 930 65 32 den
751 931 53 32 del
828 941 42 22 av
895 932 240 41 samlingarna,
1153 943 73 21 som
1243 943 80 22 vore
1340 933 10 32 i
1367 933 247 42 oundgängligt
1630 934 110 32 behov
1757 945 43 21 av

307 982 214 39 uppvärmda
556 983 280 42 förvaringsrum,
862 985 107 32 under
993 985 56 32 det
1072 989 48 29 att
1144 997 41 21 en
1209 997 114 21 annan
1347 987 122 32 kasern
1493 986 108 33 skulle
1625 987 175 32 användas

305 1033 55 31 för
384 1033 126 34 sådana
533 1036 319 42 samlingsföremål,
878 1049 74 21 som
975 1038 73 33 icke
1072 1050 79 21 vore
1175 1040 11 31 i
1209 1039 111 33 behov
1345 1040 113 32 därav.
1499 1040 197 41 Sjukhuset,
1721 1041 78 31 med

306 1086 176 43 undantag
505 1099 42 22 av
571 1090 137 39 vinden,
734 1091 107 32 skulle
865 1091 275 41 iordningställas
1163 1092 49 32 till
1235 1093 255 41 tjänstelokaler
1513 1093 62 32 och
1600 1095 106 31 förses
1721 1093 79 32 med

306 1141 266 42 värmeledning,
608 1144 166 40 varjämte
807 1145 291 42 köksbyggnaden
1127 1146 107 32 skulle
1258 1147 188 41 ombyggas
1470 1147 50 32 till
1544 1147 254 33 värmecentral.

304 1193 180 41 Härjämte
508 1196 109 33 skulle
641 1197 190 41 sjukstallet
855 1199 157 41 upplåtas
1036 1199 50 32 till
1111 1200 242 41 skrymmande
1376 1200 152 33 föremål.
1576 1200 118 42 Enligt
1709 1201 90 40 djur-

304 1247 389 40 gårdskommissionens
716 1251 137 42 förslag,
878 1252 113 32 vartill
1014 1253 374 41 departementschefen
1412 1254 11 31 i
1448 1254 111 32 denna
1582 1254 55 32 del
1660 1254 139 32 anslutit

304 1300 61 41 sig,
391 1301 107 33 skulle
521 1303 54 31 för
598 1305 211 31 närvarande
833 1306 54 31 för
911 1307 226 40 etnografiska
1160 1310 147 29 museets
1330 1307 147 41 räkning
1499 1310 96 38 tagas
1618 1308 11 31 i
1651 1308 146 41 anspråk

304 1353 205 34 kasernerna
533 1356 15 31 I
572 1356 64 32 och
659 1357 60 32 III.
760 1357 177 33 Kasernen
960 1358 32 31 II
1018 1359 108 32 skulle
1150 1359 152 32 däremot
1321 1360 186 32 tillsvidare
1523 1362 52 30 stå
1591 1360 51 32 till
1658 1360 41 32 de
1714 1361 84 31 mili-

303 1409 74 29 tära
411 1408 300 42 myndigheternas
746 1411 211 40 förfogande.
1006 1412 52 31 Då
1081 1412 113 32 härtill
1217 1413 148 38 komme,
1391 1416 48 28 att
1463 1413 85 32 både
1572 1413 225 43 stallbyggna-

304 1460 106 32 derna
444 1462 63 31 och
537 1463 137 32 exercis-
699 1464 62 31 och
784 1464 164 33 ridhusen
971 1465 58 31 vid
1053 1466 242 32 förutvarande
1318 1466 272 42 livregementets
1615 1467 182 42 dragoners

301 1513 123 33 kasern
458 1520 162 27 ävensom
656 1517 243 41 stallflyglarna
922 1518 56 32 vid
1003 1519 241 32 förutvarande
1267 1520 530 42 positionsartilleriregementets

300 1566 124 33 kasern
459 1569 171 32 sannolikt
662 1575 92 27 ännu
791 1571 108 32 under
926 1572 80 31 flera
1030 1574 37 29 år
1090 1572 114 32 kunde
1228 1573 37 31 få
1288 1573 197 41 disponeras
1509 1584 43 22 av
1580 1574 41 32 de
1649 1574 148 32 militära

300 1621 295 42 myndigheterna,
620 1623 104 39 torde,
749 1624 105 41 enligt
876 1624 68 33 vad
967 1625 121 32 chefen
1112 1626 54 31 för
1181 1626 419 42 försvarsdepartementet
1615 1628 180 39 meddelat,

300 1673 42 32 de
370 1675 78 32 från
477 1675 97 33 dessa
603 1677 239 42 myndigheter
870 1678 213 32 framställda
1111 1679 219 33 önskemålen
1355 1681 36 31 få
1414 1691 97 21 anses
1535 1680 184 42 behörigen
1743 1681 52 32 be-

300 1723 133 51 aktade.
1027 1773 2 3 |

345 1781 132 33 Genom
513 1783 40 32 de
589 1783 144 32 sålunda
766 1784 195 42 föreslagna
991 1785 201 42 åtgärderna
1215 1786 108 32 skulle
1348 1787 226 41 etnografiska
1598 1792 130 28 museet
1751 1790 44 39 på

300 1834 53 31 sin
389 1846 66 30 nya
490 1836 87 41 plats
613 1837 140 32 komma
786 1841 51 28 att
872 1838 180 41 disponera
1089 1841 96 37 1,200
1217 1840 252 33 kvadratmeter
1493 1842 214 40 uppvärmda
1731 1842 63 32 och

300 1888 100 38 2,000
430 1889 250 33 kvadratmeter
703 1891 73 32 icke
800 1892 215 40 uppvärmda
1037 1893 322 41 förvaringslokaler
1382 1897 88 29 samt
1495 1895 63 31 235
1583 1895 210 32 kvadratme-

299 1944 51 29 ter
373 1942 254 40 tjänstelokaler
651 1943 78 33 eller
752 1944 119 32 inalles
895 1945 159 42 omkring
1077 1947 99 37 3,500
1200 1947 259 32 kvadratmeter.
1500 1947 66 32 För
1581 1948 212 33 närvarande

299 1994 223 41 disponerade
557 2000 132 29 museet
723 1998 93 32 inom
845 1998 169 33 kvarteret
1038 1999 209 33 Grönlandet
1270 2001 99 32 södra
1394 2004 46 29 ett
1463 2001 262 41 lokalutrymme
1749 2013 43 21 av

300 2049 97 37 1,719
422 2049 259 34 kvadratmeter.
719 2051 258 42 Förbättringen
1001 2063 80 22 vore
1105 2053 86 32 dock
1215 2054 119 32 endast
1357 2054 154 39 skenbar,
1537 2055 43 32 då
1604 2056 119 31 endast
1749 2067 43 21 en

297 2102 99 41 ringa
431 2103 52 32 del
518 2114 42 21 av
596 2104 230 42 samlingarna
861 2105 115 32 kunde
1010 2107 152 32 förvaras
1197 2107 11 31 i
1232 2108 236 41 ouppvärmda
1491 2108 135 33 lokaler.
1674 2109 117 32 Härav

296 2155 118 41 följde,
451 2160 48 28 att
533 2168 81 21 man
642 2160 107 30 måste
773 2159 107 32 räkna
904 2159 77 32 med
1006 2163 46 29 ett
1075 2160 217 41 fullföljande
1316 2163 38 30 så
1377 2165 93 28 snart
1493 2173 73 21 som
1591 2163 133 41 möjligt
1748 2174 43 21 av

297 2209 322 42 ändringsarbetena
654 2212 10 31 i
701 2211 41 33 de
777 2223 46 21 nu
859 2216 152 29 närmast
1044 2214 237 41 ifrågakomna
1317 2214 180 33 lokalerna.
1547 2216 125 32 Vidare
1696 2217 94 32 torde

296 2262 56 32 det
388 2263 90 33 bliva
513 2264 221 42 nödvändigt,
770 2269 48 29 att
853 2270 130 28 museet
1017 2267 204 32 åtminstone
1245 2268 108 32 under
1376 2268 198 42 budgetåret
1600 2269 187 39 1930/1931

295 2316 90 41 finge
410 2317 167 33 bibehålla
601 2318 41 32 de
666 2330 43 22 av
733 2319 190 33 detsamma
947 2331 47 21 nu
1018 2321 221 41 disponerade
1262 2321 174 33 lokalerna
1458 2323 12 31 i
1494 2323 168 32 kvarteret
1686 2323 103 32 Grön-

294 2368 116 34 landet
444 2381 99 22 norra
578 2372 63 31 och
676 2372 11 31 i
721 2373 206 41 fastigheten
956 2373 122 33 Västra
1108 2374 295 42 Trädgårdsgatan
1429 2377 49 30 10.
1527 2376 52 31 Då
1603 2375 186 33 emellertid

295 2422 99 32 dessa
416 2424 126 33 lokaler
566 2425 172 32 sannolikt
760 2426 94 32 inom
884 2438 41 21 en
949 2427 73 32 icke
1046 2427 114 33 alltför
1183 2428 160 41 avlägsen
1367 2429 141 32 framtid
1532 2431 107 30 måste
1663 2433 126 37 utrym-

295 2487 73 21 mas
393 2494 43 3 —
460 2478 40 32 de
524 2479 91 31 förra
638 2480 54 31 för
715 2482 49 29 att
786 2480 80 41 giva
890 2480 86 41 plats
1000 2482 54 31 för
1077 2492 42 21 en
1143 2481 148 32 tilltänkt
1315 2482 206 42 utvidgning
1541 2493 42 22 av
1599 2482 190 33 tandläkar-
