1880 2764
261 160 18 29 4
543 160 404 38 Bevillningsutskottets
972 160 216 29 betänkande
1212 169 41 19 nr
1276 160 37 28 51
1339 159 38 29 år
1402 159 82 29 1962

942 306 144 44 Förslag

988 379 51 29 till

268 449 211 43 förordning
505 449 181 43 angående
708 449 133 33 ändrad
861 449 128 43 lydelse
1012 461 44 21 av
1077 450 22 32 7
1123 449 22 43 8
1167 449 252 43 förordningen
1441 448 67 33 den
1530 448 44 33 26
1594 448 68 43 juli
1677 448 88 33 1947

680 500 61 43 (nr
767 499 87 43 576)
878 512 60 20 om
960 500 119 42 statlig
1099 499 254 33 inkomstskatt

310 596 211 39 Härigenom
540 597 196 34 förordnas,
756 600 48 27 att
824 598 16 29 7
864 598 15 36 $
898 597 251 39 förordningen
1169 598 67 29 den
1254 598 40 29 26
1312 597 67 39 juli
1401 596 80 30 1947
1503 606 56 20 om
1579 596 117 39 statlig
1715 596 50 29 in-

267 639 226 29 komstskatt!
515 639 88 30 skall
623 639 134 30 erhålla
776 640 132 29 ändrad
928 640 130 39 lydelse
1079 639 45 40 på
1145 640 68 29 sätt
1233 640 114 29 nedan
1369 639 150 39 angives.

437 724 224 36 (Nuvarande
683 724 145 39 lydelse)

599 808 65 37 178.

310 859 92 29 Från
429 859 289 37 skattskyldighet
741 877 39 2 —

269 910 73 21 som
370 901 419 39 hushållningssällskap:

311 943 54 29 för
385 944 45 28 all
450 943 169 36 inkomst;

309 987 33 33 e)
370 985 199 29 akademier
591 987 93 27 samt
704 985 292 34 Nobelstiftelsen,

267 1027 37 30 så
330 1027 65 29 ock
425 1028 178 29 allmänna
631 1028 365 38 undervisningsverk,

266 1069 131 30 sådana
426 1070 359 38 sammanslutningar
814 1079 40 20 av
884 1070 114 29 stude-

267 1111 106 30 rande
394 1112 58 29 vid
474 1112 106 29 rikets
603 1112 206 29 universitet
831 1112 65 29 och
916 1112 82 39 hög-

268 1154 115 29 skolor
413 1154 12 28 i
454 1154 94 29 vilka
577 1154 41 29 de
650 1154 210 29 studerande
891 1154 106 39 enligt

267 1196 158 38 gällande
447 1196 140 39 stadgar
608 1197 61 28 äro
691 1196 158 39 skyldiga
870 1198 50 27 att
940 1205 58 20 va-

266 1247 37 20 ra
325 1238 238 34 medlemmar,
587 1238 237 39 sjömanshus,
850 1238 148 30 svenska

267 1276 444 48 skeppshypotekskassan,
798 1281 200 29 norrlands-

266 1322 140 37 fonden,
434 1322 241 30 malmfonden
702 1323 55 29 för
781 1323 218 39 forsknings-

266 1364 64 29 och
362 1364 348 40 utvecklingsarbete,
742 1365 255 39 järnkontoret,

267 1407 37 29 så
323 1407 100 38 länge
443 1407 179 30 kontorets
641 1407 208 30 vinstmedel
870 1407 128 30 använ-

266 1449 61 29 das
351 1449 51 30 till
424 1449 145 29 allmänt
591 1449 136 39 nyttiga
750 1449 162 30 ändamål
933 1450 64 29 och

267 1491 160 29 kontoret
447 1491 76 29 icke
542 1491 137 29 lämnar
698 1491 181 39 utdelning
900 1492 35 29 åt
955 1492 42 29 si-

267 1542 44 20 na
341 1533 169 39 delägare,
544 1534 231 38 aktiebolaget
804 1534 192 39 tipstjänst,

267 1576 149 28 svenska
451 1576 307 38 penninglotteriet
793 1576 204 39 aktiebolag,

267 1617 178 30 allmänna
477 1618 309 38 pensionsfonden,
819 1618 179 39 pensions-

267 1660 177 35 stiftelser,
477 1660 178 29 allmänna
687 1660 217 39 sjukkassor,
936 1670 63 20 un-

266 1702 373 39 derstödsföreningar,
656 1703 80 29 med
751 1703 178 39 undantag
944 1703 54 30 för

266 1744 88 34 dem,
388 1744 95 30 vilka
515 1745 106 38 enligt
654 1745 78 29 sina
763 1745 140 39 stadgar
934 1746 62 38 äga

265 1786 159 30 meddela
451 1796 117 20 annan
592 1787 337 41 kapitalförsäkring
954 1788 41 28 än

267 1828 108 30 sådan
417 1838 74 20 som
529 1829 169 29 omfattar
737 1830 258 38 kapitalunder-

266 1871 75 29 stöd
363 1871 20 29 å
403 1871 101 39 högst
525 1871 61 29 300
608 1871 132 30 kronor
762 1872 54 29 för
836 1872 160 34 medlem,

264 1913 142 38 jämlikt
441 1914 99 38 lagen
576 1922 57 20 om
667 1914 214 39 aktiebolags
916 1923 82 30 pen-

267 1955 108 29 sions-
414 1956 66 28 och
518 1955 109 31 andra
665 1956 332 38 personalstiftelser

263 1997 137 30 bildade
423 1998 163 30 stiftelser
610 1999 56 29 för
688 1999 309 30 arbetslöshetsun-

267 2039 150 34 derstöd,
458 2040 183 39 sjukhjälp
680 2040 83 29 eller
802 2040 99 39 hjälp
940 2041 58 29 vid

266 2081 194 39 olycksfall,
482 2082 130 30 sådana
633 2083 210 39 ömsesidiga
863 2083 136 29 försäk-

266 2124 199 39 ringsbolag
480 2124 55 30 för
549 2124 201 39 försäkring
765 2134 40 20 av
819 2125 178 39 egendom,

267 2166 19 29 å
313 2166 94 30 vilka
435 2167 100 39 lagen
562 2176 57 20 om
649 2167 349 39 försäkringsrörelse

267 2208 74 29 icke
382 2209 80 38 äger
501 2209 224 39 tillämpning
765 2209 81 30 eller
886 2210 114 29 vilkas

265 2250 413 30 verksamhetsområden
726 2252 85 29 falla
856 2252 144 29 utanför

268 2293 201 29 Stockholm
490 2294 64 28 och
575 2294 150 29 omfatta
747 2294 146 29 allenast
913 2294 86 29 visst

269 2335 56 28 län
348 2335 83 29 eller
452 2336 54 28 del
528 2345 41 20 av
590 2336 68 34 län,
682 2337 163 28 ävensom
868 2336 132 29 sådana

268 2378 210 38 ömsesidiga
498 2378 330 39 försäkringsbolag,
851 2388 74 20 som
945 2388 55 21 av-

269 2428 52 21 ses
340 2420 11 28 i
370 2420 102 38 lagen
490 2429 56 20 om
564 2421 432 38 yrkesskadeförsäkring:

305 2481 8 14 1
332 2480 115 25 Senaste
469 2481 102 31 lydelse
590 2488 36 17 av
647 2481 16 24 7
683 2482 11 29 $
714 2488 28 17 se
762 2481 139 25 1961:527.

864 877 21 2 —
898 860 99 28 även-

1203 723 225 39 (Föreslagen
1448 723 147 39 lydelse)

1367 807 65 37 78.

1079 859 91 29 Från
1197 858 288 37 skattskyldighet
1513 876 24 2 —
1561 876 7 2 -

1037 910 74 21 som
1139 900 419 39 hushållningssällskap:

1080 943 54 29 för
1154 943 45 29 all
1218 943 170 35 inkomst;

1078 985 34 32 e)
1142 985 209 34 akademier,
1372 984 285 30 Nobelstiftelsen
1676 985 90 29 samt

1037 1027 173 39 stiftelsen
1240 1028 75 38 Dag
1345 1026 307 40 Hammarskjölds
1682 1026 88 29 Min-

1036 1069 160 39 nesfond,
1227 1070 38 29 så
1291 1070 64 28 ock
1384 1069 178 29 allmänna
1589 1068 180 29 undervis-

1036 1112 195 37 ningsverk,
1262 1112 129 29 sådana
1418 1111 351 37 sammanslutningar

1037 1163 41 20 av
1105 1154 211 29 studerande
1342 1154 58 29 vid
1428 1153 108 30 rikets
1564 1153 204 29 universitet

1036 1196 65 29 och
1125 1196 187 39 högskolor
1338 1198 9 28 i
1372 1196 94 29 vilka
1490 1196 41 29 de
1558 1195 210 29 studerande

1037 1238 106 40 enligt
1171 1238 158 38 gällande
1356 1238 140 39 stadgar
1524 1238 59 29 äro
1610 1237 160 39 skyldiga

1038 1283 50 27 att
1126 1290 84 20 vara
1250 1281 238 35 medlemmar,
1530 1279 239 40 sjömanshus,

1037 1323 149 29 svenska
1206 1322 444 39 skeppshypotekskassan,
1673 1331 96 20 norr-

1037 1365 245 34 landsfonden,
1309 1364 242 29 malmfonden
1577 1364 55 30 för
1658 1364 113 28 forsk-

1038 1407 117 39 nings-
1191 1408 65 28 och
1292 1407 347 39 utvecklingsarbete,
1676 1406 95 39 järn-

1040 1450 172 33 kontoret,
1246 1450 38 29 så
1317 1450 100 38 länge
1449 1449 181 29 kontorets
1663 1449 108 29 vinst-

1038 1492 111 29 medel
1179 1492 178 29 användas
1384 1491 52 29 till
1464 1491 146 29 allmänt
1637 1491 134 38 nyttiga

1040 1534 163 29 ändamål
1236 1534 64 29 och
1331 1534 162 29 kontoret
1525 1533 76 30 icke
1633 1533 138 29 lämnar

1038 1576 182 39 utdelning
1249 1576 34 30 åt
1312 1576 77 30 sina
1418 1576 170 39 delägare,
1618 1575 153 30 aktiebo-

1038 1618 90 39 laget
1156 1618 191 39 tipstjänst,
1376 1618 150 29 svenska
1551 1617 220 40 penninglot-

1038 1661 99 29 terietl
1161 1661 204 38 aktiebolag,
1390 1661 179 29 allmänna
1591 1660 180 39 pensions-

1039 1703 141 33 fonden,
1214 1702 345 40 pensionsstiftelser,
1593 1703 179 29 allmänna

1041 1741 218 48 sjukkassor,
1344 1745 426 38 understödsföreningar,

1038 1788 78 29 med
1143 1788 179 38 undantag
1348 1787 55 30 för
1429 1787 88 34 dem,
1544 1787 95 29 vilka
1664 1786 107 39 enligt

1040 1830 76 29 sina
1140 1830 139 38 stadgar
1304 1830 63 38 äga
1390 1829 160 30 meddela
1573 1838 118 20 annan
1713 1828 60 29 ka-

1039 1872 289 39 pitalförsäkring
1350 1873 44 28 än
1417 1872 108 29 sådan
1550 1880 73 21 som
1646 1871 127 29 omfat-

1034 1917 53 28 tar
1124 1915 328 39 kapitalunderstöd
1496 1914 20 30 å
1558 1914 102 39 högst
1705 1913 62 31 500

1039 1957 131 28 kronor
1188 1956 54 30 för
1259 1957 160 33 medlem,
1437 1956 141 39 jämlikt
1596 1957 101 37 lagen
1716 1964 56 20 om

1039 1998 213 39 aktiebolags
1275 1998 181 39 pensions-
1477 1998 65 30 och
1565 1998 111 29 andra
1698 2005 74 31 per-

1043 2040 268 30 sonalstiftelser
1343 2040 139 30 bildade
1516 2040 168 30 stiftelser
1717 2039 54 30 för

1039 2083 453 36 arbetslöshetsunderstöd,
1518 2082 185 40 sjukhjälp
1729 2082 44 30 el-

1039 2125 50 29 ler
1113 2125 99 39 hjälp
1238 2125 57 29 vid
1320 2125 195 38 olycksfall,
1543 2125 132 29 sådana
1701 2125 72 29 öm-

1040 2167 148 39 sesidiga
1213 2167 321 39 försäkringsbolag
1558 2167 54 30 för
1637 2166 136 30 försäk-

1040 2210 77 38 ring
1145 2219 41 20 av
1213 2210 177 38 egendom,
1420 2210 20 29 å
1466 2210 95 29 vilka
1587 2209 101 38 lagen
1716 2218 56 20 om

1040 2251 350 40 försäkringsrörelse
1415 2252 76 29 icke
1517 2252 80 38 äger
1622 2251 151 38 tillämp-

1041 2294 83 40 ning
1157 2294 82 29 eller
1270 2294 112 29 vilkas
1414 2293 359 30 verksamhetsområ-

1040 2336 66 30 den
1127 2336 85 31 falla
1231 2336 143 29 utanför
1395 2336 201 30 Stockholm
1617 2335 66 30 och
1702 2344 71 20 om-

1040 2378 89 29 fatta
1159 2378 146 29 allenast
1332 2379 87 29 visst
1448 2379 58 28 län
1535 2378 82 29 eller
1646 2378 54 29 del
1731 2386 41 20 av

1039 2420 67 35 län,
1131 2421 162 28 ävensom
1317 2420 133 30 sådana
1471 2420 211 38 ömsesidiga
1704 2420 69 29 för-

1614 875 40 3 —
1668 858 99 29 även-
