2227 2736
706 215 268 31 Stats-Utskottets
1003 216 167 32 Utlåtande
1192 218 56 29 N:o
1272 220 47 28 68.
1751 222 16 27 4

214 296 270 37 mentschefens
525 298 57 35 till
617 301 411 49 statsrådsprotokollet
1069 302 135 49 afgifna
1235 305 173 48 yttrande
1441 302 95 50 (pag.
1567 307 44 34 22
1641 308 68 35 och
1740 307 61 44 23)

210 347 177 48 framgår,
429 349 62 35 det
526 351 193 48 meningen
754 366 87 22 vore
875 361 54 27 att
957 360 87 39 göra
1075 354 121 36 denna
1225 356 235 48 korporation
1491 356 54 36 till
1575 370 44 22 en
1648 358 162 49 integre-

210 399 116 36 rande
369 400 56 34 del
468 399 40 36 af
538 400 62 36 det
629 415 71 35 nya
729 405 284 34 embetsverket.
1069 405 214 37 Emellertid
1313 408 66 35 har
1408 408 400 47 departementschefen

206 450 141 47 Jjemväl
377 451 8 34 i
416 450 75 36 ofta
521 452 211 49 åberopade
762 454 201 36 anförande
992 454 98 50 (pag.
1120 455 62 47 37)
1211 456 177 38 förklarat
1432 465 53 29 att
1514 458 61 36 det
1604 460 9 34 i
1636 461 174 37 ärendets

209 502 216 35 nuvarande
466 503 101 35 skick
609 511 126 41 syntes
777 505 133 35 honom
953 507 127 34 endast
1117 508 123 35 kunna
1269 508 269 48 ifrågakomma
1566 516 54 29 att
1648 512 165 37 erkänna

210 551 227 48 riktigheten
481 552 39 36 af
559 554 248 37 komiterades
848 557 110 35 tanke
992 557 9 34 i
1030 555 240 39 förevarande
1299 559 208 37 hänseende
1537 560 68 36 och
1636 561 171 38 behofvet

209 609 64 35 att,
314 604 9 33 i
357 603 68 36 den
456 607 83 32 mån
569 605 132 36 sådant
729 607 71 35 läte
828 608 56 47 sig
912 614 99 38 göra,
1041 608 226 50 förverkliga
1295 610 220 37 densamma.
1545 631 47 4 —
1623 611 185 39 Otvifvel-

209 654 118 44 aktigt
367 655 118 35 skulle
528 669 40 21 en
612 657 112 36 sådan
768 658 131 46 åtgärd
937 672 78 22 som
1051 659 70 36 den
1153 660 65 36 här
1246 661 182 49 åsyftade,
1458 662 163 37 särdeles
1648 677 59 23 om
1736 665 70 37 den

208 704 119 35 blefve
355 706 186 35 utsträckt
568 708 56 34 till
655 707 62 36 det
745 708 162 49 omfång,
935 723 79 22 som
1045 710 404 48 departementschefen
1480 715 9 34 i
1518 714 63 36 sitt
1603 713 109 38 ofvan
1731 729 75 23 om-

205 753 184 39 förmälda
431 758 191 35 uttalande
656 759 146 49 antydt,
832 761 149 35 komma
1010 767 53 29 att
1092 762 165 36 medföra
1287 764 30 46 ej
1348 764 216 49 obetydliga
1593 766 211 46 kostnader,

205 807 66 35 och
317 806 193 37 Utskottet
551 809 74 45 har,
669 823 57 22 om
765 818 45 28 än
853 812 104 35 dessa
993 812 200 37 kostnader
1221 814 79 36 icke
1329 823 63 28 äro
1421 815 152 37 afsedda
1601 824 53 28 att
1683 818 123 37 direkt

205 857 140 37 drabba
386 860 234 43 statsverket,
663 862 112 35 likväl
815 871 122 27 ansett
977 863 118 35 denna
1130 866 278 45 omständighet
1443 867 87 35 böra
1564 868 177 36 tillmätas
1771 871 31 46 ej

204 909 103 47 ringa
341 910 81 44 vigt
449 910 62 35 vid
542 912 249 35 bedömandet
820 912 38 36 af
883 914 257 45 lämpligheten
1171 922 55 28 att
1256 923 86 28 utan
1374 917 128 36 vidare
1531 918 198 49 utredning
1758 928 45 29 än

203 959 84 44 den,
328 974 80 22 som
450 975 51 22 nu
531 961 215 47 föreligger,
776 964 132 48 utbyta
942 964 418 50 Kommers-kollegium
1392 977 77 27 mot
1497 969 67 35 den
1594 969 210 47 föreslagna

203 1010 191 48 Styrelsen
424 1012 55 35 för
508 1012 161 37 handeln
703 1015 65 34 och
802 1016 229 46 näringarne.
1091 1016 128 36 Denna
1249 1031 126 22 senare
1403 1033 107 35 syses
1529 1021 180 47 nemligen
1736 1022 67 36 Ut-

202 1061 142 36 skottet
383 1063 11 34 i
436 1063 66 36 och
546 1063 56 36 för
642 1065 55 47 sig
739 1065 78 36 icke
851 1079 89 22 vara
968 1065 38 36 af
1033 1067 253 37 beskaffenhet
1315 1076 53 29 att
1398 1071 8 33 i
1437 1074 120 44 någon
1588 1072 213 48 betydande

202 1116 82 32 mån
327 1126 67 34 ega
435 1115 184 35 företräde
658 1114 154 37 framför
860 1117 426 46 Kommers-kollegium,
1329 1126 87 30 utan
1446 1122 119 35 skulle
1594 1122 166 37 fördelen
1791 1125 9 35 i

202 1163 130 47 sjelfva
374 1165 131 36 verket
544 1167 98 45 ligga
682 1167 52 34 uti
777 1167 70 35 den
891 1175 168 28 närmare
1093 1169 173 47 beröring
1303 1171 82 35 med
1413 1173 280 46 yrkesidkarne,
1722 1188 78 23 som

201 1215 115 35 skulle
346 1215 113 36 blifva
489 1230 40 22 en
562 1217 89 46 följd
682 1216 35 36 af
746 1231 45 22 nu
823 1219 247 35 omhandlade
1100 1221 149 42 åtgärds
1279 1221 235 47 vidtagande.
1554 1224 55 36 En
1628 1233 170 29 närmare

203 1266 199 43 utredning
431 1268 8 34 i
469 1267 100 35 detta
598 1267 184 43 afseende,
812 1271 180 43 utvåcude
1022 1273 45 45 på
1096 1272 30 46 ej
1158 1272 97 35 blott
1277 1278 53 30 ett
1350 1273 276 38 bestämmande
1644 1275 37 36 af
1694 1284 104 28 arten

200 1316 65 35 och
308 1318 190 46 omfånget
537 1317 39 36 af
614 1318 68 36 den
718 1320 216 48 ifrågasatta
964 1321 306 47 korporationens
1298 1325 246 44 verksamhet,
1574 1335 87 27 utan
1691 1328 107 35 äfven

200 1375 51 27 ett
284 1369 209 35 utrönande
522 1369 38 35 af
585 1369 43 35 de
659 1369 55 36 för
744 1369 211 37 densamma
986 1372 131 47 nödiga
1147 1374 267 36 kostnadernas
1444 1376 147 48 belopp,
1622 1378 64 35 har
1715 1378 83 36 der-

198 1416 79 37 före
305 1425 104 41 synts
441 1419 187 36 Utskottet
657 1434 87 22 vara
773 1421 232 48 erforderlig,
1034 1424 108 35 innan
1176 1430 112 43 något
1316 1426 119 36 beslut
1453 1426 113 37 fattas
1587 1441 56 22 om
1667 1430 130 46 sjelfva

198 1468 291 38 embetsverkets
518 1471 239 48 ombildning.

333 1519 185 50 Slutligen
565 1523 64 35 har
678 1523 192 36 Utskottet
916 1525 31 46 ej
992 1525 143 36 kunnat
1176 1527 120 35 lemna
1338 1529 192 35 oanmärkt
1572 1536 64 38 att,
1679 1528 116 52 enligt

199 1570 427 48 departementschefens
670 1575 188 35 uttalande
902 1576 8 33 i
942 1575 74 36 ofta
1045 1577 205 47 åberopade
1279 1578 203 37 anförande
1514 1581 52 34 till
1596 1583 200 35 statsråds-

200 1623 230 46 protokollet
470 1623 99 49 (pag.
613 1623 74 46 30),
730 1626 242 47 anledningar
1013 1628 79 35 icke
1135 1629 114 34 skulle
1283 1630 132 35 saknas
1445 1637 53 28 att
1527 1632 167 36 betrakta
1723 1633 70 35 den

198 1671 219 48 ifrågasatta
446 1674 187 49 Styrelsen
664 1679 117 32 såsom
811 1690 43 21 en
885 1677 444 46 öfvergångsinstitution.
1385 1680 108 37 Detta
1514 1684 187 35 uttalande
1729 1684 65 35 har

197 1731 106 39 synts
334 1724 189 36 Utskottet
552 1725 154 49 förtjent
735 1727 37 35 af
798 1728 150 47 mycken
975 1730 338 46 uppmärksamhet,
1333 1731 161 36 särdeles
1510 1746 74 22 som
1605 1733 188 37 Utskottet

197 1772 166 39 förestält
396 1777 57 44 sig
485 1783 54 28 att
581 1784 53 28 ett
666 1778 30 46 ej
742 1778 157 47 ovigtigt
930 1779 182 44 ändamål,
1140 1793 80 22 som
1250 1781 143 48 afsåges
1421 1796 131 34 genom
1584 1784 209 37 Kommers-

196 1824 147 48 kollegii
386 1827 245 46 ombildning,
674 1841 95 31 vore,
799 1835 53 28 att
892 1829 212 47 derigenom
1136 1831 62 35 det
1229 1834 250 45 proviso.iska
1508 1835 176 43 tillstånd,
1714 1849 76 22 som

195 1875 113 36 redan
350 1877 124 36 alltför
516 1879 106 46 länge
665 1879 82 35 rådt
789 1880 8 34 i
842 1880 120 35 denna
1001 1893 90 34 gren
1135 1881 37 35 af
1203 1881 283 50 förvaltningen,
1521 1886 118 35 skulle
1668 1887 123 36 kunna

194 1925 149 49 bringas
384 1928 55 34 till
481 1935 52 28 ett
573 1930 82 34 slut.
721 1930 71 35 Det
833 1930 162 36 rådande
1038 1933 218 45 provisoriet
1294 1934 119 36 skulle
1448 1937 217 44 emellertid,
1699 1937 93 36 efter

194 1976 93 36 hvad
330 1978 189 36 Utskottet
561 1987 94 28 trott
695 1981 55 45 sig
792 1981 123 35 kunna
944 1980 39 36 af
1008 1995 86 34 nyss
1125 1982 245 37 omförmälda
1411 1987 193 36 uttalande
1646 1989 143 40 sluta,
1772 1972 20 61 i

192 2027 131 46 sjelfva
351 2030 130 35 verket
510 2031 147 35 komma
688 2037 53 29 att
770 2031 153 36 fortfara
951 2033 67 34 och
1050 2034 93 34 blott
1170 2035 53 34 till
1253 2034 141 37 formen
1424 2037 192 43 ombildas,
1648 2039 67 35 och
1745 2053 43 21 en

192 2077 113 37 sådan
348 2080 130 47 åtgärd
515 2081 64 35 har
610 2080 190 37 Utskottet
828 2086 38 31 så
896 2083 143 47 mycket
1071 2084 138 35 mindre
1239 2086 141 35 kunnat
1407 2088 198 49 tillstyrka,
1634 2102 79 23 som
1743 2090 45 35 de

192 2130 84 34 med
318 2131 67 35 den
427 2144 73 35 nya
541 2134 295 45 organisationen
881 2133 171 36 förenade
1091 2135 203 45 utgifterna
1331 2136 57 36 för
1415 2139 233 44 statsverket,
1677 2142 115 46 enligt

192 2179 94 37 hvad
318 2181 107 36 ofvan
456 2190 40 28 är
525 2183 132 44 visadt,
686 2184 118 35 skulle
835 2185 143 35 komma
1008 2192 62 34 att,
1100 2186 8 34 i
1127 2187 136 41 stället
1290 2186 56 37 för
1374 2196 52 28 att
1456 2190 225 48 understiga,
1709 2192 79 35 med

192 2230 32 49 ej
255 2232 211 52 obetydligt
496 2234 136 49 belopp
664 2234 205 50 öfverstiga
896 2235 44 41 de
969 2237 225 36 nuvarande.
