1854 2782
394 153 452 30 Konstitutionsutskottets

285 237 185 36 (Gällande
498 237 146 40 lydelse)

99 315 52 29 las
168 314 250 39 länsstyrelsen
436 313 74 30 före
527 313 67 40 juli
612 312 148 31 månads
778 314 54 28 ut-

100 356 89 40 gång
211 356 57 30 det
291 356 49 33 år,
364 356 44 29 då
429 356 91 29 valet
543 355 89 30 skall
654 355 64 39 äga
741 363 90 21 rum.

144 399 20 29 2
189 407 105 20 mom.
324 398 71 29 Där
422 397 87 30 flera
534 398 55 29 val
617 397 167 30 förrättas
811 396 21 30 å

100 449 135 21 samma
256 440 68 39 dag
345 440 65 29 och
431 439 94 30 inför
548 448 134 21 samma
703 439 129 29 valför-

100 483 139 33 rättare,
266 482 99 30 skola
388 482 100 29 valen
514 481 166 30 förrättas
704 481 12 29 i
742 490 90 21 sam-

100 525 102 33 band,
227 524 38 30 så
288 526 51 28 att
363 523 136 31 tillfälle
523 523 142 30 beredes
687 523 144 39 väljare,

100 575 75 21 som
194 567 81 38 äger
293 566 106 30 utöva
418 566 144 30 rösträtt
580 565 59 30 vid
658 565 88 30 flera
765 565 66 33 val,

100 610 51 28 att
174 608 179 40 samtidigt
376 607 121 40 avgiva
520 607 77 30 sina
620 608 121 29 röster.
766 607 64 30 Om

99 650 315 39 sammanräkning
432 659 43 20 av
493 649 40 30 de
554 648 57 31 vid
628 649 42 30 de
688 648 145 31 särskil-

99 692 44 30 da
163 692 97 30 valen
280 691 147 40 avgivna
446 692 158 29 rösterna
623 691 92 30 skall
735 690 98 31 verk-

99 734 122 30 ställas
253 743 44 21 av
329 733 94 30 olika
455 732 252 41 myndigheter,
740 732 93 31 skall

100 776 143 31 särskilt
265 775 178 40 exemplar
463 784 42 21 av
525 775 224 39 röstlängden
771 784 63 20 an-

102 818 130 30 vändas
255 818 58 30 vid
335 818 95 39 varje
454 817 63 30 val.
539 817 181 30 Förrättas
740 826 94 21 sam-

103 860 100 40 tidigt
227 860 88 40 flera
341 860 44 30 än
413 859 55 31 två
494 859 63 36 val,
584 859 98 30 skola
707 859 90 30 dock
823 859 11 29 i

101 904 49 28 ett
171 902 64 30 och
258 911 137 21 samma
418 901 176 39 exemplar
617 901 133 39 införas
772 910 62 21 an-

102 944 204 40 teckningar
326 953 55 20 om
404 943 127 30 utövad
550 943 145 30 rösträtt
715 943 57 30 vid
790 943 43 30 de

102 986 64 36 val,
194 986 56 40 för
279 985 93 31 vilka
401 984 313 40 sammanräkning
741 985 93 30 skall

102 1028 205 30 verkställas
331 1037 42 21 av
396 1037 134 20 samma
552 1026 215 40 myndighet.

800 1092 42 32 34

148 1146 14 28 1
186 1154 105 21 mom.
317 1144 65 30 Vid
404 1145 53 29 val
478 1154 42 20 av
542 1143 290 40 landstingsmän,

101 1186 430 40 kommunalfullmäktige
577 1186 64 30 och
685 1185 150 30 munici-

101 1229 282 40 palfullmäktige
422 1228 38 30 så
499 1228 64 30 ock
603 1228 56 30 vid
698 1228 54 30 val
791 1237 43 21 av

102 1271 320 40 stadsfullmäktige
439 1270 56 40 för
512 1270 89 37 stad,
619 1279 74 21 som
712 1270 35 39 ej
764 1270 71 30 del-

103 1315 95 38 tager
218 1313 11 30 i
248 1313 188 39 landsting,
457 1313 163 29 ävensom
642 1311 56 31 vid
719 1312 54 30 val
791 1321 44 21 av

103 1354 335 41 kyrkofullmäktige
499 1354 57 40 för
616 1353 218 41 församling,

102 1406 74 22 som
200 1397 115 30 består
334 1406 43 20 av
397 1396 121 30 enbart
539 1396 193 39 landsbygd
752 1396 83 30 eller

103 1449 42 20 av
173 1439 194 39 landsbygd
395 1438 64 30 och
487 1438 79 30 stad
593 1438 161 39 förfares,
783 1447 53 20 se-

103 1481 68 30 dan
190 1481 11 29 i
220 1481 40 30 33
283 1480 15 37 8
320 1481 18 30 2
358 1489 104 21 mom.
483 1480 220 29 föreskrivna
721 1480 115 40 åtgär-

103 1523 61 30 der
185 1523 176 39 vidtagits,
382 1522 44 40 på
449 1522 156 39 följande
628 1522 78 30 sätt.

868 152 179 30 utlåtande
1066 161 42 20 nr
1128 152 17 29 7
1165 152 39 30 år
1226 152 83 29 1963
1566 153 37 30 13

1039 235 226 40 (Föreslagen
1286 235 147 40 lydelse)

872 311 88 40 gång
982 311 57 30 det
1061 311 49 34 år,
1133 310 44 31 då
1199 310 92 31 valet
1314 310 89 31 skall
1425 311 65 39 äga
1511 319 90 21 rum.

915 395 20 30 2
958 404 106 21 mom.
1092 395 71 30 Där
1190 394 89 30 flera
1304 394 57 31 val
1389 394 166 30 förrättas
1582 394 21 30 å

872 446 135 21 samma
1028 437 67 40 dag
1116 437 65 30 och
1202 436 95 30 inför
1319 445 135 22 samma
1475 435 128 31 valför-

871 480 139 34 rättare,
1037 479 98 30 skola
1160 480 100 28 valen
1286 478 167 30 förrättas
1476 478 12 30 i
1514 487 89 21 sam-

871 522 103 33 band,
999 522 37 29 så
1060 523 51 28 att
1133 520 139 31 tillfälle
1294 520 143 31 beredes
1459 520 143 40 väljare,

872 573 74 21 som
966 564 81 39 äger
1066 564 104 29 utöva
1190 563 145 30 rösträtt
1353 563 57 29 vid
1430 562 88 30 flera
1537 562 65 34 val,

872 608 50 27 att
946 605 178 40 samtidigt
1148 605 121 40 avgiva
1294 605 76 30 sina
1393 605 121 30 röster.

917 1437 114 30 Sedan
1058 1437 11 30 i
1095 1437 41 30 33
1165 1437 16 37 8
1210 1438 18 29 2
1254 1445 106 22 mom.
1385 1436 221 31 föreskrivna

874 1479 161 40 åtgärder
1068 1479 176 40 vidtagits,
1278 1478 152 40 förfares
1463 1478 46 40 på
1541 1478 65 30 föl-

873 1521 107 40 jande
1003 1522 80 29 sätt.

149 1565 34 33 a)
213 1565 236 30 Valkuverten
468 1565 134 38 öppnas
620 1582 44 3 —
680 1582 45 3 —
741 1582 45 3 —
803 1563 192 30 innehållet
1014 1565 146 37 uttages.

147 1607 37 34 b)
214 1607 166 29 Befinnes
397 1607 121 29 därvid
534 1624 44 4 —
593 1624 44 3 —
652 1624 43 3 —
712 1606 119 30 dessas
850 1606 105 29 antal.

147 1649 34 34 c)
211 1650 248 29 Förekommer
479 1648 188 39 anledning
685 1666 44 3 —
746 1666 45 4 —
807 1666 45 4 —
871 1648 119 30 dessas
1010 1648 105 29 antal.

148 1692 38 33 d)
215 1692 50 29 De
285 1691 183 35 valsedlar,
488 1709 44 3 —
550 1709 44 3 —
611 1709 45 3 —
676 1693 91 27 samt
788 1690 106 30 antal.

148 1733 34 34 e)
212 1734 49 29 De
283 1734 143 38 omslag,
446 1751 44 4 —
509 1751 44 3 —
571 1751 45 4 —
635 1732 20 31 å
675 1732 221 40 protokollet.

149 1775 30 34 f)
209 1776 13 29 I
244 1776 209 39 protokollet
473 1793 43 4 —
535 1793 45 4 —
598 1793 44 4 —
663 1775 115 30 sedlar
798 1774 139 40 inlagts.

149 1818 35 39 g)
214 1818 270 39 Förrättningen
506 1817 61 30 bör
588 1835 44 3 —
651 1835 45 3 —
714 1835 45 4 —
780 1816 61 30 äro
863 1817 159 30 obrutna.

152 1860 40 35 h)
224 1860 115 30 Sedan
362 1860 42 29 de
431 1860 10 28 i
468 1859 118 35 a)—f)
616 1859 223 30 föreskrivna

109 1902 207 39 åtgärderna
347 1902 164 39 vidtagits
545 1904 89 27 samt
666 1901 174 39 valproto-

109 1945 105 29 kollet
234 1944 162 39 upplästs
415 1944 64 29 och
499 1943 78 30 dess
598 1942 166 40 riktighet
784 1942 56 29 be-

108 1986 151 30 kräftats
281 1996 42 20 av
344 1985 236 31 ordföranden
595 1985 64 30 och
673 1985 56 29 två
743 1994 42 20 av
799 1984 41 30 de

109 2028 228 33 närvarande,
370 2028 153 29 avslutas
555 2026 286 39 valförrättning-

109 2079 53 20 en.
178 2069 97 29 Skall
292 2068 432 39 röstsammanräkningen
743 2067 98 30 verk-

109 2111 120 29 ställas
261 2120 42 20 av
334 2119 116 21 annan
484 2111 43 28 än
561 2110 279 38 valförrättaren,

110 2153 129 39 åligger
254 2152 58 29 det
327 2152 111 29 denne
454 2154 50 27 att
521 2151 251 40 ofördröjligen
788 2151 53 30 till

111 2195 67 29 den
196 2194 214 39 myndighet,
431 2203 75 20 som
523 2194 64 28 har
606 2196 50 27 att
674 2193 168 30 verkstäl-

111 2237 33 28 la
161 2236 367 38 sammanräkningen,
545 2235 149 29 insända
710 2235 73 29 dels
800 2235 41 29 de

112 2278 192 38 förseglade
328 2278 143 38 omslag,
495 2286 74 20 som
593 2286 98 20 avses
714 2277 9 28 i
747 2277 94 28 detta

111 2319 164 36 moment,
296 2319 73 30 dels
388 2318 277 39 valprotokollet,
685 2318 73 30 dels
778 2318 64 29 ock

112 2361 234 39 röstlängden.
381 2361 85 29 Sker
498 2360 233 29 insändandet
763 2359 80 30 med

112 2406 132 37 posten,
275 2403 89 29 skall
396 2402 240 30 försändelsen
667 2402 176 29 anordnas

113 2454 75 22 som
204 2445 195 39 värdepost.
415 2444 53 30 Då
483 2443 126 30 sådant
626 2443 217 30 insändande

143 2504 32 31 24
217 2503 111 30 Bihang
347 2502 47 24 till
410 2502 168 30 riksdagens
595 2502 147 30 protokoll
760 2502 76 24 1963.

922 1858 39 35 h)
994 1858 112 30 Sedan
1132 1859 41 29 de
1200 1859 10 28 i
1237 1858 119 35 a)—f)
1389 1857 219 31 föreskrivna

878 1900 208 39 åtgärderna
1116 1900 165 39 vidtagits
1315 1902 90 28 samt
1437 1900 172 39 valproto-

878 1942 106 29 kollet
1004 1941 160 40 upplästs
1184 1941 65 30 och
1270 1942 78 30 dess
1368 1941 167 40 riktighet
1554 1941 56 30 be-

877 1984 152 30 kräftats
1051 1994 43 20 av
1114 1984 237 29 ordföranden
1365 1984 65 29 och
1443 1984 57 29 två
1514 1992 42 21 av
1569 1983 40 30 de

878 2025 228 34 närvarande,
1139 2026 154 29 avslutas
1325 2025 286 39 valförrättning-

878 2077 53 20 en.
951 2066 275 40 Valförrättaren
1243 2067 92 29 skall
1350 2066 153 40 därefter
1519 2066 91 31 oför-

879 2109 172 39 dröjligen
1069 2109 52 30 till
1138 2109 66 30 den
1222 2109 215 39 myndighet,
1455 2117 75 22 som
1547 2108 64 30 har

880 2153 50 28 att
953 2151 190 29 verkställa
1167 2151 368 39 sammanräkningen,
1560 2151 50 29 in-

881 2192 109 31 sända
1008 2193 73 29 dels
1100 2193 41 29 de
1160 2192 194 39 förseglade
1373 2193 144 38 omslag,
1537 2201 74 21 som

881 2243 98 21 avses
1004 2234 10 29 i
1040 2234 113 29 denna
1178 2233 175 40 paragraf,
1379 2234 73 30 dels
1476 2234 135 39 valpro-

881 2276 155 33 tokollet,
1065 2276 73 29 dels
1167 2276 65 29 ock
1261 2276 235 38 röstlängden.
1527 2276 84 29 Sker

881 2317 234 30 insändandet
1147 2317 78 29 med
1256 2319 134 37 posten,
1423 2317 88 29 skall
1543 2317 69 29 för-

882 2359 183 30 sändelsen
1086 2358 175 30 anordnas
1283 2367 73 21 som
1377 2359 195 39 värdepost.

872 2501 83 24 saml.
972 2502 15 23 2
1005 2503 63 23 avd.
1085 2501 39 23 Nr
1141 2502 12 22 7
