1856 2780
270 131 18 29 6
565 133 453 33 Konstitutionsutskottets
1039 137 178 31 utlåtande
1236 148 42 20 nr
1299 140 15 29 7
1335 140 39 30 år
1395 141 84 29 1963

457 215 183 34 (Gällande
669 217 147 40 lydelse)

270 289 141 30 Samma
435 291 54 39 lag
512 300 77 21 vare
612 292 11 29 i
643 293 80 29 stad
743 293 56 39 för
818 295 184 39 magistra-

272 332 65 35 ten,
354 332 91 29 dock
460 334 51 28 att
527 336 270 35 sammanträde,
813 346 74 20 som
905 338 97 29 skul-

271 373 28 29 le
315 374 114 30 hållas
459 375 7 29 å
483 375 160 40 måndag,
663 377 11 29 i
690 377 116 30 stället
822 379 82 39 äger
920 389 79 21 rum

269 415 101 30 nästa
397 416 76 40 dag.
502 418 280 31 Sammanträdet
809 421 88 30 skall
924 421 77 30 bör-

268 456 38 40 ja
338 457 152 31 klockan
525 460 56 38 sju
615 460 286 42 eftermiddagen,
935 464 65 30 och

268 508 80 21 vare
375 499 314 42 förhandlingarna
716 503 193 41 offentliga.

313 541 113 30 Sedan
460 543 57 29 vid
552 546 275 30 sammanträdet
862 547 138 31 tillfälle

268 582 152 32 lämnats
440 584 53 30 till
512 585 207 32 bemötande
738 597 42 21 av
799 589 123 39 gjorda
939 599 61 21 an-

268 625 229 40 märkningar
527 628 78 29 med
635 629 70 30 rätt
735 629 55 30 för
819 631 77 34 den,
925 634 74 28 mot

267 666 136 31 vilkens
444 669 142 30 rösträtt
626 672 236 40 anmärkning
900 673 99 31 blivit

267 708 106 40 enligt
404 709 42 32 42
480 710 15 37 $
528 711 209 36 framställd,
768 716 50 28 att
848 715 151 40 åberopa

266 749 131 39 jämväl
430 753 307 40 omständigheter,
769 765 74 20 som
873 757 126 31 inträf-

267 791 51 31 fat
341 792 90 30 efter
453 794 66 30 den
546 795 37 30 18
605 796 78 39 juli,
706 797 89 30 skall
817 799 182 31 valnämn-

265 833 66 30 den
350 834 83 30 eller
451 836 227 39 magistraten
698 839 81 30 över
796 840 96 40 varje
912 841 11 29 i
942 841 57 31 be-

266 876 100 40 hörig
414 877 51 30 tid
516 878 197 32 framställd
763 883 236 40 anmärkning

267 919 214 30 omedelbart
511 921 81 29 eller
623 925 117 27 senast
769 924 110 39 dagen
908 925 90 30 efter

267 960 116 30 slutad
417 961 225 42 förhandling
675 965 165 31 avkunna
871 966 126 35 beslut,

267 1010 84 26 som,
369 1004 80 29 med
467 1005 192 38 angivande
676 1006 11 29 i
703 1007 139 31 korthet
859 1018 42 20 av
919 1009 78 30 skä-

266 1043 54 30 len
354 1044 132 35 därför,
519 1047 143 30 tecknas
695 1048 20 30 å
747 1049 66 30 den
845 1051 151 38 prövade

266 1086 417 41 anmärkningsskriften.

310 1127 13 29 I
346 1128 225 40 röstlängden
690 1150 12 3 -

309 1170 247 41 Röstlängden,
592 1173 148 31 sålunda
773 1176 125 35 rättad,
932 1186 64 21 un-

264 1211 198 32 derskrives
488 1223 42 20 av
554 1215 233 31 valnämnden
816 1218 81 29 eller
922 1228 74 21 ma-

262 1252 181 39 gistraten.
466 1256 71 29 Har
558 1258 234 40 anmärkning
813 1262 72 27 mot
907 1261 88 30 röst-

263 1295 150 40 längden
444 1297 31 39 ej
509 1298 94 30 inom
634 1299 143 41 behörig
806 1301 51 30 tid
887 1302 108 30 fram-

264 1338 124 34 ställts,
422 1340 106 29 varde
562 1340 96 40 intyg
692 1342 121 30 därom
849 1353 42 20 av
923 1345 72 29 val-

262 1379 197 31 nämndens
480 1382 210 31 ordförande
711 1384 82 29 eller
811 1385 183 40 magistra-

264 1422 55 28 ten
340 1422 142 31 tecknat
502 1423 19 30 å
541 1424 160 40 längden.

961 1538 41 30 46

307 1582 27 29 1.
369 1582 68 30 Vill
472 1583 112 40 någon
618 1584 102 40 klaga
754 1586 79 30 över
866 1587 125 34 beslut,

261 1631 74 21 som
352 1623 11 29 i
381 1623 41 32 45
444 1624 15 37 $
480 1625 87 39 sägs,
586 1627 80 38 göre
684 1628 123 29 härom
826 1629 165 30 anmälan

259 1665 63 30 hos
362 1667 255 31 valnämndens
657 1669 210 31 ordförande
909 1671 82 30 eller

258 1707 229 39 magistraten
510 1712 120 36 genast
651 1711 83 29 eller
754 1712 62 30 sist
837 1712 19 30 å
877 1713 113 40 tredje

259 1749 110 40 dagen
395 1750 80 30 från
500 1751 66 30 den
591 1752 77 40 dag,
693 1753 43 30 då
760 1754 149 30 beslutet
933 1765 57 20 av-

258 1790 195 36 kunnades,
476 1793 66 30 och
561 1793 113 40 ingive
696 1795 76 30 sina
793 1796 122 30 besvär
936 1797 53 30 till

260 1832 214 41 Konungens
512 1835 372 40 befallningshavande
925 1839 63 30 sist

256 1874 20 30 å
297 1875 118 31 tionde
437 1877 111 39 dagen
569 1877 79 30 från
670 1879 219 30 sistnämnda
911 1880 77 40 dag.

300 1917 65 30 Det
384 1918 131 40 åligger
533 1920 253 31 valnämndens
807 1921 181 31 ordföran-

256 1958 41 30 de
319 1959 83 29 eller
423 1960 227 40 magistraten
673 1964 62 32 att,
756 1963 45 29 då
822 1964 165 30 anmälan

255 2008 57 21 om
335 2000 124 31 besvär
482 2003 90 34 sker,
595 2003 122 30 därom
741 2005 83 39 göra
846 2006 141 30 anteck-

254 2041 85 40 ning
375 2043 59 30 vid
473 2044 149 31 beslutet
660 2046 20 29 å
719 2047 268 41 anmärknings-

255 2084 150 30 skriften
430 2088 91 28 samt
544 2088 60 33 att,
629 2088 107 29 sedan
759 2089 66 29 den
849 2089 54 30 för
925 2099 61 21 an-

253 2126 118 30 mälan
408 2127 183 32 bestämda
626 2130 51 29 tid
716 2131 140 39 utlupit,
894 2131 92 31 oför-

253 2167 173 41 dröjligen
448 2169 149 31 insända
619 2171 53 30 till
695 2173 212 39 Konungens
929 2174 56 30 be-

252 2209 329 41 fallningshavande
604 2214 127 39 utdrag
752 2223 42 20 av
815 2215 170 41 röstläng-

251 2251 67 30 den
336 2252 11 29 i
366 2253 42 29 de
428 2254 106 34 delar,
555 2264 73 20 som
648 2256 90 39 angå
756 2256 132 35 besvär,
907 2267 77 20 var-

251 2301 57 21 om
341 2295 166 30 anmälan
541 2296 101 35 skett,
676 2298 164 29 ävensom
872 2299 112 30 hand-

251 2334 160 40 lingarna
432 2338 148 30 rörande
601 2338 102 30 dessa
723 2339 132 30 besvär.

293 2376 30 30 2.
348 2377 90 31 Avse
460 2378 166 31 besvären

1209 223 225 41 (Föreslagen
1455 225 146 39 lydelse)

1039 298 36 38 ja
1109 298 149 30 klockan
1293 299 57 39 sju
1384 300 287 41 eftermiddagen,
1706 304 64 29 och

1039 348 79 21 vare
1146 340 313 41 förhandlingarna
1486 343 193 40 offentliga.

1083 550 111 29 Sedan
1228 550 57 30 vid
1321 553 276 30 sammanträdet
1631 555 138 30 tillfälle

1038 591 151 31 lämnats
1208 592 52 30 till
1279 592 208 32 bemötande
1506 604 42 20 av
1555 596 135 39 gjorda
1709 606 60 20 an-

1038 633 227 40 märkningar
1294 636 80 29 med
1403 637 70 29 rätt
1503 636 55 30 för
1587 638 78 34 den,
1696 641 73 28 mot

1039 674 135 31 vilkens
1213 677 144 30 rösträtt
1396 679 236 40 anmärkning
1670 680 98 31 blivit

1037 717 106 39 enligt
1173 717 41 31 42
1247 718 16 37 $
1296 719 210 36 framställd,
1536 723 51 28 att
1618 722 150 40 åberopa

1036 758 130 39 jämväl
1198 761 307 40 omständigheter,
1538 772 75 21 som
1644 764 125 30 inträf-

1037 800 51 30 fat
1110 801 89 30 efter
1220 803 67 29 den
1313 803 39 30 18
1374 804 78 39 juli,
1476 805 89 29 skall
1587 806 181 30 valnämn-

1037 842 65 30 den
1132 844 81 29 över
1240 845 96 38 varje
1366 846 11 28 i
1407 846 143 40 behörig
1579 848 51 29 tid
1660 848 108 30 fram-

1037 885 102 30 ställd
1172 887 235 40 anmärkning
1439 889 213 30 omedelbart
1684 891 84 29 eller

1037 929 115 28 senast
1186 928 110 39 dagen
1329 929 89 30 efter
1451 930 116 30 slutad
1600 931 167 31 förhand-

1036 968 71 40 ling
1136 969 164 31 avkunna
1329 971 124 35 beslut,
1484 981 84 26 som,
1598 974 79 29 med
1707 983 60 20 an-

1036 1010 144 39 givande
1208 1012 11 29 i
1247 1012 140 31 korthet
1415 1023 43 20 av
1486 1015 121 29 skälen
1635 1016 131 34 därför,

1035 1053 143 30 tecknas
1199 1054 20 29 å
1239 1055 65 29 den
1326 1056 151 38 prövade
1498 1057 268 40 anmärknings-

1036 1094 159 31 skriften.

981 1135 113 31 beslut
1118 1136 209 32 föranledas.

1079 1179 245 40 Röstlängden,
1360 1181 148 31 sålunda
1541 1183 127 35 rättad,
1702 1193 63 20 un-

1034 1220 195 31 derskrives
1259 1232 42 19 av
1329 1223 245 31 valnämnden.
1605 1226 71 29 Har
1705 1235 60 20 an-

1033 1263 187 40 märkning
1249 1267 72 27 mot
1351 1266 225 39 röstlängden
1606 1267 30 39 ej
1668 1268 95 29 inom

1033 1304 141 41 behörig
1204 1306 49 29 tid
1284 1306 219 36 framställts,
1533 1309 105 29 varde
1667 1310 97 39 intyg

1033 1346 120 30 därom
1188 1357 42 20 av
1263 1349 254 31 valnämndens
1551 1351 212 30 ordförande

1034 1388 139 30 tecknat
1195 1389 20 30 å
1237 1390 160 40 längden.

1030 1538 27 37 8.

1077 1590 26 28 1.
1140 1590 65 29 Vill
1240 1591 114 39 någon
1387 1592 103 40 klaga
1523 1594 81 29 över
1636 1595 125 34 beslut,

1031 1639 74 21 som
1130 1631 9 29 i
1165 1632 40 29 45
1233 1632 15 36 $
1276 1634 88 38 sägs,
1390 1635 79 38 göre
1494 1635 122 30 härom
1641 1638 120 28 anmä-

1030 1672 56 29 lan
1109 1673 64 30 hos
1196 1675 253 31 valnämndens
1472 1677 211 31 ordförande
1707 1687 54 31 ge-

1029 1716 79 28 nast
1138 1715 83 30 eller
1252 1717 62 29 sist
1345 1717 20 30 å
1395 1718 113 39 tredje
1537 1720 112 39 dagen
1679 1721 81 30 från

1029 1756 65 29 den
1112 1757 76 40 dag,
1207 1758 43 29 då
1269 1759 149 30 beslutet
1437 1761 238 36 avkunnades,
1695 1764 65 29 och

1028 1798 112 39 ingive
1160 1799 77 30 sina
1255 1800 123 30 besvär
1398 1802 53 30 till
1471 1803 213 40 Konungens
1703 1805 57 30 be-

1029 1839 325 41 fallningshavande
1392 1844 63 30 sist
1491 1845 19 29 å
1546 1845 118 31 tionde
1699 1847 60 30 da-

1028 1890 62 31 gen
1120 1882 77 31 från
1227 1884 219 31 sistnämnda
1475 1886 75 40 dag.

1070 1925 64 29 Det
1154 1925 128 40 åligger
1301 1927 255 32 valnämndens
1576 1930 182 30 ordföran-

1026 1965 41 30 de
1092 1968 61 32 att,
1178 1967 44 30 då
1246 1969 165 30 anmälan
1436 1979 57 20 om
1517 1970 124 31 besvär
1667 1973 89 33 sker,

1026 2007 120 30 därom
1175 2009 81 39 göra
1284 2011 212 40 anteckning
1522 2012 57 30 vid
1607 2014 150 30 beslutet

1025 2050 19 29 å
1070 2051 405 40 anmärkningsskriften
1502 2057 91 28 samt
1617 2058 62 32 att,
1706 2066 51 20 se-

1025 2091 68 30 dan
1122 2092 66 30 den
1218 2093 54 29 för
1300 2095 165 30 anmälan
1494 2096 182 31 bestämda
1704 2098 51 30 tid

1025 2134 138 39 utlupit,
1182 2135 251 41 ofördröjligen
1451 2138 150 30 insända
1618 2140 52 29 till
1689 2140 67 30 Ko-

1024 2184 158 31 nungens
1219 2177 371 41 befallningshavande
1629 2182 126 39 utdrag

1024 2226 41 20 av
1088 2219 223 39 röstlängden
1335 2220 10 29 i
1370 2221 41 29 de
1435 2222 106 34 delar,
1566 2232 75 20 som
1664 2225 90 38 angå

1022 2259 131 34 besvär,
1182 2270 118 20 varom
1329 2263 165 29 anmälan
1522 2264 102 35 skett,
1652 2266 102 29 även-

1023 2309 73 21 som
1121 2302 255 40 handlingarna
1401 2305 147 30 rörande
1572 2307 102 30 dessa
1697 2308 56 29 be-

1023 2343 87 29 svär.

1031 2383 54 30 för
1106 2384 252 42 delgivningen.
