1862 2782
402 145 454 32 Konstitutionsutskottets
876 144 180 31 utlåtande
1075 153 43 20 nr
1137 144 17 29 7
1174 143 40 30 år
1234 143 83 30 1963
1597 143 14 31 1

812 432 103 36 Nr
886 428 32 50 7

336 532 453 32 Konstitutionsutskottets
816 531 180 31 utlåtande
1022 531 11 29 i
1057 529 190 40 anledning
1271 537 43 22 av
1337 527 127 41 Kungl.
1489 527 125 39 Maj:ts

558 582 218 41 proposition
801 582 81 30 med
906 581 133 40 förslag
1066 580 53 30 till
1144 580 55 40 lag
1224 578 179 41 angående
1429 577 150 40 ändring
1605 576 11 30 i

558 633 98 41 lagen
674 642 56 21 om
751 632 56 30 val
824 632 52 30 till
891 631 188 41 riksdagen
1097 640 46 20 m.
1160 639 46 21 m.
1223 629 110 40 jämte
1351 629 12 30 i
1378 629 119 29 ämnet
1515 626 101 31 väck-

559 685 34 29 ta
612 683 184 30 motioner.

160 788 67 30 Till
245 786 427 32 konstitutionsutskottet
690 785 65 29 har
773 783 90 30 båda
881 783 192 29 kamrarna
1091 782 66 29 den
1179 781 38 30 12
1236 789 95 21 mars
1352 779 83 30 1963
1453 778 163 31 hänvisat

117 848 44 21 en
186 848 42 21 av
252 837 125 40 Kungl.
403 836 107 40 Maj:t
535 835 55 31 till
613 834 190 40 riksdagen
827 833 138 30 avlåten
991 831 228 41 proposition,
1245 840 43 20 nr
1313 830 51 34 56,
1388 829 76 31 vari
1489 828 127 40 Kungl.

117 889 116 40 Maj:t,
256 888 111 30 under
389 886 221 40 åberopande
633 894 43 21 av
698 883 263 41 propositionen
984 882 107 39 bilagt
1115 881 126 39 utdrag
1263 890 43 21 av
1329 879 289 40 statsrådsproto-

117 940 106 30 kollet
244 940 81 29 över
345 934 557 44 justitiedepartementsärenden
923 932 55 31 för
998 933 68 30 den
1091 932 39 30 15
1152 931 156 31 februari
1332 930 83 30 1963
1438 928 180 40 föreslagit

118 990 186 39 riksdagen
324 990 49 29 att
393 989 129 38 antaga
539 986 59 31 vid
616 984 265 42 propositionen
899 983 126 39 fogade
1044 982 132 39 förslag
1194 981 52 30 till

165 1039 34 35 1)
228 1040 55 39 lag
304 1038 178 40 angående
504 1036 149 39 ändring
673 1036 11 29 i
705 1036 103 38 lagen
827 1035 68 29 den
916 1034 41 29 26
979 1032 187 31 november
1188 1031 82 30 1920
1297 1031 60 34 (nr
1378 1030 80 34 796)
1485 1038 57 21 om
1563 1028 55 30 val

119 1091 52 30 till
189 1090 201 39 riksdagen;
411 1089 93 29 samt

164 1140 36 35 2)
229 1141 56 39 lag
302 1148 57 22 om
378 1138 149 39 ändring
545 1137 11 30 i
573 1135 230 32 kommunala
820 1134 159 40 vallagen
997 1133 67 30 den
1083 1132 19 30 6
1119 1132 79 40 juni
1218 1131 83 30 1930
1325 1131 59 34 (nr
1402 1129 96 35 253).

164 1191 13 30 I
195 1190 170 31 samband
380 1189 79 30 med
475 1187 266 41 propositionen
755 1186 66 30 har
836 1184 172 31 utskottet
1024 1183 52 30 till
1092 1182 212 39 behandling
1322 1180 153 31 förehaft
1492 1179 128 41 följan-

120 1243 43 29 de
186 1242 12 30 i
222 1240 187 39 anledning
434 1248 42 21 av
500 1237 264 41 propositionen
788 1235 135 34 väckta,
948 1234 53 30 till
1026 1233 170 31 utskottet
1220 1231 193 31 hänvisade
1436 1230 184 33 motioner,

121 1292 175 39 nämligen

165 1340 224 40 likalydande
405 1339 28 30 1:
450 1339 62 30 597
533 1348 41 20 av
590 1338 80 29 herr
687 1336 81 30 Eric
785 1335 163 31 Carlsson
965 1343 46 21 m.
1028 1333 38 40 fl.
1085 1334 65 29 och
1168 1333 45 29 11:
1231 1333 62 30 739
1311 1341 43 20 av
1369 1332 84 29 herr
1467 1331 153 29 Larsson

120 1393 11 28 i
151 1392 125 30 Luttra
293 1399 45 22 m.
358 1390 50 39 fl.,

166 1439 223 40 likalydande
409 1439 29 29 I:
455 1438 64 31 598
540 1447 43 20 av
602 1437 82 29 herr
703 1435 176 40 Dahlberg
898 1443 46 22 m.
966 1433 38 41 fl.
1026 1434 65 29 och
1112 1433 45 29 11:
1175 1432 62 31 738
1258 1441 42 21 av
1320 1432 81 29 herr
1420 1430 201 31 Johansson

122 1492 11 28 i
155 1490 220 39 Norrköping
397 1497 45 22 m.
466 1488 38 40 fl.
530 1489 90 29 samt

167 1540 222 39 likalydande
410 1539 29 28 1:
455 1538 64 30 599
540 1547 42 20 av
601 1537 82 29 herr
700 1536 204 31 Svanström
925 1543 47 21 m.
992 1533 38 40 fl.
1051 1533 65 30 och
1137 1533 44 30 II:
1199 1532 60 30 737
1281 1541 41 20 av
1342 1532 81 29 herr
1442 1529 149 31 Hamrin
1612 1529 11 30 i

124 1591 143 29 Kalmar
284 1599 45 20 m.
347 1589 38 40 fl.

168 1693 49 28 De
237 1692 10 28 i
268 1690 262 40 propositionen
550 1687 197 40 framlagda
766 1686 235 40 lagförslagen
1021 1686 37 29 är
1078 1693 42 21 av
1140 1683 156 40 följande
1316 1682 140 40 lydelse.

167 2461 10 25 1
222 2458 110 30 Bihang
344 2456 46 24 till
401 2456 170 30 riksdagens
582 2453 148 32 protokoll
742 2453 74 24 1963.
829 2453 14 24 5
859 2451 83 25 saml.
953 2451 16 24 2
979 2451 64 24 avd.
1056 2451 41 25 Nr
1119 2451 13 22 7
