1916 2852
568 163 260 30 Statsutskottets
847 163 166 30 utlåtande
1035 163 50 29 Nr
1110 168 67 26 198.
1587 162 37 30 17

111 252 111 33 'funne
241 251 181 38 anledning
441 256 50 28 att
509 252 11 32 i
540 251 229 38 huvudsaklig
788 251 328 32 överensstämmelse
1135 251 75 33 med
1229 250 165 33 motionen
1414 250 141 37 vidtaga
1576 250 47 31 åt-

117 294 86 38 gärd
217 298 80 28 utan
312 297 52 29 att
377 294 147 32 avvakta
539 294 378 38 utredningsresultatet
929 313 45 3 —
987 293 107 32 vilket
1109 294 12 30 i
1137 293 221 32 förevarande
1374 292 160 32 avseende
1549 291 75 32 icke

118 337 94 32 torde
231 337 112 32 kunna
364 336 167 39 föreligga
552 336 132 38 färdigt
704 337 114 30 förrän
839 336 144 37 tidigast
1002 336 11 31 i
1034 335 102 32 slutet
1156 347 41 20 av
1218 335 38 31 år
1278 335 82 31 1931
1381 353 44 3 —
1444 335 106 31 måste
1570 334 55 32 det

117 379 108 39 enligt
247 379 238 38 beredningens
508 378 135 39 mening
664 391 83 19 vara
770 378 54 32 för
846 377 325 39 utredningsarbetet
1197 377 187 38 angeläget,
1409 379 51 30 att
1482 376 142 32 bestäm-

117 422 120 32 melser
256 421 220 38 meddelades,
498 433 68 20 som
587 422 43 37 på
652 424 47 29 ett
719 420 193 39 otvetydigt
932 423 68 30 sätt
1020 420 68 31 läte
1108 420 164 38 åtgärden
1293 419 143 32 framstå
1458 419 54 32 för
1532 417 91 33 kom-

117 476 160 20 munerna
301 465 107 31 såsom
432 467 48 29 ett
502 464 225 38 provisorium
748 475 42 21 av
812 463 79 31 kort
912 462 226 38 varaktighet.

163 506 168 38 Slutligen
354 506 61 32 har
439 507 240 31 statskontoret
705 505 199 38 framhållit,
930 508 50 29 att
1004 505 188 37 utgifterna
1218 504 55 32 för
1296 503 330 33 folkskoleväsendet

118 549 155 39 utgjorde
290 562 37 20 en
345 549 189 38 betydande
551 552 107 35 tunga
676 549 53 31 för
746 548 248 37 kommunerna,
1014 547 60 32 och
1094 551 50 30 att
1161 547 201 32 åtminstone
1379 546 91 32 vissa
1490 558 42 20 av
1552 546 72 32 dem

118 593 94 32 torde
231 604 80 20 vara
331 592 12 31 i
364 595 86 29 stort
469 591 105 33 behov
594 604 43 19 av
656 591 131 32 lättnad
808 591 11 31 i
839 590 264 38 utgiftsbördan.
1145 588 123 33 Starka
1291 589 74 32 skäl
1387 591 113 35 syntes
1522 588 103 32 alltså

118 634 70 33 tala
207 635 55 32 för
278 638 50 28 att
346 634 159 38 åtgärder
521 634 154 38 vidtoges
694 634 11 31 i
725 633 61 32 den
805 633 161 38 riktning,
985 632 245 32 motionärerna
1249 634 120 30 avsett.
1405 630 53 33 Då
1478 630 146 33 emeller-

117 677 51 32 tid
190 677 120 38 frågan
332 689 50 20 om
405 677 127 31 ändrad
553 676 194 38 fördelning
767 675 121 33 mellan
911 678 68 29 stat
1000 674 59 32 och
1080 674 158 32 kommun
1260 686 42 19 av
1323 673 225 32 kostnaderna
1571 673 55 31 för

118 719 329 33 folkskoleväsendet
468 719 117 32 endast
607 730 78 20 vore
706 730 38 20 en
768 718 51 31 del
842 730 42 19 av
907 718 54 31 det
983 721 90 29 stora
1094 716 157 38 komplex
1274 728 42 20 av
1338 716 117 38 frågor
1478 726 50 21 om
1552 715 73 31 ord-

117 762 123 32 nandet
264 774 40 20 av
328 762 91 32 vissa
445 761 214 32 ekonomiska
685 760 297 32 mellanhavanden
1008 759 122 32 mellan
1156 761 107 30 staten
1290 758 60 32 och
1374 757 250 37 kommunerna,

117 804 108 32 vilket
247 804 101 38 jämte
373 816 39 20 en
437 804 52 31 del
514 804 105 31 andra
644 803 164 38 spörsmål
832 814 77 20 vore
935 801 140 32 föremål
1100 801 54 32 för
1178 801 182 37 utredning
1384 812 41 20 av
1451 800 63 31 den
1539 811 27 20 s.
1591 798 22 33 k

119 846 554 38 skatteutjämningsberedningen,
693 845 110 32 kunde
824 845 54 31 det
898 844 165 33 måhända
1083 855 83 21 vara
1185 843 129 32 mindre
1333 841 157 39 lämpligt
1510 844 52 30 att
1581 853 45 20 nu

117 890 55 31 till
194 889 144 33 särskild
360 888 202 38 behandling
583 893 151 34 upptaga
756 888 38 32 de
816 888 11 31 i
850 887 203 32 motionerna
1076 885 213 33 framställda
1312 884 181 39 förslagen.
1518 883 107 33 Stats-

117 932 153 32 kontoret
291 931 108 33 skulle
422 932 53 31 för
495 932 50 31 sin
568 932 52 31 del
642 943 78 20 anse
742 930 160 32 önskvärt
924 933 51 28 att
996 929 106 38 sagda
1122 928 184 38 beredning
1327 930 103 30 sattes
1451 927 12 31 i
1484 926 141 32 tillfälle

118 978 51 29 att
190 978 80 34 taga
292 974 142 32 nämnda
457 974 131 37 förslag
609 973 106 31 under
737 973 233 37 omprövning;
994 971 60 32 och
1078 970 196 33 föreställde
1298 970 53 38 sig
1373 968 251 37 statskontoret,

118 1021 52 29 att
190 1018 44 37 på
256 1017 89 32 detta
368 1020 68 29 sätt
457 1028 44 20 nu
521 1016 265 38 ifrågavarande
808 1015 60 32 och
890 1014 54 32 till
967 1016 158 35 äventyrs
1148 1018 83 27 även
1253 1012 105 33 andra
1382 1011 135 33 därmed
1540 1022 84 21 sam-

118 1060 118 38 höriga
263 1059 161 38 spörsmål
450 1058 108 33 skulle
583 1058 115 32 kunna
725 1058 91 31 föras
844 1057 90 32 fram
959 1056 54 32 till
1040 1056 51 32 sin
1117 1055 134 38 lösning
1276 1058 82 29 utan
1383 1054 111 37 någon
1520 1056 106 29 större

118 1102 218 33 tidsutdräkt.

163 1192 115 33 Såsom
299 1193 11 32 i
335 1193 204 32 motionerna
561 1193 67 32 I:9
653 1192 60 32 och
735 1192 87 32 II:9
847 1190 218 39 framhållits,
1087 1190 63 31 har
1172 1189 123 38 frågan
1318 1200 51 20 om
1394 1187 231 38 fördelningen

116 1257 43 19 av
179 1245 39 32 de
236 1244 169 32 allmänna
424 1243 276 33 skattebördorna
720 1243 105 32 under
844 1254 114 20 senare
976 1241 51 33 tid
1046 1240 171 38 tilldragit
1236 1240 52 38 sig
1308 1251 39 20 en
1366 1238 155 33 alltmera
1539 1242 87 33 steg-

118 1296 60 33 rad
205 1295 308 39 uppmärksamhet.
562 1295 105 32 Detta
695 1293 278 38 sammanhänger
1000 1291 239 38 otvivelaktigt
1266 1290 72 32 med
1368 1290 91 32 dessa
1489 1289 137 32 bördors

116 1348 206 38 benägenhet
345 1351 52 29 att
419 1347 148 38 alltjämt
589 1351 99 27 växa.
734 1346 19 31 I
777 1345 181 38 synnerhet
981 1344 55 32 för
1060 1344 38 32 de
1122 1343 128 32 mindre
1274 1341 215 37 bärkraftiga
1513 1341 111 31 lands-

116 1398 236 32 kommunerna
371 1398 88 31 hava
479 1397 193 37 härigenom
692 1395 123 33 vållats
835 1394 173 33 kännbara
1029 1393 218 39 svårigheter,
1268 1393 61 31 och
1348 1392 78 31 från
1445 1390 181 33 statsmak-

118 1453 112 28 ternas
256 1449 72 32 sida
353 1449 88 31 hava
468 1448 99 32 också
595 1447 101 32 sedan
722 1446 155 38 åtskillig
903 1446 50 32 tid
979 1444 159 38 åtgärder
1162 1444 164 37 vidtagits
1353 1443 54 31 för
1432 1446 51 28 att
1507 1441 120 32 bereda

117 1500 132 32 lättnad
276 1500 12 31 i
316 1500 95 31 dessa
440 1498 208 38 svårigheter
677 1497 60 32 och
765 1496 176 38 samtidigt
968 1494 231 33 åstadkomma
1226 1506 40 19 en
1296 1493 178 32 rättvisare
1504 1491 122 33 fördel-

117 1550 81 38 ning
222 1562 42 20 av
286 1550 174 32 bördorna.
507 1548 125 33 Genom
657 1548 55 32 det
733 1547 124 32 hittills
879 1545 233 40 praktiserade
1135 1542 491 40 skatteutjämningsförfaran-

118 1601 56 32 det
196 1601 62 32 har
280 1600 175 38 onekligen
480 1599 172 38 åtskilligt
673 1598 147 32 vunnits.
868 1598 65 31 Att
956 1597 54 32 det
1034 1596 136 32 härmed
1195 1595 144 32 avsedda
1363 1594 102 31 målet
1490 1593 85 33 dock
1597 1593 29 37 ej

117 1652 71 32 helt
205 1652 129 31 kunnat
353 1652 71 38 nås,
445 1651 152 37 framgår
616 1649 103 33 bland
738 1652 103 29 annat
860 1660 43 20 av
923 1648 60 32 den
1004 1646 217 38 ståndpunkt,
1242 1658 68 20 som
1331 1644 179 39 riksdagen
1533 1643 95 33 såväl

119 1704 39 31 år
180 1704 84 31 1928
287 1714 68 20 som
378 1703 39 31 år
440 1703 83 31 1929
545 1701 127 38 intagit
693 1700 55 32 till
770 1700 123 37 frågan
916 1710 51 20 om
990 1710 38 20 en
1052 1697 153 32 rationell
1228 1696 190 38 utjämning
1439 1708 42 19 av
1503 1695 125 32 skatte-

118 1753 133 39 trycket
268 1754 87 31 inom
374 1753 249 31 kommunerna.
664 1751 50 33 Dei
763 1751 91 32 detta
872 1749 184 32 hänseende
1075 1748 118 38 gjorda
1211 1747 337 37 framställningarna
1568 1745 60 33 och

118 1804 217 32 uttalandena
355 1803 87 32 hava
463 1802 178 33 resulterat
660 1803 12 31 i
692 1805 51 28 att
764 1801 129 38 Kungl.
914 1800 102 38 Maj:t
1036 1800 61 32 den
1119 1800 40 31 18
1181 1798 137 32 oktober
1339 1798 83 32 1929
1443 1797 125 32 tillsatt
1589 1809 38 20 en

118 1855 183 38 kommitté,
327 1855 60 32 den
416 1866 26 21 s.
469 1854 33 33 k.
529 1851 556 39 skatteutjämningsberedningen,
1113 1850 74 31 med
1213 1849 154 38 uppdrag
1394 1852 51 28 att
1470 1848 87 31 inom
1586 1847 42 31 fi-

119 1906 347 37 uansdepartementet
491 1904 133 32 biträda
652 1904 75 31 med
752 1902 180 37 utredning
958 1913 43 20 av
1027 1901 123 37 frågan
1178 1912 51 19 om
1257 1899 154 32 rationell
1437 1898 191 38 utjämning

119 1968 42 20 av
178 1955 245 38 skattetrycket
438 1956 86 30 inom
542 1954 239 32 kommunerna
799 1956 87 29 samt
902 1951 104 33 andra
1023 1951 135 32 därmed
1176 1949 325 38 sammanhängande
1517 1953 110 33 spörs-

118 2007 79 32 mål.
240 2006 192 32 Resultatet
454 2018 41 19 av
517 2005 106 32 denna
644 2003 179 38 utredning
844 2002 93 32 torde
960 2001 84 33 dock
1064 2001 73 32 icke
1159 2000 113 32 kunna
1295 2000 173 32 förväntas
1491 1999 137 37 förelig-

120 2070 45 26 ga
190 2058 104 32 under
317 2057 60 32 den
403 2059 168 29 närmaste
597 2054 192 32 framtiden.
838 2053 18 32 I
880 2052 108 32 likhet
1010 2052 74 32 med
1108 2051 65 32 vad
1201 2063 68 20 som
1293 2051 12 31 i
1330 2050 204 33 motionerna
1560 2049 67 33 I:9

119 2110 61 32 och
206 2110 85 31 II:9
319 2107 217 40 framhållits,
564 2107 113 31 finner
701 2105 164 33 utskottet
893 2104 54 32 det
973 2103 73 32 icke
1073 2115 81 20 vara
1182 2102 115 38 billigt
1323 2102 60 32 och
1410 2101 138 38 rimligt,
1576 2104 50 29 att

120 2160 104 32 under
250 2159 60 33 den
336 2158 60 38 tid,
423 2169 68 20 som
519 2156 143 33 sålunda
686 2156 107 32 måste
820 2154 158 39 förflyta,
1004 2154 101 31 innan
1133 2153 61 32 den
1221 2152 175 32 tilltänkta
1423 2151 205 32 omvandlin-

120 2222 63 26 gen
204 2209 66 32 kan
291 2209 121 32 tänkas
435 2220 81 20 vara
538 2206 208 39 genomförd,
769 2217 77 20 man
869 2204 88 33 skall
980 2204 70 33 låta
1074 2204 51 37 sig
1148 2203 94 38 nöjas
1266 2203 73 32 med
1362 2203 54 31 det
1438 2214 44 20 nu
1504 2201 123 32 tilläm-

120 2260 85 38 pade
225 2257 544 39 skatteutjämningsförfarandet.

164 2310 76 33 Med
259 2310 131 37 hänsyn
409 2308 117 32 härtill
546 2308 62 31 har
627 2306 165 32 utskottet
812 2305 113 32 funnit
945 2305 52 37 sig
1018 2304 81 32 böra
1119 2303 133 32 ansluta
1273 2303 53 38 sig
1346 2303 55 31 till
1421 2303 59 31 den
1501 2303 12 30 i
1533 2314 94 26 nyss-

121 2361 142 33 nämnda
291 2360 160 32 motioner
477 2358 150 33 uttalade
655 2357 274 39 uppfattningen,
956 2359 52 28 att
1035 2355 55 32 det
1117 2354 108 38 gäller
1252 2358 51 27 att
1331 2354 94 31 finna
1453 2353 175 37 tillfälligt

121 2410 214 34 användbara
357 2412 155 36 utvägar,
534 2420 79 27 som,
636 2408 44 37 på
703 2418 125 21 samma
852 2406 90 38 gång
965 2405 37 32 de
1024 2409 65 33 äga
1111 2403 121 40 effekt,
1255 2403 83 32 dock
1361 2402 72 33 icke
1456 2402 172 38 föregripa

121 2463 61 31 den
208 2460 193 38 slutgiltiga
426 2459 174 38 lösningen
625 2470 43 20 av
693 2454 515 40 skatteutjämningsproblemet.
1256 2453 177 32 Likaledes
1460 2454 104 31 måste
1591 2452 38 32 de

161 2534 119 32 Bihang
304 2532 45 28 till
373 2532 174 32 riksdagens
570 2529 141 35 protokoll
736 2531 90 25 1930.
874 2530 17 25 6
914 2527 82 28 saml.
1044 2529 35 25 91
1107 2526 75 32 häft.
1228 2522 57 34 (Nr
1310 2521 84 34 198.)
1571 2523 18 28 2

1666 1190 147 25 Utskottets

1676 1223 128 32 yttrande.
