1912 2846
281 156 40 30 36
736 161 261 28 Statsutskottets
1019 161 163 29 utlåtande
1207 162 48 28 Nr
1281 166 67 26 198.

1570 297 122 40 Bilaga
1714 300 37 32 C€.

506 521 70 32 Till
601 522 213 38 Riksdagens
838 522 230 33 statsutskott.

331 615 18 31 I
370 614 161 33 skrivelse
554 614 54 32 till
630 615 88 32 Herr
741 614 192 33 Statsrådet
954 616 42 31 E.
1018 616 45 32 A.
1084 616 143 32 Beskow
1251 617 61 33 den
1335 618 19 31 4
1377 617 156 33 sistlidna
1558 619 151 33 februari
1732 620 62 32 har

287 657 195 38 riksdagens
502 657 219 32 statsutskott
738 657 73 32 med
832 658 72 31 stöd
924 669 41 20 av
985 659 42 32 46
1048 658 18 39 8
1087 658 341 40 riksdagsordningen
1448 660 154 39 anhållit,
1622 665 52 29 att
1693 665 98 30 stats-

287 700 94 32 rådet
407 700 171 38 behagade
601 700 141 32 utverka
768 700 128 38 Kungl.
919 701 120 37 Maj:ts
1065 701 188 39 befallning
1278 702 55 32 till
1358 703 434 39 skatteutjämningsbered-

287 743 120 37 ningen
427 746 51 28 att
497 743 75 32 med
593 743 179 38 anledning
793 755 42 20 av
855 748 118 28 tvenne
996 743 218 39 likalydande
1236 745 171 38 motioner,
1430 758 40 19 nr
1493 747 19 31 9
1534 747 12 31 i
1570 747 108 33 första
1700 747 91 32 kam-

286 797 112 20 maren
420 785 60 33 och
502 797 41 20 nr
564 786 19 32 9
605 786 12 31 i
639 786 104 31 andra
767 785 203 39 kammaren,
995 798 52 20 om
1070 786 118 39 anslag
1211 787 55 32 till
1288 787 192 39 utjämning
1504 801 42 20 av
1567 789 225 33 kostnaderna

287 828 54 31 för
369 827 247 39 uppehållande
644 840 41 20 av
721 828 331 33 folkskoleväsendet
1079 829 123 38 avgiva
1232 830 159 38 yttrande
1420 831 218 33 beträffande
1669 832 122 38 frågan

287 882 73 21 »om
381 871 60 32 och
460 871 12 31 i
494 870 113 33 vilken
627 871 74 33 mån
722 875 49 28 ett
792 871 99 32 bifall
912 871 54 33 till
987 871 39 32 de
1051 872 6 31 i
1079 872 143 32 nämnda
1245 873 161 32 motioner
1429 873 217 33 framställda
1667 875 124 37 yrkan-

288 913 83 32 dena
397 914 54 31 må
484 912 134 33 komma
647 916 50 29 att
727 913 171 38 föregripa
929 914 56 31 det
1015 914 35 32 åt
1078 914 222 39 beredningen
1331 915 219 33 anförtrodda
1581 917 210 38 utrednings-

286 955 221 38 uppdraget».
554 956 19 31 I
597 955 146 39 enlighet
773 956 135 33 härmed
933 956 63 32 har
1020 956 223 38 beredningen
1269 969 116 26 genom
1411 958 105 38 nådig
1542 958 161 34 skrivelse
1731 960 61 32 den

291 1000 17 30 7
334 998 154 33 sistlidna
514 999 150 32 februari
689 999 182 33 anbefallts
895 1003 51 28 att
971 1000 38 31 så
1030 999 203 38 skyndsamt
1258 1012 69 21 som
1351 1001 134 39 möjligt
1510 1002 60 32 och
1596 1007 113 28 senast
1733 1003 60 32 den

289 1042 40 31 10
351 1041 119 32 dennes
492 1040 55 32 till
568 1041 165 32 utskottet
753 1041 169 32 inkomma
943 1041 75 33 med
1044 1042 55 32 det
1121 1042 139 32 sålunda
1283 1042 148 38 begärda
1453 1043 186 38 yttrandet.

332 1083 67 32 Till
425 1082 215 39 fullgörande
663 1083 104 33 härav
797 1084 59 32 och
881 1084 42 32 då
948 1084 56 32 det
1029 1084 140 32 sålunda
1193 1084 75 33 icke
1292 1085 93 32 torde
1410 1085 176 33 ankomma
1613 1087 44 37 på
1680 1086 111 33 bered-

288 1126 122 38 ningen
433 1130 52 28 att
507 1126 109 32 uttala
641 1127 53 38 sig
717 1138 51 20 om
792 1127 240 38 lämpligheten
1057 1131 51 28 att
1132 1127 54 32 för
1208 1128 263 48 ifrågavarande
1497 1129 155 32 ändamål
1678 1131 114 32 anvisa

286 1168 107 48 medel
418 1168 12 31 i
456 1168 182 48 riksstaten
664 1169 54 32 för
742 1169 199 38 budgetåret
957 1168 227 33 1930—1931
1212 1169 82 32 eller
1317 1174 52 28 att
1394 1170 11 32 i
1432 1170 94 33 detta
1551 1172 241 37 sammanhang

285 1210 86 49 ingå
385 1211 12 31 i
417 1210 166 39 prövning
605 1222 41 21 av
669 1211 133 39 frågan,
823 1211 167 33 huruvida
1013 1215 49 30 ett
1082 1215 93 29 extra
1183 1212 223 48 statsbidrag
1428 1213 54 32 för
1504 1213 288 34 folkskoleunder-

287 1253 174 48 visningen
486 1253 61 32 bör
571 1254 146 31 fördelas
740 1254 90 33 efter
853 1254 61 32 den
940 1254 120 38 grund,
1088 1265 68 21 som
1181 1254 12 32 i
1218 1254 166 32 motionen
1410 1255 153 38 föreslås,
1590 1256 63 31 har
1677 1256 112 32 bered-

286 1296 120 37 ningen
425 1295 182 32 inskränkt
625 1296 52 37 sig
696 1295 54 33 till
769 1299 50 29 att
838 1295 70 33 låta
929 1296 254 33 sammanställa
1201 1297 92 32 vissa
1314 1297 130 38 siffror,
1465 1278 137 62 varmed
1624 1309 94 21 avses
1740 1302 52 29 att

288 1339 37 31 så
352 1338 64 32 vitt
437 1337 136 39 möjligt
595 1337 189 39 klarlägga,
809 1339 11 31 i
843 1338 113 33 vilken
979 1339 205 38 omfattning
1208 1342 48 29 ett
1282 1339 113 39 dylikt
1417 1343 96 29 extra
1536 1340 122 38 bidrag
1683 1340 109 33 skulle

287 1380 130 32 komma
439 1384 52 28 att
512 1380 63 33 öka
596 1384 125 29 statens
744 1381 98 32 andel
863 1381 12 31 i
899 1381 39 32 de
959 1381 215 33 kommunala
1196 1382 207 37 utgifternas
1428 1382 165 33 täckande
1618 1383 60 32 och
1704 1383 86 32 med-

288 1423 74 32 föra
382 1435 37 20 en
438 1434 111 21 annan
570 1423 190 38 fördelning
780 1427 41 28 än
842 1423 122 34 hittills
985 1424 123 33 mellan
1127 1424 237 32 kommunerna
1385 1437 41 19 av
1449 1425 55 31 för
1525 1424 190 33 ändamålet
1735 1437 55 20 an-

286 1465 115 32 visade
423 1465 205 33 statsmedel.
672 1465 109 33 Dessa
802 1466 121 33 siffror
944 1466 187 33 återfinnas
1158 1467 11 31 i
1193 1466 139 39 bilagda
1354 1479 42 20 av
1418 1467 241 38 beredningens
1683 1467 107 32 sekre-

287 1511 107 28 terare
416 1508 204 38 upprättade
642 1508 218 38 promemoria
881 1528 45 3 —
947 1508 125 39 Bilaga
1093 1511 16 29 1
1130 1528 55 13 —.

332 1550 112 32 Under
464 1551 134 32 erinran
620 1554 50 29 att
691 1550 93 38 varje
807 1550 325 39 ställningstagande
1155 1564 42 20 av
1221 1552 262 32 statsmakterna
1506 1553 44 37 på
1574 1556 47 28 ett
1647 1552 142 38 område,

288 1605 68 20 som
383 1597 37 28 är
442 1593 141 32 föremål
607 1593 53 32 för
682 1593 188 38 utredning,
894 1595 116 37 måste,
1035 1599 82 27 även
1140 1606 50 20 om
1216 1594 55 32 det
1293 1594 194 33 betecknats
1513 1595 107 32 såsom
1644 1595 146 37 proviso-

288 1635 95 36 riskt,
408 1639 142 34 antagas
574 1636 12 31 i
609 1636 68 33 viss
701 1636 78 31 mån
806 1636 155 32 försvåra
987 1649 38 20 en
1054 1637 156 32 definitiv
1240 1637 133 38 lösning
1400 1637 87 32 efter
1515 1636 178 39 riktlinjer,
1721 1648 69 21 som

287 1678 220 38 utredningen
534 1678 158 38 slutligen
718 1678 67 32 kan
809 1678 132 33 komma
968 1683 52 29 att
1044 1679 116 32 anvisa
1186 1680 108 31 såsom
1322 1680 38 32 de
1386 1684 85 28 mest
1496 1678 172 39 lämpliga,
1696 1690 95 21 anser

287 1721 220 38 beredningen
530 1721 54 37 sig
605 1721 79 32 böra
707 1721 192 38 framhålla,
923 1725 52 30 att
997 1722 38 32 de
1063 1721 277 33 sammanställda
1363 1722 165 32 siffrorna
1554 1733 100 26 synas
1679 1722 111 32 utvisa

286 1763 45 32 bl.
352 1775 39 27 a.,
412 1767 51 28 att
481 1765 13 30 i
513 1763 212 39 förhållande
745 1764 53 31 till
815 1775 151 21 summan
986 1775 41 21 av
1047 1764 218 39 statsbidrag,
1287 1776 68 21 som
1375 1784 44 4 —
1441 1764 147 32 frånsett
1608 1764 120 38 bidrag
1748 1777 43 20 av

287 1806 427 38 skatteutjämningsmedel
743 1806 59 32 och
838 1805 71 40 (för
938 1806 174 32 städernas
1142 1805 272 40 vidkommande)
1451 1806 341 39 tolagsersättningar

286 1849 60 31 och
364 1849 229 38 ersättningar
610 1849 54 32 för
680 1849 143 33 mistade
843 1848 514 39 brännvinsförsäljningsmedel
1374 1868 45 4 —
1438 1849 55 32 för
1512 1850 208 32 närvarande
1739 1854 50 27 ut-

287 1891 44 38 gå
352 1890 53 33 till
424 1891 376 39 primärkommunerna,
824 1891 55 33 det
899 1895 94 29 extra
1014 1891 155 39 bidraget
1189 1891 110 33 skulle
1319 1891 123 39 betyda
1463 1904 39 20 en
1523 1892 125 38 ökning
1669 1904 43 20 av
1733 1892 57 32 vid

286 1945 79 26 pass
384 1935 41 31 20
444 1936 21 31 Z
485 1934 55 32 för
558 1934 159 38 samtliga
736 1934 293 33 landskommuner
1047 1934 59 33 och
1126 1947 41 20 av
1187 1934 57 32 vid
1263 1946 78 26 pass
1364 1935 40 32 13
1424 1936 22 31 2
1466 1935 54 31 för
1544 1935 157 38 samtliga
1724 1937 64 30 stä-

287 1977 66 37 der,
378 1981 154 27 ävensom
556 1980 52 29 att
629 1980 128 29 statens
779 1977 98 32 andel
897 1978 12 31 i
932 1977 254 33 kommunernas
1210 1976 229 40 totalutgifter
1464 1977 191 38 därigenom
1681 1977 109 32 skulle

288 2019 89 37 stiga
399 2019 76 32 från
498 2020 41 31 27
559 2022 22 31 «
600 2019 54 32 till
675 2020 41 32 33
740 2021 22 31 4
783 2020 53 31 för
856 2019 335 33 landskommunerna
1215 2020 60 32 och
1297 2020 77 31 från
1398 2021 17 31 6
1438 2021 21 32 2
1481 2020 54 31 till
1559 2022 17 30 7
1600 2022 21 31 2
1646 2020 54 31 för
1723 2023 65 28 stä-

287 2061 111 32 derna.
439 2062 18 31 I
475 2061 75 32 icke
568 2061 187 38 oväsentlig
773 2062 83 37 grad
873 2061 130 33 komme
1021 2062 164 38 ökningen
1207 2062 200 38 säkerligen,
1428 2063 11 31 i
1459 2062 67 32 vad
1547 2063 107 36 angår
1674 2074 38 21 en
1737 2061 52 32 del

286 2104 300 38 landskommuner,
612 2107 50 29 att
685 2104 233 38 kompenseras
944 2116 117 26 genom
1086 2105 148 32 minskat
1258 2105 104 32 behov
1387 2117 41 20 av
1455 2104 334 38 skatteutjämnings-

287 2146 118 37 bidrag
426 2146 107 38 enligt
554 2147 197 32 fastställda
776 2147 118 38 regler.

331 2189 124 32 Vidare
481 2189 80 38 giva
586 2190 38 32 de
646 2191 10 31 i
681 2189 220 33 omförmälda
925 2189 38 33 P.
988 2190 46 32 M.
1060 2190 211 32 framkomna
1297 2190 166 32 siffrorna
1487 2190 58 32 vid
1570 2189 140 38 handen,
1738 2192 52 29 att

286 2243 44 19 nu
358 2231 165 38 utgående
551 2232 208 38 statsbidrag
787 2232 54 32 för
869 2232 450 37 folkskoleundervisningen
1350 2232 147 32 fördelar
1528 2232 53 37 sig
1610 2232 44 37 på
1689 2236 98 27 samt-

286 2273 69 38 liga
378 2273 301 39 landskommuner,
702 2275 19 31 å
743 2286 70 26 ena,
836 2275 60 32 och
919 2275 158 38 samtliga
1104 2275 121 37 städer,
1248 2276 19 30 å
1290 2274 104 32 andra
1418 2275 105 37 sidan,
1548 2274 72 32 med
1644 2274 145 38 ungefär

286 2328 125 20 samma
433 2316 121 39 belopp
575 2329 59 26 per
653 2317 158 33 skolbarn
833 2317 80 32 eller
933 2317 73 32 med
1028 2319 40 31 93
1092 2317 187 38 respektive
1303 2318 41 32 96
1368 2317 133 38 kronor,
1527 2321 86 28 samt
1637 2320 49 29 att
1711 2316 76 38 följ-

285 2358 149 38 aktligen
454 2363 48 29 ett
521 2363 94 28 extra
635 2360 207 37 statsbidrag
860 2372 42 19 av
922 2361 41 31 20
982 2360 121 32 kronor
1122 2360 53 32 för
1193 2360 82 33 barn
1296 2359 107 33 skulle
1426 2359 169 38 innebära,
1617 2362 51 29 att
1688 2362 98 28 stats-

286 2400 154 39 bidraget
460 2401 222 39 procentuellt
704 2402 94 32 bleve
821 2402 71 38 höjt
917 2402 54 32 för
996 2402 38 33 de
1060 2403 92 32 förra
1178 2402 12 32 i
1213 2402 147 37 ungefär
1384 2413 126 20 samma
1533 2401 83 38 grad
1641 2413 68 20 som
1734 2401 55 31 för

286 2444 39 31 de
341 2455 122 27 senarc,
481 2444 168 38 nämligen
665 2445 72 32 med
756 2444 153 38 omkring
928 2445 39 31 21
989 2446 31 32 Z.
1062 2444 151 33 Givetvis
1231 2444 66 34 blir
1316 2445 146 31 däreraot
1482 2444 60 32 den
1562 2443 224 38 procentuella

288 2486 164 37 ökningen
474 2487 135 38 mycket
629 2487 204 39 varierande,
855 2499 51 21 om
928 2500 76 20 man
1025 2487 124 38 jämför
1170 2487 112 33 skilda
1302 2488 194 31 kommuner
1517 2487 73 32 med
1611 2486 180 33 varandra.
