1886 2760
290 165 18 29 4
582 160 454 31 Konstitutionsutskottets
1056 160 180 30 utlåtande
1256 169 42 20 nr
1316 161 19 28 2
1354 160 39 30 år
1413 160 83 29 1962

293 246 393 39 indelningsändringen
709 246 72 29 inte
804 245 89 30 varit
917 244 215 40 genomförd,
1157 244 187 30 förordade
1368 243 423 40 indelningssakkunniga

296 306 73 21 som
391 306 43 20 en
454 297 214 39 provisorisk
688 296 138 39 lösning
848 306 41 20 av
910 296 115 29 denna
1045 295 100 39 fråga
1166 297 50 28 att
1237 297 48 27 ett
1307 294 133 40 belopp,
1463 293 246 31 motsvarande
1732 294 56 29 det

294 346 410 40 skattelindringsbidrag
731 355 74 21 som
831 345 120 40 utgick
975 345 52 30 till
1053 345 228 29 delkommun
1307 345 73 29 året
1405 344 75 30 före
1505 344 285 39 indelningsänd-

294 397 85 39 ring,
400 397 112 29 skulle
530 397 70 30 tills
617 396 121 30 vidare
757 396 82 39 utgå
857 396 52 29 till
928 396 67 29 den
1014 395 186 39 nybildade
1218 395 215 29 kommunen
1453 394 79 30 från
1551 395 65 29 och
1635 395 79 29 med
1733 395 58 29 det

294 447 38 30 år
356 447 396 40 indelningsändringen
776 447 121 29 trädde
923 448 10 29 i
958 446 105 30 kraft.
1088 447 49 29 De
1164 446 222 38 sakkunniga
1411 445 165 30 framhöll
1603 446 50 28 att
1679 445 41 29 de
1748 454 41 20 av

294 496 176 30 reformen
494 496 205 31 föranledda
724 496 237 39 ändringarna
984 496 11 29 i
1019 495 185 39 bidragens
1229 495 130 30 storlek
1383 495 30 40 ej
1441 496 186 29 nämnvärt
1650 495 141 30 komme

294 550 49 27 att
371 547 153 40 påverka
551 547 41 30 de
621 547 230 30 ekonomiska
879 547 234 29 relationerna
1140 546 130 29 mellan
1299 548 114 28 staten
1440 546 65 29 och
1532 546 258 29 kommunerna

293 606 80 21 men
391 598 108 39 ansåg
517 597 164 39 förslaget
699 597 184 30 motiverat
900 597 80 29 med
998 597 137 38 hänsyn
1153 596 52 30 till
1222 596 120 30 vikten
1359 606 42 20 av
1419 598 51 28 att
1487 597 209 29 kommuner
1716 605 74 21 som

294 648 114 39 åtnjöt
438 648 411 39 skattelindringsbidrag
877 647 77 30 icke
984 647 112 30 skulle
1125 647 156 29 avhållas
1311 646 80 30 från
1420 646 166 40 frivilliga
1616 656 174 20 samman-

294 698 214 40 läggningar.

336 748 395 39 Departementschefen
754 748 63 29 har
841 748 171 30 förklarat
1037 748 50 40 sig
1111 748 77 29 icke
1211 757 84 20 vara
1318 748 128 29 beredd
1471 750 49 28 att
1544 748 10 29 i
1580 748 95 29 detta
1700 757 90 20 sam-

293 799 177 39 manhang
498 801 79 37 taga
606 799 167 39 ställning
800 799 53 29 till
880 798 443 39 indelningssakkunnigas
1352 798 131 40 förslag
1511 798 11 29 i
1551 798 156 30 nämnda
1735 798 54 30 del

295 851 84 27 utan
403 859 99 20 avser
525 851 50 28 att
598 849 219 30 återkomma
840 849 52 29 till
917 848 125 40 frågan
1064 849 11 29 i
1100 848 170 30 samband
1294 849 80 29 med
1396 849 257 39 behandlingen
1677 858 42 20 av
1743 850 47 28 ett

293 901 81 28 utav
403 900 84 29 1958
515 900 55 29 års
598 899 521 40 skatteutjämningskommitté
1148 899 46 39 på
1222 899 130 31 sistone
1380 899 165 39 framlagt
1572 899 132 39 förslag
1732 908 57 21 om

292 949 154 31 ändrade
466 950 150 38 grunder
637 949 56 30 för
715 950 65 29 och
800 950 170 39 väsentlig
992 950 207 38 utvidgning
1220 959 42 20 av
1282 949 166 39 bidragen
1469 950 51 29 till
1543 950 246 39 skattetyngda

291 999 220 30 kommuner.

951 1104 178 34 Utskottet

334 1201 118 39 Enligt
476 1202 66 29 den
565 1201 180 30 beslutade
771 1201 192 40 ändringen
988 1204 10 28 i
1025 1202 82 29 1919
1131 1202 59 30 års
1212 1202 256 39 indelningslag
1492 1202 88 30 skall
1606 1202 184 39 upprättas

292 1251 321 40 indelningsplaner
645 1252 151 30 avsedda
829 1254 50 28 att
910 1252 95 30 bilda
1036 1253 170 38 grundval
1239 1252 54 30 för
1325 1252 167 30 framtida
1524 1252 265 30 kommunsam-

290 1301 296 39 manläggningar.
612 1302 75 29 Den
712 1302 130 29 reform
868 1312 42 20 av
934 1303 67 29 den
1024 1302 230 30 kommunala
1277 1303 226 39 indelningen
1527 1312 75 21 som
1627 1303 161 39 planeras

294 1352 98 30 skola
411 1353 88 29 växa
519 1352 90 30 fram
631 1353 189 30 successivt
840 1353 44 39 på
905 1353 115 30 denna
1041 1353 112 39 grund
1176 1363 98 20 avses
1295 1353 71 30 helt
1387 1353 37 30 få
1445 1353 142 40 frivillig
1608 1354 178 29 karaktär.

291 1401 264 31 Kommunerna
576 1402 111 40 själva
709 1403 64 29 har
794 1402 149 30 sålunda
963 1403 198 30 tillerkänts
1183 1405 48 28 ett
1254 1404 195 39 avgörande
1469 1403 196 40 inflytande
1687 1404 11 29 i
1721 1404 69 30 frå-

291 1459 67 31 gan
376 1461 57 21 om
454 1452 81 30 eller
553 1453 63 29 när
637 1453 326 39 sammanläggning
983 1454 88 29 skall
1090 1453 143 30 komma
1251 1454 53 30 till
1324 1454 112 30 stånd.
1457 1454 78 29 Med
1553 1454 139 40 hänsyn
1711 1454 79 30 här-

291 1502 52 29 till
368 1502 168 31 framstår
560 1503 56 30 det
643 1512 76 21 som
744 1504 179 39 angeläget
947 1506 50 27 att
1022 1504 11 29 i
1058 1504 186 40 görligaste
1268 1504 84 30 mån
1376 1505 166 39 avlägsna
1565 1505 127 30 hinder
1716 1507 72 28 mot

291 1554 47 28 ett
356 1552 158 41 frivilligt
532 1553 272 40 genomförande
823 1563 42 21 av
881 1554 548 40 kommunsammanslagningar.
1447 1556 65 29 Det
1530 1557 11 29 i
1560 1555 229 30 förevarande

291 1603 217 39 proposition
532 1613 41 20 nr
600 1604 61 30 196
688 1604 196 40 framlagda
909 1604 167 40 förslaget
1100 1614 58 20 om
1182 1605 315 40 övergångsbidrag
1523 1605 113 40 syftar
1660 1606 53 29 till
1740 1607 49 29 att

291 1653 188 39 förebygga
502 1656 49 28 att
572 1654 173 30 kommun
769 1655 87 30 skall
880 1655 99 30 avstå
1001 1655 81 30 från
1105 1658 50 27 att
1177 1656 188 30 medverka
1388 1656 52 30 till
1464 1657 326 39 sammanläggning

292 1712 41 21 av
355 1703 165 40 farhågor
542 1704 53 30 för
619 1707 50 27 att
691 1705 149 30 drabbas
864 1715 42 20 av
928 1706 274 40 skattehöjning.
1225 1707 178 39 Förslaget
1427 1708 37 29 är
1487 1707 106 40 enligt
1615 1707 175 30 konstitu-

291 1754 282 31 tionsutskottets
600 1756 143 39 mening
768 1756 55 29 väl
850 1757 105 38 ägnat
982 1758 50 28 att
1057 1757 183 39 tillgodose
1266 1757 95 30 detta
1387 1757 101 39 syfte.
1514 1758 274 30 Konstitutions-

292 1805 180 34 utskottet,
495 1814 73 22 som
588 1806 176 30 inhämtat
786 1808 49 28 att
857 1807 260 30 statsutskottet
1138 1808 11 29 i
1172 1808 59 29 sitt
1253 1808 179 30 utlåtande
1455 1817 41 20 nr
1518 1808 151 35 32/1962
1692 1808 95 30 hem-

291 1854 94 30 ställt
406 1857 50 28 att
476 1854 186 40 riksdagen
682 1856 109 30 måtte
812 1857 186 38 godkänna
1018 1857 41 29 de
1080 1857 9 29 i
1112 1857 383 40 statsrådsprotokollet
1516 1858 150 40 angivna
1686 1866 103 32 grun-

291 1905 108 29 derna
422 1905 55 30 för
498 1906 314 40 övergångsbidrag
836 1909 90 28 samt
948 1907 210 40 bemyndiga
1180 1909 125 39 Kungl.
1330 1909 104 39 Maj:t
1458 1911 49 28 att
1531 1909 144 29 utfärda
1698 1909 89 29 före-

292 1954 144 31 skrifter
459 1957 11 29 i
495 1956 125 35 ämnet,
646 1956 193 40 tillstyrker
863 1960 50 27 att
938 1958 187 39 riksdagen
1150 1960 144 37 antager
1319 1959 56 29 det
1400 1959 51 29 till
1478 1960 308 29 konstitutionsut-

292 2005 128 30 skottet
440 2006 222 29 remitterade
683 2006 165 40 förslaget
869 2007 52 30 till
941 2008 70 38 lag;
1035 2008 88 29 dock
1143 2008 80 29 med
1244 2008 67 30 den
1331 2009 192 39 ändringen
1545 2019 41 20 av
1606 2009 181 30 ikraftträ-

291 2055 383 31 dandebestämmelsen
702 2058 50 28 att
779 2057 100 39 lagen
907 2057 89 30 skall
1025 2058 62 39 äga
1113 2058 224 40 tillämpning
1365 2058 80 30 från
1472 2059 64 30 och
1563 2060 80 30 med
1672 2060 67 30 den
1769 2060 14 29 1

290 2104 142 39 januari
453 2106 92 29 1962.

333 2154 118 30 Under
472 2155 139 29 erinran
633 2165 57 20 om
714 2158 50 28 att
786 2157 56 29 det
864 2157 11 28 i
898 2157 92 29 årets
1013 2158 411 39 statsverksproposition
1446 2160 178 30 meddelas
1646 2162 50 28 att
1719 2160 69 30 för-

290 2204 72 40 slag
381 2204 53 31 till
454 2215 42 21 en
515 2206 170 39 väsentlig
704 2206 148 40 höjning
872 2217 43 19 av
934 2207 167 39 bidragen
1121 2208 52 29 till
1195 2209 246 39 skattetyngda
1460 2210 209 30 kommuner
1690 2211 98 30 kom-

290 2263 73 21 mer
386 2257 50 28 att
460 2255 193 40 föreläggas
676 2257 236 30 innevarande
936 2257 151 40 riksdag,
1112 2258 55 30 får
1190 2259 426 31 konstitutionsutskottet
1640 2261 149 30 sålunda

292 2305 194 35 hemställa,

643 2358 50 28 att
722 2357 186 40 riksdagen
936 2377 44 3 —
1009 2359 110 29 under
1147 2358 254 42 förutsättning
1429 2363 51 28 att
1509 2363 279 29 statsutskottets

598 2407 211 30 hemställan
831 2408 11 29 i
865 2408 79 30 dess
968 2409 179 30 utlåtande
1171 2419 42 20 nr
1236 2410 150 36 32/1962
1409 2411 137 31 bifalles
1569 2430 44 3 —
1634 2413 11 29 i
1670 2413 116 30 anled-

597 2456 84 40 ning
700 2466 42 21 av
761 2456 228 31 förevarande
1008 2459 227 39 proposition,
1255 2469 42 20 nr
1318 2460 69 35 196,
1408 2462 10 29 i
1437 2462 66 29 vad
1522 2462 67 30 den
1608 2463 179 31 hänvisats
