2187 2680
454 196 19 31 6
853 197 371 43 Bevillningsutskottets
1245 200 213 34 Betänkande
1480 202 53 32 Nr
1554 205 52 30 28.

412 283 110 38 rådet
550 284 85 38 med
663 284 196 52 undantag
887 286 41 38 af
952 287 221 50 Rysslands.
1228 289 74 38 Det
1330 290 173 38 växande
1532 291 182 39 behofvet
1742 293 76 38 kan
1846 293 160 40 sålunda

413 337 32 50 ej
489 337 222 51 tillgodoses
751 342 49 48 på
840 345 117 33 annat
997 345 75 33 sätt
1100 346 47 33 än
1176 347 55 32 att
1258 356 87 25 man
1374 343 128 50 flyttar
1530 345 79 38 sina
1638 346 273 52 afverkningar
1939 348 67 38 allt

410 390 135 50 längre
581 391 38 37 in
647 392 12 36 i
686 392 200 50 Ryssland.
942 394 115 38 Detta
1084 395 155 51 tvingar
1266 397 55 36 till
1352 397 204 51 fördyrade
1584 399 323 51 fraktkostnader,
1936 415 69 23 un-

412 443 74 37 dan
526 443 60 38 för
622 445 128 37 undan
778 446 174 49 stigande
976 447 43 49 ju
1046 448 133 51 längre
1207 462 88 24 man
1323 450 170 38 kommer
1520 452 39 36 in
1587 452 11 37 i
1628 452 261 51 kontinenten,
1918 455 86 36 räk-

410 497 92 37 nadt
529 497 85 38 från
644 497 107 39 Stilla
778 498 143 39 Hafvet
949 501 69 37 och
1048 500 210 51 Östersjön,
1289 503 45 37 då
1361 504 170 38 Ishafvet
1560 505 33 50 ej
1624 510 40 33 är
1691 507 214 38 trafikabelt
1933 508 70 38 och

411 549 46 38 de
485 550 210 50 nordtyska
722 552 169 38 floderna
921 553 182 51 otjänliga
1131 555 59 37 för
1218 556 191 51 flottning.
1465 557 87 38 Med
1582 558 122 38 denna
1733 560 120 38 ökade
1882 566 121 32 trans-

409 604 253 49 portkostnad
702 605 172 38 kommer
915 607 249 50 virkespriset
1203 608 13 37 i
1257 614 98 32 stort
1397 610 83 37 sedt
1518 616 56 32 att
1602 612 70 37 hos
1701 626 61 24 oss
1791 614 112 49 stiga,
1932 615 70 36 och

410 656 124 38 denna
559 657 176 51 stegring
763 659 74 37 kan
865 659 11 37 i
904 663 126 47 någon
1059 663 87 35 mån
1174 663 199 38 motverka
1401 663 73 38 den
1503 665 197 49 orättvisa,
1731 666 271 51 skogsaccisen

409 709 169 37 innebär.

512 761 88 38 Men
629 775 60 41 om
718 763 112 38 äfven
860 767 39 34 så
927 764 172 38 kommer
1127 770 55 33 att
1210 767 78 49 ske,
1321 772 110 45 utgör
1460 768 105 38 detta
1593 770 83 37 icke
1706 773 117 47 något
1842 771 82 37 skäl
1943 772 60 38 för

409 816 325 50 undantagslagar,
764 829 83 25 som
875 818 116 49 lägga
1020 819 146 37 skatter
1194 823 47 46 på
1270 834 46 23 en
1345 821 60 37 för
1432 822 130 37 landet
1591 827 40 33 så
1658 825 204 48 gagnande
1890 826 111 36 verk-

409 867 144 38 samhet
595 881 81 24 som
718 869 415 51 skogshandteringen.
1189 872 46 38 Vi
1276 873 49 37 ha
1365 877 49 47 på
1451 875 93 37 sista
1572 876 104 37 tiden
1705 877 212 38 förvärfvat
1945 892 56 23 er-

408 921 175 37 farenhet
612 935 60 23 om
700 922 96 37 huru
824 922 111 51 ringa
963 924 245 39 förutseende
1236 926 38 37 vi
1302 927 65 37 vid
1396 927 182 38 stiftande
1608 929 41 37 af
1665 929 129 50 dylika
1822 931 107 50 lagar
1952 932 49 37 ha

407 987 61 23 om
510 974 190 49 följderna
741 989 80 23 som
863 976 46 37 de
951 978 181 49 medföra,
1162 979 72 37 och
1263 979 64 37 det
1354 981 163 37 rörande
1547 982 452 51 skogsvårdsafgifterna.

407 1027 122 37 Dessa
558 1027 167 50 afgifter,
753 1028 58 37 till
840 1029 70 37 och
939 1030 86 37 med
1054 1031 206 38 förstärkta
1287 1033 86 37 med
1402 1034 32 50 ej
1466 1034 221 51 obetydliga
1716 1035 147 38 direkta
1888 1042 112 33 stats-

407 1079 147 50 anslag,
584 1081 195 37 användas
806 1083 239 38 uteslutande
1073 1084 60 37 för
1161 1090 55 32 att
1244 1085 178 50 bibringa
1450 1087 161 38 insikter
1638 1089 11 35 i
1678 1089 226 49 skogsvård,
1925 1090 75 37 för-

406 1132 126 38 bättra
573 1133 123 37 denna
739 1135 69 37 och
849 1135 115 38 utöka
1005 1137 294 50 produktionen,
1341 1139 145 38 hvilket
1528 1140 67 37 allt
1635 1142 218 49 naturligen
1887 1143 112 37 äfven

405 1185 170 37 kommer
603 1186 296 39 konsumtionen
927 1188 57 37 till
1012 1190 114 48 godo,
1156 1190 147 37 således
1332 1192 113 36 äfven
1474 1193 143 49 köpare
1637 1194 41 35 af
1693 1207 303 37 pappersmassa,

406 1251 86 23 men
535 1238 64 36 det
640 1239 155 37 oaktadt
834 1241 70 36 har
939 1241 44 49 ju
1024 1242 178 37 Amerika
1244 1243 41 37 af
1322 1244 223 50 oförklarlig
1573 1245 207 51 anledning
1807 1248 192 49 uppfattat

405 1290 125 37 denna
571 1291 115 49 afgift
727 1305 80 24 som
850 1296 130 46 någon
1022 1300 99 31 sorts
1151 1296 263 49 exportafgift,
1445 1297 145 38 kanske
1620 1298 129 38 därför
1777 1304 55 32 att
1861 1301 72 37 den
1962 1302 33 48 ej

403 1345 114 46 utgår
558 1343 42 37 af
637 1344 99 37 hvad
777 1345 37 37 vi
856 1346 136 49 själfva
1033 1347 241 50 konsumera,
1304 1349 71 37 och
1403 1350 87 37 med
1519 1350 209 50 anledning
1756 1352 111 38 däraf
1890 1354 108 37 hotat

404 1395 166 50 belägga
599 1397 141 36 svensk
768 1411 292 37 pappersmassa
1088 1400 86 36 med
1203 1414 47 23 en
1279 1407 107 31 extra
1415 1403 333 50 straffimporttull,
1770 1418 81 24 som
1878 1405 12 36 i
1918 1406 80 49 hög

401 1448 98 48 grad
541 1449 122 37 skulle
693 1449 172 38 försvåra
894 1464 59 23 om
983 1452 33 49 ej
1049 1453 256 49 omöjliggöra
1334 1454 263 51 afsättningen
1626 1457 77 36 där.
1757 1457 18 36 I
1804 1458 63 36 det
1896 1463 101 33 stora

402 1500 87 37 hela
518 1500 121 38 skulle
669 1501 104 38 detta
796 1503 44 49 ju
869 1503 126 37 kunna
1023 1518 90 24 vara
1141 1519 62 23 oss
1231 1507 148 48 ganska
1407 1507 198 51 likgiltigt,
1625 1514 43 45 ty
1686 1510 311 38 världsekonsum-

402 1553 130 37 tionen
561 1553 229 39 förminskas
821 1556 33 49 ej
884 1556 12 36 i
924 1556 139 38 minsta
1082 1561 86 34 mån
1186 1572 140 36 genom
1347 1573 48 24 en
1414 1560 105 49 dylik
1539 1562 134 49 åtgärd
1693 1563 84 36 från
1796 1563 201 38 Amerikas

402 1605 93 49 sida,
539 1606 70 37 och
650 1607 74 37 den
765 1621 291 37 pappersmassa
1097 1610 86 38 dess
1224 1611 181 49 fabriker,
1449 1627 60 23 om
1551 1614 46 37 de
1627 1615 33 49 ej
1690 1620 89 44 taga
1806 1616 86 37 från
1920 1630 75 36 oss,

401 1661 122 34 måste
551 1659 103 37 förse
684 1661 62 48 sig
773 1662 86 35 med
888 1662 85 36 från
1001 1669 115 31 annat
1144 1664 88 48 håll,
1262 1665 47 36 ha
1337 1666 38 35 vi
1404 1665 47 37 då
1480 1671 56 31 att
1559 1672 140 32 ersätta
1726 1668 4 35 i
1749 1669 245 37 marknaden.

402 1710 128 37 Saken
571 1711 68 37 har
682 1713 211 37 emellertid
935 1715 114 37 väckt
1091 1729 64 24 oro
1196 1716 103 37 inom
1333 1721 91 34 våra
1452 1721 446 48 pappersmassekretsar
1927 1723 69 36 och

401 1763 194 37 föranledt
636 1778 46 23 en
723 1766 283 51 framställning
1046 1768 58 37 till
1144 1768 141 51 Kungl.
1330 1770 107 49 Maj:t
1465 1784 61 24 om
1555 1772 167 50 ändring
1749 1773 12 36 i
1789 1773 116 51 lagen
1934 1788 60 24 om

401 1816 404 51 skogsvårdsafgifter,
834 1819 12 36 i
874 1820 115 36 afsikt
1017 1825 55 31 att
1100 1821 159 38 beröfva
1279 1822 75 37 den
1374 1824 135 36 skenet
1529 1825 42 36 af
1586 1825 296 51 undantagslag.
1929 1827 66 37 Ett

400 1874 166 31 moment
594 1870 12 35 i
635 1869 124 38 denna
787 1871 165 50 ändring
979 1872 121 38 skulle
1129 1874 46 37 då
1195 1875 113 36 bland
1328 1881 128 42 annat,
1489 1889 61 24 om
1564 1877 71 49 jag
1654 1877 34 49 ej
1709 1879 285 50 missuppfattat

400 1921 128 49 saken,
571 1935 101 35 vara,
715 1928 55 32 att
811 1924 114 37 äfven
957 1925 173 38 träkolen
1159 1926 154 38 belades
1343 1929 86 36 med
1458 1929 361 51 skogsvårdsafgift,
1848 1932 146 38 hvilket

398 1973 121 38 under
559 1976 237 37 närvarande
838 1976 265 39 förhållanden
1144 1992 71 37 ger
1256 1980 154 50 intryck
1438 1982 92 48 utaf,
1564 1987 55 32 att
1646 1996 86 24 man
1760 1983 66 38 vill
1853 1984 140 39 bereda

399 2029 67 33 vår
507 2027 86 36 med
634 2041 77 35 nog
752 2031 137 47 många
918 2031 237 49 svårigheter
1184 2032 218 38 därförutan
1433 2034 215 49 kämpande
1671 2035 321 51 järnhandtering

397 2078 224 50 ytterligare
663 2080 148 38 sådana.
866 2082 79 36 När
986 2086 41 33 så
1068 2087 80 33 små
1190 2085 156 37 orsaker
1384 2087 261 37 åstadkomma
1682 2091 42 34 så
1752 2094 101 32 stora
1881 2090 111 37 verk-

398 2131 148 49 ningar,
577 2132 100 37 hvad
705 2133 74 37 kan
809 2134 45 37 då
883 2134 32 49 ej
946 2135 151 38 komma
1126 2141 55 33 att
1210 2137 70 38 ske
1308 2138 87 38 med
1421 2138 207 51 anledning
1648 2141 42 36 af
1706 2141 285 51 skogsaccisen,

398 2196 82 24 som
509 2184 96 37 dock
633 2184 84 38 icke
747 2186 75 37 kan
851 2186 178 39 förnekas
1057 2202 90 24 vara
1175 2203 48 23 en
1252 2191 150 50 verklig
1429 2192 331 49 undantagsskatt?

499 2236 89 36 Man
630 2251 113 35 synes
781 2239 48 36 ha
857 2243 105 33 svårt
991 2245 55 32 att
1072 2247 94 43 göra
1196 2243 61 49 sig
1285 2243 266 51 föreställning
1580 2258 62 23 om
1669 2246 101 37 hvad
1799 2260 45 23 en
1873 2247 118 37 sådan

396 2288 114 50 afgift
538 2303 79 24 som
646 2290 73 38 den
748 2291 196 39 bestämda
973 2293 149 39 accisen
1150 2294 161 39 innebär
1339 2296 46 38 då
1414 2296 73 38 den
1516 2303 64 32 rör
1609 2298 146 51 skogen
1784 2299 72 38 och
1884 2300 105 38 detta
