2182 2646
678 238 212 38 Lagutskottels
920 236 154 30 Utlåtande
1098 236 55 28 N:o
1177 236 52 29 72.
1740 235 40 29 35

335 316 128 48 Kongl.
496 315 128 49 Moj:te
643 314 162 50 förslag:
1198 312 188 36 Utskottets
1404 311 166 48 förslag:

165 402 59 37 för
252 402 128 45 odling
408 400 88 36 eller
522 398 90 38 häfd
641 400 88 35 eller
757 411 122 23 annan
907 397 106 50 dylik
1039 396 119 37 fördel
1184 397 142 43 vinnas,
1354 396 70 36 och
1450 394 131 38 förena
1607 396 55 47 sig
1681 395 101 49 jord-

165 466 109 33 egare
314 465 61 23 om
406 451 133 36 sådant
566 450 139 48 utbyte,
732 449 47 36 då
805 449 62 36 må
894 448 72 45 det,
993 454 91 29 utan
1111 447 135 36 hinder
1273 446 40 36 af
1335 446 110 37 skifte
1471 447 91 35 eller
1589 447 193 49 egostyck-

164 505 102 46 ning,
295 516 80 23 som
401 501 103 37 förut
529 500 187 44 faststälts,
744 500 72 44 ske,
842 499 49 48 på
918 504 71 31 sätt
1016 500 11 34 i
1057 501 44 34 56
1131 495 18 49 $
1177 505 92 40 sägs.
1522 508 3 4 i
1772 517 2 3 |

266 554 156 45 Begäres
451 552 218 48 egoutbytet
696 550 40 36 af
759 550 202 47 anledning
989 552 19 33 3
1038 546 18 48 $
1085 552 19 33 3
1133 561 111 23 mom.
1271 547 250 45 omförmäler,
1549 547 47 36 då
1621 547 62 36 må
1710 547 71 43 det,

165 611 92 30 utan
288 604 132 36 hinder
448 602 40 37 af
513 602 109 37 skifte
650 602 88 36 eller
764 601 279 48 egostyckning,
1071 612 81 23 som
1170 598 103 37 förut
1289 598 190 46 faststälts,
1499 599 128 35 kunna
1641 598 140 48 jemväl

164 662 92 29 utan
291 656 74 35 alla
387 654 214 48 jordegares
629 652 187 48 samtycke
843 664 68 33 ega
937 664 94 22 rum.
1085 649 120 37 Sedan
1233 650 10 35 i
1272 649 100 36 detta
1397 648 67 37 fall
1492 648 289 37 skiftesmannen

165 707 68 36 och
262 705 94 48 gode
383 712 162 29 männen
573 702 147 49 afgifvit
745 701 194 37 utlåtande
966 715 60 22 om
1054 701 166 49 utbytets
1248 699 250 47 företagande,
1526 700 104 44 skall,
1659 700 64 35 der
1748 699 30 47 ej

165 758 170 45 samtlige
371 754 346 37 tillstädesvarande
739 753 198 48 jordegare
965 751 104 37 deråt
1095 752 115 47 nöjas,
1237 750 130 46 frågan
1395 764 61 22 om
1483 751 166 48 utbytets
1676 750 106 36 verk-

164 807 191 44 ställande,
403 807 117 35 innan
557 804 128 37 vidare
725 803 130 46 åtgärd
894 802 179 47 vidtages,
1112 802 247 36 underställas
1400 801 382 46 egodelningsrättens

166 858 190 48 pröfning.

925 957 44 34 69
999 950 28 49 $.

267 1041 309 48 Delningsgrund
616 1040 89 36 eller
743 1038 200 36 måttstock
982 1036 59 38 för
1078 1050 105 34 egors
1220 1036 184 37 skiftande
1445 1036 21 36 å
1492 1036 136 45 landet,
1657 1035 38 37 så
1721 1037 61 36 väl

165 1094 181 37 särskilda
372 1094 174 35 hemman
574 1091 166 44 emellan,
767 1102 80 23 som
875 1089 158 36 emellan
1061 1088 170 48 delegare
1249 1089 12 35 i
1280 1093 52 31 ett
1350 1088 70 36 och
1439 1100 141 23 samma
1598 1088 183 44 hemman,

165 1158 89 24 vare
281 1145 81 44 den,
390 1157 80 23 som
496 1144 13 35 i
536 1144 61 46 lag
621 1142 87 36 eller
727 1139 180 38 särskilda
925 1138 267 49 förfåttningar
1209 1138 59 37 för
1285 1140 96 35 vissa
1399 1137 210 37 landsorter
1627 1138 155 46 stadgad

166 1204 41 28 är
234 1196 89 36 eller
348 1194 197 36 framdeles
573 1192 147 46 stadgas
747 1192 84 35 kan.
879 1188 75 38 Äro
983 1203 138 33 egorna
1146 1189 102 36 förut
1276 1189 129 36 delade
1432 1202 135 34 genom
1587 1188 196 44 storskifte,

166 1259 80 24 som
280 1245 93 37 efter
399 1244 101 37 förra
526 1242 264 48 författningar
815 1242 85 45 laga
926 1240 103 36 kraft
1055 1241 144 44 vunnit,
1227 1241 88 35 eller
1342 1252 134 36 genom
1504 1239 133 36 sådant
1664 1238 118 44 skifte,

166 1310 80 23 som
286 1297 12 35 i
327 1298 20 34 3
377 1293 18 48 $
426 1299 19 32 2
473 1307 112 23 mom.
612 1301 92 39 sägs,
733 1293 89 35 eller
848 1304 137 33 genom
1011 1289 172 37 faststäld
1212 1291 277 47 egostyckning,
1518 1289 109 37 hafve
1654 1289 128 47 hvarje

168 1348 171 47 delegare
378 1351 75 30 rätt
492 1350 56 30 att
583 1344 62 37 vid
673 1341 119 46 skifte,
819 1354 80 23 som
926 1341 207 36 sedermera
1161 1354 84 32 eger
1271 1354 93 30 rum,
1391 1340 266 46 tillgodonjuta
1684 1339 99 37 hvad

168 1397 93 37 efter
300 1397 271 47 uppskattning
610 1406 126 25 svarar
774 1398 80 30 mot
894 1392 45 35 de
975 1404 97 34 egor,
1100 1392 74 35 han
1203 1392 116 45 enligt
1345 1391 72 36 den
1443 1390 103 36 förut
1571 1390 212 36 verkstälda

168 1449 200 45 delningen
401 1445 183 45 innehaft;
613 1445 68 36 och
709 1445 67 35 bör
802 1442 284 45 landtmätaren,
1112 1442 64 36 vid
1203 1441 267 48 föredragning
1497 1440 40 36 af
1561 1440 132 49 frågan
1721 1454 62 22 om

168 1497 353 49 delningsgrunden,
561 1496 216 36 underrätta
816 1494 197 45 delegarne
1049 1493 29 47 ej
1116 1493 97 35 blott
1246 1505 60 23 om
1334 1493 44 35 de
1405 1492 181 36 särskilda
1612 1491 172 48 grunder,

168 1551 128 35 hvilka
335 1550 129 34 kunna
502 1549 13 34 i
556 1547 100 36 detta
695 1544 172 38 afseende
909 1544 195 46 rätteligen
1132 1549 161 40 antagas,
1320 1548 91 31 utan
1439 1543 69 36 ock
1536 1555 60 23 om
1624 1541 45 37 de
1695 1554 90 35 upp-

169 1600 169 37 skattade
378 1599 217 48 egobelopp,
634 1597 138 43 hvilka,
807 1595 116 45 enligt
948 1594 184 36 hvardera
1159 1593 40 37 af
1223 1594 105 36 dessa
1354 1593 174 49 grunder,
1555 1594 148 34 komme
1730 1597 55 31 att

169 1652 129 48 hvarje
326 1650 167 45 delegare
520 1647 257 47 ungefärligen
803 1644 159 37 tillfalla.

272 1801 132 36 Denna
430 1801 62 46 lag
520 1799 95 36 skall
641 1797 107 36 träda
774 1796 12 36 1
812 1795 101 36 kraft
940 1795 71 36 den
1043 1799 15 32 1
1086 1795 148 48 januari
1266 1797 105 34 1897.

891 1997 63 38 3:o
985 1995 84 48 Lag

331 2090 51 23 om
405 2080 127 32 ändrad
554 2079 128 41 lydelse
706 2079 38 31 af
764 2079 21 31 6
808 2080 19 39 &
850 2079 13 31 i
885 2077 244 40 förordningen
1153 2075 175 41 angående
1352 2074 132 41 lagfart
1507 2074 20 32 å
1550 2074 84 40 fång

630 2128 56 33 till
709 2129 71 31 fast
803 2128 164 41 egendom
991 2127 64 32 den
1079 2126 38 31 16
1138 2125 77 42 juni
1237 2125 94 32 1875.

275 2226 226 45 Härigenom
529 2223 205 45 förordnas,
762 2228 55 31 att
845 2226 19 34 6
894 2220 18 48 $
939 2223 11 35 i
977 2221 269 48 förordningen
1274 2219 189 47 angående
1490 2218 137 47 lagfart
1654 2218 21 36 å
1698 2217 88 46 fång

174 2277 59 36 till
260 2276 72 36 fast
360 2275 181 47 egendom
569 2274 69 36 den
670 2277 42 34 16
738 2274 82 47 juni
852 2276 93 34 1875
975 2273 93 35 skall
1096 2271 139 37 erhålla
1261 2270 164 46 följande
1450 2269 162 36 ändrade
1631 2268 155 50 lydelse:
