1912 2854
531 187 292 35 Statsutskotlets
847 185 187 33 utlåtande
1059 183 52 33 Nr
1138 182 51 31 93.
1541 178 18 31 5

98 270 84 36 liga,
209 270 54 30 att
288 268 155 32 särskild
469 262 442 36 traktamentsersättning
937 262 76 31 icke
1040 261 63 31 bör
1130 259 273 36 ifrågakomma.
1450 256 81 32 Som
1558 264 43 22 en

98 312 205 37 jämförelse
328 313 58 29 må
410 310 138 31 erinras
572 319 57 21 om
654 309 54 30 att
733 307 219 36 tjänstemän
976 304 63 32 vid
1063 302 271 33 ämbetsverken
1360 301 12 31 i
1397 298 205 33 Stockholm

98 356 96 31 hava
220 355 54 36 sig
302 354 132 37 ålagda
457 354 17 31 7
500 352 164 31 timmars
692 349 242 37 tjänstgöring
961 349 22 31 å
1008 346 299 37 tjänsterummet.
1356 343 66 33 Om
1448 343 51 37 de,
1528 351 74 22 som

99 399 76 31 ofta
198 401 40 29 är
262 398 112 35 fallet,
397 400 61 28 äro
481 396 140 32 bosatta
645 396 46 35 på
713 393 125 36 längre
862 391 154 32 avstånd
1040 391 83 30 från
1147 388 270 36 arbetsplatsen,
1441 386 94 31 hava
1560 386 41 31 de

100 442 124 31 därför
244 441 76 31 icke
341 439 188 37 möjlighet
551 439 53 31 att
627 437 126 36 intaga
774 436 55 32 sin
852 433 270 34 frukostmåltid
1147 431 135 37 (lunch)
1306 431 12 31 i
1340 431 153 30 hemmet
1513 430 89 30 utan

99 488 63 28 äro
181 484 204 32 nödsakade
408 483 203 32 vidkännas
634 480 155 32 särskild
813 479 153 32 kostnad
989 479 56 30 för
1070 477 98 31 detta
1191 476 72 30 mål
1287 475 89 31 utan
1399 475 54 30 att
1477 473 125 32 ersätt-

99 528 88 36 ning
208 528 12 31 i
242 528 117 36 någon
381 527 91 31 form
493 526 125 31 härför
638 526 117 35 utgår.
794 523 134 32 Vidare
950 522 99 31 torde
1070 521 87 31 böra
1177 519 147 33 beaktas
1345 518 54 31 att
1420 517 112 31 redan
1554 526 48 21 nu

100 573 98 30 stora
227 580 156 28 grupper
414 568 359 37 befattningshavare
805 567 76 31 icke
912 569 61 28 äro
1005 563 225 38 berättigade
1262 562 56 31 till
1350 561 252 31 traktaments-

100 614 201 36 ersättning
326 614 63 31 vid
415 623 96 21 resor
537 612 85 31 eller
650 610 274 35 förrättningar,
948 618 73 22 som
1047 607 154 32 omfatta
1227 605 139 31 mindre
1392 604 54 32 tid
1470 606 46 29 än
1542 612 61 22 sex

99 658 155 30 timmar.

141 700 180 36 Slutligen
345 700 96 30 hava
463 698 225 31 revisorerna
715 697 11 30 i
753 696 98 31 detta
874 693 260 36 sammanhang
1160 692 117 31 ansett
1302 691 55 36 sig
1382 691 85 30 böra
1493 690 111 36 något

101 744 127 31 beröra
260 743 131 36 frågan
419 752 56 20 om
508 742 58 30 det
597 740 183 31 allmänna
812 737 329 36 resereglementets
1172 733 431 38 tillämplighetsområde.

100 787 240 31 Revisorerna
363 785 95 31 hava
482 785 73 30 fäst
579 783 54 36 sig
657 782 63 32 vid
744 783 67 30 den
835 781 206 36 åtskillnad,
1064 789 75 22 som
1163 778 193 36 föreligger
1380 778 12 30 i
1419 777 104 36 fråga
1547 786 58 21 om

101 828 506 35 traktamentsersättningens
622 826 183 31 karaktär.
842 825 71 31 För
928 825 41 31 de
986 824 107 31 flesta
1111 821 326 36 förrättningsmän
1451 823 40 29 är
1509 819 95 32 trak-

101 873 173 31 tamentet
300 872 127 31 endast
452 871 117 31 avsett
594 870 54 31 att
675 871 130 34 utgöra
827 866 200 37 ersättning
1056 867 55 31 för
1138 866 66 31 den
1231 864 229 32 merkostnad
1484 863 120 31 veder-

101 916 157 32 börande
278 915 71 31 fått
366 914 204 31 vidkännas
589 914 46 35 på
655 912 118 37 grund
792 921 46 21 av
858 912 54 29 att
932 910 73 31 han
1024 909 136 37 nödgas
1180 908 130 31 vistats
1329 909 100 29 utom
1449 906 156 32 bostads-

102 961 110 29 orten.
260 958 69 31 För
358 957 113 31 andra
500 958 77 30 åter
603 956 113 31 måste
744 954 256 32 traktamentet
1029 952 137 37 jämväl
1193 961 102 21 anses
1325 951 130 36 utgöra
1479 950 125 31 ersätt-

101 1002 89 36 ning
217 1002 56 31 för
299 1002 57 31 det
382 1001 113 31 under
522 998 267 36 förrättningen
815 997 147 31 utförda
986 997 147 30 arbetet.
1180 995 83 31 Med
1288 994 141 36 hänsyn
1456 993 56 31 till
1539 993 68 31 den

102 1046 166 35 skillnad,
289 1055 75 21 som
384 1044 151 31 sålunda
558 1042 194 36 föreligger
772 1042 12 30 i
806 1042 107 35 fråga
930 1050 56 21 om
1008 1039 275 31 traktamentets
1304 1037 178 36 ändamål,
1505 1036 100 32 torde

103 1089 59 31 det
183 1099 89 21 vara
294 1088 200 36 uppenbart
517 1087 54 30 att
593 1086 170 36 åtgärder
785 1085 12 31 i
820 1083 220 37 besparande
1063 1082 96 37 syfte
1182 1082 12 30 i
1218 1081 68 37 hög
1309 1081 90 36 grad
1423 1081 182 30 försvåras

103 1132 207 37 därigenom
340 1132 55 30 att
425 1131 55 30 för
509 1129 170 36 samtliga
710 1127 326 36 förrättningsmän
1065 1126 162 36 stadgats
1257 1133 263 28 gemensamma
1551 1123 54 31 be-

104 1175 221 31 stämmelser
345 1174 12 31 i
380 1184 49 20 nu
449 1174 127 30 nämnt
598 1171 209 32 hänseende.
848 1171 67 30 Det
937 1169 66 32 vill
1028 1169 123 32 därför
1174 1177 107 28 synas
1304 1166 225 33 revisorerna
1554 1166 54 31 att

103 1218 78 32 skäl
201 1218 74 31 tala
296 1218 54 31 för
370 1218 54 30 att
442 1226 42 21 ur
505 1216 183 31 allmänna
707 1214 309 36 resereglementet
1035 1212 149 36 utbryta
1205 1211 135 31 sådana
1361 1219 154 27 grupper
1537 1209 69 31 för-

103 1261 278 36 rättningsmän,
405 1260 56 30 för
482 1259 102 31 vilka
606 1255 488 36 traktamentsersättningen
1117 1257 106 34 utgör
1246 1253 201 37 ersättning
1471 1251 136 39 jämväl

105 1305 56 30 för
179 1305 59 31 det
257 1304 112 31 under
390 1302 267 35 förrättningen
675 1300 146 31 utförda
839 1299 147 32 arbetet.

142 1398 183 32 Utskottet
345 1397 65 31 har
432 1397 79 31 med
528 1395 80 32 stöd
627 1405 46 21 av
694 1393 17 36 $
733 1395 37 30 46
790 1393 368 37 riksdagsordningen
1179 1391 237 32 införskaffat
1437 1391 170 37 yttrande

104 1450 85 32 från
214 1448 423 37 riksräkenskapsverket
664 1449 84 29 över
776 1447 66 30 den
870 1456 44 21 av
942 1446 212 35 riksdagens
1181 1444 176 31 revisorer
1385 1443 112 31 under
1526 1442 18 36 $
1569 1442 38 31 29

104 1502 128 37 gjorda
253 1500 325 36 framställningen,
598 1499 114 31 vilket
732 1498 168 36 yttrande
921 1500 40 28 är
981 1499 116 30 såsom
1117 1497 121 36 bilaga
1260 1496 32 30 A
1313 1496 66 31 här
1401 1495 147 36 bifogat.

143 1553 237 32 Beträffande
405 1553 89 30 först
517 1552 41 31 de
582 1562 46 21 av
651 1550 225 31 revisorerna
900 1550 113 31 under
1038 1548 17 36 $
1080 1549 39 30 28
1142 1548 207 32 meddelade
1373 1547 235 37 uppgifterna

102 1606 153 31 rörande
282 1604 248 31 utlämnandet
556 1614 45 20 av
626 1602 233 32 reseförskott
885 1602 64 31 och
973 1601 202 31 kontrollen
1199 1602 83 29 över
1307 1600 103 31 dessa
1437 1599 170 31 förskotts

104 1657 265 36 återbetalning
389 1659 40 29 är
450 1656 174 31 utskottet
644 1665 46 22 av
709 1655 69 31 den
797 1653 292 38 uppfattningen,
1110 1653 54 31 att
1184 1652 98 32 vissa
1302 1651 305 37 kompletterande

104 1709 264 32 bestämmelser
390 1708 180 31 måhända
591 1707 123 31 kunna
736 1716 102 21 anses
860 1705 237 36 erforderliga
1119 1705 56 31 för
1198 1705 53 31 att
1270 1705 86 30 ernå
1378 1713 42 21 en
1443 1703 164 32 fullstän-

105 1761 61 36 dig
185 1761 156 31 kontroll
359 1763 83 28 över
460 1759 288 32 reseförskotten.
788 1759 50 30 De
858 1768 44 21 av
921 1758 226 31 revisorerna
1168 1756 127 37 gjorda
1314 1755 295 32 erfarenheterna

105 1822 108 27 synas
231 1813 184 36 nämligen
431 1812 85 36 giva
532 1811 64 32 vid
611 1811 153 36 handen,
782 1811 54 30 att
854 1810 12 31 i
883 1810 98 31 vissa
999 1809 65 32 fall
1083 1808 224 36 berättigade
1323 1807 285 36 anmärkningar

104 1865 123 31 kunna
251 1864 219 31 framställas
491 1865 73 29 mot
586 1864 109 30 sättet
718 1863 55 30 för
795 1862 296 31 reseförskottens
1114 1860 232 32 utlämnande
1368 1860 64 31 och
1453 1858 155 33 redovis-

105 1916 98 37 ning.
241 1916 192 35 Utskottet,
454 1925 75 21 som
551 1915 211 30 förutsätter
783 1915 54 30 att
856 1913 101 31 såväl
978 1912 266 32 vederbörande
1262 1911 251 36 myndigheter
1535 1920 73 22 som

106 1968 134 36 Kungl.
266 1967 110 36 Maj:t
402 1969 95 33 ägna
523 1966 41 31 de
591 1976 45 20 av
662 1965 226 31 revisorerna
912 1964 152 31 berörda
1089 1963 220 36 spörsmålen
1335 1963 56 31 sin
1419 1962 189 37 uppmärk-

106 2020 148 35 samhet,
274 2020 65 30 har
359 2018 89 32 dock
467 2018 77 31 icke
564 2018 119 30 ansett
702 2016 171 37 påkallat,
893 2017 54 30 att
967 2016 195 35 riksdagen
1182 2015 62 31 hos
1265 2014 134 36 Kungl.
1420 2014 110 36 Maj:t
1551 2024 60 20 an-

107 2071 114 32 håller
247 2081 56 21 om
328 2070 221 36 vidtagande
575 2080 46 20 av
647 2069 178 31 särskilda
853 2068 168 36 åtgärder
1049 2069 11 29 i
1088 2067 195 36 anledning
1310 2077 47 21 av
1381 2067 71 30 vad
1480 2066 129 32 reviso-

108 2132 106 21 rerna
234 2122 130 31 anfört.

148 2174 256 31 Revisorernas
424 2173 168 36 yttrande
612 2173 114 30 under
747 2171 17 36 $
785 2172 47 36 29,
851 2182 75 21 som
945 2171 202 32 avhandlar
1166 2170 233 32 statsverkets
1419 2170 191 31 kostnader

110 2226 55 30 för
187 2226 241 35 tjänsteresor,
449 2225 64 31 har
536 2224 173 31 utskottet
729 2225 116 30 ansett
866 2223 53 36 sig
941 2224 87 31 böra
1047 2223 178 31 behandla
1245 2223 11 30 i
1279 2222 171 31 samband
1471 2222 80 31 med
1569 2221 42 32 de

109 2287 45 20 av
173 2276 133 36 Kungl.
327 2276 110 35 Maj:t
457 2278 11 29 i
491 2275 247 36 föreliggande
758 2274 219 36 proposition
998 2277 167 28 ävensom
1186 2275 11 29 i
1218 2273 250 31 ovannämnda
1488 2273 122 30 motio-

108 2338 63 20 ner
188 2329 63 30 oeh
265 2338 43 20 av
326 2327 423 35 riksrikenskapsverket
764 2327 11 29 i
792 2327 77 30 dess
886 2326 168 35 yttrande
1071 2326 204 34 framlagda
1292 2325 134 35 förslag
1443 2324 56 31 till
1515 2324 98 30 vissa

111 2380 229 35 jämkningar
369 2379 11 30 i
408 2378 182 31 allmänna
617 2378 326 35 resereglementets
971 2377 181 31 särskilda
1179 2376 223 36 paragrafer.

151 2431 80 30 Vad
249 2432 44 30 då
311 2431 90 30 först
420 2430 177 31 beträffar
615 2430 41 30 de
674 2430 204 34 föreslagna
896 2428 247 36 ändringarna
1159 2429 12 30 i
1188 2429 18 29 2
1225 2427 17 35 $
1261 2438 45 20 av
1324 2427 182 31 allmänna
1523 2436 88 22 rese-

111 2482 239 35 reglementet,
369 2484 40 27 är
426 2482 168 30 utskottet
615 2482 10 29 i
645 2481 114 30 likhet
776 2481 77 30 med
871 2480 266 31 motionärerna
1155 2480 64 31 och
1237 2479 374 36 riksräkenskapsver-

1659 1397 142 24 Utskottet.
