2176 2648
737 202 252 29 Bankoutskottets
1011 203 150 28 utlåtande
1184 202 48 28 Nr
1254 203 49 27 46.
1806 201 18 28 7

314 275 223 42 Anledningen
560 275 51 32 till
634 276 39 31 de
695 275 183 32 infordrade
900 275 209 31 utlåtandena
1131 277 35 29 är
1189 275 215 41 nyssnämnda
1425 274 119 32 motion
1560 285 36 20 av
1611 273 72 33 Sam
1700 274 123 39 Clason,

215 328 66 21 som
302 317 114 38 klagar
437 321 75 29 över
534 318 121 31 luftens
677 318 219 31 beskaffenhet
917 318 10 31 i
951 317 171 41 plenisalar
1144 317 56 31 och
1224 320 205 28 utskottsrum
1452 317 57 31 och
1532 317 98 41 yrkar
1652 317 40 41 på
1708 317 116 31 under-

215 360 175 40 sökningar
411 361 166 38 angående
602 360 229 31 ventilationen
854 360 57 31 och
934 360 119 31 luftens
1076 359 209 32 renhetshalt.

316 402 203 32 Beträffande
541 403 128 31 särskilt
693 402 212 40 plenisalarna
927 413 71 20 men
1024 406 80 27 även
1126 402 283 31 utskottsrummen
1433 401 80 32 hava
1534 401 157 36 ingående
1706 401 117 32 under-

214 444 173 38 sökningar
419 445 183 31 verkställts
632 456 39 19 av
694 445 178 31 tillkallade
895 444 199 40 sakkunnige
1116 444 76 31 åren
1217 445 80 29 1912
1319 444 57 31 och
1403 444 87 30 1915.
1535 443 92 31 Vissa
1649 444 175 39 ändringar

215 498 39 19 av
288 486 167 40 befintliga
491 487 217 40 anordningar
741 486 57 31 och
833 487 114 39 tillägg
980 487 50 30 till
1064 487 158 30 desamma
1254 488 77 29 hava
1353 486 115 31 utförts
1492 486 71 31 med
1586 485 176 36 anledniug
1784 497 40 20 av

216 529 88 31 dessa
337 529 281 41 undersökningar.
663 528 123 33 Utöver
808 529 60 30 vad
898 539 65 21 som
988 529 39 30 då
1050 528 217 32 verkställdes,
1291 528 58 30 bar
1367 528 57 41 jag
1446 528 83 30 intet
1552 539 41 19 nu
1617 530 49 29 att
1688 528 136 38 tillägga

216 571 78 31 eller
326 571 124 31 föreslå.
496 570 111 42 Några
640 582 64 29 nya
736 573 56 28 rön
827 571 77 30 eller
937 570 219 31 erfarenheter
1178 570 198 31 beträffande
1398 570 229 31 ventilationen
1656 581 39 21 av
1718 570 107 39 dylika

214 612 121 32 lokaler
357 613 105 31 finnas
485 614 38 40 ej.
568 613 194 32 Tillståndet
783 613 10 30 i
816 612 167 32 lokalerna
1005 615 35 28 är
1062 613 175 31 emellertid
1261 614 26 39 ej
1312 612 81 32 blott
1416 612 155 31 beroende
1595 623 39 21 av
1658 612 167 40 befintliga

215 656 216 41 anordningar
465 659 74 27 utan
572 656 11 31 i
617 656 126 41 mycket
772 655 63 39 hög
858 656 79 39 grad
960 658 80 28 även
1064 655 106 37 därav,
1193 655 79 31 huru
1298 655 89 30 dessa
1408 655 116 31 skötas.
1570 653 63 32 För
1655 656 50 29 att
1726 654 99 31 skaffa

213 698 67 40 mig
303 698 177 31 kännedom
504 699 108 30 härom
635 698 59 30 har
712 698 56 40 jag
791 698 143 31 närvarit
957 698 51 30 vid
1032 698 37 29 de
1093 697 203 41 påfrestande
1317 696 105 41 plena,
1444 707 67 20 som
1533 696 200 40 försiggingo
1752 707 73 21 ons-

215 740 103 41 dagen
341 740 59 31 den
426 740 18 30 3
468 740 118 31 dennes
608 740 10 30 i
641 740 119 40 många
782 740 127 30 timmar
932 739 70 31 med
1026 739 145 31 fullsatta
1193 739 266 31 åhörareläktare.
1497 738 64 41 Jag
1584 739 105 30 kunde
1712 739 112 31 därvid

214 783 27 40 ej
267 784 87 29 finna
377 785 99 28 annat
498 785 40 28 än
561 785 48 28 att
631 782 141 31 skötseln
797 793 54 19 var
873 782 123 40 fullgod
1019 782 56 30 och
1099 784 49 28 att
1170 783 80 29 även
1274 781 118 31 luftens
1417 780 217 32 beskaffenhet
1656 781 59 31 och
1743 783 82 29 tem-

213 828 128 37 peratur
368 825 27 39 ej
430 825 104 30 kunde
558 835 40 29 ge
621 824 175 40 anledning
818 824 48 30 till
890 824 101 40 några
1013 822 167 42 klagomål.
1225 823 124 31 Sådana
1372 823 136 31 avhörde
1527 823 57 40 jag
1607 823 39 40 ej,
1669 822 56 32 och
1749 823 77 41 inga

213 866 162 31 anmäldes
397 866 102 31 heller
521 866 51 31 till
594 866 209 31 maskinisten
826 866 69 30 med
920 868 48 29 ett
990 865 82 32 enda
1094 865 174 40 undantag.
1303 865 140 31 Klockan
1468 866 67 33 9,45
1562 876 25 20 e.
1609 876 39 19 m.
1672 864 154 41 klagades

214 911 75 29 över
319 909 50 30 för
397 910 87 29 stark
515 912 107 27 värme
653 909 11 30 i
694 909 98 30 första
823 908 192 31 kammaren.
1061 907 249 41 Temperaturen
1342 919 55 20 var
1424 907 40 31 då
1486 908 50 30 20.
1584 906 73 32 Men
1681 906 41 31 då
1746 907 80 31 hade

214 951 92 31 också
339 952 128 39 plenum
502 951 112 40 pägått
647 951 10 30 i
691 951 19 30 6
732 950 129 31 timmar
882 950 41 41 på
947 950 20 31 f.
992 961 39 20 m.
1056 950 57 31 och
1136 952 19 27 2
1178 951 129 29 timmar
1328 950 41 40 på
1393 960 24 21 e.
1440 960 41 19 m.
1526 948 194 42 (Utvädring
1743 949 83 31 hade

214 993 86 31 skett
322 994 101 30 under
446 992 186 42 uppehållet
654 993 117 30 mellan
796 992 81 31 båda
900 992 115 40 plena).

311 1035 61 40 Jag
396 1034 101 32 håller
520 1035 54 31 det
596 1035 49 31 för
667 1034 155 41 omöjligt,
846 1036 49 29 att
918 1034 103 31 luften
1045 1034 72 31 med
1140 1033 102 40 några
1263 1033 104 31 medel
1389 1033 124 31 kunnat
1535 1044 76 20 vara
1633 1033 117 38 bättre,
1773 1044 51 21 om

213 1088 75 20 man
309 1080 91 38 tager
423 1078 10 29 i
456 1077 219 37 betraktande,
699 1077 60 30 hur
781 1076 86 31 olika
889 1076 224 40 fordringarna
1136 1078 54 28 äro
1213 1076 54 31 hos
1290 1075 85 32 olika
1398 1086 155 30 personer.
1597 1075 71 31 Den
1692 1087 58 19 ene
1771 1076 55 31 vill

213 1120 41 30 ha
287 1130 152 23 varmare,
474 1120 61 30 den
559 1120 98 30 andre
680 1118 58 32 vill
760 1118 40 31 ha
822 1118 131 40 svalare,
978 1119 59 31 den
1063 1129 58 21 ene
1144 1118 57 31 vill
1223 1118 41 31 ha
1287 1129 86 20 mera
1395 1118 70 39 luft,
1488 1118 62 31 den
1573 1118 100 31 andre
1695 1120 35 28 är
1752 1120 75 29 över

214 1162 59 31 allt
294 1165 100 28 annat
416 1161 77 31 rädd
516 1161 49 31 för
588 1161 86 41 drag.

310 1203 64 41 Jag
407 1206 35 28 är
475 1204 186 40 övertygad,
684 1205 49 29 att
754 1202 143 32 skötseln
920 1214 39 19 av
982 1201 234 32 ventilationen
1238 1202 81 31 varit
1342 1201 67 32 lika
1431 1201 60 41 god
1516 1202 51 30 vid
1590 1201 101 31 andra
1712 1201 115 32 tillfäl-

213 1246 53 31 len
299 1257 65 19 som
400 1246 59 30 den
494 1257 55 19 var
583 1246 104 30 denna
719 1245 69 40 dag.
834 1245 117 30 Därom
987 1244 109 31 kunna
1119 1244 94 31 också
1235 1244 224 31 maskinistens
1481 1243 165 40 skriftliga
1670 1244 156 39 protokoll

213 1291 73 28 över
308 1288 87 40 varje
418 1287 233 31 sammanträde
674 1287 77 31 bära
773 1286 112 32 vittne.
920 1286 68 41 Jag.
1007 1286 144 41 bilägger
1173 1297 40 20 en
1235 1286 133 31 avskrift
1390 1297 39 20 av
1451 1285 202 41 protokollen
1675 1285 48 31 för
1739 1297 87 29 nyss-

213 1330 138 31 nämnda
373 1330 70 40 dag.

311 1371 63 32 Vid
408 1372 96 31 besök
536 1372 10 30 i
581 1371 254 31 varmkammare
869 1370 57 31 och
954 1369 338 32 ventilationskanaler
1314 1369 77 31 fann
1411 1369 57 41 jag
1490 1368 138 33 överallt
1651 1369 60 31 den
1736 1369 88 32 bästa

212 1413 136 42 ordning
381 1414 57 30 och
463 1413 189 40 fullständig
675 1412 173 41 renlighet,
871 1412 101 31 vilket
991 1412 36 41 ju
1049 1414 35 29 är
1107 1414 47 29 ett
1177 1411 222 42 grundvillkor
1420 1411 49 31 för
1491 1411 60 31 den
1575 1411 250 32 inströmmande

212 1456 120 31 luftens
355 1456 80 40 goda
455 1456 226 31 beskaffenhet.

310 1498 205 31 Beträffande
548 1498 285 31 utskottsrummen
866 1495 143 41 framgår
1041 1506 40 21 av
1114 1496 168 31 maskinist
1305 1495 140 32 Teorells
1466 1494 163 39 skrivelse,
1653 1497 48 29 att
1723 1495 101 32 under

213 1540 78 31 hans
314 1540 192 31 företrädare
530 1539 313 32 frisklufttillförseln
867 1541 72 28 rent
961 1549 39 20 av
1022 1539 83 30 varit
1128 1538 154 39 avstängd
1310 1538 70 30 från
1406 1538 294 31 utskottsrummen.
1747 1537 75 31 Men

213 1582 71 31 från
297 1582 34 30 år
350 1583 79 29 1919
453 1586 54 27 har
531 1581 142 32 friskluft
697 1581 62 31 fått
786 1581 188 31 inströmma
996 1580 51 31 till
1071 1580 38 31 de
1134 1580 327 41 ventilationsgångar
1483 1580 10 30 i
1516 1579 153 39 källaren,
1692 1590 65 20 som
1779 1591 41 28 ge

213 1624 281 31 utskottsrummen
518 1624 78 31 frisk
620 1623 70 31 luft.
735 1623 73 30 Men
831 1623 159 30 fläktarna
1014 1623 40 30 ha
1076 1622 97 31 likväl
1196 1622 69 31 icke
1288 1622 82 30 varit
1391 1623 10 30 i
1425 1622 85 39 gång
1533 1622 49 30 för
1604 1623 48 29 att
1675 1622 88 29 driva
1785 1623 34 29 in

212 1666 113 31 luften.
370 1666 46 30 En
451 1666 192 39 otillräcklig
665 1665 180 39 luftmängd
871 1666 54 29 bar
949 1664 105 31 därför
1078 1665 136 38 mången
1240 1663 87 41 gång
1350 1664 199 30 inströmmat
1571 1663 56 31 och
1651 1664 88 30 detta
1761 1663 58 31 har

212 1708 71 31 haft
305 1709 54 30 det
382 1708 197 31 förhållande
602 1708 50 30 till
676 1707 87 40 följd,
788 1710 129 27 varöver
940 1705 205 32 maskinisten
1171 1705 112 41 klagar
1305 1706 9 29 1
1338 1706 48 30 sin
1409 1705 143 37 skivelse,
1576 1705 162 39 nämligen
1769 1708 49 28 att

211 1750 271 31 luftströmmarna
504 1749 11 31 i
536 1761 143 19 rummen
705 1749 67 30 ofta
794 1749 71 41 gatt
888 1749 184 39 baklänges.
1117 1747 131 41 Följden
1274 1747 60 31 blir
1356 1747 81 31 kallt
1459 1747 77 38 drag
1559 1746 12 31 i
1591 1746 226 31 utskottsloka-

211 1793 99 33 lerna,
343 1792 58 31 och
434 1792 139 30 därefter
605 1795 129 37 stänges
767 1791 78 30 bade
878 1790 166 31 varmluft-
1076 1790 56 30 och
1168 1788 299 42 utsugniugsventil.
1513 1788 59 31 Att
1594 1788 104 31 luften
1721 1789 96 30 sedan

212 1834 61 31 blir
295 1834 84 40 dålig
402 1836 34 28 är
459 1834 28 40 ej
511 1837 48 27 att
582 1834 100 30 undra
707 1833 47 40 på.
800 1832 204 31 Beträffande
1027 1831 301 32 utskottslokalerna
1351 1831 55 30 bör
1429 1831 93 31 alltså
1546 1842 73 19 vara
1646 1841 171 30 noggrann

211 1877 109 39 tillsyn
354 1878 49 28 att
435 1875 102 31 luften
571 1875 92 31 alltid
686 1876 99 36 stiger
808 1886 62 29 upp
892 1874 10 31 i
925 1874 63 31 alla
1011 1874 131 30 kanaler
1164 1873 70 31 från
1259 1873 380 40 ventilationsgångarova.
1685 1872 62 31 För
1769 1875 49 28 att

212 1918 216 31 åstadkomma
462 1918 87 31 detta
585 1918 73 30 böra
692 1917 156 30 fläktarna
880 1916 98 31 hållas
1000 1916 10 30 i
1033 1916 86 40 gång
1142 1916 70 30 med
1236 1915 187 37 erforderlig
1447 1915 172 37 hastighet.
1668 1915 45 31 Då
1736 1914 82 31 lärer

213 1961 52 30 det
288 1961 110 29 endast
419 1959 98 31 sällan
542 1960 56 31 och
622 1959 50 31 vid
696 1958 88 31 stark
806 1962 97 28 storm
927 1960 10 28 i
960 1959 104 38 någon
1088 1958 82 30 enda
1192 1957 82 31 lokal
1298 1957 139 37 inträffa,
1460 1960 48 28 att
1531 1957 101 30 luften
1656 1958 57 35 går
1729 1956 88 31 back.

310 2002 167 30 Maskinist
510 2002 122 30 Teorell
666 2002 82 29 talar
778 2001 10 29 i
821 2001 48 30 sin
892 2000 150 30 skrivelse
1065 2000 126 30 särskilt
1213 2011 49 18 om
1286 1999 210 38 olägenheten
1519 2010 37 20 av
1578 1999 145 40 bakdrag
1747 1998 69 31 från

212 2044 192 31 toiletterna.
449 2043 206 31 Beträffande
689 2043 88 30 dessa
807 2043 100 37 gäller
931 2042 173 30 detsamma
1126 2052 64 19 som
1218 2042 46 29 för
1287 2040 309 31 utskottslokalerna.
1639 2040 58 32 Om
1723 2040 94 30 frisk-

212 2081 233 36 lufttillförseln
468 2088 34 28 är
525 2085 97 39 riklig
645 2084 70 31 från
740 2084 371 39 ventilationsvängarna
1134 2094 33 19 så
1191 2084 109 29 räcker
1322 2082 221 35 luftmängden
1567 2082 60 31 till.
1645 2084 34 28 så
1694 2085 47 27 att
1756 2082 63 30 alla

212 2129 232 31 Jluft-trömmar
478 2128 41 38 gå
552 2127 33 30 åt
608 2129 65 27 rätt
697 2126 73 30 håll.
816 2125 73 30 Men
916 2125 53 30 det
993 2125 60 29 kan
1078 2124 94 30 likväl
1196 2124 103 30 finnas
1321 2124 67 30 skäl
1411 2126 48 28 att
1482 2123 171 31 framkalla
1676 2123 141 31 starkare

213 2170 175 41 utsugning
414 2169 68 30 från
505 2169 184 31 toiletterna
711 2168 11 29 i
745 2168 59 29 den
829 2168 74 29 mån
926 2167 88 30 detta
1037 2168 35 28 är
1096 2165 133 40 möjligt.
1274 2165 314 31 Utskottslokalerna
1610 2165 160 31 användas
1782 2167 36 38 jun

213 2223 129 21 numera
365 2212 10 29 1
397 2211 35 30 så
455 2213 70 38 gott
546 2221 67 20 som
636 2209 57 31 full
718 2209 221 38 utsträckning
964 2208 70 30 bela
1055 2208 79 30 året.
1170 2207 107 31 Under
1300 2208 59 29 den
1385 2218 108 20 varma
1515 2207 150 33 årstiden,
1690 2207 38 30 da
1745 2218 73 18 man

212 2256 67 30 ofta
311 2256 121 38 öppnar
463 2254 154 34 fönstren,
652 2253 35 29 är
717 2251 28 40 ej
770 2251 53 30 det
846 2251 48 30 för
920 2250 124 31 vintern
1068 2249 134 32 avsedda
1226 2249 354 41 ventilationssystemet
1603 2248 215 32 tillfredsstäl-
