1866 2794
415 144 122 29 Första
559 143 245 39 lagutskottets
826 143 178 29 utlåtande
1024 152 42 20 nr
1085 144 41 28 30
1146 143 39 30 år
1206 144 83 28 1955
1581 143 19 29 5

98 228 146 33 önskan,
265 229 51 28 att
336 228 89 29 hans
446 227 271 40 kvarlåtenskap
738 227 107 29 måtte
867 227 142 29 komma
1031 227 300 29 hemkommunen
1355 227 49 29 till
1426 227 87 39 godo
1535 227 65 29 och

98 279 70 29 han
195 287 42 21 av
265 278 115 39 någon
406 278 188 39 anledning
620 278 76 29 icke
722 277 125 30 träffat
873 277 108 39 några
1007 278 309 29 testamentariska
1342 277 255 39 dispositioner,

98 330 122 28 kunna
249 329 211 39 tillmötesgå
492 328 214 30 arvlåtarens
738 328 193 30 önskemål.
963 328 219 29 Motionerna
1212 328 126 39 avsågo
1370 328 148 29 sålunda
1549 329 50 28 att

97 379 207 39 möjliggöra
325 379 187 30 avstående
534 389 42 19 av
595 379 130 29 fonden
745 379 165 29 tillfallna
931 379 111 29 medel
1065 379 49 29 till
1135 379 191 29 arvlåtares
1346 378 252 30 hemkommun

97 433 10 26 i
129 430 93 30 vissa
241 430 11 28 i
272 430 152 29 särskild
443 430 149 39 ordning
611 430 151 39 prövade
783 429 72 29 fall.
877 430 48 29 På
944 429 211 30 hemställan
1176 440 42 19 av
1239 429 111 30 första
1372 429 226 39 lagutskottet

103 481 77 32 (utl.
204 490 41 19 nr
273 480 56 34 11)
359 481 201 29 förkastade
584 480 189 39 riksdagen
796 480 279 29 motionärernas
1098 480 132 39 förslag
1253 480 280 39 huvudsakligen
1557 489 42 21 av

97 532 93 29 vissa
216 531 162 30 formella
403 532 85 29 skäl.

729 685 232 31 Yttrandena

142 758 284 38 Socialstyrelsen
448 759 100 29 anför
568 760 10 28 i
597 759 186 29 huvudsak
803 758 172 39 följande:

142 817 208 30 Överlåtelse
375 818 51 30 tili
450 819 169 29 kommun
643 827 40 21 av
707 819 115 28 rätten
846 819 50 28 att
920 818 185 39 disponera
1130 817 299 30 arvsfondsmedel
1453 817 144 30 innebär

99 862 47 28 ett
168 862 116 38 avsteg
311 860 80 30 från
415 860 228 30 arvsfondens
668 860 300 40 grundprinciper.
993 861 13 28 I
1030 860 152 30 motiven
1206 860 52 29 till
1283 860 228 29 arvsfondens
1536 859 61 30 bil-

98 902 111 30 dande
232 904 140 38 utsäges
398 903 105 29 bland
526 904 117 34 annat,
667 905 49 29 att
740 903 57 29 det
821 912 40 20 ur
885 902 216 31 arvlåtarnas
1126 903 180 39 synpunkt
1328 903 97 29 torde
1449 902 148 30 framstå

97 945 135 30 mindre
253 945 159 30 stötande
433 955 54 20 om
508 945 217 30 arvsmedlen
746 945 41 40 gå
806 945 52 29 till
878 954 42 21 en
940 945 93 34 fond,
1051 954 80 20 vars
1153 945 163 29 ändamål
1339 946 38 28 är
1396 946 50 28 att
1467 944 129 39 främja

99 987 123 39 syften,
248 997 75 20 som
350 988 53 29 stå
427 988 40 29 de
493 987 73 30 ofta
591 988 287 29 förekommande
904 986 417 31 testamentsändamålen
1348 988 94 32 nära,
1470 988 43 28 än
1541 996 55 20 om

96 1038 104 21 arven
222 1029 164 40 indragas
407 1030 51 30 till
482 1031 123 28 staten.
626 1030 109 29 Dessa
758 1030 75 29 skäl
855 1030 45 29 ha
920 1030 89 38 legat
1031 1030 52 28 till
1105 1029 112 39 grund
1240 1029 53 29 för
1315 1029 280 39 uppfattningen,

97 1073 50 28 att
164 1072 42 29 de
222 1081 70 25 arv,
311 1081 75 20 som
404 1072 139 30 tillfalla
561 1072 55 30 det
635 1072 188 34 allmänna,
841 1072 76 30 icke
935 1072 84 29 böra
1036 1073 99 38 tagas
1152 1072 11 28 i
1181 1071 153 40 anspråk
1353 1071 54 30 för
1425 1071 170 30 täckande

98 1122 41 21 av
156 1114 232 39 statsutgifter
405 1116 84 28 utan
504 1115 12 28 i
532 1114 114 30 stället
661 1114 85 30 böra
764 1114 173 30 fonderas.

143 1156 139 30 Samma
300 1157 219 39 synpunkter
534 1157 110 30 måste
661 1157 92 29 bliva
772 1156 281 40 utslagsgivande
1069 1156 58 31 vid
1145 1156 173 39 prövning
1334 1166 40 20 av
1392 1158 48 29 ett
1458 1156 136 39 förslag,

99 1206 72 22 som
192 1198 145 30 innebär
359 1200 50 28 att
428 1199 70 29 viss
521 1199 53 29 del
596 1208 41 21 av
658 1199 154 29 influtna
837 1199 299 30 arvsfondsmedel
1158 1199 161 39 indrages
1342 1198 51 30 till
1416 1198 179 29 kommun.

97 1240 64 31 Det
182 1241 69 29 kan
273 1241 149 30 sålunda
442 1241 75 30 icke
538 1241 267 39 ifrågakomma,
828 1243 49 27 att
898 1241 137 29 medlen
1058 1241 97 30 skola
1176 1241 151 29 tillföras
1350 1241 66 29 den
1436 1241 160 29 kommu-

97 1283 79 30 nala
196 1283 339 39 inkomstbudgeten.
556 1284 81 29 Man
657 1284 70 29 kan
750 1293 41 21 av
813 1283 240 39 ordalydelsen
1074 1284 11 28 i
1109 1283 165 39 förslaget
1297 1283 106 39 draga
1424 1283 66 29 den
1513 1283 83 29 slut-

98 1326 125 34 satsen,
251 1327 51 28 att
328 1326 94 29 detta
448 1326 75 30 icke
550 1326 107 30 heller
683 1326 90 30 varit
800 1326 236 29 motionärens
1064 1325 150 39 mening.
1244 1326 237 30 Motionärens
1506 1327 90 28 utta-

96 1366 77 31 lade
189 1368 136 29 önskan
342 1369 50 28 att
409 1376 122 31 genom
548 1367 164 39 förslaget
731 1368 108 39 skapa
858 1369 109 28 större
984 1368 147 29 intresse
1150 1368 64 29 och
1232 1367 181 30 förståelse
1431 1367 53 30 för
1503 1376 92 21 arvs-

98 1408 147 31 fondens
263 1410 163 29 ändamål
443 1410 62 30 och
523 1409 137 40 uppgift
678 1419 101 29 synes
798 1410 75 39 giva
889 1409 59 30 vid
965 1410 149 35 handen,
1133 1411 50 28 att
1202 1410 158 29 avsikten
1378 1410 78 28 med
1474 1409 122 30 försla-

98 1454 53 35 get
175 1453 36 28 är
236 1453 49 28 att
309 1452 77 38 giva
409 1452 297 29 hemkommunen
733 1452 182 39 möjlighet
941 1453 50 28 att
1012 1469 44 3 —
1079 1452 111 29 under
1214 1452 306 38 hänsynstagande
1545 1451 51 30 till

98 1493 228 30 arvsfondens
348 1493 261 29 bestämmelser
629 1511 43 3 —
692 1493 96 29 inom
811 1494 57 30 sitt
891 1493 140 30 område
1053 1493 36 30 få
1110 1494 186 39 disponera
1318 1494 68 30 viss
1407 1494 55 29 del
1484 1503 42 20 av
1546 1494 50 28 in-

97 1534 113 31 flutna
230 1535 309 30 arvsfondsmedel.

141 1577 101 30 Detta
267 1578 95 29 torde
384 1577 173 40 knappast
579 1578 121 29 kunna
723 1578 61 29 ske
805 1578 45 39 på
872 1581 107 28 annat
1002 1579 68 28 sätt
1094 1579 44 29 än
1161 1580 50 28 att
1233 1578 52 29 till
1308 1578 215 29 kommunen
1546 1579 50 28 in-

98 1618 113 30 flutna
234 1620 112 29 medel
371 1619 162 30 fonderas
558 1620 54 29 för
636 1629 121 20 senare
781 1620 180 39 utdelning
985 1620 52 29 till
1061 1620 92 30 vissa
1177 1620 174 34 ändamål,
1378 1629 72 22 som
1475 1621 87 39 ligga
1586 1619 11 29 i

97 1661 84 40 linje
201 1662 79 29 med
300 1662 230 29 arvsfondens
551 1662 99 39 syfte,
673 1662 81 29 eller
776 1664 51 28 att
846 1662 136 30 medlen
1003 1662 113 30 direkt
1137 1662 41 40 gå
1198 1663 52 29 till
1273 1662 129 30 sådana
1424 1662 171 30 ändamål.

98 1703 12 29 I
131 1704 89 29 båda
240 1704 108 29 fallen
370 1705 70 29 kan
461 1714 81 20 man
563 1704 206 39 ifrågasätta
791 1705 56 31 det
869 1705 164 39 lämpliga
1056 1705 10 28 i
1091 1705 250 39 anordningen.

142 1746 57 30 Att
218 1746 94 29 olika
331 1747 242 39 myndigheter
591 1747 116 29 utdela
727 1747 299 30 arvsfondsmedel
1046 1748 37 29 är
1104 1756 39 20 ur
1164 1747 88 29 flera
1272 1747 216 40 synpunkter
1509 1747 87 29 otill-

98 1787 278 31 fredsställande.
395 1789 160 29 Frånsett
574 1789 65 29 den
658 1789 297 39 organisatoriska
974 1789 226 39 olägenheten
1220 1790 111 30 skulle
1351 1799 41 20 en
1412 1789 108 30 sådan
1539 1798 57 20 an-

98 1830 147 39 ordning
270 1830 158 30 medföra
453 1840 41 20 en
519 1831 74 30 icke
619 1831 175 29 önskvärd
818 1831 183 39 ojämnhet
1026 1832 10 28 i
1062 1831 243 40 fördelningen
1332 1841 40 21 av
1399 1831 198 30 arvsfonds-

98 1872 146 29 medlen.

144 1914 282 39 Socialstyrelsen
455 1916 68 28 kan
551 1915 75 29 icke
655 1915 99 30 finna
782 1915 115 40 rimlig
925 1915 187 40 anledning
1140 1915 53 31 till
1222 1919 49 27 att
1300 1916 296 29 hemkommunen

99 1956 87 29 skall
208 1956 177 39 medgivas
409 1956 263 30 företrädesrätt
695 1957 51 29 till
770 1958 68 29 viss
863 1958 53 29 del
940 1967 41 20 av
1006 1957 154 31 influtna
1184 1957 309 30 arvsfondsmedel.
1518 1958 79 29 Fin-

99 2006 63 22 nas
187 1999 95 28 inom
310 1999 213 29 kommunen
551 1999 130 29 sådana
708 2000 174 35 ändamål,
911 2009 73 20 som
1013 2008 99 21 svara
1140 2003 72 27 mot
1239 2000 229 29 arvsfondens
1497 2000 99 39 syfte,

99 2040 174 39 nämligen
294 2040 198 40 främjande
513 2051 40 19 av
573 2041 105 29 barns
699 2042 63 28 och
784 2041 170 40 ungdoms
974 2041 84 31 vård
1080 2042 64 29 och
1166 2042 146 33 fostran,
1334 2042 63 29 och
1418 2042 54 29 för
1493 2042 104 29 ända-

99 2082 103 30 målet
221 2083 164 39 vidtagna
405 2083 159 39 åtgärder
582 2083 74 29 icke
676 2083 90 30 åvila
786 2086 67 27 stat
873 2084 81 29 eller
974 2084 179 33 kommun,
1174 2084 121 30 kunna
1313 2084 39 39 ju
1372 2084 100 30 dessa
1493 2085 104 29 ända-

98 2124 69 29 mål
190 2124 149 39 främjas
361 2133 121 31 genom
507 2125 65 29 den
594 2125 181 40 utdelning
799 2135 72 20 som
895 2134 46 20 nu
966 2126 78 30 sker
1066 2126 251 39 kontinuerligt
1339 2126 52 30 till
1414 2127 67 28 alla
1504 2126 94 29 delar

100 2174 40 22 av
157 2166 126 29 landet.

144 2208 282 38 Socialstyrelsen
454 2209 58 29 vill
540 2209 160 38 slutligen
729 2209 196 33 framhålla,
954 2212 49 27 att
1031 2210 65 29 den
1125 2210 220 39 fortlöpande
1374 2210 223 39 utdelningen

98 2257 41 20 ur
155 2250 221 32 arvsfonden,
391 2249 114 29 vilken
520 2250 8 28 i
545 2251 186 37 synnerhet
748 2251 110 29 under
874 2260 120 20 senare
1010 2251 37 29 år
1062 2251 89 29 varit
1166 2261 41 19 av
1221 2254 71 27 stor
1309 2251 209 40 omfattning
1535 2251 63 30 och

100 2299 73 21 som
191 2291 176 31 inneburit
385 2292 220 29 ekonomiskt
623 2293 75 28 stöd
717 2293 51 29 till
787 2293 91 28 olika
897 2293 236 38 anordningar
1151 2293 53 29 för
1222 2293 105 29 barns
1346 2294 63 28 och
1427 2294 171 38 ungdoms

99 2332 83 30 vård
205 2333 63 29 och
292 2333 134 29 fostran
451 2334 93 29 inom
567 2334 124 33 städer,
715 2334 180 39 köpingar,
919 2334 312 30 landskommuner
1254 2338 81 27 runt
1359 2344 54 20 om
1437 2336 9 28 i
1470 2335 127 34 landet,

100 2374 62 29 har
183 2375 149 39 bidragit
354 2375 51 29 till
428 2376 88 28 ökad
540 2376 198 29 kännedom
760 2385 55 21 om
838 2377 63 28 och
924 2376 142 29 därmed
1089 2377 184 39 väsentligt
1296 2377 81 29 ökat
1400 2377 198 30 förtroende

101 2415 53 29 för
173 2416 175 30 allmänna
371 2417 218 29 arvsfonden.
