1917 2841
297 190 39 28 32
673 181 278 32 Statsutskottets
967 180 174 32 utlåtande
1157 191 40 20 nr
1212 182 42 35 40
1271 180 37 32 år
1323 183 83 29 1967

338 264 64 32 Vid
423 264 206 33 förestående
649 263 136 32 ärendes
806 262 268 40 slutbehandling
1095 261 88 32 inom
1205 261 167 32 utskottet
1392 261 60 32 har
1473 260 147 33 närvarit

338 320 73 31 från
441 319 154 32 första
625 318 203 32 kammaren:
848 317 111 32 herrar
978 317 186 37 Näsström,
1184 316 102 32 Einar
1305 315 148 39 Persson,
1475 315 121 41 Virgin,
1616 315 82 32 Axel
1717 315 67 32 An-

297 375 143 37 dersson,
463 373 114 41 Birger
598 373 198 38 Andersson,
820 371 88 33 Fritz
932 371 148 38 Persson,
1103 370 175 39 Svensson,
1302 369 141 41 Kaijser,
1466 370 52 32 fru
1542 369 242 39 Wallentheim,

297 428 111 32 herrar
426 428 191 39 Söderberg,
637 427 179 40 Bengtson,
835 426 223 37 Mårtensson,
1078 425 190 37 Wallmark,
1288 425 165 31 Thorsten
1472 424 140 32 Larsson
1632 424 61 32 och
1713 425 70 38 Ny-

298 495 88 26 man;
403 487 87 28 samt

338 538 73 31 från
448 537 145 32 andra
630 536 203 32 kammaren:
861 534 110 32 herrar
998 533 162 38 Bohman,
1189 533 158 32 Karlsson
1376 532 9 32 i
1413 532 189 38 Olofström,
1630 532 153 38 Blidfors,

296 591 184 40 Mellqvist,
497 590 52 32 fru
566 589 293 38 Lewén-Eliasson,
877 588 111 32 herrar
1004 587 181 38 Mattsson,
1203 587 174 38 Turesson,
1395 586 115 32 fröken
1528 586 127 38 Olsson,
1673 586 111 32 herrar

295 646 187 37 Lindholm,
502 644 176 38 Nelander,
698 643 195 41 Fagerlund,
914 642 164 38 Källstad,
1098 642 140 31 Jönsson
1259 640 10 32 i
1288 640 112 39 Arlöv,
1420 640 171 40 Westberg
1610 640 63 32 och
1694 641 90 31 Elm-

296 701 100 31 stedt.

885 911 308 36 Reservationer

340 1024 31 41 1)
399 1022 57 32 vid
481 1022 152 41 punkten
658 1025 17 28 I
706 1017 540 45 (Universitetskanslersämbetet:
1272 1017 216 41 Avlöningar)
1516 1028 43 21 av
1585 1017 75 32 herr
1687 1017 96 32 Wall-

296 1077 105 32 mark.

339 1185 33 40 2)
396 1183 57 33 vid
478 1183 152 40 punkten
655 1185 19 29 5
704 1180 266 43 (Humanistiska
997 1180 223 32 fakulteterna
1245 1190 44 20 m.
1316 1190 54 20 m.:
1397 1178 215 41 Avlöningar)
1640 1190 43 21 av
1709 1179 74 31 herr

302 1239 160 31 Thorsten
476 1238 152 31 Larsson.

339 1347 33 39 3)
396 1345 57 31 vid
480 1344 152 40 punkten
660 1347 18 28 6
709 1342 208 41 (Teologiska
944 1341 233 32 fakulteterna:
1206 1339 216 41 Avlöningar)
1452 1351 43 20 av
1522 1339 112 32 herrar
1663 1340 120 39 Virgin,

296 1399 81 32 Axel
394 1398 199 36 Andersson,
610 1397 143 40 Kaijser,
771 1396 180 39 Bengtson,
972 1394 187 37 Wallmark,
1182 1393 161 32 Thorsten
1361 1393 150 37 Larsson,
1529 1393 148 41 Nyman,
1695 1393 89 32 Boh-

295 1463 89 27 man,
409 1452 182 36 Mattsson,
621 1451 169 35 Turesson,
816 1448 176 38 Nelander,
1018 1447 165 38 Källstad,
1211 1446 169 41 Westberg
1405 1447 61 32 och
1491 1447 177 37 Elmstedt,
1694 1447 90 32 vilka

296 1510 112 28 ansett
424 1510 53 27 att
494 1505 166 31 utskottet
677 1503 76 32 bort
770 1502 166 40 tillstyrka
953 1502 165 39 yrkandet
1135 1501 10 31 i
1161 1500 207 32 motionerna
1386 1501 28 31 I:
1426 1503 61 29 266
1505 1500 61 32 och
1584 1501 47 31 II:
1644 1504 59 28 344
1722 1501 58 32 och

297 1564 52 28 att
364 1559 111 32 därför
489 1558 182 32 utskottets
687 1557 157 39 yttrande
859 1556 60 31 och
935 1555 196 32 hemställan
1146 1554 76 32 bort
1238 1554 44 31 ha
1296 1553 146 40 följande
1457 1554 133 39 lydelse:

339 1613 94 31 »Den
464 1610 383 42 religionspsykologiska
879 1608 210 41 forskningen
1121 1608 59 32 har
1212 1608 83 32 efter
1326 1608 103 31 andra
1460 1608 219 40 världskriget
1711 1608 72 40 gått

296 1667 109 32 starkt
424 1666 122 32 framåt
566 1665 85 32 både
671 1664 43 40 på
735 1664 63 32 den
819 1662 191 41 europeiska
1030 1662 219 32 kontinenten
1268 1662 61 31 och
1350 1661 10 32 i
1380 1661 95 33 USA.
1494 1661 289 41 Religionspsyko-

296 1721 115 40 logien,
429 1731 70 20 som
516 1719 138 40 tidigare
673 1729 60 20 var
749 1722 49 28 ett
816 1717 157 40 tämligen
990 1717 177 39 begränsat
1185 1716 269 39 specialstudium
1472 1727 43 20 av
1532 1716 86 31 vissa
1635 1716 148 40 religiösa

295 1774 187 32 företeelser
498 1773 108 32 såsom
621 1771 235 32 omvändelsen
870 1770 61 32 och
945 1770 177 39 mystiken,
1138 1772 141 37 spänner
1295 1769 10 31 i
1319 1769 64 40 dag
1397 1772 78 29 över
1490 1769 164 40 betydligt
1670 1769 113 32 vidare

295 1828 62 32 fält
377 1827 61 32 och
459 1827 94 31 söker
574 1826 89 31 inom
683 1836 114 21 ramen
818 1825 50 31 för
888 1824 63 31 den
972 1824 166 31 allmänna
1157 1822 232 41 psykologiens
1408 1822 270 33 betraktelsesätt
1700 1823 84 32 klar-

295 1882 95 39 lägga
407 1880 240 40 betingelserna
664 1878 51 32 för
731 1879 57 32 det
806 1877 147 41 religiösa
971 1877 80 31 livet
1068 1879 78 29 över
1161 1877 116 31 huvud
1296 1881 102 36 taget.

337 1937 18 31 I
374 1936 132 40 Sverige
526 1935 117 32 liksom
663 1934 10 32 i
693 1935 42 31 de
752 1934 114 40 övriga
883 1933 154 32 nordiska
1057 1933 157 31 länderna
1234 1933 105 32 finnes
1360 1936 90 28 ännu
1469 1933 97 40 ingen
1586 1933 166 40 professur
1772 1933 11 32 i

295 1993 113 29 ämnet
427 1988 333 41 religionspsykologi,
780 1999 76 20 men
875 1987 509 31 universitetskanslersämbetet
1404 1987 60 31 har
1484 1987 10 31 i
1514 1987 48 31 sin
1583 1987 200 40 femårsplan

294 2043 177 41 föreslagit,
487 2048 53 27 att
555 2054 41 20 en
612 2042 91 40 dylik
718 2061 42 4 —
774 2041 163 40 personlig
952 2040 49 32 för
1017 2041 162 31 docenten
1195 2040 153 39 Hjalmar
1364 2040 133 33 Sundén
1512 2060 42 4 —
1569 2040 140 33 inrättas
1726 2040 56 33 vid

295 2098 149 40 Uppsala
465 2096 195 33 universitet
682 2096 38 32 fr.
743 2107 29 20 o.
794 2106 43 21 m.
859 2095 198 40 budgetåret
1081 2095 152 37 1967/68,
1256 2094 101 41 något
1380 2105 70 21 som
1473 2094 104 32 skulle
1599 2105 105 30 gagna
1726 2095 57 31 det

295 2151 155 33 nordiska
478 2150 202 32 samarbetet
707 2152 60 28 när
793 2150 57 31 det
877 2149 99 40 gäller
1002 2148 178 40 forskning,
1207 2148 235 40 undervisning
1469 2148 61 31 och
1559 2148 186 40 utbildning
1773 2148 9 31 i

295 2206 94 31 detta
406 2207 107 29 ämne.
540 2204 106 31 Detta
663 2203 120 40 förslag
799 2203 60 31 har
876 2202 28 39 ej
923 2202 169 31 framförts
1109 2202 11 31 i
1137 2201 430 40 statsverkspropositionen
1584 2213 76 20 men
1662 2197 20 50 i
1706 2203 76 31 stäl-

294 2260 45 31 let
357 2259 155 39 förelagts
530 2257 173 40 riksdagen
723 2256 10 32 i
750 2256 206 32 motionerna
974 2256 29 31 I:
1016 2259 60 28 266
1095 2256 61 31 och
1175 2255 48 32 II:
1236 2258 70 29 344.
1335 2255 82 32 Med
1436 2255 130 40 hänsyn
1585 2256 49 31 till
1653 2258 130 30 ämnets

294 2313 169 39 betydelse
482 2311 61 32 och
562 2311 49 32 till
630 2310 151 32 Sundéns
798 2310 172 31 utmärkta
988 2309 249 40 vetenskapliga
1255 2308 193 40 förtjänster
1465 2309 51 32 får
1533 2310 167 32 utskottet
1719 2310 63 31 till-

295 2369 115 40 styrka
431 2367 92 32 bifall
545 2367 49 31 till
615 2366 216 32 motionerna.
853 2366 122 31 Därest
997 2365 173 41 riksdagen
1191 2365 147 32 beslutar
1359 2365 10 31 i
1391 2365 143 41 enlighet
1555 2366 147 38 härmed,
1723 2365 61 32 bör

295 2423 265 40 bemyndigande
577 2423 128 31 lämnas
722 2422 123 40 Kungl.
863 2421 104 40 Maj:t
985 2427 53 27 att
1055 2422 209 31 beträffande
1283 2421 199 40 professurer
1500 2425 77 37 göra
1596 2422 104 32 härav
1719 2422 63 32 för-

294 2478 121 30 anledd
434 2476 139 40 ändring
593 2476 10 31 i
622 2476 401 39 personalförteckningen
1043 2476 50 31 för
1112 2476 40 31 de
1173 2475 181 40 teologiska
1373 2475 222 32 fakulteterna
1616 2481 88 26 samt
1724 2487 58 20 un-

295 2531 57 31 der
369 2530 250 40 ifrågavarande
637 2530 113 39 anslag
766 2529 163 31 beräknas
946 2533 50 28 ett
1013 2528 120 40 belopp
1151 2540 42 20 av
1212 2532 39 28 82
1264 2532 60 28 000
1343 2529 47 31 kr.
