1921 2843
303 173 38 28 18
677 168 278 34 Statsutskottets
971 170 174 33 utlåtande
1162 183 38 20 nr
1216 174 42 34 40
1275 172 37 32 år
1327 175 83 30 1967

341 248 86 42 28:0)
449 249 177 33 Nordiska
645 250 308 34 afrikainstitutet:
975 252 227 42 Avlöningar.
1224 254 18 32 I
1264 254 143 42 enlighet
1427 256 76 32 med
1523 256 123 42 Kungl.
1667 257 121 41 Maj:ts

303 303 119 42 förslag
442 304 122 41 (punkt
582 305 28 32 E
630 308 50 35 39,
697 316 25 21 s.
743 309 59 29 309
821 306 62 32 och
903 307 85 41 310),
1009 307 102 33 vilket
1130 307 136 33 innebär
1284 320 40 20 en
1344 309 122 41 ökning
1484 322 41 20 av
1545 312 148 40 anslaget
1711 313 76 32 med

303 361 39 28 24
355 362 58 28 000
433 358 57 39 kr.,
508 359 189 32 hemställer
715 362 176 37 utskottet,

660 419 53 27 att
735 415 175 40 riksdagen
933 416 54 31 må
1012 416 49 32 till
1084 416 166 33 Nordiska
1274 418 288 39 afrikainstitutet:
1584 419 204 40 Avlöningar

619 468 50 31 för
694 468 197 41 budgetåret
920 470 142 37 1967/68
1088 470 114 33 anvisa
1230 476 50 27 ett
1306 472 249 42 förslagsanslag
1582 485 42 21 av
1652 478 133 29 217000

619 523 48 31 kr.

338 657 86 41 29:0)
447 657 177 33 Nordiska
638 659 307 33 afrikainstitutet:
962 661 272 32 Omkostnader.
1250 662 17 32 I
1282 663 142 40 enlighet
1439 664 75 32 med
1528 664 123 41 Kungl.
1666 666 120 39 Maj:ts

300 711 119 41 förslag
443 712 124 41 (punkt
588 713 28 31 E
639 716 50 35 40,
712 724 24 21 s.
759 714 86 41 310),
869 714 103 33 vilket
994 715 136 32 innebär
1153 727 40 21 en
1216 717 122 40 ökning
1360 729 43 20 av
1425 718 148 41 anslaget
1594 720 77 31 med
1694 724 17 28 9
1725 724 62 28 000

300 766 57 38 kr.,
374 766 189 32 hemställer
580 768 176 38 utskottet,

659 827 52 27 att
728 822 173 41 riksdagen
917 824 54 31 må
989 824 49 32 till
1090 824 130 32 Nordiska
1237 825 287 40 afrikainstitutet:
1543 826 243 32 Omhkostnader

618 876 50 30 för
686 876 197 39 budgetåret
906 878 143 35 1967/68
1068 878 114 31 anvisa
1202 884 50 26 ett
1272 879 250 40 förslagsanslag
1541 892 42 19 av
1605 884 38 28 84
1657 885 60 27 000
1737 882 48 30 kr.

335 981 87 40 30:0)
445 982 177 32 Nordiska
635 983 307 32 afrikainstitutet:
958 985 205 41 Bokinköp,
1178 986 337 42 gästföreläsningar
1528 999 48 20 m.
1591 1000 47 20 m.
1655 988 18 32 I
1687 989 98 40 enlig-

298 1034 56 32 het
374 1036 75 31 med
469 1036 122 40 Kungl.
611 1036 120 40 Maj:ts
750 1037 120 40 förslag
892 1038 122 40 (punkt
1034 1039 27 31 E
1082 1042 50 34 41,
1150 1050 26 21 s.
1196 1043 60 28 310
1276 1040 61 31 och
1358 1040 86 40 311),
1464 1041 104 32 vilket
1587 1041 137 32 innebär
1744 1054 41 20 en

298 1089 253 41 anslagsökning
566 1091 75 31 med
659 1094 36 28 13
709 1094 59 29 000
784 1091 58 38 kr.,
857 1091 189 33 hemställer
1060 1093 176 38 utskottet,

657 1149 53 28 att
736 1145 173 41 riksdagen
935 1146 54 32 må
1016 1147 49 31 till
1091 1147 166 32 Nordiska
1283 1148 289 40 afrikainstitutet:
1597 1149 187 40 Bokinköp,

616 1199 309 39 gästföreläsningar
943 1211 44 21 m.
1008 1212 45 20 m.
1075 1201 50 31 för
1145 1201 197 40 budgetåret
1366 1203 143 36 1967/68
1529 1203 115 32 anvisa
1665 1208 51 28 ett
1736 1215 49 20 rec-

616 1253 297 40 servationsanslag
929 1266 43 19 av
993 1258 58 28 120
1063 1259 59 27 000
1140 1255 47 31 kr.

335 1358 86 40 31:0)
444 1359 335 41 Vidareutbildning
804 1372 42 20 av
869 1362 122 31 läkare
1015 1363 67 30 och
1106 1363 218 31 tandläkare.
1351 1364 17 30 I
1393 1364 142 40 enlighet
1559 1365 76 31 med
1659 1365 126 40 Kungl.

296 1412 121 39 Maj:ts
432 1413 120 40 förslag
569 1413 123 41 (punkt
707 1414 27 31 E
750 1418 50 34 42,
816 1425 23 21 s.
856 1419 58 27 311
932 1415 61 31 och
1009 1416 87 40 312),
1111 1415 104 33 vilket
1230 1416 136 32 innebär
1381 1429 40 19 en
1438 1417 123 41 ökning
1576 1430 42 20 av
1634 1419 149 40 anslaget

296 1466 76 31 med
389 1470 37 28 71
441 1470 59 28 000
517 1467 57 38 kr.,
591 1467 188 32 hemställer
796 1469 175 38 utskottet,

656 1526 53 27 att
730 1522 174 40 riksdagen
926 1523 54 31 må
1003 1523 49 31 till
1076 1523 306 41 Vidareutbildning
1403 1536 43 20 av
1468 1525 110 32 läkare
1602 1526 61 30 och
1686 1526 98 30 tand-

614 1575 110 31 läkare
743 1575 50 32 för
810 1575 196 41 budgetåret
1028 1577 140 36 1967/68
1188 1577 114 33 anvisa
1322 1583 48 27 ett
1389 1579 331 41 reservationsanslag
1739 1591 43 21 av

616 1632 60 28 295
689 1632 59 29 000
767 1630 47 31 kr.

334 1735 86 40 32:0)
443 1735 242 33 Anordnande
713 1748 42 20 av
783 1738 203 40 utbildning
1013 1738 60 31 för
1100 1739 252 32 tandtekniker
1380 1740 67 31 och
1476 1741 305 31 tandsköterskor.

296 1788 17 31 I
328 1788 143 41 enlighet
486 1790 75 31 med
577 1790 123 40 Kungl.
714 1790 119 40 Maj:ts
849 1791 120 41 förslag
986 1792 121 40 (punkt
1124 1792 27 32 E
1167 1796 49 34 43,
1233 1803 23 21 s.
1273 1796 62 28 312
1348 1793 61 31 och
1426 1794 86 40 313),
1527 1794 103 32 vilket
1646 1794 138 32 innebär

297 1853 40 20 en
355 1842 123 41 ökning
495 1854 42 20 av
556 1844 148 40 anslaget
721 1845 75 31 med
818 1848 15 27 1
848 1848 59 28 000
926 1845 58 38 kr.,
1002 1845 189 32 hemställer
1209 1847 176 37 utskottet,

656 1903 52 26 att
725 1898 173 40 riksdagen
916 1899 55 31 må
989 1899 47 32 till
1053 1900 223 31 Anordnande
1294 1912 42 19 av
1354 1901 188 40 utbildning
1558 1901 52 40 för
1627 1903 155 30 tandtek-

613 1952 93 31 niker
722 1952 60 32 och
799 1953 271 32 tandsköterskor
1085 1954 50 32 för
1149 1954 197 40 budgetåret
1365 1955 141 36 1967/68
1522 1955 115 32 anvisa
1653 1960 51 28 ett
1719 1956 65 31 för-

613 2006 200 40 slagsanslag
831 2018 42 20 av
893 2010 39 29 96
945 2010 59 29 000
1024 2007 47 32 kr.

332 2112 86 39 33:0)
442 2112 133 40 Bidrag
599 2113 54 31 till
677 2114 69 31 den
772 2115 287 32 internationella
1084 2117 312 40 engelskspråkiga
1421 2119 360 33 kursverksamheten

291 2166 58 31 vid
368 2166 224 32 Stockholms
609 2170 215 29 universitet.
844 2168 17 32 I
879 2169 143 40 enlighet
1038 2171 75 30 med
1130 2170 123 40 Kungl.
1270 2171 119 39 Maj:ts
1407 2172 120 41 förslag
1545 2173 124 39 (punkt
1685 2175 28 31 E
1731 2178 49 33 44,

296 2229 23 21 s.
338 2223 59 28 313
415 2220 61 31 och
494 2221 86 40 314),
598 2221 103 32 vilket
719 2221 136 32 innebär
871 2233 40 21 en
929 2222 123 41 ökning
1068 2235 42 20 av
1129 2224 148 40 anslaget
1295 2226 75 30 med
1388 2228 39 29 85
1441 2229 58 28 000
1518 2226 57 38 kr.,
1593 2226 190 33 hemställer

295 2273 176 38 utskottet,

654 2333 52 27 att
725 2329 174 40 riksdagen
917 2330 54 31 må
991 2330 49 31 till
1058 2331 123 39 Bidrag
1200 2332 49 30 till
1268 2332 65 31 den
1351 2332 264 33 internationella
1635 2334 146 39 engelsk-

613 2382 154 40 språkiga
782 2383 332 34 kursverksamheten
1129 2385 57 32 vid
1200 2385 209 32 Stockholms
1424 2387 195 32 universitet
1634 2388 51 31 för
1698 2388 86 32 bud-

613 2436 126 40 getåret
759 2437 141 36 1967/68
918 2437 115 32 anvisa
1051 2443 49 27 ett
1117 2439 331 41 reservationsanslag
1465 2452 42 20 av
1526 2444 59 29 335
1598 2445 59 28 000
1676 2442 47 32 kr.
