2194 2610
659 224 118 31 Första
801 221 215 42 lagutskottets
1040 222 167 32 utlåtande
1232 223 52 30 Nr
1308 225 52 28 36.
1792 223 20 29 3

919 388 19 31 3
971 383 112 35 KAD.

231 493 83 32 Om
342 489 424 41 sammanläggning
789 497 55 24 av
869 486 232 38 områden,
1129 495 98 26 som
1254 487 134 39 enligt
1411 485 217 35 fastställd
1654 486 136 33 tomt-

742 541 220 38 indelning
988 540 158 40 utgöra
1169 541 127 32 tomt.

976 642 17 31 1

1026 641 33 44 IR

323 731 80 35 Har
436 730 13 35 i
476 731 80 35 stad
584 729 117 48 enligt
727 728 180 36 fastställd
935 726 283 48 tomtindelning
1244 730 92 32 tomt
1363 726 131 35 bildats
1524 738 43 23 av
1597 724 114 44 mark,
1742 736 75 23 som

218 785 65 36 hör
310 784 56 36 till
395 784 179 36 särskilda
601 782 214 47 fastigheter
842 782 88 35 eller
957 781 180 35 särskilda
1164 780 182 44 områden,
1376 792 75 23 som
1481 778 32 48 ej
1543 778 85 47 ingå
1654 777 13 36 i
1695 776 122 47 fastig-

218 837 281 47 hetsindelning,
543 839 57 32 må
642 834 335 47 sammanläggning
1019 846 43 23 av
1104 834 45 34 de
1191 834 181 43 områden,
1410 845 73 22 som
1514 837 127 30 utgöra
1669 833 147 41 tomten,

220 890 183 47 medgivas
432 890 14 35 i
474 891 69 34 den
571 889 168 45 ordning,
769 900 73 23 som
871 888 12 34 i
912 888 99 34 detta
1038 886 138 47 kapitel
1204 892 92 40 sägs.

978 1014 20 31 2
1028 1011 34 45 &.

327 1102 220 48 Ansökning
588 1115 56 22 om
687 1100 346 48 sammanläggning,
1078 1112 74 23 som
1191 1100 14 34 1
1237 1101 16 33 1
1286 1099 22 45 $
1337 1104 94 42 sägs,
1461 1103 103 42 göres
1592 1110 44 23 av
1665 1099 154 33 tomtens

221 1163 105 41 ägare
367 1157 66 35 hos
474 1159 136 42 rätten;
648 1155 66 35 och
743 1154 120 49 ingive
892 1153 184 36 sökanden
1104 1153 107 35 karta
1239 1153 81 34 med
1348 1152 178 47 protokoll
1554 1150 152 36 rörande
1735 1154 86 31 miät-

220 1211 91 46 ning
338 1223 44 23 av
410 1213 136 32 tomten
573 1209 116 46 enligt
716 1207 316 37 bestämmelserna
1059 1206 13 35 1
1103 1209 21 32 2
1154 1207 82 46 kap.

328 1264 145 35 Företes
515 1263 31 48 ej
590 1263 105 34 karta
738 1261 79 35 med
857 1260 188 48 'protokoll,
1085 1272 76 23 som
1189 1272 51 23 nu
1282 1262 110 44 sagts,
1432 1258 110 37 varde
1570 1257 251 46 ansökningen

222 1317 181 46 avslagen.

329 1371 77 46 Lag
432 1382 136 23 samma
596 1381 97 31 vare,
723 1369 64 34 där
814 1367 13 35 i
854 1366 369 48 lagfartsprotokollet
1249 1367 116 33 finnes
1384 1364 196 37 antecknat
1598 1366 55 33 att
1670 1363 153 35 klander

222 1423 107 37 blivit
356 1423 151 36 instämt
533 1425 22 32 å
582 1422 88 47 fång
697 1421 58 36 till
782 1421 154 44 område,
967 1432 123 25 varom
1117 1420 104 47 fråga
1249 1424 50 39 är,
1330 1418 87 36 eller
1439 1420 118 33 rätten
1577 1416 124 37 därtill
1718 1415 105 49 eljest

222 1478 116 35 finnes
365 1476 127 48 tvistig
519 1476 88 35 eller
634 1475 130 36 sådant
790 1475 144 35 område
962 1479 41 30 är
1029 1476 134 32 utmätt
1190 1472 87 36 eller
1305 1472 119 36 beslut
1452 1471 181 36 meddelat
1664 1482 57 23 om
1741 1470 82 35 dess

213 1530 226 50 försäljning
466 1530 13 35 i
507 1530 70 35 den
604 1529 168 47 ordning,
802 1540 73 23 som
905 1541 54 22 om
991 1530 130 33 utmätt
1150 1527 72 35 fast
1250 1526 172 47 egendom
1453 1531 40 29 är
1521 1523 162 48 stadgad.

983 1656 20 32 3

1034 1653 34 46 YR

332 1743 343 48 Sammanläggning
703 1741 113 48 enligt
843 1741 317 37 bestämmelserna
1188 1740 13 35 i
1229 1740 99 35 detta
1355 1739 137 47 kapitel
1512 1740 58 33 må
1589 1736 31 49 ej
1642 1750 44 22 av
1706 1739 118 33 rätten

225 1797 183 48 medgivas
436 1800 89 33 utan
553 1800 40 32 så
621 1801 40 30 är
689 1799 55 33 att
770 1794 185 37 sökanden
984 1793 131 37 vunnit
1142 1794 134 47 lagfart
1304 1796 21 32 å
1352 1793 45 34 de
1415 1791 180 37 särskilda
1613 1790 209 44 områdena;

225 1852 91 36 dock
359 1854 65 41 att,
467 1851 65 35 där
573 1849 145 36 område
746 1849 200 36 förvärvats
973 1859 129 36 genom
1130 1848 99 46 fång,
1259 1846 146 37 varmed
1433 1847 46 46 på
1506 1845 120 47 grund
1655 1857 43 23 av
1726 1844 99 35 äldre

225 1906 59 46 lag
320 1904 187 37 sökanden
534 1904 32 48 ej
598 1903 94 37 varit
720 1902 147 48 skyldig
893 1902 149 47 lagfara,
1072 1901 133 47 lagfart
1233 1903 21 33 å
1282 1900 162 36 området
1471 1897 31 49 ej
1533 1904 39 29 är
1600 1896 223 48 erforderlig,

226 1960 64 34 där
331 1958 205 36 sökandens
578 1957 158 36 åtkomst
776 1955 96 36 inför
908 1958 118 33 rätten
1055 1954 154 48 styrkes.
1268 1953 42 48 Ej
1340 1953 113 36 heller
1481 1954 58 33 må
1567 1951 258 48 sammanlägg-

225 2013 88 47 ning
355 2012 77 43 ske,
475 2014 89 33 utan
605 2013 40 33 så
687 2015 40 30 är
760 2014 53 31 att
839 2009 81 35 icke
948 2022 96 26 mera
1073 2014 46 29 än
1147 2012 54 32 ett
1227 2021 45 23 av
1300 2007 192 36 områdena
1520 2010 40 31 är
1588 2005 167 36 besvärat
1781 2016 44 23 av

225 2066 157 49 beviljad
411 2065 86 36 eller
525 2064 83 36 sökt
634 2063 215 47 inteckning
876 2063 86 35 eller
990 2062 78 44 ock,
1099 2062 65 35 där
1192 2062 86 34 flera
1306 2073 44 24 av
1379 2060 192 36 områdena
1594 2064 61 30 äro
1674 2058 151 36 sålunda

224 2119 209 43 besvärade,
476 2118 80 36 icke
597 2120 111 45 något
748 2129 45 23 av
829 2117 81 35 dem
947 2116 121 36 häftar
1096 2115 56 36 för
1180 2115 113 35 andra
1320 2112 256 48 inteckningar
1603 2118 48 30 än
1679 2112 144 43 sådana,

226 2185 75 24 som
330 2178 60 30 äro
419 2172 13 35 i
459 2184 136 24 samma
622 2171 168 36 inbördes
818 2170 156 47 ordning
1001 2169 168 47 gällande
1193 2168 136 48 jämväl
1356 2167 14 36 i
1397 2169 55 33 ett
1478 2170 82 33 vart
1577 2178 46 23 av
1642 2165 44 36 de
1700 2165 124 43 andra,

227 2226 91 36 dock
353 2238 86 24 vare
466 2226 71 35 den
564 2223 311 48 omständigheten
904 2226 53 33 att
984 2224 13 35 i
1025 2226 53 33 ett
1105 2235 45 23 av
1178 2222 193 36 områdena
1398 2220 119 36 tillika
1545 2222 58 33 må
1630 2219 116 35 finnas
1773 2217 53 36 in-

226 2279 175 48 teckning
429 2280 80 35 med
542 2284 116 30 sämre
687 2282 73 31 rätt
786 2276 31 48 ej
847 2277 128 36 hinder
1006 2280 72 32 mot
1106 2274 392 49 sammanläggningen,
1524 2276 39 32 så
1590 2273 112 35 framt
1728 2271 99 36 inne-
