2224 2648
733 186 254 42 Lagutskottets
1009 191 187 33 utlåtande
1220 193 52 32 Nr
1295 196 53 31 17.
1825 201 20 32 7

242 269 82 38 För
352 273 59 35 att
438 273 223 39 emellertid
689 276 89 37 visa
808 279 57 35 att
895 278 115 38 dessa
1040 282 255 46 synpunkter
1324 283 109 39 delas
1454 286 42 36 af
1508 286 201 48 sjöfolket
1729 290 115 38 öfver

240 323 92 38 hela
361 325 178 47 världen,
561 328 72 36 vill
660 329 68 48 jag
756 330 75 37 här
859 333 144 37 anföra
1032 345 49 26 en
1106 335 70 37 vid
1196 337 325 39 internationella
1540 341 194 47 sjömans-
1769 345 75 37 och

240 377 383 51 eldarekongressen
673 383 13 36 i
734 383 278 49 Köpenhamn
1060 388 205 50 andragen
1308 392 220 39 resolution
1572 396 42 36 af
1660 396 183 49 följande

238 430 167 48 lydelse:

345 538 56 28 Till
421 539 66 28 dem
508 549 64 19 som
592 550 107 27 regera
717 543 186 34 nationerna,
923 545 47 28 till
989 546 200 35 lagstiftarne,
1209 549 47 28 till
1270 550 36 28 de
1319 550 134 36 kristligt
1466 552 132 35 sinnade,
1613 554 47 28 till
1674 556 166 29 människo-

237 575 153 26 vännerna
418 576 56 27 och
502 577 193 35 anhängarne
724 579 33 27 af
783 580 151 36 mänsklig
961 582 93 28 frihet
1072 583 8 27 i
1101 584 60 27 alla
1180 586 106 27 länder
1304 586 80 28 rikta
1403 588 29 26 vi
1452 588 115 35 sjöfolk,
1588 590 100 28 såsom
1708 593 132 28 varande

236 608 57 28 den
314 610 76 27 enda
408 611 206 29 kvarvarande
634 614 177 34 kategorien
830 616 31 27 af
879 617 76 27 ofria
974 619 102 33 trälar,
1097 628 37 19 en
1154 621 122 35 ödmjuk
1296 631 67 19 men
1383 623 161 29 allvarsam
1558 626 66 34 bön,
1639 627 50 27 det
1703 628 28 27 vi
1746 628 94 29 måtte

236 647 91 32 göras
354 646 47 27 tull
429 647 57 27 fria
514 651 70 24 män
612 649 56 28 och
688 652 46 25 att
758 651 57 28 den
836 653 165 34 tryckande
1021 655 156 28 skammen
1198 659 31 25 af
1247 658 129 27 träldom
1397 659 154 36 borttages
1570 661 67 28 från
1656 663 52 27 det
1727 664 111 31 arbete,

236 680 116 28 hvilket
380 690 36 19 en
439 683 80 35 gång
537 683 9 28 i
568 684 81 28 tiden
677 694 54 19 var
755 687 175 29 betraktadt
949 689 101 28 såsom
1070 691 154 29 hedrande
1243 694 56 27 och
1318 694 116 29 hvilket
1452 696 186 29 fortfarande
1658 701 34 25 är
1711 700 32 26 af
1760 702 79 26 stort

237 717 90 27 värde
346 717 9 27 i
375 718 57 27 den
451 719 223 29 kommersiella
693 723 123 27 världen
837 727 79 25 samt
935 725 33 27 af
985 727 113 27 största
1117 727 156 37 betydelse
1287 730 46 27 för
1346 731 37 27 de
1396 731 146 31 nationer,
1556 742 65 19 som
1635 734 40 27 ha
1687 734 153 35 sjökuster

236 753 46 26 att
299 752 144 29 försvara.

342 789 197 30 Existerande
558 791 131 35 sjölagar
717 797 74 31 göra
810 803 50 19 oss
879 796 47 27 till
945 796 52 28 det
1016 797 117 37 fartygs
1153 801 154 33 cgendom,
1328 801 39 35 på
1385 802 115 29 hvilket
1520 803 28 28 vi
1568 805 119 28 befinna
1706 815 58 20 oss.
1803 808 34 27 Vi

233 823 102 29 kanna
364 825 65 28 icke
448 826 91 28 vinna
558 829 185 35 anställning
761 839 65 18 som
845 830 117 36 sjömän
981 835 73 25 utan
1074 836 45 26 att
1138 836 204 29 underteckna
1361 838 151 34 kontrakt,
1532 849 65 18 som
1618 841 89 28 binda
1727 852 50 19 oss
1791 843 47 28 till

232 859 92 28 dessa
342 860 91 35 lagar.
472 863 95 27 Dessa
585 864 144 28 kontrakt
749 868 52 25 äro
820 866 172 29 fastställda
1011 869 8 27 i
1039 870 51 34 lag
1108 871 75 27 eller
1196 872 8 26 i
1219 872 31 27 af
1261 873 177 36 regeringen
1451 876 157 28 utfärdade
1621 873 217 45 förordningar.

232 894 36 28 Vi
297 896 40 27 ha
355 896 77 28 intet
450 896 165 37 inflytande
635 900 38 34 på
692 901 89 28 dessa
801 902 115 28 villkor.
955 904 35 27 Vi
1009 905 97 28 måste
1126 907 144 36 antingen
1289 909 159 35 godkänna
1467 911 67 28 dem
1553 912 47 27 för
1619 915 45 26 att
1683 914 30 27 få
1733 915 38 34 gå
1790 915 47 28 till

231 930 79 36 sjöss
330 932 74 27 eller
422 937 93 31 vägra
534 935 55 27 och
608 935 140 29 förblifva
767 937 165 29 landsmän.

338 967 56 28 Vid
412 970 277 29 undertecknandet
709 973 31 26 af
758 973 84 28 detta
861 975 144 28 kontrakt
1024 977 186 29 öfverlämna
1231 979 28 27 vi
1273 980 72 28 våra
1358 990 143 25 personer
1515 983 55 27 och
1584 984 54 27 vår
1651 986 186 28 arbetskraft

231 1001 46 28 till
296 1002 91 36 viljan
408 1005 31 27 af
457 1014 37 18 en
514 1015 97 19 annan
631 1016 117 26 person,
769 1009 34 27 så
823 1010 87 35 länge
924 1020 66 18 som
1010 1012 175 30 kontraktet
1205 1018 72 31 äger
1295 1016 135 28 bestånd.
1468 1018 35 27 Vi
1523 1019 49 27 må
1585 1019 66 28 icke
1664 1021 49 27 vid
1727 1022 61 27 vite
1801 1023 32 27 af

230 1039 90 26 straff
345 1040 153 28 uraktlåta
518 1044 44 25 att
590 1042 112 28 infinna
721 1053 50 19 oss
790 1045 46 27 till
861 1046 202 37 tjänstgöring
1082 1049 18 27 å
1119 1050 50 27 det
1189 1051 108 35 fartyg,
1318 1052 46 27 för
1382 1053 116 28 hvilket
1517 1054 28 27 vi
1565 1055 99 28 blifvit
1682 1057 152 36 förhyrda.

229 1074 80 33 (Icke
335 1083 53 19 ens
407 1076 39 28 då
465 1077 94 35 enligt
578 1079 36 27 de
633 1080 132 28 svenska
784 1080 404 37 sjölagsbestämmelserna.)
1223 1087 34 27 Vi
1276 1087 30 28 få
1325 1089 65 27 icke
1410 1091 73 26 utan
1502 1090 54 28 vår
1574 1092 103 27 herres
1697 1093 138 28 tillstånd

228 1109 38 36 gå
285 1110 48 28 till
353 1120 36 18 en
408 1113 118 27 moders
540 1113 147 35 sjukbädd
702 1116 73 28 eller
787 1117 177 37 begrafning
978 1120 73 27 eller
1064 1121 128 35 fullgöra
1205 1122 245 37 skyldigheterna
1464 1134 64 19 som
1539 1135 37 19 en
1590 1136 62 26 son,
1667 1137 36 19 en
1718 1130 114 34 broder,

230 1154 38 19 en
287 1146 116 28 kristen
423 1149 74 27 eller
515 1158 64 19 som
599 1159 38 18 en
655 1152 205 36 medborgare.

339 1182 55 28 Om
414 1184 53 27 vår
491 1188 89 32 ägare
600 1188 64 26 tror
683 1187 47 35 sig
748 1188 40 27 ha
807 1189 162 36 anledning
987 1191 177 34 misstänka,
1184 1195 46 26 att
1249 1194 29 27 vi
1297 1195 106 34 umgås
1422 1197 68 27 med
1509 1198 110 28 tankar
1637 1199 39 35 på
1695 1200 84 35 flykt,
1799 1202 34 27 så

228 1217 60 27 kan
308 1218 60 27 han
386 1220 73 27 utan
478 1220 69 35 laga
565 1222 224 37 undersökning
808 1224 209 30 åstadkomma
1037 1228 66 28 vårt
1122 1228 172 30 insättande
1314 1231 8 27 i
1342 1232 144 35 fängsligt
1504 1233 108 35 förvar,
1634 1235 62 27 tills
1710 1237 59 26 han
1784 1238 49 27 må

229 1261 73 19 anse
322 1254 51 27 det
392 1255 139 36 lämpligt
549 1259 45 25 att
612 1260 73 32 taga
704 1267 50 19 oss
773 1261 40 26 ut.
853 1261 55 27 Om
928 1261 30 28 vi
976 1263 40 27 ha
1036 1266 87 33 rymt,
1138 1265 34 27 så
1188 1266 53 26 har
1255 1266 58 27 han
1327 1269 62 25 rätt
1401 1269 46 26 att
1460 1269 153 34 publicera
1627 1271 67 27 vårt
1708 1272 123 35 signale-

227 1290 85 26 ment
339 1292 79 25 samt
445 1292 115 27 utfästa
579 1293 140 36 belöning
744 1295 47 27 för
809 1295 68 28 vårt
896 1297 144 35 gripande
1060 1300 56 27 och
1135 1300 227 30 återsändande.
1401 1304 68 26 Han
1488 1305 60 26 kan
1567 1314 108 26 genom
1703 1307 128 29 interna-

227 1324 125 63 tionella
380 1327 321 30 öfverenskommelser
728 1330 102 28 fordra
858 1333 77 34 polis
965 1334 55 27 och
1040 1335 94 28 andra
1153 1337 226 35 myndigheters
1398 1339 120 28 bistånd
1537 1341 47 27 för
1603 1344 46 26 att
1667 1342 98 29 återfå
1784 1344 46 27 sin

227 1368 154 26 egendom.

335 1396 144 36 Fartyget
506 1399 60 27 kan
594 1400 73 35 byta
695 1401 204 30 befälhafvare
929 1404 73 28 eller
1030 1409 98 31 ägare,
1158 1407 142 35 sjöfolket
1328 1413 34 23 är
1385 1410 38 28 då
1442 1411 80 28 såldt
1541 1411 201 31 tillsammans
1762 1416 66 26 med

223 1431 147 35 fartyget;
390 1433 34 27 så
443 1434 88 35 länge
550 1444 65 18 som
634 1436 230 30 nationaliteten
886 1439 65 29 icke
971 1441 164 34 förändras,
1156 1443 34 28 så
1209 1444 60 27 kan
1288 1446 107 27 endast
1414 1447 161 29 allvarsam
1595 1448 139 36 sjukdom
1754 1451 74 27 eller

225 1467 122 28 redares
366 1469 55 27 och
440 1469 221 30 befälhafvares
680 1474 78 33 goda
777 1475 209 34 medgifvande
1004 1477 65 28 lösa
1089 1487 50 18 oss
1158 1479 65 28 från
1244 1476 139 44 fartyget.

331 1503 229 30 Befälhafvaren
580 1508 136 28 däremot
735 1510 61 27 kan
815 1519 64 19 som
899 1512 246 37 fartygsägarens
1165 1516 257 29 ställföreträdare
1442 1520 73 26 utan
1534 1520 155 35 svårighet
1703 1522 64 28 lösa
1780 1522 48 36 sig

225 1538 67 28 från
321 1542 210 27 motsvarande
560 1543 206 35 förpliktelser
794 1546 55 27 och
879 1547 131 29 riskerar
1029 1549 39 35 på
1087 1549 46 28 sin
1152 1551 71 34 höjd
1243 1553 107 27 endast
1370 1555 44 26 ett
1432 1555 168 35 obetydligt
1619 1557 205 37 bötesbelopp.

331 1576 70 30 Den,
423 1585 64 19 som
516 1578 183 29 bestämmer
727 1581 84 28 öfver
836 1591 36 18 en
893 1591 98 20 annan
1011 1593 127 27 persons
1158 1588 193 34 arbetskraft,
1372 1592 72 32 äger
1464 1591 88 27 äfven
1572 1592 76 27 hans
1669 1593 104 36 kropp,
1793 1596 33 34 ty

224 1610 36 27 de
279 1610 52 28 två
350 1611 101 28 kunna
470 1613 66 28 icke
555 1614 105 35 skiljas
680 1616 66 27 från
766 1617 178 29 hvarandra.

330 1646 36 28 Vi
394 1648 48 27 stå
469 1649 9 26 i
507 1658 116 20 samma
651 1652 189 28 förhållande
868 1654 45 27 till
934 1655 140 35 fartyget,
1095 1665 64 19 som
1179 1658 56 27 den
1256 1658 110 36 lifegne
1385 1662 68 26 stod
1473 1661 46 28 till
1539 1663 192 35 egendomen,
1753 1666 73 27 eller

223 1681 115 28 slafven
357 1682 47 28 till
424 1684 46 27 sin
490 1687 98 32 ägare.
626 1686 63 28 När
708 1688 167 28 träldomen
896 1691 182 29 afskaffades
1096 1692 10 27 i
1126 1693 195 37 Västeuropa,
1344 1697 202 34 bortglömdes
1567 1699 27 27 vi
1615 1700 31 26 af
1667 1700 157 35 befriarne,

221 1719 13 25 ty
274 1717 74 28 våra
366 1719 207 28 förhållanden
592 1722 149 28 rubbades
761 1723 73 28 icke.
873 1726 62 27 När
954 1727 154 28 slafveriet
1127 1730 168 33 upphätdes
1314 1731 9 27 i
1343 1732 158 28 Amerikas
1515 1734 129 28 Förenta
1657 1737 97 26 stater
1770 1737 54 27 och

222 1722 157 70 Brasilien,
399 1755 34 27 så
452 1756 154 28 lämnades
625 1757 141 34 sjöfolket
785 1760 185 28 fortfarande
990 1764 126 27 utanför.
1156 1765 44 27 Då
1219 1765 225 37 lifegenskapen
1464 1769 167 35 upphäfdes
1650 1770 9 27 i
1673 1771 151 35 Ryssland

225 1788 120 35 gjordes
364 1789 89 35 ingen
472 1792 127 35 ändring
618 1793 186 29 beträffande
824 1796 157 33 sjöfolkets
1000 1798 152 35 ställning.

329 1824 34 28 Vi
392 1826 68 35 höja
488 1836 40 18 nu
552 1828 72 27 våra
643 1829 157 35 fängslade
820 1831 113 28 händer
953 1832 8 27 i
982 1834 185 36 underdånig
1186 1836 143 28 anhållan
1348 1839 55 26 och
1423 1839 58 27 bön
1500 1848 56 25 om,
1577 1842 47 26 att
1642 1842 178 29 nationerna

221 1859 49 27 må
299 1860 117 28 besluta
443 1863 129 27 försätta
601 1873 49 18 oss
679 1864 9 28 i
717 1866 91 27 frihet
836 1870 79 25 samt
944 1868 156 29 återställa
1129 1880 51 19 oss
1208 1872 73 27 våra
1300 1874 239 36 medborgerliga
1558 1876 180 36 rättigheter
1757 1887 64 19 som

221 1895 108 28 bröder
358 1897 54 27 och
437 1901 77 30 män,
535 1901 45 26 att
600 1900 69 34 höja
689 1901 67 28 vårt
775 1902 84 27 facks
879 1905 149 27 anseende
1048 1905 78 28 intill
1147 1907 108 28 måttet
1275 1909 31 26 af
1325 1910 38 26 Er
1382 1911 142 35 förmåga,
1545 1915 46 25 att
1611 1913 140 34 borttaga
1770 1915 52 27 det

219 1932 259 35 träldomsmärke,
508 1943 62 19 som
600 1938 34 25 är
662 1939 63 25 satt
753 1939 39 33 på
819 1938 169 29 detsamma
1007 1942 55 26 och
1083 1942 162 29 bibehållet
1264 1944 9 27 i
1294 1944 142 29 intresset
1455 1948 32 26 af
1505 1947 83 36 billig
1607 1948 211 37 sjötransport.

328 1968 34 27 Vi
382 1969 76 34 våga
486 1971 87 27 äfven
602 1971 126 35 påpeka,
749 1975 46 25 att
823 1974 83 28 detta
926 1976 67 27 vårt
1012 1977 84 27 facks
1115 1979 129 27 träldom
1264 1983 34 24 är
1317 1981 31 26 af
1366 1982 121 28 relativt
1507 1984 137 27 modernt
1664 1993 156 28 ursprung.

219 2000 140 37 Tidigare
387 2004 84 35 lagar
500 2006 97 27 bundo
626 2008 176 33 sjömannen
832 2026 32 3 —
894 2011 38 34 på
956 2020 84 19 resor
1059 2013 46 27 till
1125 2014 186 28 främmande
1331 2017 104 27 länder
1453 2035 34 2 —
1508 2019 45 26 till
1573 2020 76 26 hans
1669 2020 153 28 kamrater

219 2038 55 26 och
304 2038 45 27 till
378 2040 133 35 fartyget
539 2042 55 26 och
623 2043 134 34 fartyget
776 2045 46 26 till
843 2046 108 27 honom
972 2048 38 33 på
1029 2049 183 33 grundvalen
1235 2051 31 26 af
1284 2060 170 26 gemensam
1475 2054 205 35 företagsrisk.
1720 2057 13 26 I
1753 2059 69 32 eget

219 2072 140 28 hemland
379 2084 52 17 var
451 2077 58 26 han
529 2076 44 31 fri,
594 2078 57 27 den
671 2079 105 28 friaste
796 2080 32 27 af
845 2082 60 26 alla
924 2082 9 26 i
954 2085 211 27 motsvarande
1185 2087 281 35 samhällställning.

325 2110 62 26 Allt
406 2111 77 27 efter
502 2121 64 18 som
586 2114 250 28 medvetenheten
856 2125 48 18 om
925 2117 109 28 folkets
1048 2119 76 27 ofria
1136 2121 145 34 ställning
1297 2122 103 28 hinner
1414 2132 179 27 genomsyra
1606 2126 212 34 befolkningen

218 2143 77 27 skall
316 2144 51 28 det
386 2145 64 28 visa
470 2146 48 35 sig
537 2148 54 26 allt
610 2149 123 27 svårare
753 2153 46 25 att
818 2151 30 26 få
867 2151 57 28 fria
944 2154 195 33 medborgare
1159 2158 46 25 att
1224 2158 94 26 sända
1337 2158 66 27 sina
1422 2162 89 24 söner
1530 2160 46 27 till
1596 2161 129 27 träldom
1746 2163 73 26 eller

218 2180 45 26 att
282 2179 31 27 få
333 2181 140 34 myndiga
493 2182 56 27 fria
568 2186 70 24 män
657 2185 46 26 till
723 2187 45 25 att
788 2188 110 33 antaga
918 2187 83 35 dylik
1021 2190 191 35 anställning,
1233 2193 54 26 och
1303 2192 28 27 vi
1351 2194 75 34 våga
1446 2195 89 34 ärligt
1555 2196 142 34 påminna
1717 2198 45 33 Er,
1775 2200 45 25 att

218 2214 38 27 då
286 2215 36 27 Ni
347 2224 82 19 reser
449 2217 37 35 på
505 2218 75 34 sjön,
599 2220 34 26 så
653 2220 118 27 fordrar
790 2221 35 27 Ni
847 2224 31 24 al
896 2232 50 18 oss
968 2240 30 2 —
1019 2225 94 27 trälar
1133 2242 31 3 —
1186 2228 45 26 att
1251 2228 35 29 vi,
1308 2228 37 27 då
1366 2230 63 26 fara
1448 2233 33 24 är
1501 2240 17 17 &
1538 2231 91 34 färde,
1649 2232 87 27 skola
1756 2233 64 28 visa

217 2251 69 34 prof
303 2251 40 34 på
361 2251 36 28 de
418 2252 108 35 högsta
545 2254 242 29 kvalifikationer
806 2258 32 26 af
856 2257 56 28 fria
933 2262 68 24 män
1021 2261 54 26 och
1097 2262 74 26 offra
1192 2264 72 26 våra
1285 2263 33 27 lif
1337 2265 44 26 för
1401 2265 38 27 Er
1458 2266 149 28 säkerhet.

324 2286 57 27 Till
410 2287 77 35 sjöss
516 2290 96 27 måste
641 2291 156 36 principen
826 2294 30 26 af
879 2303 172 25 gemensam
1072 2296 60 28 risk
1155 2297 129 33 kvarstå,
1305 2299 54 27 där
1379 2300 95 28 måste
1494 2302 50 27 det
1563 2303 97 28 finnas
1679 2304 139 37 disciplin

218 2322 54 28 och
292 2321 249 39 själfuppoffring,
562 2335 66 18 men
650 2326 9 27 i
679 2327 99 35 hamn,
799 2328 54 28 där
871 2330 84 27 såväl
975 2330 37 28 Ni
1033 2340 63 19 som
1117 2333 102 36 fartyg
1237 2337 52 24 äro
1312 2335 161 36 skyddade,
1488 2338 53 27 där
1555 2339 97 27 måste
1667 2340 26 27 vi
1710 2341 110 35 begära
