<?xml version="1.0" encoding="UTF-8"?>
<alto xmlns="http://www.loc.gov/standards/alto/ns-v3#" xmlns:xlink="http://www.w3.org/1999/xlink" xmlns:xsi="http://www.w3.org/2001/XMLSchema-instance" xsi:schemaLocation="http://www.loc.gov/standards/alto/ns-v3# http://www.loc.gov/alto/v3/alto-3-0.xsd">
	<Description>
		<MeasurementUnit>pixel</MeasurementUnit>
		<sourceImageInformation>
			<fileName>/tmp/tess_4fnaa7pq_input.PNG</fileName>
		</sourceImageInformation>
		<OCRProcessing ID="OCR_0">
			<ocrProcessingStep>
				<processingSoftware>
					<softwareName>tesseract 5.3.0</softwareName>
				</processingSoftware>
			</ocrProcessingStep>
		</OCRProcessing>
	</Description>
	<Layout>
		<Page WIDTH="2280" HEIGHT="2642" PHYSICAL_IMG_NR="0" ID="page_0">
			<PrintSpace HPOS="0" VPOS="0" WIDTH="2280" HEIGHT="2642">
				<ComposedBlock ID="cblock_0" HPOS="491" VPOS="174" WIDTH="1336" HEIGHT="38">
					<TextBlock ID="block_0" HPOS="491" VPOS="174" WIDTH="1336" HEIGHT="38">
						<TextLine ID="line_0" HPOS="491" VPOS="174" WIDTH="1336" HEIGHT="38">
							<String ID="string_0" HPOS="491" VPOS="176" WIDTH="235" HEIGHT="29" WC="0.83" CONTENT="Sammansalta"/><SP WIDTH="26" VPOS="176" HPOS="726"/>
							<String ID="string_1" HPOS="752" VPOS="174" WIDTH="114" HEIGHT="30" WC="0.91" CONTENT="banko-"/><SP WIDTH="25" VPOS="174" HPOS="866"/>
							<String ID="string_2" HPOS="891" VPOS="174" WIDTH="53" HEIGHT="30" WC="0.93" CONTENT="och"/><SP WIDTH="22" VPOS="174" HPOS="944"/>
							<String ID="string_3" HPOS="966" VPOS="174" WIDTH="330" HEIGHT="38" WC="0.84" CONTENT="jordbruksutskottets"/><SP WIDTH="24" VPOS="174" HPOS="1296"/>
							<String ID="string_4" HPOS="1320" VPOS="174" WIDTH="161" HEIGHT="31" WC="0.95" CONTENT="utlåtande"/><SP WIDTH="24" VPOS="174" HPOS="1481"/>
							<String ID="string_5" HPOS="1505" VPOS="175" WIDTH="51" HEIGHT="30" WC="0.95" CONTENT="Nr"/><SP WIDTH="26" VPOS="175" HPOS="1556"/>
							<String ID="string_6" HPOS="1582" VPOS="176" WIDTH="25" HEIGHT="29" WC="0.86" CONTENT="I."/><SP WIDTH="183" VPOS="176" HPOS="1607"/>
							<String ID="string_7" HPOS="1790" VPOS="175" WIDTH="37" HEIGHT="30" WC="0.62" CONTENT="17"/>
						</TextLine>
					</TextBlock>
				</ComposedBlock>
				<ComposedBlock ID="cblock_1" HPOS="269" VPOS="252" WIDTH="1605" HEIGHT="2121">
					<TextBlock ID="block_1" HPOS="269" VPOS="252" WIDTH="1603" HEIGHT="348">
						<TextLine ID="line_1" HPOS="275" VPOS="252" WIDTH="1597" HEIGHT="50">
							<String ID="string_8" HPOS="275" VPOS="261" WIDTH="54" HEIGHT="29" WC="0.79" CONTENT="att"/><SP WIDTH="28" VPOS="261" HPOS="329"/>
							<String ID="string_9" HPOS="357" VPOS="260" WIDTH="47" HEIGHT="42" WC="0.96" CONTENT="på"/><SP WIDTH="28" VPOS="260" HPOS="404"/>
							<String ID="string_10" HPOS="432" VPOS="253" WIDTH="131" HEIGHT="47" WC="0.95" CONTENT="billiga"/><SP WIDTH="28" VPOS="253" HPOS="563"/>
							<String ID="string_11" HPOS="591" VPOS="252" WIDTH="136" HEIGHT="36" WC="0.96" CONTENT="villkor"/><SP WIDTH="29" VPOS="252" HPOS="727"/>
							<String ID="string_12" HPOS="756" VPOS="253" WIDTH="127" HEIGHT="34" WC="0.91" CONTENT="lämna"/><SP WIDTH="23" VPOS="253" HPOS="883"/>
							<String ID="string_13" HPOS="906" VPOS="252" WIDTH="396" HEIGHT="48" WC="0.65" CONTENT="jordbruksnäringen"/><SP WIDTH="31" VPOS="252" HPOS="1302"/>
							<String ID="string_14" HPOS="1333" VPOS="254" WIDTH="96" HEIGHT="34" WC="0.95" CONTENT="fasta"/><SP WIDTH="29" VPOS="254" HPOS="1429"/>
							<String ID="string_15" HPOS="1458" VPOS="253" WIDTH="59" HEIGHT="35" WC="0.91" CONTENT="län"/><SP WIDTH="33" VPOS="253" HPOS="1517"/>
							<String ID="string_16" HPOS="1550" VPOS="258" WIDTH="78" HEIGHT="31" WC="0.96" CONTENT="mot"/><SP WIDTH="29" VPOS="258" HPOS="1628"/>
							<String ID="string_17" HPOS="1657" VPOS="253" WIDTH="175" HEIGHT="36" WC="0.95" CONTENT="säkerhet"/><SP WIDTH="31" VPOS="253" HPOS="1832"/>
							<String ID="string_18" HPOS="1863" VPOS="254" WIDTH="9" HEIGHT="34" WC="0.87" CONTENT="i"/>
						</TextLine>
						<TextLine ID="line_2" HPOS="269" VPOS="304" WIDTH="1603" HEIGHT="50">
							<String ID="string_19" HPOS="269" VPOS="305" WIDTH="396" HEIGHT="49" WC="0.91" CONTENT="jordbruksfastighet"/><SP WIDTH="41" VPOS="305" HPOS="665"/>
							<String ID="string_20" HPOS="706" VPOS="304" WIDTH="142" HEIGHT="48" WC="0.96" CONTENT="jämväl"/><SP WIDTH="44" VPOS="304" HPOS="848"/>
							<String ID="string_21" HPOS="892" VPOS="304" WIDTH="94" HEIGHT="36" WC="0.92" CONTENT="efter"/><SP WIDTH="43" VPOS="304" HPOS="986"/>
							<String ID="string_22" HPOS="1029" VPOS="304" WIDTH="71" HEIGHT="36" WC="0.96" CONTENT="den"/><SP WIDTH="43" VPOS="304" HPOS="1100"/>
							<String ID="string_23" HPOS="1143" VPOS="304" WIDTH="184" HEIGHT="47" WC="0.95" CONTENT="säkerhet,"/><SP WIDTH="31" VPOS="304" HPOS="1327"/>
							<String ID="string_24" HPOS="1358" VPOS="317" WIDTH="79" HEIGHT="23" WC="0.96" CONTENT="som"/><SP WIDTH="29" VPOS="317" HPOS="1437"/>
							<String ID="string_25" HPOS="1466" VPOS="304" WIDTH="74" HEIGHT="36" WC="0.95" CONTENT="kan"/><SP WIDTH="31" VPOS="304" HPOS="1540"/>
							<String ID="string_26" HPOS="1571" VPOS="306" WIDTH="68" HEIGHT="35" WC="0.92" CONTENT="hos"/><SP WIDTH="29" VPOS="306" HPOS="1639"/>
							<String ID="string_27" HPOS="1668" VPOS="305" WIDTH="204" HEIGHT="49" WC="0.89" CONTENT="hypoteks-"/>
						</TextLine>
						<TextLine ID="line_3" HPOS="275" VPOS="355" WIDTH="1596" HEIGHT="49">
							<String ID="string_28" HPOS="275" VPOS="358" WIDTH="271" HEIGHT="46" WC="0.92" CONTENT="föreningarna"/><SP WIDTH="27" VPOS="358" HPOS="546"/>
							<String ID="string_29" HPOS="573" VPOS="356" WIDTH="166" HEIGHT="45" WC="0.90" CONTENT="belånas,"/><SP WIDTH="31" VPOS="356" HPOS="739"/>
							<String ID="string_30" HPOS="770" VPOS="356" WIDTH="196" HEIGHT="45" WC="0.95" CONTENT="angående"/><SP WIDTH="29" VPOS="356" HPOS="966"/>
							<String ID="string_31" HPOS="995" VPOS="355" WIDTH="72" HEIGHT="36" WC="0.96" CONTENT="den"/><SP WIDTH="28" VPOS="355" HPOS="1067"/>
							<String ID="string_32" HPOS="1095" VPOS="356" WIDTH="241" HEIGHT="48" WC="0.96" CONTENT="lämpligaste"/><SP WIDTH="29" VPOS="356" HPOS="1336"/>
							<String ID="string_33" HPOS="1365" VPOS="356" WIDTH="145" HEIGHT="36" WC="0.96" CONTENT="formen"/><SP WIDTH="31" VPOS="356" HPOS="1510"/>
							<String ID="string_34" HPOS="1541" VPOS="357" WIDTH="57" HEIGHT="35" WC="0.96" CONTENT="för"/><SP WIDTH="28" VPOS="357" HPOS="1598"/>
							<String ID="string_35" HPOS="1626" VPOS="356" WIDTH="141" HEIGHT="36" WC="0.93" CONTENT="sådana"/><SP WIDTH="20" VPOS="356" HPOS="1767"/>
							<String ID="string_36" HPOS="1787" VPOS="356" WIDTH="84" HEIGHT="36" WC="0.93" CONTENT="kre-"/>
						</TextLine>
						<TextLine ID="line_4" HPOS="275" VPOS="407" WIDTH="1596" HEIGHT="49">
							<String ID="string_37" HPOS="275" VPOS="409" WIDTH="311" HEIGHT="46" WC="0.91" CONTENT="ditinrättningar"/><SP WIDTH="41" VPOS="409" HPOS="586"/>
							<String ID="string_38" HPOS="627" VPOS="413" WIDTH="96" HEIGHT="30" WC="0.96" CONTENT="samt"/><SP WIDTH="43" VPOS="413" HPOS="723"/>
							<String ID="string_39" HPOS="766" VPOS="407" WIDTH="197" HEIGHT="48" WC="0.96" CONTENT="angående"/><SP WIDTH="43" VPOS="407" HPOS="963"/>
							<String ID="string_40" HPOS="1006" VPOS="407" WIDTH="45" HEIGHT="36" WC="0.91" CONTENT="de"/><SP WIDTH="42" VPOS="407" HPOS="1051"/>
							<String ID="string_41" HPOS="1093" VPOS="407" WIDTH="207" HEIGHT="48" WC="0.0" CONTENT="indringar"/><SP WIDTH="28" VPOS="407" HPOS="1300"/>
							<String ID="string_42" HPOS="1328" VPOS="421" WIDTH="45" HEIGHT="21" WC="0.96" CONTENT="av"/><SP WIDTH="31" VPOS="421" HPOS="1373"/>
							<String ID="string_43" HPOS="1404" VPOS="407" WIDTH="177" HEIGHT="48" WC="0.95" CONTENT="gällande"/><SP WIDTH="28" VPOS="407" HPOS="1581"/>
							<String ID="string_44" HPOS="1609" VPOS="409" WIDTH="63" HEIGHT="47" WC="0.96" CONTENT="lag"/><SP WIDTH="29" VPOS="409" HPOS="1672"/>
							<String ID="string_45" HPOS="1701" VPOS="408" WIDTH="67" HEIGHT="35" WC="0.95" CONTENT="och"/><SP WIDTH="33" VPOS="408" HPOS="1768"/>
							<String ID="string_46" HPOS="1801" VPOS="408" WIDTH="70" HEIGHT="35" WC="0.95" CONTENT="den"/>
						</TextLine>
						<TextLine ID="line_5" HPOS="275" VPOS="458" WIDTH="1594" HEIGHT="51">
							<String ID="string_47" HPOS="275" VPOS="474" WIDTH="74" HEIGHT="35" WC="0.96" CONTENT="nya"/><SP WIDTH="27" VPOS="474" HPOS="349"/>
							<String ID="string_48" HPOS="376" VPOS="459" WIDTH="256" HEIGHT="48" WC="0.95" CONTENT="lagstiftning,"/><SP WIDTH="30" VPOS="459" HPOS="632"/>
							<String ID="string_49" HPOS="662" VPOS="471" WIDTH="79" HEIGHT="23" WC="0.95" CONTENT="som"/><SP WIDTH="31" VPOS="471" HPOS="741"/>
							<String ID="string_50" HPOS="772" VPOS="458" WIDTH="127" HEIGHT="36" WC="0.95" CONTENT="därför"/><SP WIDTH="29" VPOS="458" HPOS="899"/>
							<String ID="string_51" HPOS="928" VPOS="464" WIDTH="59" HEIGHT="30" WC="0.95" CONTENT="må"/><SP WIDTH="28" VPOS="464" HPOS="987"/>
							<String ID="string_52" HPOS="1015" VPOS="458" WIDTH="199" HEIGHT="47" WC="0.96" CONTENT="erfordras,"/><SP WIDTH="30" VPOS="458" HPOS="1214"/>
							<String ID="string_53" HPOS="1244" VPOS="464" WIDTH="181" HEIGHT="31" WC="0.96" CONTENT="ävensom"/><SP WIDTH="29" VPOS="464" HPOS="1425"/>
							<String ID="string_54" HPOS="1454" VPOS="459" WIDTH="161" HEIGHT="36" WC="0.96" CONTENT="rörande"/><SP WIDTH="29" VPOS="459" HPOS="1615"/>
							<String ID="string_55" HPOS="1644" VPOS="460" WIDTH="45" HEIGHT="35" WC="0.93" CONTENT="de"/><SP WIDTH="30" VPOS="460" HPOS="1689"/>
							<String ID="string_56" HPOS="1719" VPOS="459" WIDTH="150" HEIGHT="41" WC="0.93" CONTENT="villkor,"/>
						</TextLine>
						<TextLine ID="line_6" HPOS="273" VPOS="509" WIDTH="1599" HEIGHT="52">
							<String ID="string_57" HPOS="273" VPOS="515" WIDTH="49" HEIGHT="46" WC="0.96" CONTENT="på"/><SP WIDTH="41" VPOS="515" HPOS="322"/>
							<String ID="string_58" HPOS="363" VPOS="512" WIDTH="101" HEIGHT="34" WC="0.93" CONTENT="vilka"/><SP WIDTH="41" VPOS="512" HPOS="464"/>
							<String ID="string_59" HPOS="505" VPOS="510" WIDTH="206" HEIGHT="36" WC="0.42" CONTENT="nnderstöd"/><SP WIDTH="42" VPOS="510" HPOS="711"/>
							<String ID="string_60" HPOS="753" VPOS="509" WIDTH="55" HEIGHT="35" WC="0.92" CONTENT="till"/><SP WIDTH="42" VPOS="509" HPOS="808"/>
							<String ID="string_61" HPOS="850" VPOS="510" WIDTH="139" HEIGHT="35" WC="0.92" CONTENT="sådana"/><SP WIDTH="28" VPOS="510" HPOS="989"/>
							<String ID="string_62" HPOS="1017" VPOS="510" WIDTH="376" HEIGHT="47" WC="0.91" CONTENT="kreditinrättningar"/><SP WIDTH="28" VPOS="510" HPOS="1393"/>
							<String ID="string_63" HPOS="1421" VPOS="510" WIDTH="121" HEIGHT="36" WC="0.94" CONTENT="skulle"/><SP WIDTH="28" VPOS="510" HPOS="1542"/>
							<String ID="string_64" HPOS="1570" VPOS="511" WIDTH="129" HEIGHT="35" WC="0.95" CONTENT="kunna"/><SP WIDTH="29" VPOS="511" HPOS="1699"/>
							<String ID="string_65" HPOS="1728" VPOS="511" WIDTH="144" HEIGHT="35" WC="0.95" CONTENT="lämnas"/>
						</TextLine>
						<TextLine ID="line_7" HPOS="275" VPOS="568" WIDTH="207" HEIGHT="32">
							<String ID="string_66" HPOS="275" VPOS="578" WIDTH="47" HEIGHT="22" WC="0.94" CONTENT="av"/><SP WIDTH="29" VPOS="578" HPOS="322"/>
							<String ID="string_67" HPOS="351" VPOS="568" WIDTH="131" HEIGHT="30" WC="0.94" CONTENT="staten."/>
						</TextLine>
					</TextBlock>
					<TextBlock ID="block_2" HPOS="275" VPOS="612" WIDTH="1598" HEIGHT="101">
						<TextLine ID="line_8" HPOS="405" VPOS="612" WIDTH="1468" HEIGHT="48">
							<String ID="string_68" HPOS="405" VPOS="614" WIDTH="123" HEIGHT="35" WC="0.96" CONTENT="Sedan"/><SP WIDTH="28" VPOS="614" HPOS="528"/>
							<String ID="string_69" HPOS="556" VPOS="612" WIDTH="57" HEIGHT="36" WC="0.96" CONTENT="till"/><SP WIDTH="28" VPOS="612" HPOS="613"/>
							<String ID="string_70" HPOS="641" VPOS="612" WIDTH="315" HEIGHT="36" WC="0.96" CONTENT="bankoutskottet"/><SP WIDTH="28" VPOS="612" HPOS="956"/>
							<String ID="string_71" HPOS="984" VPOS="612" WIDTH="195" HEIGHT="36" WC="0.95" CONTENT="hänvisats"/><SP WIDTH="29" VPOS="612" HPOS="1179"/>
							<String ID="string_72" HPOS="1208" VPOS="612" WIDTH="168" HEIGHT="48" WC="0.95" CONTENT="följande"/><SP WIDTH="32" VPOS="612" HPOS="1376"/>
							<String ID="string_73" HPOS="1408" VPOS="613" WIDTH="102" HEIGHT="35" WC="0.95" CONTENT="inom"/><SP WIDTH="30" VPOS="613" HPOS="1510"/>
							<String ID="string_74" HPOS="1540" VPOS="613" WIDTH="201" HEIGHT="35" WC="0.96" CONTENT="kamrarna"/><SP WIDTH="28" VPOS="613" HPOS="1741"/>
							<String ID="string_75" HPOS="1769" VPOS="613" WIDTH="8" HEIGHT="35" WC="0.49" CONTENT="i"/><SP WIDTH="23" VPOS="613" HPOS="1777"/>
							<String ID="string_76" HPOS="1800" VPOS="614" WIDTH="73" HEIGHT="34" WC="0.46" CONTENT="hit-"/>
						</TextLine>
						<TextLine ID="line_9" HPOS="275" VPOS="664" WIDTH="911" HEIGHT="49">
							<String ID="string_77" HPOS="275" VPOS="666" WIDTH="165" HEIGHT="36" WC="0.96" CONTENT="hörande"/><SP WIDTH="28" VPOS="666" HPOS="440"/>
							<String ID="string_78" HPOS="468" VPOS="670" WIDTH="109" HEIGHT="31" WC="0.96" CONTENT="ämne"/><SP WIDTH="28" VPOS="670" HPOS="577"/>
							<String ID="string_79" HPOS="605" VPOS="664" WIDTH="134" HEIGHT="36" WC="0.96" CONTENT="väckta"/><SP WIDTH="29" VPOS="664" HPOS="739"/>
							<String ID="string_80" HPOS="768" VPOS="664" WIDTH="196" HEIGHT="46" WC="0.96" CONTENT="motioner,"/><SP WIDTH="30" VPOS="664" HPOS="964"/>
							<String ID="string_81" HPOS="994" VPOS="664" WIDTH="192" HEIGHT="49" WC="0.96" CONTENT="nämligen"/>
						</TextLine>
					</TextBlock>
					<TextBlock ID="block_3" HPOS="274" VPOS="715" WIDTH="1599" HEIGHT="308">
						<TextLine ID="line_10" HPOS="404" VPOS="715" WIDTH="1466" HEIGHT="46">
							<String ID="string_82" HPOS="404" VPOS="730" WIDTH="43" HEIGHT="22" WC="0.80" CONTENT="ur"/><SP WIDTH="43" VPOS="730" HPOS="447"/>
							<String ID="string_83" HPOS="490" VPOS="720" WIDTH="45" HEIGHT="32" WC="0.94" CONTENT="77"/><SP WIDTH="45" VPOS="720" HPOS="535"/>
							<String ID="string_84" HPOS="580" VPOS="716" WIDTH="11" HEIGHT="35" WC="0.93" CONTENT="i"/><SP WIDTH="43" VPOS="716" HPOS="591"/>
							<String ID="string_85" HPOS="634" VPOS="715" WIDTH="116" HEIGHT="37" WC="0.95" CONTENT="första"/><SP WIDTH="41" VPOS="715" HPOS="750"/>
							<String ID="string_86" HPOS="791" VPOS="716" WIDTH="218" HEIGHT="36" WC="0.96" CONTENT="kammaren"/><SP WIDTH="34" VPOS="716" HPOS="1009"/>
							<String ID="string_87" HPOS="1043" VPOS="729" WIDTH="45" HEIGHT="22" WC="0.95" CONTENT="av"/><SP WIDTH="29" VPOS="729" HPOS="1088"/>
							<String ID="string_88" HPOS="1117" VPOS="716" WIDTH="129" HEIGHT="36" WC="0.95" CONTENT="herrar"/><SP WIDTH="30" VPOS="716" HPOS="1246"/>
							<String ID="string_89" HPOS="1276" VPOS="718" WIDTH="194" HEIGHT="43" WC="0.96" CONTENT="Söderberg"/><SP WIDTH="31" VPOS="718" HPOS="1470"/>
							<String ID="string_90" HPOS="1501" VPOS="717" WIDTH="69" HEIGHT="36" WC="0.95" CONTENT="och"/><SP WIDTH="28" VPOS="717" HPOS="1570"/>
							<String ID="string_91" HPOS="1598" VPOS="718" WIDTH="91" HEIGHT="35" WC="0.96" CONTENT="Jöns"/><SP WIDTH="29" VPOS="718" HPOS="1689"/>
							<String ID="string_92" HPOS="1718" VPOS="718" WIDTH="152" HEIGHT="35" WC="0.96" CONTENT="Pålsson"/>
						</TextLine>
						<TextLine ID="line_11" HPOS="274" VPOS="768" WIDTH="1598" HEIGHT="48">
							<String ID="string_93" HPOS="274" VPOS="770" WIDTH="70" HEIGHT="36" WC="0.96" CONTENT="och"/><SP WIDTH="46" VPOS="770" HPOS="344"/>
							<String ID="string_94" HPOS="390" VPOS="783" WIDTH="43" HEIGHT="21" WC="0.95" CONTENT="nr"/><SP WIDTH="45" VPOS="783" HPOS="433"/>
							<String ID="string_95" HPOS="478" VPOS="772" WIDTH="77" HEIGHT="33" WC="0.87" CONTENT="798"/><SP WIDTH="45" VPOS="772" HPOS="555"/>
							<String ID="string_96" HPOS="600" VPOS="768" WIDTH="11" HEIGHT="35" WC="0.78" CONTENT="1i"/><SP WIDTH="30" VPOS="768" HPOS="611"/>
							<String ID="string_97" HPOS="641" VPOS="768" WIDTH="116" HEIGHT="36" WC="0.96" CONTENT="andra"/><SP WIDTH="41" VPOS="768" HPOS="757"/>
							<String ID="string_98" HPOS="798" VPOS="768" WIDTH="219" HEIGHT="35" WC="0.96" CONTENT="kammaren"/><SP WIDTH="29" VPOS="768" HPOS="1017"/>
							<String ID="string_99" HPOS="1046" VPOS="781" WIDTH="44" HEIGHT="22" WC="0.96" CONTENT="av"/><SP WIDTH="28" VPOS="781" HPOS="1090"/>
							<String ID="string_100" HPOS="1118" VPOS="768" WIDTH="85" HEIGHT="36" WC="0.96" CONTENT="herr"/><SP WIDTH="26" VPOS="768" HPOS="1203"/>
							<String ID="string_101" HPOS="1229" VPOS="770" WIDTH="154" HEIGHT="35" WC="0.95" CONTENT="Jönsson"/><SP WIDTH="29" VPOS="770" HPOS="1383"/>
							<String ID="string_102" HPOS="1412" VPOS="769" WIDTH="11" HEIGHT="35" WC="0.91" CONTENT="i"/><SP WIDTH="28" VPOS="769" HPOS="1423"/>
							<String ID="string_103" HPOS="1451" VPOS="768" WIDTH="158" HEIGHT="36" WC="0.91" CONTENT="Fridhill"/><SP WIDTH="29" VPOS="768" HPOS="1609"/>
							<String ID="string_104" HPOS="1638" VPOS="782" WIDTH="44" HEIGHT="22" WC="0.92" CONTENT="m."/><SP WIDTH="29" VPOS="782" HPOS="1682"/>
							<String ID="string_105" HPOS="1711" VPOS="771" WIDTH="53" HEIGHT="45" WC="0.51" CONTENT="fl,"/><SP WIDTH="28" VPOS="771" HPOS="1764"/>
							<String ID="string_106" HPOS="1792" VPOS="769" WIDTH="80" HEIGHT="36" WC="0.95" CONTENT="vari"/>
						</TextLine>
						<TextLine ID="line_12" HPOS="275" VPOS="818" WIDTH="1598" HEIGHT="50">
							<String ID="string_107" HPOS="275" VPOS="821" WIDTH="224" HEIGHT="46" WC="0.90" CONTENT="hemställts,"/><SP WIDTH="30" VPOS="821" HPOS="499"/>
							<String ID="string_108" HPOS="529" VPOS="825" WIDTH="54" HEIGHT="31" WC="0.95" CONTENT="att"/><SP WIDTH="28" VPOS="825" HPOS="583"/>
							<String ID="string_109" HPOS="611" VPOS="819" WIDTH="206" HEIGHT="48" WC="0.96" CONTENT="riksdagen"/><SP WIDTH="30" VPOS="819" HPOS="817"/>
							<String ID="string_110" HPOS="847" VPOS="819" WIDTH="87" HEIGHT="36" WC="0.92" CONTENT="ville"/><SP WIDTH="29" VPOS="819" HPOS="934"/>
							<String ID="string_111" HPOS="963" VPOS="818" WIDTH="174" HEIGHT="49" WC="0.92" CONTENT="medgiva"/><SP WIDTH="29" VPOS="818" HPOS="1137"/>
							<String ID="string_112" HPOS="1166" VPOS="820" WIDTH="119" HEIGHT="48" WC="0.96" CONTENT="enligt"/><SP WIDTH="28" VPOS="820" HPOS="1285"/>
							<String ID="string_113" HPOS="1313" VPOS="821" WIDTH="12" HEIGHT="35" WC="0.96" CONTENT="i"/><SP WIDTH="29" VPOS="821" HPOS="1325"/>
							<String ID="string_114" HPOS="1354" VPOS="821" WIDTH="234" HEIGHT="35" WC="0.95" CONTENT="motionerna"/><SP WIDTH="28" VPOS="821" HPOS="1588"/>
							<String ID="string_115" HPOS="1616" VPOS="825" WIDTH="172" HEIGHT="32" WC="0.93" CONTENT="närmare"/><SP WIDTH="21" VPOS="825" HPOS="1788"/>
							<String ID="string_116" HPOS="1809" VPOS="834" WIDTH="64" HEIGHT="23" WC="0.81" CONTENT="an-"/>
						</TextLine>
						<TextLine ID="line_13" HPOS="274" VPOS="870" WIDTH="1597" HEIGHT="51">
							<String ID="string_117" HPOS="274" VPOS="873" WIDTH="106" HEIGHT="48" WC="0.96" CONTENT="givet"/><SP WIDTH="44" VPOS="873" HPOS="380"/>
							<String ID="string_118" HPOS="424" VPOS="885" WIDTH="180" HEIGHT="36" WC="0.96" CONTENT="program"/><SP WIDTH="41" VPOS="885" HPOS="604"/>
							<String ID="string_119" HPOS="645" VPOS="870" WIDTH="149" HEIGHT="37" WC="0.86" CONTENT="bildade"/><SP WIDTH="42" VPOS="870" HPOS="794"/>
							<String ID="string_120" HPOS="836" VPOS="871" WIDTH="459" HEIGHT="47" WC="0.86" CONTENT="fastighetskreditkassor"/><SP WIDTH="42" VPOS="871" HPOS="1295"/>
							<String ID="string_121" HPOS="1337" VPOS="872" WIDTH="45" HEIGHT="35" WC="0.96" CONTENT="de"/><SP WIDTH="23" VPOS="872" HPOS="1382"/>
							<String ID="string_122" HPOS="1405" VPOS="873" WIDTH="239" HEIGHT="44" WC="0.95" CONTENT="principiella"/><SP WIDTH="23" VPOS="873" HPOS="1644"/>
							<String ID="string_123" HPOS="1667" VPOS="872" WIDTH="204" HEIGHT="45" WC="0.96" CONTENT="förmåner,"/>
						</TextLine>
						<TextLine ID="line_14" HPOS="274" VPOS="922" WIDTH="1597" HEIGHT="49">
							<String ID="string_124" HPOS="274" VPOS="938" WIDTH="81" HEIGHT="22" WC="0.93" CONTENT="som"/><SP WIDTH="46" VPOS="938" HPOS="355"/>
							<String ID="string_125" HPOS="401" VPOS="924" WIDTH="119" HEIGHT="47" WC="0.93" CONTENT="enligt"/><SP WIDTH="44" VPOS="924" HPOS="520"/>
							<String ID="string_126" HPOS="564" VPOS="924" WIDTH="96" HEIGHT="34" WC="0.96" CONTENT="1915"/><SP WIDTH="45" VPOS="924" HPOS="660"/>
							<String ID="string_127" HPOS="705" VPOS="925" WIDTH="59" HEIGHT="33" WC="0.96" CONTENT="års"/><SP WIDTH="28" VPOS="925" HPOS="764"/>
							<String ID="string_128" HPOS="792" VPOS="923" WIDTH="66" HEIGHT="47" WC="0.96" CONTENT="lag"/><SP WIDTH="27" VPOS="923" HPOS="858"/>
							<String ID="string_129" HPOS="885" VPOS="922" WIDTH="152" HEIGHT="35" WC="0.93" CONTENT="komma"/><SP WIDTH="29" VPOS="922" HPOS="1037"/>
							<String ID="string_130" HPOS="1066" VPOS="923" WIDTH="275" HEIGHT="36" WC="0.91" CONTENT="centralkassor"/><SP WIDTH="28" VPOS="923" HPOS="1341"/>
							<String ID="string_131" HPOS="1369" VPOS="923" WIDTH="59" HEIGHT="36" WC="0.93" CONTENT="för"/><SP WIDTH="24" VPOS="923" HPOS="1428"/>
							<String ID="string_132" HPOS="1452" VPOS="923" WIDTH="333" HEIGHT="48" WC="0.92" CONTENT="jordbrukskredit"/><SP WIDTH="29" VPOS="923" HPOS="1785"/>
							<String ID="string_133" HPOS="1814" VPOS="925" WIDTH="57" HEIGHT="36" WC="0.95" CONTENT="till"/>
						</TextLine>
						<TextLine ID="line_15" HPOS="274" VPOS="975" WIDTH="306" HEIGHT="48">
							<String ID="string_134" HPOS="274" VPOS="976" WIDTH="72" HEIGHT="43" WC="0.96" CONTENT="del,"/><SP WIDTH="30" VPOS="976" HPOS="346"/>
							<String ID="string_135" HPOS="376" VPOS="975" WIDTH="204" HEIGHT="48" WC="0.94" CONTENT="nämligen:"/>
						</TextLine>
					</TextBlock>
					<TextBlock ID="block_4" HPOS="274" VPOS="1025" WIDTH="1597" HEIGHT="153">
						<TextLine ID="line_16" HPOS="403" VPOS="1025" WIDTH="1468" HEIGHT="50">
							<String ID="string_136" HPOS="403" VPOS="1026" WIDTH="36" HEIGHT="49" WC="0.95" CONTENT="a)"/><SP WIDTH="30" VPOS="1026" HPOS="439"/>
							<String ID="string_137" HPOS="469" VPOS="1032" WIDTH="56" HEIGHT="30" WC="0.92" CONTENT="att"/><SP WIDTH="29" VPOS="1032" HPOS="525"/>
							<String ID="string_138" HPOS="554" VPOS="1025" WIDTH="347" HEIGHT="49" WC="0.89" CONTENT="statsobligationer"/><SP WIDTH="28" VPOS="1025" HPOS="901"/>
							<String ID="string_139" HPOS="929" VPOS="1025" WIDTH="56" HEIGHT="36" WC="0.96" CONTENT="till"/><SP WIDTH="28" VPOS="1025" HPOS="985"/>
							<String ID="string_140" HPOS="1013" VPOS="1030" WIDTH="53" HEIGHT="31" WC="0.95" CONTENT="ett"/><SP WIDTH="28" VPOS="1030" HPOS="1066"/>
							<String ID="string_141" HPOS="1094" VPOS="1025" WIDTH="137" HEIGHT="50" WC="0.96" CONTENT="belopp"/><SP WIDTH="30" VPOS="1025" HPOS="1231"/>
							<String ID="string_142" HPOS="1261" VPOS="1040" WIDTH="46" HEIGHT="22" WC="0.95" CONTENT="av"/><SP WIDTH="32" VPOS="1040" HPOS="1307"/>
							<String ID="string_143" HPOS="1339" VPOS="1028" WIDTH="45" HEIGHT="35" WC="0.95" CONTENT="10"/><SP WIDTH="29" VPOS="1028" HPOS="1384"/>
							<String ID="string_144" HPOS="1413" VPOS="1026" WIDTH="177" HEIGHT="48" WC="0.95" CONTENT="miljoner"/><SP WIDTH="27" VPOS="1026" HPOS="1590"/>
							<String ID="string_145" HPOS="1617" VPOS="1026" WIDTH="139" HEIGHT="38" WC="0.93" CONTENT="kronor"/><SP WIDTH="20" VPOS="1026" HPOS="1756"/>
							<String ID="string_146" HPOS="1776" VPOS="1027" WIDTH="95" HEIGHT="37" WC="0.91" CONTENT="tills-"/>
						</TextLine>
						<TextLine ID="line_17" HPOS="274" VPOS="1076" WIDTH="1591" HEIGHT="52">
							<String ID="string_147" HPOS="274" VPOS="1079" WIDTH="125" HEIGHT="36" WC="0.96" CONTENT="vidare"/><SP WIDTH="29" VPOS="1079" HPOS="399"/>
							<String ID="string_148" HPOS="428" VPOS="1079" WIDTH="128" HEIGHT="36" WC="0.96" CONTENT="ställas"/><SP WIDTH="29" VPOS="1079" HPOS="556"/>
							<String ID="string_149" HPOS="585" VPOS="1079" WIDTH="56" HEIGHT="35" WC="0.96" CONTENT="till"/><SP WIDTH="30" VPOS="1079" HPOS="641"/>
							<String ID="string_150" HPOS="671" VPOS="1076" WIDTH="176" HEIGHT="50" WC="0.95" CONTENT="Sveriges"/><SP WIDTH="30" VPOS="1076" HPOS="847"/>
							<String ID="string_151" HPOS="877" VPOS="1077" WIDTH="162" HEIGHT="36" WC="0.93" CONTENT="centrala"/><SP WIDTH="34" VPOS="1077" HPOS="1039"/>
							<String ID="string_152" HPOS="1073" VPOS="1078" WIDTH="460" HEIGHT="48" WC="0.91" CONTENT="fastighetskreditkassas"/><SP WIDTH="30" VPOS="1078" HPOS="1533"/>
							<String ID="string_153" HPOS="1563" VPOS="1078" WIDTH="225" HEIGHT="49" WC="0.95" CONTENT="förfogande"/><SP WIDTH="29" VPOS="1078" HPOS="1788"/>
							<String ID="string_154" HPOS="1817" VPOS="1083" WIDTH="48" HEIGHT="45" WC="0.96" CONTENT="på"/>
						</TextLine>
						<TextLine ID="line_18" HPOS="276" VPOS="1129" WIDTH="891" HEIGHT="49">
							<String ID="string_155" HPOS="276" VPOS="1131" WIDTH="144" HEIGHT="47" WC="0.95" CONTENT="villkor,"/><SP WIDTH="30" VPOS="1131" HPOS="420"/>
							<String ID="string_156" HPOS="450" VPOS="1144" WIDTH="81" HEIGHT="23" WC="0.94" CONTENT="som"/><SP WIDTH="31" VPOS="1144" HPOS="531"/>
							<String ID="string_157" HPOS="562" VPOS="1143" WIDTH="46" HEIGHT="23" WC="0.96" CONTENT="av"/><SP WIDTH="27" VPOS="1143" HPOS="608"/>
							<String ID="string_158" HPOS="635" VPOS="1130" WIDTH="143" HEIGHT="48" WC="0.91" CONTENT="Kungl."/><SP WIDTH="32" VPOS="1130" HPOS="778"/>
							<String ID="string_159" HPOS="810" VPOS="1129" WIDTH="108" HEIGHT="49" WC="0.96" CONTENT="Maj:t"/><SP WIDTH="28" VPOS="1129" HPOS="918"/>
							<String ID="string_160" HPOS="946" VPOS="1129" WIDTH="221" HEIGHT="45" WC="0.96" CONTENT="fastställas;"/>
						</TextLine>
					</TextBlock>
					<TextBlock ID="block_5" HPOS="272" VPOS="1181" WIDTH="1600" HEIGHT="102">
						<TextLine ID="line_19" HPOS="403" VPOS="1181" WIDTH="1469" HEIGHT="51">
							<String ID="string_161" HPOS="403" VPOS="1183" WIDTH="35" HEIGHT="49" WC="0.91" CONTENT="b)"/><SP WIDTH="30" VPOS="1183" HPOS="438"/>
							<String ID="string_162" HPOS="468" VPOS="1182" WIDTH="170" HEIGHT="36" WC="0.95" CONTENT="tillstånd"/><SP WIDTH="28" VPOS="1182" HPOS="638"/>
							<String ID="string_163" HPOS="666" VPOS="1182" WIDTH="57" HEIGHT="35" WC="0.91" CONTENT="till"/><SP WIDTH="28" VPOS="1182" HPOS="723"/>
							<String ID="string_164" HPOS="751" VPOS="1181" WIDTH="305" HEIGHT="48" WC="0.91" CONTENT="rediskontering"/><SP WIDTH="27" VPOS="1181" HPOS="1056"/>
							<String ID="string_165" HPOS="1083" VPOS="1181" WIDTH="12" HEIGHT="35" WC="0.96" CONTENT="i"/><SP WIDTH="27" VPOS="1181" HPOS="1095"/>
							<String ID="string_166" HPOS="1122" VPOS="1181" WIDTH="231" HEIGHT="37" WC="0.96" CONTENT="riksbanken"/><SP WIDTH="29" VPOS="1181" HPOS="1353"/>
							<String ID="string_167" HPOS="1382" VPOS="1196" WIDTH="46" HEIGHT="22" WC="0.96" CONTENT="av"/><SP WIDTH="28" VPOS="1196" HPOS="1428"/>
							<String ID="string_168" HPOS="1456" VPOS="1182" WIDTH="142" HEIGHT="46" WC="0.95" CONTENT="växlar,"/><SP WIDTH="29" VPOS="1182" HPOS="1598"/>
							<String ID="string_169" HPOS="1627" VPOS="1183" WIDTH="181" HEIGHT="36" WC="0.96" CONTENT="utställda"/><SP WIDTH="18" VPOS="1183" HPOS="1808"/>
							<String ID="string_170" HPOS="1826" VPOS="1197" WIDTH="46" HEIGHT="22" WC="0.96" CONTENT="av"/>
						</TextLine>
						<TextLine ID="line_20" HPOS="272" VPOS="1234" WIDTH="464" HEIGHT="49">
							<String ID="string_171" HPOS="272" VPOS="1234" WIDTH="227" HEIGHT="49" WC="0.93" CONTENT="registrerad"/><SP WIDTH="29" VPOS="1234" HPOS="499"/>
							<String ID="string_172" HPOS="528" VPOS="1234" WIDTH="208" HEIGHT="44" WC="0.91" CONTENT="länskassa;"/>
						</TextLine>
					</TextBlock>
					<TextBlock ID="block_6" HPOS="272" VPOS="1285" WIDTH="1598" HEIGHT="101">
						<TextLine ID="line_21" HPOS="394" VPOS="1285" WIDTH="1476" HEIGHT="50">
							<String ID="string_173" HPOS="394" VPOS="1286" WIDTH="33" HEIGHT="49" WC="0.41" CONTENT="ce)"/><SP WIDTH="30" VPOS="1286" HPOS="427"/>
							<String ID="string_174" HPOS="457" VPOS="1286" WIDTH="171" HEIGHT="36" WC="0.95" CONTENT="tillstånd"/><SP WIDTH="29" VPOS="1286" HPOS="628"/>
							<String ID="string_175" HPOS="657" VPOS="1291" WIDTH="53" HEIGHT="30" WC="0.96" CONTENT="att"/><SP WIDTH="28" VPOS="1291" HPOS="710"/>
							<String ID="string_176" HPOS="738" VPOS="1285" WIDTH="84" HEIGHT="36" WC="0.96" CONTENT="från"/><SP WIDTH="29" VPOS="1285" HPOS="822"/>
							<String ID="string_177" HPOS="851" VPOS="1285" WIDTH="252" HEIGHT="36" WC="0.96" CONTENT="allmänheten"/><SP WIDTH="29" VPOS="1285" HPOS="1103"/>
							<String ID="string_178" HPOS="1132" VPOS="1290" WIDTH="170" HEIGHT="44" WC="0.96" CONTENT="mottaga"/><SP WIDTH="28" VPOS="1290" HPOS="1302"/>
							<String ID="string_179" HPOS="1330" VPOS="1287" WIDTH="258" HEIGHT="48" WC="0.93" CONTENT="insättningar"/><SP WIDTH="28" VPOS="1287" HPOS="1588"/>
							<String ID="string_180" HPOS="1616" VPOS="1289" WIDTH="20" HEIGHT="33" WC="0.89" CONTENT="å"/><SP WIDTH="17" VPOS="1289" HPOS="1636"/>
							<String ID="string_181" HPOS="1653" VPOS="1287" WIDTH="217" HEIGHT="48" WC="0.90" CONTENT="sparkasse-"/>
						</TextLine>
						<TextLine ID="line_22" HPOS="272" VPOS="1336" WIDTH="1481" HEIGHT="50">
							<String ID="string_182" HPOS="272" VPOS="1338" WIDTH="207" HEIGHT="47" WC="0.96" CONTENT="räkningar"/><SP WIDTH="27" VPOS="1338" HPOS="479"/>
							<String ID="string_183" HPOS="506" VPOS="1340" WIDTH="48" HEIGHT="46" WC="0.96" CONTENT="på"/><SP WIDTH="29" VPOS="1340" HPOS="554"/>
							<String ID="string_184" HPOS="583" VPOS="1336" WIDTH="147" HEIGHT="48" WC="0.96" CONTENT="villkor,"/><SP WIDTH="31" VPOS="1336" HPOS="730"/>
							<String ID="string_185" HPOS="761" VPOS="1349" WIDTH="80" HEIGHT="23" WC="0.96" CONTENT="som"/><SP WIDTH="30" VPOS="1349" HPOS="841"/>
							<String ID="string_186" HPOS="871" VPOS="1350" WIDTH="46" HEIGHT="22" WC="0.96" CONTENT="av"/><SP WIDTH="30" VPOS="1350" HPOS="917"/>
							<String ID="string_187" HPOS="947" VPOS="1336" WIDTH="140" HEIGHT="47" WC="0.93" CONTENT="Kungl."/><SP WIDTH="32" VPOS="1336" HPOS="1087"/>
							<String ID="string_188" HPOS="1119" VPOS="1337" WIDTH="107" HEIGHT="48" WC="0.96" CONTENT="Maj:t"/><SP WIDTH="27" VPOS="1337" HPOS="1226"/>
							<String ID="string_189" HPOS="1253" VPOS="1342" WIDTH="139" HEIGHT="44" WC="0.96" CONTENT="prövas"/><SP WIDTH="32" VPOS="1342" HPOS="1392"/>
							<String ID="string_190" HPOS="1424" VPOS="1338" WIDTH="201" HEIGHT="48" WC="0.96" CONTENT="lämpliga;"/><SP WIDTH="31" VPOS="1338" HPOS="1625"/>
							<String ID="string_191" HPOS="1656" VPOS="1343" WIDTH="97" HEIGHT="31" WC="0.96" CONTENT="samt"/>
						</TextLine>
					</TextBlock>
					<TextBlock ID="block_7" HPOS="270" VPOS="1387" WIDTH="1603" HEIGHT="518">
						<TextLine ID="line_23" HPOS="401" VPOS="1387" WIDTH="1471" HEIGHT="39">
							<String ID="string_192" HPOS="401" VPOS="1403" WIDTH="45" HEIGHT="22" WC="0.96" CONTENT="nr"/><SP WIDTH="28" VPOS="1403" HPOS="446"/>
							<String ID="string_193" HPOS="474" VPOS="1392" WIDTH="49" HEIGHT="33" WC="0.95" CONTENT="89"/><SP WIDTH="29" VPOS="1392" HPOS="523"/>
							<String ID="string_194" HPOS="552" VPOS="1390" WIDTH="11" HEIGHT="35" WC="0.95" CONTENT="i"/><SP WIDTH="30" VPOS="1390" HPOS="563"/>
							<String ID="string_195" HPOS="593" VPOS="1388" WIDTH="115" HEIGHT="36" WC="0.95" CONTENT="andra"/><SP WIDTH="28" VPOS="1388" HPOS="708"/>
							<String ID="string_196" HPOS="736" VPOS="1389" WIDTH="220" HEIGHT="35" WC="0.96" CONTENT="kammaren"/><SP WIDTH="29" VPOS="1389" HPOS="956"/>
							<String ID="string_197" HPOS="985" VPOS="1401" WIDTH="44" HEIGHT="22" WC="0.96" CONTENT="av"/><SP WIDTH="27" VPOS="1401" HPOS="1029"/>
							<String ID="string_198" HPOS="1056" VPOS="1387" WIDTH="130" HEIGHT="36" WC="0.96" CONTENT="herrar"/><SP WIDTH="26" VPOS="1387" HPOS="1186"/>
							<String ID="string_199" HPOS="1212" VPOS="1389" WIDTH="158" HEIGHT="36" WC="0.96" CONTENT="Jönsson"/><SP WIDTH="28" VPOS="1389" HPOS="1370"/>
							<String ID="string_200" HPOS="1398" VPOS="1390" WIDTH="12" HEIGHT="35" WC="0.93" CONTENT="i"/><SP WIDTH="28" VPOS="1390" HPOS="1410"/>
							<String ID="string_201" HPOS="1438" VPOS="1389" WIDTH="156" HEIGHT="36" WC="0.90" CONTENT="Fridhill"/><SP WIDTH="30" VPOS="1389" HPOS="1594"/>
							<String ID="string_202" HPOS="1624" VPOS="1390" WIDTH="71" HEIGHT="36" WC="0.96" CONTENT="och"/><SP WIDTH="23" VPOS="1390" HPOS="1695"/>
							<String ID="string_203" HPOS="1718" VPOS="1391" WIDTH="154" HEIGHT="35" WC="0.95" CONTENT="Olsson"/><SP WIDTH="-23" VPOS="1391" HPOS="1872"/>
							<String ID="string_204" HPOS="1849" VPOS="1383" WIDTH="25" HEIGHT="56" WC="0.93" CONTENT="i"/>
						</TextLine>
						<TextLine ID="line_24" HPOS="273" VPOS="1439" WIDTH="1599" HEIGHT="51">
							<String ID="string_205" HPOS="273" VPOS="1441" WIDTH="166" HEIGHT="47" WC="0.92" CONTENT="Ramsta,"/><SP WIDTH="26" VPOS="1441" HPOS="439"/>
							<String ID="string_206" HPOS="465" VPOS="1441" WIDTH="79" HEIGHT="36" WC="0.93" CONTENT="vari"/><SP WIDTH="24" VPOS="1441" HPOS="544"/>
							<String ID="string_207" HPOS="568" VPOS="1440" WIDTH="224" HEIGHT="47" WC="0.91" CONTENT="hemställts,"/><SP WIDTH="30" VPOS="1440" HPOS="792"/>
							<String ID="string_208" HPOS="822" VPOS="1445" WIDTH="53" HEIGHT="30" WC="0.96" CONTENT="att"/><SP WIDTH="18" VPOS="1445" HPOS="875"/>
							<String ID="string_209" HPOS="893" VPOS="1439" WIDTH="207" HEIGHT="49" WC="0.95" CONTENT="riksdagen"/><SP WIDTH="20" VPOS="1439" HPOS="1100"/>
							<String ID="string_210" HPOS="1120" VPOS="1443" WIDTH="115" HEIGHT="33" WC="0.96" CONTENT="måtte"/><SP WIDTH="20" VPOS="1443" HPOS="1235"/>
							<String ID="string_211" HPOS="1255" VPOS="1440" WIDTH="158" HEIGHT="48" WC="0.95" CONTENT="besluta,"/><SP WIDTH="22" VPOS="1440" HPOS="1413"/>
							<String ID="string_212" HPOS="1435" VPOS="1446" WIDTH="55" HEIGHT="31" WC="0.96" CONTENT="att"/><SP WIDTH="20" VPOS="1446" HPOS="1490"/>
							<String ID="string_213" HPOS="1510" VPOS="1440" WIDTH="174" HEIGHT="50" WC="0.96" CONTENT="Sveriges"/><SP WIDTH="22" VPOS="1440" HPOS="1684"/>
							<String ID="string_214" HPOS="1706" VPOS="1442" WIDTH="166" HEIGHT="36" WC="0.96" CONTENT="centrala"/>
						</TextLine>
						<TextLine ID="line_25" HPOS="274" VPOS="1491" WIDTH="1595" HEIGHT="51">
							<String ID="string_215" HPOS="274" VPOS="1492" WIDTH="454" HEIGHT="49" WC="0.90" CONTENT="fastighetskreditkassa,"/><SP WIDTH="31" VPOS="1492" HPOS="728"/>
							<String ID="string_216" HPOS="759" VPOS="1491" WIDTH="165" HEIGHT="37" WC="0.92" CONTENT="bostads-"/><SP WIDTH="28" VPOS="1491" HPOS="924"/>
							<String ID="string_217" HPOS="952" VPOS="1491" WIDTH="71" HEIGHT="36" WC="0.93" CONTENT="och"/><SP WIDTH="29" VPOS="1491" HPOS="1023"/>
							<String ID="string_218" HPOS="1052" VPOS="1492" WIDTH="430" HEIGHT="49" WC="0.90" CONTENT="egnahemsföreningar"/><SP WIDTH="30" VPOS="1492" HPOS="1482"/>
							<String ID="string_219" HPOS="1512" VPOS="1499" WIDTH="98" HEIGHT="30" WC="0.96" CONTENT="samt"/><SP WIDTH="28" VPOS="1499" HPOS="1610"/>
							<String ID="string_220" HPOS="1638" VPOS="1493" WIDTH="231" HEIGHT="49" WC="0.95" CONTENT="aktiebolag,"/>
						</TextLine>
						<TextLine ID="line_26" HPOS="271" VPOS="1543" WIDTH="1602" HEIGHT="51">
							<String ID="string_221" HPOS="271" VPOS="1558" WIDTH="95" HEIGHT="34" WC="0.96" CONTENT="som,"/><SP WIDTH="18" VPOS="1558" HPOS="366"/>
							<String ID="string_222" HPOS="384" VPOS="1545" WIDTH="134" HEIGHT="36" WC="0.96" CONTENT="ställda"/><SP WIDTH="18" VPOS="1545" HPOS="518"/>
							<String ID="string_223" HPOS="536" VPOS="1544" WIDTH="122" HEIGHT="36" WC="0.96" CONTENT="under"/><SP WIDTH="15" VPOS="1544" HPOS="658"/>
							<String ID="string_224" HPOS="673" VPOS="1544" WIDTH="175" HEIGHT="48" WC="0.96" CONTENT="offentlig"/><SP WIDTH="14" VPOS="1544" HPOS="848"/>
							<String ID="string_225" HPOS="862" VPOS="1543" WIDTH="165" HEIGHT="36" WC="0.96" CONTENT="kontroll"/><SP WIDTH="16" VPOS="1543" HPOS="1027"/>
							<String ID="string_226" HPOS="1043" VPOS="1543" WIDTH="69" HEIGHT="36" WC="0.96" CONTENT="och"/><SP WIDTH="16" VPOS="1543" HPOS="1112"/>
							<String ID="string_227" HPOS="1128" VPOS="1544" WIDTH="84" HEIGHT="36" WC="0.96" CONTENT="med"/><SP WIDTH="21" VPOS="1544" HPOS="1212"/>
							<String ID="string_228" HPOS="1233" VPOS="1544" WIDTH="212" HEIGHT="49" WC="0.96" CONTENT="begränsad"/><SP WIDTH="19" VPOS="1544" HPOS="1445"/>
							<String ID="string_229" HPOS="1464" VPOS="1545" WIDTH="210" HEIGHT="48" WC="0.96" CONTENT="utdelning,"/><SP WIDTH="21" VPOS="1545" HPOS="1674"/>
							<String ID="string_230" HPOS="1695" VPOS="1550" WIDTH="101" HEIGHT="43" WC="0.96" CONTENT="ägna"/><SP WIDTH="16" VPOS="1550" HPOS="1796"/>
							<String ID="string_231" HPOS="1812" VPOS="1546" WIDTH="61" HEIGHT="48" WC="0.94" CONTENT="sig"/>
						</TextLine>
						<TextLine ID="line_27" HPOS="272" VPOS="1595" WIDTH="1598" HEIGHT="51">
							<String ID="string_232" HPOS="272" VPOS="1599" WIDTH="38" HEIGHT="33" WC="0.93" CONTENT="åt"/><SP WIDTH="28" VPOS="1599" HPOS="310"/>
							<String ID="string_233" HPOS="338" VPOS="1596" WIDTH="247" HEIGHT="36" WC="0.91" CONTENT="anskaffande"/><SP WIDTH="20" VPOS="1596" HPOS="585"/>
							<String ID="string_234" HPOS="605" VPOS="1610" WIDTH="46" HEIGHT="22" WC="0.96" CONTENT="av"/><SP WIDTH="29" VPOS="1610" HPOS="651"/>
							<String ID="string_235" HPOS="680" VPOS="1595" WIDTH="176" HEIGHT="36" WC="0.96" CONTENT="bostäder"/><SP WIDTH="29" VPOS="1595" HPOS="856"/>
							<String ID="string_236" HPOS="885" VPOS="1595" WIDTH="72" HEIGHT="36" WC="0.93" CONTENT="och"/><SP WIDTH="28" VPOS="1595" HPOS="957"/>
							<String ID="string_237" HPOS="985" VPOS="1595" WIDTH="282" HEIGHT="49" WC="0.89" CONTENT="fastighetslån,"/><SP WIDTH="30" VPOS="1595" HPOS="1267"/>
							<String ID="string_238" HPOS="1297" VPOS="1599" WIDTH="62" HEIGHT="33" WC="0.96" CONTENT="må"/><SP WIDTH="14" VPOS="1599" HPOS="1359"/>
							<String ID="string_239" HPOS="1373" VPOS="1602" WIDTH="73" HEIGHT="44" WC="0.96" CONTENT="äga"/><SP WIDTH="21" VPOS="1602" HPOS="1446"/>
							<String ID="string_240" HPOS="1467" VPOS="1597" WIDTH="285" HEIGHT="36" WC="0.96" CONTENT="företrädesrätt"/><SP WIDTH="16" VPOS="1597" HPOS="1752"/>
							<String ID="string_241" HPOS="1768" VPOS="1598" WIDTH="102" HEIGHT="36" WC="0.96" CONTENT="inom"/>
						</TextLine>
						<TextLine ID="line_28" HPOS="272" VPOS="1647" WIDTH="1599" HEIGHT="50">
							<String ID="string_242" HPOS="272" VPOS="1647" WIDTH="575" HEIGHT="50" WC="0.90" CONTENT="pensionsförsäkringsfonden,"/><SP WIDTH="29" VPOS="1647" HPOS="847"/>
							<String ID="string_243" HPOS="876" VPOS="1647" WIDTH="329" HEIGHT="48" WC="0.91" CONTENT="postsparbanken"/><SP WIDTH="46" VPOS="1647" HPOS="1205"/>
							<String ID="string_244" HPOS="1251" VPOS="1648" WIDTH="70" HEIGHT="36" WC="0.92" CONTENT="och"/><SP WIDTH="36" VPOS="1648" HPOS="1321"/>
							<String ID="string_245" HPOS="1357" VPOS="1649" WIDTH="514" HEIGHT="48" WC="0.91" CONTENT="riksförsäkringsanstalten"/>
						</TextLine>
						<TextLine ID="line_29" HPOS="272" VPOS="1697" WIDTH="1599" HEIGHT="51">
							<String ID="string_246" HPOS="272" VPOS="1700" WIDTH="57" HEIGHT="35" WC="0.96" CONTENT="till"/><SP WIDTH="28" VPOS="1700" HPOS="329"/>
							<String ID="string_247" HPOS="357" VPOS="1700" WIDTH="61" HEIGHT="36" WC="0.96" CONTENT="lån"/><SP WIDTH="28" VPOS="1700" HPOS="418"/>
							<String ID="string_248" HPOS="446" VPOS="1701" WIDTH="85" HEIGHT="35" WC="0.96" CONTENT="med"/><SP WIDTH="29" VPOS="1701" HPOS="531"/>
							<String ID="string_249" HPOS="560" VPOS="1713" WIDTH="46" HEIGHT="23" WC="0.96" CONTENT="en"/><SP WIDTH="28" VPOS="1713" HPOS="606"/>
							<String ID="string_250" HPOS="634" VPOS="1699" WIDTH="120" HEIGHT="46" WC="0.91" CONTENT="rörlig"/><SP WIDTH="27" VPOS="1699" HPOS="754"/>
							<String ID="string_251" HPOS="781" VPOS="1699" WIDTH="164" HEIGHT="36" WC="0.91" CONTENT="räntefot"/><SP WIDTH="28" VPOS="1699" HPOS="945"/>
							<String ID="string_252" HPOS="973" VPOS="1712" WIDTH="46" HEIGHT="22" WC="0.92" CONTENT="av"/><SP WIDTH="30" VPOS="1712" HPOS="1019"/>
							<String ID="string_253" HPOS="1049" VPOS="1697" WIDTH="39" HEIGHT="43" WC="0.43" CONTENT="&#39;/;"/><SP WIDTH="28" VPOS="1697" HPOS="1088"/>
							<String ID="string_254" HPOS="1116" VPOS="1705" WIDTH="158" HEIGHT="43" WC="0.96" CONTENT="procent"/><SP WIDTH="36" VPOS="1705" HPOS="1274"/>
							<String ID="string_255" HPOS="1310" VPOS="1705" WIDTH="88" HEIGHT="31" WC="0.96" CONTENT="över"/><SP WIDTH="27" VPOS="1705" HPOS="1398"/>
							<String ID="string_256" HPOS="1425" VPOS="1701" WIDTH="160" HEIGHT="36" WC="0.96" CONTENT="ledande"/><SP WIDTH="30" VPOS="1701" HPOS="1585"/>
							<String ID="string_257" HPOS="1615" VPOS="1701" WIDTH="163" HEIGHT="36" WC="0.93" CONTENT="bankers"/><SP WIDTH="30" VPOS="1701" HPOS="1778"/>
							<String ID="string_258" HPOS="1808" VPOS="1701" WIDTH="63" HEIGHT="36" WC="0.92" CONTENT="de-"/>
						</TextLine>
						<TextLine ID="line_30" HPOS="270" VPOS="1751" WIDTH="1602" HEIGHT="49">
							<String ID="string_259" HPOS="270" VPOS="1752" WIDTH="295" HEIGHT="48" WC="0.91" CONTENT="positionsränta"/><SP WIDTH="28" VPOS="1752" HPOS="565"/>
							<String ID="string_260" HPOS="593" VPOS="1752" WIDTH="12" HEIGHT="35" WC="0.82" CONTENT="1"/><SP WIDTH="29" VPOS="1752" HPOS="605"/>
							<String ID="string_261" HPOS="634" VPOS="1765" WIDTH="45" HEIGHT="22" WC="0.93" CONTENT="av"/><SP WIDTH="28" VPOS="1765" HPOS="679"/>
							<String ID="string_262" HPOS="707" VPOS="1751" WIDTH="142" HEIGHT="48" WC="0.89" CONTENT="Knngl."/><SP WIDTH="31" VPOS="1751" HPOS="849"/>
							<String ID="string_263" HPOS="880" VPOS="1751" WIDTH="108" HEIGHT="48" WC="0.96" CONTENT="Maj:t"/><SP WIDTH="28" VPOS="1751" HPOS="988"/>
							<String ID="string_264" HPOS="1016" VPOS="1751" WIDTH="172" HEIGHT="36" WC="0.96" CONTENT="bestämd"/><SP WIDTH="29" VPOS="1751" HPOS="1188"/>
							<String ID="string_265" HPOS="1217" VPOS="1752" WIDTH="266" HEIGHT="48" WC="0.96" CONTENT="utsträckning"/><SP WIDTH="19" VPOS="1752" HPOS="1483"/>
							<String ID="string_266" HPOS="1502" VPOS="1752" WIDTH="71" HEIGHT="36" WC="0.96" CONTENT="och"/><SP WIDTH="18" VPOS="1752" HPOS="1573"/>
							<String ID="string_267" HPOS="1591" VPOS="1752" WIDTH="119" HEIGHT="37" WC="0.96" CONTENT="under"/><SP WIDTH="16" VPOS="1752" HPOS="1710"/>
							<String ID="string_268" HPOS="1726" VPOS="1766" WIDTH="146" HEIGHT="23" WC="0.96" CONTENT="samma"/>
						</TextLine>
						<TextLine ID="line_31" HPOS="273" VPOS="1803" WIDTH="1599" HEIGHT="48">
							<String ID="string_269" HPOS="273" VPOS="1803" WIDTH="139" HEIGHT="37" WC="0.96" CONTENT="former"/><SP WIDTH="45" VPOS="1803" HPOS="412"/>
							<String ID="string_270" HPOS="457" VPOS="1804" WIDTH="70" HEIGHT="36" WC="0.96" CONTENT="och"/><SP WIDTH="48" VPOS="1804" HPOS="527"/>
							<String ID="string_271" HPOS="575" VPOS="1809" WIDTH="78" HEIGHT="30" WC="0.96" CONTENT="mot"/><SP WIDTH="40" VPOS="1809" HPOS="653"/>
							<String ID="string_272" HPOS="693" VPOS="1816" WIDTH="144" HEIGHT="22" WC="0.95" CONTENT="samma"/><SP WIDTH="36" VPOS="1816" HPOS="837"/>
							<String ID="string_273" HPOS="873" VPOS="1803" WIDTH="192" HEIGHT="47" WC="0.96" CONTENT="garantier"/><SP WIDTH="38" VPOS="1803" HPOS="1065"/>
							<String ID="string_274" HPOS="1103" VPOS="1803" WIDTH="69" HEIGHT="36" WC="0.96" CONTENT="och"/><SP WIDTH="29" VPOS="1803" HPOS="1172"/>
							<String ID="string_275" HPOS="1201" VPOS="1804" WIDTH="189" HEIGHT="47" WC="0.95" CONTENT="säkerhet,"/><SP WIDTH="30" VPOS="1804" HPOS="1390"/>
							<String ID="string_276" HPOS="1420" VPOS="1817" WIDTH="81" HEIGHT="23" WC="0.96" CONTENT="som"/><SP WIDTH="26" VPOS="1817" HPOS="1501"/>
							<String ID="string_277" HPOS="1527" VPOS="1818" WIDTH="46" HEIGHT="22" WC="0.96" CONTENT="av"/><SP WIDTH="29" VPOS="1818" HPOS="1573"/>
							<String ID="string_278" HPOS="1602" VPOS="1804" WIDTH="270" HEIGHT="37" WC="0.96" CONTENT="statskontoret"/>
						</TextLine>
						<TextLine ID="line_32" HPOS="271" VPOS="1854" WIDTH="1399" HEIGHT="51">
							<String ID="string_279" HPOS="271" VPOS="1855" WIDTH="191" HEIGHT="50" WC="0.96" CONTENT="tillämpas"/><SP WIDTH="30" VPOS="1855" HPOS="462"/>
							<String ID="string_280" HPOS="492" VPOS="1855" WIDTH="62" HEIGHT="36" WC="0.96" CONTENT="vid"/><SP WIDTH="29" VPOS="1855" HPOS="554"/>
							<String ID="string_281" HPOS="583" VPOS="1855" WIDTH="246" HEIGHT="36" WC="0.96" CONTENT="utlämnande"/><SP WIDTH="31" VPOS="1855" HPOS="829"/>
							<String ID="string_282" HPOS="860" VPOS="1868" WIDTH="45" HEIGHT="22" WC="0.96" CONTENT="av"/><SP WIDTH="29" VPOS="1868" HPOS="905"/>
							<String ID="string_283" HPOS="934" VPOS="1854" WIDTH="62" HEIGHT="36" WC="0.95" CONTENT="lån"/><SP WIDTH="29" VPOS="1854" HPOS="996"/>
							<String ID="string_284" HPOS="1025" VPOS="1868" WIDTH="44" HEIGHT="22" WC="0.95" CONTENT="ur"/><SP WIDTH="28" VPOS="1868" HPOS="1069"/>
							<String ID="string_285" HPOS="1097" VPOS="1860" WIDTH="142" HEIGHT="31" WC="0.93" CONTENT="statens"/><SP WIDTH="29" VPOS="1860" HPOS="1239"/>
							<String ID="string_286" HPOS="1268" VPOS="1856" WIDTH="402" HEIGHT="48" WC="0.92" CONTENT="egnahemslånefond;"/>
						</TextLine>
					</TextBlock>
					<TextBlock ID="block_8" HPOS="271" VPOS="1906" WIDTH="1601" HEIGHT="153">
						<TextLine ID="line_33" HPOS="402" VPOS="1906" WIDTH="1470" HEIGHT="50">
							<String ID="string_287" HPOS="402" VPOS="1908" WIDTH="96" HEIGHT="35" WC="0.96" CONTENT="hava"/><SP WIDTH="28" VPOS="1908" HPOS="498"/>
							<String ID="string_288" HPOS="526" VPOS="1906" WIDTH="266" HEIGHT="38" WC="0.96" CONTENT="ovannämnda"/><SP WIDTH="27" VPOS="1906" HPOS="792"/>
							<String ID="string_289" HPOS="819" VPOS="1906" WIDTH="237" HEIGHT="49" WC="0.95" CONTENT="proposition"/><SP WIDTH="28" VPOS="1906" HPOS="1056"/>
							<String ID="string_290" HPOS="1084" VPOS="1908" WIDTH="69" HEIGHT="35" WC="0.96" CONTENT="och"/><SP WIDTH="29" VPOS="1908" HPOS="1153"/>
							<String ID="string_291" HPOS="1182" VPOS="1908" WIDTH="178" HEIGHT="48" WC="0.96" CONTENT="samtliga"/><SP WIDTH="19" VPOS="1908" HPOS="1360"/>
							<String ID="string_292" HPOS="1379" VPOS="1909" WIDTH="184" HEIGHT="35" WC="0.95" CONTENT="motioner"/><SP WIDTH="20" VPOS="1909" HPOS="1563"/>
							<String ID="string_293" HPOS="1583" VPOS="1908" WIDTH="95" HEIGHT="36" WC="0.93" CONTENT="efter"/><SP WIDTH="19" VPOS="1908" HPOS="1678"/>
							<String ID="string_294" HPOS="1697" VPOS="1913" WIDTH="175" HEIGHT="31" WC="0.91" CONTENT="överens-"/>
						</TextLine>
						<TextLine ID="line_34" HPOS="271" VPOS="1958" WIDTH="1600" HEIGHT="48">
							<String ID="string_295" HPOS="271" VPOS="1960" WIDTH="207" HEIGHT="36" WC="0.92" CONTENT="kommelse"/><SP WIDTH="40" VPOS="1960" HPOS="478"/>
							<String ID="string_296" HPOS="518" VPOS="1959" WIDTH="139" HEIGHT="36" WC="0.93" CONTENT="mellan"/><SP WIDTH="29" VPOS="1959" HPOS="657"/>
							<String ID="string_297" HPOS="686" VPOS="1958" WIDTH="224" HEIGHT="48" WC="0.90" CONTENT="jordbruks-"/><SP WIDTH="43" VPOS="1958" HPOS="910"/>
							<String ID="string_298" HPOS="953" VPOS="1959" WIDTH="70" HEIGHT="35" WC="0.92" CONTENT="och"/><SP WIDTH="41" VPOS="1959" HPOS="1023"/>
							<String ID="string_299" HPOS="1064" VPOS="1959" WIDTH="322" HEIGHT="37" WC="0.92" CONTENT="bankoutskotten"/><SP WIDTH="42" VPOS="1959" HPOS="1386"/>
							<String ID="string_300" HPOS="1428" VPOS="1961" WIDTH="253" HEIGHT="35" WC="0.95" CONTENT="överlämnats"/><SP WIDTH="43" VPOS="1961" HPOS="1681"/>
							<String ID="string_301" HPOS="1724" VPOS="1961" WIDTH="56" HEIGHT="35" WC="0.91" CONTENT="till"/><SP WIDTH="30" VPOS="1961" HPOS="1780"/>
							<String ID="string_302" HPOS="1810" VPOS="1960" WIDTH="61" HEIGHT="37" WC="0.91" CONTENT="be-"/>
						</TextLine>
						<TextLine ID="line_35" HPOS="272" VPOS="2010" WIDTH="1199" HEIGHT="49">
							<String ID="string_303" HPOS="272" VPOS="2011" WIDTH="186" HEIGHT="48" WC="0.96" CONTENT="handling"/><SP WIDTH="29" VPOS="2011" HPOS="458"/>
							<String ID="string_304" HPOS="487" VPOS="2025" WIDTH="46" HEIGHT="22" WC="0.96" CONTENT="av"/><SP WIDTH="30" VPOS="2025" HPOS="533"/>
							<String ID="string_305" HPOS="563" VPOS="2016" WIDTH="248" HEIGHT="31" WC="0.93" CONTENT="sammansatt"/><SP WIDTH="28" VPOS="2016" HPOS="811"/>
							<String ID="string_306" HPOS="839" VPOS="2010" WIDTH="142" HEIGHT="36" WC="0.91" CONTENT="banko-"/><SP WIDTH="29" VPOS="2010" HPOS="981"/>
							<String ID="string_307" HPOS="1010" VPOS="2010" WIDTH="70" HEIGHT="37" WC="0.93" CONTENT="och"/><SP WIDTH="23" VPOS="2010" HPOS="1080"/>
							<String ID="string_308" HPOS="1103" VPOS="2011" WIDTH="368" HEIGHT="47" WC="0.91" CONTENT="jordbruksutskott."/>
						</TextLine>
					</TextBlock>
					<TextBlock ID="block_9" HPOS="270" VPOS="2062" WIDTH="1603" HEIGHT="153">
						<TextLine ID="line_36" HPOS="402" VPOS="2062" WIDTH="1471" HEIGHT="51">
							<String ID="string_309" HPOS="402" VPOS="2063" WIDTH="74" HEIGHT="36" WC="0.96" CONTENT="Till"/><SP WIDTH="29" VPOS="2063" HPOS="476"/>
							<String ID="string_310" HPOS="505" VPOS="2063" WIDTH="62" HEIGHT="36" WC="0.96" CONTENT="det"/><SP WIDTH="28" VPOS="2063" HPOS="567"/>
							<String ID="string_311" HPOS="595" VPOS="2067" WIDTH="273" HEIGHT="31" WC="0.95" CONTENT="sammansatta"/><SP WIDTH="27" VPOS="2067" HPOS="868"/>
							<String ID="string_312" HPOS="895" VPOS="2062" WIDTH="185" HEIGHT="36" WC="0.96" CONTENT="utskottet"/><SP WIDTH="27" VPOS="2062" HPOS="1080"/>
							<String ID="string_313" HPOS="1107" VPOS="2063" WIDTH="68" HEIGHT="35" WC="0.96" CONTENT="har"/><SP WIDTH="30" VPOS="2063" HPOS="1175"/>
							<String ID="string_314" HPOS="1205" VPOS="2063" WIDTH="212" HEIGHT="36" WC="0.95" CONTENT="sedermera"/><SP WIDTH="19" VPOS="2063" HPOS="1417"/>
							<String ID="string_315" HPOS="1436" VPOS="2064" WIDTH="196" HEIGHT="36" WC="0.96" CONTENT="hänvisats"/><SP WIDTH="19" VPOS="2064" HPOS="1632"/>
							<String ID="string_316" HPOS="1651" VPOS="2063" WIDTH="222" HEIGHT="50" WC="0.96" CONTENT="ytterligare"/>
						</TextLine>
						<TextLine ID="line_37" HPOS="270" VPOS="2113" WIDTH="1603" HEIGHT="50">
							<String ID="string_317" HPOS="270" VPOS="2128" WIDTH="48" HEIGHT="23" WC="0.96" CONTENT="en"/><SP WIDTH="41" VPOS="2128" HPOS="318"/>
							<String ID="string_318" HPOS="359" VPOS="2114" WIDTH="12" HEIGHT="36" WC="0.87" CONTENT="1"/><SP WIDTH="42" VPOS="2114" HPOS="371"/>
							<String ID="string_319" HPOS="413" VPOS="2115" WIDTH="207" HEIGHT="48" WC="0.96" CONTENT="anledning"/><SP WIDTH="41" VPOS="2115" HPOS="620"/>
							<String ID="string_320" HPOS="661" VPOS="2127" WIDTH="47" HEIGHT="23" WC="0.96" CONTENT="av"/><SP WIDTH="41" VPOS="2127" HPOS="708"/>
							<String ID="string_321" HPOS="749" VPOS="2113" WIDTH="159" HEIGHT="37" WC="0.94" CONTENT="berörda"/><SP WIDTH="41" VPOS="2113" HPOS="908"/>
							<String ID="string_322" HPOS="949" VPOS="2114" WIDTH="236" HEIGHT="49" WC="0.94" CONTENT="proposition"/><SP WIDTH="41" VPOS="2114" HPOS="1185"/>
							<String ID="string_323" HPOS="1226" VPOS="2115" WIDTH="102" HEIGHT="35" WC="0.95" CONTENT="inom"/><SP WIDTH="43" VPOS="2115" HPOS="1328"/>
							<String ID="string_324" HPOS="1371" VPOS="2115" WIDTH="118" HEIGHT="36" WC="0.95" CONTENT="andra"/><SP WIDTH="28" VPOS="2115" HPOS="1489"/>
							<String ID="string_325" HPOS="1517" VPOS="2115" WIDTH="219" HEIGHT="37" WC="0.96" CONTENT="kammaren"/><SP WIDTH="24" VPOS="2115" HPOS="1736"/>
							<String ID="string_326" HPOS="1760" VPOS="2116" WIDTH="113" HEIGHT="36" WC="0.96" CONTENT="väckt"/>
						</TextLine>
						<TextLine ID="line_38" HPOS="271" VPOS="2166" WIDTH="1526" HEIGHT="49">
							<String ID="string_327" HPOS="271" VPOS="2166" WIDTH="153" HEIGHT="47" WC="0.95" CONTENT="motion,"/><SP WIDTH="30" VPOS="2166" HPOS="424"/>
							<String ID="string_328" HPOS="454" VPOS="2167" WIDTH="194" HEIGHT="48" WC="0.96" CONTENT="nämligen"/><SP WIDTH="28" VPOS="2167" HPOS="648"/>
							<String ID="string_329" HPOS="676" VPOS="2179" WIDTH="44" HEIGHT="22" WC="0.96" CONTENT="nr"/><SP WIDTH="28" VPOS="2179" HPOS="720"/>
							<String ID="string_330" HPOS="748" VPOS="2168" WIDTH="79" HEIGHT="34" WC="0.96" CONTENT="467"/><SP WIDTH="27" VPOS="2168" HPOS="827"/>
							<String ID="string_331" HPOS="854" VPOS="2179" WIDTH="47" HEIGHT="22" WC="0.96" CONTENT="av"/><SP WIDTH="27" VPOS="2179" HPOS="901"/>
							<String ID="string_332" HPOS="928" VPOS="2166" WIDTH="87" HEIGHT="36" WC="0.96" CONTENT="herr"/><SP WIDTH="26" VPOS="2166" HPOS="1015"/>
							<String ID="string_333" HPOS="1041" VPOS="2167" WIDTH="155" HEIGHT="35" WC="0.95" CONTENT="Jönsson"/><SP WIDTH="29" VPOS="2167" HPOS="1196"/>
							<String ID="string_334" HPOS="1225" VPOS="2167" WIDTH="12" HEIGHT="35" WC="0.93" CONTENT="1"/><SP WIDTH="28" VPOS="2167" HPOS="1237"/>
							<String ID="string_335" HPOS="1265" VPOS="2166" WIDTH="171" HEIGHT="48" WC="0.88" CONTENT="Fridhill,"/><SP WIDTH="29" VPOS="2166" HPOS="1436"/>
							<String ID="string_336" HPOS="1465" VPOS="2167" WIDTH="81" HEIGHT="36" WC="0.93" CONTENT="vari"/><SP WIDTH="28" VPOS="2167" HPOS="1546"/>
							<String ID="string_337" HPOS="1574" VPOS="2167" WIDTH="223" HEIGHT="48" WC="0.90" CONTENT="hemställts,"/>
						</TextLine>
					</TextBlock>
					<TextBlock ID="block_10" HPOS="272" VPOS="2217" WIDTH="1602" HEIGHT="102">
						<TextLine ID="line_39" HPOS="401" VPOS="2217" WIDTH="1471" HEIGHT="51">
							<String ID="string_338" HPOS="401" VPOS="2224" WIDTH="53" HEIGHT="31" WC="0.95" CONTENT="att"/><SP WIDTH="27" VPOS="2224" HPOS="454"/>
							<String ID="string_339" HPOS="481" VPOS="2219" WIDTH="12" HEIGHT="35" WC="0.88" CONTENT="i"/><SP WIDTH="27" VPOS="2219" HPOS="493"/>
							<String ID="string_340" HPOS="520" VPOS="2218" WIDTH="232" HEIGHT="49" WC="0.96" CONTENT="kungörelse"/><SP WIDTH="29" VPOS="2218" HPOS="752"/>
							<String ID="string_341" HPOS="781" VPOS="2230" WIDTH="60" HEIGHT="23" WC="0.96" CONTENT="om"/><SP WIDTH="29" VPOS="2230" HPOS="841"/>
							<String ID="string_342" HPOS="870" VPOS="2217" WIDTH="141" HEIGHT="36" WC="0.96" CONTENT="ändrad"/><SP WIDTH="28" VPOS="2217" HPOS="1011"/>
							<String ID="string_343" HPOS="1039" VPOS="2218" WIDTH="143" HEIGHT="48" WC="0.96" CONTENT="lydelse"/><SP WIDTH="29" VPOS="2218" HPOS="1182"/>
							<String ID="string_344" HPOS="1211" VPOS="2232" WIDTH="46" HEIGHT="22" WC="0.96" CONTENT="av"/><SP WIDTH="28" VPOS="2232" HPOS="1257"/>
							<String ID="string_345" HPOS="1285" VPOS="2219" WIDTH="100" HEIGHT="36" WC="0.96" CONTENT="vissa"/><SP WIDTH="29" VPOS="2219" HPOS="1385"/>
							<String ID="string_346" HPOS="1414" VPOS="2219" WIDTH="103" HEIGHT="36" WC="0.96" CONTENT="delar"/><SP WIDTH="28" VPOS="2219" HPOS="1517"/>
							<String ID="string_347" HPOS="1545" VPOS="2233" WIDTH="47" HEIGHT="22" WC="0.96" CONTENT="av"/><SP WIDTH="27" VPOS="2233" HPOS="1592"/>
							<String ID="string_348" HPOS="1619" VPOS="2219" WIDTH="253" HEIGHT="49" WC="0.96" CONTENT="kungörelsen"/>
						</TextLine>
						<TextLine ID="line_40" HPOS="272" VPOS="2269" WIDTH="1602" HEIGHT="50">
							<String ID="string_349" HPOS="272" VPOS="2283" WIDTH="46" HEIGHT="23" WC="0.96" CONTENT="av"/><SP WIDTH="42" VPOS="2283" HPOS="318"/>
							<String ID="string_350" HPOS="360" VPOS="2270" WIDTH="70" HEIGHT="36" WC="0.95" CONTENT="den"/><SP WIDTH="45" VPOS="2270" HPOS="430"/>
							<String ID="string_351" HPOS="475" VPOS="2272" WIDTH="44" HEIGHT="35" WC="0.95" CONTENT="18"/><SP WIDTH="44" VPOS="2272" HPOS="519"/>
							<String ID="string_352" HPOS="563" VPOS="2270" WIDTH="80" HEIGHT="49" WC="0.96" CONTENT="juni"/><SP WIDTH="44" VPOS="2270" HPOS="643"/>
							<String ID="string_353" HPOS="687" VPOS="2271" WIDTH="97" HEIGHT="34" WC="0.96" CONTENT="1915"/><SP WIDTH="32" VPOS="2271" HPOS="784"/>
							<String ID="string_354" HPOS="816" VPOS="2269" WIDTH="196" HEIGHT="48" WC="0.96" CONTENT="angående"/><SP WIDTH="29" VPOS="2269" HPOS="1012"/>
							<String ID="string_355" HPOS="1041" VPOS="2270" WIDTH="279" HEIGHT="48" WC="0.96" CONTENT="godkännande"/><SP WIDTH="28" VPOS="2270" HPOS="1320"/>
							<String ID="string_356" HPOS="1348" VPOS="2270" WIDTH="83" HEIGHT="36" WC="0.96" CONTENT="från"/><SP WIDTH="30" VPOS="2270" HPOS="1431"/>
							<String ID="string_357" HPOS="1461" VPOS="2271" WIDTH="65" HEIGHT="35" WC="0.96" CONTENT="det"/><SP WIDTH="29" VPOS="2271" HPOS="1526"/>
							<String ID="string_358" HPOS="1555" VPOS="2271" WIDTH="208" HEIGHT="37" WC="0.96" CONTENT="allmännas"/><SP WIDTH="29" VPOS="2271" HPOS="1763"/>
							<String ID="string_359" HPOS="1792" VPOS="2271" WIDTH="82" HEIGHT="36" WC="0.96" CONTENT="sida"/>
						</TextLine>
					</TextBlock>
					<TextBlock ID="block_11" HPOS="315" VPOS="2330" WIDTH="1515" HEIGHT="43">
						<TextLine ID="line_41" HPOS="315" VPOS="2330" WIDTH="1515" HEIGHT="43">
							<String ID="string_360" HPOS="315" VPOS="2330" WIDTH="128" HEIGHT="42" WC="0.91" CONTENT="Bihang"/><SP WIDTH="24" VPOS="2330" HPOS="443"/>
							<String ID="string_361" HPOS="467" VPOS="2331" WIDTH="48" HEIGHT="31" WC="0.96" CONTENT="till"/><SP WIDTH="23" VPOS="2331" HPOS="515"/>
							<String ID="string_362" HPOS="538" VPOS="2331" WIDTH="188" HEIGHT="41" WC="0.96" CONTENT="riksdagens"/><SP WIDTH="18" VPOS="2331" HPOS="726"/>
							<String ID="string_363" HPOS="744" VPOS="2330" WIDTH="159" HEIGHT="40" WC="0.96" CONTENT="protokoll"/><SP WIDTH="24" VPOS="2330" HPOS="903"/>
							<String ID="string_364" HPOS="927" VPOS="2331" WIDTH="93" HEIGHT="31" WC="0.95" CONTENT="1918."/><SP WIDTH="48" VPOS="2331" HPOS="1020"/>
							<String ID="string_365" HPOS="1068" VPOS="2333" WIDTH="20" HEIGHT="26" WC="0.79" CONTENT="8"/><SP WIDTH="23" VPOS="2333" HPOS="1088"/>
							<String ID="string_366" HPOS="1111" VPOS="2331" WIDTH="88" HEIGHT="31" WC="0.94" CONTENT="saml."/><SP WIDTH="47" VPOS="2331" HPOS="1199"/>
							<String ID="string_367" HPOS="1246" VPOS="2332" WIDTH="22" HEIGHT="30" WC="0.95" CONTENT="2"/><SP WIDTH="23" VPOS="2332" HPOS="1268"/>
							<String ID="string_368" HPOS="1291" VPOS="2331" WIDTH="69" HEIGHT="31" WC="0.93" CONTENT="avd."/><SP WIDTH="48" VPOS="2331" HPOS="1360"/>
							<String ID="string_369" HPOS="1408" VPOS="2333" WIDTH="18" HEIGHT="29" WC="0.86" CONTENT="1"/><SP WIDTH="25" VPOS="2333" HPOS="1426"/>
							<String ID="string_370" HPOS="1451" VPOS="2331" WIDTH="79" HEIGHT="41" WC="0.55" CONTENT="höft."/><SP WIDTH="46" VPOS="2331" HPOS="1530"/>
							<String ID="string_371" HPOS="1576" VPOS="2332" WIDTH="66" HEIGHT="39" WC="0.94" CONTENT="(Nr"/><SP WIDTH="24" VPOS="2332" HPOS="1642"/>
							<String ID="string_372" HPOS="1666" VPOS="2332" WIDTH="42" HEIGHT="41" WC="0.95" CONTENT="1)"/><SP WIDTH="104" VPOS="2332" HPOS="1708"/>
							<String ID="string_373" HPOS="1812" VPOS="2332" WIDTH="18" HEIGHT="31" WC="0.95" CONTENT="3"/>
						</TextLine>
					</TextBlock>
				</ComposedBlock>
			</PrintSpace>
		</Page>
	</Layout>
</alto>
