1902 2844
319 169 103 26 Andra
445 168 198 26 kammarens
667 163 105 30 andra
795 165 154 34 tilljälliga
974 164 133 26 utskolts
1131 162 158 27 utlatande
1312 162 42 28 Nr
1375 162 27 26 3.
1567 160 41 29 23

115 250 84 29 blott
220 249 65 29 blir
308 249 99 29 väckt
431 249 66 28 och
521 246 274 31 entusiasmerad
818 246 54 29 för
893 246 108 29 saken
1023 245 45 37 på
1092 247 45 27 ett
1159 243 124 30 sådant
1306 243 67 30 sätt
1395 252 75 21 som
1492 243 116 29 bastu-

114 294 229 29 konsulenten
371 293 87 29 visat
486 292 49 38 sig
564 291 141 38 mäktig.
735 290 126 30 Vidare
888 299 101 29 synes
1016 289 91 29 klart
1136 291 49 27 att
1214 286 395 39 Gymnastikförbundeti

115 345 123 31 genom
259 338 53 29 sin
333 347 47 20 nu
401 338 80 29 Över
500 337 78 29 hela
598 336 117 29 landet
736 334 176 39 utbyggda
933 333 236 39 organisation
1191 332 79 30 med
1290 333 38 28 21
1353 330 254 38 distrikisorga-

115 381 186 30 nisationer
324 383 65 28 och
412 379 369 40 lokalorganisationer
805 378 45 39 på
874 379 64 29 900
962 381 90 27 orter
1087 378 62 28 har
1173 376 170 30 särskilda
1368 374 240 31 förutsättnin-

116 434 58 28 gar
202 428 53 28 för
280 429 48 27 att
354 425 158 31 effektivt
539 426 65 29 och
630 425 54 29 för
710 423 135 31 relativt
872 422 74 30 små
973 422 187 30 kostnader
1185 421 197 38 organisera
1411 430 42 20 en
1479 420 11 29 i
1517 422 91 27 stora

116 471 97 37 linjer
236 471 151 38 upplagd
406 470 225 38 propaganda
653 469 54 29 för
728 468 70 30 bad
819 468 65 29 och
907 467 224 38 bastubygge.

159 524 222 38 Svårigheten
402 523 121 30 hittills
543 524 64 29 har
626 523 38 38 ju
684 522 88 29 varit
792 522 76 35 den,
891 524 49 26 att
959 520 204 30 förbundets
1185 518 329 39 bastupropaganda
1534 517 75 29 icke

115 569 132 29 kunnat
266 569 176 29 stimulera
460 569 42 29 de
520 568 227 29 intresserade
766 567 79 29 med
864 569 49 26 att
930 566 101 29 ställa
1049 573 108 30 några
1175 564 120 38 anslag
1312 563 10 29 i
1340 563 108 30 utsikt
1468 572 75 20 som
1560 561 48 30 bi-

114 613 83 38 drag
224 614 51 29 till
301 612 426 38 byggnadskostnaderna.
757 611 66 30 Om
846 628 44 3 —
917 609 116 30 såsom
1059 609 216 30 motionären
1303 608 145 38 antyder
1474 606 134 38 möjlig-

116 657 98 31 heten
239 668 42 19 av
303 676 1 3 —
368 657 208 38 statsbidrag
599 656 110 30 skulle
731 656 121 29 kunna
875 654 149 30 erhållas
1049 653 54 30 för
1123 654 223 37 bastubygge,
1372 651 110 30 skulle
1506 651 102 38 givet-

116 702 47 29 vis
187 702 186 30 resultaten
396 712 42 19 av
459 711 43 20 en
523 701 97 38 dylik
642 700 226 39 propaganda
889 698 266 39 mångdubblas.

160 757 11 28 I
189 755 170 30 samband
378 755 145 29 härmed
540 755 63 29 bör
622 753 130 30 erinras
771 763 67 23 om,
858 755 49 27 att
924 751 394 39 Gymnastikförbundet
1338 750 58 29 vid
1415 749 53 30 sin
1486 757 123 30 propa-

115 800 112 37 ganda
252 799 78 39 följt
356 799 66 30 den
447 798 190 39 principen,
666 801 49 26 att
741 798 57 29 det
824 798 36 28 är
887 797 54 29 för
966 795 313 31 åstadkommande
1304 804 42 20 av
1372 793 237 39 regelbundna

114 844 178 29 badvanor
313 844 63 30 hos
397 843 249 38 befolkningen
669 843 111 29 bättre
804 842 79 29 med
905 841 87 30 flera
1016 839 74 31 små
1112 841 120 29 bastur
1253 839 11 30 i
1286 848 42 21 en
1351 839 128 30 socken
1500 839 45 28 än
1568 846 42 21 en

115 890 128 29 central
271 888 104 38 dylik.
406 888 63 30 Det
495 889 37 28 är
560 887 105 38 enligt
691 887 205 30 förbundets
922 895 48 21 nu
998 884 162 39 fleråriga
1187 884 195 30 erfarenhet
1410 883 121 38 styrkt,
1561 884 47 28 att

115 932 180 31 avståndet
321 932 78 30 från
426 932 168 30 bostaden
621 932 51 29 till
698 932 128 29 bastun
852 931 62 29 bör
940 940 84 20 vara
1050 929 37 30 så
1115 930 73 29 litet
1215 938 75 20 som
1315 928 136 38 möjligt
1478 927 55 30 för
1561 928 49 28 att

115 977 107 38 skapa
245 977 236 37 regelbundna
505 977 189 29 badvanor.
721 976 67 30 Om
810 984 82 20 man
917 974 10 30 i
952 984 43 21 en
1017 975 128 29 socken
1151 967 20 52 i
1201 974 112 29 stället
1336 972 55 30 för
1414 982 42 20 en
1480 971 131 30 central

115 1022 106 30 större
246 1022 246 29 socken-bastu
517 1021 52 30 till
592 1030 42 20 en
659 1020 150 30 kostnad
833 1029 41 20 av
899 1020 19 30 3
933 1020 64 29 000
1023 1019 128 30 kronor
1176 1019 128 37 bygger
1329 1018 20 29 3
1377 1020 38 27 st.
1442 1016 168 38 bybastur

118 1065 47 31 till
186 1076 41 20 en
248 1066 150 30 kostnad
420 1075 42 21 av
488 1067 14 28 1
518 1066 65 29 000
605 1066 129 29 kronor
756 1074 40 29 pr
819 1067 50 32 st.,
891 1063 38 31 så
953 1064 89 29 skall
1064 1072 83 21 man
1168 1062 99 30 finna
1290 1064 49 27 att
1361 1061 248 30 badfrekvens-

115 1110 124 30 siffran
262 1111 10 29 i
295 1111 42 29 de
360 1111 19 29 3
402 1111 130 29 smärre
554 1110 166 29 basturna
744 1109 321 37 tillsammantagna
1086 1108 65 29 blir
1172 1106 168 39 betydligt
1361 1106 107 38 högre
1489 1106 44 29 än
1556 1105 54 29 för

114 1154 65 31 den
202 1156 152 29 centrala
378 1155 257 29 sockenbastun
657 1155 80 29 med
759 1163 134 20 samma
915 1152 342 39 byggnadskostnad.

160 1207 130 39 Tyvärr
313 1208 64 30 har
401 1208 114 29 denna
539 1217 43 20 av
605 1207 188 30 förbundet
816 1206 237 39 praktiserade
1074 1205 134 39 princip
1232 1204 54 30 för
1309 1203 302 39 bastubyggandet

115 1252 75 30 icke
208 1255 210 36 accepterats
439 1262 42 20 av
503 1252 217 38 Föreningen
740 1251 55 30 för
817 1251 145 30 folkbad
983 1251 66 29 och
1071 1249 344 38 Pensionsstyrelsen,
1439 1247 93 31 vilka
1554 1248 56 29 be-

114 1296 81 38 vilja
211 1296 90 29 vissa
317 1297 120 37 anslag
451 1306 75 20 som
541 1296 122 38 bidrag
679 1296 50 30 till
743 1296 214 38 bastubygge
973 1304 80 21 men
1068 1304 82 20 anse
1164 1297 48 26 att
1228 1294 100 30 dessa
1342 1293 120 38 anslag
1477 1292 9 30 i
1502 1291 109 30 första

115 1341 94 30 hand
227 1343 84 28 böra
330 1341 144 39 beviljas
493 1341 54 30 för
565 1342 107 29 större
690 1341 238 38 bastubyggen
946 1339 53 30 till
1017 1349 42 20 en
1078 1339 149 30 kostnad
1246 1338 54 30 för
1316 1337 106 31 minst
1440 1337 20 30 3
1474 1337 64 30 000
1558 1336 51 29 kr.

117 1385 392 38 Gymnastikförbundet
525 1386 64 29 har
605 1385 189 30 emellertid
811 1394 47 21 nu
875 1394 42 21 en
933 1383 38 31 så
987 1383 216 31 omfattande
1220 1382 197 31 erfarenhet
1433 1384 50 27 att
1497 1382 114 37 bygga

116 1430 52 38 på,
201 1434 48 26 att
280 1430 187 30 förbundet
493 1448 45 3 —
566 1430 54 29 för
650 1430 66 29 den
745 1429 166 30 händelse
939 1428 269 30 statsmakterna
1238 1427 110 30 skulle
1377 1435 83 21 vara
1490 1425 120 30 intres-

116 1475 118 30 serade
257 1474 53 30 för
332 1477 49 27 att
401 1482 126 30 genom
548 1474 121 38 anslag
690 1474 9 29 i
722 1473 116 38 någon
858 1473 92 29 form
973 1472 113 38 stödja
1108 1472 182 38 byggande
1311 1480 42 20 av
1374 1470 174 30 bastubad
1567 1487 44 2 —

115 1527 100 21 anser
238 1522 49 26 att
311 1519 182 37 byggande
516 1528 42 19 av
583 1519 59 37 by-
668 1518 81 29 eller
776 1516 223 39 gårdsbastur
1022 1517 63 28 bör
1109 1517 119 29 kunna
1254 1514 129 31 erhålla
1409 1515 121 37 anslag
1553 1523 57 20 en-

116 1562 59 38 ligt
198 1571 133 21 samma
354 1563 149 38 grunder
525 1571 75 21 som
621 1563 107 29 större
750 1562 258 29 sockenbastur.

160 1615 394 38 Gymnastikförbundet
572 1616 160 38 planerar
752 1615 24 29 f.
797 1616 30 28 ö.
846 1618 46 26 ett
911 1617 76 35 nytt
1005 1614 146 38 uppslag
1169 1613 11 29 i
1199 1613 52 29 sin
1270 1611 339 40 bastupropaganda.

116 1659 275 31 Södermanland
418 1661 38 29 är
483 1659 108 39 jämte
616 1659 253 30 Västmanland
896 1659 57 29 det
979 1668 43 20 av
1049 1658 204 30 förbundets
1281 1656 330 40 bastupropaganda

115 1705 75 29 bäst
215 1705 288 37 genomarbetade
528 1705 214 38 landskapet.
770 1704 129 38 Längst
923 1703 65 30 har
1012 1712 92 23 man,
1129 1703 83 29 betr.
1238 1702 223 38 bastubygge,
1487 1699 124 31 härvid

116 1748 73 31 nått
216 1750 9 29 i
253 1749 141 30 Mellösa
419 1750 137 33 socken,
584 1749 61 29 där
670 1758 83 20 man
778 1748 121 30 hittills
923 1747 144 39 uppfört
1093 1747 75 30 icke
1194 1746 135 30 mindre
1354 1747 46 28 än
1428 1746 37 29 14
1491 1746 120 29 bastur

121 1792 47 32 (se
191 1794 122 29 härom
338 1792 438 39 Gymnastikfrämjandets
799 1791 126 31 årsbok
954 1792 93 30 1935.
1074 1792 60 29 sid.
1165 1792 59 28 192
1249 1801 30 19 o.
1306 1790 101 38 följ.).
1457 1789 154 31 Svenska

117 1837 402 38 Gymnastikförbundet.
549 1837 293 30 Södermanlands
868 1836 360 38 Gymnastikförbund
1254 1836 65 29 och
1345 1835 143 29 Mellösa
1514 1835 97 28 kom-

116 1891 84 20 mun
222 1883 45 29 ha
290 1883 10 28 i
323 1882 154 37 dagarna
498 1882 149 29 beslutat
668 1881 146 38 inbjuda
840 1882 13 28 1
878 1882 19 28 å
919 1882 18 28 2
961 1883 273 35 representanter
1258 1879 53 30 för
1334 1888 61 20 var
1417 1879 65 29 och
1505 1888 42 20 en
1569 1887 42 20 av

117 1926 291 29 Södermanlands
436 1927 41 28 88
505 1926 311 29 landskomnruner
843 1928 47 26 att
915 1925 137 36 deltaga
1081 1924 6 28 i
1115 1924 152 37 Sveriges
1295 1923 108 29 första
1429 1922 181 37 bastudag.

118 1970 62 30 Det
202 1970 111 30 skulle
334 1971 9 28 i
368 1970 67 38 hög
458 1970 85 37 grad
567 1969 114 38 glädja
705 1969 404 38 Gymnastikförbundet,
1135 1978 56 19 om
1216 1968 165 29 utskottet
1406 1974 124 31 genom
1552 1965 58 30 nå-

116 2022 64 29 gon
207 2017 235 35 representant
468 2014 90 29 hade
582 2014 134 29 tillfälle
740 2016 49 26 att
816 2013 106 29 hedra
948 2013 115 29 denna
1088 2012 169 37 bastudag
1282 2011 79 30 med
1387 2011 53 29 sin
1463 2011 148 29 närvaro

117 2059 64 29 och
200 2059 122 29 därvid
338 2062 76 34 taga
435 2059 54 29 del
508 2068 41 19 av
570 2059 112 28 denna
701 2057 179 39 praktiska
900 2056 236 39 uppläggning
1156 2066 41 19 av
1218 2056 242 29 bastuarbetet.

159 2112 49 29 Av
232 2111 233 30 ovanstående
489 2111 207 37 orientering
723 2111 95 29 torde
842 2111 144 36 framgå.
1012 2113 49 26 att
1084 2110 152 29 Svenska
1261 2108 350 39 Gymnastikförbun-

117 2156 54 29 det
194 2157 79 28 med
296 2156 174 37 synnerlig
494 2155 298 30 tillfredsställelse
815 2156 115 28 hälsar
953 2155 55 29 det
1031 2154 156 35 initiativ,
1212 2164 74 19 som
1309 2153 217 30 motionären
1549 2153 63 28 här

119 2200 90 37 tagit.
244 2201 9 28 I
278 2199 135 39 Sverige
434 2200 184 37 nedlägges
637 2200 22 29 f.
682 2209 31 20 n.
734 2201 80 27 över
837 2200 59 28 100
914 2199 160 37 miljoner
1094 2199 127 29 kronor
1240 2197 130 38 årligen
1388 2197 55 29 för
1460 2197 152 29 botande

117 2253 41 20 av
181 2244 163 37 sjukdom
368 2245 110 28 under
501 2244 56 29 det
580 2247 49 26 att
652 2243 271 30 förhållandevis
947 2243 217 38 blygsamma
1187 2243 125 37 belopp
1336 2242 106 36 ägnas
1465 2240 35 30 al
1524 2241 87 29 före-

116 2288 182 37 byggande
322 2288 159 37 åtgärder
505 2288 45 38 på
573 2288 217 29 folkhälsans
815 2286 150 30 område.
1001 2287 71 29 Här
1097 2288 37 28 är
1158 2289 46 27 ett
1226 2285 124 30 sådant
1373 2284 152 33 område,
1551 2285 61 29 där

117 2341 81 20 man
221 2339 124 29 genom
367 2331 258 38 förebyggande
648 2330 159 38 åtgärder
831 2332 62 28 har
916 2331 180 37 möjlighet
1119 2333 49 26 att
1189 2330 139 38 positivt
1350 2328 150 39 påverka
1523 2329 88 29 folk-

119 2376 130 29 hälsan.
285 2375 152 30 Svenska
462 2375 396 38 Gymnastikförbundet
881 2375 63 29 har
967 2375 79 29 med
1070 2374 95 38 hjälp
1188 2384 42 19 av
1254 2374 41 29 de
1317 2374 218 37 blygsamma
1556 2373 55 29 be-

119 2420 78 38 lopp
225 2419 184 30 förbundet
436 2420 120 29 härför
581 2419 76 30 från
686 2419 126 30 enskilt
838 2418 69 30 håll
935 2420 133 36 lyckats
1096 2418 163 29 anskaffa
1287 2418 64 29 och
1378 2417 79 29 med
1482 2419 129 35 utnytt-

117 2464 104 36 jande
248 2474 41 19 av
319 2464 71 29 sina
421 2463 292 39 organisatoriska
743 2472 151 20 resurser
920 2463 76 29 sökt
1026 2464 81 34 göra
1132 2472 41 20 en
1202 2462 105 29 insats
1335 2460 43 39 på
1405 2462 86 28 även
1519 2461 91 29 detta

117 2507 150 30 område.
306 2508 151 29 Svenska
486 2508 392 37 Gymnastikförbundet
908 2507 122 29 tillåter
1057 2507 49 36 sig
1133 2507 60 28 här
1219 2506 75 36 siva
1322 2506 135 37 uttryck
1486 2504 31 30 åt
1546 2505 64 28 den
