1898 2834
429 130 403 39 Bevillningsutskottets
848 129 218 30 betänkande
1079 139 44 19 nr
1137 129 40 30 10
1191 129 40 30 år
1246 129 83 30 1970
1600 130 18 30 7

136 212 205 40 regionerna
358 213 47 28 ett
421 211 172 40 allvarligt
610 210 334 40 samhällsproblem.
962 210 198 30 Obalansen
1176 210 11 30 i
1204 209 309 40 sysselsättningen
1529 208 91 31 mås-

136 267 34 28 te
185 266 119 29 därför
318 265 180 30 kraftfullt
513 266 64 29 och
594 265 123 30 snabbt
734 264 161 40 angripas
910 265 79 29 med
1005 264 94 29 olika
1113 264 122 29 medel.
1252 264 49 29 De
1316 264 107 29 redan
1438 262 182 40 befintliga

136 319 413 40 investeringsfonderna,
567 319 112 30 vilkas
698 318 224 40 användning
938 318 87 30 efter
1042 318 66 30 den
1127 317 15 30 1
1161 318 66 39 juli
1247 317 82 30 1965
1346 317 192 40 temporärt
1556 316 65 30 och

137 374 10 29 i
165 374 194 39 begränsad
378 373 212 39 omfattning
609 373 101 39 givits
729 374 46 28 ett
795 372 168 40 regionalt
982 370 382 42 konjunkturpolitiskt
1385 371 98 39 syfte,
1503 371 64 29 har
1587 370 30 40 ej

136 428 89 29 varit
242 427 210 39 tillräckliga
468 427 55 30 för
540 429 49 27 att
605 427 45 40 på
668 428 45 28 ett
731 426 324 30 tillfredsställande
1073 426 66 29 sätt
1157 425 85 40 fylla
1260 434 41 21 en
1318 424 137 41 uppgift
1471 425 11 29 i
1498 425 123 29 lokali-

138 482 314 39 seringspolitiken.
468 482 53 28 En
536 481 136 39 lösning
689 490 73 20 som
776 481 62 29 bör
853 481 125 38 prövas
994 480 37 29 är
1048 482 49 27 att
1112 479 169 39 regionalt
1298 479 96 39 slopa
1410 479 82 29 eller
1510 478 110 29 sänka

137 537 132 37 uttaget
292 544 41 20 av
354 535 67 30 den
443 535 178 29 allmänna
643 534 377 39 arbetsgivaravgiften.
1043 534 52 29 En
1119 533 107 30 sådan
1249 533 121 39 åtgärd
1392 533 112 29 skulle
1524 533 97 29 inne-

137 590 84 29 bära
237 591 49 28 att
301 589 201 39 ytterligare
518 588 278 30 arbetstillfällen
813 588 170 40 skapades
1000 588 65 29 och
1081 589 49 28 att
1147 586 340 40 förutsättningarna
1503 586 53 30 för
1573 595 48 21 nu

137 643 182 39 befintliga
338 643 281 29 arbetstillfällen
639 641 265 30 förbättrades.”

182 695 73 30 dels
271 697 112 29 ansett
399 697 49 28 att
463 696 169 29 utskottet
646 695 111 30 under
770 695 200 39 punkterna
985 694 15 29 1
1017 694 64 30 och
1096 694 18 30 2
1128 694 77 29 bort
1219 694 186 29 hemställa

503 751 48 28 att
572 749 187 39 riksdagen
777 766 44 3 —
840 749 79 29 med
941 747 186 40 anledning
1149 757 40 20 av
1210 747 220 30 motionerna
1449 747 86 30 1:56
1557 746 65 30 och

458 803 46 29 II:
521 803 40 30 66
579 804 88 28 samt
684 803 29 29 I:
731 802 59 30 153
808 802 65 30 och
887 803 46 28 II:
963 801 62 31 924
1046 819 27 3 —
1098 802 10 29 i
1127 800 165 31 skrivelse
1306 801 53 29 till
1374 800 125 40 Kungl.
1516 800 105 40 Maj:t

458 857 103 38 begär
579 858 50 27 att
646 856 218 29 molionerna
882 856 218 28 överlämnas
1117 855 53 29 till
1189 854 83 30 1968
1290 854 57 29 års
1365 853 256 39 lokaliserings-

459 910 187 39 utredning
665 910 55 29 för
739 909 205 29 beaktande.

184 1018 36 34 2)
251 1027 41 21 av
318 1017 121 30 herrar
467 1016 119 29 Tistad
618 1016 86 40 (fp),
733 1015 103 30 Gösta
863 1015 190 30 Jacobsson
1087 1015 82 35 (m),
1197 1015 85 29 Karl
1306 1014 199 29 Pettersson
1538 1013 84 35 (m),

139 1070 185 30 Österdahl
352 1071 86 40 (fp),
462 1070 151 29 Larsson
637 1071 11 29 i
672 1069 108 31 Umeå
808 1069 86 40 (fp),
919 1069 177 29 Enarsson
1126 1068 83 35 (m),
1233 1067 192 30 Sundkvist
1454 1067 75 41 (cp)
1559 1067 64 30 och

138 1125 162 39 Josefson
315 1126 11 29 i
340 1125 100 29 Arrie
458 1124 90 40 (cp),
562 1124 96 30 vilka

184 1178 72 30 dels
271 1179 116 30 anfört
402 1178 173 40 följande:

185 1232 249 30 ”Beträffande
449 1232 124 39 frågan
588 1240 56 21 om
658 1231 161 29 befrielse
834 1230 54 30 för
903 1231 93 30 vissa
1008 1231 125 29 ideella
1147 1230 275 39 organisationer
1436 1229 81 30 från
1533 1229 91 39 skyl-

141 1287 116 39 dighet
277 1288 49 28 att
346 1286 138 39 erlägga
502 1286 131 29 allmän
652 1284 321 40 arbetsgivaravgift
992 1284 65 29 har
1076 1284 170 29 utskottet
1264 1283 161 30 hänvisat
1444 1283 53 29 till
1518 1282 106 40 avgif-

141 1342 75 28 tens
239 1340 171 40 generella
430 1341 104 28 natur
555 1339 65 30 och
639 1338 53 30 till
714 1338 259 39 svårigheterna
994 1339 48 28 att
1063 1337 101 30 finna
1186 1347 40 20 en
1248 1346 99 20 norm
1370 1336 54 30 för
1445 1337 180 38 undantag

143 1404 73 20 som
235 1394 201 39 tillgodoser
455 1393 265 30 rättvisekravet
739 1394 86 27 utan
844 1393 49 28 att
912 1392 166 38 äventyra
1098 1391 104 39 syftet
1221 1391 80 29 med
1321 1390 161 40 avgiften.
1503 1390 122 29 Denna

142 1448 217 39 ståndpunkt
383 1448 70 28 kan
474 1447 73 29 inte
569 1446 131 39 godtas.
724 1446 119 29 Redan
865 1445 11 29 i
900 1445 169 29 samband
1091 1445 79 29 med
1192 1444 264 40 lagstiftningen
1479 1452 55 21 om
1559 1444 66 29 den

142 1502 178 29 allmänna
344 1499 367 40 arbetsgivaravgiften
735 1499 138 40 gjordes
897 1499 179 38 undantag
1099 1498 54 30 för
1176 1498 293 39 rederinäringen.
1493 1497 133 30 Redare

143 1556 89 29 skall
250 1555 176 38 nämligen
446 1554 136 39 erlägga
602 1553 129 29 allmän
752 1551 321 40 arbetsgivaravgift
1092 1552 79 29 med
1191 1553 47 28 ett
1257 1552 94 39 lägre
1368 1551 195 40 procenttal
1581 1551 45 29 än

143 1609 118 39 övriga
276 1608 144 39 företag.
436 1608 13 28 I
465 1616 97 31 prop.
582 1606 98 30 1968:
695 1606 38 30 77
751 1606 231 30 motiverades
999 1605 163 39 förslaget
1180 1614 56 21 om
1253 1614 42 20 en
1311 1605 190 29 reducerad
1519 1604 106 39 avgift

143 1662 54 30 för
218 1663 149 29 redarna
387 1661 80 30 med
488 1662 49 28 att
559 1661 41 29 de
621 1660 137 30 arbetar
778 1660 111 29 under
909 1659 165 40 pressade
1095 1659 228 29 ekonomiska
1342 1658 127 30 villkor
1491 1658 64 30 och
1577 1659 49 28 att

143 1725 82 21 man
245 1715 119 31 därför
381 1715 107 30 borde
504 1714 75 30 visa
596 1714 139 39 hänsyn
752 1715 72 28 mot
843 1712 292 40 rederinäringen.
1154 1712 66 30 Vid
1239 1711 264 40 lagstiftningen
1522 1711 105 30 förbi-

145 1770 59 39 såg
222 1779 82 20 man
322 1770 49 28 att
390 1767 368 40 arbetsgivaravgiften
777 1767 86 30 även
879 1766 80 30 hårt
978 1766 149 30 drabbar
1144 1766 137 29 kristna
1299 1765 165 30 samfund
1483 1765 64 30 och
1564 1765 63 29 hu-

143 1823 170 30 manitära
329 1822 282 37 organisationer,
627 1830 74 21 som
715 1820 158 30 bedriver
887 1819 218 31 verksamhet
1121 1829 41 20 av
1177 1819 75 30 icke
1266 1818 233 31 kommersiell
1515 1820 111 28 natur.

143 1876 94 30 Från
260 1877 101 29 dessa
383 1875 294 40 organisationers
702 1874 179 39 synpunkt
905 1874 37 28 är
967 1873 41 29 de
1032 1873 178 39 angeläget
1235 1874 50 28 att
1310 1872 108 29 sådan
1443 1872 149 38 ändring
1614 1871 12 29 i

145 1930 268 39 förordningens
432 1928 263 30 bestämmelser
714 1928 158 29 kommer
891 1927 52 30 till
964 1926 101 30 stånd
1086 1928 49 28 att
1155 1927 131 29 allmän
1306 1925 322 40 arbetsgivaravgift

143 1984 73 29 inte
229 1984 149 29 behöver
392 1983 155 39 erläggas
562 1991 41 21 av
617 1982 162 39 kyrkliga
794 1981 357 38 sammanslutningar
1167 1981 89 28 samt
1272 1980 109 29 andra
1395 1980 122 29 ideella
1532 1987 96 32 orga-

144 2037 192 30 nisationer
361 2045 74 21 som
461 2035 54 30 för
541 2036 53 29 sin
618 2034 222 31 verksamhet
865 2035 10 29 i
899 2034 188 30 huvudsak
1111 2034 38 29 är
1172 2034 172 29 beroende
1369 2042 41 21 av
1434 2033 194 30 insamlade

144 2090 144 30 medel.”

189 2143 73 29 dels
279 2145 112 28 ansett
406 2144 49 28 att
469 2143 170 29 utskottet
653 2142 111 29 under
777 2142 158 39 punkten
949 2140 18 30 3
981 2141 78 29 bort
1072 2141 185 29 hemställa

511 2197 48 29 att
576 2195 187 39 riksdagen
779 2195 79 29 med
874 2194 99 30 bifall
991 2194 52 29 till
1059 2194 220 30 motionerna
1296 2194 29 29 I:
1343 2193 60 30 158
1422 2194 61 30 och
1503 2194 46 29 II:
1567 2193 60 30 177

467 2251 100 28 antar
581 2249 157 40 följande
