1888 2828
535 172 307 32 Bankoutskottets
865 173 176 31 utlåtande
1065 173 49 30 Nr
1136 174 28 30 4.
1591 169 18 30 5

821 258 66 30 3:0.

599 325 182 30 Protokoll
803 325 67 30 och
892 325 217 32 berättelser.

147 408 64 31 Vid
236 409 212 37 granskning
472 419 43 21 av
540 410 246 30 ovannämnda
809 410 173 36 protokoll
1008 411 66 30 och
1096 410 201 31 berättelser
1320 411 64 30 har
1407 411 165 31 utskottet
1594 411 12 30 i

103 459 110 37 övrigt
234 460 77 31 icke
330 460 117 31 funnit
465 460 106 37 något
592 460 229 37 förhållande,
845 470 74 22 som
940 461 156 36 påkallat
1117 461 137 31 särskilt
1274 462 159 36 yttrande
1452 461 82 32 från
1553 465 52 27 ut-

103 511 142 31 skottets
266 511 88 36 sida;
376 511 103 31 vilket
497 512 166 30 utskottet
682 512 145 30 härmed
848 511 56 32 får
923 512 56 30 för
997 512 184 37 riksdagen

722 589 149 31 anmäla.

822 790 65 30 4:0.

429 856 264 31 Ansvarsfrihet
710 857 57 30 för
784 857 222 37 fullmäktige
1023 858 12 30 i
1052 857 228 32 riksbanken.

148 940 97 31 Efter
271 942 211 36 granskning
510 951 44 21 av
579 942 230 30 riksbankens
835 943 237 35 räkenskaper
1097 942 56 31 för
1178 942 40 31 år
1247 943 82 30 1940
1357 944 89 30 hava
1474 944 131 30 riksda-

103 1000 81 28 gens
210 995 114 28 senast
350 991 211 32 församlade
588 993 168 30 revisorer
780 993 11 30 i
819 993 51 31 sin
897 994 122 30 därom
1046 994 146 36 avgivna
1216 994 182 30 berättelse
1423 995 182 35 meddelat,

103 1046 49 27 att
173 1043 41 30 de
234 1043 57 30 för
310 1043 52 30 sin
385 1043 54 31 del
459 1043 136 37 ansåge,
618 1046 49 28 att
687 1044 250 31 ansvarsfrihet
955 1045 111 30 borde
1085 1044 144 37 beviljas
1252 1045 217 37 fullmäktige
1489 1045 10 30 i
1521 1045 84 31 riks-

102 1094 149 30 banken.

148 1145 13 29 I
184 1144 149 36 enlighet
353 1145 79 30 med
452 1145 223 31 föreskriften
696 1145 11 30 i
730 1146 18 37 8
770 1146 18 29 4
813 1155 41 21 av
877 1146 65 30 den
964 1146 56 30 för
1040 1147 165 30 utskottet
1226 1147 160 36 gällande
1406 1146 198 32 instruktio-

103 1204 67 21 nen
197 1195 58 30 vill
281 1196 166 30 utskottet
473 1196 169 36 meddela,
670 1199 49 28 att
744 1197 78 30 med
852 1197 169 30 avseende
1047 1197 21 31 å
1093 1197 230 31 riksbankens
1349 1197 163 37 tillstånd,
1539 1201 66 33 sty-

103 1247 85 29 relse
219 1247 65 30 och
315 1246 211 38 förvaltning
557 1247 111 30 under
698 1248 66 30 den
795 1248 59 36 tid,
888 1248 256 36 granskningen
1176 1248 171 37 omfattat,
1379 1249 164 30 utskottet
1574 1248 31 36 ej

103 1297 116 31 funnit
238 1297 186 37 anledning
444 1298 50 30 till
512 1298 139 31 erinran
672 1302 89 26 samt
781 1301 48 27 att
848 1299 165 30 utskottet
1032 1299 55 30 för
1107 1299 52 30 sin
1178 1299 54 30 del
1251 1308 110 28 anser,
1381 1302 48 28 att
1449 1309 156 22 ansvars-

104 1348 103 31 frihet
226 1349 64 29 bör
307 1348 146 37 beviljas
472 1349 229 37 fullmäktige.

149 1398 171 32 Utskottet
338 1400 199 30 hemställer
555 1400 109 36 alltså,

457 1478 48 28 att
526 1475 250 31 ansvarsfrihet
796 1476 58 31 må
872 1476 145 36 beviljas
1037 1476 218 37 fullmäktige
1273 1477 11 29 i
1304 1477 210 30 riksbanken
1535 1477 71 30 dels

413 1526 55 30 för
495 1526 256 37 förvaltningen
776 1528 113 29 under
916 1526 38 31 år
985 1527 84 30 1940
1098 1537 41 20 av
1166 1528 156 29 bankens
1352 1527 93 31 såväl
1472 1528 133 30 huvud-

412 1578 127 29 kontor
558 1586 74 21 som
652 1577 159 36 samtliga
832 1577 329 37 avdelningskontor
1180 1578 9 30 i
1210 1581 146 33 orterna,
1377 1578 70 30 dels
1469 1578 65 30 ock
1553 1578 55 31 för

413 1628 40 30 de
478 1628 113 30 beslut
615 1629 65 29 och
706 1627 168 37 åtgärder,
901 1638 74 20 som
997 1628 120 31 finnas
1143 1630 214 30 antecknade
1382 1630 11 30 i
1417 1629 190 31 fullmäkti-

413 1687 55 28 ges
488 1679 174 36 protokoll
681 1679 80 31 från
780 1680 66 30 och
865 1680 79 30 med
964 1680 66 30 den
1053 1680 39 30 10
1111 1679 138 37 januari
1271 1680 80 30 1941
1374 1680 50 30 till
1444 1681 65 30 och
1529 1681 77 30 med

414 1730 65 30 den
500 1731 19 29 9
542 1730 138 36 januari
700 1730 234 31 innevarande
957 1730 47 31 år.

823 1923 65 29 5:0.

360 1988 263 31 Ansvarsfrihet
644 1989 57 30 för
722 1988 222 38 fullmäktige
966 1989 11 30 i
999 1989 351 37 riksgäldskontoret.

148 2073 225 31 Revisorerna
397 2073 90 31 hava
512 2074 10 29 i
547 2073 53 30 sin
625 2074 181 30 berättelse
830 2074 140 36 anmält,
997 2077 49 27 att
1070 2074 213 31 revisorerna
1305 2074 58 31 för
1386 2074 52 31 sin
1464 2075 54 30 del
1543 2075 64 30 till-

104 2124 139 36 styrkte,
269 2127 49 27 att
343 2123 251 31 ansvarsfrihet
618 2124 106 31 måtte
747 2124 146 37 beviljas
917 2124 219 37 fullmäktige
1162 2125 10 30 i
1198 2125 331 36 riksgäldskontoret
1554 2126 55 30 för

104 2175 65 30 den
189 2175 58 35 tid,
268 2174 192 31 revisionen
480 2175 172 31 omfattat.

149 2225 13 30 I
188 2225 150 36 enlighet
362 2226 80 29 med
468 2225 223 31 föreskriften
717 2226 10 29 i
754 2226 18 37 8
800 2226 18 29 4
846 2235 41 21 av
913 2227 65 29 den
1002 2226 59 30 för
1086 2227 164 29 utskottet
1275 2226 157 36 gällande
1459 2227 148 30 instruk-

104 2275 115 30 tionen
243 2275 58 30 vill
325 2276 165 30 utskottet
512 2277 168 34 meddela,
706 2279 49 27 att
778 2277 78 29 med
882 2277 168 29 avseende
1076 2276 44 36 på
1144 2277 347 36 riksgäldskontorets
1517 2277 90 30 ställ-

104 2325 83 38 ning
205 2326 66 30 och
292 2325 211 37 förvaltning
524 2326 111 30 under
654 2326 66 30 den
740 2326 60 36 tid,
822 2326 257 36 granskningen
1100 2326 170 37 omfattat,
1290 2326 165 30 utskottet
1475 2326 32 37 ej
1530 2326 77 31 fun-

104 2376 49 30 nit
177 2376 186 36 anledning
387 2376 49 30 till
460 2376 149 36 erinran,
634 2379 89 28 samt
748 2379 49 27 att
821 2377 163 30 utskottet
1008 2377 56 30 för
1089 2377 51 29 sin
1165 2377 54 30 del
1244 2386 109 27 anser,
1379 2379 48 28 att
1451 2386 156 22 ansvars-

105 2426 104 30 frihet
225 2427 65 29 bör
306 2426 145 36 beviljas
471 2426 226 36 fullmäktige.
