2205 2678
595 164 371 42 Bevillningsutskottets
991 165 199 32 betänkande
1212 166 54 31 Nr
1288 168 52 28 10.
1751 167 14 28 1

916 751 14 11 r

895 751 62 40 Nr
985 752 63 40 10.

744 917 109 23 Ankom
873 916 45 24 till
941 917 168 30 Riksdagens
1130 916 91 23 kansli
1240 916 53 23 den
1314 915 32 23 26
1366 915 121 24 februari
1510 915 65 23 1012
1596 915 36 22 kl.
1655 915 14 22 3
1690 921 20 16 e
1733 922 34 15 m.

384 1059 249 37 Betänkande
674 1059 16 36 i
731 1059 203 47 anledning
977 1059 45 47 af
1062 1058 110 37 räckt
1215 1058 135 37 motion
1396 1069 57 25 om
1481 1056 200 48 skrifvelse
1712 1056 57 37 till

596 1131 142 49 Kungl.
770 1131 114 48 Maj:t
910 1131 17 37 i
949 1130 121 48 fråga
1099 1142 57 25 om
1186 1129 205 48 införande
1420 1128 50 48 af
1483 1128 205 48 stadgande
1708 1140 56 25 om

597 1204 335 47 efterbeskattning
969 1204 17 36 i
1022 1203 277 47 förordningen
1343 1201 190 47 angående
1569 1200 198 47 bevillning

597 1276 49 46 af
666 1275 82 47 fast
777 1275 176 47 egendom
981 1279 98 33 samt
1108 1274 50 47 af
1180 1274 173 37 inkomst.

1408 1381 72 45 (2:a
1509 1381 96 47 Afd.)

328 1545 16 35 I
374 1556 47 25 en
450 1545 99 36 inom
578 1545 129 35 Andra
734 1545 218 35 kammaren
981 1544 39 36 af
1048 1544 85 35 herr
1166 1542 137 38 Olsson
1329 1543 12 35 i
1359 1533 105 46 Åsen
1483 1543 114 35 väckt
1616 1543 150 40 motion,

168 1611 44 23 nr
258 1599 85 44 147,
388 1610 81 25 som
511 1598 197 36 hänvisats
740 1599 57 35 till
834 1598 419 47 bevillningsutskottet,
1284 1597 229 42 hemställes,
1548 1600 79 32 »att
1654 1597 114 35 Riks-

170 1653 118 47 dagen
326 1653 88 35 ville
443 1664 134 36 genom
606 1653 198 35 skrifvelse
832 1652 56 35 till
907 1652 132 45 Kungl,
1068 1651 104 47 Maj:t
1209 1651 162 44 anhålla,
1411 1651 62 35 det
1504 1650 134 47 Kungl.
1667 1650 101 48 Maj:t

169 1707 146 36 täcktes
351 1707 175 36 utarbeta
555 1707 68 36 och
652 1707 56 35 till
749 1706 216 48 Riksdagen
1010 1705 208 47 framlägga
1244 1705 139 47 förslag
1410 1705 54 35 till
1495 1704 155 48 ändring
1679 1705 90 36 eller

169 1762 127 46 tillägg
324 1762 12 34 i
365 1761 170 47 gällande
564 1762 122 46 kungl
724 1760 214 47 förordning
966 1759 193 48 angående
1188 1759 202 47 bevillning
1418 1759 39 35 af
1484 1759 77 36 fast
1590 1759 178 47 egendom

170 1819 98 32 samt
306 1815 38 36 af
381 1815 164 36 inkomst
582 1815 47 47 på
658 1815 43 35 så
731 1817 87 42 sätt,
850 1818 56 32 att
925 1815 66 35 där
1009 1814 139 35 införes
1179 1812 205 48 stadgande
1414 1824 58 24 om
1502 1813 265 36 efterbeskatt-

169 1869 119 47 ning
277 1863 19 58 i
317 1869 265 47 hufvudsaklig
610 1869 393 36 öfverensstämmelse
1032 1867 83 36 med
1145 1867 61 36 det
1235 1867 11 35 i
1266 1867 182 36 inkomst-
1469 1867 68 36 och
1556 1867 210 47 förmögen-

169 1923 475 46 hetsskatteförordningen
672 1923 219 45 befintliga.»

331 2030 71 35 Till
431 2031 79 36 stöd
542 2030 126 36 härför
696 2030 68 36 har
792 2030 233 36 motionären
1054 2029 122 36 anfört
1204 2029 176 46 följande:

308 2084 39 35 »I
375 2084 121 47 kungl.
525 2084 262 47 förordningen
816 2084 71 36 den
917 2084 48 36 28
996 2084 153 36 oktober
1182 2083 98 36 1910
1311 2094 58 24 om
1398 2082 182 36 inkomst-
1605 2083 68 35 och
1692 2082 76 36 för-

168 2138 325 46 mögenhetsskatt
523 2138 105 47 lyder
658 2138 47 35 22
736 2137 21 49 3
786 2138 12 35 i
827 2138 58 35 sin
913 2138 101 35 förra
1042 2137 58 36 del
1130 2137 170 36 sålunda:
1363 2136 98 36 »Har
1488 2137 122 46 någon
1640 2137 11 34 i
1675 2148 93 35 upp-

169 2191 69 48 gift
258 2192 91 35 eller
368 2192 234 47 upplysning,
625 2204 80 24 som
726 2191 166 48 afgifvits
913 2192 55 35 till
987 2191 181 47 taxering,
1190 2191 143 35 lämnat
1348 2190 150 47 oriktigt
1511 2190 254 40 meddelande,

170 2246 90 35 eller
302 2246 69 35 har
412 2246 296 47 uppgiftspliktig
744 2246 203 36 underlåtit
975 2245 166 36 aflämna
1169 2244 143 48 uppgift
1340 2245 90 35 eller
1458 2244 188 36 infordrad
1674 2256 93 35 upp-

169 2299 149 47 lysning
361 2300 69 35 och
473 2300 68 35 har
583 2300 106 35 däraf
730 2299 205 36 föranledts
974 2302 56 33 att
1066 2299 163 35 inkomst
1266 2299 90 35 eller
1393 2298 255 46 förmögenhet
1685 2298 82 36 icke

279 2370 135 41 Bihang
439 2370 51 32 till
515 2370 207 41 Biksdagens
741 2370 161 40 protokoll
926 2371 96 30 1912.
1070 2372 20 28 7
1112 2369 92 32 saml.
1253 2372 20 28 9
1297 2369 81 38 häft.
1426 2368 64 40 (Nr
1513 2368 65 42 10.)
1705 2371 14 28 1
