2198 2628
433 142 41 31 36
820 141 362 41 Bevillningsutskottets
1205 140 194 32 betänkande
1422 142 53 30 Nr
1499 142 50 31 66.

1243 219 205 48 Transport
1475 220 138 36 kronor
1644 219 263 46 176,850,000:
1925 240 50 4 —

519 271 53 35 På
613 271 126 48 grund
782 284 45 23 av
869 270 73 36 vad
981 270 156 36 sålunda
1166 271 147 35 anförts
1341 271 57 35 får
1426 271 185 36 utskottet

390 322 208 47 hemställa,

919 432 55 30 att
1010 425 219 36 tullmedlen
1267 436 59 25 må
1354 425 59 36 för
1441 427 41 33 år
1512 426 96 34 1918

789 477 187 36 beräknas
1005 478 57 35 till
1135 508 39 4 2.2
1230 508 215 5 =...
1475 476 138 36 kronor
1671 477 305 47 70,000,000:
1945 472 33 58 —

1118 582 94 34 10:0.

1010 683 361 40 Sockerskatten.

519 787 278 38 Statskontoret
838 789 68 35 har
952 788 195 49 angående
1189 788 293 45 sockerskatten,
1525 787 84 36 med

389 840 148 36 erinran
578 846 56 31 att
675 840 73 36 den
776 841 11 35 i
816 840 190 48 budgeten
1047 840 109 48 ingår
1184 840 85 36 med
1307 840 64 36 det
1400 839 211 36 debiterade

392 891 172 49 beloppet
584 892 98 36 efter
701 892 147 48 avdrag
867 905 46 22 av
934 892 282 48 avkortningar,
1237 892 12 35 i
1267 892 58 36 sin
1346 890 265 37 förutnämnda

388 943 178 36 skrivelse
595 943 125 37 anfört
748 943 183 49 följande:

519 995 155 48 »Enligt
702 995 72 36 den
803 1008 45 23 av
879 996 98 35 1905
1007 997 58 34 års
1084 995 160 47 lagtima
1266 994 157 48 riksdag
1443 999 165 43 antagna

387 1046 245 49 beskattning
673 1060 47 22 av
748 1047 131 36 socker
907 1047 121 36 skulle
1056 1046 57 36 för
1140 1047 66 35 allt
1234 1047 142 45 socker,
1406 1059 80 24 som
1515 1046 95 36 efter

388 1097 72 37 den
497 1100 18 33 1
550 1098 214 49 september
799 1100 96 35 1906
929 1099 104 35 inom
1064 1099 97 35 riket
1181 1098 242 36 tillverkades
1447 1097 88 37 eller
1555 1097 54 37 dit

387 1149 179 47 infördes,
589 1149 63 36 vid
668 1150 169 36 sockrets
866 1150 245 36 utlämnande
1140 1150 55 36 till
1217 1150 80 36 fritt
1316 1149 96 37 bruk
1431 1149 176 48 erläggas

388 1214 45 23 en
462 1201 100 36 skatt
590 1201 87 36 med
708 1203 45 34 13
775 1207 62 31 öre
863 1202 57 35 för
939 1202 199 47 kilogram.
1194 1201 74 37 För
1287 1201 143 45 socker,
1452 1214 81 22 som
1552 1201 56 36 till

386 1253 100 36 riket
513 1252 182 48 infördes,
726 1253 120 36 skulle
874 1253 186 49 därjämte
1089 1253 177 49 erläggas
1295 1253 68 36 tull
1384 1252 118 49 enligt
1523 1253 84 35 tull-

386 1313 127 27 taxan.
572 1306 97 35 1908
704 1308 60 32 års
795 1304 157 48 riksdag
984 1304 113 49 höjde
1125 1304 205 37 emellertid
1355 1304 252 36 skattesatsen

388 1356 57 36 för
465 1359 88 33 åren
588 1358 251 35 1909—1911
870 1357 57 35 till
958 1358 45 34 15
1033 1361 74 42 öre,
1135 1356 59 36 för
1222 1359 40 33 år
1292 1357 96 35 1912
1419 1355 56 36 till
1507 1357 42 35 15
1569 1356 38 40 "3

386 1412 64 32 öre
478 1408 70 36 och
576 1409 59 35 för
664 1408 103 37 tiden
796 1408 163 36 därefter
978 1408 56 36 till
1056 1410 44 34 16
1122 1413 64 31 öre
1206 1408 58 36 för
1282 1407 198 48 kilogram.
1510 1407 96 36 Från

386 1458 122 37 denna
548 1460 164 48 höjning
752 1460 216 48 undantogs
1010 1460 95 36 dock
1146 1460 64 35 det
1251 1460 143 43 socker,
1424 1472 81 23 som
1534 1459 73 36 till-

389 1511 180 48 verkades
605 1511 63 36 vid
711 1511 44 36 de
797 1511 115 37 redan
964 1511 161 48 anlagda
1165 1511 390 37 råsockerfabrikerna
1595 1512 11 35 i

386 1553 271 58 Östergötland
687 1563 71 36 och
798 1562 295 49 Västergötland
1135 1569 98 30 samt
1272 1563 63 49 vid
1374 1562 73 37 den
1489 1563 118 36 under

385 1614 241 49 anläggning
644 1615 167 36 varande
835 1614 352 37 råsockerfabriken
1203 1617 48 46 på
1267 1605 132 57 Öland,
1418 1614 56 36 för
1489 1615 117 36 vilket

386 1666 284 36 sockerskatten
700 1666 232 37 fortfarande
959 1667 98 35 intill
1087 1668 97 34 1913
1215 1669 59 33 års
1302 1669 149 45 utgång
1487 1666 120 36 skulle

384 1720 91 46 utgå
504 1718 84 36 med
618 1718 63 36 det
708 1719 127 47 gamla
863 1718 178 49 beloppet
1061 1718 89 36 eller
1172 1720 45 34 13
1239 1723 63 31 öre
1320 1730 68 36 per
1406 1718 198 47 kilogram.

387 1770 98 35 1913
528 1772 59 34 års
632 1769 158 49 riksdag
831 1769 164 48 medgav
1037 1769 44 37 de
1127 1769 246 37 förenämnda
1415 1770 190 36 råsocker-

385 1820 215 37 fabrikerna
627 1822 224 48 ytterligare
879 1821 168 48 lindring
1074 1822 12 35 i
1115 1821 284 36 sockerskatten
1423 1821 69 36 och
1513 1821 92 36 fast-

384 1872 132 36 ställde
545 1872 302 50 skattebeloppet
875 1873 59 36 för
966 1873 131 36 socker
1122 1873 83 35 från
1233 1873 110 36 dessa
1364 1872 165 37 fabriker
1549 1872 58 37 för

383 1923 103 37 tiden
528 1924 97 36 intill
670 1926 98 35 1918
797 1928 59 33 års
884 1927 150 45 utgång
1062 1924 56 36 till
1149 1926 44 34 12
1224 1930 64 31 öre
1316 1925 60 35 för
1404 1925 196 47 kilogram.

513 1976 131 48 Enligt
671 1976 232 37 verkställda
924 1976 254 48 beräkningar
1197 1976 178 49 utgjorde
1395 1976 73 37 den
1489 1976 119 49 årliga

383 2027 426 37 sockerkonsumtionen
838 2028 12 35 i
878 2028 114 36 riket:

383 2081 41 33 år
454 2080 252 35 1901—1902
735 2079 595 37 råsoCker....smmmmmmmrsensnrnsn
1364 2080 161 46 106,004
1554 2085 67 31 ton

393 2142 18 23 »
454 2132 251 35 1902—1903
815 2144 18 23 Do
917 2162 155 4 ertrrrreresses
1091 2163 51 4 sense
1161 2163 17 4 en
1196 2163 134 5 sansnennnnnnn
1364 2132 159 46 1O7,681
1574 2144 18 23 P

393 2194 17 23 »
454 2183 252 36 1903—1904
815 2196 17 22 Do
918 2214 155 5 sössesvesecrs
1070 2179 26 63 ren
1104 2215 38 3 iön
1161 2215 16 4 uar
1196 2215 16 4 grrön
1231 2215 52 4 nan
1301 2215 4 4 in0an
1370 2186 10 33 1
1385 2184 140 54 10,824
1573 2196 18 22 PD

1234 2253 207 48 Transport
1468 2253 140 36 kronor
1637 2237 280 64 246,850,000:
1943 2237 38 42 —
