2198 2622
710 159 253 30 Statsutskottets
988 160 160 29 utlåtande
1174 160 50 30 Nr
1251 163 66 28 122,
1806 165 7 28 1

920 481 67 38 Nr
1015 481 100 39 122.

739 585 110 27 Ankom
869 575 68 38 till
962 586 186 36 riksdagens
1173 587 103 27 kansli
1301 587 60 27 den
1387 588 35 27 31
1451 589 62 35 maj
1542 588 77 28 1922
1645 589 40 27 kl.
1714 590 36 26 12
1776 599 38 18 m.

527 676 194 35 Memorial
762 676 13 35 i
816 677 193 48 anledning
1050 690 44 23 av
1137 678 213 35 kamrarnas
1378 679 206 48 skiljaktiga
1614 680 110 36 beslut
1751 693 64 22 an-

628 736 138 48 gående
803 737 94 36 vissa
933 737 60 36 län
1023 737 55 36 till
1099 738 216 49 främjande
1344 751 43 22 av
1416 740 397 47 bostadsproduktionen

628 809 45 21 m.
704 810 45 21 m.
1561 799 72 48 (3:e
1663 799 99 48 avd.)

319 905 16 35 I
378 918 46 23 en
466 906 54 35 till
552 906 205 48 riksdagen
786 908 161 45 avlåten,
978 907 70 36 den
1080 910 45 33 14
1155 922 98 22 mars
1286 911 96 33 1922
1413 909 238 48 dagtecknad
1680 923 135 36 propo-

216 955 123 47 sition,
369 970 45 21 nr
442 959 86 44 228,
557 957 96 36 hade
681 957 140 48 Kungl.
851 958 119 48 Maj:t,
999 958 118 36 under
1145 959 235 49 åberopande
1408 974 48 22 av
1476 960 117 48 bilagt
1612 961 138 48 utdrag
1768 976 47 21 av

216 1007 417 49 statsrådsprotokollet
676 1013 89 32 över
805 1009 278 37 socialärenden
1126 1011 57 35 för
1211 1024 142 23 samma
1382 1012 85 48 dag,
1499 1012 193 48 föreslagit
1719 1014 95 35 riks-

215 1059 135 48 dagen,

321 1110 71 49 1:0)
434 1111 187 49 medgiva,
651 1117 55 31 att
734 1113 59 35 för
821 1113 144 49 ökning
992 1126 46 24 av
1067 1119 141 31 statens
1237 1114 335 38 bostadslånefond
1601 1119 60 33 må
1690 1119 122 34 såsom

214 1163 61 35 lån
304 1163 81 36 från
415 1164 245 36 statsverkets
688 1164 93 36 fond
811 1178 45 23 av
883 1165 325 49 rusdrycksmedel
1237 1166 218 49 disponeras
1485 1167 56 36 för
1569 1170 39 33 år
1638 1170 99 34 1922
1762 1175 51 30 ett

214 1214 136 50 belopp
381 1228 46 23 av
457 1217 227 46 15,000,000
713 1216 153 45 kronor;

318 1266 74 48 2:0)
420 1267 177 48 medgiva
624 1267 141 49 Kungl.
795 1268 108 49 Maj:t
931 1273 72 31 rätt
1030 1274 54 30 att
1111 1283 44 22 ur
1183 1274 53 31 ett
1264 1283 47 23 av
1331 1270 206 48 riksdagen
1557 1271 118 36 under
1700 1272 112 36 femte

214 1317 239 37 huvudtiteln
496 1321 20 33 å
552 1324 105 31 extra
686 1325 74 30 stat
788 1320 58 41 för
874 1323 40 33 år
944 1322 96 34 1922
1070 1321 56 35 till
1154 1321 231 49 statsbidrag
1414 1325 37 33 åt
1478 1322 222 37 kommuner
1728 1324 83 35 med

215 1369 89 36 flera
333 1370 57 35 för
416 1371 237 48 uppförande
674 1383 46 24 av
738 1371 103 36 vissa
860 1371 385 49 bostadsbyggnader
1261 1373 148 36 anvisat
1428 1374 390 49 reservationsanslag

216 1424 20 33 å
280 1422 203 46 1,500,000
512 1422 140 37 kronor
680 1422 200 50 disponera
908 1424 74 35 dels
1009 1424 56 35 till
1093 1425 200 36 utförande
1321 1438 139 35 genom
1488 1426 328 49 ingenjörsveten-

215 1472 351 50 skapsakademien,
607 1474 121 37 under
770 1475 115 36 första
926 1475 142 36 hälften
1110 1489 47 22 av
1198 1479 41 33 år
1274 1479 110 45 1923,
1424 1490 47 23 av
1500 1478 316 37 tekniskt-veten-

213 1524 174 50 skapliga
427 1525 330 51 undersökningar
797 1529 47 47 på
885 1527 373 49 byggnadsområdet
1303 1534 51 31 ett
1399 1529 137 50 belopp
1583 1543 47 22 av
1674 1531 139 47 50,000

213 1576 139 37 kronor
393 1579 62 35 och
496 1579 74 35 dels
611 1578 56 36 till
709 1579 185 48 åtgärder,
924 1579 145 48 ägnade
1098 1586 54 30 att
1179 1580 163 37 indirekt
1370 1581 190 50 förbilliga
1588 1582 90 36 eller
1705 1583 109 47 eljest

213 1629 136 49 främja
376 1629 448 49 bostadsproduktionen,
854 1636 53 31 ett
936 1631 135 49 belopp
1101 1645 47 22 av
1177 1633 139 47 25,000
1345 1632 156 45 kronor;
1532 1640 96 29 samt

317 1680 74 49 3:o0)
433 1681 58 36 för
532 1682 218 49 avsättning
791 1683 57 35 till
888 1683 224 36 lånefonden
1154 1684 59 35 för
1245 1684 478 49 tjänstemannasamhället
1751 1686 63 36 vid

213 1731 136 51 Mörby
376 1733 119 36 under
521 1733 81 37 titel
629 1734 181 49 »utgifter
837 1734 59 37 för
923 1734 299 50 kapitalökning,
1251 1740 144 33 statens
1423 1737 348 48 utlåningsfonder»
1793 1741 18 33 å

213 1783 232 50 tilläggsstat
487 1785 65 36 för
572 1788 40 33 år
642 1786 98 36 1922
770 1786 142 48 anvisa,
941 1792 53 30 att
1021 1789 94 46 utgå
1143 1801 46 22 av
1217 1787 217 48 lånemedel,
1464 1794 53 31 ett
1544 1790 268 36 reservations-

213 1836 134 49 anslag
375 1849 47 23 av
451 1838 165 46 320,000
644 1837 152 37 kronor.

316 1938 292 38 Statsutskottet
635 1940 96 37 hade
759 1941 11 35 i
799 1941 62 36 sitt
888 1941 11 35 i
929 1941 205 50 anledning
1149 1955 45 23 av
1213 1942 163 37 nämnda
1395 1944 236 48 proposition
1646 1944 164 49 avgivna

212 1991 191 36 utlåtande
432 2005 45 22 nr
507 1993 70 35 113
607 1992 206 48 hemställt,
842 1992 114 37 bland
986 1998 125 42 annat,
1141 1993 119 37 under
1287 2007 112 24 mom.
1429 1994 78 49 Ia),
1536 2000 55 32 att
1609 1996 202 48 riksdagen

211 2045 115 34 måtte
354 2043 188 49 medgiva,
573 2048 55 32 att
656 2045 58 35 för
742 2044 145 49 ökning
915 2058 46 23 av
989 2050 141 31 statens
1158 2045 335 38 bostadslånefond
1522 2051 59 33 må
1601 2050 126 35 såsom
1748 2049 61 36 lån

211 2094 83 36 från
322 2095 247 37 statsverkets
589 2095 91 36 fond
701 2109 45 23 av
765 2096 325 49 rusdrycksmedel
1109 2096 218 50 disponeras
1347 2098 58 37 för
1424 2101 40 33 år
1487 2101 96 35 1922
1604 2105 53 31 ett
1671 2100 138 49 belopp

210 2159 48 22 av
289 2147 228 47 10,000,000
545 2147 150 36 kronor.

313 2198 133 49 Enligt
486 2199 184 36 utskottet
712 2199 321 37 tillhandakomna
1074 2201 348 49 protokollsutdrag
1462 2202 66 37 har
1561 2202 117 37 första
1706 2203 97 36 kam-

211 2263 128 23 maren
381 2250 136 37 bifallit
557 2251 204 37 utskottets
802 2251 237 48 hemställan,
1081 2258 171 31 varemot
1283 2253 116 37 andra
1428 2253 216 38 kammaren
1673 2255 136 37 bifallit

252 2311 116 37 Bihang
392 2312 45 29 till
459 2312 169 37 riksdagens
645 2313 148 36 protokoll
816 2314 90 28 1922.
943 2315 18 27 6
984 2314 81 29 saml.
1102 2315 39 28 64
1163 2315 73 35 häft.
1272 2312 60 40 (Nr
1356 2314 84 37 122.)
1671 2324 53 20 1061
1741 2325 26 18 22
