2294 2751
666 230 98 31 Stats-
780 223 164 45 Utskottets
950 228 164 30 Memorial
1137 227 61 31 N:o
1223 227 51 31 92.
1754 225 19 30 Nå

340 308 170 43 angående
544 307 269 42 gratifikationer
850 306 51 32 för
935 309 96 28 extra
1065 305 137 32 arbeten
1237 304 61 32 och
1320 303 52 32 till
1396 305 225 38 uppmuntran
1644 302 52 31 för
1719 306 97 27 extra

390 351 195 38 ordinarier,
620 350 187 33 innehåller
841 360 126 21 samma
1001 348 191 41 stadgande,
1228 358 71 21 som
1322 348 13 40 $
1360 347 62 31 176
1444 346 12 31 1
1479 345 208 32 sistnämnda
1709 345 106 41 regle-

390 399 122 35 mente,
547 394 78 32 med
657 393 213 33 uteslutande
905 393 36 32 af
972 393 65 31 den
1069 392 52 31 för
1143 394 37 29 år
1203 391 83 32 1866
1310 389 162 34 särskildt
1494 389 153 42 gällande
1671 389 146 32 bestäm-

390 440 113 31 melse.

341 491 172 42 angående
548 491 56 31 det
635 490 54 31 till
722 488 305 42 begrafuningshjolp
1062 487 85 32 efter
1171 485 214 34 obemedlade
1409 486 203 40 tjenstemän
1635 484 60 31 och
1717 484 99 32 valkt-

391 536 146 39 betjente
560 534 59 32 vid
640 532 362 41 Riksgälds-kontoret
1025 530 157 32 anvisade
1206 531 134 38 belopp;
1366 529 60 31 och

341 595 171 42 angående
548 594 56 32 det
637 594 53 31 till
712 593 115 31 Enke-
852 591 61 32 och
935 591 239 41 Pupillkassan
1197 590 57 32 vid
1276 588 361 42 Riksgälds-kontoret
1660 587 156 32 anvisado

391 638 198 38 understöd;

381 679 4 4 |
492 688 57 25 äro
573 681 71 31 lika
665 679 146 43 lydande
834 678 77 31 med
933 679 30 40 $$
988 677 59 32 177
1072 677 61 32 och
1156 677 62 31 178
1239 676 12 31 i
1274 676 83 32 1866
1380 678 53 29 års
1456 675 215 41 reglemente.

342 742 170 42 angående
538 741 39 32 de
601 741 52 31 till
675 739 361 42 Riksgälds-kontoret
1064 738 158 40 anslagna
1245 736 126 32 medels
1395 735 218 32 användande
1637 735 12 31 i
1672 735 147 40 enlighet

391 786 77 31 med
501 784 213 41 Riksdagens
747 783 112 33 beslut
892 785 86 29 samt
1011 781 170 41 angående
1215 780 121 32 förbud
1367 783 71 27 mot
1471 778 179 32 ackorders
1678 777 140 41 medgif-

393 829 122 39 vande;
541 828 61 31 och

344 890 170 41 angående
539 889 168 31 allmänna
728 886 246 40 bovillningens
997 884 163 41 ingående
1183 884 52 31 till
1257 883 375 41 Riksgälds-kontorct;

390 932 171 32 innehålla
594 941 127 22 samma
755 929 214 41 stadganden,
1005 939 72 20 som
1110 929 30 40 $$
1175 928 61 30 179
1271 927 61 31 och
1367 926 60 32 180
1462 926 35 31 af
1520 937 47 19 nu
1590 924 154 42 gällande
1768 935 52 20 re-

389 977 177 40 glemente,
602 974 118 32 endast
752 973 77 31 med
864 972 196 41 förändring
1087 972 35 30 af
1137 971 113 31 datum
1274 973 19 29 å
1316 970 63 31 den
1397 970 71 31 dori
1491 968 184 41 åberopade
1696 967 123 42 Kongl.

393 1019 213 41 Kungörelse
631 1020 86 29 samt
738 1016 78 32 med
837 1015 213 32 uteslutande
1074 1015 36 31 af
1130 1014 103 31 orden
1255 1013 121 31 Rikets
1401 1012 153 33 Ständer.

343 1080 170 41 angående
538 1079 39 32 de
601 1079 52 31 för
676 1078 152 40 spelkort
851 1076 61 31 och
933 1075 170 41 tidningar
1127 1073 156 42 stadgade
1308 1072 293 41 stämpelafgifter;
1626 1072 61 31 och

345 1140 171 42 angående
540 1137 398 42 skatteköpeskillingars
962 1134 271 33 öfverlemnande
1257 1134 53 31 till
1332 1132 375 42 Riksgälds-kontorct;

799 1187 14 17 1
1320 1195 5 5 M
1469 1199 10 4 -

497 1201 101 31 hafva
621 1209 125 21 samma
768 1197 130 42 lydelse
922 1207 71 20 som
1016 1197 30 39 $$
1071 1195 60 31 181
1157 1195 60 31 och
1234 1194 60 32 182
1317 1206 12 19 i
1348 1193 239 32 meranämnda
1606 1192 215 41 reglemente.

347 1244 171 42 angående
552 1243 122 40 medel,
700 1252 68 21 som
794 1241 120 41 inflyta
936 1250 120 31 genom
1079 1238 197 40 försäljning
1300 1238 35 30 af
1354 1237 158 31 Kronans
1535 1236 62 31 hus
1619 1236 12 30 i
1654 1235 166 38 städerna,

395 1289 69 37 har,
489 1287 77 32 med
588 1287 111 40 någön
721 1282 402 41 redaktionsförändring,
1147 1281 191 33 bibehållits
1360 1280 59 32 vid
1442 1284 59 28 sitt
1522 1278 193 34 nuvarande
1728 1279 94 31 inne-

395 1332 78 31 håll.

346 1391 169 42 angående
539 1389 360 41 Riksgälds-kontoret
921 1385 254 33 tillkommande
1199 1383 354 39 observationsmedel;
1578 1382 61 32 och

346 1451 171 44 angående
541 1449 193 34 återstoden
757 1448 36 32 af
813 1448 57 32 det
891 1447 59 33 vid
973 1446 220 32 sistförflutna
1215 1445 138 42 riksdag
1370 1444 158 33 anvisade
1542 1443 117 42 bidrag
1671 1443 36 32 af
1716 1442 106 33 Stats-

394 1496 140 33 verkets
556 1494 203 37 inkomster;

396 1545 58 26 äro
477 1538 71 31 lika
570 1536 146 43 lydande
739 1534 77 33 med
839 1535 30 40 $$
893 1533 62 32 184
979 1533 61 32 och
1064 1532 60 32 185
1148 1532 12 31 i
1184 1531 56 32 det
1250 1531 58 33 vid
1320 1531 146 32 nämnda
1488 1530 139 41 riksdag
1648 1529 175 32 utfärdado

394 1582 215 42 reglemente,

347 1642 170 42 angående
551 1641 119 40 bidrag
704 1640 36 31 af
771 1637 232 34 Statsverkets
1025 1636 197 38 inkomster,
1247 1646 72 20 som
1341 1635 59 32 vid
1421 1633 228 33 innevarande
1672 1633 153 40 Riksdag

395 1687 153 31 kommer
582 1688 49 27 att
664 1683 133 31 anvisas
830 1681 51 31 för
914 1680 375 40 Riksgälds-kontorcets
1322 1678 148 41 utgifter,
1504 1681 188 27 motsvarar
1725 1678 13 39 $
1764 1676 61 31 186

395 1730 12 31 i
430 1740 46 20 nu
499 1727 155 42 gällande
677 1726 216 40 reglemente,
919 1722 117 32 dervid
1061 1722 85 31 dock
1170 1721 117 41 sjelfva
1308 1721 159 40 beloppet
1490 1726 90 26 ännu
1602 1720 75 31 ieko
1694 1720 132 31 kunnat

394 1776 154 30 utsättas,
584 1775 82 26 cnär
702 1769 184 31 detsamma
919 1772 38 25 är
979 1765 165 32 beroende
1169 1765 35 31 af
1224 1764 56 31 det
1303 1764 134 41 slutliga
1459 1763 248 32 fastställandet
1729 1762 36 32 af
1785 1761 39 32 de

395 1815 53 31 till
473 1814 253 33 Statskontoret
747 1809 164 43 ingående
935 1813 97 27 extra
1055 1808 166 31 ordinarie
1243 1808 241 31 inkomsterna.

361 1874 170 42 angående
560 1871 360 43 Riksgälds-kontoret
946 1868 253 32 tillkommande
1229 1868 154 32 behållna
1406 1867 188 32 öfverskott
1617 1870 19 28 å
1659 1866 82 31 1865
1765 1865 61 31 och

397 1917 144 42 följande
566 1920 53 28 års
644 1915 281 35 statsinkomster,
950 1918 38 25 är
1003 1912 71 31 lika
1089 1911 145 42 lydande
1250 1911 76 31 med
1342 1912 13 39 $
1374 1911 59 31 187
1455 1911 12 30 i
1488 1922 42 19 nu
1549 1909 153 42 gällande
1720 1909 106 40 regle-

397 1965 112 28 mente
534 1960 62 31 och
618 1958 187 33 innehåller
829 1966 126 22 samma
977 1955 221 38 föreskrifter,
1224 1965 72 21 som
1318 1954 12 31 i
1354 1954 91 31 detta
1470 1960 96 25 ämne
1601 1953 75 31 från
1709 1952 117 41 längre

397 2005 50 31 tid
468 2003 143 33 tillbaka
633 2002 89 32 varit
744 2002 12 30 i
778 1999 376 42 Riksgälds-kontorets
1177 1998 204 41 reglemente
1404 1997 145 41 intagna.

370 2064 169 42 angående
574 2062 192 33 återstoden
799 2061 36 31 af
865 2060 150 40 anslaget
1043 2059 54 30 till
1127 2058 148 41 aflöning
1316 2061 34 28 åt
1391 2058 39 31 de
1471 2060 43 38 på
1541 2056 287 41 indragningsstat

397 2106 220 43 qvarstående
641 2105 99 33 civila
761 2105 203 40 tjenstemän
985 2102 58 33 vid
1065 2102 132 37 flottan;

360 2168 170 42 angående
556 2166 188 40 ersättning
765 2165 52 31 för
841 2176 41 20 en
906 2164 53 31 del
982 2163 36 31 af
1038 2163 56 31 det
1115 2163 53 31 till
1192 2162 250 41 Teknologiska
1464 2161 177 30 Institutet
1664 2159 163 40 beviljade

401 2211 165 32 ordinarie
590 2210 128 40 anslag;

351 2271 170 43 angående
556 2270 39 32 de
630 2270 75 31 från
727 2267 305 33 landtränterierna
1054 2267 53 31 till
1121 2266 123 41 Kongl.
1263 2265 252 32 Statskontoret
1530 2262 188 33 inlomnade
1736 2261 91 32 äldre

402 2313 330 43 depositionsmedel;

353 2375 170 44 angående
546 2373 273 44 köposkillingen
841 2373 51 32 för
917 2372 63 32 den
1004 2375 36 29 så
1062 2370 132 34 kallade
1217 2367 421 44 Hofbagori-egendomen;
1664 2366 59 32 och
