1890 2822
38 868 204 30 Departements-

91 902 95 30 chefen.

65 1815 173 23 Motionerna.

89 2206 130 23 Utskottet.

256 196 17 31 8
688 193 100 28 Andra
812 192 196 37 lagutskottets
1031 189 148 29 utlåtande
1202 189 47 28 Nr
1271 186 51 31 40.

258 789 98 20 avses
380 778 10 30 i
412 779 20 29 4
454 777 30 41 8.

311 862 67 32 Vid
402 861 156 32 anmälan
582 860 11 30 i
617 858 186 33 statsrådet
826 869 39 19 av
889 857 42 31 de
954 868 40 19 av
1017 855 152 42 lagrådet
1193 856 71 28 mot
1287 852 163 40 förslaget
1477 849 213 32 framställda
1713 859 45 20 er-

259 913 196 41 inringarna
478 910 140 33 anförde
641 908 246 42 föredragande
911 904 375 44 departementschefen
1304 903 10 31 i
1331 903 92 41 fråga
1439 912 55 20 om
1511 899 171 41 lagrådets
1699 899 61 31 för-

260 965 73 40 slag
355 964 52 30 till
431 962 144 41 ändring
597 973 40 19 av
659 962 20 29 4
702 960 21 41 &
745 959 105 32 bland
874 960 103 29 annat
999 956 163 42 följande:

312 1016 69 29 Det
408 1025 40 19 av
470 1012 153 40 lagrådet
645 1010 181 32 förordade
850 1008 204 41 stadgandet
1077 1006 98 32 torde
1198 1006 11 30 i
1233 1007 121 38 många
1377 1004 57 30 fall
1457 1003 135 30 komma
1615 1003 49 29 att
1687 1001 76 40 giva

261 1056 184 40 anledning
479 1055 51 30 till
554 1051 429 41 meningsskiljaktigheter
1006 1049 123 31 mellan
1153 1048 178 30 arbetaren
1350 1045 63 31 och
1437 1039 325 49 försäkringsinrätt-

261 1099 125 40 ningen
421 1097 78 31 med
533 1096 101 30 därav
661 1094 151 40 följande
835 1091 279 41 överklaganden.
1159 1090 18 30 TI
1202 1089 60 30 sak
1284 1087 98 31 torde
1405 1087 73 30 icke
1503 1086 107 30 heller
1633 1085 65 30 den
1723 1095 39 19 av

261 1140 153 42 lagrådet
446 1138 192 39 föreslagna
668 1135 265 32 bestämmelsen
957 1133 77 31 med
1058 1132 41 31 de
1122 1130 287 40 inskränkningar
1431 1129 10 30 i
1465 1128 198 31 arbetarens
1686 1127 76 36 rätt,

263 1195 73 20 som
360 1183 61 31 där
443 1180 202 43 uppställas,
669 1179 136 31 komma
828 1179 49 30 att
899 1176 126 32 bereda
1048 1175 178 31 arbetaren
1250 1184 42 20 en
1315 1172 111 31 bättre
1450 1170 165 41 ställning
1637 1171 42 29 än
1696 1168 66 31 den

263 1227 67 30 han
354 1225 110 32 skulle
488 1223 128 32 erhålla
639 1222 107 40 enligt
769 1221 57 30 det
849 1218 217 33 remitterade
1089 1217 171 40 förslaget.
1287 1215 121 31 Såsom
1431 1214 55 40 jag
1508 1213 144 40 tidigare
1668 1212 95 30 fram-

263 1268 98 31 hållit
383 1268 62 30 har
467 1263 444 42 försäkringsinrättningen
934 1261 74 31 icke
1032 1262 110 38 någon
1159 1257 207 41 befogenhet
1382 1258 49 29 att
1446 1255 123 31 hindra
1586 1254 178 31 arbetaren

264 1312 49 29 att
335 1309 98 40 börja
456 1308 82 31 eller
560 1308 159 30 fortsätta
742 1304 78 31 med
842 1304 114 40 farligt
979 1302 125 31 arbete.
1151 1300 189 31 Arbetaren
1364 1298 97 31 torde
1484 1297 115 31 därför
1622 1296 28 40 ej
1669 1296 92 30 avstå

264 1353 73 30 från
371 1351 132 31 arbetet
536 1349 78 31 med
648 1347 132 31 mindre
814 1347 67 30 han
915 1345 146 31 erhåller
1095 1343 108 40 skälig
1236 1340 217 42 gottgörelse.
1502 1339 18 30 I
1554 1338 91 41 regel
1678 1338 88 30 lärer

264 1395 136 30 komma
422 1394 50 29 att
495 1391 95 41 tillgå
614 1391 46 35 så,
685 1391 49 30 att
758 1386 331 34 överenskommelse
1113 1385 117 31 träffas
1253 1394 55 20 om
1332 1384 49 29 att
1404 1382 179 31 arbetaren
1607 1382 72 28 mot
1694 1379 71 31 viss

265 1435 190 39 ersättning
478 1433 149 32 avhåller
650 1432 53 41 sig
724 1432 74 30 från
823 1430 57 31 det
902 1429 119 40 farliga
1045 1427 140 32 arbetet.
1214 1425 82 32 Med
1318 1425 134 40 hänsyn
1476 1423 53 31 till
1552 1422 58 31 det
1626 1421 141 32 anförda

266 1489 102 31 synes
402 1477 70 41 mig
505 1477 59 30 det
597 1473 219 32 remitterade
849 1472 163 40 förslaget
1034 1470 12 31 i
1070 1470 111 30 denna
1214 1468 56 31 del
1303 1467 83 31 böra
1419 1465 205 40 föredragas.
1670 1463 98 32 Dock

267 1521 105 36 torde,
408 1521 113 29 såsom
555 1516 153 41 lagrådet
741 1517 122 33 ansett,
897 1512 258 32 föreskrifterna
1182 1521 55 20 om
1267 1508 199 40 ersättning,
1491 1518 73 20 som
1589 1517 46 19 nu
1659 1516 107 26 avses,

265 1563 84 30 böra
381 1561 187 40 begränsas
604 1559 51 30 till
689 1558 42 31 de
754 1557 67 37 fall,
847 1556 42 30 då
915 1555 178 31 arbetaren
1117 1552 150 31 avhåller
1290 1551 52 40 sig
1364 1551 73 30 från
1461 1549 58 31 det
1542 1548 126 37 arbete,
1694 1557 72 21 som

265 1604 143 31 innebär
441 1604 71 30 fara
544 1602 52 30 för
630 1601 66 31 den
731 1598 167 33 särskilda
920 1595 272 44 yrkessjukdom,
1216 1604 115 21 varom
1356 1595 36 29 är
1414 1592 100 40 fråga.
1560 1590 51 31 Av
1635 1590 57 30 det
1716 1600 52 19 an-

267 1647 97 32 förda
397 1646 107 40 följer,
539 1646 50 29 att
623 1643 106 41 enligt
763 1641 70 32 min
867 1640 137 41 mening
1032 1639 57 31 det
1111 1638 11 31 i
1147 1638 18 31 8
1187 1637 21 40 &
1230 1637 108 31 första
1365 1634 132 42 stycket
1521 1632 163 41 stadgade
1707 1632 62 31 för-

267 1689 108 32 budet
400 1690 73 29 mot
495 1689 50 29 att
567 1687 73 30 föra
662 1686 122 38 klagan
808 1686 79 29 över
909 1682 116 32 beslut
1048 1693 39 19 av
1110 1677 401 43 försäkringsinrättning
1533 1676 11 31 i
1568 1676 102 39 fråga,
1695 1685 73 21 som

268 1743 97 20 avses
388 1731 12 31 i
422 1732 20 29 4
464 1729 30 42 8,
518 1730 63 31 bör
603 1727 201 33 bibehållas.
849 1725 158 32 Nämnda
1031 1723 116 42 stycke
1171 1722 96 31 torde
1291 1720 114 32 därför
1427 1719 84 32 böra
1533 1719 144 30 kvarstå.

321 1808 18 30 I
373 1807 214 31 motionerna
609 1805 102 30 I:276
735 1803 63 31 och
822 1802 122 31 II:418
967 1801 61 30 har
1051 1799 109 31 under
1182 1797 207 40 hänvisning
1412 1796 52 31 till
1487 1794 173 42 lagrådets
1683 1804 86 20 ovan

269 1857 173 41 återgivna
474 1855 159 43 yttrande
661 1852 203 37 hemstiällts,
888 1853 49 29 att
959 1852 21 29 4
1002 1850 20 41 $
1046 1852 104 28 måtte
1173 1848 94 41 givas
1291 1848 58 30 det
1371 1845 162 38 innehåll,
1558 1846 49 29 att
1630 1854 54 21 om
1708 1843 62 31 för-

270 1906 346 43 säkringsinrättning
649 1903 163 33 anmodar
845 1903 60 31 där
931 1900 177 33 försäkrad
1131 1899 153 32 arbetare
1308 1899 49 30 att
1380 1897 52 31 till
1455 1893 253 43 förebyggande
1732 1904 39 20 av

271 1961 49 29 att
353 1957 261 43 yrkessjukdom
649 1956 153 41 uppstår,
837 1953 217 40 återuppstår
1084 1951 82 31 eller
1189 1950 167 31 förvärras
1380 1947 109 31 under
1512 1947 112 40 någon
1648 1944 50 31 tid
1722 1955 49 19 av-

271 2010 90 31 hålla
395 2009 52 40 sig
479 2008 73 30 från
587 2007 58 31 det
678 2005 118 40 farliga
830 2004 141 36 urbetet,
1006 2002 177 31 arbetaren
1212 1999 95 38 skall,
1332 1999 116 30 därest
1470 1997 73 31 icke
1567 1994 205 40 omständig-

272 2061 142 30 heterna
436 2058 53 32 till
513 2060 103 29 annat
639 2055 183 36 föranleda,
847 2056 61 39 äga
931 2055 49 29 att
1002 2053 53 30 för
1078 2051 65 31 den
1168 2050 49 31 tid
1240 2050 67 30 han
1331 2048 151 31 avhållar
1498 2047 52 40 sig
1565 2047 74 29 från
1656 2044 116 31 arbete

272 2110 154 42 uppbära
450 2108 107 41 skälig
580 2106 198 40 ersättning,
803 2104 73 31 icke
899 2101 238 43 överstigande
1160 2100 129 31 hälften
1313 2110 40 20 av
1375 2098 56 31 hel
1455 2095 240 43 sjukpenning.

326 2195 180 32 Utskottet
528 2193 201 31 instämmer
752 2191 10 30 i
787 2190 41 31 de
853 2188 221 43 synpunkter,
1100 2197 73 21 som
1196 2184 153 42 lagrådet
1372 2183 112 31 anfört
1506 2182 11 31 i
1541 2179 232 42 föreliggande

275 2247 99 40 fråga.
420 2246 68 30 Det
522 2243 97 32 torde
653 2240 210 43 principiellt
886 2251 77 19 vara
986 2237 125 41 riktigt,
1136 2238 49 29 att
1208 2236 66 31 den
1297 2235 164 36 arbetare,
1487 2243 72 20 som
1584 2233 43 39 på
1650 2230 124 31 försäk-

275 2294 347 44 ringsinrättningens
655 2291 148 32 initiativ
837 2289 149 32 avhåller
1009 2289 52 40 sig
1083 2288 74 30 från
1180 2286 114 40 farligt
1317 2284 124 37 arbete,
1467 2282 146 32 erhåller
1634 2283 67 30 rätt
1723 2280 52 31 till

277 2346 197 40 ersättning.
521 2337 95 38 Även
640 2353 55 21 om
718 2340 178 32 införande
920 2351 40 19 av
983 2350 41 20 en
1048 2338 94 41 dylik
1165 2335 241 32 bestimmelse
1430 2333 110 31 skulle
1556 2333 115 30 kunna
1687 2330 87 31 med-

277 2398 73 30 föra
372 2396 119 31 tvister
514 2395 11 30 i
548 2394 71 31 viss
642 2391 244 39 utsträckning,
913 2400 102 31 synes
1039 2389 94 30 detta
1156 2386 87 32 dock
1266 2385 73 31 icke
1363 2385 84 31 böra
1469 2382 178 32 föranleda
1670 2382 105 29 avstå-

277 2447 87 31 ende
387 2447 72 30 från
483 2447 50 29 att
555 2444 11 30 i
588 2442 261 41 lagstiftningen
872 2440 111 31 införa
1006 2439 111 30 denna
1142 2439 113 29 såsom
1279 2435 102 41 riktig
1404 2435 151 30 befunna
1577 2431 144 42 princip.

329 2497 61 31 Ett
413 2493 265 44 genomförande
702 2504 39 19 av
765 2492 64 30 den
854 2502 39 19 av
916 2489 151 41 lagrådet
1091 2488 63 31 och
1171 2487 251 31 motionärerna
1438 2484 192 40 föreslagna
1645 2481 132 32 ändrin-
