1918 2848
287 186 40 32 10
448 185 119 32 Andra
590 185 202 32 kammarens
817 184 121 33 femte
963 183 166 41 tillfälliga
1153 183 135 32 utskotts
1311 181 164 33 utlåtande
1499 181 52 32 Nr
1575 185 30 29 5.

290 275 162 30 beräknas
474 275 89 37 lägre
583 278 41 26 än
645 275 93 36 eljest
757 276 68 35 just
843 274 70 30 med
933 274 131 37 hänsyn
1085 273 48 29 till
1154 272 276 37 förefintligheten
1451 281 40 20 av
1510 271 95 29 dessa
1626 270 146 37 pålagor.

287 319 56 30 Att
367 319 59 30 fall
452 319 212 36 förekommit,
692 319 40 29 då
759 327 156 29 personer
940 318 114 36 inköpt
1079 318 69 29 med
1175 317 175 37 landskyld
1376 316 78 29 eller
1480 315 156 37 landgille
1660 315 111 29 besvä-

289 365 76 29 rade
389 364 189 37 fastigheter
602 366 79 27 utan
707 366 45 26 att
776 363 53 29 vid
852 363 97 37 köpet
974 365 63 34 äga
1059 362 183 29 kännedom
1266 361 120 34 därom,
1413 363 36 27 är
1476 361 191 36 visserligen
1693 360 78 36 möj-

289 409 65 37 ligt,
378 418 72 20 men
475 408 89 30 torde
587 408 81 30 böra
692 408 181 29 tillskrivas
898 407 167 30 bristande
1089 406 287 37 uppmärksamhet
1401 405 75 29 från
1502 405 163 36 köparens
1691 404 81 29 sida.

289 453 53 30 Ett
361 453 115 37 bidrag
498 463 39 19 av
558 455 103 27 staten
682 453 49 28 till
753 453 95 29 dessa
867 452 190 37 utskylders
1078 451 188 37 avlyftande
1287 450 74 29 från
1383 450 60 29 den
1464 449 81 37 jord,
1567 450 38 29 de
1625 449 147 33 besvära,

289 498 107 29 skulle
419 498 97 29 alltså
539 507 79 20 vara
642 497 153 37 liktydigt
816 497 70 29 med
910 506 40 20 en
974 496 84 37 gåva
1081 496 48 29 till
1155 496 207 36 jordägaren.
1398 494 186 29 Emellertid
1607 495 67 28 kan
1699 502 74 20 man

290 544 28 35 ej
341 543 94 35 neka,
459 544 45 28 att
525 544 103 27 staten
652 542 59 29 bör
734 544 61 34 äga
818 543 41 28 ett
882 542 82 28 visst
986 542 138 28 intresse
1148 542 46 28 att
1216 539 33 30 få
1274 540 96 29 dessa
1392 539 170 36 uråldriga
1585 539 189 36 jordräntor

290 586 172 38 avlyftade.
495 586 66 30 För
582 587 95 28 deras
697 586 191 37 utgörande,
910 587 11 27 i
944 586 61 29 den
1026 585 74 29 mån
1122 585 38 29 de
1181 585 79 36 utgå
1281 585 11 28 i
1313 583 175 37 persedlar,
1510 584 117 29 kräves
1650 583 123 29 marke-

290 632 258 37 gångssättning.
582 631 206 37 Visserligen
814 630 167 30 erfordras
1006 629 365 38 markegångssättning
1396 628 52 29 för
1473 627 103 30 andra
1601 627 61 30 och
1687 636 88 21 mera

290 676 255 30 vittomfattande
573 675 312 30 rättsförhållanden
916 677 42 28 än
986 674 38 30 de
1052 683 46 20 nu
1125 673 225 35 förevarande,
1380 672 112 30 varför
1521 682 74 20 man
1625 674 29 35 ej
1686 672 90 29 torde

291 721 112 29 kunna
420 722 10 27 i
447 721 182 37 penningar
645 722 87 27 mäta
749 720 61 29 den
826 719 186 37 besparing,
1030 728 69 20 som
1117 718 108 30 skulle
1241 718 126 37 uppstå,
1386 717 109 30 därest
1512 726 38 21 en
1568 717 79 30 eller
1665 726 110 20 annan

290 767 11 27 i
322 765 176 38 landskyld
518 765 77 30 eller
616 764 156 37 landgille
794 764 159 37 ingående
973 763 144 37 persedel
1138 764 29 36 ej
1192 762 111 30 vidare
1324 762 107 29 skulle
1450 761 125 30 behöva
1594 761 182 30 behandlas

291 810 51 29 vid
367 810 416 37 markegångssättningen.
821 808 74 30 Men
922 809 51 29 det
998 808 101 29 måste
1124 816 97 21 anses
1248 816 78 20 vara
1352 808 41 28 ett
1419 807 124 36 statligt
1567 807 139 28 intresse
1733 807 44 28 att

292 854 150 38 åtgärder
463 854 146 37 vidtagas
631 863 69 20 som
722 854 71 34 leda
813 853 49 29 till
882 854 46 28 att
947 852 414 37 markegångssättningen,
1384 851 107 29 vilken
1512 851 124 36 årligen
1660 850 117 36 drager

292 899 70 29 icke
388 899 201 36 oväsentliga
616 899 92 29 såväl
735 898 125 30 direkta
888 907 71 20 som
986 897 162 30 indirekta
1173 896 185 36 kostnader,
1384 896 89 28 inom
1501 905 39 20 en
1566 895 72 29 icke
1666 894 111 30 alltför

293 943 154 38 avlägsen
466 943 130 29 framtid
616 942 181 30 avvecklas.

332 985 43 31 Åt
397 988 106 29 denna
525 987 209 38 uppfattning
757 987 62 29 har
840 987 154 37 kollegiet
1018 987 59 28 ock
1100 986 79 37 givit
1202 986 130 37 uttryck
1356 986 10 27 i
1390 985 54 29 sitt
1468 984 59 30 den
1551 985 37 29 31
1613 983 165 30 december

294 1032 76 30 1930
386 1032 219 37 dagtecknade
619 1032 168 29 utlåtande
803 1031 48 29 till
866 1031 123 37 Kungl.
1008 1030 96 38 Maj:t
1118 1032 11 27 i
1145 1030 121 30 ärende
1283 1029 140 30 rörande
1438 1029 141 30 revision
1597 1037 40 21 av
1654 1028 124 29 marke-

293 1076 350 38 gångsförordningen.

332 1119 90 32 Även
450 1130 41 20 av
517 1130 108 20 annan
653 1120 177 37 anledning
856 1137 37 3 —
922 1121 110 29 såsom
1058 1122 42 27 ett
1128 1119 168 30 önskemål
1324 1120 44 27 att
1394 1118 224 30 åstadkomma
1643 1127 40 20 en
1711 1118 67 28 viss

293 1165 202 32 uniformitet
523 1166 11 28 i
564 1165 38 30 de
631 1165 147 38 pålagor,
808 1174 70 20 som
909 1165 87 29 åvila
1027 1164 122 37 jorden,
1181 1166 84 27 samt
1295 1163 149 30 enkelhet
1475 1163 59 29 och
1566 1163 78 29 reda
1676 1163 11 28 i
1718 1162 61 29 den

294 1211 213 29 ekonomiska
533 1210 218 29 samfärdseln
778 1227 36 3 —
841 1219 99 28 synes
965 1211 107 28 staten
1097 1208 156 37 möjligen
1278 1207 80 30 böra
1386 1210 80 34 göra
1494 1208 66 28 viss
1587 1206 193 38 uppoffring

294 1255 52 29 för
363 1257 45 27 att
425 1254 33 30 få
476 1255 95 29 dessa
586 1254 151 37 urgamla
754 1254 136 37 pålagor
907 1253 173 38 avlyftade.
1106 1252 98 30 Huru
1221 1253 91 36 långt
1329 1253 105 28 denna
1451 1254 122 27 statens
1589 1251 190 38 ytterligare

295 1300 193 29 medverkan
505 1299 48 30 till
570 1299 175 37 avlösning
761 1308 40 20 av
816 1298 177 37 landskyld
1010 1298 59 29 och
1087 1297 156 37 landgille
1259 1297 59 29 bör
1334 1297 132 30 sträcka
1485 1297 59 36 sig,
1562 1297 66 29 kan
1645 1296 135 37 givetvis

295 1345 70 28 icke
395 1353 46 20 nu
473 1346 147 35 avgöras,
652 1345 80 28 utan
764 1343 117 37 frågan
913 1345 111 27 tarvar
1054 1351 195 28 noggranna
1281 1342 287 36 undersökningar
1600 1341 59 29 och
1693 1343 87 27 över-

297 1388 177 37 väganden.

337 1432 113 30 Såsom
475 1433 243 29 motionärerna
742 1433 119 36 jämväl
888 1432 180 29 framhållit
1093 1432 88 29 lärer
1206 1430 119 38 frågan
1353 1440 48 20 om
1428 1430 172 37 avlösning
1627 1439 40 20 av
1693 1429 89 30 land-

297 1478 96 37 skyld
424 1478 60 29 och
514 1477 155 37 landgille
698 1478 72 29 icke
799 1477 114 29 kunna
944 1486 52 19 ses
1027 1476 142 30 isolerad
1199 1475 77 30 från
1307 1475 117 37 frågan
1457 1485 50 19 om
1538 1475 174 37 avlösning
1744 1484 42 19 av.

298 1522 103 30 andra
424 1522 171 38 utskylder
619 1522 59 29 och
703 1530 99 21 onera
826 1531 39 19 av
888 1521 156 29 liknande
1067 1523 58 28 art.
1161 1520 94 29 Inom
1277 1520 153 37 kollegiet
1453 1520 62 29 har
1539 1519 180 30 utarbetats
1744 1528 39 20 en

298 1567 190 36 preliminär
520 1567 142 29 översikt
691 1569 77 27 över
798 1566 113 37 dylika
941 1565 232 36 ålderdomliga
1205 1564 171 37 utskylder
1407 1564 59 29 och
1498 1564 145 37 pålagor,
1676 1564 108 29 vilken

300 1612 141 28 översikt
461 1612 97 35 visar,
580 1613 44 28 att
644 1613 43 28 ett
708 1612 81 28 stort
809 1611 88 29 antal
918 1610 113 38 dylika
1052 1609 138 37 alltjämt
1210 1610 150 34 existera,
1382 1608 59 29 och
1464 1611 37 26 är
1518 1611 109 27 ämnet
1647 1607 137 30 föremål

299 1655 51 30 för
378 1656 171 37 kollegiets
576 1655 190 38 ytterligare
794 1654 296 38 uppmärksamhet.
1130 1653 50 30 En
1211 1653 194 37 fullständig
1434 1652 174 37 utredning
1638 1654 12 27 i
1680 1653 106 29 ämnet

300 1709 98 29 synes
416 1701 152 36 kollegiet
584 1709 80 20 vara
681 1699 202 37 erforderlig.

338 1744 187 30 Stockholm
548 1745 59 30 den
630 1746 38 28 14
693 1753 88 20 mars
806 1744 85 30 1931.

820 1805 205 31 LENNART
1047 1804 215 31 BERGLÖFEF.

340 1851 99 29 Ernst
456 1851 36 29 P.
511 1850 218 30 Pehrzander.

723 2567 137 22 Stockholm
872 2567 59 22 1931.
952 2566 66 22 A.-B.
1030 2566 73 22 Hasse
1114 2566 36 22 W.
1161 2566 126 25 Tullbergs
1297 2565 77 22 boktr.
