<?xml version="1.0" encoding="UTF-8"?>
<alto xmlns="http://www.loc.gov/standards/alto/ns-v3#" xmlns:xlink="http://www.w3.org/1999/xlink" xmlns:xsi="http://www.w3.org/2001/XMLSchema-instance" xsi:schemaLocation="http://www.loc.gov/standards/alto/ns-v3# http://www.loc.gov/alto/v3/alto-3-0.xsd">
	<Description>
		<MeasurementUnit>pixel</MeasurementUnit>
		<sourceImageInformation>
			<fileName>/tmp/tess_7td1uw7l_input.PNG</fileName>
		</sourceImageInformation>
		<OCRProcessing ID="OCR_0">
			<ocrProcessingStep>
				<processingSoftware>
					<softwareName>tesseract 5.3.0</softwareName>
				</processingSoftware>
			</ocrProcessingStep>
		</OCRProcessing>
	</Description>
	<Layout>
		<Page WIDTH="2199" HEIGHT="2642" PHYSICAL_IMG_NR="0" ID="page_0">
			<PrintSpace HPOS="0" VPOS="0" WIDTH="2199" HEIGHT="2642">
				<ComposedBlock ID="cblock_0" HPOS="288" VPOS="198" WIDTH="1447" HEIGHT="134">
					<TextBlock ID="block_0" HPOS="288" VPOS="198" WIDTH="1447" HEIGHT="134">
						<TextLine ID="line_0" HPOS="696" VPOS="198" WIDTH="1039" HEIGHT="32">
							<String ID="string_0" HPOS="696" VPOS="198" WIDTH="245" HEIGHT="32" WC="0.90" CONTENT="Statsutskottets"/><SP WIDTH="31" VPOS="198" HPOS="941"/>
							<String ID="string_1" HPOS="972" VPOS="198" WIDTH="170" HEIGHT="32" WC="0.59" CONTENT="Utlåtande"/><SP WIDTH="22" VPOS="198" HPOS="1142"/>
							<String ID="string_2" HPOS="1164" VPOS="198" WIDTH="53" HEIGHT="31" WC="0.95" CONTENT="Nr"/><SP WIDTH="23" VPOS="198" HPOS="1217"/>
							<String ID="string_3" HPOS="1240" VPOS="201" WIDTH="27" HEIGHT="29" WC="0.95" CONTENT="4."/><SP WIDTH="428" VPOS="201" HPOS="1267"/>
							<String ID="string_4" HPOS="1695" VPOS="199" WIDTH="40" HEIGHT="30" WC="0.96" CONTENT="33"/>
						</TextLine>
						<TextLine ID="line_1" HPOS="288" VPOS="283" WIDTH="641" HEIGHT="49">
							<String ID="string_5" HPOS="288" VPOS="283" WIDTH="196" HEIGHT="38" WC="0.96" CONTENT="Utskottet"/><SP WIDTH="28" VPOS="283" HPOS="484"/>
							<String ID="string_6" HPOS="512" VPOS="284" WIDTH="221" HEIGHT="37" WC="0.96" CONTENT="hemställer"/><SP WIDTH="29" VPOS="284" HPOS="733"/>
							<String ID="string_7" HPOS="762" VPOS="284" WIDTH="167" HEIGHT="48" WC="0.96" CONTENT="sålunda,"/>
						</TextLine>
					</TextBlock>
				</ComposedBlock>
				<ComposedBlock ID="cblock_1" HPOS="585" VPOS="363" WIDTH="1195" HEIGHT="206">
					<TextBlock ID="block_1" HPOS="585" VPOS="363" WIDTH="1195" HEIGHT="206">
						<TextLine ID="line_2" HPOS="689" VPOS="363" WIDTH="1090" HEIGHT="50">
							<String ID="string_8" HPOS="689" VPOS="368" WIDTH="55" HEIGHT="32" WC="0.95" CONTENT="att"/><SP WIDTH="28" VPOS="368" HPOS="744"/>
							<String ID="string_9" HPOS="772" VPOS="363" WIDTH="219" HEIGHT="50" WC="0.94" CONTENT="Riksdagen"/><SP WIDTH="23" VPOS="363" HPOS="991"/>
							<String ID="string_10" HPOS="1014" VPOS="363" WIDTH="11" HEIGHT="36" WC="0.73" CONTENT="i"/><SP WIDTH="21" VPOS="363" HPOS="1025"/>
							<String ID="string_11" HPOS="1046" VPOS="363" WIDTH="207" HEIGHT="50" WC="0.96" CONTENT="anledning"/><SP WIDTH="20" VPOS="363" HPOS="1253"/>
							<String ID="string_12" HPOS="1273" VPOS="363" WIDTH="40" HEIGHT="37" WC="0.96" CONTENT="af"/><SP WIDTH="16" VPOS="363" HPOS="1313"/>
							<String ID="string_13" HPOS="1329" VPOS="363" WIDTH="143" HEIGHT="50" WC="0.95" CONTENT="Kungl."/><SP WIDTH="22" VPOS="363" HPOS="1472"/>
							<String ID="string_14" HPOS="1494" VPOS="364" WIDTH="126" HEIGHT="49" WC="0.93" CONTENT="Maj:ts"/><SP WIDTH="19" VPOS="364" HPOS="1620"/>
							<String ID="string_15" HPOS="1639" VPOS="363" WIDTH="140" HEIGHT="50" WC="0.91" CONTENT="ifråga-"/>
						</TextLine>
						<TextLine ID="line_3" HPOS="585" VPOS="416" WIDTH="1194" HEIGHT="50">
							<String ID="string_16" HPOS="585" VPOS="417" WIDTH="166" HEIGHT="36" WC="0.94" CONTENT="varande"/><SP WIDTH="42" VPOS="417" HPOS="751"/>
							<String ID="string_17" HPOS="793" VPOS="416" WIDTH="282" HEIGHT="49" WC="0.94" CONTENT="framställning"/><SP WIDTH="41" VPOS="416" HPOS="1075"/>
							<String ID="string_18" HPOS="1116" VPOS="419" WIDTH="58" HEIGHT="34" WC="0.95" CONTENT="må"/><SP WIDTH="36" VPOS="419" HPOS="1174"/>
							<String ID="string_19" HPOS="1210" VPOS="416" WIDTH="87" HEIGHT="49" WC="0.84" CONTENT="höja"/><SP WIDTH="39" VPOS="416" HPOS="1297"/>
							<String ID="string_20" HPOS="1336" VPOS="417" WIDTH="172" HEIGHT="47" WC="0.95" CONTENT="anslaget"/><SP WIDTH="28" VPOS="417" HPOS="1508"/>
							<String ID="string_21" HPOS="1536" VPOS="417" WIDTH="56" HEIGHT="35" WC="0.91" CONTENT="till"/><SP WIDTH="29" VPOS="417" HPOS="1592"/>
							<String ID="string_22" HPOS="1621" VPOS="418" WIDTH="158" HEIGHT="48" WC="0.83" CONTENT="aflöning"/>
						</TextLine>
						<TextLine ID="line_4" HPOS="588" VPOS="468" WIDTH="1192" HEIGHT="50">
							<String ID="string_23" HPOS="588" VPOS="470" WIDTH="59" HEIGHT="35" WC="0.94" CONTENT="och"/><SP WIDTH="47" VPOS="470" HPOS="647"/>
							<String ID="string_24" HPOS="694" VPOS="470" WIDTH="216" HEIGHT="48" WC="0.93" CONTENT="rekrytering"/><SP WIDTH="41" VPOS="470" HPOS="910"/>
							<String ID="string_25" HPOS="951" VPOS="483" WIDTH="45" HEIGHT="22" WC="0.84" CONTENT="m."/><SP WIDTH="44" VPOS="483" HPOS="996"/>
							<String ID="string_26" HPOS="1040" VPOS="483" WIDTH="44" HEIGHT="22" WC="0.89" CONTENT="m."/><SP WIDTH="43" VPOS="483" HPOS="1084"/>
							<String ID="string_27" HPOS="1127" VPOS="482" WIDTH="52" HEIGHT="23" WC="0.92" CONTENT="nu"/><SP WIDTH="44" VPOS="482" HPOS="1179"/>
							<String ID="string_28" HPOS="1223" VPOS="470" WIDTH="226" HEIGHT="47" WC="0.88" CONTENT="17,921,168"/><SP WIDTH="48" VPOS="470" HPOS="1449"/>
							<String ID="string_29" HPOS="1497" VPOS="468" WIDTH="150" HEIGHT="48" WC="0.96" CONTENT="kronor,"/><SP WIDTH="46" VPOS="468" HPOS="1647"/>
							<String ID="string_30" HPOS="1693" VPOS="468" WIDTH="87" HEIGHT="37" WC="0.96" CONTENT="med"/>
						</TextLine>
						<TextLine ID="line_5" HPOS="588" VPOS="521" WIDTH="866" HEIGHT="48">
							<String ID="string_31" HPOS="588" VPOS="522" WIDTH="137" HEIGHT="46" WC="0.92" CONTENT="36,939"/><SP WIDTH="29" VPOS="522" HPOS="725"/>
							<String ID="string_32" HPOS="754" VPOS="521" WIDTH="154" HEIGHT="48" WC="0.96" CONTENT="kronor,"/><SP WIDTH="30" VPOS="521" HPOS="908"/>
							<String ID="string_33" HPOS="938" VPOS="521" WIDTH="56" HEIGHT="37" WC="0.93" CONTENT="till"/><SP WIDTH="31" VPOS="521" HPOS="994"/>
							<String ID="string_34" HPOS="1025" VPOS="522" WIDTH="226" HEIGHT="46" WC="0.91" CONTENT="17,958,107"/><SP WIDTH="31" VPOS="522" HPOS="1251"/>
							<String ID="string_35" HPOS="1282" VPOS="521" WIDTH="172" HEIGHT="36" WC="0.96" CONTENT="kronor.»"/>
						</TextLine>
					</TextBlock>
				</ComposedBlock>
				<ComposedBlock ID="cblock_2" HPOS="185" VPOS="625" WIDTH="1596" HEIGHT="203">
					<TextBlock ID="block_2" HPOS="185" VPOS="625" WIDTH="1596" HEIGHT="102">
						<TextLine ID="line_6" HPOS="290" VPOS="625" WIDTH="1491" HEIGHT="51">
							<String ID="string_36" HPOS="290" VPOS="625" WIDTH="72" HEIGHT="37" WC="0.96" CONTENT="Vid"/><SP WIDTH="25" VPOS="625" HPOS="362"/>
							<String ID="string_37" HPOS="387" VPOS="626" WIDTH="117" HEIGHT="48" WC="0.93" CONTENT="punkt"/><SP WIDTH="26" VPOS="626" HPOS="504"/>
							<String ID="string_38" HPOS="530" VPOS="627" WIDTH="82" HEIGHT="36" WC="0.68" CONTENT="15:o"/><SP WIDTH="31" VPOS="627" HPOS="612"/>
							<String ID="string_39" HPOS="643" VPOS="625" WIDTH="211" HEIGHT="50" WC="0.96" CONTENT="(angående"/><SP WIDTH="29" VPOS="625" HPOS="854"/>
							<String ID="string_40" HPOS="883" VPOS="626" WIDTH="46" HEIGHT="36" WC="0.92" CONTENT="de"/><SP WIDTH="30" VPOS="626" HPOS="929"/>
							<String ID="string_41" HPOS="959" VPOS="626" WIDTH="276" HEIGHT="50" WC="0.91" CONTENT="värnpliktiges"/><SP WIDTH="21" VPOS="626" HPOS="1235"/>
							<String ID="string_42" HPOS="1256" VPOS="625" WIDTH="179" HEIGHT="50" WC="0.92" CONTENT="aflöning,"/><SP WIDTH="21" VPOS="625" HPOS="1435"/>
							<String ID="string_43" HPOS="1456" VPOS="625" WIDTH="233" HEIGHT="49" WC="0.90" CONTENT="inskrifning"/><SP WIDTH="20" VPOS="625" HPOS="1689"/>
							<String ID="string_44" HPOS="1709" VPOS="625" WIDTH="72" HEIGHT="37" WC="0.96" CONTENT="och"/>
						</TextLine>
						<TextLine ID="line_7" HPOS="185" VPOS="676" WIDTH="432" HEIGHT="51">
							<String ID="string_45" HPOS="185" VPOS="676" WIDTH="248" HEIGHT="51" WC="0.93" CONTENT="redovisning"/><SP WIDTH="27" VPOS="676" HPOS="433"/>
							<String ID="string_46" HPOS="460" VPOS="691" WIDTH="47" HEIGHT="23" WC="0.88" CONTENT="m."/><SP WIDTH="30" VPOS="691" HPOS="507"/>
							<String ID="string_47" HPOS="537" VPOS="678" WIDTH="80" HEIGHT="49" WC="0.88" CONTENT="m.):"/>
						</TextLine>
					</TextBlock>
					<TextBlock ID="block_3" HPOS="187" VPOS="730" WIDTH="1594" HEIGHT="98">
						<TextLine ID="line_8" HPOS="290" VPOS="730" WIDTH="1491" HEIGHT="50">
							<String ID="string_48" HPOS="290" VPOS="731" WIDTH="42" HEIGHT="36" WC="0.96" CONTENT="af"/><SP WIDTH="23" VPOS="731" HPOS="332"/>
							<String ID="string_49" HPOS="355" VPOS="731" WIDTH="131" HEIGHT="37" WC="0.92" CONTENT="herrar"/><SP WIDTH="27" VPOS="731" HPOS="486"/>
							<String ID="string_50" HPOS="513" VPOS="731" WIDTH="46" HEIGHT="37" WC="0.80" CONTENT="A."/><SP WIDTH="38" VPOS="731" HPOS="559"/>
							<String ID="string_51" HPOS="597" VPOS="732" WIDTH="178" HEIGHT="48" WC="0.93" CONTENT="Wiklund,"/><SP WIDTH="29" VPOS="732" HPOS="775"/>
							<String ID="string_52" HPOS="804" VPOS="732" WIDTH="41" HEIGHT="36" WC="0.92" CONTENT="P."/><SP WIDTH="34" VPOS="732" HPOS="845"/>
							<String ID="string_53" HPOS="879" VPOS="730" WIDTH="139" HEIGHT="50" WC="0.96" CONTENT="Olsson,"/><SP WIDTH="30" VPOS="730" HPOS="1018"/>
							<String ID="string_54" HPOS="1048" VPOS="732" WIDTH="44" HEIGHT="36" WC="0.47" CONTENT="EK."/><SP WIDTH="31" VPOS="732" HPOS="1092"/>
							<String ID="string_55" HPOS="1123" VPOS="731" WIDTH="185" HEIGHT="49" WC="0.91" CONTENT="Starbäck,"/><SP WIDTH="29" VPOS="731" HPOS="1308"/>
							<String ID="string_56" HPOS="1337" VPOS="732" WIDTH="45" HEIGHT="36" WC="0.57" CONTENT="Å."/><SP WIDTH="30" VPOS="732" HPOS="1382"/>
							<String ID="string_57" HPOS="1412" VPOS="732" WIDTH="155" HEIGHT="48" WC="0.93" CONTENT="Ekman,"/><SP WIDTH="29" VPOS="732" HPOS="1567"/>
							<String ID="string_58" HPOS="1596" VPOS="732" WIDTH="37" HEIGHT="36" WC="0.91" CONTENT="J."/><SP WIDTH="29" VPOS="732" HPOS="1633"/>
							<String ID="string_59" HPOS="1662" VPOS="732" WIDTH="119" HEIGHT="38" WC="0.96" CONTENT="Ström"/>
						</TextLine>
						<TextLine ID="line_9" HPOS="187" VPOS="783" WIDTH="398" HEIGHT="45">
							<String ID="string_60" HPOS="187" VPOS="783" WIDTH="70" HEIGHT="37" WC="0.93" CONTENT="och"/><SP WIDTH="29" VPOS="783" HPOS="257"/>
							<String ID="string_61" HPOS="286" VPOS="784" WIDTH="43" HEIGHT="36" WC="0.89" CONTENT="E."/><SP WIDTH="30" VPOS="784" HPOS="329"/>
							<String ID="string_62" HPOS="359" VPOS="785" WIDTH="43" HEIGHT="36" WC="0.85" CONTENT="A."/><SP WIDTH="30" VPOS="785" HPOS="402"/>
							<String ID="string_63" HPOS="432" VPOS="784" WIDTH="153" HEIGHT="44" WC="0.91" CONTENT="Nilson;"/>
						</TextLine>
					</TextBlock>
				</ComposedBlock>
				<ComposedBlock ID="cblock_3" HPOS="182" VPOS="888" WIDTH="1600" HEIGHT="993">
					<TextBlock ID="block_4" HPOS="187" VPOS="888" WIDTH="1594" HEIGHT="103">
						<TextLine ID="line_10" HPOS="289" VPOS="888" WIDTH="1492" HEIGHT="50">
							<String ID="string_64" HPOS="289" VPOS="888" WIDTH="42" HEIGHT="37" WC="0.96" CONTENT="af"/><SP WIDTH="32" VPOS="888" HPOS="331"/>
							<String ID="string_65" HPOS="363" VPOS="889" WIDTH="131" HEIGHT="36" WC="0.93" CONTENT="herrar"/><SP WIDTH="36" VPOS="889" HPOS="494"/>
							<String ID="string_66" HPOS="530" VPOS="889" WIDTH="41" HEIGHT="36" WC="0.85" CONTENT="F."/><SP WIDTH="38" VPOS="889" HPOS="571"/>
							<String ID="string_67" HPOS="609" VPOS="890" WIDTH="47" HEIGHT="36" WC="0.86" CONTENT="W."/><SP WIDTH="37" VPOS="890" HPOS="656"/>
							<String ID="string_68" HPOS="693" VPOS="890" WIDTH="174" HEIGHT="38" WC="0.95" CONTENT="Thorsson"/><SP WIDTH="30" VPOS="890" HPOS="867"/>
							<String ID="string_69" HPOS="897" VPOS="889" WIDTH="71" HEIGHT="36" WC="0.93" CONTENT="och"/><SP WIDTH="33" VPOS="889" HPOS="968"/>
							<String ID="string_70" HPOS="1001" VPOS="891" WIDTH="41" HEIGHT="34" WC="0.93" CONTENT="K."/><SP WIDTH="38" VPOS="891" HPOS="1042"/>
							<String ID="string_71" HPOS="1080" VPOS="890" WIDTH="39" HEIGHT="37" WC="0.88" CONTENT="V."/><SP WIDTH="30" VPOS="890" HPOS="1119"/>
							<String ID="string_72" HPOS="1149" VPOS="889" WIDTH="139" HEIGHT="48" WC="0.96" CONTENT="Rydén,"/><SP WIDTH="29" VPOS="889" HPOS="1288"/>
							<String ID="string_73" HPOS="1317" VPOS="889" WIDTH="130" HEIGHT="36" WC="0.96" CONTENT="hvilka"/><SP WIDTH="28" VPOS="889" HPOS="1447"/>
							<String ID="string_74" HPOS="1475" VPOS="894" WIDTH="136" HEIGHT="44" WC="0.95" CONTENT="ansett,"/><SP WIDTH="31" VPOS="894" HPOS="1611"/>
							<String ID="string_75" HPOS="1642" VPOS="894" WIDTH="55" HEIGHT="32" WC="0.93" CONTENT="att"/><SP WIDTH="27" VPOS="894" HPOS="1697"/>
							<String ID="string_76" HPOS="1724" VPOS="895" WIDTH="57" HEIGHT="31" WC="0.92" CONTENT="ut-"/>
						</TextLine>
						<TextLine ID="line_11" HPOS="187" VPOS="941" WIDTH="1296" HEIGHT="50">
							<String ID="string_77" HPOS="187" VPOS="941" WIDTH="163" HEIGHT="37" WC="0.92" CONTENT="skottets"/><SP WIDTH="28" VPOS="941" HPOS="350"/>
							<String ID="string_78" HPOS="378" VPOS="941" WIDTH="179" HEIGHT="50" WC="0.96" CONTENT="yttrande"/><SP WIDTH="30" VPOS="941" HPOS="557"/>
							<String ID="string_79" HPOS="587" VPOS="941" WIDTH="71" HEIGHT="37" WC="0.95" CONTENT="och"/><SP WIDTH="28" VPOS="941" HPOS="658"/>
							<String ID="string_80" HPOS="686" VPOS="941" WIDTH="156" HEIGHT="49" WC="0.96" CONTENT="förslag,"/><SP WIDTH="29" VPOS="941" HPOS="842"/>
							<String ID="string_81" HPOS="871" VPOS="941" WIDTH="85" HEIGHT="37" WC="0.96" CONTENT="bort"/><SP WIDTH="26" VPOS="941" HPOS="956"/>
							<String ID="string_82" HPOS="982" VPOS="941" WIDTH="115" HEIGHT="37" WC="0.96" CONTENT="hafva"/><SP WIDTH="29" VPOS="941" HPOS="1097"/>
							<String ID="string_83" HPOS="1126" VPOS="941" WIDTH="167" HEIGHT="49" WC="0.95" CONTENT="följande"/><SP WIDTH="29" VPOS="941" HPOS="1293"/>
							<String ID="string_84" HPOS="1322" VPOS="941" WIDTH="161" HEIGHT="49" WC="0.96" CONTENT="lydelse:"/>
						</TextLine>
					</TextBlock>
					<TextBlock ID="block_5" HPOS="186" VPOS="993" WIDTH="1592" HEIGHT="103">
						<TextLine ID="line_12" HPOS="287" VPOS="993" WIDTH="1491" HEIGHT="50">
							<String ID="string_85" HPOS="287" VPOS="994" WIDTH="108" HEIGHT="36" WC="0.86" CONTENT="»Med"/><SP WIDTH="30" VPOS="994" HPOS="395"/>
							<String ID="string_86" HPOS="425" VPOS="993" WIDTH="209" HEIGHT="50" WC="0.96" CONTENT="anledning"/><SP WIDTH="28" VPOS="993" HPOS="634"/>
							<String ID="string_87" HPOS="662" VPOS="994" WIDTH="42" HEIGHT="36" WC="0.92" CONTENT="af"/><SP WIDTH="23" VPOS="994" HPOS="704"/>
							<String ID="string_88" HPOS="727" VPOS="1015" WIDTH="49" HEIGHT="5" WC="0.88" CONTENT="—"/><SP WIDTH="29" VPOS="1015" HPOS="776"/>
							<String ID="string_89" HPOS="805" VPOS="1016" WIDTH="49" HEIGHT="4" WC="0.90" CONTENT="—"/><SP WIDTH="31" VPOS="1016" HPOS="854"/>
							<String ID="string_90" HPOS="885" VPOS="1016" WIDTH="49" HEIGHT="4" WC="0.89" CONTENT="—"/><SP WIDTH="28" VPOS="1016" HPOS="934"/>
							<String ID="string_91" HPOS="962" VPOS="1015" WIDTH="50" HEIGHT="5" WC="0.91" CONTENT="—"/><SP WIDTH="28" VPOS="1015" HPOS="1012"/>
							<String ID="string_92" HPOS="1040" VPOS="993" WIDTH="91" HEIGHT="49" WC="0.96" CONTENT="(lika"/><SP WIDTH="28" VPOS="993" HPOS="1131"/>
							<String ID="string_93" HPOS="1159" VPOS="994" WIDTH="83" HEIGHT="37" WC="0.96" CONTENT="med"/><SP WIDTH="30" VPOS="994" HPOS="1242"/>
							<String ID="string_94" HPOS="1272" VPOS="993" WIDTH="204" HEIGHT="50" WC="0.89" CONTENT="utskottet)"/><SP WIDTH="30" VPOS="993" HPOS="1476"/>
							<String ID="string_95" HPOS="1506" VPOS="1017" WIDTH="47" HEIGHT="3" WC="0.89" CONTENT="—"/><SP WIDTH="29" VPOS="1017" HPOS="1553"/>
							<String ID="string_96" HPOS="1582" VPOS="1016" WIDTH="49" HEIGHT="4" WC="0.82" CONTENT="—"/><SP WIDTH="29" VPOS="1016" HPOS="1631"/>
							<String ID="string_97" HPOS="1660" VPOS="1017" WIDTH="49" HEIGHT="3" WC="0.85" CONTENT="—"/><SP WIDTH="21" VPOS="1017" HPOS="1709"/>
							<String ID="string_98" HPOS="1730" VPOS="1016" WIDTH="48" HEIGHT="5" WC="0.82" CONTENT="—"/>
						</TextLine>
						<TextLine ID="line_13" HPOS="186" VPOS="1046" WIDTH="1000" HEIGHT="50">
							<String ID="string_99" HPOS="186" VPOS="1046" WIDTH="183" HEIGHT="50" WC="0.91" CONTENT="afstyrkts"/><SP WIDTH="31" VPOS="1046" HPOS="369"/>
							<String ID="string_100" HPOS="400" VPOS="1047" WIDTH="71" HEIGHT="37" WC="0.96" CONTENT="och"/><SP WIDTH="29" VPOS="1047" HPOS="471"/>
							<String ID="string_101" HPOS="500" VPOS="1047" WIDTH="31" HEIGHT="49" WC="0.96" CONTENT="ej"/><SP WIDTH="32" VPOS="1047" HPOS="531"/>
							<String ID="string_102" HPOS="563" VPOS="1046" WIDTH="117" HEIGHT="37" WC="0.96" CONTENT="heller"/><SP WIDTH="29" VPOS="1046" HPOS="680"/>
							<String ID="string_103" HPOS="709" VPOS="1047" WIDTH="40" HEIGHT="36" WC="0.95" CONTENT="af"/><SP WIDTH="25" VPOS="1047" HPOS="749"/>
							<String ID="string_104" HPOS="774" VPOS="1046" WIDTH="220" HEIGHT="49" WC="0.92" CONTENT="Riksdagen"/><SP WIDTH="27" VPOS="1046" HPOS="994"/>
							<String ID="string_105" HPOS="1021" VPOS="1046" WIDTH="165" HEIGHT="37" WC="0.86" CONTENT="bifallits."/>
						</TextLine>
					</TextBlock>
					<TextBlock ID="block_6" HPOS="183" VPOS="1097" WIDTH="1599" HEIGHT="367">
						<TextLine ID="line_14" HPOS="288" VPOS="1097" WIDTH="1493" HEIGHT="51">
							<String ID="string_106" HPOS="288" VPOS="1099" WIDTH="242" HEIGHT="37" WC="0.96" CONTENT="Beträffande"/><SP WIDTH="30" VPOS="1099" HPOS="530"/>
							<String ID="string_107" HPOS="560" VPOS="1099" WIDTH="64" HEIGHT="36" WC="0.96" CONTENT="det"/><SP WIDTH="28" VPOS="1099" HPOS="624"/>
							<String ID="string_108" HPOS="652" VPOS="1099" WIDTH="41" HEIGHT="36" WC="0.96" CONTENT="af"/><SP WIDTH="24" VPOS="1099" HPOS="693"/>
							<String ID="string_109" HPOS="717" VPOS="1099" WIDTH="88" HEIGHT="36" WC="0.96" CONTENT="herr"/><SP WIDTH="28" VPOS="1099" HPOS="805"/>
							<String ID="string_110" HPOS="833" VPOS="1098" WIDTH="221" HEIGHT="37" WC="0.96" CONTENT="Johansson"/><SP WIDTH="28" VPOS="1098" HPOS="1054"/>
							<String ID="string_111" HPOS="1082" VPOS="1099" WIDTH="12" HEIGHT="35" WC="0.96" CONTENT="i"/><SP WIDTH="28" VPOS="1099" HPOS="1094"/>
							<String ID="string_112" HPOS="1122" VPOS="1097" WIDTH="224" HEIGHT="51" WC="0.92" CONTENT="Jönköping"/><SP WIDTH="28" VPOS="1097" HPOS="1346"/>
							<String ID="string_113" HPOS="1374" VPOS="1113" WIDTH="47" HEIGHT="22" WC="0.91" CONTENT="m."/><SP WIDTH="22" VPOS="1113" HPOS="1421"/>
							<String ID="string_114" HPOS="1443" VPOS="1099" WIDTH="36" HEIGHT="36" WC="0.80" CONTENT="fl."/><SP WIDTH="21" VPOS="1099" HPOS="1479"/>
							<String ID="string_115" HPOS="1500" VPOS="1099" WIDTH="12" HEIGHT="36" WC="0.89" CONTENT="i"/><SP WIDTH="21" VPOS="1099" HPOS="1512"/>
							<String ID="string_116" HPOS="1533" VPOS="1099" WIDTH="248" HEIGHT="37" WC="0.90" CONTENT="omförmälda"/>
						</TextLine>
						<TextLine ID="line_15" HPOS="185" VPOS="1151" WIDTH="1595" HEIGHT="49">
							<String ID="string_117" HPOS="185" VPOS="1151" WIDTH="142" HEIGHT="37" WC="0.96" CONTENT="motion"/><SP WIDTH="28" VPOS="1151" HPOS="327"/>
							<String ID="string_118" HPOS="355" VPOS="1151" WIDTH="238" HEIGHT="37" WC="0.96" CONTENT="framställda"/><SP WIDTH="27" VPOS="1151" HPOS="593"/>
							<String ID="string_119" HPOS="620" VPOS="1151" WIDTH="190" HEIGHT="49" WC="0.96" CONTENT="yrkandet"/><SP WIDTH="23" VPOS="1151" HPOS="810"/>
							<String ID="string_120" HPOS="833" VPOS="1165" WIDTH="60" HEIGHT="23" WC="0.96" CONTENT="om"/><SP WIDTH="23" VPOS="1165" HPOS="893"/>
							<String ID="string_121" HPOS="916" VPOS="1151" WIDTH="174" HEIGHT="37" WC="0.93" CONTENT="minskad"/><SP WIDTH="20" VPOS="1151" HPOS="1090"/>
							<String ID="string_122" HPOS="1110" VPOS="1151" WIDTH="213" HEIGHT="49" WC="0.90" CONTENT="öfningstid"/><SP WIDTH="19" VPOS="1151" HPOS="1323"/>
							<String ID="string_123" HPOS="1342" VPOS="1151" WIDTH="60" HEIGHT="37" WC="0.96" CONTENT="för"/><SP WIDTH="19" VPOS="1151" HPOS="1402"/>
							<String ID="string_124" HPOS="1421" VPOS="1152" WIDTH="220" HEIGHT="36" WC="0.95" CONTENT="infanteriet"/><SP WIDTH="19" VPOS="1152" HPOS="1641"/>
							<String ID="string_125" HPOS="1660" VPOS="1152" WIDTH="120" HEIGHT="36" WC="0.96" CONTENT="under"/>
						</TextLine>
						<TextLine ID="line_16" HPOS="186" VPOS="1203" WIDTH="1594" HEIGHT="50">
							<String ID="string_126" HPOS="186" VPOS="1208" WIDTH="40" HEIGHT="33" WC="0.95" CONTENT="år"/><SP WIDTH="43" VPOS="1208" HPOS="226"/>
							<String ID="string_127" HPOS="269" VPOS="1206" WIDTH="95" HEIGHT="35" WC="0.95" CONTENT="1911"/><SP WIDTH="40" VPOS="1206" HPOS="364"/>
							<String ID="string_128" HPOS="404" VPOS="1204" WIDTH="120" HEIGHT="37" WC="0.96" CONTENT="finner"/><SP WIDTH="36" VPOS="1204" HPOS="524"/>
							<String ID="string_129" HPOS="560" VPOS="1204" WIDTH="187" HEIGHT="36" WC="0.96" CONTENT="utskottet"/><SP WIDTH="33" VPOS="1204" HPOS="747"/>
							<String ID="string_130" HPOS="780" VPOS="1204" WIDTH="218" HEIGHT="36" WC="0.95" CONTENT="densamma"/><SP WIDTH="27" VPOS="1204" HPOS="998"/>
							<String ID="string_131" HPOS="1025" VPOS="1203" WIDTH="167" HEIGHT="50" WC="0.95" CONTENT="förtjäna"/><SP WIDTH="29" VPOS="1203" HPOS="1192"/>
							<String ID="string_132" HPOS="1221" VPOS="1204" WIDTH="48" HEIGHT="36" WC="0.96" CONTENT="all"/><SP WIDTH="27" VPOS="1204" HPOS="1269"/>
							<String ID="string_133" HPOS="1296" VPOS="1204" WIDTH="346" HEIGHT="49" WC="0.94" CONTENT="uppmärksamhet."/><SP WIDTH="55" VPOS="1204" HPOS="1642"/>
							<String ID="string_134" HPOS="1697" VPOS="1204" WIDTH="83" HEIGHT="37" WC="0.95" CONTENT="Den"/>
						</TextLine>
						<TextLine ID="line_17" HPOS="183" VPOS="1256" WIDTH="1597" HEIGHT="50">
							<String ID="string_135" HPOS="183" VPOS="1257" WIDTH="168" HEIGHT="37" WC="0.96" CONTENT="rådande"/><SP WIDTH="38" VPOS="1257" HPOS="351"/>
							<String ID="string_136" HPOS="389" VPOS="1256" WIDTH="246" HEIGHT="37" WC="0.94" CONTENT="ekonomiska"/><SP WIDTH="28" VPOS="1256" HPOS="635"/>
							<String ID="string_137" HPOS="663" VPOS="1256" WIDTH="271" HEIGHT="49" WC="0.96" CONTENT="depressionen"/><SP WIDTH="27" VPOS="1256" HPOS="934"/>
							<String ID="string_138" HPOS="961" VPOS="1256" WIDTH="135" HEIGHT="49" WC="0.96" CONTENT="bjuder"/><SP WIDTH="29" VPOS="1256" HPOS="1096"/>
							<String ID="string_139" HPOS="1125" VPOS="1256" WIDTH="290" HEIGHT="37" WC="0.95" CONTENT="statsmakterna"/><SP WIDTH="29" VPOS="1256" HPOS="1415"/>
							<String ID="string_140" HPOS="1444" VPOS="1261" WIDTH="55" HEIGHT="32" WC="0.96" CONTENT="att"/><SP WIDTH="26" VPOS="1261" HPOS="1499"/>
							<String ID="string_141" HPOS="1525" VPOS="1259" WIDTH="49" HEIGHT="47" WC="0.96" CONTENT="på"/><SP WIDTH="28" VPOS="1259" HPOS="1574"/>
							<String ID="string_142" HPOS="1602" VPOS="1256" WIDTH="71" HEIGHT="37" WC="0.81" CONTENT="alla"/><SP WIDTH="30" VPOS="1256" HPOS="1673"/>
							<String ID="string_143" HPOS="1703" VPOS="1270" WIDTH="77" HEIGHT="23" WC="0.91" CONTENT="om-"/>
						</TextLine>
						<TextLine ID="line_18" HPOS="183" VPOS="1308" WIDTH="1599" HEIGHT="51">
							<String ID="string_144" HPOS="183" VPOS="1309" WIDTH="119" HEIGHT="37" WC="0.91" CONTENT="råden"/><SP WIDTH="40" VPOS="1309" HPOS="302"/>
							<String ID="string_145" HPOS="342" VPOS="1309" WIDTH="173" HEIGHT="49" WC="0.72" CONTENT="jakttaga"/><SP WIDTH="37" VPOS="1309" HPOS="515"/>
							<String ID="string_146" HPOS="552" VPOS="1309" WIDTH="249" HEIGHT="50" WC="0.96" CONTENT="sparsamhet,"/><SP WIDTH="37" VPOS="1309" HPOS="801"/>
							<String ID="string_147" HPOS="838" VPOS="1309" WIDTH="69" HEIGHT="36" WC="0.96" CONTENT="och"/><SP WIDTH="29" VPOS="1309" HPOS="907"/>
							<String ID="string_148" HPOS="936" VPOS="1309" WIDTH="46" HEIGHT="36" WC="0.96" CONTENT="då"/><SP WIDTH="26" VPOS="1309" HPOS="982"/>
							<String ID="string_149" HPOS="1008" VPOS="1308" WIDTH="13" HEIGHT="36" WC="0.96" CONTENT="i"/><SP WIDTH="28" VPOS="1308" HPOS="1021"/>
							<String ID="string_150" HPOS="1049" VPOS="1322" WIDTH="51" HEIGHT="23" WC="0.96" CONTENT="nu"/><SP WIDTH="29" VPOS="1322" HPOS="1100"/>
							<String ID="string_151" HPOS="1129" VPOS="1309" WIDTH="247" HEIGHT="36" WC="0.96" CONTENT="förevarande"/><SP WIDTH="29" VPOS="1309" HPOS="1376"/>
							<String ID="string_152" HPOS="1405" VPOS="1308" WIDTH="65" HEIGHT="37" WC="0.96" CONTENT="fall"/><SP WIDTH="29" VPOS="1308" HPOS="1470"/>
							<String ID="string_153" HPOS="1499" VPOS="1322" WIDTH="46" HEIGHT="23" WC="0.96" CONTENT="en"/><SP WIDTH="29" VPOS="1322" HPOS="1545"/>
							<String ID="string_154" HPOS="1574" VPOS="1309" WIDTH="208" HEIGHT="49" WC="0.96" CONTENT="besparing"/>
						</TextLine>
						<TextLine ID="line_19" HPOS="186" VPOS="1361" WIDTH="1595" HEIGHT="50">
							<String ID="string_155" HPOS="186" VPOS="1375" WIDTH="114" HEIGHT="36" WC="0.96" CONTENT="synes"/><SP WIDTH="41" VPOS="1375" HPOS="300"/>
							<String ID="string_156" HPOS="341" VPOS="1362" WIDTH="129" HEIGHT="36" WC="0.96" CONTENT="kunna"/><SP WIDTH="40" VPOS="1362" HPOS="470"/>
							<String ID="string_157" HPOS="510" VPOS="1366" WIDTH="92" HEIGHT="32" WC="0.95" CONTENT="utan"/><SP WIDTH="42" VPOS="1366" HPOS="602"/>
							<String ID="string_158" HPOS="644" VPOS="1361" WIDTH="207" HEIGHT="50" WC="0.95" CONTENT="olägenhet"/><SP WIDTH="42" VPOS="1361" HPOS="851"/>
							<String ID="string_159" HPOS="893" VPOS="1361" WIDTH="78" HEIGHT="47" WC="0.95" CONTENT="ske,"/><SP WIDTH="39" VPOS="1361" HPOS="971"/>
							<String ID="string_160" HPOS="1010" VPOS="1361" WIDTH="121" HEIGHT="36" WC="0.96" CONTENT="finner"/><SP WIDTH="38" VPOS="1361" HPOS="1131"/>
							<String ID="string_161" HPOS="1169" VPOS="1361" WIDTH="60" HEIGHT="49" WC="0.96" CONTENT="sig"/><SP WIDTH="28" VPOS="1361" HPOS="1229"/>
							<String ID="string_162" HPOS="1257" VPOS="1361" WIDTH="186" HEIGHT="37" WC="0.96" CONTENT="utskottet"/><SP WIDTH="28" VPOS="1361" HPOS="1443"/>
							<String ID="string_163" HPOS="1471" VPOS="1361" WIDTH="91" HEIGHT="37" WC="0.97" CONTENT="böra"/><SP WIDTH="28" VPOS="1361" HPOS="1562"/>
							<String ID="string_164" HPOS="1590" VPOS="1361" WIDTH="191" HEIGHT="49" WC="0.96" CONTENT="tillstyrka"/>
						</TextLine>
						<TextLine ID="line_20" HPOS="184" VPOS="1413" WIDTH="616" HEIGHT="51">
							<String ID="string_165" HPOS="184" VPOS="1414" WIDTH="292" HEIGHT="50" WC="0.96" CONTENT="ifrågavarande"/><SP WIDTH="30" VPOS="1414" HPOS="476"/>
							<String ID="string_166" HPOS="506" VPOS="1413" WIDTH="294" HEIGHT="50" WC="0.95" CONTENT="framställning."/>
						</TextLine>
					</TextBlock>
					<TextBlock ID="block_7" HPOS="182" VPOS="1438" WIDTH="1599" HEIGHT="394">
						<TextLine ID="line_21" HPOS="286" VPOS="1438" WIDTH="1495" HEIGHT="92">
							<String ID="string_167" HPOS="286" VPOS="1467" WIDTH="199" HEIGHT="37" WC="0.96" CONTENT="Utskottet"/><SP WIDTH="40" VPOS="1467" HPOS="485"/>
							<String ID="string_168" HPOS="525" VPOS="1467" WIDTH="122" HEIGHT="36" WC="0.95" CONTENT="finner"/><SP WIDTH="42" VPOS="1467" HPOS="647"/>
							<String ID="string_169" HPOS="689" VPOS="1467" WIDTH="59" HEIGHT="48" WC="0.95" CONTENT="sig"/><SP WIDTH="42" VPOS="1467" HPOS="748"/>
							<String ID="string_170" HPOS="790" VPOS="1469" WIDTH="40" HEIGHT="33" WC="0.96" CONTENT="så"/><SP WIDTH="37" VPOS="1469" HPOS="830"/>
							<String ID="string_171" HPOS="867" VPOS="1467" WIDTH="150" HEIGHT="48" WC="0.96" CONTENT="mycket"/><SP WIDTH="36" VPOS="1467" HPOS="1017"/>
							<String ID="string_172" HPOS="1053" VPOS="1466" WIDTH="117" HEIGHT="37" WC="0.95" CONTENT="hellre"/><SP WIDTH="28" VPOS="1466" HPOS="1170"/>
							<String ID="string_173" HPOS="1198" VPOS="1438" WIDTH="147" HEIGHT="64" WC="0.28" CONTENT="kite"/><SP WIDTH="9" VPOS="1438" HPOS="1345"/>
							<String ID="string_174" HPOS="1354" VPOS="1471" WIDTH="94" HEIGHT="44" WC="0.96" CONTENT="göra"/><SP WIDTH="29" VPOS="1471" HPOS="1448"/>
							<String ID="string_175" HPOS="1477" VPOS="1465" WIDTH="114" HEIGHT="65" WC="0.96" CONTENT="detta,"/><SP WIDTH="31" VPOS="1465" HPOS="1591"/>
							<String ID="string_176" HPOS="1622" VPOS="1479" WIDTH="79" HEIGHT="23" WC="0.95" CONTENT="som"/><SP WIDTH="31" VPOS="1479" HPOS="1701"/>
							<String ID="string_177" HPOS="1732" VPOS="1480" WIDTH="49" HEIGHT="23" WC="0.95" CONTENT="en"/>
						</TextLine>
						<TextLine ID="line_22" HPOS="184" VPOS="1495" WIDTH="1598" HEIGHT="74">
							<String ID="string_178" HPOS="184" VPOS="1519" WIDTH="278" HEIGHT="49" WC="0.95" CONTENT="inskränkning"/><SP WIDTH="40" VPOS="1519" HPOS="462"/>
							<String ID="string_179" HPOS="502" VPOS="1518" WIDTH="12" HEIGHT="37" WC="0.91" CONTENT="i"/><SP WIDTH="41" VPOS="1518" HPOS="514"/>
							<String ID="string_180" HPOS="555" VPOS="1496" WIDTH="456" HEIGHT="73" WC="0.92" CONTENT="repetitionsöfningarna"/><SP WIDTH="40" VPOS="1496" HPOS="1011"/>
							<String ID="string_181" HPOS="1051" VPOS="1518" WIDTH="57" HEIGHT="37" WC="0.94" CONTENT="till"/><SP WIDTH="39" VPOS="1518" HPOS="1108"/>
							<String ID="string_182" HPOS="1147" VPOS="1520" WIDTH="45" HEIGHT="35" WC="0.94" CONTENT="15"/><SP WIDTH="40" VPOS="1520" HPOS="1192"/>
							<String ID="string_183" HPOS="1232" VPOS="1519" WIDTH="117" HEIGHT="48" WC="0.95" CONTENT="dagar"/><SP WIDTH="5" VPOS="1519" HPOS="1349"/>
							<String ID="string_184" HPOS="1354" VPOS="1495" WIDTH="143" HEIGHT="60" WC="0.90" CONTENT="”skulle"/><SP WIDTH="28" VPOS="1495" HPOS="1497"/>
							<String ID="string_185" HPOS="1525" VPOS="1522" WIDTH="49" HEIGHT="46" WC="0.96" CONTENT="på"/><SP WIDTH="29" VPOS="1522" HPOS="1574"/>
							<String ID="string_186" HPOS="1603" VPOS="1532" WIDTH="45" HEIGHT="23" WC="0.96" CONTENT="en"/><SP WIDTH="28" VPOS="1532" HPOS="1648"/>
							<String ID="string_187" HPOS="1676" VPOS="1522" WIDTH="106" HEIGHT="46" WC="0.95" CONTENT="gång"/>
						</TextLine>
						<TextLine ID="line_23" HPOS="184" VPOS="1544" WIDTH="1597" HEIGHT="81">
							<String ID="string_188" HPOS="184" VPOS="1572" WIDTH="110" HEIGHT="36" WC="0.94" CONTENT="träffa"/><SP WIDTH="41" VPOS="1572" HPOS="294"/>
							<String ID="string_189" HPOS="335" VPOS="1577" WIDTH="57" HEIGHT="31" WC="0.94" CONTENT="tre"/><SP WIDTH="43" VPOS="1577" HPOS="392"/>
							<String ID="string_190" HPOS="435" VPOS="1549" WIDTH="209" HEIGHT="60" WC="0.95" CONTENT="årsklasser"/><SP WIDTH="37" VPOS="1549" HPOS="644"/>
							<String ID="string_191" HPOS="681" VPOS="1572" WIDTH="70" HEIGHT="36" WC="0.96" CONTENT="och"/><SP WIDTH="38" VPOS="1572" HPOS="751"/>
							<String ID="string_192" HPOS="789" VPOS="1571" WIDTH="154" HEIGHT="37" WC="0.96" CONTENT="därmed"/><SP WIDTH="29" VPOS="1571" HPOS="943"/>
							<String ID="string_193" HPOS="972" VPOS="1571" WIDTH="144" HEIGHT="48" WC="0.95" CONTENT="frigöra"/><SP WIDTH="28" VPOS="1571" HPOS="1116"/>
							<String ID="string_194" HPOS="1144" VPOS="1571" WIDTH="116" HEIGHT="48" WC="0.96" CONTENT="riklig"/><SP WIDTH="19" VPOS="1571" HPOS="1260"/>
							<String ID="string_195" HPOS="1279" VPOS="1544" WIDTH="243" HEIGHT="81" WC="0.70" CONTENT="arbetskraft"/><SP WIDTH="27" VPOS="1544" HPOS="1522"/>
							<String ID="string_196" HPOS="1549" VPOS="1574" WIDTH="47" HEIGHT="46" WC="0.96" CONTENT="på"/><SP WIDTH="29" VPOS="1574" HPOS="1596"/>
							<String ID="string_197" HPOS="1625" VPOS="1571" WIDTH="65" HEIGHT="37" WC="0.96" CONTENT="det"/><SP WIDTH="27" VPOS="1571" HPOS="1690"/>
							<String ID="string_198" HPOS="1717" VPOS="1572" WIDTH="64" HEIGHT="36" WC="0.96" CONTENT="vid"/>
						</TextLine>
						<TextLine ID="line_24" HPOS="184" VPOS="1623" WIDTH="1597" HEIGHT="51">
							<String ID="string_199" HPOS="184" VPOS="1624" WIDTH="228" HEIGHT="50" WC="0.96" CONTENT="tidpunkten"/><SP WIDTH="30" VPOS="1624" HPOS="412"/>
							<String ID="string_200" HPOS="442" VPOS="1624" WIDTH="58" HEIGHT="37" WC="0.93" CONTENT="för"/><SP WIDTH="28" VPOS="1624" HPOS="500"/>
							<String ID="string_201" HPOS="528" VPOS="1624" WIDTH="229" HEIGHT="49" WC="0.90" CONTENT="öfningarna"/><SP WIDTH="27" VPOS="1624" HPOS="757"/>
							<String ID="string_202" HPOS="784" VPOS="1623" WIDTH="198" HEIGHT="50" WC="0.96" CONTENT="pågående"/><SP WIDTH="30" VPOS="1623" HPOS="982"/>
							<String ID="string_203" HPOS="1012" VPOS="1600" WIDTH="298" HEIGHT="60" WC="0.88" CONTENT="skördearbetet."/><SP WIDTH="56" VPOS="1600" HPOS="1310"/>
							<String ID="string_204" HPOS="1366" VPOS="1623" WIDTH="67" HEIGHT="37" WC="0.93" CONTENT="Ett"/><SP WIDTH="23" VPOS="1623" HPOS="1433"/>
							<String ID="string_205" HPOS="1456" VPOS="1623" WIDTH="106" HEIGHT="37" WC="0.96" CONTENT="bifall"/><SP WIDTH="21" VPOS="1623" HPOS="1562"/>
							<String ID="string_206" HPOS="1583" VPOS="1623" WIDTH="56" HEIGHT="37" WC="0.96" CONTENT="till"/><SP WIDTH="20" VPOS="1623" HPOS="1639"/>
							<String ID="string_207" HPOS="1659" VPOS="1624" WIDTH="122" HEIGHT="37" WC="0.96" CONTENT="denna"/>
						</TextLine>
						<TextLine ID="line_25" HPOS="184" VPOS="1676" WIDTH="1597" HEIGHT="50">
							<String ID="string_208" HPOS="184" VPOS="1677" WIDTH="146" HEIGHT="36" WC="0.95" CONTENT="motion"/><SP WIDTH="29" VPOS="1677" HPOS="330"/>
							<String ID="string_209" HPOS="359" VPOS="1677" WIDTH="118" HEIGHT="36" WC="0.93" CONTENT="skulle"/><SP WIDTH="30" VPOS="1677" HPOS="477"/>
							<String ID="string_210" HPOS="507" VPOS="1680" WIDTH="20" HEIGHT="33" WC="0.91" CONTENT="å"/><SP WIDTH="28" VPOS="1680" HPOS="527"/>
							<String ID="string_211" HPOS="555" VPOS="1677" WIDTH="85" HEIGHT="36" WC="0.93" CONTENT="hela"/><SP WIDTH="28" VPOS="1677" HPOS="640"/>
							<String ID="string_212" HPOS="668" VPOS="1676" WIDTH="253" HEIGHT="37" WC="0.91" CONTENT="hufvudtiteln"/><SP WIDTH="31" VPOS="1676" HPOS="921"/>
							<String ID="string_213" HPOS="952" VPOS="1676" WIDTH="169" HEIGHT="36" WC="0.96" CONTENT="medföra"/><SP WIDTH="28" VPOS="1676" HPOS="1121"/>
							<String ID="string_214" HPOS="1149" VPOS="1689" WIDTH="47" HEIGHT="23" WC="0.96" CONTENT="en"/><SP WIDTH="28" VPOS="1689" HPOS="1196"/>
							<String ID="string_215" HPOS="1224" VPOS="1676" WIDTH="208" HEIGHT="49" WC="0.92" CONTENT="besparing"/><SP WIDTH="20" VPOS="1676" HPOS="1432"/>
							<String ID="string_216" HPOS="1452" VPOS="1679" WIDTH="20" HEIGHT="33" WC="0.91" CONTENT="å"/><SP WIDTH="20" VPOS="1679" HPOS="1472"/>
							<String ID="string_217" HPOS="1492" VPOS="1676" WIDTH="141" HEIGHT="49" WC="0.95" CONTENT="Kungl."/><SP WIDTH="21" VPOS="1676" HPOS="1633"/>
							<String ID="string_218" HPOS="1654" VPOS="1676" WIDTH="127" HEIGHT="50" WC="0.95" CONTENT="Maj:ts"/>
						</TextLine>
						<TextLine ID="line_26" HPOS="184" VPOS="1728" WIDTH="1596" HEIGHT="49">
							<String ID="string_219" HPOS="184" VPOS="1729" WIDTH="170" HEIGHT="37" WC="0.92" CONTENT="äskande"/><SP WIDTH="37" VPOS="1729" HPOS="354"/>
							<String ID="string_220" HPOS="391" VPOS="1729" WIDTH="40" HEIGHT="37" WC="0.91" CONTENT="af"/><SP WIDTH="28" VPOS="1729" HPOS="431"/>
							<String ID="string_221" HPOS="459" VPOS="1731" WIDTH="202" HEIGHT="46" WC="0.91" CONTENT="1,206,984"/><SP WIDTH="27" VPOS="1731" HPOS="661"/>
							<String ID="string_222" HPOS="688" VPOS="1729" WIDTH="154" HEIGHT="47" WC="0.95" CONTENT="kronor,"/><SP WIDTH="29" VPOS="1729" HPOS="842"/>
							<String ID="string_223" HPOS="871" VPOS="1728" WIDTH="173" HEIGHT="37" WC="0.96" CONTENT="hvaraf"/><SP WIDTH="-13" VPOS="1728" HPOS="1044"/>
							<String ID="string_224" HPOS="1031" VPOS="1724" WIDTH="22" HEIGHT="57" WC="0.96" CONTENT="i"/><SP WIDTH="19" VPOS="1724" HPOS="1053"/>
							<String ID="string_225" HPOS="1072" VPOS="1728" WIDTH="114" HEIGHT="37" WC="0.96" CONTENT="rundt"/><SP WIDTH="28" VPOS="1728" HPOS="1186"/>
							<String ID="string_226" HPOS="1214" VPOS="1728" WIDTH="54" HEIGHT="37" WC="0.95" CONTENT="tal"/><SP WIDTH="29" VPOS="1728" HPOS="1268"/>
							<String ID="string_227" HPOS="1297" VPOS="1730" WIDTH="162" HEIGHT="35" WC="0.96" CONTENT="377.182"/><SP WIDTH="31" VPOS="1730" HPOS="1459"/>
							<String ID="string_228" HPOS="1490" VPOS="1728" WIDTH="143" HEIGHT="37" WC="0.96" CONTENT="kronor"/><SP WIDTH="28" VPOS="1728" HPOS="1633"/>
							<String ID="string_229" HPOS="1661" VPOS="1728" WIDTH="119" HEIGHT="37" WC="0.96" CONTENT="skulle"/>
						</TextLine>
						<TextLine ID="line_27" HPOS="182" VPOS="1781" WIDTH="871" HEIGHT="51">
							<String ID="string_230" HPOS="182" VPOS="1782" WIDTH="138" HEIGHT="50" WC="0.92" CONTENT="belöpa"/><SP WIDTH="28" VPOS="1782" HPOS="320"/>
							<String ID="string_231" HPOS="348" VPOS="1782" WIDTH="60" HEIGHT="48" WC="0.96" CONTENT="sig"/><SP WIDTH="27" VPOS="1782" HPOS="408"/>
							<String ID="string_232" HPOS="435" VPOS="1784" WIDTH="48" HEIGHT="47" WC="0.96" CONTENT="på"/><SP WIDTH="27" VPOS="1784" HPOS="483"/>
							<String ID="string_233" HPOS="510" VPOS="1795" WIDTH="52" HEIGHT="23" WC="0.96" CONTENT="nu"/><SP WIDTH="26" VPOS="1795" HPOS="562"/>
							<String ID="string_234" HPOS="588" VPOS="1781" WIDTH="291" HEIGHT="49" WC="0.96" CONTENT="ifrågavarande"/><SP WIDTH="28" VPOS="1781" HPOS="879"/>
							<String ID="string_235" HPOS="907" VPOS="1781" WIDTH="146" HEIGHT="49" WC="0.95" CONTENT="anslag."/>
						</TextLine>
					</TextBlock>
					<TextBlock ID="block_8" HPOS="287" VPOS="1833" WIDTH="659" HEIGHT="48">
						<TextLine ID="line_28" HPOS="287" VPOS="1833" WIDTH="659" HEIGHT="48">
							<String ID="string_236" HPOS="287" VPOS="1834" WIDTH="198" HEIGHT="37" WC="0.96" CONTENT="Utskottet"/><SP WIDTH="27" VPOS="1834" HPOS="485"/>
							<String ID="string_237" HPOS="512" VPOS="1834" WIDTH="58" HEIGHT="36" WC="0.96" CONTENT="får"/><SP WIDTH="28" VPOS="1834" HPOS="570"/>
							<String ID="string_238" HPOS="598" VPOS="1833" WIDTH="109" HEIGHT="38" WC="0.93" CONTENT="alltså"/><SP WIDTH="28" VPOS="1833" HPOS="707"/>
							<String ID="string_239" HPOS="735" VPOS="1833" WIDTH="211" HEIGHT="48" WC="0.91" CONTENT="hemställa,"/>
						</TextLine>
					</TextBlock>
				</ComposedBlock>
				<ComposedBlock ID="cblock_4" HPOS="248" VPOS="1911" WIDTH="1533" HEIGHT="521">
					<TextBlock ID="block_9" HPOS="584" VPOS="1911" WIDTH="1196" HEIGHT="102">
						<TextLine ID="line_29" HPOS="688" VPOS="1911" WIDTH="1092" HEIGHT="50">
							<String ID="string_240" HPOS="688" VPOS="1911" WIDTH="33" HEIGHT="50" WC="0.95" CONTENT="a)"/><SP WIDTH="44" VPOS="1911" HPOS="721"/>
							<String ID="string_241" HPOS="765" VPOS="1916" WIDTH="55" HEIGHT="32" WC="0.95" CONTENT="att"/><SP WIDTH="41" VPOS="1916" HPOS="820"/>
							<String ID="string_242" HPOS="861" VPOS="1912" WIDTH="86" HEIGHT="37" WC="0.95" CONTENT="herr"/><SP WIDTH="38" VPOS="1912" HPOS="947"/>
							<String ID="string_243" HPOS="985" VPOS="1911" WIDTH="91" HEIGHT="37" WC="0.39" CONTENT="Olof"/><SP WIDTH="34" VPOS="1911" HPOS="1076"/>
							<String ID="string_244" HPOS="1110" VPOS="1911" WIDTH="188" HEIGHT="38" WC="0.92" CONTENT="Jonssons"/><SP WIDTH="30" VPOS="1911" HPOS="1298"/>
							<String ID="string_245" HPOS="1328" VPOS="1911" WIDTH="282" HEIGHT="37" WC="0.90" CONTENT="ofvannämnda"/><SP WIDTH="28" VPOS="1911" HPOS="1610"/>
							<String ID="string_246" HPOS="1638" VPOS="1911" WIDTH="142" HEIGHT="37" WC="0.96" CONTENT="motion"/>
						</TextLine>
						<TextLine ID="line_30" HPOS="584" VPOS="1964" WIDTH="679" HEIGHT="49">
							<String ID="string_247" HPOS="584" VPOS="1964" WIDTH="83" HEIGHT="37" WC="0.96" CONTENT="icke"/><SP WIDTH="29" VPOS="1964" HPOS="667"/>
							<String ID="string_248" HPOS="696" VPOS="1967" WIDTH="59" HEIGHT="33" WC="0.96" CONTENT="må"/><SP WIDTH="29" VPOS="1967" HPOS="755"/>
							<String ID="string_249" HPOS="784" VPOS="1964" WIDTH="40" HEIGHT="36" WC="0.95" CONTENT="af"/><SP WIDTH="25" VPOS="1964" HPOS="824"/>
							<String ID="string_250" HPOS="849" VPOS="1964" WIDTH="220" HEIGHT="49" WC="0.93" CONTENT="Riksdagen"/><SP WIDTH="29" VPOS="1964" HPOS="1069"/>
							<String ID="string_251" HPOS="1098" VPOS="1964" WIDTH="165" HEIGHT="45" WC="0.90" CONTENT="bifallas;"/>
						</TextLine>
					</TextBlock>
					<TextBlock ID="block_10" HPOS="584" VPOS="2015" WIDTH="1197" HEIGHT="103">
						<TextLine ID="line_31" HPOS="687" VPOS="2015" WIDTH="1094" HEIGHT="50">
							<String ID="string_252" HPOS="687" VPOS="2015" WIDTH="38" HEIGHT="49" WC="0.92" CONTENT="b)"/><SP WIDTH="43" VPOS="2015" HPOS="725"/>
							<String ID="string_253" HPOS="768" VPOS="2021" WIDTH="56" HEIGHT="32" WC="0.96" CONTENT="att"/><SP WIDTH="42" VPOS="2021" HPOS="824"/>
							<String ID="string_254" HPOS="866" VPOS="2017" WIDTH="32" HEIGHT="48" WC="0.96" CONTENT="ej"/><SP WIDTH="43" VPOS="2017" HPOS="898"/>
							<String ID="string_255" HPOS="941" VPOS="2016" WIDTH="121" HEIGHT="37" WC="0.95" CONTENT="heller"/><SP WIDTH="41" VPOS="2016" HPOS="1062"/>
							<String ID="string_256" HPOS="1103" VPOS="2016" WIDTH="87" HEIGHT="37" WC="0.93" CONTENT="herr"/><SP WIDTH="31" VPOS="2016" HPOS="1190"/>
							<String ID="string_257" HPOS="1221" VPOS="2016" WIDTH="47" HEIGHT="36" WC="0.92" CONTENT="H."/><SP WIDTH="49" VPOS="2016" HPOS="1268"/>
							<String ID="string_258" HPOS="1317" VPOS="2015" WIDTH="180" HEIGHT="38" WC="0.75" CONTENT="Öarlsons"/><SP WIDTH="29" VPOS="2015" HPOS="1497"/>
							<String ID="string_259" HPOS="1526" VPOS="2016" WIDTH="255" HEIGHT="37" WC="0.90" CONTENT="omförmälda"/>
						</TextLine>
						<TextLine ID="line_32" HPOS="584" VPOS="2068" WIDTH="792" HEIGHT="50">
							<String ID="string_260" HPOS="584" VPOS="2068" WIDTH="144" HEIGHT="37" WC="0.96" CONTENT="motion"/><SP WIDTH="28" VPOS="2068" HPOS="728"/>
							<String ID="string_261" HPOS="756" VPOS="2072" WIDTH="60" HEIGHT="33" WC="0.96" CONTENT="må"/><SP WIDTH="28" VPOS="2072" HPOS="816"/>
							<String ID="string_262" HPOS="844" VPOS="2069" WIDTH="114" HEIGHT="37" WC="0.96" CONTENT="vinna"/><SP WIDTH="27" VPOS="2069" HPOS="958"/>
							<String ID="string_263" HPOS="985" VPOS="2069" WIDTH="242" HEIGHT="49" WC="0.92" CONTENT="Riksdagens"/><SP WIDTH="29" VPOS="2069" HPOS="1227"/>
							<String ID="string_264" HPOS="1256" VPOS="2068" WIDTH="120" HEIGHT="47" WC="0.96" CONTENT="bifall;"/>
						</TextLine>
					</TextBlock>
					<TextBlock ID="block_11" HPOS="582" VPOS="2120" WIDTH="1197" HEIGHT="260">
						<TextLine ID="line_33" HPOS="689" VPOS="2120" WIDTH="1089" HEIGHT="50">
							<String ID="string_265" HPOS="689" VPOS="2120" WIDTH="32" HEIGHT="50" WC="0.88" CONTENT="c)"/><SP WIDTH="30" VPOS="2120" HPOS="721"/>
							<String ID="string_266" HPOS="751" VPOS="2126" WIDTH="53" HEIGHT="32" WC="0.96" CONTENT="att"/><SP WIDTH="27" VPOS="2126" HPOS="804"/>
							<String ID="string_267" HPOS="831" VPOS="2121" WIDTH="221" HEIGHT="49" WC="0.96" CONTENT="Riksdagen"/><SP WIDTH="30" VPOS="2121" HPOS="1052"/>
							<String ID="string_268" HPOS="1082" VPOS="2121" WIDTH="85" HEIGHT="37" WC="0.96" CONTENT="med"/><SP WIDTH="29" VPOS="2121" HPOS="1167"/>
							<String ID="string_269" HPOS="1196" VPOS="2121" WIDTH="206" HEIGHT="49" WC="0.96" CONTENT="anledning"/><SP WIDTH="29" VPOS="2121" HPOS="1402"/>
							<String ID="string_270" HPOS="1431" VPOS="2121" WIDTH="40" HEIGHT="37" WC="0.96" CONTENT="af"/><SP WIDTH="18" VPOS="2121" HPOS="1471"/>
							<String ID="string_271" HPOS="1489" VPOS="2121" WIDTH="141" HEIGHT="49" WC="0.94" CONTENT="Kungl."/><SP WIDTH="23" VPOS="2121" HPOS="1630"/>
							<String ID="string_272" HPOS="1653" VPOS="2120" WIDTH="125" HEIGHT="49" WC="0.96" CONTENT="Maj:ts"/>
						</TextLine>
						<TextLine ID="line_34" HPOS="584" VPOS="2173" WIDTH="1195" HEIGHT="49">
							<String ID="string_273" HPOS="584" VPOS="2173" WIDTH="147" HEIGHT="49" WC="0.96" CONTENT="förslag"/><SP WIDTH="29" VPOS="2173" HPOS="731"/>
							<String ID="string_274" HPOS="760" VPOS="2174" WIDTH="70" HEIGHT="36" WC="0.96" CONTENT="och"/><SP WIDTH="28" VPOS="2174" HPOS="830"/>
							<String ID="string_275" HPOS="858" VPOS="2174" WIDTH="87" HEIGHT="36" WC="0.96" CONTENT="herr"/><SP WIDTH="28" VPOS="2174" HPOS="945"/>
							<String ID="string_276" HPOS="973" VPOS="2174" WIDTH="237" HEIGHT="36" WC="0.72" CONTENT="Johanssons"/><SP WIDTH="28" VPOS="2174" HPOS="1210"/>
							<String ID="string_277" HPOS="1238" VPOS="2187" WIDTH="48" HEIGHT="22" WC="0.91" CONTENT="m."/><SP WIDTH="30" VPOS="2187" HPOS="1286"/>
							<String ID="string_278" HPOS="1316" VPOS="2174" WIDTH="36" HEIGHT="35" WC="0.38" CONTENT="4."/><SP WIDTH="30" VPOS="2174" HPOS="1352"/>
							<String ID="string_279" HPOS="1382" VPOS="2173" WIDTH="292" HEIGHT="49" WC="0.93" CONTENT="ifrågavarande"/><SP WIDTH="28" VPOS="2173" HPOS="1674"/>
							<String ID="string_280" HPOS="1702" VPOS="2187" WIDTH="77" HEIGHT="23" WC="0.92" CONTENT="mo-"/>
						</TextLine>
						<TextLine ID="line_35" HPOS="582" VPOS="2226" WIDTH="1196" HEIGHT="50">
							<String ID="string_281" HPOS="582" VPOS="2226" WIDTH="82" HEIGHT="36" WC="0.95" CONTENT="tion"/><SP WIDTH="28" VPOS="2226" HPOS="664"/>
							<String ID="string_282" HPOS="692" VPOS="2229" WIDTH="59" HEIGHT="33" WC="0.96" CONTENT="må"/><SP WIDTH="28" VPOS="2229" HPOS="751"/>
							<String ID="string_283" HPOS="779" VPOS="2226" WIDTH="148" HEIGHT="37" WC="0.95" CONTENT="minska"/><SP WIDTH="29" VPOS="2226" HPOS="927"/>
							<String ID="string_284" HPOS="956" VPOS="2226" WIDTH="173" HEIGHT="49" WC="0.96" CONTENT="anslaget"/><SP WIDTH="28" VPOS="2226" HPOS="1129"/>
							<String ID="string_285" HPOS="1157" VPOS="2226" WIDTH="57" HEIGHT="36" WC="0.93" CONTENT="till"/><SP WIDTH="27" VPOS="2226" HPOS="1214"/>
							<String ID="string_286" HPOS="1241" VPOS="2227" WIDTH="256" HEIGHT="48" WC="0.90" CONTENT="värnpliktiges"/><SP WIDTH="28" VPOS="2227" HPOS="1497"/>
							<String ID="string_287" HPOS="1525" VPOS="2227" WIDTH="171" HEIGHT="49" WC="0.84" CONTENT="aflöning,"/><SP WIDTH="29" VPOS="2227" HPOS="1696"/>
							<String ID="string_288" HPOS="1725" VPOS="2228" WIDTH="53" HEIGHT="35" WC="0.81" CONTENT="in-"/>
						</TextLine>
						<TextLine ID="line_36" HPOS="582" VPOS="2279" WIDTH="1196" HEIGHT="49">
							<String ID="string_289" HPOS="582" VPOS="2279" WIDTH="180" HEIGHT="49" WC="0.91" CONTENT="skrifning"/><SP WIDTH="41" VPOS="2279" HPOS="762"/>
							<String ID="string_290" HPOS="803" VPOS="2280" WIDTH="60" HEIGHT="36" WC="0.93" CONTENT="och"/><SP WIDTH="42" VPOS="2280" HPOS="863"/>
							<String ID="string_291" HPOS="905" VPOS="2280" WIDTH="224" HEIGHT="48" WC="0.93" CONTENT="redovisning"/><SP WIDTH="36" VPOS="2280" HPOS="1129"/>
							<String ID="string_292" HPOS="1165" VPOS="2293" WIDTH="45" HEIGHT="22" WC="0.91" CONTENT="m."/><SP WIDTH="30" VPOS="2293" HPOS="1210"/>
							<String ID="string_293" HPOS="1240" VPOS="2294" WIDTH="45" HEIGHT="21" WC="0.88" CONTENT="m."/><SP WIDTH="29" VPOS="2294" HPOS="1285"/>
							<String ID="string_294" HPOS="1314" VPOS="2292" WIDTH="49" HEIGHT="23" WC="0.91" CONTENT="nu"/><SP WIDTH="31" VPOS="2292" HPOS="1363"/>
							<String ID="string_295" HPOS="1394" VPOS="2280" WIDTH="202" HEIGHT="47" WC="0.89" CONTENT="2,587,145"/><SP WIDTH="30" VPOS="2280" HPOS="1596"/>
							<String ID="string_296" HPOS="1626" VPOS="2279" WIDTH="152" HEIGHT="49" WC="0.96" CONTENT="kronor,"/>
						</TextLine>
						<TextLine ID="line_37" HPOS="584" VPOS="2331" WIDTH="958" HEIGHT="49">
							<String ID="string_297" HPOS="584" VPOS="2331" WIDTH="85" HEIGHT="37" WC="0.92" CONTENT="med"/><SP WIDTH="31" VPOS="2331" HPOS="669"/>
							<String ID="string_298" HPOS="700" VPOS="2333" WIDTH="136" HEIGHT="46" WC="0.91" CONTENT="86,862"/><SP WIDTH="32" VPOS="2333" HPOS="836"/>
							<String ID="string_299" HPOS="868" VPOS="2331" WIDTH="154" HEIGHT="49" WC="0.96" CONTENT="kronor,"/><SP WIDTH="29" VPOS="2331" HPOS="1022"/>
							<String ID="string_300" HPOS="1051" VPOS="2331" WIDTH="55" HEIGHT="37" WC="0.93" CONTENT="till"/><SP WIDTH="31" VPOS="2331" HPOS="1106"/>
							<String ID="string_301" HPOS="1137" VPOS="2333" WIDTH="202" HEIGHT="47" WC="0.91" CONTENT="2,500,283"/><SP WIDTH="31" VPOS="2333" HPOS="1339"/>
							<String ID="string_302" HPOS="1370" VPOS="2331" WIDTH="172" HEIGHT="37" WC="0.95" CONTENT="kronor.»"/>
						</TextLine>
					</TextBlock>
					<TextBlock ID="block_12" HPOS="248" VPOS="2389" WIDTH="1489" HEIGHT="43">
						<TextLine ID="line_38" HPOS="248" VPOS="2389" WIDTH="1489" HEIGHT="43">
							<String ID="string_303" HPOS="248" VPOS="2389" WIDTH="72" HEIGHT="32" WC="0.20" CONTENT="PBih."/><SP WIDTH="27" VPOS="2389" HPOS="320"/>
							<String ID="string_304" HPOS="347" VPOS="2389" WIDTH="47" HEIGHT="33" WC="0.50" CONTENT="till"/><SP WIDTH="25" VPOS="2389" HPOS="394"/>
							<String ID="string_305" HPOS="419" VPOS="2390" WIDTH="113" HEIGHT="31" WC="0.88" CONTENT="Biksd."/><SP WIDTH="25" VPOS="2390" HPOS="532"/>
							<String ID="string_306" HPOS="557" VPOS="2390" WIDTH="86" HEIGHT="32" WC="0.94" CONTENT="Prot."/><SP WIDTH="25" VPOS="2390" HPOS="643"/>
							<String ID="string_307" HPOS="668" VPOS="2393" WIDTH="96" HEIGHT="30" WC="0.93" CONTENT="1910."/><SP WIDTH="46" VPOS="2393" HPOS="764"/>
							<String ID="string_308" HPOS="810" VPOS="2394" WIDTH="19" HEIGHT="27" WC="0.93" CONTENT="4"/><SP WIDTH="26" VPOS="2394" HPOS="829"/>
							<String ID="string_309" HPOS="855" VPOS="2391" WIDTH="96" HEIGHT="32" WC="0.87" CONTENT="Saml."/><SP WIDTH="47" VPOS="2391" HPOS="951"/>
							<String ID="string_310" HPOS="998" VPOS="2394" WIDTH="18" HEIGHT="28" WC="0.93" CONTENT="1"/><SP WIDTH="24" VPOS="2394" HPOS="1016"/>
							<String ID="string_311" HPOS="1040" VPOS="2391" WIDTH="78" HEIGHT="41" WC="0.88" CONTENT="Afd."/><SP WIDTH="46" VPOS="2391" HPOS="1118"/>
							<String ID="string_312" HPOS="1164" VPOS="2395" WIDTH="19" HEIGHT="27" WC="0.92" CONTENT="4"/><SP WIDTH="24" VPOS="2395" HPOS="1183"/>
							<String ID="string_313" HPOS="1207" VPOS="2391" WIDTH="95" HEIGHT="41" WC="0.0" CONTENT="Hiöft."/><SP WIDTH="415" VPOS="2391" HPOS="1302"/>
							<String ID="string_314" HPOS="1717" VPOS="2391" WIDTH="20" HEIGHT="31" WC="0.87" CONTENT="5"/>
						</TextLine>
					</TextBlock>
				</ComposedBlock>
			</PrintSpace>
		</Page>
	</Layout>
</alto>
