2202 2659
444 203 40 32 28
915 205 248 33 Statsutskottets
1193 205 172 34 Utlåtande
1387 206 53 33 Nr
1462 209 30 31 4.

505 290 18 37 I
551 291 180 38 afseende
760 294 21 35 å
809 292 73 37 den
901 292 234 38 beträffande
1156 292 124 38 denna
1299 293 284 50 framställning
1601 295 174 38 lämnade
1793 297 210 50 utredning

402 344 58 38 får
486 345 189 37 utskottet
702 346 159 37 hänvisa
888 345 59 37 till
976 346 420 51 statsrådsprotokollet
1424 347 69 38 sid.
1525 349 213 37 116—125.

206 459 148 24 Utskottets
505 451 58 37 Då
599 450 64 38 det
698 451 59 37 för
793 451 235 38 närvarande
1065 452 121 38 finnes
1215 457 53 32 ett
1295 452 217 50 betydande
1541 453 103 38 antal
1670 454 186 38 vakanser
1884 455 116 38 bland

211 495 131 29 yttrande.
399 503 480 51 fältläkarstipendiaterna
907 509 37 32 af
969 505 118 37 andra
1114 504 166 50 klassen,
1296 506 67 37 vill
1390 506 185 38 utskottet
1590 508 164 49 förorda,
1784 513 56 32 att
1867 508 59 37 för
1946 509 54 37 af-

399 557 205 50 hjälpande
633 557 41 37 af
698 557 104 38 detta
831 557 331 38 missförhållande
1190 559 384 51 stipendiebeloppen
1593 560 12 36 i
1624 560 123 37 denna
1766 560 105 37 klass
1890 562 110 49 höjas

399 610 86 37 från
523 611 73 36 600
633 610 141 37 kronor
810 611 59 37 till
903 612 72 36 900
1004 611 152 49 kronor,
1187 624 83 25 som
1297 617 116 45 utgör
1442 613 370 50 stipendiebeloppet
1839 614 12 36 i
1879 614 121 38 första

399 663 163 36 klassen.
619 662 73 37 Vid
728 664 134 36 flottan
897 664 120 36 finnes
1056 664 62 36 det
1154 665 135 36 endast
1326 679 46 22 en
1395 665 104 37 klass
1532 666 367 50 läkarstipendiater,
1929 668 70 36 och

398 719 116 45 utgör
549 714 111 37 deras
698 715 218 37 årsarfvode
954 716 72 35 900
1063 715 153 37 kronor.
1272 717 66 36 Ett
1375 716 107 37 bifall
1508 718 58 35 till
1593 718 101 36 hvad
1721 718 143 49 Kungl.
1892 719 108 49 Maj:t

399 767 202 50 föreslagit
620 767 121 38 skulle
761 767 159 38 sålunda
939 767 170 38 medföra
1129 782 48 23 en
1197 768 145 38 olikhet
1359 769 13 37 i
1391 769 182 38 afseende
1593 772 20 35 å
1627 770 373 50 läkarstipendiater-

398 833 70 24 nas
496 820 65 37 vid
589 821 129 36 armén
746 821 70 36 och
835 820 134 37 flottan
988 821 100 37 fasta
1107 821 397 50 aflöningsförmåner,
1524 822 152 37 hvartill
1695 822 62 38 det
1775 824 83 36 icke
1877 824 122 37 finnes

399 873 219 49 anledning.
674 873 57 37 Då
768 873 245 50 stipendiater
1051 874 41 37 af
1116 874 118 37 andra
1262 875 152 37 klassen
1442 880 64 32 äro
1534 875 13 36 i
1575 880 124 32 staten
1726 876 188 50 uppförda
1941 876 59 37 till

399 931 55 32 ett
484 926 103 37 antal
615 926 36 36 af
682 928 59 46 36,
771 926 121 37 skulle
921 926 60 37 för
1008 926 225 51 förhöjning
1260 928 42 36 af
1322 928 380 50 stipendiebeloppen
1721 928 12 37 i
1753 929 123 36 denna
1895 929 105 38 klass

398 979 87 37 med
514 981 73 35 300
616 979 142 37 kronor
786 979 192 37 erfordras
1008 985 54 31 ett
1090 980 134 49 anslag
1251 980 42 37 af
1319 982 136 46 10,800
1484 981 153 37 kronor.

503 1032 56 37 De
587 1032 42 37 af
652 1032 144 49 Kungl.
826 1032 107 49 Maj:t
959 1032 221 49 föreslagna
1209 1038 106 32 extra
1342 1032 274 51 lönetilläggen
1644 1036 21 34 å
1693 1034 74 37 500
1795 1033 143 39 kronor
1962 1036 38 36 åt

401 1086 45 35 16
475 1098 124 36 yngre
627 1085 320 50 bataljonsläkare
978 1099 115 35 synas
1122 1099 89 23 vara
1239 1086 41 37 af
1304 1086 285 37 förhållandena
1617 1086 210 50 påkallade.

503 1138 111 36 Hvad
641 1138 181 37 beträffar
836 1138 142 48 Kungl.
998 1138 128 49 Maj:ts
1147 1138 158 50 förslag,
1326 1144 55 32 att
1400 1140 171 48 anslaget
1590 1138 122 38 skulle
1730 1139 187 37 beräknas
1937 1140 61 37 för

398 1189 243 50 tillämpning
676 1190 118 37 redan
830 1191 121 35 under
986 1191 255 36 innevarande
1278 1194 40 33 år
1355 1191 42 36 af
1430 1191 46 37 de
1509 1192 226 48 ifrågasatta
1762 1191 235 38 förbättrade

399 1242 442 49 aflöningsförmånerna,
867 1256 111 23 anser
1015 1243 186 37 utskottet
1235 1243 213 37 dettavicke
1477 1247 59 33 stå
1562 1244 13 36 i
1603 1243 396 38 öfverensstämmelse

397 1295 87 37 med
515 1295 73 37 den
615 1295 141 50 praxis,
785 1308 82 24 som
894 1295 12 36 i
935 1295 202 36 allmänhet
1164 1295 102 37 inom
1294 1295 220 49 Riksdagen
1540 1295 119 50 följts,
1674 1300 70 32 när
1771 1296 109 49 fråga
1899 1296 100 37 varit

398 1361 61 23 om
486 1348 285 36 bestämmande
799 1348 41 36 af
864 1347 389 49 tjänstinnehafvares
1280 1348 288 39 löneförmåner.
1623 1348 57 36 Då
1700 1349 63 36 det
1786 1349 211 36 emellertid

397 1400 76 36 kan
508 1413 89 24 vara
634 1400 216 49 angeläget,
875 1404 55 32 att
966 1400 177 48 åtgärder
1170 1400 176 49 vidtagas
1374 1401 62 36 för
1463 1400 242 50 afhjälpande
1732 1401 118 37 redan
1877 1401 120 37 under

397 1452 105 37 detta
530 1455 40 34 år
597 1452 44 37 af
664 1452 146 37 bristen
837 1455 48 46 på
913 1452 320 48 bataljonsläkare
1262 1452 70 37 och
1352 1452 436 51 fältläkarstipendiater,
1810 1466 111 24 anser
1938 1458 58 32 ut-

396 1505 156 49 skottet,
581 1510 56 31 att
665 1505 73 37 den
766 1504 42 37 af
831 1504 184 37 utskottet
1042 1505 202 36 förordade
1272 1505 272 50 förhöjningen
1572 1508 58 34 må
1657 1505 13 37 i
1697 1508 86 34 mån
1812 1505 43 37 af
1879 1505 122 38 behof

396 1557 129 37 kunna
560 1557 190 49 tillämpas
788 1557 118 36 redan
942 1557 120 36 under
1099 1557 254 36 innevarande
1382 1560 51 46 år,
1462 1571 87 23 men
1577 1562 56 32 att
1659 1560 121 46 några
1809 1557 189 38 särskilda

396 1609 122 38 medel
554 1623 50 23 nu
629 1609 83 37 icke
745 1609 93 37 böra
865 1609 59 37 för
952 1609 213 37 ändamålet
1193 1610 138 47 anslås,
1361 1614 90 33 utan
1481 1610 45 37 de
1553 1609 112 38 häraf
1690 1609 221 38 föranledda
1938 1615 58 32 ut-

397 1662 164 50 gifterna
588 1662 92 37 böra
707 1665 94 46 utgå
828 1662 42 36 af
895 1661 188 37 allmänna
1109 1662 299 49 besparingarna
1435 1663 121 37 under
1585 1661 121 51 fjärde
1726 1662 268 37 hufvudtiteln.

499 1715 54 37 På
581 1715 125 49 grund
735 1715 42 36 af
800 1714 101 37 hvad
930 1715 156 36 sålunda
1115 1714 158 49 anförts,
1303 1715 219 37 hemställer
1548 1715 199 48 utskottet,

899 1772 55 32 att
981 1767 221 50 Riksdagen
1230 1771 59 33 må
1318 1767 59 38 för
1405 1767 213 38 beredande
1636 1767 121 37 under
1777 1770 40 34 år
1839 1769 95 35 1911
1957 1767 43 37 af

796 1827 98 29 extra
934 1821 194 48 ersättning
1165 1821 38 35 dt
1242 1822 96 35 vissa
1373 1821 301 49 bataljonsläkare
1706 1821 61 36 och
1793 1821 200 49 fältläkar-

795 1873 231 48 stipendiater
1054 1874 20 34 å
1102 1877 106 32 extra
1236 1877 75 33 stat
1339 1872 60 37 för
1426 1875 40 34 år
1505 1874 96 36 1911
1630 1872 140 50 bevilja
1789 1876 54 33 ett
1862 1872 134 49 anslag

794 1925 42 36 af
863 1926 136 47 18,800
1027 1924 151 37 kronor.

800 2079 378 51 Dagaflöningstillägg
1208 2078 37 41 åt
1274 2079 105 40 indelt
1408 2079 186 51 manskap.

168 2180 197 58 Dagaflönings-
497 2182 99 51 46:0)
634 2184 131 38 Under
792 2184 121 50 punkt
941 2186 47 35 46
1019 2184 41 37 af
1085 2183 125 38 denna
1236 2184 230 37 hufvudtitel
1493 2183 69 37 har
1589 2183 140 50 Kungl.
1758 2183 108 50 Maj:t
1893 2183 99 37 före-

168 2228 97 67 tillegg
268 2233 106 66 anckap.
393 2236 127 50 slagit,
550 2241 55 33 att
633 2237 220 50 Riksdagen
881 2240 118 34 måtte
1027 2236 61 37 för
1114 2237 245 37 utbetalande
1388 2236 41 37 af
1454 2236 138 50 tillägg
1610 2236 58 37 till
1688 2236 246 50 dagaflöning
1954 2238 37 35 åt

223 2318 93 47 [46.]

390 2290 121 36 indelt
548 2290 184 49 manskap
769 2289 85 37 med
887 2292 21 33 2
938 2290 140 36 kronor
1105 2289 58 37 till
1190 2289 164 49 korpral,
1386 2289 78 37 vice
1492 2289 154 49 korpral
1674 2289 71 36 och
1772 2288 130 49 menig
1929 2288 63 37 be-

391 2341 294 49 ställningsman
724 2347 96 31 samt
857 2343 21 34 2
912 2341 140 37 kronor
1082 2343 46 35 10
1158 2346 64 32 öre
1250 2342 57 36 till
1335 2354 125 24 annan
1487 2341 128 48 menig
1642 2340 60 38 för
1728 2341 264 49 tjänstgöring
