2226 2662
703 187 255 34 Statsutskoltets
989 189 168 32 Utlåtande
1179 189 65 32 N:o
1270 192 52 30 66.
1723 190 41 30 27

344 266 58 34 6:0
446 270 67 42 att,
556 268 47 46 på
637 266 258 37 förordnande
924 268 41 36 af
990 268 237 50 Konungens
1254 268 438 50 befallningshafvande,
1723 270 84 36 råd-

214 315 207 38 stufvurätt
450 317 91 37 eller
570 317 339 51 polismyndighet,
940 320 101 37 inom
1074 322 135 35 staden
1231 322 70 36 och
1323 322 87 36 dess
1428 322 151 36 område
1595 322 209 36 verkställa

213 368 228 49 besigtning
471 372 19 33 å
518 370 178 37 lefvande
718 384 138 36 person
875 372 92 37 eller
982 373 292 49 undersökning
1290 373 40 36 af
1343 374 74 36 död
1435 374 216 36 menniskas
1668 374 135 49 kropp,

211 420 133 37 dervid
373 422 238 36 stadsläkare
640 423 69 36 har
738 429 55 31 att
822 424 111 36 ställa
962 425 61 48 sig
1045 425 56 36 till
1118 426 252 36 efterrättelse
1387 426 101 36 hvad
1505 426 57 36 för
1577 427 227 47 provinsial-

211 472 131 36 läkare
372 474 200 47 angående
601 474 130 49 dylika
747 475 276 51 förrättningar
1040 482 39 31 är
1096 477 261 46 föreskrifvet;
1375 478 70 36 och
1462 491 90 36 eger
1568 478 236 46 stadsläkare

211 529 56 31 att
309 525 58 36 för
408 525 111 37 dessa
562 526 275 50 förrättningar
872 529 147 48 åtnjuta
1049 529 217 48 ersättning
1295 530 41 35 af
1360 530 221 36 statsmedel
1610 530 77 36 lika
1718 531 85 35 med

210 576 345 49 provinsialläkare
579 579 9 35 i
619 579 46 36 de
693 579 77 48 fall,
801 581 66 35 der
896 581 280 49 förrättningen
1195 582 404 48 påkallats
1391 572 21 62 i
1430 582 169 48 rättsligt
1615 582 186 37 ändamål.

210 629 81 36 Har
333 629 225 50 besigtning
600 633 20 34 å
662 644 192 36 personer,
890 632 230 38 misstänkta
1154 634 58 36 för
1242 634 175 36 venerisk
1443 635 140 46 smitta,
1615 634 41 36 af
1680 635 123 36 stads-

211 680 129 37 läkare
369 682 210 48 förrättats,
609 683 94 36 skall
735 683 74 36 han
839 684 113 47 tillse,
983 691 54 30 att
1064 686 44 36 de
1141 686 83 36 med
1253 686 116 36 sådan
1400 686 174 49 sjukdom
1597 686 205 37 behäftade

210 733 118 37 varda
359 733 224 38 befordrade
612 735 57 36 till
698 736 120 48 nödig
846 737 105 48 vård,
981 738 65 36 der
1075 739 45 36 de
1141 738 83 37 icke
1241 739 134 47 sjelfva
1392 739 178 39 förskaffa
1587 739 61 49 sig
1664 739 135 46 sådan;

338 788 57 35 7:0
431 792 55 31 att
516 787 234 37 beträffande
780 789 503 48 medikamentsräkningar,
1315 791 130 36 hvilka
1475 791 107 36 skola
1612 792 83 35 med
1727 797 75 31 sta-

210 837 95 37 dens
336 838 122 37 medel
486 839 146 37 betalas
662 841 71 35 och
763 841 57 35 för
848 842 242 49 granskning
1120 842 180 37 insändas
1318 843 58 36 till
1393 843 406 49 medicinalstyrelsen,

208 895 186 32 attestera
423 890 110 38 deras
559 892 395 38 öfverensstämmelse
983 895 85 36 med
1098 895 198 37 utfärdade
1325 901 146 43 recept;

311 944 61 35 8:o
414 948 56 31 att
503 944 12 36 i
544 944 180 37 afseende
754 948 47 46 på
826 946 73 36 den
928 946 176 38 enskilda
1133 947 231 49 sjukvården
1395 948 113 36 ställa
1536 948 61 48 sig
1622 948 176 37 utfärdad

208 994 168 36 särskild
404 995 236 37 instruktion
669 997 58 36 till
758 997 268 47 efterrättelse;

311 1049 59 34 I:o
400 1053 56 31 att
484 1051 47 46 på
551 1049 169 48 begäran
737 1048 126 38 lemna
879 1050 147 37 biträde
1042 1054 37 33 åt
1094 1052 289 49 presterskapet
1399 1052 56 36 till
1470 1052 327 37 dödsorsakernas

207 1098 291 38 bestämmande
532 1100 58 37 för
618 1101 235 50 anteckning
881 1102 11 36 i
921 1102 202 38 dödboken
1153 1110 99 30 samt
1280 1104 101 37 hälla
1409 1104 101 36 hand
1541 1105 173 36 deröfver
1743 1110 55 31 att

207 1150 184 38 dödbevis
420 1152 116 36 varda
566 1153 70 36 hos
665 1153 422 39 helsovårdsnämnden
1119 1155 212 49 behörigen
1360 1156 217 47 förvarade;
1609 1162 98 31 samt

339 1205 82 34 10:0
447 1210 66 39 att,
539 1204 11 36 i
578 1205 121 36 likhet
728 1206 85 35 med
842 1206 100 37 hvad
967 1207 57 36 för
1039 1208 342 48 provinsialläkare
1398 1209 8 35 i
1425 1208 20 49 $
1463 1210 46 35 38
1528 1209 168 48 stadgas,
1716 1209 80 36 föra

207 1254 177 48 diarium,
414 1255 244 50 konceptbok
687 1258 71 36 och
788 1258 236 49 sjukjournal
1054 1266 96 30 samt
1181 1260 150 36 förvara
1360 1261 344 49 arkivhandlingar
1725 1261 71 36 och

205 1306 123 50 enligt
355 1307 462 51 inventarieförteckning
846 1311 232 37 öfverlemna
1108 1312 193 36 desamma
1325 1313 119 48 jemte
1473 1313 138 49 utdrag
1640 1314 37 35 af
1692 1313 104 49 sjuk-

204 1358 198 49 journalen
446 1360 56 36 till
544 1361 293 46 efterträdaren;
881 1363 185 37 skolande
1109 1369 166 44 rapport,
1319 1365 195 36 utlåtande
1548 1365 92 36 eller
1669 1379 126 23 annan

205 1411 201 49 handling,
436 1426 80 23 som
546 1426 140 36 genom
718 1414 251 48 magistraten
999 1415 126 38 blifvit
1143 1417 192 36 infordrad
1358 1417 81 36 från
1460 1417 276 49 stadsläkaren,
1759 1418 41 36 af

204 1463 123 37 denne
356 1464 184 38 insändas
566 1466 56 35 till
652 1467 248 49 magistraten
929 1467 57 36 för
1015 1474 55 30 att
1098 1469 58 36 till
1184 1468 287 38 vederbörande
1496 1469 206 37 befordras.

944 1588 21 52 8
994 1593 59 35 49.

333 1672 162 49 Förslag
536 1672 58 37 till
627 1674 161 38 särskild
822 1675 232 39 instruktion
1085 1678 59 36 för
1172 1677 238 38 stadsläkare
1439 1678 110 47 skall,
1580 1678 66 36 der
1675 1678 118 36 sådan

204 1722 233 38 instruktion
481 1725 140 36 saknas
650 1726 90 36 eller
768 1727 212 38 innehåller
1009 1730 280 47 bestämmelse,
1321 1730 194 37 stridande
1545 1736 79 30 mot
1653 1730 98 36 hvad
1782 1730 9 36 i

203 1774 124 37 denna
368 1775 236 37 instruktion
645 1778 122 36 finnes
797 1792 57 23 om
886 1781 237 38 stadsläkare
1153 1782 192 49 stadgadt,
1375 1782 41 36 af
1440 1782 353 48 stadsfullmägtige

203 1826 96 37 efter
326 1827 439 39 helsovårdsnämndens
796 1831 168 37 hörande
993 1839 212 44 upprättas,
1235 1834 193 37 hvarefter
1456 1834 250 49 magistraten
1727 1835 68 35 har

202 1884 56 30 att
302 1880 85 36 med
431 1880 204 48 bifogande
679 1882 41 36 af
757 1882 88 37 dess
875 1884 194 38 utlåtande
1099 1886 235 37 underställa
1363 1886 184 49 förslaget
1576 1886 218 36 medicinal-

202 1932 214 46 styrelsens
445 1932 181 49 pröfning
655 1933 69 37 och
753 1935 295 47 godkännande.
1091 1938 143 37 Finnas
1263 1938 12 36 i
1304 1938 134 36 staden
1468 1941 63 34 två
1556 1938 238 37 stadsläkare

201 1983 187 49 anstälde,
414 1984 92 36 böra
534 1985 10 35 i
574 1985 284 38 instruktionen
885 1988 231 38 bestämmas
1138 1991 104 36 såväl
1263 1990 267 49 fördelningen
1551 1990 137 37 mellan
1708 1991 83 35 dem

203 2034 41 36 af
282 2034 46 37 de
370 2036 193 37 allmänna
606 2037 325 51 förrättningarna
960 2053 80 24 som
1071 2042 68 36 ock
1167 2043 195 48 omfånget
1390 2042 41 36 af
1456 2044 72 35 den
1556 2042 236 48 läkarevård,

203 2099 80 23 som
313 2087 65 37 det
406 2088 149 50 åligger
583 2089 96 37 hvar
707 2091 70 36 och
806 2104 46 24 en
881 2092 42 36 af
946 2092 85 37 dem
1061 2094 91 37 eller
1181 2096 138 35 endera
1351 2095 171 37 attinom
1539 2094 134 37 staden
1692 2095 101 37 med-

202 2138 97 37 dela.
355 2140 205 38 Likaledes
603 2142 97 36 skall
741 2143 12 36 i
795 2144 104 48 dylik
941 2145 233 39 instruktion
1204 2147 220 48 fördelning
1452 2147 41 37 af
1516 2147 276 37 läkarevården

202 2191 68 36 ske
296 2192 138 36 mellan
468 2194 428 49 stadsdistriktsläkare,
923 2210 57 23 om
1012 2199 142 37 sådane
1182 2200 135 48 finnas,
1343 2205 98 31 samt
1466 2199 194 37 föreskrift
1689 2200 103 36 med-

201 2243 105 37 delas
333 2258 58 22 om
423 2246 110 36 deras
564 2247 357 47 tjenstförhållande
951 2249 58 37 till
1038 2250 119 37 förste
1175 2252 275 37 stadsläkaren.
1496 2251 188 38 Särskildt
1701 2253 91 35 böra

199 2295 12 35 i
254 2295 286 39 instruktionen
584 2300 153 47 stadgas
780 2300 173 37 vilkoren
995 2302 58 36 för
1095 2304 224 49 åtnjutande
1361 2304 36 36 af
1440 2305 224 36 läkarevård
1699 2304 92 36 eller

199 2348 302 39 medikamenter
529 2353 48 47 på
606 2351 155 37 stadens
791 2352 224 39 bekostnad.

1821 1690 128 27 Särskild
1967 1691 40 26 in-

1840 1726 147 27 struktion.
