<?xml version="1.0" encoding="UTF-8"?>
<alto xmlns="http://www.loc.gov/standards/alto/ns-v3#" xmlns:xlink="http://www.w3.org/1999/xlink" xmlns:xsi="http://www.w3.org/2001/XMLSchema-instance" xsi:schemaLocation="http://www.loc.gov/standards/alto/ns-v3# http://www.loc.gov/alto/v3/alto-3-0.xsd">
	<Description>
		<MeasurementUnit>pixel</MeasurementUnit>
		<sourceImageInformation>
			<fileName>/tmp/tess_fnqpjtdd_input.PNG</fileName>
		</sourceImageInformation>
		<OCRProcessing ID="OCR_0">
			<ocrProcessingStep>
				<processingSoftware>
					<softwareName>tesseract 5.3.0</softwareName>
				</processingSoftware>
			</ocrProcessingStep>
		</OCRProcessing>
	</Description>
	<Layout>
		<Page WIDTH="1868" HEIGHT="2784" PHYSICAL_IMG_NR="0" ID="page_0">
			<PrintSpace HPOS="0" VPOS="0" WIDTH="1868" HEIGHT="2784">
				<ComposedBlock ID="cblock_0" HPOS="261" VPOS="142" WIDTH="1186" HEIGHT="41">
					<TextBlock ID="block_0" HPOS="261" VPOS="142" WIDTH="1186" HEIGHT="41">
						<TextLine ID="line_0" HPOS="261" VPOS="142" WIDTH="1186" HEIGHT="41">
							<String ID="string_0" HPOS="261" VPOS="142" WIDTH="17" HEIGHT="29" WC="0.96" CONTENT="6"/><SP WIDTH="295" VPOS="142" HPOS="278"/>
							<String ID="string_1" HPOS="573" VPOS="143" WIDTH="126" HEIGHT="29" WC="0.93" CONTENT="Första"/><SP WIDTH="20" VPOS="143" HPOS="699"/>
							<String ID="string_2" HPOS="719" VPOS="144" WIDTH="244" HEIGHT="39" WC="0.87" CONTENT="lagutskottets"/><SP WIDTH="22" VPOS="144" HPOS="963"/>
							<String ID="string_3" HPOS="985" VPOS="145" WIDTH="178" HEIGHT="31" WC="0.96" CONTENT="utlåtande"/><SP WIDTH="21" VPOS="145" HPOS="1163"/>
							<String ID="string_4" HPOS="1184" VPOS="156" WIDTH="42" HEIGHT="20" WC="0.96" CONTENT="nr"/><SP WIDTH="18" VPOS="156" HPOS="1226"/>
							<String ID="string_5" HPOS="1244" VPOS="147" WIDTH="41" HEIGHT="30" WC="0.96" CONTENT="27"/><SP WIDTH="19" VPOS="147" HPOS="1285"/>
							<String ID="string_6" HPOS="1304" VPOS="148" WIDTH="39" HEIGHT="30" WC="0.96" CONTENT="år"/><SP WIDTH="21" VPOS="148" HPOS="1343"/>
							<String ID="string_7" HPOS="1364" VPOS="149" WIDTH="83" HEIGHT="29" WC="0.96" CONTENT="1955"/>
						</TextLine>
					</TextBlock>
				</ComposedBlock>
				<ComposedBlock ID="cblock_1" HPOS="259" VPOS="224" WIDTH="1505" HEIGHT="488">
					<TextBlock ID="block_1" HPOS="259" VPOS="224" WIDTH="1505" HEIGHT="488">
						<TextLine ID="line_1" HPOS="260" VPOS="224" WIDTH="1503" HEIGHT="50">
							<String ID="string_8" HPOS="260" VPOS="224" WIDTH="451" HEIGHT="39" WC="0.91" CONTENT="justitiekanslersämbetet"/><SP WIDTH="35" VPOS="224" HPOS="711"/>
							<String ID="string_9" HPOS="746" VPOS="228" WIDTH="201" HEIGHT="31" WC="0.96" CONTENT="förklarade"/><SP WIDTH="36" VPOS="228" HPOS="947"/>
							<String ID="string_10" HPOS="983" VPOS="230" WIDTH="53" HEIGHT="40" WC="0.96" CONTENT="sig"/><SP WIDTH="36" VPOS="230" HPOS="1036"/>
							<String ID="string_11" HPOS="1072" VPOS="230" WIDTH="77" HEIGHT="31" WC="0.96" CONTENT="icke"/><SP WIDTH="36" VPOS="230" HPOS="1149"/>
							<String ID="string_12" HPOS="1185" VPOS="231" WIDTH="46" HEIGHT="30" WC="0.96" CONTENT="ha"/><SP WIDTH="27" VPOS="231" HPOS="1231"/>
							<String ID="string_13" HPOS="1258" VPOS="232" WIDTH="113" HEIGHT="39" WC="0.95" CONTENT="någon"/><SP WIDTH="25" VPOS="232" HPOS="1371"/>
							<String ID="string_14" HPOS="1396" VPOS="233" WIDTH="195" HEIGHT="41" WC="0.93" CONTENT="principiell"/><SP WIDTH="27" VPOS="233" HPOS="1591"/>
							<String ID="string_15" HPOS="1618" VPOS="235" WIDTH="145" HEIGHT="31" WC="0.91" CONTENT="invänd-"/>
						</TextLine>
						<TextLine ID="line_2" HPOS="261" VPOS="275" WIDTH="1499" HEIGHT="49">
							<String ID="string_16" HPOS="261" VPOS="275" WIDTH="83" HEIGHT="40" WC="0.95" CONTENT="ning"/><SP WIDTH="27" VPOS="275" HPOS="344"/>
							<String ID="string_17" HPOS="371" VPOS="278" WIDTH="51" HEIGHT="28" WC="0.95" CONTENT="att"/><SP WIDTH="27" VPOS="278" HPOS="422"/>
							<String ID="string_18" HPOS="449" VPOS="277" WIDTH="197" HEIGHT="31" WC="0.96" CONTENT="framställa"/><SP WIDTH="27" VPOS="277" HPOS="646"/>
							<String ID="string_19" HPOS="673" VPOS="280" WIDTH="74" HEIGHT="28" WC="0.96" CONTENT="mot"/><SP WIDTH="26" VPOS="280" HPOS="747"/>
							<String ID="string_20" HPOS="773" VPOS="281" WIDTH="50" HEIGHT="29" WC="0.96" CONTENT="att"/><SP WIDTH="26" VPOS="281" HPOS="823"/>
							<String ID="string_21" HPOS="849" VPOS="280" WIDTH="184" HEIGHT="30" WC="0.96" CONTENT="föreskrift"/><SP WIDTH="26" VPOS="280" HPOS="1033"/>
							<String ID="string_22" HPOS="1059" VPOS="281" WIDTH="11" HEIGHT="29" WC="0.96" CONTENT="i"/><SP WIDTH="27" VPOS="281" HPOS="1070"/>
							<String ID="string_23" HPOS="1097" VPOS="282" WIDTH="231" HEIGHT="31" WC="0.96" CONTENT="förevarande"/><SP WIDTH="26" VPOS="282" HPOS="1328"/>
							<String ID="string_24" HPOS="1354" VPOS="284" WIDTH="157" HEIGHT="40" WC="0.96" CONTENT="riktning"/><SP WIDTH="27" VPOS="284" HPOS="1511"/>
							<String ID="string_25" HPOS="1538" VPOS="286" WIDTH="222" HEIGHT="30" WC="0.96" CONTENT="meddelades"/>
						</TextLine>
						<TextLine ID="line_3" HPOS="261" VPOS="326" WIDTH="1499" HEIGHT="49">
							<String ID="string_26" HPOS="261" VPOS="327" WIDTH="87" HEIGHT="29" WC="0.96" CONTENT="även"/><SP WIDTH="30" VPOS="327" HPOS="348"/>
							<String ID="string_27" HPOS="378" VPOS="326" WIDTH="55" HEIGHT="31" WC="0.96" CONTENT="för"/><SP WIDTH="32" VPOS="326" HPOS="433"/>
							<String ID="string_28" HPOS="465" VPOS="328" WIDTH="109" HEIGHT="30" WC="0.96" CONTENT="andra"/><SP WIDTH="32" VPOS="328" HPOS="574"/>
							<String ID="string_29" HPOS="606" VPOS="328" WIDTH="219" HEIGHT="31" WC="0.96" CONTENT="ämbetsmän"/><SP WIDTH="32" VPOS="328" HPOS="825"/>
							<String ID="string_30" HPOS="857" VPOS="331" WIDTH="45" HEIGHT="29" WC="0.93" CONTENT="än"/><SP WIDTH="33" VPOS="331" HPOS="902"/>
							<String ID="string_31" HPOS="935" VPOS="330" WIDTH="222" HEIGHT="33" WC="0.87" CONTENT="läroverkens"/><SP WIDTH="34" VPOS="330" HPOS="1157"/>
							<String ID="string_32" HPOS="1191" VPOS="332" WIDTH="122" HEIGHT="36" WC="0.91" CONTENT="lärare,"/><SP WIDTH="33" VPOS="332" HPOS="1313"/>
							<String ID="string_33" HPOS="1346" VPOS="334" WIDTH="171" HEIGHT="31" WC="0.91" CONTENT="förelades"/><SP WIDTH="33" VPOS="334" HPOS="1517"/>
							<String ID="string_34" HPOS="1550" VPOS="336" WIDTH="125" HEIGHT="39" WC="0.96" CONTENT="frågan"/><SP WIDTH="30" VPOS="336" HPOS="1675"/>
							<String ID="string_35" HPOS="1705" VPOS="336" WIDTH="55" HEIGHT="31" WC="0.96" CONTENT="för"/>
						</TextLine>
						<TextLine ID="line_4" HPOS="264" VPOS="376" WIDTH="1500" HEIGHT="50">
							<String ID="string_36" HPOS="264" VPOS="376" WIDTH="83" HEIGHT="30" WC="0.93" CONTENT="1935"/><SP WIDTH="20" VPOS="376" HPOS="347"/>
							<String ID="string_37" HPOS="367" VPOS="376" WIDTH="57" HEIGHT="30" WC="0.96" CONTENT="års"/><SP WIDTH="21" VPOS="376" HPOS="424"/>
							<String ID="string_38" HPOS="445" VPOS="376" WIDTH="142" HEIGHT="41" WC="0.96" CONTENT="riksdag"/><SP WIDTH="20" VPOS="376" HPOS="587"/>
							<String ID="string_39" HPOS="607" VPOS="385" WIDTH="126" HEIGHT="32" WC="0.96" CONTENT="genom"/><SP WIDTH="21" VPOS="385" HPOS="733"/>
							<String ID="string_40" HPOS="754" VPOS="379" WIDTH="218" HEIGHT="40" WC="0.96" CONTENT="proposition"/><SP WIDTH="21" VPOS="379" HPOS="972"/>
							<String ID="string_41" HPOS="993" VPOS="390" WIDTH="42" HEIGHT="20" WC="0.95" CONTENT="nr"/><SP WIDTH="23" VPOS="390" HPOS="1035"/>
							<String ID="string_42" HPOS="1058" VPOS="382" WIDTH="72" HEIGHT="30" WC="0.95" CONTENT="153."/><SP WIDTH="21" VPOS="382" HPOS="1130"/>
							<String ID="string_43" HPOS="1151" VPOS="382" WIDTH="94" HEIGHT="30" WC="0.91" CONTENT="Även"/><SP WIDTH="21" VPOS="382" HPOS="1245"/>
							<String ID="string_44" HPOS="1266" VPOS="383" WIDTH="57" HEIGHT="30" WC="0.96" CONTENT="vid"/><SP WIDTH="22" VPOS="383" HPOS="1323"/>
							<String ID="string_45" HPOS="1345" VPOS="383" WIDTH="95" HEIGHT="30" WC="0.96" CONTENT="detta"/><SP WIDTH="21" VPOS="383" HPOS="1440"/>
							<String ID="string_46" HPOS="1461" VPOS="385" WIDTH="137" HEIGHT="30" WC="0.93" CONTENT="tillfälle"/><SP WIDTH="21" VPOS="385" HPOS="1598"/>
							<String ID="string_47" HPOS="1619" VPOS="386" WIDTH="145" HEIGHT="40" WC="0.91" CONTENT="begrän-"/>
						</TextLine>
						<TextLine ID="line_5" HPOS="262" VPOS="426" WIDTH="1501" HEIGHT="47">
							<String ID="string_48" HPOS="262" VPOS="426" WIDTH="99" HEIGHT="30" WC="0.96" CONTENT="sades"/><SP WIDTH="22" VPOS="426" HPOS="361"/>
							<String ID="string_49" HPOS="383" VPOS="427" WIDTH="205" HEIGHT="40" WC="0.96" CONTENT="riksdagens"/><SP WIDTH="23" VPOS="427" HPOS="588"/>
							<String ID="string_50" HPOS="611" VPOS="428" WIDTH="157" HEIGHT="31" WC="0.96" CONTENT="hörande"/><SP WIDTH="22" VPOS="428" HPOS="768"/>
							<String ID="string_51" HPOS="790" VPOS="430" WIDTH="155" HEIGHT="30" WC="0.95" CONTENT="formellt"/><SP WIDTH="22" VPOS="430" HPOS="945"/>
							<String ID="string_52" HPOS="967" VPOS="431" WIDTH="52" HEIGHT="30" WC="0.93" CONTENT="till"/><SP WIDTH="22" VPOS="431" HPOS="1019"/>
							<String ID="string_53" HPOS="1041" VPOS="432" WIDTH="347" HEIGHT="41" WC="0.90" CONTENT="kostnadsfrågorna."/><SP WIDTH="25" VPOS="432" HPOS="1388"/>
							<String ID="string_54" HPOS="1413" VPOS="434" WIDTH="47" HEIGHT="30" WC="0.93" CONTENT="På"/><SP WIDTH="23" VPOS="434" HPOS="1460"/>
							<String ID="string_55" HPOS="1483" VPOS="437" WIDTH="280" HEIGHT="29" WC="0.91" CONTENT="statsutskottets"/>
						</TextLine>
						<TextLine ID="line_6" HPOS="261" VPOS="476" WIDTH="1502" HEIGHT="49">
							<String ID="string_56" HPOS="261" VPOS="476" WIDTH="211" HEIGHT="31" WC="0.96" CONTENT="hemställan"/><SP WIDTH="22" VPOS="476" HPOS="472"/>
							<String ID="string_57" HPOS="494" VPOS="478" WIDTH="11" HEIGHT="29" WC="0.96" CONTENT="i"/><SP WIDTH="24" VPOS="478" HPOS="505"/>
							<String ID="string_58" HPOS="529" VPOS="479" WIDTH="181" HEIGHT="31" WC="0.96" CONTENT="utlåtande"/><SP WIDTH="24" VPOS="479" HPOS="710"/>
							<String ID="string_59" HPOS="734" VPOS="489" WIDTH="42" HEIGHT="20" WC="0.96" CONTENT="nr"/><SP WIDTH="25" VPOS="489" HPOS="776"/>
							<String ID="string_60" HPOS="801" VPOS="481" WIDTH="39" HEIGHT="29" WC="0.93" CONTENT="76"/><SP WIDTH="24" VPOS="481" HPOS="840"/>
							<String ID="string_61" HPOS="864" VPOS="481" WIDTH="254" HEIGHT="40" WC="0.91" CONTENT="bemyndigade"/><SP WIDTH="24" VPOS="481" HPOS="1118"/>
							<String ID="string_62" HPOS="1142" VPOS="483" WIDTH="188" HEIGHT="40" WC="0.96" CONTENT="riksdagen"/><SP WIDTH="23" VPOS="483" HPOS="1330"/>
							<String ID="string_63" HPOS="1353" VPOS="485" WIDTH="127" HEIGHT="40" WC="0.95" CONTENT="Kungl."/><SP WIDTH="25" VPOS="485" HPOS="1480"/>
							<String ID="string_64" HPOS="1505" VPOS="486" WIDTH="106" HEIGHT="39" WC="0.96" CONTENT="Maj:t"/><SP WIDTH="24" VPOS="486" HPOS="1611"/>
							<String ID="string_65" HPOS="1635" VPOS="488" WIDTH="51" HEIGHT="28" WC="0.93" CONTENT="att"/><SP WIDTH="25" VPOS="488" HPOS="1686"/>
							<String ID="string_66" HPOS="1711" VPOS="489" WIDTH="52" HEIGHT="27" WC="0.92" CONTENT="ut-"/>
						</TextLine>
						<TextLine ID="line_7" HPOS="261" VPOS="526" WIDTH="1501" HEIGHT="50">
							<String ID="string_67" HPOS="261" VPOS="526" WIDTH="101" HEIGHT="31" WC="0.92" CONTENT="färda"/><SP WIDTH="26" VPOS="526" HPOS="362"/>
							<String ID="string_68" HPOS="388" VPOS="528" WIDTH="264" HEIGHT="31" WC="0.96" CONTENT="bestämmelser"/><SP WIDTH="28" VPOS="528" HPOS="652"/>
							<String ID="string_69" HPOS="680" VPOS="531" WIDTH="148" HEIGHT="30" WC="0.93" CONTENT="rörande"/><SP WIDTH="28" VPOS="531" HPOS="828"/>
							<String ID="string_70" HPOS="856" VPOS="532" WIDTH="365" HEIGHT="39" WC="0.92" CONTENT="avlöningsförmåner"/><SP WIDTH="27" VPOS="532" HPOS="1221"/>
							<String ID="string_71" HPOS="1248" VPOS="535" WIDTH="112" HEIGHT="30" WC="0.96" CONTENT="under"/><SP WIDTH="27" VPOS="535" HPOS="1360"/>
							<String ID="string_72" HPOS="1387" VPOS="535" WIDTH="265" HEIGHT="41" WC="0.95" CONTENT="tjänstledighet"/><SP WIDTH="27" VPOS="535" HPOS="1652"/>
							<String ID="string_73" HPOS="1679" VPOS="538" WIDTH="83" HEIGHT="29" WC="0.96" CONTENT="eller"/>
						</TextLine>
						<TextLine ID="line_8" HPOS="260" VPOS="578" WIDTH="1502" HEIGHT="48">
							<String ID="string_74" HPOS="260" VPOS="578" WIDTH="232" HEIGHT="40" WC="0.96" CONTENT="avstängning"/><SP WIDTH="25" VPOS="578" HPOS="492"/>
							<String ID="string_75" HPOS="517" VPOS="579" WIDTH="79" HEIGHT="30" WC="0.96" CONTENT="från"/><SP WIDTH="27" VPOS="579" HPOS="596"/>
							<String ID="string_76" HPOS="623" VPOS="580" WIDTH="158" HEIGHT="39" WC="0.96" CONTENT="tjänsten"/><SP WIDTH="24" VPOS="580" HPOS="781"/>
							<String ID="string_77" HPOS="805" VPOS="581" WIDTH="12" HEIGHT="30" WC="0.96" CONTENT="i"/><SP WIDTH="26" VPOS="581" HPOS="817"/>
							<String ID="string_78" HPOS="843" VPOS="582" WIDTH="171" HEIGHT="31" WC="0.96" CONTENT="samband"/><SP WIDTH="26" VPOS="582" HPOS="1014"/>
							<String ID="string_79" HPOS="1040" VPOS="585" WIDTH="79" HEIGHT="29" WC="0.91" CONTENT="med"/><SP WIDTH="27" VPOS="585" HPOS="1119"/>
							<String ID="string_80" HPOS="1146" VPOS="584" WIDTH="365" HEIGHT="42" WC="0.91" CONTENT="läkarundersökning"/><SP WIDTH="26" VPOS="584" HPOS="1511"/>
							<String ID="string_81" HPOS="1537" VPOS="596" WIDTH="46" HEIGHT="21" WC="0.91" CONTENT="m."/><SP WIDTH="28" VPOS="596" HPOS="1583"/>
							<String ID="string_82" HPOS="1611" VPOS="597" WIDTH="45" HEIGHT="20" WC="0.92" CONTENT="m."/><SP WIDTH="28" VPOS="597" HPOS="1656"/>
							<String ID="string_83" HPOS="1684" VPOS="588" WIDTH="78" HEIGHT="30" WC="0.96" CONTENT="Med"/>
						</TextLine>
						<TextLine ID="line_9" HPOS="260" VPOS="628" WIDTH="1502" HEIGHT="47">
							<String ID="string_84" HPOS="260" VPOS="628" WIDTH="76" HEIGHT="30" WC="0.96" CONTENT="stöd"/><SP WIDTH="18" VPOS="628" HPOS="336"/>
							<String ID="string_85" HPOS="354" VPOS="637" WIDTH="44" HEIGHT="21" WC="0.96" CONTENT="av"/><SP WIDTH="17" VPOS="637" HPOS="398"/>
							<String ID="string_86" HPOS="415" VPOS="629" WIDTH="205" HEIGHT="40" WC="0.96" CONTENT="riksdagens"/><SP WIDTH="19" VPOS="629" HPOS="620"/>
							<String ID="string_87" HPOS="639" VPOS="631" WIDTH="114" HEIGHT="30" WC="0.96" CONTENT="beslut"/><SP WIDTH="19" VPOS="631" HPOS="753"/>
							<String ID="string_88" HPOS="772" VPOS="632" WIDTH="204" HEIGHT="31" WC="0.96" CONTENT="utfärdades"/><SP WIDTH="20" VPOS="632" HPOS="976"/>
							<String ID="string_89" HPOS="996" VPOS="635" WIDTH="247" HEIGHT="29" WC="0.96" CONTENT="ovannämnda"/><SP WIDTH="17" VPOS="635" HPOS="1243"/>
							<String ID="string_90" HPOS="1260" VPOS="635" WIDTH="208" HEIGHT="40" WC="0.96" CONTENT="kungörelse"/><SP WIDTH="22" VPOS="635" HPOS="1468"/>
							<String ID="string_91" HPOS="1490" VPOS="637" WIDTH="82" HEIGHT="36" WC="0.96" CONTENT="18/7"/><SP WIDTH="22" VPOS="637" HPOS="1572"/>
							<String ID="string_92" HPOS="1594" VPOS="638" WIDTH="83" HEIGHT="30" WC="0.96" CONTENT="1935"/><SP WIDTH="26" VPOS="638" HPOS="1677"/>
							<String ID="string_93" HPOS="1703" VPOS="638" WIDTH="59" HEIGHT="34" WC="0.96" CONTENT="(nr"/>
						</TextLine>
						<TextLine ID="line_10" HPOS="259" VPOS="678" WIDTH="94" HEIGHT="34">
							<String ID="string_94" HPOS="259" VPOS="678" WIDTH="94" HEIGHT="34" WC="0.96" CONTENT="459)."/>
						</TextLine>
					</TextBlock>
				</ComposedBlock>
				<ComposedBlock ID="cblock_2" HPOS="248" VPOS="789" WIDTH="1512" HEIGHT="1707">
					<TextBlock ID="block_2" HPOS="255" VPOS="789" WIDTH="1505" HEIGHT="549">
						<TextLine ID="line_11" HPOS="301" VPOS="789" WIDTH="1459" HEIGHT="42">
							<String ID="string_95" HPOS="301" VPOS="789" WIDTH="112" HEIGHT="40" WC="0.96" CONTENT="Fråga"/><SP WIDTH="24" VPOS="789" HPOS="413"/>
							<String ID="string_96" HPOS="437" VPOS="799" WIDTH="56" HEIGHT="21" WC="0.96" CONTENT="om"/><SP WIDTH="22" VPOS="799" HPOS="493"/>
							<String ID="string_97" HPOS="515" VPOS="792" WIDTH="148" HEIGHT="39" WC="0.96" CONTENT="ändring"/><SP WIDTH="24" VPOS="792" HPOS="663"/>
							<String ID="string_98" HPOS="687" VPOS="801" WIDTH="43" HEIGHT="21" WC="0.96" CONTENT="av"/><SP WIDTH="21" VPOS="801" HPOS="730"/>
							<String ID="string_99" HPOS="751" VPOS="792" WIDTH="309" HEIGHT="33" WC="0.96" CONTENT="bestämmelserna"/><SP WIDTH="23" VPOS="792" HPOS="1060"/>
							<String ID="string_100" HPOS="1083" VPOS="795" WIDTH="10" HEIGHT="29" WC="0.96" CONTENT="i"/><SP WIDTH="23" VPOS="795" HPOS="1093"/>
							<String ID="string_101" HPOS="1116" VPOS="795" WIDTH="41" HEIGHT="31" WC="0.96" CONTENT="de"/><SP WIDTH="24" VPOS="795" HPOS="1157"/>
							<String ID="string_102" HPOS="1181" VPOS="795" WIDTH="96" HEIGHT="31" WC="0.96" CONTENT="förut"/><SP WIDTH="23" VPOS="795" HPOS="1277"/>
							<String ID="string_103" HPOS="1300" VPOS="797" WIDTH="213" HEIGHT="31" WC="0.96" CONTENT="omnämnda"/><SP WIDTH="22" VPOS="797" HPOS="1513"/>
							<String ID="string_104" HPOS="1535" VPOS="798" WIDTH="38" HEIGHT="30" WC="0.96" CONTENT="år"/><SP WIDTH="27" VPOS="798" HPOS="1573"/>
							<String ID="string_105" HPOS="1600" VPOS="798" WIDTH="83" HEIGHT="30" WC="0.93" CONTENT="1935"/><SP WIDTH="25" VPOS="798" HPOS="1683"/>
							<String ID="string_106" HPOS="1708" VPOS="800" WIDTH="52" HEIGHT="28" WC="0.93" CONTENT="ut-"/>
						</TextLine>
						<TextLine ID="line_12" HPOS="258" VPOS="839" WIDTH="1502" HEIGHT="46">
							<String ID="string_107" HPOS="258" VPOS="839" WIDTH="145" HEIGHT="30" WC="0.89" CONTENT="färdade"/><SP WIDTH="27" VPOS="839" HPOS="403"/>
							<String ID="string_108" HPOS="430" VPOS="840" WIDTH="276" HEIGHT="40" WC="0.91" CONTENT="kungörelserna"/><SP WIDTH="26" VPOS="840" HPOS="706"/>
							<String ID="string_109" HPOS="732" VPOS="844" WIDTH="148" HEIGHT="38" WC="0.96" CONTENT="upptogs"/><SP WIDTH="27" VPOS="844" HPOS="880"/>
							<String ID="string_110" HPOS="907" VPOS="843" WIDTH="97" HEIGHT="30" WC="0.93" CONTENT="inom"/><SP WIDTH="27" VPOS="843" HPOS="1004"/>
							<String ID="string_111" HPOS="1031" VPOS="844" WIDTH="397" HEIGHT="41" WC="0.89" CONTENT="finansdepartementet"/><SP WIDTH="26" VPOS="844" HPOS="1428"/>
							<String ID="string_112" HPOS="1454" VPOS="847" WIDTH="10" HEIGHT="29" WC="0.96" CONTENT="i"/><SP WIDTH="28" VPOS="847" HPOS="1464"/>
							<String ID="string_113" HPOS="1492" VPOS="857" WIDTH="42" HEIGHT="20" WC="0.96" CONTENT="en"/><SP WIDTH="30" VPOS="857" HPOS="1534"/>
							<String ID="string_114" HPOS="1564" VPOS="848" WIDTH="81" HEIGHT="36" WC="0.96" CONTENT="14/7"/><SP WIDTH="32" VPOS="848" HPOS="1645"/>
							<String ID="string_115" HPOS="1677" VPOS="848" WIDTH="83" HEIGHT="31" WC="0.96" CONTENT="1943"/>
						</TextLine>
						<TextLine ID="line_13" HPOS="258" VPOS="890" WIDTH="1502" HEIGHT="47">
							<String ID="string_116" HPOS="258" VPOS="890" WIDTH="217" HEIGHT="39" WC="0.92" CONTENT="dagtecknad"/><SP WIDTH="21" VPOS="890" HPOS="475"/>
							<String ID="string_117" HPOS="496" VPOS="894" WIDTH="244" HEIGHT="38" WC="0.96" CONTENT="promemoria,"/><SP WIDTH="25" VPOS="894" HPOS="740"/>
							<String ID="string_118" HPOS="765" VPOS="903" WIDTH="73" HEIGHT="21" WC="0.96" CONTENT="som"/><SP WIDTH="22" VPOS="903" HPOS="838"/>
							<String ID="string_119" HPOS="860" VPOS="894" WIDTH="217" HEIGHT="31" WC="0.96" CONTENT="behandlade"/><SP WIDTH="22" VPOS="894" HPOS="1077"/>
							<String ID="string_120" HPOS="1099" VPOS="896" WIDTH="44" HEIGHT="30" WC="0.95" CONTENT="bl."/><SP WIDTH="24" VPOS="896" HPOS="1143"/>
							<String ID="string_121" HPOS="1167" VPOS="906" WIDTH="29" HEIGHT="21" WC="0.95" CONTENT="a."/><SP WIDTH="25" VPOS="906" HPOS="1196"/>
							<String ID="string_122" HPOS="1221" VPOS="897" WIDTH="124" HEIGHT="39" WC="0.96" CONTENT="frågan"/><SP WIDTH="21" VPOS="897" HPOS="1345"/>
							<String ID="string_123" HPOS="1366" VPOS="907" WIDTH="57" HEIGHT="20" WC="0.93" CONTENT="om"/><SP WIDTH="23" VPOS="907" HPOS="1423"/>
							<String ID="string_124" HPOS="1446" VPOS="898" WIDTH="177" HEIGHT="39" WC="0.91" CONTENT="tvångsvis"/><SP WIDTH="24" VPOS="898" HPOS="1623"/>
							<String ID="string_125" HPOS="1647" VPOS="899" WIDTH="113" HEIGHT="30" WC="0.92" CONTENT="läkar-"/>
						</TextLine>
						<TextLine ID="line_14" HPOS="258" VPOS="941" WIDTH="1501" HEIGHT="42">
							<String ID="string_126" HPOS="258" VPOS="941" WIDTH="263" HEIGHT="41" WC="0.95" CONTENT="undersökning"/><SP WIDTH="20" VPOS="941" HPOS="521"/>
							<String ID="string_127" HPOS="541" VPOS="952" WIDTH="42" HEIGHT="21" WC="0.93" CONTENT="av"/><SP WIDTH="20" VPOS="952" HPOS="583"/>
							<String ID="string_128" HPOS="603" VPOS="942" WIDTH="356" HEIGHT="41" WC="0.88" CONTENT="befattningshavare."/><SP WIDTH="35" VPOS="942" HPOS="959"/>
							<String ID="string_129" HPOS="994" VPOS="945" WIDTH="263" HEIGHT="31" WC="0.95" CONTENT="Promemorian"/><SP WIDTH="21" VPOS="945" HPOS="1257"/>
							<String ID="string_130" HPOS="1278" VPOS="947" WIDTH="77" HEIGHT="31" WC="0.96" CONTENT="blev"/><SP WIDTH="20" VPOS="947" HPOS="1355"/>
							<String ID="string_131" HPOS="1375" VPOS="948" WIDTH="148" HEIGHT="30" WC="0.96" CONTENT="föremål"/><SP WIDTH="21" VPOS="948" HPOS="1523"/>
							<String ID="string_132" HPOS="1544" VPOS="948" WIDTH="55" HEIGHT="30" WC="0.93" CONTENT="för"/><SP WIDTH="22" VPOS="948" HPOS="1599"/>
							<String ID="string_133" HPOS="1621" VPOS="949" WIDTH="138" HEIGHT="30" WC="0.92" CONTENT="remiss-"/>
						</TextLine>
						<TextLine ID="line_15" HPOS="257" VPOS="990" WIDTH="1503" HEIGHT="45">
							<String ID="string_134" HPOS="257" VPOS="990" WIDTH="222" HEIGHT="41" WC="0.96" CONTENT="behandling."/><SP WIDTH="36" VPOS="990" HPOS="479"/>
							<String ID="string_135" HPOS="515" VPOS="993" WIDTH="14" HEIGHT="29" WC="0.96" CONTENT="I"/><SP WIDTH="25" VPOS="993" HPOS="529"/>
							<String ID="string_136" HPOS="554" VPOS="993" WIDTH="172" HEIGHT="31" WC="0.96" CONTENT="samband"/><SP WIDTH="24" VPOS="993" HPOS="726"/>
							<String ID="string_137" HPOS="750" VPOS="995" WIDTH="78" HEIGHT="29" WC="0.95" CONTENT="med"/><SP WIDTH="26" VPOS="995" HPOS="828"/>
							<String ID="string_138" HPOS="854" VPOS="995" WIDTH="216" HEIGHT="31" WC="0.96" CONTENT="tillkomsten"/><SP WIDTH="27" VPOS="995" HPOS="1070"/>
							<String ID="string_139" HPOS="1097" VPOS="1006" WIDTH="43" HEIGHT="21" WC="0.96" CONTENT="av"/><SP WIDTH="24" VPOS="1006" HPOS="1140"/>
							<String ID="string_140" HPOS="1164" VPOS="997" WIDTH="67" HEIGHT="30" WC="0.96" CONTENT="den"/><SP WIDTH="28" VPOS="997" HPOS="1231"/>
							<String ID="string_141" HPOS="1259" VPOS="997" WIDTH="95" HEIGHT="30" WC="0.96" CONTENT="förut"/><SP WIDTH="24" VPOS="997" HPOS="1354"/>
							<String ID="string_142" HPOS="1378" VPOS="998" WIDTH="156" HEIGHT="31" WC="0.96" CONTENT="nämnda"/><SP WIDTH="29" VPOS="998" HPOS="1534"/>
							<String ID="string_143" HPOS="1563" VPOS="999" WIDTH="39" HEIGHT="30" WC="0.96" CONTENT="12"/><SP WIDTH="29" VPOS="999" HPOS="1602"/>
							<String ID="string_144" HPOS="1631" VPOS="999" WIDTH="15" HEIGHT="36" WC="0.93" CONTENT="8"/><SP WIDTH="30" VPOS="999" HPOS="1646"/>
							<String ID="string_145" HPOS="1676" VPOS="1000" WIDTH="84" HEIGHT="30" WC="0.96" CONTENT="Saar"/>
						</TextLine>
						<TextLine ID="line_16" HPOS="257" VPOS="1042" WIDTH="1502" HEIGHT="44">
							<String ID="string_146" HPOS="257" VPOS="1042" WIDTH="202" HEIGHT="30" WC="0.91" CONTENT="anmärktes"/><SP WIDTH="18" VPOS="1042" HPOS="459"/>
							<String ID="string_147" HPOS="477" VPOS="1043" WIDTH="11" HEIGHT="29" WC="0.96" CONTENT="i"/><SP WIDTH="17" VPOS="1043" HPOS="488"/>
							<String ID="string_148" HPOS="505" VPOS="1052" WIDTH="97" HEIGHT="31" WC="0.95" CONTENT="prop."/><SP WIDTH="19" VPOS="1052" HPOS="602"/>
							<String ID="string_149" HPOS="621" VPOS="1053" WIDTH="43" HEIGHT="20" WC="0.96" CONTENT="nr"/><SP WIDTH="18" VPOS="1053" HPOS="664"/>
							<String ID="string_150" HPOS="682" VPOS="1044" WIDTH="74" HEIGHT="34" WC="0.82" CONTENT="225,"/><SP WIDTH="18" VPOS="1044" HPOS="756"/>
							<String ID="string_151" HPOS="774" VPOS="1044" WIDTH="201" HEIGHT="40" WC="0.96" CONTENT="varigenom"/><SP WIDTH="18" VPOS="1044" HPOS="975"/>
							<String ID="string_152" HPOS="993" VPOS="1046" WIDTH="131" HEIGHT="40" WC="0.95" CONTENT="förslag"/><SP WIDTH="17" VPOS="1046" HPOS="1124"/>
							<String ID="string_153" HPOS="1141" VPOS="1047" WIDTH="52" HEIGHT="30" WC="0.96" CONTENT="till"/><SP WIDTH="21" VPOS="1047" HPOS="1193"/>
							<String ID="string_154" HPOS="1214" VPOS="1048" WIDTH="83" HEIGHT="29" WC="0.96" CONTENT="Saar"/><SP WIDTH="17" VPOS="1048" HPOS="1297"/>
							<String ID="string_155" HPOS="1314" VPOS="1049" WIDTH="190" HEIGHT="29" WC="0.95" CONTENT="framlades"/><SP WIDTH="19" VPOS="1049" HPOS="1504"/>
							<String ID="string_156" HPOS="1523" VPOS="1049" WIDTH="56" HEIGHT="30" WC="0.95" CONTENT="för"/><SP WIDTH="20" VPOS="1049" HPOS="1579"/>
							<String ID="string_157" HPOS="1599" VPOS="1050" WIDTH="84" HEIGHT="29" WC="0.96" CONTENT="1948"/><SP WIDTH="18" VPOS="1050" HPOS="1683"/>
							<String ID="string_158" HPOS="1701" VPOS="1050" WIDTH="58" HEIGHT="29" WC="0.96" CONTENT="års"/>
						</TextLine>
						<TextLine ID="line_17" HPOS="257" VPOS="1091" WIDTH="1501" HEIGHT="48">
							<String ID="string_159" HPOS="257" VPOS="1091" WIDTH="151" HEIGHT="40" WC="0.96" CONTENT="riksdag,"/><SP WIDTH="17" VPOS="1091" HPOS="408"/>
							<String ID="string_160" HPOS="425" VPOS="1094" WIDTH="51" HEIGHT="29" WC="0.96" CONTENT="att"/><SP WIDTH="14" VPOS="1094" HPOS="476"/>
							<String ID="string_161" HPOS="490" VPOS="1094" WIDTH="40" HEIGHT="29" WC="0.96" CONTENT="de"/><SP WIDTH="15" VPOS="1094" HPOS="530"/>
							<String ID="string_162" HPOS="545" VPOS="1094" WIDTH="12" HEIGHT="28" WC="0.96" CONTENT="i"/><SP WIDTH="15" VPOS="1094" HPOS="557"/>
							<String ID="string_163" HPOS="572" VPOS="1094" WIDTH="42" HEIGHT="29" WC="0.96" CONTENT="de"/><SP WIDTH="16" VPOS="1094" HPOS="614"/>
							<String ID="string_164" HPOS="630" VPOS="1094" WIDTH="91" HEIGHT="31" WC="0.93" CONTENT="båda"/><SP WIDTH="15" VPOS="1094" HPOS="721"/>
							<String ID="string_165" HPOS="736" VPOS="1095" WIDTH="275" HEIGHT="40" WC="0.92" CONTENT="kungörelserna"/><SP WIDTH="16" VPOS="1095" HPOS="1011"/>
							<String ID="string_166" HPOS="1027" VPOS="1098" WIDTH="162" HEIGHT="38" WC="0.96" CONTENT="inrymda"/><SP WIDTH="16" VPOS="1098" HPOS="1189"/>
							<String ID="string_167" HPOS="1205" VPOS="1098" WIDTH="309" HEIGHT="31" WC="0.96" CONTENT="bestämmelserna"/><SP WIDTH="18" VPOS="1098" HPOS="1514"/>
							<String ID="string_168" HPOS="1532" VPOS="1109" WIDTH="56" HEIGHT="20" WC="0.93" CONTENT="om"/><SP WIDTH="20" VPOS="1109" HPOS="1588"/>
							<String ID="string_169" HPOS="1608" VPOS="1100" WIDTH="150" HEIGHT="39" WC="0.92" CONTENT="skyldig-"/>
						</TextLine>
						<TextLine ID="line_18" HPOS="256" VPOS="1142" WIDTH="1502" HEIGHT="46">
							<String ID="string_170" HPOS="256" VPOS="1142" WIDTH="57" HEIGHT="29" WC="0.95" CONTENT="het"/><SP WIDTH="18" VPOS="1142" HPOS="313"/>
							<String ID="string_171" HPOS="331" VPOS="1142" WIDTH="56" HEIGHT="30" WC="0.96" CONTENT="för"/><SP WIDTH="15" VPOS="1142" HPOS="387"/>
							<String ID="string_172" HPOS="402" VPOS="1143" WIDTH="215" HEIGHT="39" WC="0.96" CONTENT="tjänsteman"/><SP WIDTH="19" VPOS="1143" HPOS="617"/>
							<String ID="string_173" HPOS="636" VPOS="1146" WIDTH="51" HEIGHT="28" WC="0.96" CONTENT="att"/><SP WIDTH="16" VPOS="1146" HPOS="687"/>
							<String ID="string_174" HPOS="703" VPOS="1145" WIDTH="214" HEIGHT="32" WC="0.96" CONTENT="underkasta"/><SP WIDTH="18" VPOS="1145" HPOS="917"/>
							<String ID="string_175" HPOS="935" VPOS="1146" WIDTH="51" HEIGHT="40" WC="0.92" CONTENT="sig"/><SP WIDTH="17" VPOS="1146" HPOS="986"/>
							<String ID="string_176" HPOS="1003" VPOS="1147" WIDTH="365" HEIGHT="41" WC="0.91" CONTENT="läkarundersökning"/><SP WIDTH="17" VPOS="1147" HPOS="1368"/>
							<String ID="string_177" HPOS="1385" VPOS="1151" WIDTH="117" HEIGHT="37" WC="0.96" CONTENT="syntes"/><SP WIDTH="17" VPOS="1151" HPOS="1502"/>
							<String ID="string_178" HPOS="1519" VPOS="1159" WIDTH="83" HEIGHT="21" WC="0.96" CONTENT="vara"/><SP WIDTH="16" VPOS="1159" HPOS="1602"/>
							<String ID="string_179" HPOS="1618" VPOS="1150" WIDTH="11" HEIGHT="29" WC="0.96" CONTENT="i"/><SP WIDTH="19" VPOS="1150" HPOS="1629"/>
							<String ID="string_180" HPOS="1648" VPOS="1150" WIDTH="110" HEIGHT="30" WC="0.96" CONTENT="behov"/>
						</TextLine>
						<TextLine ID="line_19" HPOS="257" VPOS="1193" WIDTH="1501" HEIGHT="45">
							<String ID="string_181" HPOS="257" VPOS="1202" WIDTH="40" HEIGHT="20" WC="0.95" CONTENT="av"/><SP WIDTH="16" VPOS="1202" HPOS="297"/>
							<String ID="string_182" HPOS="313" VPOS="1193" WIDTH="70" HEIGHT="29" WC="0.96" CONTENT="viss"/><SP WIDTH="18" VPOS="1193" HPOS="383"/>
							<String ID="string_183" HPOS="401" VPOS="1194" WIDTH="146" HEIGHT="40" WC="0.78" CONTENT="Översyn"/><SP WIDTH="18" VPOS="1194" HPOS="547"/>
							<String ID="string_184" HPOS="565" VPOS="1196" WIDTH="91" HEIGHT="28" WC="0.96" CONTENT="samt"/><SP WIDTH="18" VPOS="1196" HPOS="656"/>
							<String ID="string_185" HPOS="674" VPOS="1197" WIDTH="50" HEIGHT="28" WC="0.96" CONTENT="att"/><SP WIDTH="17" VPOS="1197" HPOS="724"/>
							<String ID="string_186" HPOS="741" VPOS="1195" WIDTH="122" HEIGHT="40" WC="0.96" CONTENT="frågan"/><SP WIDTH="18" VPOS="1195" HPOS="863"/>
							<String ID="string_187" HPOS="881" VPOS="1206" WIDTH="58" HEIGHT="20" WC="0.96" CONTENT="om"/><SP WIDTH="18" VPOS="1206" HPOS="939"/>
							<String ID="string_188" HPOS="957" VPOS="1196" WIDTH="210" HEIGHT="32" WC="0.96" CONTENT="utfärdande"/><SP WIDTH="18" VPOS="1196" HPOS="1167"/>
							<String ID="string_189" HPOS="1185" VPOS="1207" WIDTH="42" HEIGHT="22" WC="0.96" CONTENT="av"/><SP WIDTH="18" VPOS="1207" HPOS="1227"/>
							<String ID="string_190" HPOS="1245" VPOS="1208" WIDTH="68" HEIGHT="30" WC="0.96" CONTENT="nya"/><SP WIDTH="18" VPOS="1208" HPOS="1313"/>
							<String ID="string_191" HPOS="1331" VPOS="1198" WIDTH="262" HEIGHT="32" WC="0.96" CONTENT="bestämmelser"/><SP WIDTH="18" VPOS="1198" HPOS="1593"/>
							<String ID="string_192" HPOS="1611" VPOS="1201" WIDTH="11" HEIGHT="29" WC="0.96" CONTENT="i"/><SP WIDTH="18" VPOS="1201" HPOS="1622"/>
							<String ID="string_193" HPOS="1640" VPOS="1202" WIDTH="118" HEIGHT="28" WC="0.96" CONTENT="ämnet"/>
						</TextLine>
						<TextLine ID="line_20" HPOS="255" VPOS="1243" WIDTH="1500" HEIGHT="46">
							<String ID="string_194" HPOS="255" VPOS="1251" WIDTH="79" HEIGHT="21" WC="0.96" CONTENT="vore"/><SP WIDTH="20" VPOS="1251" HPOS="334"/>
							<String ID="string_195" HPOS="354" VPOS="1243" WIDTH="147" HEIGHT="31" WC="0.96" CONTENT="föremål"/><SP WIDTH="17" VPOS="1243" HPOS="501"/>
							<String ID="string_196" HPOS="518" VPOS="1244" WIDTH="54" HEIGHT="30" WC="0.96" CONTENT="för"/><SP WIDTH="19" VPOS="1244" HPOS="572"/>
							<String ID="string_197" HPOS="591" VPOS="1246" WIDTH="238" HEIGHT="38" WC="0.96" CONTENT="övervägande"/><SP WIDTH="19" VPOS="1246" HPOS="829"/>
							<String ID="string_198" HPOS="848" VPOS="1246" WIDTH="96" HEIGHT="30" WC="0.93" CONTENT="inom"/><SP WIDTH="19" VPOS="1246" HPOS="944"/>
							<String ID="string_199" HPOS="963" VPOS="1246" WIDTH="406" HEIGHT="42" WC="0.90" CONTENT="finansdepartementet."/><SP WIDTH="31" VPOS="1246" HPOS="1369"/>
							<String ID="string_200" HPOS="1400" VPOS="1249" WIDTH="355" HEIGHT="40" WC="0.96" CONTENT="Undersökningarna"/>
						</TextLine>
						<TextLine ID="line_21" HPOS="255" VPOS="1293" WIDTH="1501" HEIGHT="45">
							<String ID="string_201" HPOS="255" VPOS="1293" WIDTH="44" HEIGHT="30" WC="0.96" CONTENT="ha"/><SP WIDTH="17" VPOS="1293" HPOS="299"/>
							<String ID="string_202" HPOS="316" VPOS="1294" WIDTH="192" HEIGHT="30" WC="0.95" CONTENT="emellertid"/><SP WIDTH="18" VPOS="1294" HPOS="508"/>
							<String ID="string_203" HPOS="526" VPOS="1294" WIDTH="75" HEIGHT="31" WC="0.96" CONTENT="icke"/><SP WIDTH="18" VPOS="1294" HPOS="601"/>
							<String ID="string_204" HPOS="619" VPOS="1295" WIDTH="167" HEIGHT="31" WC="0.96" CONTENT="föranlett"/><SP WIDTH="18" VPOS="1295" HPOS="786"/>
							<String ID="string_205" HPOS="804" VPOS="1306" WIDTH="68" HEIGHT="29" WC="0.96" CONTENT="nya"/><SP WIDTH="18" VPOS="1306" HPOS="872"/>
							<String ID="string_206" HPOS="890" VPOS="1297" WIDTH="177" HEIGHT="31" WC="0.93" CONTENT="allmänna"/><SP WIDTH="18" VPOS="1297" HPOS="1067"/>
							<String ID="string_207" HPOS="1085" VPOS="1298" WIDTH="495" HEIGHT="40" WC="0.89" CONTENT="författningsbestämmelser"/><SP WIDTH="19" VPOS="1298" HPOS="1580"/>
							<String ID="string_208" HPOS="1599" VPOS="1300" WIDTH="10" HEIGHT="29" WC="0.96" CONTENT="i"/><SP WIDTH="20" VPOS="1300" HPOS="1609"/>
							<String ID="string_209" HPOS="1629" VPOS="1302" WIDTH="127" HEIGHT="29" WC="0.96" CONTENT="ämnet."/>
						</TextLine>
					</TextBlock>
					<TextBlock ID="block_3" HPOS="250" VPOS="1344" WIDTH="1507" HEIGHT="897">
						<TextLine ID="line_22" HPOS="299" VPOS="1344" WIDTH="1458" HEIGHT="46">
							<String ID="string_210" HPOS="299" VPOS="1344" WIDTH="202" HEIGHT="31" WC="0.96" CONTENT="Sedermera"/><SP WIDTH="19" VPOS="1344" HPOS="501"/>
							<String ID="string_211" HPOS="520" VPOS="1345" WIDTH="64" HEIGHT="29" WC="0.92" CONTENT="har"/><SP WIDTH="20" VPOS="1345" HPOS="584"/>
							<String ID="string_212" HPOS="604" VPOS="1346" WIDTH="332" HEIGHT="40" WC="0.91" CONTENT="skolöverstyrelsen"/><SP WIDTH="18" VPOS="1346" HPOS="936"/>
							<String ID="string_213" HPOS="954" VPOS="1365" WIDTH="45" HEIGHT="3" WC="0.91" CONTENT="-—"/><SP WIDTH="18" VPOS="1365" HPOS="999"/>
							<String ID="string_214" HPOS="1017" VPOS="1348" WIDTH="87" HEIGHT="30" WC="0.96" CONTENT="efter"/><SP WIDTH="21" VPOS="1348" HPOS="1104"/>
							<String ID="string_215" HPOS="1125" VPOS="1349" WIDTH="140" HEIGHT="30" WC="0.96" CONTENT="samråd"/><SP WIDTH="21" VPOS="1349" HPOS="1265"/>
							<String ID="string_216" HPOS="1286" VPOS="1351" WIDTH="78" HEIGHT="29" WC="0.96" CONTENT="med"/><SP WIDTH="21" VPOS="1351" HPOS="1364"/>
							<String ID="string_217" HPOS="1385" VPOS="1350" WIDTH="110" HEIGHT="30" WC="0.96" CONTENT="andra"/><SP WIDTH="19" VPOS="1350" HPOS="1495"/>
							<String ID="string_218" HPOS="1514" VPOS="1351" WIDTH="243" HEIGHT="39" WC="0.96" CONTENT="myndigheter"/>
						</TextLine>
						<TextLine ID="line_23" HPOS="254" VPOS="1393" WIDTH="1503" HEIGHT="45">
							<String ID="string_219" HPOS="254" VPOS="1393" WIDTH="64" HEIGHT="29" WC="0.96" CONTENT="och"/><SP WIDTH="23" VPOS="1393" HPOS="318"/>
							<String ID="string_220" HPOS="341" VPOS="1394" WIDTH="89" HEIGHT="29" WC="0.96" CONTENT="efter"/><SP WIDTH="24" VPOS="1394" HPOS="430"/>
							<String ID="string_221" HPOS="454" VPOS="1394" WIDTH="269" HEIGHT="41" WC="0.96" CONTENT="förhandlingar"/><SP WIDTH="22" VPOS="1394" HPOS="723"/>
							<String ID="string_222" HPOS="745" VPOS="1397" WIDTH="78" HEIGHT="29" WC="0.96" CONTENT="med"/><SP WIDTH="24" VPOS="1397" HPOS="823"/>
							<String ID="string_223" HPOS="847" VPOS="1397" WIDTH="149" HEIGHT="30" WC="0.93" CONTENT="berörda"/><SP WIDTH="23" VPOS="1397" HPOS="996"/>
							<String ID="string_224" HPOS="1019" VPOS="1399" WIDTH="443" HEIGHT="39" WC="0.91" CONTENT="personalorganisationer"/><SP WIDTH="22" VPOS="1399" HPOS="1462"/>
							<String ID="string_225" HPOS="1484" VPOS="1418" WIDTH="44" HEIGHT="3" WC="0.60" CONTENT="-—"/><SP WIDTH="25" VPOS="1418" HPOS="1528"/>
							<String ID="string_226" HPOS="1553" VPOS="1401" WIDTH="11" HEIGHT="28" WC="0.96" CONTENT="i"/><SP WIDTH="26" VPOS="1401" HPOS="1564"/>
							<String ID="string_227" HPOS="1590" VPOS="1401" WIDTH="167" HEIGHT="30" WC="0.96" CONTENT="skrivelse"/>
						</TextLine>
						<TextLine ID="line_24" HPOS="254" VPOS="1444" WIDTH="1503" HEIGHT="46">
							<String ID="string_228" HPOS="254" VPOS="1444" WIDTH="61" HEIGHT="39" WC="0.95" CONTENT="3/3"/><SP WIDTH="26" VPOS="1444" HPOS="315"/>
							<String ID="string_229" HPOS="341" VPOS="1445" WIDTH="83" HEIGHT="29" WC="0.95" CONTENT="1952"/><SP WIDTH="23" VPOS="1445" HPOS="424"/>
							<String ID="string_230" HPOS="447" VPOS="1446" WIDTH="52" HEIGHT="29" WC="0.96" CONTENT="till"/><SP WIDTH="24" VPOS="1446" HPOS="499"/>
							<String ID="string_231" HPOS="523" VPOS="1446" WIDTH="126" HEIGHT="39" WC="0.95" CONTENT="Kungl."/><SP WIDTH="24" VPOS="1446" HPOS="649"/>
							<String ID="string_232" HPOS="673" VPOS="1447" WIDTH="106" HEIGHT="39" WC="0.96" CONTENT="Maj:t"/><SP WIDTH="21" VPOS="1447" HPOS="779"/>
							<String ID="string_233" HPOS="800" VPOS="1447" WIDTH="167" HEIGHT="40" WC="0.95" CONTENT="framlagt"/><SP WIDTH="22" VPOS="1447" HPOS="967"/>
							<String ID="string_234" HPOS="989" VPOS="1447" WIDTH="133" HEIGHT="42" WC="0.96" CONTENT="förslag"/><SP WIDTH="24" VPOS="1447" HPOS="1122"/>
							<String ID="string_235" HPOS="1146" VPOS="1449" WIDTH="53" HEIGHT="30" WC="0.96" CONTENT="till"/><SP WIDTH="21" VPOS="1449" HPOS="1199"/>
							<String ID="string_236" HPOS="1220" VPOS="1459" WIDTH="46" HEIGHT="30" WC="0.96" CONTENT="ny"/><SP WIDTH="24" VPOS="1459" HPOS="1266"/>
							<String ID="string_237" HPOS="1290" VPOS="1451" WIDTH="207" HEIGHT="39" WC="0.96" CONTENT="kungörelse"/><SP WIDTH="27" VPOS="1451" HPOS="1497"/>
							<String ID="string_238" HPOS="1524" VPOS="1461" WIDTH="55" HEIGHT="20" WC="0.96" CONTENT="om"/><SP WIDTH="25" VPOS="1461" HPOS="1579"/>
							<String ID="string_239" HPOS="1604" VPOS="1452" WIDTH="153" HEIGHT="29" WC="0.96" CONTENT="särskild"/>
						</TextLine>
						<TextLine ID="line_25" HPOS="254" VPOS="1494" WIDTH="1501" HEIGHT="44">
							<String ID="string_240" HPOS="254" VPOS="1494" WIDTH="365" HEIGHT="42" WC="0.91" CONTENT="läkarundersökning"/><SP WIDTH="20" VPOS="1494" HPOS="619"/>
							<String ID="string_241" HPOS="639" VPOS="1506" WIDTH="42" HEIGHT="20" WC="0.96" CONTENT="av"/><SP WIDTH="19" VPOS="1506" HPOS="681"/>
							<String ID="string_242" HPOS="700" VPOS="1498" WIDTH="172" HEIGHT="30" WC="0.95" CONTENT="anställda"/><SP WIDTH="22" VPOS="1498" HPOS="872"/>
							<String ID="string_243" HPOS="894" VPOS="1498" WIDTH="58" HEIGHT="31" WC="0.96" CONTENT="vid"/><SP WIDTH="19" VPOS="1498" HPOS="952"/>
							<String ID="string_244" HPOS="971" VPOS="1499" WIDTH="90" HEIGHT="30" WC="0.96" CONTENT="vissa"/><SP WIDTH="21" VPOS="1499" HPOS="1061"/>
							<String ID="string_245" HPOS="1082" VPOS="1499" WIDTH="245" HEIGHT="31" WC="0.93" CONTENT="läroanstalter"/><SP WIDTH="18" VPOS="1499" HPOS="1327"/>
							<String ID="string_246" HPOS="1345" VPOS="1510" WIDTH="45" HEIGHT="20" WC="0.91" CONTENT="m."/><SP WIDTH="20" VPOS="1510" HPOS="1390"/>
							<String ID="string_247" HPOS="1410" VPOS="1511" WIDTH="57" HEIGHT="27" WC="0.91" CONTENT="m.,"/><SP WIDTH="21" VPOS="1511" HPOS="1467"/>
							<String ID="string_248" HPOS="1488" VPOS="1502" WIDTH="128" HEIGHT="29" WC="0.96" CONTENT="avsedd"/><SP WIDTH="19" VPOS="1502" HPOS="1616"/>
							<String ID="string_249" HPOS="1635" VPOS="1503" WIDTH="51" HEIGHT="29" WC="0.93" CONTENT="att"/><SP WIDTH="20" VPOS="1503" HPOS="1686"/>
							<String ID="string_250" HPOS="1706" VPOS="1511" WIDTH="49" HEIGHT="20" WC="0.93" CONTENT="er-"/>
						</TextLine>
						<TextLine ID="line_26" HPOS="254" VPOS="1546" WIDTH="1500" HEIGHT="45">
							<String ID="string_251" HPOS="254" VPOS="1546" WIDTH="89" HEIGHT="29" WC="0.96" CONTENT="sätta"/><SP WIDTH="21" VPOS="1546" HPOS="343"/>
							<String ID="string_252" HPOS="364" VPOS="1546" WIDTH="42" HEIGHT="29" WC="0.96" CONTENT="de"/><SP WIDTH="21" VPOS="1546" HPOS="406"/>
							<String ID="string_253" HPOS="427" VPOS="1546" WIDTH="144" HEIGHT="40" WC="0.93" CONTENT="tidigare"/><SP WIDTH="22" VPOS="1546" HPOS="571"/>
							<String ID="string_254" HPOS="593" VPOS="1547" WIDTH="276" HEIGHT="40" WC="0.90" CONTENT="kungörelserna"/><SP WIDTH="21" VPOS="1547" HPOS="869"/>
							<String ID="string_255" HPOS="890" VPOS="1549" WIDTH="84" HEIGHT="39" WC="0.96" CONTENT="22/2"/><SP WIDTH="24" VPOS="1549" HPOS="974"/>
							<String ID="string_256" HPOS="998" VPOS="1549" WIDTH="81" HEIGHT="30" WC="0.86" CONTENT="1935"/><SP WIDTH="29" VPOS="1549" HPOS="1079"/>
							<String ID="string_257" HPOS="1108" VPOS="1549" WIDTH="58" HEIGHT="34" WC="0.96" CONTENT="(nr"/><SP WIDTH="22" VPOS="1549" HPOS="1166"/>
							<String ID="string_258" HPOS="1188" VPOS="1550" WIDTH="58" HEIGHT="34" WC="0.96" CONTENT="52)"/><SP WIDTH="28" VPOS="1550" HPOS="1246"/>
							<String ID="string_259" HPOS="1274" VPOS="1551" WIDTH="64" HEIGHT="30" WC="0.95" CONTENT="och"/><SP WIDTH="21" VPOS="1551" HPOS="1338"/>
							<String ID="string_260" HPOS="1359" VPOS="1551" WIDTH="84" HEIGHT="40" WC="0.95" CONTENT="27/8"/><SP WIDTH="24" VPOS="1551" HPOS="1443"/>
							<String ID="string_261" HPOS="1467" VPOS="1552" WIDTH="80" HEIGHT="30" WC="0.96" CONTENT="1951"/><SP WIDTH="30" VPOS="1552" HPOS="1547"/>
							<String ID="string_262" HPOS="1577" VPOS="1552" WIDTH="58" HEIGHT="33" WC="0.96" CONTENT="(nr"/><SP WIDTH="24" VPOS="1552" HPOS="1635"/>
							<String ID="string_263" HPOS="1659" VPOS="1552" WIDTH="95" HEIGHT="34" WC="0.95" CONTENT="666)."/>
						</TextLine>
						<TextLine ID="line_27" HPOS="253" VPOS="1595" WIDTH="1502" HEIGHT="47">
							<String ID="string_264" HPOS="253" VPOS="1595" WIDTH="178" HEIGHT="39" WC="0.96" CONTENT="Förslaget"/><SP WIDTH="17" VPOS="1595" HPOS="431"/>
							<String ID="string_265" HPOS="448" VPOS="1596" WIDTH="190" HEIGHT="30" WC="0.96" CONTENT="innefattar"/><SP WIDTH="17" VPOS="1596" HPOS="638"/>
							<String ID="string_266" HPOS="655" VPOS="1598" WIDTH="11" HEIGHT="28" WC="0.96" CONTENT="i"/><SP WIDTH="16" VPOS="1598" HPOS="666"/>
							<String ID="string_267" HPOS="682" VPOS="1598" WIDTH="185" HEIGHT="31" WC="0.96" CONTENT="huvudsak"/><SP WIDTH="18" VPOS="1598" HPOS="867"/>
							<String ID="string_268" HPOS="885" VPOS="1608" WIDTH="42" HEIGHT="21" WC="0.93" CONTENT="en"/><SP WIDTH="18" VPOS="1608" HPOS="927"/>
							<String ID="string_269" HPOS="945" VPOS="1599" WIDTH="266" HEIGHT="41" WC="0.92" CONTENT="överarbetning"/><SP WIDTH="17" VPOS="1599" HPOS="1211"/>
							<String ID="string_270" HPOS="1228" VPOS="1611" WIDTH="42" HEIGHT="21" WC="0.96" CONTENT="av"/><SP WIDTH="17" VPOS="1611" HPOS="1270"/>
							<String ID="string_271" HPOS="1287" VPOS="1601" WIDTH="125" HEIGHT="30" WC="0.96" CONTENT="hittills"/><SP WIDTH="18" VPOS="1601" HPOS="1412"/>
							<String ID="string_272" HPOS="1430" VPOS="1602" WIDTH="159" HEIGHT="40" WC="0.93" CONTENT="gällande"/><SP WIDTH="17" VPOS="1602" HPOS="1589"/>
							<String ID="string_273" HPOS="1606" VPOS="1602" WIDTH="149" HEIGHT="30" WC="0.92" CONTENT="bestäm-"/>
						</TextLine>
						<TextLine ID="line_28" HPOS="253" VPOS="1646" WIDTH="1501" HEIGHT="46">
							<String ID="string_274" HPOS="253" VPOS="1646" WIDTH="134" HEIGHT="30" WC="0.84" CONTENT="melser."/><SP WIDTH="30" VPOS="1646" HPOS="387"/>
							<String ID="string_275" HPOS="417" VPOS="1646" WIDTH="50" HEIGHT="30" WC="0.89" CONTENT="BL"/><SP WIDTH="20" VPOS="1646" HPOS="467"/>
							<String ID="string_276" HPOS="487" VPOS="1656" WIDTH="28" HEIGHT="21" WC="0.92" CONTENT="a."/><SP WIDTH="20" VPOS="1656" HPOS="515"/>
							<String ID="string_277" HPOS="535" VPOS="1647" WIDTH="148" HEIGHT="31" WC="0.96" CONTENT="föreslås"/><SP WIDTH="20" VPOS="1647" HPOS="683"/>
							<String ID="string_278" HPOS="703" VPOS="1650" WIDTH="50" HEIGHT="28" WC="0.93" CONTENT="att"/><SP WIDTH="18" VPOS="1650" HPOS="753"/>
							<String ID="string_279" HPOS="771" VPOS="1649" WIDTH="267" HEIGHT="31" WC="0.92" CONTENT="initiativrätten"/><SP WIDTH="19" VPOS="1649" HPOS="1038"/>
							<String ID="string_280" HPOS="1057" VPOS="1650" WIDTH="10" HEIGHT="30" WC="0.96" CONTENT="i"/><SP WIDTH="20" VPOS="1650" HPOS="1067"/>
							<String ID="string_281" HPOS="1087" VPOS="1651" WIDTH="153" HEIGHT="30" WC="0.96" CONTENT="ärenden"/><SP WIDTH="20" VPOS="1651" HPOS="1240"/>
							<String ID="string_282" HPOS="1260" VPOS="1661" WIDTH="42" HEIGHT="21" WC="0.96" CONTENT="av"/><SP WIDTH="18" VPOS="1661" HPOS="1302"/>
							<String ID="string_283" HPOS="1320" VPOS="1652" WIDTH="228" HEIGHT="31" WC="0.96" CONTENT="förevarande"/><SP WIDTH="22" VPOS="1652" HPOS="1548"/>
							<String ID="string_284" HPOS="1570" VPOS="1653" WIDTH="74" HEIGHT="39" WC="0.96" CONTENT="slag"/><SP WIDTH="21" VPOS="1653" HPOS="1644"/>
							<String ID="string_285" HPOS="1665" VPOS="1653" WIDTH="89" HEIGHT="29" WC="0.96" CONTENT="skall"/>
						</TextLine>
						<TextLine ID="line_29" HPOS="253" VPOS="1695" WIDTH="1501" HEIGHT="46">
							<String ID="string_286" HPOS="253" VPOS="1695" WIDTH="129" HEIGHT="40" WC="0.96" CONTENT="vidgas,"/><SP WIDTH="26" VPOS="1695" HPOS="382"/>
							<String ID="string_287" HPOS="408" VPOS="1697" WIDTH="112" HEIGHT="30" WC="0.96" CONTENT="likaså"/><SP WIDTH="26" VPOS="1697" HPOS="520"/>
							<String ID="string_288" HPOS="546" VPOS="1699" WIDTH="51" HEIGHT="28" WC="0.93" CONTENT="att"/><SP WIDTH="26" VPOS="1699" HPOS="597"/>
							<String ID="string_289" HPOS="623" VPOS="1698" WIDTH="342" HEIGHT="41" WC="0.91" CONTENT="förutsättningarna"/><SP WIDTH="27" VPOS="1698" HPOS="965"/>
							<String ID="string_290" HPOS="992" VPOS="1700" WIDTH="55" HEIGHT="30" WC="0.96" CONTENT="för"/><SP WIDTH="24" VPOS="1700" HPOS="1047"/>
							<String ID="string_291" HPOS="1071" VPOS="1701" WIDTH="207" HEIGHT="40" WC="0.96" CONTENT="ingripande"/><SP WIDTH="29" VPOS="1701" HPOS="1278"/>
							<String ID="string_292" HPOS="1307" VPOS="1702" WIDTH="98" HEIGHT="30" WC="0.96" CONTENT="skola"/><SP WIDTH="26" VPOS="1702" HPOS="1405"/>
							<String ID="string_293" HPOS="1431" VPOS="1703" WIDTH="100" HEIGHT="38" WC="0.96" CONTENT="göras"/><SP WIDTH="28" VPOS="1703" HPOS="1531"/>
							<String ID="string_294" HPOS="1559" VPOS="1712" WIDTH="98" HEIGHT="21" WC="0.93" CONTENT="mera"/><SP WIDTH="25" VPOS="1712" HPOS="1657"/>
							<String ID="string_295" HPOS="1682" VPOS="1703" WIDTH="72" HEIGHT="31" WC="0.92" CONTENT="vid-"/>
						</TextLine>
						<TextLine ID="line_30" HPOS="253" VPOS="1747" WIDTH="1501" HEIGHT="45">
							<String ID="string_296" HPOS="253" VPOS="1747" WIDTH="154" HEIGHT="30" WC="0.96" CONTENT="sträckta"/><SP WIDTH="25" VPOS="1747" HPOS="407"/>
							<String ID="string_297" HPOS="432" VPOS="1749" WIDTH="90" HEIGHT="28" WC="0.95" CONTENT="samt"/><SP WIDTH="24" VPOS="1749" HPOS="522"/>
							<String ID="string_298" HPOS="546" VPOS="1750" WIDTH="50" HEIGHT="28" WC="0.93" CONTENT="att"/><SP WIDTH="24" VPOS="1750" HPOS="596"/>
							<String ID="string_299" HPOS="620" VPOS="1749" WIDTH="511" HEIGHT="42" WC="0.91" CONTENT="kommunikationsprincipen"/><SP WIDTH="27" VPOS="1749" HPOS="1131"/>
							<String ID="string_300" HPOS="1158" VPOS="1752" WIDTH="89" HEIGHT="29" WC="0.93" CONTENT="skall"/><SP WIDTH="26" VPOS="1752" HPOS="1247"/>
							<String ID="string_301" HPOS="1273" VPOS="1752" WIDTH="175" HEIGHT="31" WC="0.91" CONTENT="inskrivas"/><SP WIDTH="25" VPOS="1752" HPOS="1448"/>
							<String ID="string_302" HPOS="1473" VPOS="1754" WIDTH="11" HEIGHT="29" WC="0.93" CONTENT="i"/><SP WIDTH="26" VPOS="1754" HPOS="1484"/>
							<String ID="string_303" HPOS="1510" VPOS="1753" WIDTH="244" HEIGHT="39" WC="0.92" CONTENT="författnings-"/>
						</TextLine>
						<TextLine ID="line_31" HPOS="252" VPOS="1797" WIDTH="1503" HEIGHT="40">
							<String ID="string_304" HPOS="252" VPOS="1798" WIDTH="125" HEIGHT="28" WC="0.93" CONTENT="texten."/><SP WIDTH="37" VPOS="1798" HPOS="377"/>
							<String ID="string_305" HPOS="414" VPOS="1797" WIDTH="348" HEIGHT="40" WC="0.92" CONTENT="Skolöverstyrelsen,"/><SP WIDTH="26" VPOS="1797" HPOS="762"/>
							<String ID="string_306" HPOS="788" VPOS="1809" WIDTH="75" HEIGHT="20" WC="0.96" CONTENT="som"/><SP WIDTH="26" VPOS="1809" HPOS="863"/>
							<String ID="string_307" HPOS="889" VPOS="1801" WIDTH="215" HEIGHT="34" WC="0.95" CONTENT="omnämner,"/><SP WIDTH="31" VPOS="1801" HPOS="1104"/>
							<String ID="string_308" HPOS="1135" VPOS="1803" WIDTH="51" HEIGHT="28" WC="0.96" CONTENT="att"/><SP WIDTH="26" VPOS="1803" HPOS="1186"/>
							<String ID="string_309" HPOS="1212" VPOS="1802" WIDTH="95" HEIGHT="29" WC="0.96" CONTENT="inom"/><SP WIDTH="26" VPOS="1802" HPOS="1307"/>
							<String ID="string_310" HPOS="1333" VPOS="1802" WIDTH="79" HEIGHT="30" WC="0.93" CONTENT="dess"/><SP WIDTH="26" VPOS="1802" HPOS="1412"/>
							<String ID="string_311" HPOS="1438" VPOS="1803" WIDTH="317" HEIGHT="30" WC="0.91" CONTENT="verksamhetsom-"/>
						</TextLine>
						<TextLine ID="line_32" HPOS="250" VPOS="1847" WIDTH="1503" HEIGHT="46">
							<String ID="string_312" HPOS="250" VPOS="1847" WIDTH="83" HEIGHT="31" WC="0.96" CONTENT="råde"/><SP WIDTH="20" VPOS="1847" HPOS="333"/>
							<String ID="string_313" HPOS="353" VPOS="1848" WIDTH="114" HEIGHT="30" WC="0.95" CONTENT="beslut"/><SP WIDTH="18" VPOS="1848" HPOS="467"/>
							<String ID="string_314" HPOS="485" VPOS="1849" WIDTH="142" HEIGHT="38" WC="0.96" CONTENT="jämlikt"/><SP WIDTH="20" VPOS="1849" HPOS="627"/>
							<String ID="string_315" HPOS="647" VPOS="1850" WIDTH="234" HEIGHT="39" WC="0.96" CONTENT="kungörelsen"/><SP WIDTH="20" VPOS="1850" HPOS="881"/>
							<String ID="string_316" HPOS="901" VPOS="1851" WIDTH="84" HEIGHT="40" WC="0.96" CONTENT="22/2"/><SP WIDTH="24" VPOS="1851" HPOS="985"/>
							<String ID="string_317" HPOS="1009" VPOS="1851" WIDTH="82" HEIGHT="31" WC="0.95" CONTENT="1935"/><SP WIDTH="27" VPOS="1851" HPOS="1091"/>
							<String ID="string_318" HPOS="1118" VPOS="1851" WIDTH="58" HEIGHT="34" WC="0.95" CONTENT="(nr"/><SP WIDTH="21" VPOS="1851" HPOS="1176"/>
							<String ID="string_319" HPOS="1197" VPOS="1852" WIDTH="59" HEIGHT="34" WC="0.93" CONTENT="52)"/><SP WIDTH="25" VPOS="1852" HPOS="1256"/>
							<String ID="string_320" HPOS="1281" VPOS="1853" WIDTH="174" HEIGHT="40" WC="0.92" CONTENT="påkallats"/><SP WIDTH="26" VPOS="1853" HPOS="1455"/>
							<String ID="string_321" HPOS="1481" VPOS="1854" WIDTH="5" HEIGHT="29" WC="0.96" CONTENT="i"/><SP WIDTH="21" VPOS="1854" HPOS="1486"/>
							<String ID="string_322" HPOS="1507" VPOS="1854" WIDTH="162" HEIGHT="39" WC="0.96" CONTENT="omkring"/><SP WIDTH="21" VPOS="1854" HPOS="1669"/>
							<String ID="string_323" HPOS="1690" VPOS="1854" WIDTH="63" HEIGHT="30" WC="0.96" CONTENT="300"/>
						</TextLine>
						<TextLine ID="line_33" HPOS="252" VPOS="1896" WIDTH="1501" HEIGHT="44">
							<String ID="string_324" HPOS="252" VPOS="1896" WIDTH="70" HEIGHT="37" WC="0.96" CONTENT="fall,"/><SP WIDTH="19" VPOS="1896" HPOS="322"/>
							<String ID="string_325" HPOS="341" VPOS="1898" WIDTH="108" HEIGHT="31" WC="0.96" CONTENT="därav"/><SP WIDTH="19" VPOS="1898" HPOS="449"/>
							<String ID="string_326" HPOS="468" VPOS="1901" WIDTH="47" HEIGHT="28" WC="0.93" CONTENT="ett"/><SP WIDTH="19" VPOS="1901" HPOS="515"/>
							<String ID="string_327" HPOS="534" VPOS="1899" WIDTH="106" HEIGHT="31" WC="0.92" CONTENT="50-tal"/><SP WIDTH="20" VPOS="1899" HPOS="640"/>
							<String ID="string_328" HPOS="660" VPOS="1899" WIDTH="62" HEIGHT="31" WC="0.93" CONTENT="fall"/><SP WIDTH="17" VPOS="1899" HPOS="722"/>
							<String ID="string_329" HPOS="739" VPOS="1900" WIDTH="121" HEIGHT="40" WC="0.92" CONTENT="angått"/><SP WIDTH="19" VPOS="1900" HPOS="860"/>
							<String ID="string_330" HPOS="879" VPOS="1901" WIDTH="133" HEIGHT="39" WC="0.96" CONTENT="statligt"/><SP WIDTH="16" VPOS="1901" HPOS="1012"/>
							<String ID="string_331" HPOS="1028" VPOS="1902" WIDTH="177" HEIGHT="30" WC="0.96" CONTENT="anställda"/><SP WIDTH="19" VPOS="1902" HPOS="1205"/>
							<String ID="string_332" HPOS="1224" VPOS="1903" WIDTH="112" HEIGHT="30" WC="0.96" CONTENT="lärare"/><SP WIDTH="19" VPOS="1903" HPOS="1336"/>
							<String ID="string_333" HPOS="1355" VPOS="1904" WIDTH="64" HEIGHT="29" WC="0.96" CONTENT="och"/><SP WIDTH="19" VPOS="1904" HPOS="1419"/>
							<String ID="string_334" HPOS="1438" VPOS="1903" WIDTH="199" HEIGHT="31" WC="0.93" CONTENT="återstoden"/><SP WIDTH="18" VPOS="1903" HPOS="1637"/>
							<String ID="string_335" HPOS="1655" VPOS="1905" WIDTH="98" HEIGHT="30" WC="0.91" CONTENT="kom-"/>
						</TextLine>
						<TextLine ID="line_34" HPOS="251" VPOS="1950" WIDTH="1502" HEIGHT="42">
							<String ID="string_336" HPOS="251" VPOS="1950" WIDTH="135" HEIGHT="30" WC="0.92" CONTENT="munalt"/><SP WIDTH="18" VPOS="1950" HPOS="386"/>
							<String ID="string_337" HPOS="404" VPOS="1950" WIDTH="183" HEIGHT="35" WC="0.95" CONTENT="anställda,"/><SP WIDTH="20" VPOS="1950" HPOS="587"/>
							<String ID="string_338" HPOS="607" VPOS="1951" WIDTH="99" HEIGHT="39" WC="0.96" CONTENT="säger"/><SP WIDTH="19" VPOS="1951" HPOS="706"/>
							<String ID="string_339" HPOS="725" VPOS="1951" WIDTH="51" HEIGHT="39" WC="0.96" CONTENT="sig"/><SP WIDTH="15" VPOS="1951" HPOS="776"/>
							<String ID="string_340" HPOS="791" VPOS="1951" WIDTH="57" HEIGHT="31" WC="0.96" CONTENT="vid"/><SP WIDTH="18" VPOS="1951" HPOS="848"/>
							<String ID="string_341" HPOS="866" VPOS="1952" WIDTH="307" HEIGHT="40" WC="0.96" CONTENT="handläggningen"/><SP WIDTH="19" VPOS="1952" HPOS="1173"/>
							<String ID="string_342" HPOS="1192" VPOS="1962" WIDTH="43" HEIGHT="22" WC="0.96" CONTENT="av"/><SP WIDTH="18" VPOS="1962" HPOS="1235"/>
							<String ID="string_343" HPOS="1253" VPOS="1954" WIDTH="94" HEIGHT="30" WC="0.96" CONTENT="detta"/><SP WIDTH="19" VPOS="1954" HPOS="1347"/>
							<String ID="string_344" HPOS="1366" VPOS="1954" WIDTH="273" HEIGHT="30" WC="0.96" CONTENT="förhållandevis"/><SP WIDTH="20" VPOS="1954" HPOS="1639"/>
							<String ID="string_345" HPOS="1659" VPOS="1957" WIDTH="94" HEIGHT="28" WC="0.95" CONTENT="stora"/>
						</TextLine>
						<TextLine ID="line_35" HPOS="251" VPOS="1999" WIDTH="1501" HEIGHT="44">
							<String ID="string_346" HPOS="251" VPOS="1999" WIDTH="94" HEIGHT="30" WC="0.95" CONTENT="antal"/><SP WIDTH="26" VPOS="1999" HPOS="345"/>
							<String ID="string_347" HPOS="371" VPOS="2000" WIDTH="152" HEIGHT="30" WC="0.96" CONTENT="ärenden"/><SP WIDTH="25" VPOS="2000" HPOS="523"/>
							<String ID="string_348" HPOS="548" VPOS="2001" WIDTH="45" HEIGHT="30" WC="0.96" CONTENT="ha"/><SP WIDTH="25" VPOS="2001" HPOS="593"/>
							<String ID="string_349" HPOS="618" VPOS="2002" WIDTH="59" HEIGHT="30" WC="0.96" CONTENT="vid"/><SP WIDTH="27" VPOS="2002" HPOS="677"/>
							<String ID="string_350" HPOS="704" VPOS="2001" WIDTH="175" HEIGHT="40" WC="0.96" CONTENT="åtskilliga"/><SP WIDTH="27" VPOS="2001" HPOS="879"/>
							<String ID="string_351" HPOS="906" VPOS="2002" WIDTH="161" HEIGHT="30" WC="0.96" CONTENT="tillfällen"/><SP WIDTH="26" VPOS="2002" HPOS="1067"/>
							<String ID="string_352" HPOS="1093" VPOS="2003" WIDTH="121" HEIGHT="30" WC="0.96" CONTENT="funnit"/><SP WIDTH="25" VPOS="2003" HPOS="1214"/>
							<String ID="string_353" HPOS="1239" VPOS="2004" WIDTH="190" HEIGHT="39" WC="0.96" CONTENT="angeläget,"/><SP WIDTH="27" VPOS="2004" HPOS="1429"/>
							<String ID="string_354" HPOS="1456" VPOS="2006" WIDTH="51" HEIGHT="28" WC="0.96" CONTENT="att"/><SP WIDTH="26" VPOS="2006" HPOS="1507"/>
							<String ID="string_355" HPOS="1533" VPOS="2005" WIDTH="219" HEIGHT="30" WC="0.96" CONTENT="förfarandet"/>
						</TextLine>
						<TextLine ID="line_36" HPOS="251" VPOS="2051" WIDTH="1501" HEIGHT="44">
							<String ID="string_356" HPOS="251" VPOS="2059" WIDTH="44" HEIGHT="21" WC="0.91" CONTENT="m."/><SP WIDTH="23" VPOS="2059" HPOS="295"/>
							<String ID="string_357" HPOS="318" VPOS="2059" WIDTH="46" HEIGHT="21" WC="0.71" CONTENT="m."/><SP WIDTH="24" VPOS="2059" HPOS="364"/>
							<String ID="string_358" HPOS="388" VPOS="2051" WIDTH="194" HEIGHT="39" WC="0.96" CONTENT="reglerades"/><SP WIDTH="24" VPOS="2051" HPOS="582"/>
							<String ID="string_359" HPOS="606" VPOS="2052" WIDTH="48" HEIGHT="39" WC="0.96" CONTENT="på"/><SP WIDTH="22" VPOS="2052" HPOS="654"/>
							<String ID="string_360" HPOS="676" VPOS="2053" WIDTH="108" HEIGHT="29" WC="0.96" CONTENT="annat"/><SP WIDTH="23" VPOS="2053" HPOS="784"/>
							<String ID="string_361" HPOS="807" VPOS="2053" WIDTH="70" HEIGHT="29" WC="0.96" CONTENT="sätt"/><SP WIDTH="23" VPOS="2053" HPOS="877"/>
							<String ID="string_362" HPOS="900" VPOS="2054" WIDTH="45" HEIGHT="29" WC="0.96" CONTENT="än"/><SP WIDTH="24" VPOS="2054" HPOS="945"/>
							<String ID="string_363" HPOS="969" VPOS="2062" WIDTH="48" HEIGHT="21" WC="0.96" CONTENT="nu"/><SP WIDTH="23" VPOS="2062" HPOS="1017"/>
							<String ID="string_364" HPOS="1040" VPOS="2063" WIDTH="81" HEIGHT="20" WC="0.95" CONTENT="vore"/><SP WIDTH="24" VPOS="2063" HPOS="1121"/>
							<String ID="string_365" HPOS="1145" VPOS="2054" WIDTH="110" HEIGHT="35" WC="0.95" CONTENT="fallet,"/><SP WIDTH="26" VPOS="2054" HPOS="1255"/>
							<String ID="string_366" HPOS="1281" VPOS="2055" WIDTH="207" HEIGHT="39" WC="0.96" CONTENT="exempelvis"/><SP WIDTH="25" VPOS="2055" HPOS="1488"/>
							<String ID="string_367" HPOS="1513" VPOS="2056" WIDTH="66" HEIGHT="30" WC="0.93" CONTENT="vad"/><SP WIDTH="26" VPOS="2056" HPOS="1579"/>
							<String ID="string_368" HPOS="1605" VPOS="2056" WIDTH="147" HEIGHT="39" WC="0.92" CONTENT="anginge"/>
						</TextLine>
						<TextLine ID="line_37" HPOS="250" VPOS="2099" WIDTH="1502" HEIGHT="45">
							<String ID="string_369" HPOS="250" VPOS="2099" WIDTH="319" HEIGHT="32" WC="0.96" CONTENT="beslutanderätten"/><SP WIDTH="21" VPOS="2099" HPOS="569"/>
							<String ID="string_370" HPOS="590" VPOS="2102" WIDTH="222" HEIGHT="31" WC="0.96" CONTENT="beträffande"/><SP WIDTH="21" VPOS="2102" HPOS="812"/>
							<String ID="string_371" HPOS="833" VPOS="2103" WIDTH="174" HEIGHT="31" WC="0.96" CONTENT="anställda"/><SP WIDTH="19" VPOS="2103" HPOS="1007"/>
							<String ID="string_372" HPOS="1026" VPOS="2103" WIDTH="58" HEIGHT="31" WC="0.96" CONTENT="vid"/><SP WIDTH="22" VPOS="2103" HPOS="1084"/>
							<String ID="string_373" HPOS="1106" VPOS="2104" WIDTH="77" HEIGHT="30" WC="0.96" CONTENT="icke"/><SP WIDTH="24" VPOS="2104" HPOS="1183"/>
							<String ID="string_374" HPOS="1207" VPOS="2104" WIDTH="139" HEIGHT="40" WC="0.96" CONTENT="statliga"/><SP WIDTH="20" VPOS="2104" HPOS="1346"/>
							<String ID="string_375" HPOS="1366" VPOS="2106" WIDTH="178" HEIGHT="34" WC="0.96" CONTENT="anstalter,"/><SP WIDTH="21" VPOS="2106" HPOS="1544"/>
							<String ID="string_376" HPOS="1565" VPOS="2107" WIDTH="116" HEIGHT="29" WC="0.96" CONTENT="rätten"/><SP WIDTH="21" VPOS="2107" HPOS="1681"/>
							<String ID="string_377" HPOS="1702" VPOS="2108" WIDTH="50" HEIGHT="29" WC="0.96" CONTENT="att"/>
						</TextLine>
						<TextLine ID="line_38" HPOS="250" VPOS="2151" WIDTH="1502" HEIGHT="45">
							<String ID="string_378" HPOS="250" VPOS="2153" WIDTH="78" HEIGHT="37" WC="0.95" CONTENT="taga"/><SP WIDTH="19" VPOS="2153" HPOS="328"/>
							<String ID="string_379" HPOS="347" VPOS="2151" WIDTH="153" HEIGHT="31" WC="0.96" CONTENT="initiativ"/><SP WIDTH="17" VPOS="2151" HPOS="500"/>
							<String ID="string_380" HPOS="517" VPOS="2152" WIDTH="53" HEIGHT="29" WC="0.93" CONTENT="till"/><SP WIDTH="19" VPOS="2152" HPOS="570"/>
							<String ID="string_381" HPOS="589" VPOS="2152" WIDTH="368" HEIGHT="41" WC="0.91" CONTENT="läkarundersökning"/><SP WIDTH="18" VPOS="2152" HPOS="957"/>
							<String ID="string_382" HPOS="975" VPOS="2154" WIDTH="64" HEIGHT="30" WC="0.93" CONTENT="och"/><SP WIDTH="21" VPOS="2154" HPOS="1039"/>
							<String ID="string_383" HPOS="1060" VPOS="2154" WIDTH="223" HEIGHT="31" WC="0.91" CONTENT="utbetalande"/><SP WIDTH="21" VPOS="2154" HPOS="1283"/>
							<String ID="string_384" HPOS="1304" VPOS="2165" WIDTH="42" HEIGHT="20" WC="0.96" CONTENT="av"/><SP WIDTH="19" VPOS="2165" HPOS="1346"/>
							<String ID="string_385" HPOS="1365" VPOS="2156" WIDTH="194" HEIGHT="40" WC="0.96" CONTENT="ersättning"/><SP WIDTH="20" VPOS="2156" HPOS="1559"/>
							<String ID="string_386" HPOS="1579" VPOS="2156" WIDTH="55" HEIGHT="30" WC="0.96" CONTENT="för"/><SP WIDTH="21" VPOS="2156" HPOS="1634"/>
							<String ID="string_387" HPOS="1655" VPOS="2156" WIDTH="97" HEIGHT="39" WC="0.96" CONTENT="dylik"/>
						</TextLine>
						<TextLine ID="line_39" HPOS="250" VPOS="2201" WIDTH="271" HEIGHT="40">
							<String ID="string_388" HPOS="250" VPOS="2201" WIDTH="271" HEIGHT="40" WC="0.95" CONTENT="undersökning."/>
						</TextLine>
					</TextBlock>
					<TextBlock ID="block_4" HPOS="248" VPOS="2251" WIDTH="1503" HEIGHT="245">
						<TextLine ID="line_40" HPOS="292" VPOS="2251" WIDTH="1459" HEIGHT="44">
							<String ID="string_389" HPOS="292" VPOS="2251" WIDTH="13" HEIGHT="29" WC="0.96" CONTENT="I"/><SP WIDTH="22" VPOS="2251" HPOS="305"/>
							<String ID="string_390" HPOS="327" VPOS="2253" WIDTH="49" HEIGHT="28" WC="0.96" CONTENT="ett"/><SP WIDTH="19" VPOS="2253" HPOS="376"/>
							<String ID="string_391" HPOS="395" VPOS="2253" WIDTH="162" HEIGHT="38" WC="0.96" CONTENT="yttrande"/><SP WIDTH="21" VPOS="2253" HPOS="557"/>
							<String ID="string_392" HPOS="578" VPOS="2253" WIDTH="81" HEIGHT="30" WC="0.93" CONTENT="över"/><SP WIDTH="23" VPOS="2253" HPOS="659"/>
							<String ID="string_393" HPOS="682" VPOS="2253" WIDTH="349" HEIGHT="41" WC="0.91" CONTENT="skolöverstyrelsens"/><SP WIDTH="23" VPOS="2253" HPOS="1031"/>
							<String ID="string_394" HPOS="1054" VPOS="2254" WIDTH="263" HEIGHT="41" WC="0.96" CONTENT="framställning"/><SP WIDTH="20" VPOS="2254" HPOS="1317"/>
							<String ID="string_395" HPOS="1337" VPOS="2256" WIDTH="64" HEIGHT="29" WC="0.96" CONTENT="har"/><SP WIDTH="23" VPOS="2256" HPOS="1401"/>
							<String ID="string_396" HPOS="1424" VPOS="2256" WIDTH="251" HEIGHT="30" WC="0.93" CONTENT="statskontoret"/><SP WIDTH="23" VPOS="2256" HPOS="1675"/>
							<String ID="string_397" HPOS="1698" VPOS="2259" WIDTH="53" HEIGHT="27" WC="0.93" CONTENT="ut-"/>
						</TextLine>
						<TextLine ID="line_41" HPOS="248" VPOS="2302" WIDTH="1503" HEIGHT="42">
							<String ID="string_398" HPOS="248" VPOS="2302" WIDTH="95" HEIGHT="34" WC="0.96" CONTENT="talat,"/><SP WIDTH="19" VPOS="2302" HPOS="343"/>
							<String ID="string_399" HPOS="362" VPOS="2303" WIDTH="52" HEIGHT="29" WC="0.96" CONTENT="att"/><SP WIDTH="18" VPOS="2303" HPOS="414"/>
							<String ID="string_400" HPOS="432" VPOS="2303" WIDTH="58" HEIGHT="30" WC="0.96" CONTENT="det"/><SP WIDTH="17" VPOS="2303" HPOS="490"/>
							<String ID="string_401" HPOS="507" VPOS="2303" WIDTH="108" HEIGHT="39" WC="0.96" CONTENT="enligt"/><SP WIDTH="21" VPOS="2303" HPOS="615"/>
							<String ID="string_402" HPOS="636" VPOS="2304" WIDTH="80" HEIGHT="30" WC="0.96" CONTENT="dess"/><SP WIDTH="18" VPOS="2304" HPOS="716"/>
							<String ID="string_403" HPOS="734" VPOS="2304" WIDTH="141" HEIGHT="40" WC="0.96" CONTENT="mening"/><SP WIDTH="18" VPOS="2304" HPOS="875"/>
							<String ID="string_404" HPOS="893" VPOS="2305" WIDTH="239" HEIGHT="39" WC="0.95" CONTENT="otvivelaktigt"/><SP WIDTH="19" VPOS="2305" HPOS="1132"/>
							<String ID="string_405" HPOS="1151" VPOS="2315" WIDTH="81" HEIGHT="21" WC="0.96" CONTENT="vore"/><SP WIDTH="21" VPOS="2315" HPOS="1232"/>
							<String ID="string_406" HPOS="1253" VPOS="2305" WIDTH="51" HEIGHT="30" WC="0.96" CONTENT="till"/><SP WIDTH="18" VPOS="2305" HPOS="1304"/>
							<String ID="string_407" HPOS="1322" VPOS="2305" WIDTH="123" HEIGHT="36" WC="0.96" CONTENT="fördel,"/><SP WIDTH="20" VPOS="2305" HPOS="1445"/>
							<String ID="string_408" HPOS="1465" VPOS="2316" WIDTH="56" HEIGHT="20" WC="0.96" CONTENT="om"/><SP WIDTH="19" VPOS="2316" HPOS="1521"/>
							<String ID="string_409" HPOS="1540" VPOS="2307" WIDTH="211" HEIGHT="30" WC="0.96" CONTENT="hithörande"/>
						</TextLine>
						<TextLine ID="line_42" HPOS="249" VPOS="2352" WIDTH="1502" HEIGHT="43">
							<String ID="string_410" HPOS="249" VPOS="2352" WIDTH="172" HEIGHT="40" WC="0.95" CONTENT="spörsmål"/><SP WIDTH="19" VPOS="2352" HPOS="421"/>
							<String ID="string_411" HPOS="440" VPOS="2353" WIDTH="116" HEIGHT="30" WC="0.95" CONTENT="kunde"/><SP WIDTH="18" VPOS="2353" HPOS="556"/>
							<String ID="string_412" HPOS="574" VPOS="2355" WIDTH="172" HEIGHT="39" WC="0.96" CONTENT="upptagas"/><SP WIDTH="19" VPOS="2355" HPOS="746"/>
							<String ID="string_413" HPOS="765" VPOS="2354" WIDTH="52" HEIGHT="29" WC="0.96" CONTENT="till"/><SP WIDTH="17" VPOS="2354" HPOS="817"/>
							<String ID="string_414" HPOS="834" VPOS="2355" WIDTH="197" HEIGHT="39" WC="0.96" CONTENT="avgörande"/><SP WIDTH="19" VPOS="2355" HPOS="1031"/>
							<String ID="string_415" HPOS="1050" VPOS="2356" WIDTH="10" HEIGHT="29" WC="0.96" CONTENT="i"/><SP WIDTH="19" VPOS="2356" HPOS="1060"/>
							<String ID="string_416" HPOS="1079" VPOS="2357" WIDTH="48" HEIGHT="28" WC="0.96" CONTENT="ett"/><SP WIDTH="19" VPOS="2357" HPOS="1127"/>
							<String ID="string_417" HPOS="1146" VPOS="2356" WIDTH="265" HEIGHT="39" WC="0.96" CONTENT="sammanhang."/><SP WIDTH="20" VPOS="2356" HPOS="1411"/>
							<String ID="string_418" HPOS="1431" VPOS="2356" WIDTH="117" HEIGHT="31" WC="0.96" CONTENT="Under"/><SP WIDTH="18" VPOS="2356" HPOS="1548"/>
							<String ID="string_419" HPOS="1566" VPOS="2357" WIDTH="95" HEIGHT="30" WC="0.92" CONTENT="vissa"/><SP WIDTH="17" VPOS="2357" HPOS="1661"/>
							<String ID="string_420" HPOS="1678" VPOS="2366" WIDTH="73" HEIGHT="21" WC="0.92" CONTENT="om-"/>
						</TextLine>
						<TextLine ID="line_43" HPOS="249" VPOS="2402" WIDTH="1501" HEIGHT="45">
							<String ID="string_421" HPOS="249" VPOS="2402" WIDTH="236" HEIGHT="40" WC="0.92" CONTENT="ständigheter"/><SP WIDTH="21" VPOS="2402" HPOS="485"/>
							<String ID="string_422" HPOS="506" VPOS="2404" WIDTH="107" HEIGHT="39" WC="0.96" CONTENT="ansåg"/><SP WIDTH="21" VPOS="2404" HPOS="613"/>
							<String ID="string_423" HPOS="634" VPOS="2403" WIDTH="52" HEIGHT="41" WC="0.96" CONTENT="sig"/><SP WIDTH="22" VPOS="2403" HPOS="686"/>
							<String ID="string_424" HPOS="708" VPOS="2405" WIDTH="251" HEIGHT="30" WC="0.96" CONTENT="statskontoret"/><SP WIDTH="20" VPOS="2405" HPOS="959"/>
							<String ID="string_425" HPOS="979" VPOS="2406" WIDTH="90" HEIGHT="30" WC="0.96" CONTENT="dock"/><SP WIDTH="20" VPOS="2406" HPOS="1069"/>
							<String ID="string_426" HPOS="1089" VPOS="2406" WIDTH="77" HEIGHT="29" WC="0.96" CONTENT="icke"/><SP WIDTH="21" VPOS="2406" HPOS="1166"/>
							<String ID="string_427" HPOS="1187" VPOS="2405" WIDTH="87" HEIGHT="40" WC="0.96" CONTENT="vilja"/><SP WIDTH="19" VPOS="2405" HPOS="1274"/>
							<String ID="string_428" HPOS="1293" VPOS="2408" WIDTH="167" HEIGHT="29" WC="0.96" CONTENT="motsätta"/><SP WIDTH="21" VPOS="2408" HPOS="1460"/>
							<String ID="string_429" HPOS="1481" VPOS="2408" WIDTH="51" HEIGHT="38" WC="0.96" CONTENT="sig"/><SP WIDTH="21" VPOS="2408" HPOS="1532"/>
							<String ID="string_430" HPOS="1553" VPOS="2408" WIDTH="51" HEIGHT="29" WC="0.96" CONTENT="att"/><SP WIDTH="20" VPOS="2408" HPOS="1604"/>
							<String ID="string_431" HPOS="1624" VPOS="2407" WIDTH="126" HEIGHT="40" WC="0.96" CONTENT="frågan"/>
						</TextLine>
						<TextLine ID="line_44" HPOS="249" VPOS="2453" WIDTH="1373" HEIGHT="43">
							<String ID="string_432" HPOS="249" VPOS="2462" WIDTH="54" HEIGHT="20" WC="0.96" CONTENT="om"/><SP WIDTH="21" VPOS="2462" HPOS="303"/>
							<String ID="string_433" HPOS="324" VPOS="2454" WIDTH="154" HEIGHT="29" WC="0.95" CONTENT="ändrade"/><SP WIDTH="21" VPOS="2454" HPOS="478"/>
							<String ID="string_434" HPOS="499" VPOS="2453" WIDTH="221" HEIGHT="31" WC="0.96" CONTENT="föreskrifter"/><SP WIDTH="22" VPOS="2453" HPOS="720"/>
							<String ID="string_435" HPOS="742" VPOS="2455" WIDTH="54" HEIGHT="29" WC="0.96" CONTENT="för"/><SP WIDTH="18" VPOS="2455" HPOS="796"/>
							<String ID="string_436" HPOS="814" VPOS="2455" WIDTH="177" HEIGHT="31" WC="0.96" CONTENT="anställda"/><SP WIDTH="20" VPOS="2455" HPOS="991"/>
							<String ID="string_437" HPOS="1011" VPOS="2456" WIDTH="55" HEIGHT="30" WC="0.96" CONTENT="vid"/><SP WIDTH="23" VPOS="2456" HPOS="1066"/>
							<String ID="string_438" HPOS="1089" VPOS="2456" WIDTH="245" HEIGHT="30" WC="0.96" CONTENT="läroanstalter"/><SP WIDTH="20" VPOS="2456" HPOS="1334"/>
							<String ID="string_439" HPOS="1354" VPOS="2457" WIDTH="105" HEIGHT="29" WC="0.96" CONTENT="löstes"/><SP WIDTH="25" VPOS="2457" HPOS="1459"/>
							<String ID="string_440" HPOS="1484" VPOS="2457" WIDTH="54" HEIGHT="30" WC="0.96" CONTENT="för"/><SP WIDTH="24" VPOS="2457" HPOS="1538"/>
							<String ID="string_441" HPOS="1562" VPOS="2457" WIDTH="60" HEIGHT="39" WC="0.96" CONTENT="sig."/>
						</TextLine>
					</TextBlock>
				</ComposedBlock>
			</PrintSpace>
		</Page>
	</Layout>
</alto>
