<?xml version="1.0" encoding="UTF-8"?>
<alto xmlns="http://www.loc.gov/standards/alto/ns-v3#" xmlns:xlink="http://www.w3.org/1999/xlink" xmlns:xsi="http://www.w3.org/2001/XMLSchema-instance" xsi:schemaLocation="http://www.loc.gov/standards/alto/ns-v3# http://www.loc.gov/alto/v3/alto-3-0.xsd">
	<Description>
		<MeasurementUnit>pixel</MeasurementUnit>
		<sourceImageInformation>
			<fileName>/tmp/tess_hzuhx9kp_input.PNG</fileName>
		</sourceImageInformation>
		<OCRProcessing ID="OCR_0">
			<ocrProcessingStep>
				<processingSoftware>
					<softwareName>tesseract 5.3.0</softwareName>
				</processingSoftware>
			</ocrProcessingStep>
		</OCRProcessing>
	</Description>
	<Layout>
		<Page WIDTH="1868" HEIGHT="2840" PHYSICAL_IMG_NR="0" ID="page_0">
			<PrintSpace HPOS="0" VPOS="0" WIDTH="1868" HEIGHT="2840">
				<ComposedBlock ID="cblock_0" HPOS="280" VPOS="145" WIDTH="1188" HEIGHT="37">
					<TextBlock ID="block_0" HPOS="280" VPOS="145" WIDTH="1188" HEIGHT="37">
						<TextLine ID="line_0" HPOS="280" VPOS="145" WIDTH="1188" HEIGHT="37">
							<String ID="string_0" HPOS="280" VPOS="146" WIDTH="39" HEIGHT="29" WC="0.96" CONTENT="14"/><SP WIDTH="308" VPOS="146" HPOS="319"/>
							<String ID="string_1" HPOS="627" VPOS="145" WIDTH="107" HEIGHT="28" WC="0.87" CONTENT="Andra"/><SP WIDTH="23" VPOS="145" HPOS="734"/>
							<String ID="string_2" HPOS="757" VPOS="145" WIDTH="221" HEIGHT="33" WC="0.90" CONTENT="lagutskottets"/><SP WIDTH="23" VPOS="145" HPOS="978"/>
							<String ID="string_3" HPOS="1001" VPOS="147" WIDTH="162" HEIGHT="28" WC="0.96" CONTENT="utlåtande"/><SP WIDTH="23" VPOS="147" HPOS="1163"/>
							<String ID="string_4" HPOS="1186" VPOS="147" WIDTH="48" HEIGHT="28" WC="0.96" CONTENT="Nr"/><SP WIDTH="23" VPOS="147" HPOS="1234"/>
							<String ID="string_5" HPOS="1257" VPOS="153" WIDTH="56" HEIGHT="28" WC="0.95" CONTENT="37,"/><SP WIDTH="28" VPOS="153" HPOS="1313"/>
							<String ID="string_6" HPOS="1341" VPOS="148" WIDTH="127" HEIGHT="34" WC="0.93" CONTENT="bilagor."/>
						</TextLine>
					</TextBlock>
				</ComposedBlock>
				<ComposedBlock ID="cblock_1" HPOS="274" VPOS="231" WIDTH="1513" HEIGHT="2275">
					<TextBlock ID="block_1" HPOS="283" VPOS="231" WIDTH="1504" HEIGHT="251">
						<TextLine ID="line_1" HPOS="285" VPOS="231" WIDTH="1500" HEIGHT="42">
							<String ID="string_7" HPOS="285" VPOS="231" WIDTH="449" HEIGHT="40" WC="0.90" CONTENT="Arbetsgivareföreningen,"/><SP WIDTH="19" VPOS="231" HPOS="734"/>
							<String ID="string_8" HPOS="753" VPOS="244" WIDTH="69" HEIGHT="20" WC="0.96" CONTENT="som"/><SP WIDTH="18" VPOS="244" HPOS="822"/>
							<String ID="string_9" HPOS="840" VPOS="233" WIDTH="86" HEIGHT="37" WC="0.96" CONTENT="själv"/><SP WIDTH="18" VPOS="233" HPOS="926"/>
							<String ID="string_10" HPOS="944" VPOS="237" WIDTH="37" HEIGHT="27" WC="0.96" CONTENT="är"/><SP WIDTH="18" VPOS="237" HPOS="981"/>
							<String ID="string_11" HPOS="999" VPOS="245" WIDTH="39" HEIGHT="20" WC="0.96" CONTENT="en"/><SP WIDTH="18" VPOS="245" HPOS="1038"/>
							<String ID="string_12" HPOS="1056" VPOS="234" WIDTH="227" HEIGHT="37" WC="0.96" CONTENT="organisation"/><SP WIDTH="19" VPOS="234" HPOS="1283"/>
							<String ID="string_13" HPOS="1302" VPOS="246" WIDTH="42" HEIGHT="20" WC="0.96" CONTENT="av"/><SP WIDTH="17" VPOS="246" HPOS="1344"/>
							<String ID="string_14" HPOS="1361" VPOS="234" WIDTH="62" HEIGHT="32" WC="0.96" CONTENT="här"/><SP WIDTH="16" VPOS="234" HPOS="1423"/>
							<String ID="string_15" HPOS="1439" VPOS="235" WIDTH="264" HEIGHT="38" WC="0.96" CONTENT="ifrågavarande"/><SP WIDTH="19" VPOS="235" HPOS="1703"/>
							<String ID="string_16" HPOS="1722" VPOS="240" WIDTH="63" HEIGHT="33" WC="0.96" CONTENT="art,"/>
						</TextLine>
						<TextLine ID="line_2" HPOS="285" VPOS="274" WIDTH="1502" HEIGHT="42">
							<String ID="string_17" HPOS="285" VPOS="285" WIDTH="96" HEIGHT="20" WC="0.96" CONTENT="anser"/><SP WIDTH="24" VPOS="285" HPOS="381"/>
							<String ID="string_18" HPOS="405" VPOS="274" WIDTH="51" HEIGHT="37" WC="0.96" CONTENT="sig"/><SP WIDTH="23" VPOS="274" HPOS="456"/>
							<String ID="string_19" HPOS="479" VPOS="274" WIDTH="74" HEIGHT="31" WC="0.96" CONTENT="icke"/><SP WIDTH="21" VPOS="274" HPOS="553"/>
							<String ID="string_20" HPOS="574" VPOS="274" WIDTH="79" HEIGHT="32" WC="0.96" CONTENT="böra"/><SP WIDTH="23" VPOS="274" HPOS="653"/>
							<String ID="string_21" HPOS="676" VPOS="275" WIDTH="80" HEIGHT="37" WC="0.95" CONTENT="ingå"/><SP WIDTH="23" VPOS="275" HPOS="756"/>
							<String ID="string_22" HPOS="779" VPOS="275" WIDTH="44" HEIGHT="37" WC="0.92" CONTENT="på"/><SP WIDTH="24" VPOS="275" HPOS="823"/>
							<String ID="string_23" HPOS="847" VPOS="276" WIDTH="206" HEIGHT="37" WC="0.90" CONTENT="spörsmålet,"/><SP WIDTH="25" VPOS="276" HPOS="1053"/>
							<String ID="string_24" HPOS="1078" VPOS="276" WIDTH="166" HEIGHT="32" WC="0.96" CONTENT="huruvida"/><SP WIDTH="26" VPOS="276" HPOS="1244"/>
							<String ID="string_25" HPOS="1270" VPOS="288" WIDTH="40" HEIGHT="20" WC="0.96" CONTENT="ur"/><SP WIDTH="26" VPOS="288" HPOS="1310"/>
							<String ID="string_26" HPOS="1336" VPOS="276" WIDTH="124" HEIGHT="32" WC="0.96" CONTENT="allmän"/><SP WIDTH="25" VPOS="276" HPOS="1460"/>
							<String ID="string_27" HPOS="1485" VPOS="278" WIDTH="174" HEIGHT="37" WC="0.96" CONTENT="synpunkt"/><SP WIDTH="24" VPOS="278" HPOS="1659"/>
							<String ID="string_28" HPOS="1683" VPOS="279" WIDTH="104" HEIGHT="37" WC="0.96" CONTENT="något"/>
						</TextLine>
						<TextLine ID="line_3" HPOS="283" VPOS="315" WIDTH="1503" HEIGHT="43">
							<String ID="string_29" HPOS="283" VPOS="315" WIDTH="105" HEIGHT="32" WC="0.95" CONTENT="behov"/><SP WIDTH="20" VPOS="315" HPOS="388"/>
							<String ID="string_30" HPOS="408" VPOS="327" WIDTH="41" HEIGHT="20" WC="0.96" CONTENT="av"/><SP WIDTH="21" VPOS="327" HPOS="449"/>
							<String ID="string_31" HPOS="470" VPOS="316" WIDTH="119" HEIGHT="37" WC="0.96" CONTENT="dylika"/><SP WIDTH="18" VPOS="316" HPOS="589"/>
							<String ID="string_32" HPOS="607" VPOS="316" WIDTH="249" HEIGHT="32" WC="0.96" CONTENT="bestämmelser"/><SP WIDTH="19" VPOS="316" HPOS="856"/>
							<String ID="string_33" HPOS="875" VPOS="318" WIDTH="53" HEIGHT="30" WC="0.96" CONTENT="må"/><SP WIDTH="20" VPOS="318" HPOS="928"/>
							<String ID="string_34" HPOS="948" VPOS="329" WIDTH="82" HEIGHT="20" WC="0.96" CONTENT="vara"/><SP WIDTH="20" VPOS="329" HPOS="1030"/>
							<String ID="string_35" HPOS="1050" VPOS="318" WIDTH="53" HEIGHT="31" WC="0.96" CONTENT="för"/><SP WIDTH="18" VPOS="318" HPOS="1103"/>
							<String ID="string_36" HPOS="1121" VPOS="318" WIDTH="142" HEIGHT="32" WC="0.94" CONTENT="handen."/><SP WIDTH="45" VPOS="318" HPOS="1263"/>
							<String ID="string_37" HPOS="1308" VPOS="319" WIDTH="65" HEIGHT="31" WC="0.95" CONTENT="För"/><SP WIDTH="21" VPOS="319" HPOS="1373"/>
							<String ID="string_38" HPOS="1394" VPOS="319" WIDTH="213" HEIGHT="38" WC="0.96" CONTENT="föreningens"/><SP WIDTH="21" VPOS="319" HPOS="1607"/>
							<String ID="string_39" HPOS="1628" VPOS="332" WIDTH="83" HEIGHT="26" WC="0.96" CONTENT="egen"/><SP WIDTH="22" VPOS="332" HPOS="1711"/>
							<String ID="string_40" HPOS="1733" VPOS="321" WIDTH="53" HEIGHT="31" WC="0.96" CONTENT="del"/>
						</TextLine>
						<TextLine ID="line_4" HPOS="284" VPOS="357" WIDTH="1501" HEIGHT="42">
							<String ID="string_41" HPOS="284" VPOS="357" WIDTH="183" HEIGHT="38" WC="0.96" CONTENT="föreligger"/><SP WIDTH="23" VPOS="357" HPOS="467"/>
							<String ID="string_42" HPOS="490" VPOS="358" WIDTH="85" HEIGHT="32" WC="0.96" CONTENT="intet"/><SP WIDTH="23" VPOS="358" HPOS="575"/>
							<String ID="string_43" HPOS="598" VPOS="358" WIDTH="120" HEIGHT="32" WC="0.96" CONTENT="sådant"/><SP WIDTH="23" VPOS="358" HPOS="718"/>
							<String ID="string_44" HPOS="741" VPOS="358" WIDTH="115" HEIGHT="32" WC="0.96" CONTENT="behov."/><SP WIDTH="48" VPOS="358" HPOS="856"/>
							<String ID="string_45" HPOS="904" VPOS="359" WIDTH="61" HEIGHT="32" WC="0.96" CONTENT="Om"/><SP WIDTH="25" VPOS="359" HPOS="965"/>
							<String ID="string_46" HPOS="990" VPOS="360" WIDTH="152" HEIGHT="31" WC="0.96" CONTENT="avsikten"/><SP WIDTH="23" VPOS="360" HPOS="1142"/>
							<String ID="string_47" HPOS="1165" VPOS="360" WIDTH="88" HEIGHT="32" WC="0.96" CONTENT="blott"/><SP WIDTH="22" VPOS="360" HPOS="1253"/>
							<String ID="string_48" HPOS="1275" VPOS="361" WIDTH="73" HEIGHT="31" WC="0.96" CONTENT="icke"/><SP WIDTH="25" VPOS="361" HPOS="1348"/>
							<String ID="string_49" HPOS="1373" VPOS="366" WIDTH="36" HEIGHT="26" WC="0.96" CONTENT="är"/><SP WIDTH="25" VPOS="366" HPOS="1409"/>
							<String ID="string_50" HPOS="1434" VPOS="365" WIDTH="51" HEIGHT="28" WC="0.93" CONTENT="att"/><SP WIDTH="24" VPOS="365" HPOS="1485"/>
							<String ID="string_51" HPOS="1509" VPOS="362" WIDTH="136" HEIGHT="32" WC="0.91" CONTENT="insnöra"/><SP WIDTH="24" VPOS="362" HPOS="1645"/>
							<String ID="string_52" HPOS="1669" VPOS="363" WIDTH="116" HEIGHT="36" WC="0.89" CONTENT="yrkes-"/>
						</TextLine>
						<TextLine ID="line_5" HPOS="285" VPOS="400" WIDTH="1499" HEIGHT="42">
							<String ID="string_53" HPOS="285" VPOS="400" WIDTH="387" HEIGHT="38" WC="0.90" CONTENT="sammanslutningarna"/><SP WIDTH="24" VPOS="400" HPOS="672"/>
							<String ID="string_54" HPOS="696" VPOS="400" WIDTH="11" HEIGHT="31" WC="0.93" CONTENT="i"/><SP WIDTH="27" VPOS="400" HPOS="707"/>
							<String ID="string_55" HPOS="734" VPOS="400" WIDTH="191" HEIGHT="39" WC="0.91" CONTENT="hinderliga"/><SP WIDTH="26" VPOS="400" HPOS="925"/>
							<String ID="string_56" HPOS="951" VPOS="402" WIDTH="132" HEIGHT="37" WC="0.96" CONTENT="former,"/><SP WIDTH="26" VPOS="402" HPOS="1083"/>
							<String ID="string_57" HPOS="1109" VPOS="402" WIDTH="61" HEIGHT="32" WC="0.95" CONTENT="vill"/><SP WIDTH="27" VPOS="402" HPOS="1170"/>
							<String ID="string_58" HPOS="1197" VPOS="402" WIDTH="196" HEIGHT="39" WC="0.96" CONTENT="föreningen"/><SP WIDTH="29" VPOS="402" HPOS="1393"/>
							<String ID="string_59" HPOS="1422" VPOS="403" WIDTH="55" HEIGHT="32" WC="0.96" CONTENT="det"/><SP WIDTH="26" VPOS="403" HPOS="1477"/>
							<String ID="string_60" HPOS="1503" VPOS="404" WIDTH="118" HEIGHT="32" WC="0.96" CONTENT="oaktat"/><SP WIDTH="24" VPOS="404" HPOS="1621"/>
							<String ID="string_61" HPOS="1645" VPOS="405" WIDTH="30" HEIGHT="37" WC="0.93" CONTENT="ej"/><SP WIDTH="28" VPOS="405" HPOS="1675"/>
							<String ID="string_62" HPOS="1703" VPOS="409" WIDTH="81" HEIGHT="28" WC="0.92" CONTENT="mot-"/>
						</TextLine>
						<TextLine ID="line_6" HPOS="284" VPOS="441" WIDTH="894" HEIGHT="41">
							<String ID="string_63" HPOS="284" VPOS="445" WIDTH="90" HEIGHT="28" WC="0.96" CONTENT="sätta"/><SP WIDTH="19" VPOS="445" HPOS="374"/>
							<String ID="string_64" HPOS="393" VPOS="441" WIDTH="52" HEIGHT="38" WC="0.96" CONTENT="sig"/><SP WIDTH="19" VPOS="441" HPOS="445"/>
							<String ID="string_65" HPOS="464" VPOS="453" WIDTH="40" HEIGHT="20" WC="0.96" CONTENT="en"/><SP WIDTH="19" VPOS="453" HPOS="504"/>
							<String ID="string_66" HPOS="523" VPOS="442" WIDTH="180" HEIGHT="38" WC="0.96" CONTENT="utredning"/><SP WIDTH="19" VPOS="442" HPOS="703"/>
							<String ID="string_67" HPOS="722" VPOS="454" WIDTH="42" HEIGHT="20" WC="0.96" CONTENT="av"/><SP WIDTH="20" VPOS="454" HPOS="764"/>
							<String ID="string_68" HPOS="784" VPOS="455" WIDTH="44" HEIGHT="19" WC="0.96" CONTENT="nu"/><SP WIDTH="19" VPOS="455" HPOS="828"/>
							<String ID="string_69" HPOS="847" VPOS="443" WIDTH="139" HEIGHT="32" WC="0.96" CONTENT="berörda"/><SP WIDTH="20" VPOS="443" HPOS="986"/>
							<String ID="string_70" HPOS="1006" VPOS="445" WIDTH="172" HEIGHT="37" WC="0.96" CONTENT="spörsmål."/>
						</TextLine>
					</TextBlock>
					<TextBlock ID="block_2" HPOS="275" VPOS="483" WIDTH="1512" HEIGHT="1769">
						<TextLine ID="line_7" HPOS="328" VPOS="483" WIDTH="1457" HEIGHT="43">
							<String ID="string_71" HPOS="328" VPOS="483" WIDTH="108" HEIGHT="32" WC="0.96" CONTENT="Bland"/><SP WIDTH="24" VPOS="483" HPOS="436"/>
							<String ID="string_72" HPOS="460" VPOS="484" WIDTH="38" HEIGHT="31" WC="0.96" CONTENT="de"/><SP WIDTH="23" VPOS="484" HPOS="498"/>
							<String ID="string_73" HPOS="521" VPOS="495" WIDTH="90" HEIGHT="20" WC="0.96" CONTENT="mera"/><SP WIDTH="21" VPOS="495" HPOS="611"/>
							<String ID="string_74" HPOS="632" VPOS="484" WIDTH="134" HEIGHT="38" WC="0.95" CONTENT="sakliga"/><SP WIDTH="21" VPOS="484" HPOS="766"/>
							<String ID="string_75" HPOS="787" VPOS="484" WIDTH="157" HEIGHT="39" WC="0.96" CONTENT="problem,"/><SP WIDTH="25" VPOS="484" HPOS="944"/>
							<String ID="string_76" HPOS="969" VPOS="497" WIDTH="69" HEIGHT="20" WC="0.96" CONTENT="som"/><SP WIDTH="24" VPOS="497" HPOS="1038"/>
							<String ID="string_77" HPOS="1062" VPOS="486" WIDTH="107" HEIGHT="31" WC="0.96" CONTENT="skulle"/><SP WIDTH="23" VPOS="486" HPOS="1169"/>
							<String ID="string_78" HPOS="1192" VPOS="486" WIDTH="115" HEIGHT="32" WC="0.96" CONTENT="kunna"/><SP WIDTH="21" VPOS="486" HPOS="1307"/>
							<String ID="string_79" HPOS="1328" VPOS="487" WIDTH="120" HEIGHT="32" WC="0.96" CONTENT="tänkas"/><SP WIDTH="25" VPOS="487" HPOS="1448"/>
							<String ID="string_80" HPOS="1473" VPOS="488" WIDTH="171" HEIGHT="37" WC="0.96" CONTENT="reglerade"/><SP WIDTH="22" VPOS="488" HPOS="1644"/>
							<String ID="string_81" HPOS="1666" VPOS="500" WIDTH="119" HEIGHT="26" WC="0.96" CONTENT="genom"/>
						</TextLine>
						<TextLine ID="line_8" HPOS="282" VPOS="525" WIDTH="1504" HEIGHT="42">
							<String ID="string_82" HPOS="282" VPOS="537" WIDTH="39" HEIGHT="19" WC="0.96" CONTENT="en"/><SP WIDTH="22" VPOS="537" HPOS="321"/>
							<String ID="string_83" HPOS="343" VPOS="525" WIDTH="220" HEIGHT="38" WC="0.95" CONTENT="lagstiftning"/><SP WIDTH="20" VPOS="525" HPOS="563"/>
							<String ID="string_84" HPOS="583" VPOS="537" WIDTH="52" HEIGHT="20" WC="0.93" CONTENT="om"/><SP WIDTH="20" VPOS="537" HPOS="635"/>
							<String ID="string_85" HPOS="655" VPOS="526" WIDTH="307" HEIGHT="40" WC="0.91" CONTENT="yrkesföreningar,"/><SP WIDTH="23" VPOS="526" HPOS="962"/>
							<String ID="string_86" HPOS="985" VPOS="532" WIDTH="121" HEIGHT="27" WC="0.96" CONTENT="nämna"/><SP WIDTH="21" VPOS="532" HPOS="1106"/>
							<String ID="string_87" HPOS="1127" VPOS="529" WIDTH="245" HEIGHT="31" WC="0.95" CONTENT="motionärerna"/><SP WIDTH="20" VPOS="529" HPOS="1372"/>
							<String ID="string_88" HPOS="1392" VPOS="529" WIDTH="11" HEIGHT="31" WC="0.95" CONTENT="i"/><SP WIDTH="23" VPOS="529" HPOS="1403"/>
							<String ID="string_89" HPOS="1426" VPOS="530" WIDTH="109" HEIGHT="31" WC="0.96" CONTENT="första"/><SP WIDTH="21" VPOS="530" HPOS="1535"/>
							<String ID="string_90" HPOS="1556" VPOS="530" WIDTH="99" HEIGHT="37" WC="0.96" CONTENT="hand,"/><SP WIDTH="26" VPOS="530" HPOS="1655"/>
							<String ID="string_91" HPOS="1681" VPOS="532" WIDTH="105" HEIGHT="31" WC="0.96" CONTENT="såvitt"/>
						</TextLine>
						<TextLine ID="line_9" HPOS="283" VPOS="567" WIDTH="1501" HEIGHT="43">
							<String ID="string_92" HPOS="283" VPOS="567" WIDTH="105" HEIGHT="38" WC="0.96" CONTENT="angår"/><SP WIDTH="25" VPOS="567" HPOS="388"/>
							<String ID="string_93" HPOS="413" VPOS="567" WIDTH="227" HEIGHT="32" WC="0.96" CONTENT="förhållandet"/><SP WIDTH="22" VPOS="567" HPOS="640"/>
							<String ID="string_94" HPOS="662" VPOS="568" WIDTH="121" HEIGHT="32" WC="0.96" CONTENT="mellan"/><SP WIDTH="23" VPOS="568" HPOS="783"/>
							<String ID="string_95" HPOS="806" VPOS="569" WIDTH="229" HEIGHT="38" WC="0.96" CONTENT="arbetsgivare"/><SP WIDTH="23" VPOS="569" HPOS="1035"/>
							<String ID="string_96" HPOS="1058" VPOS="570" WIDTH="58" HEIGHT="31" WC="0.96" CONTENT="och"/><SP WIDTH="23" VPOS="570" HPOS="1116"/>
							<String ID="string_97" HPOS="1139" VPOS="570" WIDTH="241" HEIGHT="39" WC="0.96" CONTENT="arbetstagare,"/><SP WIDTH="25" VPOS="570" HPOS="1380"/>
							<String ID="string_98" HPOS="1405" VPOS="571" WIDTH="123" HEIGHT="39" WC="0.96" CONTENT="frågan"/><SP WIDTH="24" VPOS="571" HPOS="1528"/>
							<String ID="string_99" HPOS="1552" VPOS="584" WIDTH="51" HEIGHT="20" WC="0.91" CONTENT="om"/><SP WIDTH="23" VPOS="584" HPOS="1603"/>
							<String ID="string_100" HPOS="1626" VPOS="573" WIDTH="158" HEIGHT="32" WC="0.91" CONTENT="förhand-"/>
						</TextLine>
						<TextLine ID="line_10" HPOS="282" VPOS="609" WIDTH="1504" HEIGHT="43">
							<String ID="string_101" HPOS="282" VPOS="609" WIDTH="161" HEIGHT="38" WC="0.91" CONTENT="lingsrätt"/><SP WIDTH="37" VPOS="609" HPOS="443"/>
							<String ID="string_102" HPOS="480" VPOS="610" WIDTH="61" HEIGHT="31" WC="0.93" CONTENT="och"/><SP WIDTH="37" VPOS="610" HPOS="541"/>
							<String ID="string_103" HPOS="578" VPOS="610" WIDTH="390" HEIGHT="39" WC="0.91" CONTENT="förhandlingsordning."/><SP WIDTH="51" VPOS="610" HPOS="968"/>
							<String ID="string_104" HPOS="1019" VPOS="612" WIDTH="247" HEIGHT="32" WC="0.93" CONTENT="Motionärerna"/><SP WIDTH="38" VPOS="612" HPOS="1266"/>
							<String ID="string_105" HPOS="1304" VPOS="613" WIDTH="165" HEIGHT="39" WC="0.92" CONTENT="medgiva,"/><SP WIDTH="29" VPOS="613" HPOS="1469"/>
							<String ID="string_106" HPOS="1498" VPOS="617" WIDTH="51" HEIGHT="29" WC="0.95" CONTENT="att"/><SP WIDTH="27" VPOS="617" HPOS="1549"/>
							<String ID="string_107" HPOS="1576" VPOS="615" WIDTH="210" HEIGHT="37" WC="0.96" CONTENT="svårigheter"/>
						</TextLine>
						<TextLine ID="line_11" HPOS="283" VPOS="652" WIDTH="1501" HEIGHT="40">
							<String ID="string_108" HPOS="283" VPOS="655" WIDTH="98" HEIGHT="34" WC="0.96" CONTENT="möta,"/><SP WIDTH="23" VPOS="655" HPOS="381"/>
							<String ID="string_109" HPOS="404" VPOS="656" WIDTH="59" HEIGHT="27" WC="0.96" CONTENT="när"/><SP WIDTH="24" VPOS="656" HPOS="463"/>
							<String ID="string_110" HPOS="487" VPOS="652" WIDTH="56" HEIGHT="31" WC="0.96" CONTENT="det"/><SP WIDTH="19" VPOS="652" HPOS="543"/>
							<String ID="string_111" HPOS="562" VPOS="652" WIDTH="106" HEIGHT="37" WC="0.96" CONTENT="gäller"/><SP WIDTH="22" VPOS="652" HPOS="668"/>
							<String ID="string_112" HPOS="690" VPOS="656" WIDTH="52" HEIGHT="28" WC="0.96" CONTENT="att"/><SP WIDTH="22" VPOS="656" HPOS="742"/>
							<String ID="string_113" HPOS="764" VPOS="653" WIDTH="11" HEIGHT="30" WC="0.91" CONTENT="i"/><SP WIDTH="23" VPOS="653" HPOS="775"/>
							<String ID="string_114" HPOS="798" VPOS="653" WIDTH="57" HEIGHT="38" WC="0.96" CONTENT="lag"/><SP WIDTH="21" VPOS="653" HPOS="855"/>
							<String ID="string_115" HPOS="876" VPOS="653" WIDTH="110" HEIGHT="32" WC="0.93" CONTENT="fixera"/><SP WIDTH="22" VPOS="653" HPOS="986"/>
							<String ID="string_116" HPOS="1008" VPOS="654" WIDTH="365" HEIGHT="38" WC="0.91" CONTENT="förhandlingsrättens"/><SP WIDTH="23" VPOS="654" HPOS="1373"/>
							<String ID="string_117" HPOS="1396" VPOS="656" WIDTH="170" HEIGHT="32" WC="0.96" CONTENT="innebörd."/><SP WIDTH="46" VPOS="656" HPOS="1566"/>
							<String ID="string_118" HPOS="1612" VPOS="658" WIDTH="76" HEIGHT="31" WC="0.96" CONTENT="Men"/><SP WIDTH="22" VPOS="658" HPOS="1688"/>
							<String ID="string_119" HPOS="1710" VPOS="658" WIDTH="74" HEIGHT="31" WC="0.96" CONTENT="med"/>
						</TextLine>
						<TextLine ID="line_12" HPOS="282" VPOS="693" WIDTH="1502" HEIGHT="44">
							<String ID="string_120" HPOS="282" VPOS="693" WIDTH="132" HEIGHT="38" WC="0.96" CONTENT="hänsyn"/><SP WIDTH="24" VPOS="693" HPOS="414"/>
							<String ID="string_121" HPOS="438" VPOS="694" WIDTH="52" HEIGHT="31" WC="0.95" CONTENT="till"/><SP WIDTH="25" VPOS="694" HPOS="490"/>
							<String ID="string_122" HPOS="515" VPOS="694" WIDTH="39" HEIGHT="32" WC="0.93" CONTENT="de"/><SP WIDTH="25" VPOS="694" HPOS="554"/>
							<String ID="string_123" HPOS="579" VPOS="706" WIDTH="25" HEIGHT="21" WC="0.80" CONTENT="s."/><SP WIDTH="25" VPOS="706" HPOS="604"/>
							<String ID="string_124" HPOS="629" VPOS="694" WIDTH="32" HEIGHT="33" WC="0.92" CONTENT="k."/><SP WIDTH="23" VPOS="694" HPOS="661"/>
							<String ID="string_125" HPOS="684" VPOS="695" WIDTH="186" HEIGHT="32" WC="0.96" CONTENT="anställdas"/><SP WIDTH="25" VPOS="695" HPOS="870"/>
							<String ID="string_126" HPOS="895" VPOS="696" WIDTH="172" HEIGHT="38" WC="0.96" CONTENT="intressen,"/><SP WIDTH="27" VPOS="696" HPOS="1067"/>
							<String ID="string_127" HPOS="1094" VPOS="708" WIDTH="68" HEIGHT="20" WC="0.95" CONTENT="som"/><SP WIDTH="25" VPOS="708" HPOS="1162"/>
							<String ID="string_128" HPOS="1187" VPOS="697" WIDTH="245" HEIGHT="32" WC="0.96" CONTENT="motionärerna"/><SP WIDTH="25" VPOS="697" HPOS="1432"/>
							<String ID="string_129" HPOS="1457" VPOS="698" WIDTH="153" HEIGHT="32" WC="0.96" CONTENT="förklara"/><SP WIDTH="25" VPOS="698" HPOS="1610"/>
							<String ID="string_130" HPOS="1635" VPOS="699" WIDTH="53" HEIGHT="38" WC="0.93" CONTENT="sig"/><SP WIDTH="25" VPOS="699" HPOS="1688"/>
							<String ID="string_131" HPOS="1713" VPOS="711" WIDTH="71" HEIGHT="26" WC="0.91" CONTENT="spe-"/>
						</TextLine>
						<TextLine ID="line_13" HPOS="282" VPOS="735" WIDTH="1502" HEIGHT="41">
							<String ID="string_132" HPOS="282" VPOS="735" WIDTH="92" HEIGHT="33" WC="0.91" CONTENT="ciellt"/><SP WIDTH="21" VPOS="735" HPOS="374"/>
							<String ID="string_133" HPOS="395" VPOS="735" WIDTH="85" HEIGHT="38" WC="0.96" CONTENT="vilja"/><SP WIDTH="21" VPOS="735" HPOS="480"/>
							<String ID="string_134" HPOS="501" VPOS="736" WIDTH="131" HEIGHT="38" WC="0.95" CONTENT="beakta,"/><SP WIDTH="24" VPOS="736" HPOS="632"/>
							<String ID="string_135" HPOS="656" VPOS="748" WIDTH="95" HEIGHT="21" WC="0.96" CONTENT="anses"/><SP WIDTH="24" VPOS="748" HPOS="751"/>
							<String ID="string_136" HPOS="775" VPOS="737" WIDTH="182" HEIGHT="38" WC="0.96" CONTENT="problemet"/><SP WIDTH="21" VPOS="737" HPOS="957"/>
							<String ID="string_137" HPOS="978" VPOS="738" WIDTH="81" HEIGHT="32" WC="0.96" CONTENT="böra"/><SP WIDTH="21" VPOS="738" HPOS="1059"/>
							<String ID="string_138" HPOS="1080" VPOS="739" WIDTH="164" HEIGHT="37" WC="0.93" CONTENT="ingående"/><SP WIDTH="24" VPOS="739" HPOS="1244"/>
							<String ID="string_139" HPOS="1268" VPOS="739" WIDTH="216" HEIGHT="33" WC="0.90" CONTENT="skärskådas."/><SP WIDTH="47" VPOS="739" HPOS="1484"/>
							<String ID="string_140" HPOS="1531" VPOS="740" WIDTH="116" HEIGHT="32" WC="0.89" CONTENT="Såsom"/><SP WIDTH="24" VPOS="740" HPOS="1647"/>
							<String ID="string_141" HPOS="1671" VPOS="745" WIDTH="113" HEIGHT="28" WC="0.92" CONTENT="natur-"/>
						</TextLine>
						<TextLine ID="line_14" HPOS="282" VPOS="777" WIDTH="1502" HEIGHT="43">
							<String ID="string_142" HPOS="282" VPOS="777" WIDTH="65" HEIGHT="38" WC="0.95" CONTENT="ligt"/><SP WIDTH="20" VPOS="777" HPOS="347"/>
							<String ID="string_143" HPOS="367" VPOS="782" WIDTH="46" HEIGHT="34" WC="0.96" CONTENT="är,"/><SP WIDTH="23" VPOS="782" HPOS="413"/>
							<String ID="string_144" HPOS="436" VPOS="783" WIDTH="60" HEIGHT="27" WC="0.96" CONTENT="när"/><SP WIDTH="21" VPOS="783" HPOS="496"/>
							<String ID="string_145" HPOS="517" VPOS="790" WIDTH="76" HEIGHT="19" WC="0.96" CONTENT="man"/><SP WIDTH="22" VPOS="790" HPOS="593"/>
							<String ID="string_146" HPOS="615" VPOS="784" WIDTH="182" HEIGHT="33" WC="0.96" CONTENT="överväger"/><SP WIDTH="22" VPOS="784" HPOS="797"/>
							<String ID="string_147" HPOS="819" VPOS="791" WIDTH="39" HEIGHT="20" WC="0.96" CONTENT="en"/><SP WIDTH="22" VPOS="791" HPOS="858"/>
							<String ID="string_148" HPOS="880" VPOS="780" WIDTH="167" HEIGHT="38" WC="0.96" CONTENT="reglering"/><SP WIDTH="22" VPOS="780" HPOS="1047"/>
							<String ID="string_149" HPOS="1069" VPOS="792" WIDTH="41" HEIGHT="20" WC="0.93" CONTENT="av"/><SP WIDTH="23" VPOS="792" HPOS="1110"/>
							<String ID="string_150" HPOS="1133" VPOS="781" WIDTH="358" HEIGHT="39" WC="0.91" CONTENT="förhandlingsrätten,"/><SP WIDTH="23" VPOS="781" HPOS="1491"/>
							<String ID="string_151" HPOS="1514" VPOS="782" WIDTH="134" HEIGHT="32" WC="0.93" CONTENT="komma"/><SP WIDTH="21" VPOS="782" HPOS="1648"/>
							<String ID="string_152" HPOS="1669" VPOS="784" WIDTH="115" HEIGHT="31" WC="0.92" CONTENT="motio-"/>
						</TextLine>
						<TextLine ID="line_15" HPOS="281" VPOS="820" WIDTH="1502" HEIGHT="39">
							<String ID="string_153" HPOS="281" VPOS="824" WIDTH="141" HEIGHT="27" WC="0.91" CONTENT="närerna"/><SP WIDTH="18" VPOS="824" HPOS="422"/>
							<String ID="string_154" HPOS="440" VPOS="820" WIDTH="120" HEIGHT="32" WC="0.96" CONTENT="härvid"/><SP WIDTH="19" VPOS="820" HPOS="560"/>
							<String ID="string_155" HPOS="579" VPOS="821" WIDTH="33" HEIGHT="30" WC="0.96" CONTENT="in"/><SP WIDTH="19" VPOS="821" HPOS="612"/>
							<String ID="string_156" HPOS="631" VPOS="821" WIDTH="43" HEIGHT="38" WC="0.96" CONTENT="på"/><SP WIDTH="20" VPOS="821" HPOS="674"/>
							<String ID="string_157" HPOS="694" VPOS="821" WIDTH="123" HEIGHT="38" WC="0.96" CONTENT="frågan"/><SP WIDTH="19" VPOS="821" HPOS="817"/>
							<String ID="string_158" HPOS="836" VPOS="833" WIDTH="51" HEIGHT="20" WC="0.93" CONTENT="om"/><SP WIDTH="18" VPOS="833" HPOS="887"/>
							<String ID="string_159" HPOS="905" VPOS="822" WIDTH="277" HEIGHT="33" WC="0.91" CONTENT="intressetvisters"/><SP WIDTH="22" VPOS="822" HPOS="1182"/>
							<String ID="string_160" HPOS="1204" VPOS="823" WIDTH="154" HEIGHT="33" WC="0.91" CONTENT="slitande."/><SP WIDTH="45" VPOS="823" HPOS="1358"/>
							<String ID="string_161" HPOS="1403" VPOS="824" WIDTH="176" HEIGHT="33" WC="0.92" CONTENT="Gentemot"/><SP WIDTH="17" VPOS="824" HPOS="1579"/>
							<String ID="string_162" HPOS="1596" VPOS="837" WIDTH="39" HEIGHT="20" WC="0.96" CONTENT="en"/><SP WIDTH="21" VPOS="837" HPOS="1635"/>
							<String ID="string_163" HPOS="1656" VPOS="837" WIDTH="42" HEIGHT="20" WC="0.91" CONTENT="av"/><SP WIDTH="20" VPOS="837" HPOS="1698"/>
							<String ID="string_164" HPOS="1718" VPOS="829" WIDTH="65" HEIGHT="29" WC="0.91" CONTENT="sta-"/>
						</TextLine>
						<TextLine ID="line_16" HPOS="281" VPOS="862" WIDTH="1503" HEIGHT="43">
							<String ID="string_165" HPOS="281" VPOS="865" WIDTH="55" HEIGHT="28" WC="0.96" CONTENT="ten"/><SP WIDTH="17" VPOS="865" HPOS="336"/>
							<String ID="string_166" HPOS="353" VPOS="862" WIDTH="11" HEIGHT="30" WC="0.90" CONTENT="i"/><SP WIDTH="18" VPOS="862" HPOS="364"/>
							<String ID="string_167" HPOS="382" VPOS="862" WIDTH="57" HEIGHT="38" WC="0.92" CONTENT="lag"/><SP WIDTH="16" VPOS="862" HPOS="439"/>
							<String ID="string_168" HPOS="455" VPOS="862" WIDTH="178" HEIGHT="39" WC="0.92" CONTENT="påbjuden,"/><SP WIDTH="19" VPOS="862" HPOS="633"/>
							<String ID="string_169" HPOS="652" VPOS="863" WIDTH="223" HEIGHT="38" WC="0.96" CONTENT="obligatorisk"/><SP WIDTH="16" VPOS="863" HPOS="875"/>
							<String ID="string_170" HPOS="891" VPOS="864" WIDTH="177" HEIGHT="38" WC="0.96" CONTENT="skiljedom"/><SP WIDTH="17" VPOS="864" HPOS="1068"/>
							<String ID="string_171" HPOS="1085" VPOS="865" WIDTH="11" HEIGHT="31" WC="0.92" CONTENT="i"/><SP WIDTH="18" VPOS="865" HPOS="1096"/>
							<String ID="string_172" HPOS="1114" VPOS="865" WIDTH="329" HEIGHT="33" WC="0.91" CONTENT="intressekonflikter"/><SP WIDTH="20" VPOS="865" HPOS="1443"/>
							<String ID="string_173" HPOS="1463" VPOS="866" WIDTH="114" HEIGHT="33" WC="0.96" CONTENT="kunna"/><SP WIDTH="16" VPOS="866" HPOS="1577"/>
							<String ID="string_174" HPOS="1593" VPOS="868" WIDTH="108" HEIGHT="37" WC="0.93" CONTENT="enligt"/><SP WIDTH="17" VPOS="868" HPOS="1701"/>
							<String ID="string_175" HPOS="1718" VPOS="880" WIDTH="66" HEIGHT="20" WC="0.91" CONTENT="mo-"/>
						</TextLine>
						<TextLine ID="line_17" HPOS="281" VPOS="904" WIDTH="1502" HEIGHT="43">
							<String ID="string_176" HPOS="281" VPOS="904" WIDTH="190" HEIGHT="32" WC="0.90" CONTENT="tionärerna"/><SP WIDTH="24" VPOS="904" HPOS="471"/>
							<String ID="string_177" HPOS="495" VPOS="905" WIDTH="182" HEIGHT="38" WC="0.95" CONTENT="allvarliga"/><SP WIDTH="22" VPOS="905" HPOS="677"/>
							<String ID="string_178" HPOS="699" VPOS="905" WIDTH="268" HEIGHT="39" WC="0.96" CONTENT="betänkligheter"/><SP WIDTH="24" VPOS="905" HPOS="967"/>
							<String ID="string_179" HPOS="991" VPOS="919" WIDTH="100" HEIGHT="20" WC="0.96" CONTENT="resas."/><SP WIDTH="49" VPOS="919" HPOS="1091"/>
							<String ID="string_180" HPOS="1140" VPOS="907" WIDTH="71" HEIGHT="32" WC="0.95" CONTENT="Och"/><SP WIDTH="26" VPOS="907" HPOS="1211"/>
							<String ID="string_181" HPOS="1237" VPOS="908" WIDTH="95" HEIGHT="32" WC="0.96" CONTENT="dessa"/><SP WIDTH="25" VPOS="908" HPOS="1332"/>
							<String ID="string_182" HPOS="1357" VPOS="908" WIDTH="268" HEIGHT="39" WC="0.96" CONTENT="betänkligheter"/><SP WIDTH="24" VPOS="908" HPOS="1625"/>
							<String ID="string_183" HPOS="1649" VPOS="915" WIDTH="57" HEIGHT="27" WC="0.93" CONTENT="äro"/><SP WIDTH="24" VPOS="915" HPOS="1706"/>
							<String ID="string_184" HPOS="1730" VPOS="922" WIDTH="53" HEIGHT="20" WC="0.91" CONTENT="en-"/>
						</TextLine>
						<TextLine ID="line_18" HPOS="281" VPOS="945" WIDTH="1504" HEIGHT="45">
							<String ID="string_185" HPOS="281" VPOS="945" WIDTH="65" HEIGHT="38" WC="0.95" CONTENT="ligt"/><SP WIDTH="21" VPOS="945" HPOS="346"/>
							<String ID="string_186" HPOS="367" VPOS="946" WIDTH="150" HEIGHT="32" WC="0.93" CONTENT="Svenska"/><SP WIDTH="21" VPOS="946" HPOS="517"/>
							<String ID="string_187" HPOS="538" VPOS="947" WIDTH="457" HEIGHT="39" WC="0.92" CONTENT="Arbetsgivareföreningens"/><SP WIDTH="21" VPOS="947" HPOS="995"/>
							<String ID="string_188" HPOS="1016" VPOS="949" WIDTH="132" HEIGHT="38" WC="0.96" CONTENT="mening"/><SP WIDTH="21" VPOS="949" HPOS="1148"/>
							<String ID="string_189" HPOS="1169" VPOS="950" WIDTH="37" HEIGHT="31" WC="0.96" CONTENT="så"/><SP WIDTH="20" VPOS="950" HPOS="1206"/>
							<String ID="string_190" HPOS="1226" VPOS="950" WIDTH="184" HEIGHT="39" WC="0.96" CONTENT="bestämda,"/><SP WIDTH="22" VPOS="950" HPOS="1410"/>
							<String ID="string_191" HPOS="1432" VPOS="954" WIDTH="51" HEIGHT="28" WC="0.96" CONTENT="att"/><SP WIDTH="19" VPOS="954" HPOS="1483"/>
							<String ID="string_192" HPOS="1502" VPOS="963" WIDTH="40" HEIGHT="19" WC="0.96" CONTENT="en"/><SP WIDTH="20" VPOS="963" HPOS="1542"/>
							<String ID="string_193" HPOS="1562" VPOS="952" WIDTH="223" HEIGHT="38" WC="0.96" CONTENT="lagstiftning"/>
						</TextLine>
						<TextLine ID="line_19" HPOS="281" VPOS="988" WIDTH="1503" HEIGHT="43">
							<String ID="string_194" HPOS="281" VPOS="999" WIDTH="42" HEIGHT="20" WC="0.96" CONTENT="av"/><SP WIDTH="25" VPOS="999" HPOS="323"/>
							<String ID="string_195" HPOS="348" VPOS="988" WIDTH="96" HEIGHT="38" WC="0.96" CONTENT="dylik"/><SP WIDTH="22" VPOS="988" HPOS="444"/>
							<String ID="string_196" HPOS="466" VPOS="988" WIDTH="159" HEIGHT="32" WC="0.96" CONTENT="innebörd"/><SP WIDTH="23" VPOS="988" HPOS="625"/>
							<String ID="string_197" HPOS="648" VPOS="989" WIDTH="73" HEIGHT="32" WC="0.96" CONTENT="icke"/><SP WIDTH="24" VPOS="989" HPOS="721"/>
							<String ID="string_198" HPOS="745" VPOS="990" WIDTH="141" HEIGHT="32" WC="0.96" CONTENT="behöver"/><SP WIDTH="23" VPOS="990" HPOS="886"/>
							<String ID="string_199" HPOS="909" VPOS="995" WIDTH="194" HEIGHT="34" WC="0.93" CONTENT="övervägas."/><SP WIDTH="48" VPOS="995" HPOS="1103"/>
							<String ID="string_200" HPOS="1151" VPOS="992" WIDTH="126" HEIGHT="31" WC="0.87" CONTENT="Därom"/><SP WIDTH="26" VPOS="992" HPOS="1277"/>
							<String ID="string_201" HPOS="1303" VPOS="993" WIDTH="92" HEIGHT="31" WC="0.96" CONTENT="torde"/><SP WIDTH="25" VPOS="993" HPOS="1395"/>
							<String ID="string_202" HPOS="1420" VPOS="994" WIDTH="265" HEIGHT="37" WC="0.96" CONTENT="organisationer"/><SP WIDTH="25" VPOS="994" HPOS="1685"/>
							<String ID="string_203" HPOS="1710" VPOS="995" WIDTH="74" HEIGHT="31" WC="0.96" CONTENT="med"/>
						</TextLine>
						<TextLine ID="line_20" HPOS="280" VPOS="1030" WIDTH="1503" HEIGHT="43">
							<String ID="string_204" HPOS="280" VPOS="1030" WIDTH="191" HEIGHT="32" WC="0.96" CONTENT="erfarenhet"/><SP WIDTH="18" VPOS="1030" HPOS="471"/>
							<String ID="string_205" HPOS="489" VPOS="1031" WIDTH="44" HEIGHT="38" WC="0.96" CONTENT="på"/><SP WIDTH="19" VPOS="1031" HPOS="533"/>
							<String ID="string_206" HPOS="552" VPOS="1031" WIDTH="197" HEIGHT="32" WC="0.95" CONTENT="hithörande"/><SP WIDTH="22" VPOS="1031" HPOS="749"/>
							<String ID="string_207" HPOS="771" VPOS="1032" WIDTH="132" HEIGHT="32" WC="0.96" CONTENT="område"/><SP WIDTH="19" VPOS="1032" HPOS="903"/>
							<String ID="string_208" HPOS="922" VPOS="1044" WIDTH="83" HEIGHT="21" WC="0.96" CONTENT="vara"/><SP WIDTH="18" VPOS="1044" HPOS="1005"/>
							<String ID="string_209" HPOS="1023" VPOS="1045" WIDTH="85" HEIGHT="20" WC="0.94" CONTENT="ense."/><SP WIDTH="44" VPOS="1045" HPOS="1108"/>
							<String ID="string_210" HPOS="1152" VPOS="1035" WIDTH="222" HEIGHT="31" WC="0.96" CONTENT="Annorlunda"/><SP WIDTH="20" VPOS="1035" HPOS="1374"/>
							<String ID="string_211" HPOS="1394" VPOS="1034" WIDTH="109" HEIGHT="39" WC="0.96" CONTENT="ligger"/><SP WIDTH="21" VPOS="1034" HPOS="1503"/>
							<String ID="string_212" HPOS="1524" VPOS="1036" WIDTH="184" HEIGHT="32" WC="0.92" CONTENT="emellertid"/><SP WIDTH="21" VPOS="1036" HPOS="1708"/>
							<String ID="string_213" HPOS="1729" VPOS="1048" WIDTH="54" HEIGHT="20" WC="0.92" CONTENT="en-"/>
						</TextLine>
						<TextLine ID="line_21" HPOS="281" VPOS="1071" WIDTH="1502" HEIGHT="43">
							<String ID="string_214" HPOS="281" VPOS="1071" WIDTH="64" HEIGHT="39" WC="0.96" CONTENT="ligt"/><SP WIDTH="21" VPOS="1071" HPOS="345"/>
							<String ID="string_215" HPOS="366" VPOS="1073" WIDTH="245" HEIGHT="32" WC="0.96" CONTENT="motionärerna"/><SP WIDTH="20" VPOS="1073" HPOS="611"/>
							<String ID="string_216" HPOS="631" VPOS="1073" WIDTH="103" HEIGHT="32" WC="0.96" CONTENT="saken"/><SP WIDTH="23" VPOS="1073" HPOS="734"/>
							<String ID="string_217" HPOS="757" VPOS="1074" WIDTH="63" HEIGHT="38" WC="0.96" CONTENT="till,"/><SP WIDTH="24" VPOS="1074" HPOS="820"/>
							<String ID="string_218" HPOS="844" VPOS="1074" WIDTH="53" HEIGHT="32" WC="0.96" CONTENT="för"/><SP WIDTH="23" VPOS="1074" HPOS="897"/>
							<String ID="string_219" HPOS="920" VPOS="1075" WIDTH="60" HEIGHT="31" WC="0.96" CONTENT="den"/><SP WIDTH="22" VPOS="1075" HPOS="980"/>
							<String ID="string_220" HPOS="1002" VPOS="1075" WIDTH="156" HEIGHT="33" WC="0.96" CONTENT="händelse"/><SP WIDTH="23" VPOS="1075" HPOS="1158"/>
							<String ID="string_221" HPOS="1181" VPOS="1079" WIDTH="160" HEIGHT="34" WC="0.96" CONTENT="parterna"/><SP WIDTH="21" VPOS="1079" HPOS="1341"/>
							<String ID="string_222" HPOS="1362" VPOS="1077" WIDTH="110" HEIGHT="37" WC="0.96" CONTENT="själva"/><SP WIDTH="20" VPOS="1077" HPOS="1472"/>
							<String ID="string_223" HPOS="1492" VPOS="1077" WIDTH="132" HEIGHT="33" WC="0.96" CONTENT="komma"/><SP WIDTH="23" VPOS="1077" HPOS="1624"/>
							<String ID="string_224" HPOS="1647" VPOS="1083" WIDTH="136" HEIGHT="27" WC="0.96" CONTENT="överens"/>
						</TextLine>
						<TextLine ID="line_22" HPOS="280" VPOS="1114" WIDTH="1507" HEIGHT="44">
							<String ID="string_225" HPOS="280" VPOS="1125" WIDTH="52" HEIGHT="20" WC="0.96" CONTENT="om"/><SP WIDTH="29" VPOS="1125" HPOS="332"/>
							<String ID="string_226" HPOS="361" VPOS="1117" WIDTH="51" HEIGHT="29" WC="0.96" CONTENT="att"/><SP WIDTH="27" VPOS="1117" HPOS="412"/>
							<String ID="string_227" HPOS="439" VPOS="1114" WIDTH="56" HEIGHT="32" WC="0.93" CONTENT="vid"/><SP WIDTH="28" VPOS="1114" HPOS="495"/>
							<String ID="string_228" HPOS="523" VPOS="1115" WIDTH="262" HEIGHT="32" WC="0.91" CONTENT="intressetvister"/><SP WIDTH="26" VPOS="1115" HPOS="785"/>
							<String ID="string_229" HPOS="811" VPOS="1116" WIDTH="205" HEIGHT="33" WC="0.96" CONTENT="underkasta"/><SP WIDTH="28" VPOS="1116" HPOS="1016"/>
							<String ID="string_230" HPOS="1044" VPOS="1117" WIDTH="53" HEIGHT="39" WC="0.96" CONTENT="sig"/><SP WIDTH="27" VPOS="1117" HPOS="1097"/>
							<String ID="string_231" HPOS="1124" VPOS="1117" WIDTH="188" HEIGHT="39" WC="0.96" CONTENT="skiljedom."/><SP WIDTH="52" VPOS="1117" HPOS="1312"/>
							<String ID="string_232" HPOS="1364" VPOS="1118" WIDTH="117" HEIGHT="33" WC="0.96" CONTENT="Denna"/><SP WIDTH="30" VPOS="1118" HPOS="1481"/>
							<String ID="string_233" HPOS="1511" VPOS="1119" WIDTH="175" HEIGHT="39" WC="0.96" CONTENT="möjlighet"/><SP WIDTH="29" VPOS="1119" HPOS="1686"/>
							<String ID="string_234" HPOS="1715" VPOS="1121" WIDTH="72" HEIGHT="31" WC="0.95" CONTENT="står"/>
						</TextLine>
						<TextLine ID="line_23" HPOS="279" VPOS="1157" WIDTH="1506" HEIGHT="43">
							<String ID="string_235" HPOS="279" VPOS="1159" WIDTH="157" HEIGHT="35" WC="0.96" CONTENT="parterna"/><SP WIDTH="21" VPOS="1159" HPOS="436"/>
							<String ID="string_236" HPOS="457" VPOS="1157" WIDTH="53" HEIGHT="32" WC="0.96" CONTENT="till"/><SP WIDTH="19" VPOS="1157" HPOS="510"/>
							<String ID="string_237" HPOS="529" VPOS="1157" WIDTH="84" HEIGHT="32" WC="0.96" CONTENT="buds"/><SP WIDTH="18" VPOS="1157" HPOS="613"/>
							<String ID="string_238" HPOS="631" VPOS="1161" WIDTH="82" HEIGHT="28" WC="0.96" CONTENT="utan"/><SP WIDTH="20" VPOS="1161" HPOS="713"/>
							<String ID="string_239" HPOS="733" VPOS="1158" WIDTH="147" HEIGHT="32" WC="0.96" CONTENT="särskild"/><SP WIDTH="19" VPOS="1158" HPOS="880"/>
							<String ID="string_240" HPOS="899" VPOS="1159" WIDTH="228" HEIGHT="39" WC="0.95" CONTENT="lagstiftning,"/><SP WIDTH="21" VPOS="1159" HPOS="1127"/>
							<String ID="string_241" HPOS="1148" VPOS="1172" WIDTH="73" HEIGHT="20" WC="0.96" CONTENT="men"/><SP WIDTH="21" VPOS="1172" HPOS="1221"/>
							<String ID="string_242" HPOS="1242" VPOS="1161" WIDTH="244" HEIGHT="32" WC="0.96" CONTENT="motionärerna"/><SP WIDTH="19" VPOS="1161" HPOS="1486"/>
							<String ID="string_243" HPOS="1505" VPOS="1174" WIDTH="102" HEIGHT="26" WC="0.96" CONTENT="synas"/><SP WIDTH="20" VPOS="1174" HPOS="1607"/>
							<String ID="string_244" HPOS="1627" VPOS="1163" WIDTH="158" HEIGHT="33" WC="0.96" CONTENT="betrakta"/>
						</TextLine>
						<TextLine ID="line_24" HPOS="281" VPOS="1199" WIDTH="1501" HEIGHT="42">
							<String ID="string_245" HPOS="281" VPOS="1199" WIDTH="54" HEIGHT="31" WC="0.95" CONTENT="det"/><SP WIDTH="24" VPOS="1199" HPOS="335"/>
							<String ID="string_246" HPOS="359" VPOS="1210" WIDTH="69" HEIGHT="20" WC="0.96" CONTENT="som"/><SP WIDTH="23" VPOS="1210" HPOS="428"/>
							<String ID="string_247" HPOS="451" VPOS="1202" WIDTH="49" HEIGHT="30" WC="0.96" CONTENT="ett"/><SP WIDTH="22" VPOS="1202" HPOS="500"/>
							<String ID="string_248" HPOS="522" VPOS="1199" WIDTH="190" HEIGHT="38" WC="0.96" CONTENT="beklagligt"/><SP WIDTH="24" VPOS="1199" HPOS="712"/>
							<String ID="string_249" HPOS="736" VPOS="1200" WIDTH="221" HEIGHT="39" WC="0.95" CONTENT="förhållande,"/><SP WIDTH="25" VPOS="1200" HPOS="957"/>
							<String ID="string_250" HPOS="982" VPOS="1205" WIDTH="50" HEIGHT="28" WC="0.96" CONTENT="att"/><SP WIDTH="23" VPOS="1205" HPOS="1032"/>
							<String ID="string_251" HPOS="1055" VPOS="1205" WIDTH="146" HEIGHT="35" WC="0.96" CONTENT="utvägen"/><SP WIDTH="24" VPOS="1205" HPOS="1201"/>
							<String ID="string_252" HPOS="1225" VPOS="1203" WIDTH="12" HEIGHT="30" WC="0.96" CONTENT="i"/><SP WIDTH="26" VPOS="1203" HPOS="1237"/>
							<String ID="string_253" HPOS="1263" VPOS="1203" WIDTH="100" HEIGHT="38" WC="0.96" CONTENT="fråga"/><SP WIDTH="25" VPOS="1203" HPOS="1363"/>
							<String ID="string_254" HPOS="1388" VPOS="1204" WIDTH="72" HEIGHT="31" WC="0.96" CONTENT="icke"/><SP WIDTH="25" VPOS="1204" HPOS="1460"/>
							<String ID="string_255" HPOS="1485" VPOS="1204" WIDTH="140" HEIGHT="33" WC="0.96" CONTENT="kommit"/><SP WIDTH="24" VPOS="1204" HPOS="1625"/>
							<String ID="string_256" HPOS="1649" VPOS="1206" WIDTH="53" HEIGHT="31" WC="0.93" CONTENT="till"/><SP WIDTH="25" VPOS="1206" HPOS="1702"/>
							<String ID="string_257" HPOS="1727" VPOS="1218" WIDTH="55" HEIGHT="19" WC="0.91" CONTENT="an-"/>
						</TextLine>
						<TextLine ID="line_25" HPOS="279" VPOS="1241" WIDTH="1503" HEIGHT="43">
							<String ID="string_258" HPOS="279" VPOS="1241" WIDTH="172" HEIGHT="37" WC="0.95" CONTENT="vändning"/><SP WIDTH="21" VPOS="1241" HPOS="451"/>
							<String ID="string_259" HPOS="472" VPOS="1241" WIDTH="11" HEIGHT="31" WC="0.69" CONTENT="1"/><SP WIDTH="22" VPOS="1241" HPOS="483"/>
							<String ID="string_260" HPOS="505" VPOS="1245" WIDTH="104" HEIGHT="28" WC="0.96" CONTENT="större"/><SP WIDTH="21" VPOS="1245" HPOS="609"/>
							<String ID="string_261" HPOS="630" VPOS="1242" WIDTH="238" HEIGHT="38" WC="0.96" CONTENT="utsträckning"/><SP WIDTH="22" VPOS="1242" HPOS="868"/>
							<String ID="string_262" HPOS="890" VPOS="1247" WIDTH="42" HEIGHT="27" WC="0.96" CONTENT="än"/><SP WIDTH="23" VPOS="1247" HPOS="932"/>
							<String ID="string_263" HPOS="955" VPOS="1255" WIDTH="69" HEIGHT="20" WC="0.96" CONTENT="som"/><SP WIDTH="22" VPOS="1255" HPOS="1024"/>
							<String ID="string_264" HPOS="1046" VPOS="1244" WIDTH="98" HEIGHT="32" WC="0.96" CONTENT="skett."/><SP WIDTH="46" VPOS="1244" HPOS="1144"/>
							<String ID="string_265" HPOS="1190" VPOS="1245" WIDTH="70" HEIGHT="32" WC="0.96" CONTENT="Och"/><SP WIDTH="24" VPOS="1245" HPOS="1260"/>
							<String ID="string_266" HPOS="1284" VPOS="1245" WIDTH="115" HEIGHT="32" WC="0.96" CONTENT="därför"/><SP WIDTH="22" VPOS="1245" HPOS="1399"/>
							<String ID="string_267" HPOS="1421" VPOS="1246" WIDTH="105" HEIGHT="32" WC="0.96" CONTENT="tänka"/><SP WIDTH="22" VPOS="1246" HPOS="1526"/>
							<String ID="string_268" HPOS="1548" VPOS="1247" WIDTH="53" HEIGHT="37" WC="0.93" CONTENT="sig"/><SP WIDTH="23" VPOS="1247" HPOS="1601"/>
							<String ID="string_269" HPOS="1624" VPOS="1248" WIDTH="158" HEIGHT="32" WC="0.92" CONTENT="motionä-"/>
						</TextLine>
						<TextLine ID="line_26" HPOS="280" VPOS="1283" WIDTH="1503" HEIGHT="44">
							<String ID="string_270" HPOS="280" VPOS="1294" WIDTH="96" HEIGHT="20" WC="0.96" CONTENT="rerna"/><SP WIDTH="17" VPOS="1294" HPOS="376"/>
							<String ID="string_271" HPOS="393" VPOS="1294" WIDTH="39" HEIGHT="20" WC="0.93" CONTENT="en"/><SP WIDTH="19" VPOS="1294" HPOS="432"/>
							<String ID="string_272" HPOS="451" VPOS="1283" WIDTH="178" HEIGHT="34" WC="0.90" CONTENT="dispositiv"/><SP WIDTH="18" VPOS="1283" HPOS="629"/>
							<String ID="string_273" HPOS="647" VPOS="1284" WIDTH="229" HEIGHT="39" WC="0.96" CONTENT="lagstiftning,"/><SP WIDTH="20" VPOS="1284" HPOS="876"/>
							<String ID="string_274" HPOS="896" VPOS="1297" WIDTH="69" HEIGHT="20" WC="0.96" CONTENT="som"/><SP WIDTH="19" VPOS="1297" HPOS="965"/>
							<String ID="string_275" HPOS="984" VPOS="1285" WIDTH="109" HEIGHT="32" WC="0.96" CONTENT="skulle"/><SP WIDTH="18" VPOS="1285" HPOS="1093"/>
							<String ID="string_276" HPOS="1111" VPOS="1286" WIDTH="115" HEIGHT="32" WC="0.96" CONTENT="kunna"/><SP WIDTH="18" VPOS="1286" HPOS="1226"/>
							<String ID="string_277" HPOS="1244" VPOS="1287" WIDTH="126" HEIGHT="37" WC="0.96" CONTENT="främja"/><SP WIDTH="17" VPOS="1287" HPOS="1370"/>
							<String ID="string_278" HPOS="1387" VPOS="1299" WIDTH="40" HEIGHT="20" WC="0.97" CONTENT="en"/><SP WIDTH="17" VPOS="1299" HPOS="1427"/>
							<String ID="string_279" HPOS="1444" VPOS="1289" WIDTH="196" HEIGHT="38" WC="0.96" CONTENT="utveckling"/><SP WIDTH="19" VPOS="1289" HPOS="1640"/>
							<String ID="string_280" HPOS="1659" VPOS="1301" WIDTH="41" HEIGHT="20" WC="0.95" CONTENT="av"/><SP WIDTH="21" VPOS="1301" HPOS="1700"/>
							<String ID="string_281" HPOS="1721" VPOS="1290" WIDTH="62" HEIGHT="32" WC="0.96" CONTENT="den"/>
						</TextLine>
						<TextLine ID="line_27" HPOS="280" VPOS="1324" WIDTH="1502" HEIGHT="45">
							<String ID="string_282" HPOS="280" VPOS="1324" WIDTH="168" HEIGHT="39" WC="0.96" CONTENT="frivilliga"/><SP WIDTH="30" VPOS="1324" HPOS="448"/>
							<String ID="string_283" HPOS="478" VPOS="1325" WIDTH="218" HEIGHT="38" WC="0.96" CONTENT="skiljedomen"/><SP WIDTH="29" VPOS="1325" HPOS="696"/>
							<String ID="string_284" HPOS="725" VPOS="1327" WIDTH="45" HEIGHT="37" WC="0.96" CONTENT="på"/><SP WIDTH="28" VPOS="1327" HPOS="770"/>
							<String ID="string_285" HPOS="798" VPOS="1326" WIDTH="262" HEIGHT="38" WC="0.96" CONTENT="ifrågavarande"/><SP WIDTH="30" VPOS="1326" HPOS="1060"/>
							<String ID="string_286" HPOS="1090" VPOS="1328" WIDTH="143" HEIGHT="32" WC="0.95" CONTENT="område."/><SP WIDTH="55" VPOS="1328" HPOS="1233"/>
							<String ID="string_287" HPOS="1288" VPOS="1329" WIDTH="152" HEIGHT="33" WC="0.93" CONTENT="Svenska"/><SP WIDTH="30" VPOS="1329" HPOS="1440"/>
							<String ID="string_288" HPOS="1470" VPOS="1331" WIDTH="312" HEIGHT="38" WC="0.91" CONTENT="Arbetsgivareför-"/>
						</TextLine>
						<TextLine ID="line_28" HPOS="279" VPOS="1367" WIDTH="1504" HEIGHT="44">
							<String ID="string_289" HPOS="279" VPOS="1367" WIDTH="140" HEIGHT="38" WC="0.89" CONTENT="eningen"/><SP WIDTH="18" VPOS="1367" HPOS="419"/>
							<String ID="string_290" HPOS="437" VPOS="1371" WIDTH="106" HEIGHT="28" WC="0.96" CONTENT="sätter"/><SP WIDTH="19" VPOS="1371" HPOS="543"/>
							<String ID="string_291" HPOS="562" VPOS="1367" WIDTH="172" HEIGHT="33" WC="0.96" CONTENT="bestämt"/><SP WIDTH="-14" VPOS="1367" HPOS="734"/>
							<String ID="string_292" HPOS="720" VPOS="1363" WIDTH="20" HEIGHT="52" WC="0.95" CONTENT="1"/><SP WIDTH="14" VPOS="1363" HPOS="740"/>
							<String ID="string_293" HPOS="754" VPOS="1368" WIDTH="99" HEIGHT="38" WC="0.96" CONTENT="fråga"/><SP WIDTH="20" VPOS="1368" HPOS="853"/>
							<String ID="string_294" HPOS="873" VPOS="1369" WIDTH="214" HEIGHT="38" WC="0.96" CONTENT="möjligheten"/><SP WIDTH="19" VPOS="1369" HPOS="1087"/>
							<String ID="string_295" HPOS="1106" VPOS="1370" WIDTH="115" HEIGHT="32" WC="0.96" CONTENT="härav."/><SP WIDTH="21" VPOS="1370" HPOS="1221"/>
							<String ID="string_296" HPOS="1242" VPOS="1371" WIDTH="52" HEIGHT="33" WC="0.96" CONTENT="En"/><SP WIDTH="21" VPOS="1371" HPOS="1294"/>
							<String ID="string_297" HPOS="1315" VPOS="1372" WIDTH="97" HEIGHT="37" WC="0.96" CONTENT="dylik"/><SP WIDTH="20" VPOS="1372" HPOS="1412"/>
							<String ID="string_298" HPOS="1432" VPOS="1372" WIDTH="222" HEIGHT="39" WC="0.96" CONTENT="lagstiftning"/><SP WIDTH="20" VPOS="1372" HPOS="1654"/>
							<String ID="string_299" HPOS="1674" VPOS="1374" WIDTH="109" HEIGHT="32" WC="0.96" CONTENT="skulle"/>
						</TextLine>
						<TextLine ID="line_29" HPOS="278" VPOS="1409" WIDTH="1503" HEIGHT="44">
							<String ID="string_300" HPOS="278" VPOS="1409" WIDTH="57" HEIGHT="32" WC="0.96" CONTENT="väl"/><SP WIDTH="20" VPOS="1409" HPOS="335"/>
							<String ID="string_301" HPOS="355" VPOS="1409" WIDTH="118" HEIGHT="32" WC="0.95" CONTENT="endast"/><SP WIDTH="20" VPOS="1409" HPOS="473"/>
							<String ID="string_302" HPOS="493" VPOS="1409" WIDTH="115" HEIGHT="32" WC="0.96" CONTENT="kunna"/><SP WIDTH="20" VPOS="1409" HPOS="608"/>
							<String ID="string_303" HPOS="628" VPOS="1410" WIDTH="79" HEIGHT="37" WC="0.95" CONTENT="giva"/><SP WIDTH="21" VPOS="1410" HPOS="707"/>
							<String ID="string_304" HPOS="728" VPOS="1410" WIDTH="93" HEIGHT="32" WC="0.95" CONTENT="vissa"/><SP WIDTH="20" VPOS="1410" HPOS="821"/>
							<String ID="string_305" HPOS="841" VPOS="1411" WIDTH="108" HEIGHT="37" WC="0.96" CONTENT="regler"/><SP WIDTH="21" VPOS="1411" HPOS="949"/>
							<String ID="string_306" HPOS="970" VPOS="1411" WIDTH="53" HEIGHT="32" WC="0.96" CONTENT="för"/><SP WIDTH="21" VPOS="1411" HPOS="1023"/>
							<String ID="string_307" HPOS="1044" VPOS="1412" WIDTH="62" HEIGHT="31" WC="0.96" CONTENT="hur"/><SP WIDTH="22" VPOS="1412" HPOS="1106"/>
							<String ID="string_308" HPOS="1128" VPOS="1424" WIDTH="40" HEIGHT="20" WC="0.96" CONTENT="en"/><SP WIDTH="23" VPOS="1424" HPOS="1168"/>
							<String ID="string_309" HPOS="1191" VPOS="1412" WIDTH="177" HEIGHT="39" WC="0.96" CONTENT="skiljedom"/><SP WIDTH="22" VPOS="1412" HPOS="1368"/>
							<String ID="string_310" HPOS="1390" VPOS="1414" WIDTH="108" HEIGHT="32" WC="0.96" CONTENT="skulle"/><SP WIDTH="23" VPOS="1414" HPOS="1498"/>
							<String ID="string_311" HPOS="1521" VPOS="1416" WIDTH="260" HEIGHT="37" WC="0.96" CONTENT="åstadkommas,"/>
						</TextLine>
						<TextLine ID="line_30" HPOS="279" VPOS="1452" WIDTH="1503" HEIGHT="43">
							<String ID="string_312" HPOS="279" VPOS="1455" WIDTH="61" HEIGHT="27" WC="0.95" CONTENT="när"/><SP WIDTH="17" VPOS="1455" HPOS="340"/>
							<String ID="string_313" HPOS="357" VPOS="1455" WIDTH="158" HEIGHT="34" WC="0.96" CONTENT="parterna"/><SP WIDTH="17" VPOS="1455" HPOS="515"/>
							<String ID="string_314" HPOS="532" VPOS="1455" WIDTH="77" HEIGHT="28" WC="0.96" CONTENT="enat"/><SP WIDTH="17" VPOS="1455" HPOS="609"/>
							<String ID="string_315" HPOS="626" VPOS="1452" WIDTH="53" HEIGHT="37" WC="0.96" CONTENT="sig"/><SP WIDTH="18" VPOS="1452" HPOS="679"/>
							<String ID="string_316" HPOS="697" VPOS="1464" WIDTH="52" HEIGHT="19" WC="0.95" CONTENT="om"/><SP WIDTH="19" VPOS="1464" HPOS="749"/>
							<String ID="string_317" HPOS="768" VPOS="1456" WIDTH="52" HEIGHT="28" WC="0.95" CONTENT="att"/><SP WIDTH="15" VPOS="1456" HPOS="820"/>
							<String ID="string_318" HPOS="835" VPOS="1453" WIDTH="70" HEIGHT="32" WC="0.96" CONTENT="låta"/><SP WIDTH="18" VPOS="1453" HPOS="905"/>
							<String ID="string_319" HPOS="923" VPOS="1453" WIDTH="123" HEIGHT="32" WC="0.96" CONTENT="tvisten"/><SP WIDTH="19" VPOS="1453" HPOS="1046"/>
							<String ID="string_320" HPOS="1065" VPOS="1459" WIDTH="142" HEIGHT="33" WC="0.96" CONTENT="avgöras"/><SP WIDTH="19" VPOS="1459" HPOS="1207"/>
							<String ID="string_321" HPOS="1226" VPOS="1456" WIDTH="44" HEIGHT="37" WC="0.96" CONTENT="på"/><SP WIDTH="22" VPOS="1456" HPOS="1270"/>
							<String ID="string_322" HPOS="1292" VPOS="1455" WIDTH="98" HEIGHT="38" WC="0.96" CONTENT="dylik"/><SP WIDTH="17" VPOS="1455" HPOS="1390"/>
							<String ID="string_323" HPOS="1407" VPOS="1461" WIDTH="77" HEIGHT="34" WC="0.96" CONTENT="väg,"/><SP WIDTH="20" VPOS="1461" HPOS="1484"/>
							<String ID="string_324" HPOS="1504" VPOS="1458" WIDTH="158" HEIGHT="37" WC="0.96" CONTENT="möjligen"/><SP WIDTH="19" VPOS="1458" HPOS="1662"/>
							<String ID="string_325" HPOS="1681" VPOS="1458" WIDTH="101" HEIGHT="33" WC="0.96" CONTENT="också"/>
						</TextLine>
						<TextLine ID="line_31" HPOS="278" VPOS="1493" WIDTH="1503" HEIGHT="44">
							<String ID="string_326" HPOS="278" VPOS="1493" WIDTH="102" HEIGHT="32" WC="0.93" CONTENT="ställa"/><SP WIDTH="21" VPOS="1493" HPOS="380"/>
							<String ID="string_327" HPOS="401" VPOS="1493" WIDTH="205" HEIGHT="38" WC="0.91" CONTENT="skiljeorgan"/><SP WIDTH="22" VPOS="1493" HPOS="606"/>
							<String ID="string_328" HPOS="628" VPOS="1494" WIDTH="52" HEIGHT="32" WC="0.96" CONTENT="till"/><SP WIDTH="23" VPOS="1494" HPOS="680"/>
							<String ID="string_329" HPOS="703" VPOS="1494" WIDTH="211" HEIGHT="38" WC="0.95" CONTENT="förfogande."/><SP WIDTH="46" VPOS="1494" HPOS="914"/>
							<String ID="string_330" HPOS="960" VPOS="1496" WIDTH="75" HEIGHT="32" WC="0.96" CONTENT="Men"/><SP WIDTH="23" VPOS="1496" HPOS="1035"/>
							<String ID="string_331" HPOS="1058" VPOS="1496" WIDTH="55" HEIGHT="32" WC="0.96" CONTENT="det"/><SP WIDTH="20" VPOS="1496" HPOS="1113"/>
							<String ID="string_332" HPOS="1133" VPOS="1501" WIDTH="37" HEIGHT="27" WC="0.96" CONTENT="är"/><SP WIDTH="21" VPOS="1501" HPOS="1170"/>
							<String ID="string_333" HPOS="1191" VPOS="1497" WIDTH="74" HEIGHT="32" WC="0.95" CONTENT="icke"/><SP WIDTH="22" VPOS="1497" HPOS="1265"/>
							<String ID="string_334" HPOS="1287" VPOS="1498" WIDTH="43" HEIGHT="37" WC="0.96" CONTENT="på"/><SP WIDTH="23" VPOS="1498" HPOS="1330"/>
							<String ID="string_335" HPOS="1353" VPOS="1499" WIDTH="109" HEIGHT="37" WC="0.96" CONTENT="grund"/><SP WIDTH="23" VPOS="1499" HPOS="1462"/>
							<String ID="string_336" HPOS="1485" VPOS="1511" WIDTH="42" HEIGHT="20" WC="0.96" CONTENT="av"/><SP WIDTH="21" VPOS="1511" HPOS="1527"/>
							<String ID="string_337" HPOS="1548" VPOS="1500" WIDTH="109" HEIGHT="37" WC="0.93" CONTENT="någon"/><SP WIDTH="23" VPOS="1500" HPOS="1657"/>
							<String ID="string_338" HPOS="1680" VPOS="1501" WIDTH="101" HEIGHT="32" WC="0.91" CONTENT="förlä-"/>
						</TextLine>
						<TextLine ID="line_32" HPOS="279" VPOS="1535" WIDTH="1503" HEIGHT="45">
							<String ID="string_339" HPOS="279" VPOS="1535" WIDTH="121" HEIGHT="38" WC="0.92" CONTENT="genhet"/><SP WIDTH="23" VPOS="1535" HPOS="400"/>
							<String ID="string_340" HPOS="423" VPOS="1536" WIDTH="10" HEIGHT="30" WC="0.67" CONTENT="i"/><SP WIDTH="27" VPOS="1536" HPOS="433"/>
							<String ID="string_341" HPOS="460" VPOS="1536" WIDTH="113" HEIGHT="38" WC="0.96" CONTENT="dylikt"/><SP WIDTH="24" VPOS="1536" HPOS="573"/>
							<String ID="string_342" HPOS="597" VPOS="1536" WIDTH="195" HEIGHT="39" WC="0.96" CONTENT="hänseende,"/><SP WIDTH="26" VPOS="1536" HPOS="792"/>
							<String ID="string_343" HPOS="818" VPOS="1549" WIDTH="69" HEIGHT="20" WC="0.96" CONTENT="som"/><SP WIDTH="24" VPOS="1549" HPOS="887"/>
							<String ID="string_344" HPOS="911" VPOS="1542" WIDTH="159" HEIGHT="33" WC="0.96" CONTENT="parterna"/><SP WIDTH="23" VPOS="1542" HPOS="1070"/>
							<String ID="string_345" HPOS="1093" VPOS="1539" WIDTH="11" HEIGHT="30" WC="0.96" CONTENT="i"/><SP WIDTH="26" VPOS="1539" HPOS="1104"/>
							<String ID="string_346" HPOS="1130" VPOS="1539" WIDTH="272" HEIGHT="33" WC="0.96" CONTENT="förekommande"/><SP WIDTH="27" VPOS="1539" HPOS="1402"/>
							<String ID="string_347" HPOS="1429" VPOS="1541" WIDTH="64" HEIGHT="32" WC="0.96" CONTENT="fall"/><SP WIDTH="26" VPOS="1541" HPOS="1493"/>
							<String ID="string_348" HPOS="1519" VPOS="1542" WIDTH="106" HEIGHT="38" WC="0.96" CONTENT="draga"/><SP WIDTH="24" VPOS="1542" HPOS="1625"/>
							<String ID="string_349" HPOS="1649" VPOS="1543" WIDTH="54" HEIGHT="37" WC="0.96" CONTENT="sig"/><SP WIDTH="25" VPOS="1543" HPOS="1703"/>
							<String ID="string_350" HPOS="1728" VPOS="1543" WIDTH="54" HEIGHT="32" WC="0.96" CONTENT="för"/>
						</TextLine>
						<TextLine ID="line_33" HPOS="279" VPOS="1577" WIDTH="1502" HEIGHT="45">
							<String ID="string_351" HPOS="279" VPOS="1581" WIDTH="52" HEIGHT="28" WC="0.95" CONTENT="att"/><SP WIDTH="19" VPOS="1581" HPOS="331"/>
							<String ID="string_352" HPOS="350" VPOS="1577" WIDTH="69" HEIGHT="32" WC="0.96" CONTENT="låta"/><SP WIDTH="21" VPOS="1577" HPOS="419"/>
							<String ID="string_353" HPOS="440" VPOS="1589" WIDTH="40" HEIGHT="20" WC="0.96" CONTENT="en"/><SP WIDTH="21" VPOS="1589" HPOS="480"/>
							<String ID="string_354" HPOS="501" VPOS="1578" WIDTH="84" HEIGHT="32" WC="0.96" CONTENT="tvist"/><SP WIDTH="20" VPOS="1578" HPOS="585"/>
							<String ID="string_355" HPOS="605" VPOS="1583" WIDTH="142" HEIGHT="33" WC="0.96" CONTENT="avgöras"/><SP WIDTH="23" VPOS="1583" HPOS="747"/>
							<String ID="string_356" HPOS="770" VPOS="1590" WIDTH="116" HEIGHT="27" WC="0.96" CONTENT="genom"/><SP WIDTH="23" VPOS="1590" HPOS="886"/>
							<String ID="string_357" HPOS="909" VPOS="1579" WIDTH="186" HEIGHT="40" WC="0.96" CONTENT="skiljedom,"/><SP WIDTH="22" VPOS="1579" HPOS="1095"/>
							<String ID="string_358" HPOS="1117" VPOS="1584" WIDTH="82" HEIGHT="28" WC="0.96" CONTENT="utan"/><SP WIDTH="24" VPOS="1584" HPOS="1199"/>
							<String ID="string_359" HPOS="1223" VPOS="1582" WIDTH="92" HEIGHT="32" WC="0.96" CONTENT="detta"/><SP WIDTH="22" VPOS="1582" HPOS="1315"/>
							<String ID="string_360" HPOS="1337" VPOS="1587" WIDTH="37" HEIGHT="27" WC="0.96" CONTENT="är"/><SP WIDTH="23" VPOS="1587" HPOS="1374"/>
							<String ID="string_361" HPOS="1397" VPOS="1583" WIDTH="160" HEIGHT="33" WC="0.96" CONTENT="beroende"/><SP WIDTH="22" VPOS="1583" HPOS="1557"/>
							<String ID="string_362" HPOS="1579" VPOS="1585" WIDTH="44" HEIGHT="37" WC="0.96" CONTENT="på"/><SP WIDTH="22" VPOS="1585" HPOS="1623"/>
							<String ID="string_363" HPOS="1645" VPOS="1588" WIDTH="52" HEIGHT="29" WC="0.93" CONTENT="att"/><SP WIDTH="21" VPOS="1588" HPOS="1697"/>
							<String ID="string_364" HPOS="1718" VPOS="1585" WIDTH="63" HEIGHT="32" WC="0.93" CONTENT="tvi-"/>
						</TextLine>
						<TextLine ID="line_34" HPOS="279" VPOS="1619" WIDTH="1503" HEIGHT="45">
							<String ID="string_365" HPOS="279" VPOS="1623" WIDTH="89" HEIGHT="28" WC="0.91" CONTENT="stens"/><SP WIDTH="29" VPOS="1623" HPOS="368"/>
							<String ID="string_366" HPOS="397" VPOS="1619" WIDTH="239" HEIGHT="33" WC="0.96" CONTENT="beskaffenhet"/><SP WIDTH="28" VPOS="1619" HPOS="636"/>
							<String ID="string_367" HPOS="664" VPOS="1621" WIDTH="59" HEIGHT="31" WC="0.96" CONTENT="och"/><SP WIDTH="29" VPOS="1621" HPOS="723"/>
							<String ID="string_368" HPOS="752" VPOS="1621" WIDTH="120" HEIGHT="32" WC="0.96" CONTENT="sakens"/><SP WIDTH="29" VPOS="1621" HPOS="872"/>
							<String ID="string_369" HPOS="901" VPOS="1625" WIDTH="99" HEIGHT="28" WC="0.96" CONTENT="natur"/><SP WIDTH="28" VPOS="1625" HPOS="1000"/>
							<String ID="string_370" HPOS="1028" VPOS="1622" WIDTH="12" HEIGHT="31" WC="0.96" CONTENT="i"/><SP WIDTH="28" VPOS="1622" HPOS="1040"/>
							<String ID="string_371" HPOS="1068" VPOS="1623" WIDTH="112" HEIGHT="38" WC="0.96" CONTENT="övrigt"/><SP WIDTH="27" VPOS="1623" HPOS="1180"/>
							<String ID="string_372" HPOS="1207" VPOS="1628" WIDTH="61" HEIGHT="33" WC="0.96" CONTENT="gör"/><SP WIDTH="29" VPOS="1628" HPOS="1268"/>
							<String ID="string_373" HPOS="1297" VPOS="1624" WIDTH="55" HEIGHT="32" WC="0.96" CONTENT="det"/><SP WIDTH="30" VPOS="1624" HPOS="1352"/>
							<String ID="string_374" HPOS="1382" VPOS="1625" WIDTH="119" HEIGHT="32" WC="0.96" CONTENT="alltför"/><SP WIDTH="27" VPOS="1625" HPOS="1501"/>
							<String ID="string_375" HPOS="1528" VPOS="1626" WIDTH="175" HEIGHT="38" WC="0.95" CONTENT="vanskligt"/><SP WIDTH="27" VPOS="1626" HPOS="1703"/>
							<String ID="string_376" HPOS="1730" VPOS="1631" WIDTH="52" HEIGHT="28" WC="0.96" CONTENT="att"/>
						</TextLine>
						<TextLine ID="line_35" HPOS="278" VPOS="1662" WIDTH="1503" HEIGHT="41">
							<String ID="string_377" HPOS="278" VPOS="1662" WIDTH="192" HEIGHT="31" WC="0.96" CONTENT="överhuvud"/><SP WIDTH="24" VPOS="1662" HPOS="470"/>
							<String ID="string_378" HPOS="494" VPOS="1665" WIDTH="94" HEIGHT="35" WC="0.96" CONTENT="taget"/><SP WIDTH="25" VPOS="1665" HPOS="588"/>
							<String ID="string_379" HPOS="613" VPOS="1662" WIDTH="103" HEIGHT="38" WC="0.96" CONTENT="lägga"/><SP WIDTH="24" VPOS="1662" HPOS="716"/>
							<String ID="string_380" HPOS="740" VPOS="1664" WIDTH="206" HEIGHT="37" WC="0.96" CONTENT="avgörandet"/><SP WIDTH="23" VPOS="1664" HPOS="946"/>
							<String ID="string_381" HPOS="969" VPOS="1664" WIDTH="12" HEIGHT="31" WC="0.96" CONTENT="i"/><SP WIDTH="24" VPOS="1664" HPOS="981"/>
							<String ID="string_382" HPOS="1005" VPOS="1664" WIDTH="168" HEIGHT="34" WC="0.96" CONTENT="händerna"/><SP WIDTH="26" VPOS="1664" HPOS="1173"/>
							<String ID="string_383" HPOS="1199" VPOS="1666" WIDTH="44" HEIGHT="37" WC="0.96" CONTENT="på"/><SP WIDTH="26" VPOS="1666" HPOS="1243"/>
							<String ID="string_384" HPOS="1269" VPOS="1668" WIDTH="239" HEIGHT="32" WC="0.96" CONTENT="utomstående."/><SP WIDTH="48" VPOS="1668" HPOS="1508"/>
							<String ID="string_385" HPOS="1556" VPOS="1669" WIDTH="71" HEIGHT="31" WC="0.95" CONTENT="Där"/><SP WIDTH="28" VPOS="1669" HPOS="1627"/>
							<String ID="string_386" HPOS="1655" VPOS="1670" WIDTH="126" HEIGHT="32" WC="0.96" CONTENT="sådana"/>
						</TextLine>
						<TextLine ID="line_36" HPOS="277" VPOS="1703" WIDTH="1503" HEIGHT="46">
							<String ID="string_387" HPOS="277" VPOS="1703" WIDTH="269" HEIGHT="39" WC="0.96" CONTENT="betänkligheter"/><SP WIDTH="26" VPOS="1703" HPOS="546"/>
							<String ID="string_388" HPOS="572" VPOS="1704" WIDTH="122" HEIGHT="34" WC="0.96" CONTENT="saknas"/><SP WIDTH="28" VPOS="1704" HPOS="694"/>
							<String ID="string_389" HPOS="722" VPOS="1705" WIDTH="81" HEIGHT="32" WC="0.96" CONTENT="eller"/><SP WIDTH="26" VPOS="1705" HPOS="803"/>
							<String ID="string_390" HPOS="829" VPOS="1705" WIDTH="114" HEIGHT="33" WC="0.96" CONTENT="kunna"/><SP WIDTH="26" VPOS="1705" HPOS="943"/>
							<String ID="string_391" HPOS="969" VPOS="1706" WIDTH="206" HEIGHT="40" WC="0.96" CONTENT="övervinnas,"/><SP WIDTH="29" VPOS="1706" HPOS="1175"/>
							<String ID="string_392" HPOS="1204" VPOS="1708" WIDTH="98" HEIGHT="33" WC="0.96" CONTENT="finna"/><SP WIDTH="25" VPOS="1708" HPOS="1302"/>
							<String ID="string_393" HPOS="1327" VPOS="1713" WIDTH="158" HEIGHT="34" WC="0.96" CONTENT="parterna"/><SP WIDTH="28" VPOS="1713" HPOS="1485"/>
							<String ID="string_394" HPOS="1513" VPOS="1711" WIDTH="191" HEIGHT="38" WC="0.93" CONTENT="säkerligen"/><SP WIDTH="26" VPOS="1711" HPOS="1704"/>
							<String ID="string_395" HPOS="1730" VPOS="1716" WIDTH="50" HEIGHT="28" WC="0.91" CONTENT="ut-"/>
						</TextLine>
						<TextLine ID="line_37" HPOS="276" VPOS="1747" WIDTH="1506" HEIGHT="44">
							<String ID="string_396" HPOS="276" VPOS="1750" WIDTH="107" HEIGHT="34" WC="0.96" CONTENT="vägar"/><SP WIDTH="25" VPOS="1750" HPOS="383"/>
							<String ID="string_397" HPOS="408" VPOS="1750" WIDTH="51" HEIGHT="28" WC="0.96" CONTENT="att"/><SP WIDTH="25" VPOS="1750" HPOS="459"/>
							<String ID="string_398" HPOS="484" VPOS="1747" WIDTH="234" HEIGHT="32" WC="0.96" CONTENT="åstadkomma"/><SP WIDTH="26" VPOS="1747" HPOS="718"/>
							<String ID="string_399" HPOS="744" VPOS="1751" WIDTH="49" HEIGHT="29" WC="0.93" CONTENT="ett"/><SP WIDTH="28" VPOS="1751" HPOS="793"/>
							<String ID="string_400" HPOS="821" VPOS="1747" WIDTH="215" HEIGHT="39" WC="0.91" CONTENT="skiljeorgan."/><SP WIDTH="50" VPOS="1747" HPOS="1036"/>
							<String ID="string_401" HPOS="1086" VPOS="1750" WIDTH="50" HEIGHT="31" WC="0.95" CONTENT="En"/><SP WIDTH="29" VPOS="1750" HPOS="1136"/>
							<String ID="string_402" HPOS="1165" VPOS="1750" WIDTH="231" HEIGHT="40" WC="0.95" CONTENT="lagstiftning,"/><SP WIDTH="28" VPOS="1750" HPOS="1396"/>
							<String ID="string_403" HPOS="1424" VPOS="1763" WIDTH="69" HEIGHT="21" WC="0.96" CONTENT="som"/><SP WIDTH="27" VPOS="1763" HPOS="1493"/>
							<String ID="string_404" HPOS="1520" VPOS="1752" WIDTH="87" HEIGHT="33" WC="0.96" CONTENT="blott"/><SP WIDTH="27" VPOS="1752" HPOS="1607"/>
							<String ID="string_405" HPOS="1634" VPOS="1755" WIDTH="148" HEIGHT="36" WC="0.96" CONTENT="reglerar"/>
						</TextLine>
						<TextLine ID="line_38" HPOS="277" VPOS="1788" WIDTH="1505" HEIGHT="42">
							<String ID="string_406" HPOS="277" VPOS="1788" WIDTH="235" HEIGHT="38" WC="0.91" CONTENT="skiljedomens"/><SP WIDTH="19" VPOS="1788" HPOS="512"/>
							<String ID="string_407" HPOS="531" VPOS="1789" WIDTH="299" HEIGHT="32" WC="0.90" CONTENT="åstadkommande"/><SP WIDTH="18" VPOS="1789" HPOS="830"/>
							<String ID="string_408" HPOS="848" VPOS="1802" WIDTH="72" HEIGHT="20" WC="0.96" CONTENT="men"/><SP WIDTH="17" VPOS="1802" HPOS="920"/>
							<String ID="string_409" HPOS="937" VPOS="1790" WIDTH="183" HEIGHT="33" WC="0.96" CONTENT="bibehåller"/><SP WIDTH="20" VPOS="1790" HPOS="1120"/>
							<String ID="string_410" HPOS="1140" VPOS="1796" WIDTH="159" HEIGHT="34" WC="0.96" CONTENT="parterna"/><SP WIDTH="16" VPOS="1796" HPOS="1299"/>
							<String ID="string_411" HPOS="1315" VPOS="1794" WIDTH="58" HEIGHT="31" WC="0.96" CONTENT="vid"/><SP WIDTH="20" VPOS="1794" HPOS="1373"/>
							<String ID="string_412" HPOS="1393" VPOS="1794" WIDTH="96" HEIGHT="32" WC="0.96" CONTENT="deras"/><SP WIDTH="19" VPOS="1794" HPOS="1489"/>
							<String ID="string_413" HPOS="1508" VPOS="1795" WIDTH="274" HEIGHT="33" WC="0.96" CONTENT="hittillsvarande"/>
						</TextLine>
						<TextLine ID="line_39" HPOS="278" VPOS="1830" WIDTH="1503" HEIGHT="43">
							<String ID="string_414" HPOS="278" VPOS="1830" WIDTH="105" HEIGHT="32" WC="0.95" CONTENT="frihet"/><SP WIDTH="17" VPOS="1830" HPOS="383"/>
							<String ID="string_415" HPOS="400" VPOS="1830" WIDTH="11" HEIGHT="31" WC="0.95" CONTENT="i"/><SP WIDTH="21" VPOS="1830" HPOS="411"/>
							<String ID="string_416" HPOS="432" VPOS="1831" WIDTH="100" HEIGHT="38" WC="0.96" CONTENT="fråga"/><SP WIDTH="20" VPOS="1831" HPOS="532"/>
							<String ID="string_417" HPOS="552" VPOS="1843" WIDTH="50" HEIGHT="19" WC="0.93" CONTENT="om"/><SP WIDTH="20" VPOS="1843" HPOS="602"/>
							<String ID="string_418" HPOS="622" VPOS="1831" WIDTH="141" HEIGHT="33" WC="0.91" CONTENT="tvistens"/><SP WIDTH="20" VPOS="1831" HPOS="763"/>
							<String ID="string_419" HPOS="783" VPOS="1832" WIDTH="247" HEIGHT="38" WC="0.91" CONTENT="hänskjutande"/><SP WIDTH="21" VPOS="1832" HPOS="1030"/>
							<String ID="string_420" HPOS="1051" VPOS="1834" WIDTH="51" HEIGHT="31" WC="0.96" CONTENT="till"/><SP WIDTH="21" VPOS="1834" HPOS="1102"/>
							<String ID="string_421" HPOS="1123" VPOS="1834" WIDTH="187" HEIGHT="39" WC="0.96" CONTENT="skiljedom,"/><SP WIDTH="21" VPOS="1834" HPOS="1310"/>
							<String ID="string_422" HPOS="1331" VPOS="1836" WIDTH="87" HEIGHT="32" WC="0.96" CONTENT="lärer"/><SP WIDTH="21" VPOS="1836" HPOS="1418"/>
							<String ID="string_423" HPOS="1439" VPOS="1837" WIDTH="116" HEIGHT="32" WC="0.96" CONTENT="därför"/><SP WIDTH="19" VPOS="1837" HPOS="1555"/>
							<String ID="string_424" HPOS="1574" VPOS="1838" WIDTH="73" HEIGHT="31" WC="0.94" CONTENT="icke"/><SP WIDTH="20" VPOS="1838" HPOS="1647"/>
							<String ID="string_425" HPOS="1667" VPOS="1837" WIDTH="114" HEIGHT="34" WC="0.96" CONTENT="kunna"/>
						</TextLine>
						<TextLine ID="line_40" HPOS="277" VPOS="1872" WIDTH="1503" HEIGHT="43">
							<String ID="string_426" HPOS="277" VPOS="1872" WIDTH="233" HEIGHT="33" WC="0.96" CONTENT="åstadkomma"/><SP WIDTH="24" VPOS="1872" HPOS="510"/>
							<String ID="string_427" HPOS="534" VPOS="1873" WIDTH="61" HEIGHT="33" WC="0.96" CONTENT="den"/><SP WIDTH="22" VPOS="1873" HPOS="595"/>
							<String ID="string_428" HPOS="617" VPOS="1885" WIDTH="43" HEIGHT="20" WC="0.96" CONTENT="av"/><SP WIDTH="22" VPOS="1885" HPOS="660"/>
							<String ID="string_429" HPOS="682" VPOS="1874" WIDTH="245" HEIGHT="33" WC="0.96" CONTENT="motionärerna"/><SP WIDTH="23" VPOS="1874" HPOS="927"/>
							<String ID="string_430" HPOS="950" VPOS="1875" WIDTH="147" HEIGHT="32" WC="0.96" CONTENT="avsedda"/><SP WIDTH="20" VPOS="1875" HPOS="1097"/>
							<String ID="string_431" HPOS="1117" VPOS="1876" WIDTH="248" HEIGHT="39" WC="0.96" CONTENT="utvecklingen."/><SP WIDTH="47" VPOS="1876" HPOS="1365"/>
							<String ID="string_432" HPOS="1412" VPOS="1879" WIDTH="72" HEIGHT="31" WC="0.96" CONTENT="Den"/><SP WIDTH="24" VPOS="1879" HPOS="1484"/>
							<String ID="string_433" HPOS="1508" VPOS="1879" WIDTH="67" HEIGHT="32" WC="0.96" CONTENT="kan"/><SP WIDTH="25" VPOS="1879" HPOS="1575"/>
							<String ID="string_434" HPOS="1600" VPOS="1883" WIDTH="144" HEIGHT="30" WC="0.96" CONTENT="tvärtom"/><SP WIDTH="25" VPOS="1883" HPOS="1744"/>
							<String ID="string_435" HPOS="1769" VPOS="1881" WIDTH="11" HEIGHT="32" WC="0.96" CONTENT="i"/>
						</TextLine>
						<TextLine ID="line_41" HPOS="276" VPOS="1914" WIDTH="1505" HEIGHT="44">
							<String ID="string_436" HPOS="276" VPOS="1914" WIDTH="94" HEIGHT="32" WC="0.96" CONTENT="vissa"/><SP WIDTH="20" VPOS="1914" HPOS="370"/>
							<String ID="string_437" HPOS="390" VPOS="1915" WIDTH="73" HEIGHT="38" WC="0.96" CONTENT="fall,"/><SP WIDTH="23" VPOS="1915" HPOS="463"/>
							<String ID="string_438" HPOS="486" VPOS="1915" WIDTH="113" HEIGHT="33" WC="0.96" CONTENT="därest"/><SP WIDTH="21" VPOS="1915" HPOS="599"/>
							<String ID="string_439" HPOS="620" VPOS="1915" WIDTH="65" HEIGHT="32" WC="0.96" CONTENT="full"/><SP WIDTH="23" VPOS="1915" HPOS="685"/>
							<String ID="string_440" HPOS="708" VPOS="1916" WIDTH="106" HEIGHT="32" WC="0.96" CONTENT="frihet"/><SP WIDTH="20" VPOS="1916" HPOS="814"/>
							<String ID="string_441" HPOS="834" VPOS="1916" WIDTH="73" HEIGHT="32" WC="0.96" CONTENT="icke"/><SP WIDTH="23" VPOS="1916" HPOS="907"/>
							<String ID="string_442" HPOS="930" VPOS="1916" WIDTH="108" HEIGHT="34" WC="0.96" CONTENT="skulle"/><SP WIDTH="22" VPOS="1916" HPOS="1038"/>
							<String ID="string_443" HPOS="1060" VPOS="1918" WIDTH="127" HEIGHT="33" WC="0.96" CONTENT="lämnas"/><SP WIDTH="24" VPOS="1918" HPOS="1187"/>
							<String ID="string_444" HPOS="1211" VPOS="1924" WIDTH="159" HEIGHT="33" WC="0.96" CONTENT="parterna"/><SP WIDTH="22" VPOS="1924" HPOS="1370"/>
							<String ID="string_445" HPOS="1392" VPOS="1924" WIDTH="51" HEIGHT="28" WC="0.96" CONTENT="att"/><SP WIDTH="22" VPOS="1924" HPOS="1443"/>
							<String ID="string_446" HPOS="1465" VPOS="1921" WIDTH="108" HEIGHT="37" WC="0.96" CONTENT="själva"/><SP WIDTH="22" VPOS="1921" HPOS="1573"/>
							<String ID="string_447" HPOS="1595" VPOS="1922" WIDTH="186" HEIGHT="33" WC="0.96" CONTENT="bestämma"/>
						</TextLine>
						<TextLine ID="line_42" HPOS="277" VPOS="1956" WIDTH="1506" HEIGHT="45">
							<String ID="string_448" HPOS="277" VPOS="1969" WIDTH="51" HEIGHT="19" WC="0.93" CONTENT="om"/><SP WIDTH="26" VPOS="1969" HPOS="328"/>
							<String ID="string_449" HPOS="354" VPOS="1956" WIDTH="239" HEIGHT="39" WC="0.92" CONTENT="skiljeorganet"/><SP WIDTH="24" VPOS="1956" HPOS="593"/>
							<String ID="string_450" HPOS="617" VPOS="1958" WIDTH="58" HEIGHT="31" WC="0.96" CONTENT="och"/><SP WIDTH="27" VPOS="1958" HPOS="675"/>
							<String ID="string_451" HPOS="702" VPOS="1958" WIDTH="169" HEIGHT="32" WC="0.96" CONTENT="formerna"/><SP WIDTH="25" VPOS="1958" HPOS="871"/>
							<String ID="string_452" HPOS="896" VPOS="1959" WIDTH="54" HEIGHT="31" WC="0.92" CONTENT="för"/><SP WIDTH="24" VPOS="1959" HPOS="950"/>
							<String ID="string_453" HPOS="974" VPOS="1959" WIDTH="192" HEIGHT="38" WC="0.91" CONTENT="skiljedoms"/><SP WIDTH="27" VPOS="1959" HPOS="1166"/>
							<String ID="string_454" HPOS="1193" VPOS="1961" WIDTH="306" HEIGHT="40" WC="0.91" CONTENT="åstadkommande,"/><SP WIDTH="27" VPOS="1961" HPOS="1499"/>
							<String ID="string_455" HPOS="1526" VPOS="1967" WIDTH="73" HEIGHT="29" WC="0.96" CONTENT="rent"/><SP WIDTH="25" VPOS="1967" HPOS="1599"/>
							<String ID="string_456" HPOS="1624" VPOS="1976" WIDTH="41" HEIGHT="20" WC="0.96" CONTENT="av"/><SP WIDTH="25" VPOS="1976" HPOS="1665"/>
							<String ID="string_457" HPOS="1690" VPOS="1964" WIDTH="93" HEIGHT="33" WC="0.96" CONTENT="bliva"/>
						</TextLine>
						<TextLine ID="line_43" HPOS="277" VPOS="1999" WIDTH="1504" HEIGHT="44">
							<String ID="string_458" HPOS="277" VPOS="2002" WIDTH="48" HEIGHT="28" WC="0.96" CONTENT="ett"/><SP WIDTH="26" VPOS="2002" HPOS="325"/>
							<String ID="string_459" HPOS="351" VPOS="1999" WIDTH="118" HEIGHT="31" WC="0.96" CONTENT="hinder"/><SP WIDTH="28" VPOS="1999" HPOS="469"/>
							<String ID="string_460" HPOS="497" VPOS="1999" WIDTH="54" HEIGHT="31" WC="0.93" CONTENT="för"/><SP WIDTH="27" VPOS="1999" HPOS="551"/>
							<String ID="string_461" HPOS="578" VPOS="1999" WIDTH="320" HEIGHT="39" WC="0.92" CONTENT="skiljedomsvägens"/><SP WIDTH="29" VPOS="1999" HPOS="898"/>
							<String ID="string_462" HPOS="927" VPOS="2001" WIDTH="180" HEIGHT="32" WC="0.91" CONTENT="anlitande."/><SP WIDTH="50" VPOS="2001" HPOS="1107"/>
							<String ID="string_463" HPOS="1157" VPOS="2003" WIDTH="76" HEIGHT="32" WC="0.95" CONTENT="Med"/><SP WIDTH="28" VPOS="2003" HPOS="1233"/>
							<String ID="string_464" HPOS="1261" VPOS="2003" WIDTH="222" HEIGHT="40" WC="0.95" CONTENT="lagstiftning"/><SP WIDTH="26" VPOS="2003" HPOS="1483"/>
							<String ID="string_465" HPOS="1509" VPOS="2005" WIDTH="66" HEIGHT="32" WC="0.96" CONTENT="kan"/><SP WIDTH="28" VPOS="2005" HPOS="1575"/>
							<String ID="string_466" HPOS="1603" VPOS="2018" WIDTH="76" HEIGHT="20" WC="0.96" CONTENT="man"/><SP WIDTH="28" VPOS="2018" HPOS="1679"/>
							<String ID="string_467" HPOS="1707" VPOS="2007" WIDTH="74" HEIGHT="33" WC="0.96" CONTENT="icke"/>
						</TextLine>
						<TextLine ID="line_44" HPOS="276" VPOS="2040" WIDTH="1505" HEIGHT="46">
							<String ID="string_468" HPOS="276" VPOS="2040" WIDTH="179" HEIGHT="38" WC="0.95" CONTENT="påskynda"/><SP WIDTH="26" VPOS="2040" HPOS="455"/>
							<String ID="string_469" HPOS="481" VPOS="2041" WIDTH="237" HEIGHT="38" WC="0.95" CONTENT="utvecklingen"/><SP WIDTH="28" VPOS="2041" HPOS="718"/>
							<String ID="string_470" HPOS="746" VPOS="2046" WIDTH="69" HEIGHT="28" WC="0.96" CONTENT="mot"/><SP WIDTH="25" VPOS="2046" HPOS="815"/>
							<String ID="string_471" HPOS="840" VPOS="2042" WIDTH="144" HEIGHT="39" WC="0.96" CONTENT="frivillig"/><SP WIDTH="28" VPOS="2042" HPOS="984"/>
							<String ID="string_472" HPOS="1012" VPOS="2043" WIDTH="178" HEIGHT="39" WC="0.96" CONTENT="skiljedom"/><SP WIDTH="26" VPOS="2043" HPOS="1190"/>
							<String ID="string_473" HPOS="1216" VPOS="2057" WIDTH="73" HEIGHT="20" WC="0.96" CONTENT="men"/><SP WIDTH="29" VPOS="2057" HPOS="1289"/>
							<String ID="string_474" HPOS="1318" VPOS="2046" WIDTH="56" HEIGHT="32" WC="0.96" CONTENT="väl"/><SP WIDTH="26" VPOS="2046" HPOS="1374"/>
							<String ID="string_475" HPOS="1400" VPOS="2051" WIDTH="69" HEIGHT="28" WC="0.96" CONTENT="mot"/><SP WIDTH="26" VPOS="2051" HPOS="1469"/>
							<String ID="string_476" HPOS="1495" VPOS="2047" WIDTH="186" HEIGHT="39" WC="0.96" CONTENT="skiljedom,"/><SP WIDTH="28" VPOS="2047" HPOS="1681"/>
							<String ID="string_477" HPOS="1709" VPOS="2061" WIDTH="72" HEIGHT="20" WC="0.96" CONTENT="som"/>
						</TextLine>
						<TextLine ID="line_45" HPOS="275" VPOS="2083" WIDTH="1505" HEIGHT="43">
							<String ID="string_478" HPOS="275" VPOS="2083" WIDTH="74" HEIGHT="32" WC="0.96" CONTENT="icke"/><SP WIDTH="18" VPOS="2083" HPOS="349"/>
							<String ID="string_479" HPOS="367" VPOS="2083" WIDTH="115" HEIGHT="37" WC="0.96" CONTENT="längre"/><SP WIDTH="17" VPOS="2083" HPOS="482"/>
							<String ID="string_480" HPOS="499" VPOS="2086" WIDTH="39" HEIGHT="28" WC="0.96" CONTENT="är"/><SP WIDTH="17" VPOS="2086" HPOS="538"/>
							<String ID="string_481" HPOS="555" VPOS="2084" WIDTH="156" HEIGHT="38" WC="0.96" CONTENT="frivillig,"/><SP WIDTH="21" VPOS="2084" HPOS="711"/>
							<String ID="string_482" HPOS="732" VPOS="2084" WIDTH="60" HEIGHT="32" WC="0.96" CONTENT="och"/><SP WIDTH="20" VPOS="2084" HPOS="792"/>
							<String ID="string_483" HPOS="812" VPOS="2084" WIDTH="55" HEIGHT="32" WC="0.96" CONTENT="det"/><SP WIDTH="18" VPOS="2084" HPOS="867"/>
							<String ID="string_484" HPOS="885" VPOS="2097" WIDTH="100" HEIGHT="26" WC="0.96" CONTENT="synas"/><SP WIDTH="20" VPOS="2097" HPOS="985"/>
							<String ID="string_485" HPOS="1005" VPOS="2086" WIDTH="245" HEIGHT="33" WC="0.96" CONTENT="motionärerna"/><SP WIDTH="19" VPOS="2086" HPOS="1250"/>
							<String ID="string_486" HPOS="1269" VPOS="2088" WIDTH="109" HEIGHT="38" WC="0.96" CONTENT="själva"/><SP WIDTH="18" VPOS="2088" HPOS="1378"/>
							<String ID="string_487" HPOS="1396" VPOS="2089" WIDTH="73" HEIGHT="32" WC="0.96" CONTENT="icke"/><SP WIDTH="18" VPOS="2089" HPOS="1469"/>
							<String ID="string_488" HPOS="1487" VPOS="2090" WIDTH="114" HEIGHT="32" WC="0.93" CONTENT="önska."/><SP WIDTH="20" VPOS="2090" HPOS="1601"/>
							<String ID="string_489" HPOS="1621" VPOS="2111" WIDTH="44" HEIGHT="3" WC="0.92" CONTENT="—"/><SP WIDTH="18" VPOS="2111" HPOS="1665"/>
							<String ID="string_490" HPOS="1683" VPOS="2091" WIDTH="97" HEIGHT="32" WC="0.92" CONTENT="Bort-"/>
						</TextLine>
						<TextLine ID="line_46" HPOS="277" VPOS="2125" WIDTH="1501" HEIGHT="46">
							<String ID="string_491" HPOS="277" VPOS="2128" WIDTH="66" HEIGHT="29" WC="0.95" CONTENT="sett"/><SP WIDTH="18" VPOS="2128" HPOS="343"/>
							<String ID="string_492" HPOS="361" VPOS="2125" WIDTH="183" HEIGHT="32" WC="0.96" CONTENT="emellertid"/><SP WIDTH="21" VPOS="2125" HPOS="544"/>
							<String ID="string_493" HPOS="565" VPOS="2125" WIDTH="77" HEIGHT="32" WC="0.96" CONTENT="från"/><SP WIDTH="21" VPOS="2125" HPOS="642"/>
							<String ID="string_494" HPOS="663" VPOS="2126" WIDTH="98" HEIGHT="32" WC="0.96" CONTENT="dessa"/><SP WIDTH="20" VPOS="2126" HPOS="761"/>
							<String ID="string_495" HPOS="781" VPOS="2126" WIDTH="134" HEIGHT="39" WC="0.96" CONTENT="sakliga"/><SP WIDTH="18" VPOS="2126" HPOS="915"/>
							<String ID="string_496" HPOS="933" VPOS="2127" WIDTH="256" HEIGHT="40" WC="0.96" CONTENT="invändningar,"/><SP WIDTH="23" VPOS="2127" HPOS="1189"/>
							<String ID="string_497" HPOS="1212" VPOS="2130" WIDTH="37" HEIGHT="31" WC="0.96" CONTENT="så"/><SP WIDTH="22" VPOS="2130" HPOS="1249"/>
							<String ID="string_498" HPOS="1271" VPOS="2131" WIDTH="93" HEIGHT="31" WC="0.96" CONTENT="torde"/><SP WIDTH="21" VPOS="2131" HPOS="1364"/>
							<String ID="string_499" HPOS="1385" VPOS="2131" WIDTH="197" HEIGHT="33" WC="0.96" CONTENT="hithörande"/><SP WIDTH="22" VPOS="2131" HPOS="1582"/>
							<String ID="string_500" HPOS="1604" VPOS="2134" WIDTH="174" HEIGHT="37" WC="0.96" CONTENT="spörsmål,"/>
						</TextLine>
						<TextLine ID="line_47" HPOS="276" VPOS="2167" WIDTH="1502" HEIGHT="41">
							<String ID="string_501" HPOS="276" VPOS="2167" WIDTH="107" HEIGHT="38" WC="0.96" CONTENT="enligt"/><SP WIDTH="22" VPOS="2167" HPOS="383"/>
							<String ID="string_502" HPOS="405" VPOS="2167" WIDTH="101" HEIGHT="38" WC="0.96" CONTENT="givna"/><SP WIDTH="24" VPOS="2167" HPOS="506"/>
							<String ID="string_503" HPOS="530" VPOS="2168" WIDTH="154" HEIGHT="39" WC="0.96" CONTENT="direktiv,"/><SP WIDTH="26" VPOS="2168" HPOS="684"/>
							<String ID="string_504" HPOS="710" VPOS="2168" WIDTH="134" HEIGHT="32" WC="0.96" CONTENT="komma"/><SP WIDTH="20" VPOS="2168" HPOS="844"/>
							<String ID="string_505" HPOS="864" VPOS="2169" WIDTH="105" HEIGHT="32" WC="0.96" CONTENT="under"/><SP WIDTH="21" VPOS="2169" HPOS="969"/>
							<String ID="string_506" HPOS="990" VPOS="2170" WIDTH="202" HEIGHT="34" WC="0.96" CONTENT="bedömande"/><SP WIDTH="23" VPOS="2170" HPOS="1192"/>
							<String ID="string_507" HPOS="1215" VPOS="2171" WIDTH="88" HEIGHT="32" WC="0.96" CONTENT="inom"/><SP WIDTH="23" VPOS="2171" HPOS="1303"/>
							<String ID="string_508" HPOS="1326" VPOS="2176" WIDTH="48" HEIGHT="28" WC="0.96" CONTENT="ett"/><SP WIDTH="23" VPOS="2176" HPOS="1374"/>
							<String ID="string_509" HPOS="1397" VPOS="2174" WIDTH="101" HEIGHT="31" WC="0.96" CONTENT="redan"/><SP WIDTH="23" VPOS="2174" HPOS="1498"/>
							<String ID="string_510" HPOS="1521" VPOS="2175" WIDTH="126" HEIGHT="32" WC="0.93" CONTENT="tillsatt"/><SP WIDTH="21" VPOS="2175" HPOS="1647"/>
							<String ID="string_511" HPOS="1668" VPOS="2176" WIDTH="110" HEIGHT="32" WC="0.92" CONTENT="utred-"/>
						</TextLine>
						<TextLine ID="line_48" HPOS="276" VPOS="2209" WIDTH="1302" HEIGHT="43">
							<String ID="string_512" HPOS="276" VPOS="2209" WIDTH="213" HEIGHT="38" WC="0.91" CONTENT="ningsorgan,"/><SP WIDTH="24" VPOS="2209" HPOS="489"/>
							<String ID="string_513" HPOS="513" VPOS="2210" WIDTH="169" HEIGHT="38" WC="0.96" CONTENT="nämligen"/><SP WIDTH="25" VPOS="2210" HPOS="682"/>
							<String ID="string_514" HPOS="707" VPOS="2211" WIDTH="83" HEIGHT="32" WC="0.96" CONTENT="1931"/><SP WIDTH="27" VPOS="2211" HPOS="790"/>
							<String ID="string_515" HPOS="817" VPOS="2211" WIDTH="53" HEIGHT="32" WC="0.96" CONTENT="års"/><SP WIDTH="24" VPOS="2211" HPOS="870"/>
							<String ID="string_516" HPOS="894" VPOS="2211" WIDTH="173" HEIGHT="34" WC="0.96" CONTENT="kommitté"/><SP WIDTH="22" VPOS="2211" HPOS="1067"/>
							<String ID="string_517" HPOS="1089" VPOS="2214" WIDTH="171" HEIGHT="37" WC="0.92" CONTENT="angående"/><SP WIDTH="24" VPOS="2214" HPOS="1260"/>
							<String ID="string_518" HPOS="1284" VPOS="2215" WIDTH="294" HEIGHT="37" WC="0.90" CONTENT="privatanställda."/>
						</TextLine>
					</TextBlock>
					<TextBlock ID="block_3" HPOS="274" VPOS="2251" WIDTH="1505" HEIGHT="255">
						<TextLine ID="line_49" HPOS="321" VPOS="2251" WIDTH="1458" HEIGHT="43">
							<String ID="string_519" HPOS="321" VPOS="2251" WIDTH="50" HEIGHT="32" WC="0.95" CONTENT="De"/><SP WIDTH="16" VPOS="2251" HPOS="371"/>
							<String ID="string_520" HPOS="387" VPOS="2252" WIDTH="11" HEIGHT="30" WC="0.96" CONTENT="i"/><SP WIDTH="17" VPOS="2252" HPOS="398"/>
							<String ID="string_521" HPOS="415" VPOS="2252" WIDTH="166" HEIGHT="32" WC="0.96" CONTENT="motionen"/><SP WIDTH="19" VPOS="2252" HPOS="581"/>
							<String ID="string_522" HPOS="600" VPOS="2252" WIDTH="190" HEIGHT="33" WC="0.96" CONTENT="framförda"/><SP WIDTH="19" VPOS="2252" HPOS="790"/>
							<String ID="string_523" HPOS="809" VPOS="2253" WIDTH="169" HEIGHT="32" WC="0.96" CONTENT="allmänna"/><SP WIDTH="20" VPOS="2253" HPOS="978"/>
							<String ID="string_524" HPOS="998" VPOS="2255" WIDTH="255" HEIGHT="38" WC="0.96" CONTENT="synpunkterna"/><SP WIDTH="18" VPOS="2255" HPOS="1253"/>
							<String ID="string_525" HPOS="1271" VPOS="2257" WIDTH="43" HEIGHT="37" WC="0.96" CONTENT="på"/><SP WIDTH="20" VPOS="2257" HPOS="1314"/>
							<String ID="string_526" HPOS="1334" VPOS="2257" WIDTH="38" HEIGHT="32" WC="0.96" CONTENT="de"/><SP WIDTH="19" VPOS="2257" HPOS="1372"/>
							<String ID="string_527" HPOS="1391" VPOS="2258" WIDTH="215" HEIGHT="33" WC="0.93" CONTENT="ekonomiska"/><SP WIDTH="18" VPOS="2258" HPOS="1606"/>
							<String ID="string_528" HPOS="1624" VPOS="2259" WIDTH="155" HEIGHT="33" WC="0.92" CONTENT="intresse-"/>
						</TextLine>
						<TextLine ID="line_50" HPOS="276" VPOS="2294" WIDTH="1503" HEIGHT="42">
							<String ID="string_529" HPOS="276" VPOS="2294" WIDTH="388" HEIGHT="38" WC="0.88" CONTENT="sammanslutningarna"/><SP WIDTH="18" VPOS="2294" HPOS="664"/>
							<String ID="string_530" HPOS="682" VPOS="2295" WIDTH="60" HEIGHT="31" WC="0.96" CONTENT="och"/><SP WIDTH="21" VPOS="2295" HPOS="742"/>
							<String ID="string_531" HPOS="763" VPOS="2295" WIDTH="94" HEIGHT="32" WC="0.96" CONTENT="deras"/><SP WIDTH="20" VPOS="2295" HPOS="857"/>
							<String ID="string_532" HPOS="877" VPOS="2296" WIDTH="181" HEIGHT="39" WC="0.96" CONTENT="betydelse,"/><SP WIDTH="19" VPOS="2296" HPOS="1058"/>
							<String ID="string_533" HPOS="1077" VPOS="2297" WIDTH="93" HEIGHT="32" WC="0.96" CONTENT="vilka"/><SP WIDTH="20" VPOS="2297" HPOS="1170"/>
							<String ID="string_534" HPOS="1190" VPOS="2298" WIDTH="210" HEIGHT="38" WC="0.96" CONTENT="synpunkter"/><SP WIDTH="20" VPOS="2298" HPOS="1400"/>
							<String ID="string_535" HPOS="1420" VPOS="2301" WIDTH="91" HEIGHT="32" WC="0.96" CONTENT="torde"/><SP WIDTH="19" VPOS="2301" HPOS="1511"/>
							<String ID="string_536" HPOS="1530" VPOS="2313" WIDTH="82" HEIGHT="21" WC="0.96" CONTENT="vara"/><SP WIDTH="21" VPOS="2313" HPOS="1612"/>
							<String ID="string_537" HPOS="1633" VPOS="2302" WIDTH="146" HEIGHT="32" WC="0.96" CONTENT="avsedda"/>
						</TextLine>
						<TextLine ID="line_51" HPOS="276" VPOS="2335" WIDTH="1501" HEIGHT="46">
							<String ID="string_538" HPOS="276" VPOS="2338" WIDTH="51" HEIGHT="29" WC="0.96" CONTENT="att"/><SP WIDTH="22" VPOS="2338" HPOS="327"/>
							<String ID="string_539" HPOS="349" VPOS="2335" WIDTH="178" HEIGHT="33" WC="0.96" CONTENT="framhäva"/><SP WIDTH="24" VPOS="2335" HPOS="527"/>
							<String ID="string_540" HPOS="551" VPOS="2337" WIDTH="143" HEIGHT="31" WC="0.96" CONTENT="motiven"/><SP WIDTH="23" VPOS="2337" HPOS="694"/>
							<String ID="string_541" HPOS="717" VPOS="2337" WIDTH="53" HEIGHT="32" WC="0.96" CONTENT="för"/><SP WIDTH="24" VPOS="2337" HPOS="770"/>
							<String ID="string_542" HPOS="794" VPOS="2337" WIDTH="61" HEIGHT="32" WC="0.93" CONTENT="den"/><SP WIDTH="22" VPOS="2337" HPOS="855"/>
							<String ID="string_543" HPOS="877" VPOS="2338" WIDTH="175" HEIGHT="38" WC="0.91" CONTENT="påyrkade"/><SP WIDTH="21" VPOS="2338" HPOS="1052"/>
							<String ID="string_544" HPOS="1073" VPOS="2339" WIDTH="232" HEIGHT="40" WC="0.96" CONTENT="utredningen,"/><SP WIDTH="24" VPOS="2339" HPOS="1305"/>
							<String ID="string_545" HPOS="1329" VPOS="2352" WIDTH="101" HEIGHT="27" WC="0.96" CONTENT="synas"/><SP WIDTH="24" VPOS="2352" HPOS="1430"/>
							<String ID="string_546" HPOS="1454" VPOS="2343" WIDTH="80" HEIGHT="37" WC="0.96" CONTENT="giva"/><SP WIDTH="22" VPOS="2343" HPOS="1534"/>
							<String ID="string_547" HPOS="1556" VPOS="2343" WIDTH="57" HEIGHT="32" WC="0.96" CONTENT="vid"/><SP WIDTH="23" VPOS="2343" HPOS="1613"/>
							<String ID="string_548" HPOS="1636" VPOS="2344" WIDTH="141" HEIGHT="37" WC="0.96" CONTENT="handen,"/>
						</TextLine>
						<TextLine ID="line_52" HPOS="276" VPOS="2378" WIDTH="1501" HEIGHT="40">
							<String ID="string_549" HPOS="276" VPOS="2381" WIDTH="51" HEIGHT="28" WC="0.96" CONTENT="att"/><SP WIDTH="25" VPOS="2381" HPOS="327"/>
							<String ID="string_550" HPOS="352" VPOS="2378" WIDTH="245" HEIGHT="33" WC="0.93" CONTENT="motionärerna"/><SP WIDTH="24" VPOS="2378" HPOS="597"/>
							<String ID="string_551" HPOS="621" VPOS="2379" WIDTH="20" HEIGHT="31" WC="0.92" CONTENT="å"/><SP WIDTH="26" VPOS="2379" HPOS="641"/>
							<String ID="string_552" HPOS="667" VPOS="2391" WIDTH="61" HEIGHT="20" WC="0.96" CONTENT="ena"/><SP WIDTH="27" VPOS="2391" HPOS="728"/>
							<String ID="string_553" HPOS="755" VPOS="2379" WIDTH="96" HEIGHT="32" WC="0.96" CONTENT="sidan"/><SP WIDTH="26" VPOS="2379" HPOS="851"/>
							<String ID="string_554" HPOS="877" VPOS="2380" WIDTH="156" HEIGHT="32" WC="0.96" CONTENT="betrakta"/><SP WIDTH="25" VPOS="2380" HPOS="1033"/>
							<String ID="string_555" HPOS="1058" VPOS="2381" WIDTH="90" HEIGHT="33" WC="0.96" CONTENT="vissa"/><SP WIDTH="29" VPOS="2381" HPOS="1148"/>
							<String ID="string_556" HPOS="1177" VPOS="2382" WIDTH="102" HEIGHT="32" WC="0.96" CONTENT="redan"/><SP WIDTH="27" VPOS="2382" HPOS="1279"/>
							<String ID="string_557" HPOS="1306" VPOS="2383" WIDTH="210" HEIGHT="34" WC="0.93" CONTENT="existerande"/><SP WIDTH="28" VPOS="2383" HPOS="1516"/>
							<String ID="string_558" HPOS="1544" VPOS="2386" WIDTH="233" HEIGHT="32" WC="0.92" CONTENT="sammanslut-"/>
						</TextLine>
						<TextLine ID="line_53" HPOS="274" VPOS="2420" WIDTH="1503" HEIGHT="40">
							<String ID="string_559" HPOS="274" VPOS="2420" WIDTH="121" HEIGHT="38" WC="0.96" CONTENT="ningar"/><SP WIDTH="20" VPOS="2420" HPOS="395"/>
							<String ID="string_560" HPOS="415" VPOS="2420" WIDTH="108" HEIGHT="32" WC="0.96" CONTENT="såsom"/><SP WIDTH="22" VPOS="2420" HPOS="523"/>
							<String ID="string_561" HPOS="545" VPOS="2421" WIDTH="118" HEIGHT="32" WC="0.95" CONTENT="alltför"/><SP WIDTH="21" VPOS="2421" HPOS="663"/>
							<String ID="string_562" HPOS="684" VPOS="2421" WIDTH="155" HEIGHT="38" WC="0.96" CONTENT="mäktiga"/><SP WIDTH="18" VPOS="2421" HPOS="839"/>
							<String ID="string_563" HPOS="857" VPOS="2422" WIDTH="96" HEIGHT="32" WC="0.96" CONTENT="såväl"/><SP WIDTH="20" VPOS="2422" HPOS="953"/>
							<String ID="string_564" HPOS="973" VPOS="2426" WIDTH="167" HEIGHT="34" WC="0.96" CONTENT="gentemot"/><SP WIDTH="20" VPOS="2426" HPOS="1140"/>
							<String ID="string_565" HPOS="1160" VPOS="2425" WIDTH="260" HEIGHT="33" WC="0.96" CONTENT="medlemmarna"/><SP WIDTH="21" VPOS="2425" HPOS="1420"/>
							<String ID="string_566" HPOS="1441" VPOS="2439" WIDTH="69" HEIGHT="19" WC="0.96" CONTENT="som"/><SP WIDTH="22" VPOS="2439" HPOS="1510"/>
							<String ID="string_567" HPOS="1532" VPOS="2427" WIDTH="12" HEIGHT="31" WC="0.96" CONTENT="i"/><SP WIDTH="23" VPOS="2427" HPOS="1544"/>
							<String ID="string_568" HPOS="1567" VPOS="2428" WIDTH="210" HEIGHT="32" WC="0.95" CONTENT="förhållande"/>
						</TextLine>
						<TextLine ID="line_54" HPOS="276" VPOS="2461" WIDTH="1500" HEIGHT="45">
							<String ID="string_569" HPOS="276" VPOS="2461" WIDTH="53" HEIGHT="32" WC="0.95" CONTENT="till"/><SP WIDTH="23" VPOS="2461" HPOS="329"/>
							<String ID="string_570" HPOS="352" VPOS="2463" WIDTH="239" HEIGHT="37" WC="0.93" CONTENT="utomstående,"/><SP WIDTH="25" VPOS="2463" HPOS="591"/>
							<String ID="string_571" HPOS="616" VPOS="2463" WIDTH="20" HEIGHT="32" WC="0.93" CONTENT="å"/><SP WIDTH="22" VPOS="2463" HPOS="636"/>
							<String ID="string_572" HPOS="658" VPOS="2463" WIDTH="108" HEIGHT="33" WC="0.96" CONTENT="andra"/><SP WIDTH="23" VPOS="2463" HPOS="766"/>
							<String ID="string_573" HPOS="789" VPOS="2464" WIDTH="95" HEIGHT="31" WC="0.96" CONTENT="sidan"/><SP WIDTH="25" VPOS="2464" HPOS="884"/>
							<String ID="string_574" HPOS="909" VPOS="2464" WIDTH="97" HEIGHT="32" WC="0.96" CONTENT="finna"/><SP WIDTH="25" VPOS="2464" HPOS="1006"/>
							<String ID="string_575" HPOS="1031" VPOS="2465" WIDTH="54" HEIGHT="32" WC="0.96" CONTENT="det"/><SP WIDTH="22" VPOS="2465" HPOS="1085"/>
							<String ID="string_576" HPOS="1107" VPOS="2466" WIDTH="162" HEIGHT="33" WC="0.96" CONTENT="önskvärt"/><SP WIDTH="24" VPOS="2466" HPOS="1269"/>
							<String ID="string_577" HPOS="1293" VPOS="2471" WIDTH="51" HEIGHT="28" WC="0.97" CONTENT="att"/><SP WIDTH="23" VPOS="2471" HPOS="1344"/>
							<String ID="string_578" HPOS="1367" VPOS="2468" WIDTH="95" HEIGHT="32" WC="0.95" CONTENT="driva"/><SP WIDTH="27" VPOS="2468" HPOS="1462"/>
							<String ID="string_579" HPOS="1489" VPOS="2469" WIDTH="88" HEIGHT="32" WC="0.96" CONTENT="fram"/><SP WIDTH="24" VPOS="2469" HPOS="1577"/>
							<String ID="string_580" HPOS="1601" VPOS="2481" WIDTH="68" HEIGHT="25" WC="0.93" CONTENT="nya"/><SP WIDTH="24" VPOS="2481" HPOS="1669"/>
							<String ID="string_581" HPOS="1693" VPOS="2482" WIDTH="83" HEIGHT="20" WC="0.92" CONTENT="sam-"/>
						</TextLine>
					</TextBlock>
				</ComposedBlock>
			</PrintSpace>
		</Page>
	</Layout>
</alto>
