1890 2854
97 590 67 23 1901
184 591 45 23 års

92 624 137 24 kommitté.

333 165 18 29 2
650 166 128 32 Första
807 168 254 36 lagutskottets
1089 168 189 33 utlåtande
1307 170 52 32 Nr
1382 170 50 30 15.

289 243 85 30 från
393 244 70 30 den
485 244 186 31 allmänna
691 244 221 38 strafflagen
933 245 13 32 i
967 245 97 32 vissa
1085 246 230 33 hänseenden
1334 247 120 32 kunde
1475 248 174 32 bortfalla
1671 248 86 33 eller
1779 250 12 30 i

286 295 117 31 större
427 296 93 35 mån,
545 298 48 28 än
614 296 49 31 då
687 306 84 21 vore
796 296 114 37 fallet,
934 297 205 37 begränsas,
1162 298 75 32 dels
1262 299 64 31 ock
1350 299 184 32 huruvida
1558 300 88 36 icke,
1669 300 122 32 därest

286 346 181 32 särskilda
490 347 302 36 krigsdomstolar
818 349 13 31 i
859 348 115 33 första
1002 349 64 32 och
1093 349 115 32 andra
1235 350 140 32 instans
1403 352 154 36 ansåges
1582 352 87 32 böra
1696 352 94 32 bibe-

286 397 128 37 hållas,
433 398 181 32 desamma
636 399 56 31 för
713 399 184 33 vinnande
916 411 45 21 av
981 400 93 32 ökad
1091 401 263 33 rättssäkerhet
1374 402 197 38 lämpligen
1590 403 110 32 borde
1720 414 69 21 om-

286 449 228 37 organiseras
543 451 163 37 sålunda,
734 453 57 30 att
818 452 45 31 de
891 451 237 33 rättsbildade
1155 453 245 32 ledamöterna
1429 454 12 31 i
1470 464 138 22 samma
1638 455 151 32 domstol

284 501 140 32 komme
446 503 54 31 att
522 504 132 35 utgöra
677 503 170 31 flertalet.

324 579 127 32 Redan
480 580 115 31 innan
623 580 215 38 riksdagens
868 583 247 35 nyssnämnda
1144 583 177 32 skrivelse
1352 583 150 33 avlåtits
1531 583 92 32 hade
1653 584 137 37 Kungl.

282 628 111 38 Maj:t
410 632 41 33 år
471 632 77 31 1901
570 632 196 36 uppdragit
787 633 37 30 åt
838 642 43 21 en
893 633 185 32 kommitté
1091 635 53 31 att
1157 634 165 36 företaga
1335 634 157 32 revision
1502 645 48 21 av
1562 635 47 32 då
1621 635 167 36 gällande

284 683 174 37 strafflag
481 684 57 31 för
561 683 250 38 krigsmakten
834 687 93 30 samt
951 685 214 37 förordning
1188 696 56 21 om
1268 686 299 37 krigsdomstolar
1591 686 64 32 och
1678 689 109 30 rätte-

284 735 143 36 gången
453 735 186 32 därstädes
665 736 12 31 i
703 736 106 36 syfte,
834 738 57 30 att
914 736 316 33 bestämmelserna
1254 737 13 31 i
1290 738 105 32 dessa
1421 738 103 37 lagar
1549 739 114 31 måtte
1688 738 99 32 bliva

283 786 166 37 lämpade
468 787 93 31 efter
582 787 279 33 förhållandena
881 788 61 31 vid
962 798 44 22 en
1024 788 202 37 krigsmakt
1248 789 193 32 bestående
1460 800 46 21 av
1526 790 261 37 värnpliktiga.

322 838 226 32 Kommittén
576 839 215 32 avlämnade
820 841 41 30 år
891 840 77 32 1905
997 840 137 37 förslag
1163 841 56 31 till
1248 841 175 36 strafflag
1453 841 55 31 för
1537 841 252 37 krigsmakten

281 891 96 30 samt
401 890 56 31 till
481 890 61 37 lag
566 901 55 21 om
646 891 299 37 krigsdomstolar
969 892 65 32 och
1059 893 240 36 rättegången
1322 892 188 32 därstädes
1535 895 169 29 ävensom
1729 893 57 31 till

282 942 118 31 andra
431 942 151 32 därmed
612 943 362 37 sammanhängande
1005 944 275 36 författningar.
1333 944 224 32 Kommittén
1589 944 152 32 anförde
1772 944 12 31 i

280 993 84 32 sina
392 994 186 31 allmänna
608 994 113 32 motiv
751 993 58 33 till
839 1005 45 21 en
914 995 128 37 början
1071 995 233 32 beträffande
1334 996 221 36 strafflagen
1585 996 58 31 för
1670 996 114 37 krigs-

280 1045 161 32 makten:

318 1096 126 33 Redan
460 1098 70 32 den
547 1099 42 31 år
607 1098 78 31 1868
702 1098 194 32 utfärdade
915 1099 220 36 strafflagen
1153 1099 56 31 för
1228 1099 258 37 krigsmakten,
1504 1097 123 33 vilken
1644 1098 140 31 avlöste

278 1140 80 31 1798
377 1141 60 31 års
453 1140 268 38 krigsartiklar,
738 1142 73 31 kan
828 1142 12 30 i
859 1142 191 32 huvudsak
1069 1145 105 33 sägas
1192 1152 91 21 vara
1301 1142 121 36 byggd
1441 1142 45 36 på
1506 1142 68 31 den
1594 1141 190 36 grundsat-

276 1193 74 27 sen,
371 1186 54 30 att
444 1183 220 38 strafflagen
685 1185 56 31 för
760 1185 249 36 krigsmakten
1028 1185 62 32 bör
1111 1185 184 31 betraktas
1315 1186 116 31 såsom
1450 1194 45 22 en
1514 1183 268 37 undantagslag

278 1227 65 30 och
363 1227 133 31 avvika
516 1227 84 31 från
620 1228 69 31 den
709 1228 187 31 allmänna
915 1228 220 36 strafflagen
1154 1228 155 31 allenast
1328 1228 12 31 i
1358 1229 44 31 de
1422 1227 210 37 avseenden,
1651 1228 67 31 där
1737 1236 46 22 en

277 1270 114 31 sådan
408 1270 183 31 avvikelse
608 1281 45 20 av
669 1270 42 32 de
727 1271 181 31 särskilda
924 1270 160 32 militära
1102 1271 278 32 förhållandena
1398 1271 174 37 påkallas,
1588 1281 44 21 en
1650 1270 134 37 grund-

275 1315 87 34 sats,
381 1323 75 21 som
474 1313 11 31 i
505 1313 143 37 princip
668 1314 147 31 erkänts
834 1314 96 31 inom
949 1314 71 31 alla
1040 1314 133 36 länder,
1191 1314 65 31 där
1275 1324 44 22 en
1338 1324 99 21 mera
1456 1314 147 31 modern
1624 1313 158 37 lagstift-

275 1356 91 37 ning
384 1357 13 31 i
416 1358 120 30 ämnet
554 1356 150 32 kommit
722 1357 58 31 till
800 1357 118 36 stånd,
937 1366 56 22 om
1011 1359 56 34 än,
1085 1358 46 35 på
1149 1358 118 35 grund
1287 1368 46 20 av
1352 1357 117 32 skilda
1490 1357 292 37 uppfattningar,

276 1400 160 31 nämnda
456 1400 196 36 grundsats
674 1400 97 31 inom
792 1400 96 32 olika
910 1400 124 32 länder
1054 1400 13 31 1
1087 1400 243 32 enskildheter
1353 1401 72 31 fört
1447 1400 58 31 till
1528 1400 137 36 ganska
1686 1400 97 31 olika

276 1442 164 33 resultat.
482 1443 104 32 Givet
611 1446 40 28 är
672 1443 74 37 ock,
769 1445 54 29 att
844 1443 283 37 uppfattningen
1148 1453 45 21 av
1216 1443 100 32 vilka
1337 1443 214 37 avvikelser,
1575 1453 75 21 som
1670 1454 48 21 av
1738 1443 45 31 de

275 1486 165 31 militära
457 1486 277 32 förhållandena
750 1486 326 37 nödvändiggöras,
1091 1486 74 31 kan
1182 1486 13 30 i
1213 1486 96 31 olika
1328 1486 126 32 länder
1471 1487 66 31 och
1554 1486 114 31 under
1684 1486 98 32 olika

277 1528 94 32 tider
392 1529 102 36 högst
516 1529 179 37 betydligt
715 1530 120 30 växla.
854 1548 42 4 —
912 1548 41 4 —
971 1548 41 5 —

316 1572 72 32 Vid
406 1572 278 37 tillämpningen
701 1583 47 20 av
767 1573 159 31 nämnda
945 1572 193 37 grundsats
1156 1591 40 4 —
1214 1572 134 36 vilken,
1366 1574 117 30 såsom
1501 1572 195 38 riksdagen
1716 1572 65 32 ock

275 1616 158 36 betonat,
456 1616 114 31 måste
598 1618 105 34 göras
729 1616 169 36 gällande
924 1616 102 31 såväl
1051 1615 60 32 vid
1135 1615 208 36 avgörande
1369 1626 46 20 av
1440 1616 133 36 frågan
1600 1626 56 21 om
1682 1616 99 31 vilka

274 1659 107 36 brott,
404 1668 74 22 som
500 1659 87 31 böra
610 1661 105 34 göras
737 1658 57 31 till
817 1659 152 31 föremål
991 1659 56 30 för
1069 1658 156 33 särskild
1248 1659 222 36 behandling
1493 1659 12 30 i
1526 1659 69 31 den
1617 1659 162 32 militära

276 1702 226 36 strafflagen,
524 1702 66 31 och
613 1703 108 30 sättet
746 1702 56 31 för
826 1701 103 32 deras
952 1701 246 33 bestraffande
1221 1711 75 22 som
1318 1703 64 30 ock
1403 1702 64 32 vid
1488 1702 222 33 besvarande
1731 1712 48 22 av

272 1746 215 35 spörsmålet
515 1755 57 21 om
596 1745 101 32 vilka
722 1755 180 27 personer,
928 1755 74 21 som
1028 1745 87 32 böra
1142 1745 86 36 lyda
1253 1746 115 31 under
1393 1746 158 31 nämnda
1577 1747 70 35 lag,
1674 1746 65 31 och
1766 1745 12 31 i

272 1788 125 32 vilken
414 1788 255 36 utsträckning
688 1790 38 30 så
744 1789 63 31 bör
828 1799 88 21 vara
935 1788 243 32 förhållandet
1195 1808 40 3 —
1252 1790 115 31 måste
1385 1799 85 21 man
1489 1789 199 32 emellertid
1706 1790 72 31 till-

272 1841 47 28 se,
346 1834 54 31 att
427 1832 286 37 ifrågavarande
740 1831 237 37 lagstiftning
1003 1831 133 32 ordnas
1163 1833 49 35 så,
1239 1833 55 30 att
1321 1832 43 32 de
1392 1832 101 36 krav,
1522 1842 75 21 som
1625 1843 44 20 ur
1695 1842 82 26 syn-

272 1875 163 35 punkten
455 1885 46 21 av
524 1875 268 37 krigsmaktens
813 1875 169 31 ändamål
1005 1876 65 30 och
1092 1875 185 36 uppgifter
1300 1875 86 32 böra
1408 1875 126 32 ställas
1555 1876 21 31 å
1598 1885 43 22 en
1663 1876 115 31 sådan

272 1918 245 37 lagstiftning,
545 1918 114 32 varda
686 1918 196 36 behörigen
909 1918 269 37 tillgodosedda.
1227 1918 280 37 Krigsmaktens
1536 1919 170 31 ändamål
1735 1921 45 29 är

271 1962 134 35 ytterst
423 1964 53 29 att
494 1964 117 29 värna
630 1961 140 32 landets
790 1961 113 32 frihet
923 1962 63 31 och
1005 1961 306 37 självständighet
1328 1963 73 30 mot
1421 1962 164 31 fiendens
1605 1970 173 28 angrepp.

271 2003 67 32 Om
357 2004 69 32 den
444 2005 79 31 med
544 2005 95 36 hopp
660 2014 55 21 om
737 2004 196 37 framgång
953 2004 92 32 skall
1067 2005 122 31 kunna
1210 2005 124 31 utföra
1353 2005 101 31 detta
1475 2005 64 31 sitt
1560 2005 216 37 maktpålig-

271 2048 119 36 gande
410 2050 99 34 värv,
530 2048 142 32 fordras
692 2047 166 37 tydligen
877 2047 34 36 ej
931 2047 89 33 blott
1040 2048 133 36 övning
1193 2048 12 30 i
1226 2057 160 27 vapnens
1405 2048 102 31 bruk.
1527 2050 89 30 utan
1636 2049 64 30 ock
1719 2049 56 31 att

270 2092 98 30 inom
387 2091 249 36 krigsmakten
656 2091 112 31 redan
789 2091 13 30 i
823 2090 143 33 fredens
984 2091 117 35 dagar
1120 2091 132 31 fostras
1274 2101 44 21 en
1338 2091 104 35 anda,
1462 2091 139 37 mäktig
1621 2093 54 31 att
1692 2091 82 31 däri

269 2134 149 37 ingjuta
442 2134 68 31 den
535 2133 336 32 sammanhållande
895 2134 109 36 kraft,
1031 2134 148 31 förutan
1202 2134 123 31 vilken
1350 2135 210 31 densamma
1585 2135 74 31 helt
1684 2134 91 32 visst

267 2178 14 30 i
304 2178 125 31 farans
450 2177 107 32 stund
578 2177 77 32 icke
676 2177 137 31 förmår
833 2178 46 35 på
899 2178 50 30 ett
971 2176 338 33 tillfredsställande
1331 2180 71 29 sätt
1425 2177 92 37 fylla
1538 2177 57 32 sin
1617 2178 156 36 uppgift.

267 2220 132 32 Därest
417 2220 76 32 icke
512 2220 42 32 de
572 2222 99 29 stora
688 2220 271 37 uppoffringar,
976 2219 170 32 nationen
1164 2220 56 31 för
1237 2220 265 36 uppehållande
1520 2231 46 21 av
1583 2220 56 33 sin
1658 2220 115 38 krigs-

266 2263 103 33 makt
389 2265 112 30 måste
520 2263 220 32 underkasta
762 2263 66 36 sig,
847 2262 101 32 skola
968 2262 114 32 varda
1103 2263 171 32 fruktlöst
1295 2263 202 37 förspillda,
1516 2265 113 31 måste
1648 2264 126 32 därför

267 2306 293 37 oundgängligen
583 2316 42 22 en
646 2307 68 35 god
735 2307 65 31 och
821 2306 140 36 kraftig
978 2305 170 37 disciplin
1169 2307 97 30 inom
1286 2306 246 36 krigsmakten
1558 2307 129 37 skapas
1708 2308 65 31 och

265 2349 295 33 vidmakthållas.
610 2351 56 31 En
695 2350 68 37 god
793 2349 169 36 disciplin
991 2349 262 32 åstadkommes
1281 2350 202 32 emellertid
1511 2351 155 31 förvisso
1694 2351 79 32 icke

269 2401 127 29 genom
415 2393 133 37 lagbud
566 2393 129 32 allena.
713 2412 41 5 —
768 2411 42 5 —
826 2411 43 6 —

305 2435 212 37 Uppenbart
541 2439 41 28 är
604 2435 201 32 emellertid
827 2437 64 35 att,
912 2435 47 32 då
981 2435 152 37 ordning
1156 2435 64 32 och
1241 2435 137 37 lydnad
1400 2435 97 32 inom
1521 2436 249 37 krigsmakten

265 2479 118 32 under
402 2480 71 31 alla
497 2478 251 33 förhållanden
769 2479 115 32 måste
903 2478 278 37 upprätthållas,
1201 2479 126 31 härför
1347 2479 137 36 jämväl
1504 2479 130 33 kräves
1655 2481 116 32 stödet
