2236 2680
740 245 228 30 Statsutskottets
996 246 151 30 Utlåtande
1169 247 57 29 N:o
1250 247 75 29 151.
1813 249 18 29 9

228 336 78 23 som
340 336 61 23 om
429 325 180 47 lapparna
637 325 122 45 borde,
789 324 152 37 hvartill
970 326 44 36 de
1043 326 68 36 ock
1140 325 20 37 å
1189 326 257 38 Kirunamötet
1474 328 182 36 förklarat
1684 330 54 47 sig
1766 330 67 36 vil-

228 378 85 48 lige,
343 378 225 48 exempelvis
596 378 100 36 inom
725 391 44 23 en
797 379 55 36 tid
881 378 41 37 af
947 380 109 49 tjugu
1085 380 40 36 år
1153 379 201 39 återbetala
1383 381 44 36 de
1451 382 132 45 medel,
1607 395 77 24 som
1705 384 127 35 kunna

228 431 156 36 erhållas
412 431 58 36 för
498 431 235 37 anskaffande
762 432 41 36 af
828 445 107 24 renar
963 434 12 34 i
1004 435 44 35 de
1077 435 218 35 omkomnas
1323 436 115 35 ställe.

334 485 196 49 Lapparna
569 486 105 36 torde
714 487 69 50 ock
823 488 99 44 böra,
961 486 117 37 såsom
1121 488 44 36 de
1199 489 137 48 begärt,
1364 488 143 49 åtnjuta
1535 489 75 36 fem
1638 489 51 46 år,
1720 491 111 35 innan

226 537 320 51 återbetalningen
579 541 91 35 sker.
727 539 128 38 Afven
883 541 103 36 torde
1014 554 44 23 en
1088 541 60 37 del
1177 550 187 41 renägare,
1393 556 79 23 som
1500 542 110 37 hafva
1639 550 113 30 större
1780 544 52 36 fa-

226 593 81 48 milj
352 598 54 31 att
447 592 164 50 försörja,
654 606 89 24 vara
784 595 12 34 i
839 593 114 38 behof
978 597 55 35 att
1061 595 140 37 erhålla
1229 609 45 23 en
1303 597 61 35 del
1391 609 105 24 renar
1524 603 89 30 utan
1641 597 191 38 återbetal-

227 648 327 49 ningsskyldighet.

335 701 150 36 Antalet
512 703 208 47 renägande
748 702 301 37 nomadiserande
1077 704 132 48 lappar
1237 704 101 35 inom
1367 704 234 49 Juckasjärvi
1630 711 108 43 utgör
1757 720 74 22 om-

228 755 107 48 kring
380 757 75 36 200
497 757 151 48 stycken
691 756 67 36 och
801 756 69 36 den
899 757 302 37 nomadiserande
1225 759 353 49 lappbefolkningen
1607 760 185 37 därstädes
1820 762 11 34 i

227 810 55 35 sin
311 809 125 37 helhet
464 810 172 49 utgjorde
666 809 69 37 den
766 812 44 35 31
846 810 188 37 december
1067 813 97 36 1905
1199 814 70 35 621
1303 825 182 36 personer.

335 862 56 37 Då
420 868 53 31 ett
500 864 138 48 belopp
668 865 38 35 af
734 865 112 35 minst
877 866 138 43 50,000
1044 866 138 35 kronor
1209 866 107 36 torde
1345 866 84 49 åtgå
1456 867 61 35 till
1545 870 54 33 att
1627 867 116 36 skaffa
1773 868 57 37 be-

227 917 137 49 höfliga
394 917 347 37 lifsförnödenheter
769 917 37 37 åt
834 918 68 36 den
932 918 172 50 fattigare
1128 920 106 36 delen
1254 919 41 36 af
1312 919 421 51 Juckasjärvilapparna,
1752 935 79 23 som

226 984 133 35 genom
387 971 135 36 förlust
551 970 40 37 af
615 984 106 24 renar
749 978 62 29 äro
839 972 12 35 i
881 973 209 48 uppenbart
1117 972 115 38 behof
1257 973 40 36 af
1314 974 207 45 understöd,
1540 982 96 29 samt
1655 975 46 36 då
1719 976 112 36 minst

229 1027 142 43 50,000
414 1025 139 36 kronor
594 1025 105 36 torde
741 1024 183 38 erfordras
964 1025 57 37 för
1063 1027 112 49 inköp
1218 1026 37 37 åt
1282 1026 133 51 fattiga
1444 1029 131 48 lappar
1604 1029 84 36 med
1717 1036 112 30 större

226 1078 114 49 familj
384 1079 40 35 af
454 1092 118 32 renar,
603 1080 146 36 hvilkas
777 1080 109 36 värde
915 1081 43 35 de
987 1082 31 47 ej
1049 1094 102 23 anses
1178 1082 126 35 kunna
1333 1081 200 49 återgälda,
1561 1084 116 35 skulle
1706 1084 124 36 behöf-

226 1146 65 23 vas
319 1139 52 29 ett
399 1134 127 48 anslag
554 1132 41 36 af
626 1134 162 44 100,000
818 1134 136 36 kronor
982 1141 89 29 utan
1101 1134 508 51 återbetalningsskyldighet.

332 1186 71 36 För
444 1193 55 29 att
538 1187 134 36 bereda
711 1188 181 47 lapparna
933 1188 149 36 tillfälle
1122 1189 59 35 till
1209 1195 55 29 att
1292 1191 126 34 kunna
1446 1189 165 37 anskaffa
1639 1204 106 23 renar
1773 1192 57 36 för

225 1239 244 37 fortsättande
507 1240 39 36 af
588 1242 53 34 sin
679 1242 201 35 renskötsel
922 1255 105 35 synes
1067 1242 113 36 Eders
1208 1244 141 48 Kungl.
1378 1243 120 49 Maj:ts
1525 1243 305 50 befallningshaf-

226 1294 131 46 vande,
400 1297 66 42 att,
503 1295 111 35 innan
657 1295 219 50 fullständig
904 1296 199 49 utredning
1133 1298 150 35 vunnits
1311 1297 185 49 angående
1524 1297 306 39 renförlusternas

225 1349 150 44 storlek,
405 1349 81 35 icke
515 1349 67 35 bör
611 1349 102 36 äskas
741 1354 117 32 större
887 1350 137 49 belopp
1053 1355 45 31 än
1125 1351 98 36 hvad
1252 1364 78 23 som
1357 1353 72 34 kan
1458 1364 102 24 anses
1588 1352 83 49 åtgå
1690 1352 59 37 till
1768 1367 60 22 an-

225 1401 189 37 skaffande
452 1402 42 36 af
532 1404 113 43 7,500
687 1415 105 24 renar
822 1404 87 35 eller
942 1406 167 42 150,000
1139 1405 136 36 kronor
1303 1411 55 30 att
1386 1407 38 34 af
1451 1406 179 48 lapparna
1659 1408 92 35 efter
1778 1407 51 36 åt-

225 1456 176 49 njntande
442 1455 40 37 af
521 1455 74 37 fem
637 1455 171 38 frihetsår
840 1456 206 51 återgäldas
1075 1459 101 35 inom
1204 1460 107 48 tjugu
1340 1459 41 36 år
1408 1460 84 36 med
1521 1473 44 23 en
1588 1461 240 48 tjugondedel

227 1510 38 36 af
292 1511 96 35 hvad
418 1512 92 35 hvar
539 1511 69 35 och
636 1523 43 23 en
708 1512 89 47 lapp
826 1513 169 35 erhåller.

335 1564 52 36 De
429 1571 170 29 närmare
641 1565 197 45 villkoren,
872 1567 117 34 under
1017 1566 130 36 hvilka
1175 1568 184 48 beloppen
1388 1568 184 36 utbetalas
1600 1569 92 35 eller
1720 1581 109 24 renar

226 1617 243 37 öfverlämnas
496 1618 57 35 till
581 1619 184 47 lapparna,
786 1619 103 36 torde
910 1621 37 34 af
966 1620 116 35 Eders
1098 1620 137 49 Kungl.
1252 1621 103 48 Maj:t
1374 1621 204 36 sedermera
1598 1622 230 37 bestämmas.

331 1671 52 36 På
411 1672 122 48 grund
563 1671 40 36 af
630 1672 63 36 det
720 1672 155 36 anförda
904 1672 57 36 får
988 1674 116 35 Eders
1123 1674 137 47 Kungl.
1279 1675 123 48 Maj:ts
1421 1674 407 50 befallningshafvande

225 1727 12 33 i
266 1725 293 48 underdånighet
588 1726 201 44 hemställa,
818 1732 55 30 att
900 1726 113 36 Eders
1042 1727 138 49 Kungl.
1211 1729 106 47 Maj:t
1344 1729 138 36 täcktes
1510 1730 12 34 i
1551 1729 115 36 nåder
1695 1730 133 37 bereda

224 1780 177 46 lapparna
430 1779 12 34 i
470 1778 232 49 Juckasjärvi
731 1781 132 34 socken
892 1781 31 47 ej
953 1781 144 36 mindre
1125 1787 54 30 ett
1206 1783 127 48 anslag
1361 1784 38 34 af
1422 1784 164 42 100,000
1607 1784 135 35 kronor
1761 1789 66 39 att,

225 1831 96 37 efter
363 1832 112 36 Eders
517 1832 136 49 Kungl.
694 1833 116 48 Maj:ts
849 1833 134 50 nådiga
1020 1833 183 51 pröfning,
1244 1836 185 36 användas
1471 1837 75 36 dels
1574 1837 84 36 med
1688 1839 140 42 50,000

225 1886 136 35 kronor
403 1886 60 35 till
500 1886 239 50 undsättning
772 1888 12 34 i
812 1886 347 39 lifsförnödenheter
1187 1888 38 36 åt
1248 1889 95 45 dem,
1374 1890 76 36 dels
1477 1891 67 35 ock
1573 1891 83 35 med
1687 1893 140 42 50,000

225 1941 137 34 kronor
389 1940 60 35 till
479 1939 236 37 anskaffande
744 1940 40 36 af
810 1954 107 23 renar
945 1941 37 36 åt
1012 1943 132 48 lappar
1172 1944 83 34 med
1283 1948 114 31 större
1426 1943 128 50 familj,
1584 1951 46 28 än
1650 1944 107 37 äfven
1777 1951 52 30 ett

225 1994 125 48 anslag
393 1993 21 35 å
447 1995 164 43 150,000
641 1995 133 35 kronor
806 2000 65 41 att,
902 1996 173 36 likaledes
1103 1998 94 35 efter
1224 1997 117 36 Eders
1368 1997 139 49 Kungl.
1539 1998 118 49 Maj:ts
1685 1999 144 49 bepröf-

225 2047 131 45 vande,
385 2047 184 37 användas
598 2046 56 37 för
683 2049 236 36 anskaffande
948 2049 38 36 af
1012 2062 107 24 renar
1147 2050 36 37 åt
1211 2052 190 48 lapparna,
1429 2058 55 29 att
1512 2051 39 37 af
1569 2053 80 36 dem
1670 2054 92 35 efter
1779 2055 49 35 åt-

224 2102 132 47 njutna
382 2100 77 38 fem
488 2101 170 37 frihetsår
685 2101 206 50 återgäldas
918 2104 83 35 med
1030 2118 43 23 en
1101 2105 237 49 tjugondedel
1368 2106 117 36 under
1513 2112 53 31 ett
1592 2107 109 36 hvart
1729 2106 38 37 af
1785 2107 44 37 de

225 2154 114 49 därpå
366 2154 165 49 följande
560 2156 107 48 tjugu
691 2155 115 37 åren.»

332 2262 231 37 Protokollet
601 2264 103 36 öfver
738 2264 62 36 det
828 2265 14 35 i
870 2263 217 39 skrifvelsen
1116 2267 225 36 omnämnda
1370 2272 116 32 mötet
1513 2268 13 35 i
1555 2268 141 36 Kiruna
1726 2274 37 32 är
1791 2269 40 36 af

224 2316 164 50 följande
416 2316 153 48 lydelse:

269 2382 69 30 Bih.
365 2381 46 29 til
433 2380 102 30 Biksd.
586 2381 81 29 Prot,
696 2383 95 28 1906.
841 2383 19 28 4
886 2383 88 29 Saml.
1024 2384 16 28 1
1067 2384 71 36 Afd.
1189 2385 41 28 94
1255 2385 87 36 Häft.
1765 2386 18 29 2
