1880 2778
329 160 18 29 4
635 161 118 32 Andra
774 163 245 36 lagutskottets
1040 165 179 31 utlåtande
1240 175 42 21 nr
1302 168 40 29 22
1363 167 39 30 år
1423 169 84 29 1963

938 254 263 30 Reservationer

370 319 24 30 I.
419 330 41 21 av
485 321 125 31 fröken
633 322 216 38 Nordström,
874 324 120 31 herrar
1017 325 80 30 Eric
1120 326 171 39 Carlsson,
1316 327 213 31 Gustavsson
1554 330 7 29 i
1587 329 139 32 Alvesta
1748 330 64 30 och

327 372 161 32 Carlsson
509 374 10 30 i
539 375 220 37 Huskvarna,
779 377 93 30 vilka
892 380 115 29 ansett

371 436 34 34 a)
436 438 52 29 att
506 437 58 30 det
582 438 130 31 avsnitt
729 439 9 30 i
758 439 187 32 utskottets
964 441 181 32 utlåtande
1163 452 73 20 som
1254 443 119 37 börjar
1391 443 18 30 å
1427 454 26 21 s.
1485 444 4 30 3
1507 445 77 30 med
1601 446 108 29 orden
1727 446 84 30 »Vid

325 488 257 40 behandlingen
603 492 30 29 i»
653 491 63 30 och
738 493 111 30 slutar
869 495 75 29 med
964 495 107 30 orden
1094 495 187 31 »samband
1302 498 77 29 med
1399 498 316 31 mödratandvård»>
1735 498 78 31 bort

327 543 147 31 ersättas
493 545 77 29 med
588 546 70 30 text
675 555 42 22 av
735 545 156 38 följande
908 547 144 38 lydelse:

371 595 198 34 »Utskottet
588 598 58 31 vill
669 599 115 31 erinra
805 609 56 21 om
882 602 50 29 att
952 610 42 21 en
1014 601 154 33 bärande
1188 603 135 38 princip
1344 605 94 29 inom
1459 606 65 29 den
1545 605 178 31 allmänna
1744 606 68 30 för-

325 649 187 39 säkringen
534 652 91 30 varit
646 654 51 29 att
719 653 69 31 rätt
810 654 51 30 till
883 655 194 38 ersättning
1099 655 53 31 för
1173 656 211 39 behandling
1404 658 63 31 hos
1490 659 118 30 läkare
1627 659 63 30 och
1713 661 99 29 tand-

326 703 117 31 läkare
469 705 238 38 regelmässigt
733 706 220 39 förknippats
978 709 77 30 med
1082 709 68 31 rätt
1174 710 49 29 till
1248 711 195 38 ersättning
1466 711 54 30 för
1544 721 95 21 resor
1662 711 10 31 i
1696 713 116 31 anled-

325 757 83 37 ning
430 767 41 21 av
494 758 110 31 sådan
626 758 221 40 behandling.
869 760 177 33 Utskottet
1069 762 115 30 finner
1206 763 70 31 inte
1298 764 75 30 skäl
1395 766 51 30 att
1468 765 9 30 i
1499 764 229 33 förevarande
1749 766 61 30 fall

325 811 156 37 tillämpa
508 811 113 38 någon
646 822 117 21 annan
787 814 136 37 princip
946 816 85 29 utan
1057 815 191 38 tillstyrker
1271 818 56 30 det
1349 817 158 37 yrkande
1530 828 74 20 som
1629 819 181 31 framförts

325 864 9 29 i
356 864 248 32 motionerna.»

367 926 37 34 b)
435 928 51 30 att
503 928 171 31 utskottet
690 928 79 32 bort
785 929 194 36 hemställa,

692 983 71 29 »att
781 983 184 37 riksdagen
984 985 77 29 med
1080 984 97 30 bifall
1196 985 51 29 till
1266 985 228 31 förevarande
1513 987 181 35 motioner,
1714 988 95 30 1:278

642 1034 64 31 och
729 1035 124 36 11:325,
875 1036 105 31 måtte
1002 1036 55 31 för
1078 1038 53 30 sin
1152 1038 53 30 del
1227 1040 126 36 antaga
1375 1039 157 37 följande
1553 1040 140 39 förslag,
1713 1042 98 29 näm-

643 1087 90 38 ligen

995 1214 143 36 Förslag

1039 1267 53 31 till

1031 1321 71 35 Lag

361 1370 175 35 angående
552 1371 130 30 ändrad
699 1372 130 35 lydelse
845 1382 42 20 av
904 1374 17 28 2
939 1373 77 36 kap.
1033 1375 17 28 5
1071 1375 14 34 8
1104 1374 99 36 lagen
1219 1375 65 30 den
1300 1376 39 29 25
1356 1377 69 36 maj
1445 1378 79 29 1962
1545 1379 58 32 (nr
1619 1379 76 32 381)
1716 1388 55 20 om

884 1426 130 30 allmän
1037 1427 209 36 försäkring.

365 1495 211 38 Härigenom
594 1496 195 35 förordnas,
807 1499 50 29 att
874 1498 18 29 2
910 1498 78 37 kap.
1005 1499 18 30 5
1043 1498 15 35 8
1077 1500 98 37 lagen
1193 1501 65 29 den
1274 1501 40 30 25
1331 1501 70 38 maj
1422 1502 83 30 1962
1522 1512 56 21 om
1595 1503 129 30 allmän
1740 1504 69 30 för-

321 1549 143 37 säkring
485 1549 89 30 skall
597 1550 131 30 erhålla
750 1551 133 30 ändrad
905 1552 129 36 lydelse
1054 1552 44 37 på
1118 1553 69 31 sätt
1208 1554 112 30 nedan
1341 1555 150 37 angives.

503 1630 182 34 (Gällande
707 1630 145 37 lydelse)

1252 1634 224 37 (Föreslagen
1502 1635 146 38 lydelse)

1027 1685 18 30 d
1067 1681 33 51 8.

361 1754 72 30 Har
457 1754 186 31 försäkrad
667 1754 148 38 åtnjutit
839 1755 196 36 läkarvård,

317 1807 273 31 tandläkarvård
606 1808 83 30 eller
704 1808 239 37 sjukhusvård
959 1818 75 22 som

316 1870 98 21 avses
439 1861 9 30 i
473 1862 20 29 2
518 1861 29 37 $,
572 1862 20 30 3
617 1862 18 34 $
657 1862 113 37 första
793 1862 135 36 stycket
950 1862 86 31 eller

315 1914 18 28 4
358 1913 29 37 $,
411 1914 101 37 utgår
535 1915 195 37 ersättning
752 1916 107 37 enligt
880 1916 65 30 vad
968 1915 66 31 Ko-

316 1974 138 30 nungen
475 1968 77 29 med
573 1967 183 39 riksdagen
776 1968 185 31 förordnar
978 1969 55 31 för

315 2019 143 38 utgifter
480 2020 9 30 i
511 2021 189 38 anledning
719 2031 42 21 av
781 2030 96 22 resor
896 2022 50 31 till
967 2022 66 31 och

316 2072 77 31 från
412 2072 156 37 läkaren,
586 2074 231 31 tandläkaren
834 2075 83 31 eller
934 2075 97 38 sjuk-

314 2125 355 40 vårdsinrättningen,
696 2128 63 30 där
783 2128 32 38 ej
843 2130 76 29 med
946 2129 85 31 hän-

314 2188 63 28 syn
394 2179 51 30 till
464 2189 120 21 resans
601 2179 102 39 längd
720 2184 92 29 samt
827 2182 65 31 den
909 2182 121 38 sjukes

314 2231 156 32 tillstånd
491 2233 156 38 skäligen
668 2234 136 32 kunnat
823 2235 137 32 fordras
978 2237 53 30 att

313 2285 68 30 han
401 2285 75 38 gått
497 2286 83 31 eller
602 2287 133 31 färdats
756 2288 44 37 på
822 2291 107 29 annat
948 2290 81 34 sätt,

312 2347 73 21 som
409 2338 76 32 icke
508 2339 102 32 krävt
629 2340 153 31 särskild
806 2342 159 31 kostnad.

1136 1757 70 30 Har
1231 1758 184 32 försäkrad
1441 1760 147 37 åtnjutit
1612 1761 196 37 läkarvård,

1093 1811 271 31 tandläkarvård
1380 1813 82 31 eller
1478 1813 239 37 sjukhusvård
1733 1825 75 21 som

1091 1872 97 22 avses
1212 1864 10 31 i
1244 1865 30 36 2,
1296 1866 20 29 3
1339 1865 84 31 eller
1444 1868 19 28 4
1487 1867 51 38 $$,
1564 1868 99 37 utgår
1686 1870 122 30 ersätt-

1092 1916 82 38 ning
1195 1918 106 37 enligt
1320 1920 65 29 vad
1408 1919 194 39 Konungen
1622 1922 77 30 med
1720 1923 88 29 riks-

1091 1970 109 37 dagen
1221 1970 185 32 förordnar
1426 1972 55 30 för
1500 1973 144 38 utgifter
1662 1975 10 30 i
1691 1976 117 30 anled-

1090 2023 83 38 ning
1197 2032 41 21 av
1263 2033 96 22 resor
1382 2026 51 30 till
1458 2026 65 30 och
1549 2027 78 31 från
1652 2028 155 36 läkaren,

1092 2076 228 31 tandläkaren
1365 2078 83 31 eller
1493 2079 314 37 sjukvårdsinrätt-

1088 2129 140 38 ningen,
1256 2130 62 31 där
1345 2131 31 37 ej
1405 2132 79 31 med
1511 2132 138 39 hänsyn
1677 2135 50 30 till
1756 2144 51 22 re-

1089 2191 81 22 sans
1190 2183 103 38 längd
1312 2187 91 28 samt
1421 2186 67 30 den
1507 2186 121 37 sjukes
1647 2188 158 31 tillstånd

1090 2235 155 38 skäligen
1265 2236 137 31 kunnat
1419 2238 139 32 fordras
1577 2242 51 29 att
1644 2240 70 32 han
1732 2241 74 38 gått

1088 2290 83 31 eller
1191 2284 134 38 färdats
1346 2292 43 37 på
1409 2295 109 29 annat
1536 2295 81 35 sätt,
1636 2304 74 21 som
1730 2296 76 30 icke

1090 2343 100 31 krävt
1213 2345 150 30 särskild
1387 2346 161 31 kostnad.

1133 2451 121 32 Denna
1272 2452 55 38 lag
1346 2453 116 31 träder
1479 2453 12 31 i
1507 2453 95 38 kraft
1620 2454 64 31 den
1705 2457 14 28 1
1738 2455 69 37 juli

1091 2505 93 31 1963.
