2224 2616
441 188 18 29 2
649 185 118 33 Andra
789 182 204 35 kammarens
1008 183 101 44 femte
1133 182 173 44 tillfälliga
1328 183 141 35 utskotts
1491 183 169 34 utlåtande
1682 196 42 21 nr
1746 187 28 29 4.

397 272 139 36 kofran
563 271 145 37 drifver
735 271 229 38 människan
993 277 55 32 att
1075 271 131 37 arbeta
1235 272 71 36 och
1335 277 209 43 anstränga
1571 271 73 49 sig,
1672 284 87 24 men
1788 271 97 37 dock
1913 271 35 48 ej
1964 274 42 34 så

398 322 122 49 långt,
559 327 55 32 att
653 322 247 49 bedrägerier
934 322 73 37 och
1034 322 104 47 svek,
1167 336 62 23 om
1258 327 47 32 än
1329 322 59 37 för
1415 322 241 38 närvarande
1685 322 234 49 oåtkomliga
1946 322 60 37 för

397 373 138 49 lagens
563 386 93 33 arm,
684 377 93 33 utan
804 373 235 49 gensägelse
1066 373 38 37 få
1130 373 149 37 florera.

529 423 77 50 Jag
645 423 146 38 känner
828 423 75 46 väl,
946 429 56 31 att
1033 423 302 50 penningväldet
1375 424 68 36 har
1484 429 150 32 enormt
1659 423 210 50 inflytande
1897 423 108 37 här
1985 419 23 59 i

396 473 172 48 världen,
609 487 87 24 men
728 474 77 36 min
832 474 200 37 moderata
1059 474 173 37 vördnad
1261 475 58 36 för
1346 474 215 37 detsamma
1589 475 74 36 kan
1692 475 34 48 ej
1755 474 144 37 afhålla
1927 474 79 49 mig

396 524 87 37 från
511 530 55 31 att
590 525 109 49 yrka,
728 525 64 36 det
819 525 115 37 äfven
962 525 104 37 detta
1094 525 98 37 skall
1219 525 122 36 hållas
1367 525 103 36 inom
1486 525 152 48 rimliga
1652 530 175 44 gränser,
1843 524 161 37 emedan

396 575 12 36 i
450 580 159 32 motsatt
648 575 68 36 fall
757 575 66 37 allt
862 575 55 37 tal
951 588 61 24 om
1041 575 115 37 frihet
1183 575 72 37 och
1283 575 175 37 välstånd
1486 576 61 37 för
1573 575 141 37 folkets
1743 575 121 37 flertal
1890 588 115 36 synes

396 625 82 50 mig
504 639 93 23 vara
624 630 55 32 ett
705 631 86 31 rent
817 639 182 24 nonsens.

531 676 47 37 Vi
617 676 117 37 hafva
772 676 122 38 under
921 680 122 45 några
1070 676 80 37 helt
1177 677 158 49 nyligen
1361 680 158 47 gångna
1547 680 40 34 år
1615 677 144 47 erfarit,
1788 677 97 37 huru
1910 690 29 24 s.
1967 677 37 37 k.

396 726 254 50 fondpapper,
687 732 97 32 trots
812 727 198 37 desamma
1033 727 143 37 lämnat
1203 727 112 50 ringa
1342 728 213 49 utdelning,
1580 727 233 50 uppdrifvits
1840 727 56 37 till
1922 741 83 23 oer-

396 777 122 37 hörda
545 777 142 37 värden
717 778 71 36 och
810 778 99 36 varit
936 777 160 38 föremål
1124 778 59 37 för
1206 785 86 30 rent
1318 779 212 36 förödande
1558 779 205 46 kommers,
1791 778 35 49 ej
1854 778 60 37 för
1941 778 66 37 det

396 841 90 23 man
524 828 83 36 haft
634 828 210 49 anledning
870 829 177 36 förmoda
1074 828 65 37 det
1163 829 217 37 afkomsten
1401 829 42 37 af
1453 829 86 37 dem
1560 829 11 36 i
1586 842 46 24 en
1648 829 86 37 hast
1749 828 123 38 skulle
1890 828 115 49 stiga,

396 884 95 31 utan
518 878 141 47 därför,
688 883 55 32 att
770 879 73 36 den
872 892 73 24 ena
972 879 169 49 köparen
1170 880 43 36 af
1233 880 142 36 sådana
1402 879 150 50 lyckats
1580 879 83 37 lura
1683 880 74 36 den
1772 884 123 32 nästa.
1931 879 76 37 Det

397 929 77 36 kan
514 929 164 37 förvisso
719 929 34 48 ej
794 943 92 23 vara
926 929 71 37 rim
1038 930 72 37 och
1136 943 115 23 reson
1278 930 54 37 uti
1361 935 55 32 att
1440 930 128 37 lämna
1595 930 73 37 den
1697 930 102 37 vilda
1827 929 179 50 spekula-

398 980 131 37 tionen
557 979 12 37 i
597 980 208 36 allmänhet
831 980 83 37 fritt
942 979 181 50 spelrum,
1152 994 87 23 men
1268 986 99 32 ännu
1392 980 149 38 mindre
1564 981 75 37 kan
1663 981 64 36 det
1741 980 138 50 bringa
1893 980 113 49 lycka

399 1033 39 34 åt
478 1030 89 37 land
608 1031 71 37 och
708 1030 92 47 folk,
828 1036 55 31 att
911 1031 300 37 statsmakterna
1239 1031 85 37 med
1353 1031 93 49 lugn
1475 1035 77 44 åse,
1579 1032 97 36 huru
1701 1044 44 24 en
1775 1031 144 49 mängd
1948 1044 58 24 ar-

399 1080 127 38 betets
567 1081 70 37 och
677 1081 261 37 försakelsens
977 1081 94 37 barn
1098 1087 86 31 rent
1213 1082 41 36 af
1278 1082 102 37 luras
1409 1087 55 32 att
1491 1082 194 49 nedlägga
1709 1081 83 37 sina
1820 1087 83 31 surt
1930 1081 76 37 för-

399 1132 185 37 värfvade
611 1131 309 49 sparpenningar
956 1131 55 37 uti
1038 1145 158 36 papper,
1221 1132 130 37 hvilka
1378 1137 65 32 äro
1472 1132 69 37 bra
1563 1132 83 37 litet
1673 1132 119 37 värda
1818 1133 59 36 för
1905 1131 100 48 dem,

399 1181 131 38 hvilka
556 1182 83 37 icke
664 1182 122 37 förstå
813 1188 55 31 att
895 1182 89 36 med
1012 1182 143 37 sådana
1179 1182 126 38 drifva
1322 1183 178 49 geschäft
1516 1183 69 37 och
1599 1183 225 49 därigenom
1839 1186 166 46 mången

397 1235 108 47 gång
532 1232 157 49 bringas
717 1232 55 37 till
802 1232 296 50 tiggarstafven.

532 1283 221 49 Riksdagen
776 1283 69 37 har
868 1287 108 46 gång
999 1284 99 36 efter
1121 1297 126 23 annan
1267 1283 140 37 afvisat
1425 1284 148 49 förslag
1592 1297 60 23 om
1672 1284 200 37 införande
1893 1284 41 37 af
1951 1288 55 33 ett

399 1333 239 48 statslotteri,
671 1334 160 37 emedan
860 1334 74 36 den
964 1335 201 46 förmenat,
1195 1340 56 31 att
1278 1340 54 31 ett
1359 1335 138 37 sådant
1523 1348 90 24 vore
1639 1335 145 48 ägnadt
1811 1340 55 32 att
1889 1334 117 50 högst

399 1384 162 50 menligt
586 1384 159 37 inverka
770 1388 49 46 på
846 1387 84 34 vårt
950 1384 100 37 folks
1078 1385 130 42 moral,
1234 1398 85 24 men
1339 1385 47 36 de
1405 1385 182 48 lotterier,
1605 1385 129 37 hvilka
1752 1385 12 37 i
1782 1385 116 49 riklig
1917 1388 87 34 mån

399 1435 312 37 tillhandahållas
752 1436 42 36 af
832 1435 267 37 fondmäklare
1141 1436 72 36 och
1253 1435 11 36 i
1304 1436 217 37 bankernas
1562 1435 341 50 fondafdelningar
1935 1436 70 37 har

400 1499 90 23 man
517 1486 144 36 lämnat
687 1486 12 36 i
727 1499 53 34 ro,
809 1486 121 36 ehuru
960 1486 196 36 desamma
1183 1486 164 37 förvisso
1376 1486 272 37 åstadkommit
1674 1487 89 36 vida
1790 1499 81 24 mer
1898 1486 104 37 ondt.

535 1536 237 48 Visserligen
813 1537 155 36 utöfvas
1009 1536 113 37 äfven
1164 1536 62 37 vid
1255 1536 130 50 vanlig
1412 1536 142 37 handel
1581 1536 221 49 betänkliga
1829 1536 176 38 falsarier

400 1587 73 37 och
510 1586 258 50 bedrägerier,
809 1600 86 24 men
939 1587 97 36 huru
1077 1586 217 50 beklagligt
1331 1587 105 37 detta
1476 1592 48 32 än
1566 1592 52 43 är,
1647 1587 75 37 kan
1750 1588 65 36 det
1842 1587 99 38 dock
1969 1588 34 48 ej

359 1644 10 7 ”
393 1637 189 49 jämföras
610 1637 87 38 med
725 1638 75 37 den
827 1637 309 38 okontrollerade
1164 1637 168 37 handeln
1360 1638 86 37 med
1475 1638 133 47 aktier,
1630 1638 373 49 delaktighetsbevis

399 1688 72 37 och
500 1687 134 50 dylikt,
662 1694 42 43 ty
731 1688 82 37 dels
841 1688 154 37 mäktar
1022 1688 79 37 folk
1129 1688 119 37 oftast
1275 1688 62 37 vid
1366 1689 132 49 vanlig
1525 1689 225 50 köpenskap
1771 1689 232 37 åtminstone

397 1739 11 35 i
449 1741 128 47 någon
617 1742 88 34 mån
746 1738 174 48 bedöma,
962 1739 157 37 hvarom
1161 1740 111 48 fråga
1306 1745 51 41 är,
1386 1739 83 37 dels
1498 1744 41 32 är
1568 1740 64 36 det
1659 1739 48 37 då
1734 1739 35 49 ej
1797 1739 121 37 utsikt
1945 1739 58 37 till

398 1788 197 38 »rikedom
636 1795 94 31 utan
771 1789 169 47 arbete»,
974 1803 82 23 som
1088 1789 132 38 lockar
1248 1789 79 37 folk
1356 1795 56 32 att
1439 1790 208 49 godtroget
1675 1791 93 36 offra
1796 1789 84 38 sina
1908 1790 95 37 sista

395 1839 146 38 slantar
567 1843 48 46 på
642 1853 213 24 mammons
883 1839 131 38 altare.

531 1890 89 37 Man
659 1890 70 38 har
768 1893 141 46 många
948 1893 148 47 gånger
1137 1890 105 37 inom
1270 1890 222 50 Riksdagen
1526 1890 241 50 oförtydbart
1795 1889 209 39 framhållit

397 1940 339 49 nödvändigheten
773 1941 41 37 af
843 1946 55 32 att
920 1941 401 49 jordbruksnäringen
1349 1961 45 4 —
1423 1940 79 37 tills
1531 1941 130 37 vidare
1689 1941 12 37 i
1727 1940 104 38 vissa
1858 1941 69 37 fall
1955 1960 47 5 —

396 1990 71 37 bör
507 1991 131 37 ställas
680 1991 121 37 under
833 1991 278 47 statskontroll,
1139 1994 49 47 på
1216 1991 66 37 det
1308 1991 225 38 densamma
1559 1997 76 32 rätt
1659 1995 60 34 må
1745 1991 257 47 handhafvas,

392 2041 54 49 ja,
476 2041 112 37 äfven
618 2047 87 41 sett,
734 2047 55 32 att
817 2055 46 23 en
886 2042 80 49 god
995 2042 61 36 del
1084 2042 42 37 af
1151 2045 91 34 våra
1269 2042 123 49 öfriga
1420 2041 409 50 produktionsföretag
1849 2042 68 37 där
1936 2047 66 32 äro

396 2091 161 38 föremål
597 2091 59 37 för
683 2097 126 32 ömma
836 2105 213 36 omsorger,
1076 2092 72 37 och
1177 2093 117 46 detta,
1322 2093 120 36 ehuru
1472 2097 55 32 ett
1553 2092 92 38 fåtal
1673 2092 199 38 vårdslösa
1895 2092 108 49 jord-

395 2141 186 38 brukares
624 2141 72 37 och
735 2142 320 38 industriidkares
1083 2143 83 36 ruin
1191 2142 69 38 bra
1287 2143 83 37 litet
1398 2142 125 38 skulle
1550 2142 159 38 inverka
1735 2146 50 46 på
1812 2146 84 34 vårt
1922 2142 80 37 väl-

394 2192 243 48 befinnande,
679 2206 86 24 men
805 2198 68 32 när
914 2193 71 37 har
1023 2193 170 49 påvisats
1235 2193 74 37 den
1350 2198 103 32 stora
1486 2193 99 38 våda
1617 2193 80 37 folk
1724 2193 107 49 löper
1858 2205 142 37 genom

395 2241 309 39 okontrollerade
744 2243 312 49 penningaffärer
1098 2243 43 37 af
1175 2242 75 39 den
1291 2249 58 31 art
1386 2244 70 49 jag
1489 2243 69 38 här
1596 2244 146 50 antydt,
1784 2243 73 37 och
1885 2242 116 37 likväl
