1901 2834
272 137 18 30 8
462 138 187 29 Allmänna
673 136 397 41 beredningsutskoltets
1094 136 178 31 utlåtande
1295 146 41 21 nr
1358 136 41 30 38
1420 136 39 31 år
1484 136 82 30 1967

271 220 211 30 kommande
512 219 441 41 spänningsförhållanden
982 219 128 30 mellan
1138 218 89 41 polis
1257 219 64 29 och
1350 219 201 30 allmänhet.
1581 218 178 30 Utskottet

271 275 125 34 finner,
419 277 49 28 att
490 275 114 29 denna
625 273 265 41 undersökning
908 291 29 3 —
973 283 79 21 vars
1073 273 146 30 resultat
1242 273 205 30 förutsättes
1469 273 143 30 komma
1633 274 50 29 att
1705 274 53 28 ut-

269 329 134 40 nyttjas
425 330 57 29 vid
507 329 164 29 fortsatta
695 328 262 39 överväganden
981 327 149 30 rörande
1154 328 155 29 metoder
1334 329 49 28 att
1409 327 109 40 skapa
1542 327 216 30 förbättrade

269 384 185 29 relationer
473 401 44 3 —
536 384 11 28 i
568 383 160 39 förening
749 383 79 29 med
848 382 68 30 den
936 392 42 20 av
996 382 339 39 rikspolisstyrelsen
1357 381 208 30 förberedda
1584 381 173 40 kartlägg-

269 438 128 39 ningen
419 447 41 20 av
483 437 286 30 erfarenheterna
790 436 80 30 från
891 437 44 29 bl.
951 446 28 20 a.
1003 436 328 40 polisnämndernas
1352 436 223 29 verksamhet
1597 436 159 29 kommer

269 494 50 27 att
343 492 12 29 i
378 492 171 39 väsentlig
574 491 83 30 mån
681 491 99 39 ljäna
807 490 105 40 syftet
938 490 78 30 med
1043 491 56 29 det
1125 490 12 29 i
1161 489 221 31 motionerna
1406 489 108 31 I1:664
1541 490 65 29 och
1631 489 46 30 II:
1692 488 63 30 582

268 546 111 29 under
402 547 159 38 punkten
582 546 39 30 b)
648 547 180 38 upptagna
850 544 390 40 utredningsyrkandet.
1265 545 175 29 Utskottet
1464 544 117 30 finner
1605 544 50 39 sig
1679 543 77 30 där-

269 600 54 30 för
345 600 75 29 icke
442 600 84 30 böra
547 600 186 39 tillstyrka,
757 602 49 27 att
829 609 42 20 en
894 599 151 30 särskild
1067 598 187 40 utredning
1275 598 178 30 tillkallas.

312 664 13 29 I
346 663 219 31 sistnämnda
584 663 171 30 motioner
775 663 64 29 har
859 662 110 30 under
989 663 159 39 punkten
1168 662 36 34 a)
1228 662 123 40 yrkats
1370 661 187 40 utredning
1578 661 177 40 angående

267 718 67 29 den
358 718 160 39 allsidiga
540 717 291 40 kriminologiska
854 717 64 30 och
942 716 321 40 rättssociologiska
1287 715 229 40 forskningen
1540 716 66 29 och
1630 715 126 30 under-

266 772 183 40 visningen
472 773 90 29 samt
584 771 415 40 forskarrekryteringen.

311 827 176 29 Utskottet
503 827 59 29 vill
578 826 118 30 härtill
715 826 197 34 framhålla,
931 828 49 27 att
998 826 56 29 det
1072 826 205 29 ankommer
1294 825 46 39 på
1356 824 399 30 universitetskanslers-

267 881 149 28 ämbetet
441 881 89 28 bl.a.
556 882 49 27 att
631 880 88 37 följa
744 879 248 38 forskningens
1017 880 65 28 och
1107 879 261 37 utbildningens
1393 878 209 38 utveckling,
1628 878 127 28 villkor

267 933 64 30 och
349 933 111 31 behov
480 935 89 28 samt
589 935 49 28 att
657 933 107 30 verka
783 932 54 31 för
857 934 49 28 att
925 932 246 40 utbildningen
1188 932 51 30 till
1258 931 156 31 innehåll
1433 931 65 30 och
1516 930 238 41 organisation

265 988 179 29 utvecklas
469 988 9 29 i
504 988 76 29 takt
604 987 80 29 med
709 987 247 39 forskningens
982 986 168 40 framsteg
1175 987 64 29 och
1264 995 169 30 anpassas
1458 986 87 29 efter
1572 985 182 30 samhälls-

265 1042 100 28 livets
386 1042 96 29 krav.
506 1041 121 30 Såsom
648 1041 193 29 redovisats
863 1041 11 29 i
897 1040 91 30 årets
1011 1040 411 40 statsverksproposition
1442 1039 65 30 har
1529 1040 149 29 ämbetet
1700 1039 54 29 till

266 1096 53 29 sin
346 1095 404 39 anslagsframställning
777 1095 54 29 för
858 1094 203 40 budgetåret
1091 1094 140 33 1967/68
1259 1094 94 39 fogat
1380 1103 42 20 en
1450 1093 304 40 utbyggnadsplan

267 1149 54 30 för
350 1158 69 31 nya
448 1149 221 39 professurer
698 1149 64 29 och
792 1149 227 29 laboraturer.
1049 1148 191 39 Förslagen
1269 1148 64 29 har
1364 1148 212 29 karaktären
1607 1157 43 19 av
1680 1147 72 29 s.k.

265 1203 159 30 rullande
440 1203 225 40 femårsplan.
681 1202 67 31 För
762 1202 204 40 budgetåret
984 1201 140 33 1969/70
1140 1202 63 29 har
1218 1202 44 30 bl.
1278 1211 28 20 a.
1322 1201 179 40 upptagits
1515 1210 42 21 en
1573 1200 180 40 professur

264 1258 10 27 i
300 1257 263 39 rättssociologi,
590 1257 89 29 dock
704 1258 85 27 utan
815 1257 161 28 närmare
1002 1256 243 39 preciserande
1271 1265 41 20 av
1339 1255 323 29 ämnesinnehållet.

308 1311 175 29 Utskottet
511 1311 205 29 förutsätter
744 1312 48 28 att
820 1309 258 31 vederbörande
1107 1309 359 39 fakultetsberedning
1493 1309 65 29 och
1584 1307 169 31 universi-

263 1365 383 29 tetskanslersämbetet
669 1366 83 27 utan
773 1364 104 39 något
898 1363 206 39 riksdagens
1125 1363 151 29 initiativ
1295 1363 151 29 bevakar
1467 1363 66 28 den
1555 1363 11 28 i
1587 1362 166 29 motions-

262 1418 173 39 yrkandet
456 1418 151 30 avsedda
627 1417 124 40 frågan
772 1418 64 29 och
857 1417 116 29 finner
995 1417 50 39 sig
1065 1417 78 29 icke
1161 1417 85 29 böra
1266 1416 177 40 tillstyrka
1465 1415 151 30 särskild
1636 1415 117 30 utred-

263 1473 93 38 ning.

308 1526 12 29 I
341 1526 56 30 det
419 1526 62 30 sist
502 1525 217 30 behandlade
737 1525 253 39 motionsparet
1011 1525 64 29 har
1096 1525 163 39 slutligen
1279 1525 123 39 yrkats
1421 1524 188 39 utredning
1629 1533 43 20 av
1691 1523 61 30 vil-

263 1580 67 29 ken
352 1580 170 29 inverkan
544 1580 93 29 olika
659 1579 160 40 åtgärder
842 1579 182 40 företagna
1045 1588 41 21 av
1106 1578 422 40 barnavårdsmyndighet
1551 1578 82 29 eller
1655 1578 96 29 inom

263 1634 299 29 kriminalvården
587 1633 77 30 haft
688 1633 45 40 på
758 1633 436 39 återfallsbrottsligheten.

307 1688 13 28 I
349 1688 56 29 det
435 1687 37 30 år
504 1687 83 29 1964
616 1687 196 39 framlagda
839 1686 237 30 betänkandet
1107 1686 444 39 »Behandlingsforskning
1578 1686 59 29 vid
1665 1693 86 31 unsg-

262 1741 392 30 domsvårdsskolorna>
685 1740 100 35 (SOU
809 1740 174 33 1964:24)
1009 1741 64 28 har
1094 1740 145 34 anförts,
1263 1742 50 27 att
1335 1739 230 40 forskningen
1586 1739 58 30 vid
1665 1746 86 32 ung-

262 1795 373 30 domsvårdsskolorna
656 1795 80 29 från
756 1794 127 39 början
901 1794 62 30 bör
985 1794 217 39 organiseras
1223 1794 45 39 på
1290 1794 124 29 sådant
1435 1794 68 29 sätt
1525 1796 49 27 att
1596 1793 67 29 den
1683 1793 67 29 blir

262 1848 137 30 flexibel
424 1849 65 29 och
515 1857 120 21 senare
660 1849 70 29 kan
755 1848 158 30 anslutas
936 1848 53 29 till
1014 1857 42 20 en
1082 1847 427 39 forskningsverksamhet
1535 1847 79 29 med
1640 1847 110 29 större

261 1903 108 29 bredd
396 1902 66 30 vad
492 1912 98 20 avser
618 1902 87 29 både
735 1902 203 30 samhällets
967 1901 154 39 åtgärds-
1151 1902 65 29 och
1243 1901 311 39 reaktionssystem
1583 1900 45 40 på
1656 1900 94 30 olika

260 1956 167 30 områden
448 1957 64 28 och
534 1956 95 29 olika
649 1956 200 29 företeelser
870 1956 96 29 inom
988 1955 247 30 socialvården.

304 2010 176 29 Utskottet
500 2009 64 30 har
585 2010 11 29 i
617 2009 59 30 sitt
696 2009 181 30 utlåtande
898 2018 41 20 nr
961 2008 39 30 25
1023 2009 94 30 detta
1138 2009 37 29 år
1196 2009 11 29 i
1229 2008 187 40 anledning
1437 2018 42 20 av
1499 2008 172 29 motioner
1692 2016 56 21 om

259 2064 305 39 ungdomsvården
587 2063 244 30 understrukit
855 2063 298 39 socialstyrelsens
1174 2062 181 30 uttalande
1379 2071 56 20 om
1458 2064 49 27 att
1531 2061 218 39 forsknings-

260 2118 145 29 behovet
423 2119 37 28 är
479 2117 192 39 trängande
689 2118 64 28 och
771 2119 50 27 att
839 2117 124 39 frågan
981 2126 56 20 om
1055 2116 199 29 inrältande
1272 2126 42 20 av
1331 2118 48 27 ett
1397 2123 108 32 organ
1524 2116 54 29 för
1595 2115 153 30 behand-

259 2171 278 39 lingsforskning
558 2172 71 29 inte
651 2172 119 37 längre
791 2172 62 28 bör
875 2170 224 40 uppskjutas.
1122 2170 52 29 Då
1196 2170 142 29 ärendet
1360 2170 106 39 ligger
1489 2169 111 29 under
1621 2169 125 39 Kungl.

259 2225 124 39 Maj:ts
404 2225 171 39 prövning
596 2225 63 29 har
680 2225 171 29 utskottet
873 2226 113 28 ansett
1009 2224 50 39 sig
1081 2224 122 30 kunna
1223 2224 198 34 förutsätta,
1445 2226 49 27 att
1517 2223 123 39 frågan
1661 2225 86 27 utan

260 2279 103 39 något
381 2279 207 39 riksdagens
605 2279 151 29 initiativ
773 2279 142 38 bringas
932 2278 53 30 till
1004 2287 42 21 en
1064 2278 147 39 lösning.

304 2333 110 39 Syftet
436 2333 79 29 med
538 2333 56 29 det
616 2341 48 20 nu
687 2332 197 30 framförda
905 2331 380 40 utredningsyrkandet
1310 2340 101 31 synes
1433 2331 211 39 tillgodosett
1667 2330 80 30 med

259 2387 198 29 inrättande
487 2396 42 20 av
557 2389 48 27 ett
635 2386 121 40 dylikt,
787 2386 155 29 flexibelt
972 2386 177 39 uppbyggt
1179 2394 107 30 organ
1317 2385 54 29 för
1400 2384 347 40 behandlingsforsk-

258 2441 93 39 ning,
374 2441 62 29 och
460 2441 170 29 utskottet
651 2440 59 29 vill
733 2440 119 29 därför
875 2440 79 29 med
976 2439 212 40 hänvisning
1209 2439 52 30 till
1285 2439 59 30 sitt
1367 2448 88 20 ovan
1478 2438 194 40 åberopade
1695 2440 52 27 ut-

258 2494 139 30 talande
418 2495 166 38 avstyrka
604 2494 198 39 ytterligare
824 2493 198 39 utredning.
