2222 2650
710 216 311 29 Jordbruksutskottets
1046 215 145 29 utlåtande
1215 215 45 28 Nr
1285 216 50 27 64.
1785 213 38 29 19

231 311 41 2 —
297 295 144 38 exempel
477 295 75 29 härå
589 297 53 27 äro
678 294 418 30 tertiärstationsområdena
1132 294 52 30 vid
1220 294 179 35 Mariefred,
1434 293 115 38 Väsby,
1575 293 126 39 Grillby
1726 303 41 20 m.
1794 294 30 29 fl.

229 339 115 29 ställen
368 356 42 4 —
433 339 35 30 så
491 342 87 34 tager
601 340 169 28 samhället
795 339 9 29 i
828 341 89 36 fråga
940 339 86 30 hand
1051 349 52 19 om
1128 339 49 29 sin
1202 338 206 30 distribution
1432 338 48 29 för
1503 337 57 38 sig,
1584 338 102 29 under
1710 338 54 29 det
1780 341 46 26 att

229 382 267 31 konsumenterna
519 385 18 28 å
561 383 61 29 den
646 394 76 19 rena
744 383 220 39 landsbygden
988 384 235 29 sammansluta
1247 383 47 37 sig
1317 383 49 29 till
1391 392 39 20 en
1454 391 77 28 egen
1556 382 268 39 andelsförening,

228 427 108 30 vilken
361 428 193 38 ombesörjer
578 428 247 29 distributionen
848 429 49 28 för
920 428 112 30 denna.
1081 428 122 29 Saknas
1228 427 111 38 dylika
1361 426 189 35 samhällen,
1576 426 62 29 blir
1660 426 54 29 det
1730 427 94 37 givet-

229 471 46 30 vis
311 472 200 29 sistnämnda
546 472 257 38 andelsförening
837 482 69 19 som
945 472 265 37 omhändertager
1245 471 43 29 all
1317 470 204 30 distribution
1546 470 49 29 till
1620 470 69 30 icke
1713 470 111 30 endast

227 516 189 38 jordbruket
439 519 78 27 utan
542 518 79 27 även
645 516 188 31 hantverket
857 516 59 30 och
941 516 159 29 hemmen.

340 569 60 29 Det
424 571 130 33 ortsnät,
580 578 68 20 som
675 569 296 37 andelsföreningen
996 569 94 35 utför,
1117 569 57 29 har
1199 568 143 39 följande
1366 567 202 37 omfattning.
1607 568 81 28 Från
1705 570 119 27 vatten-

227 614 247 37 fallsstyrelsens
498 613 228 29 tertiärstation
751 613 117 39 bygger
891 613 298 38 andelsföreningen
1213 612 95 39 linjer
1331 613 49 29 för
1406 610 95 37 1,600
1526 611 76 30 eller
1627 611 96 36 3,200
1748 612 76 35 volt,

228 657 58 30 allt
310 659 79 28 efter
412 667 69 20 som
505 657 340 39 vattenfallsstyrelsen
869 658 107 29 funnit
1000 658 61 29 den
1086 667 60 20 ena
1170 657 76 29 eller
1270 656 99 30 andra
1384 656 198 39 spänningen
1600 655 134 39 lämplig
1749 657 75 28 med

228 702 125 39 hänsyn
377 702 49 29 till
450 702 39 29 de
513 702 157 30 särskilda
694 702 252 36 förhållandena,
971 702 67 29 dels
1062 702 50 29 till
1136 702 64 29 alla
1224 704 98 27 större
1346 700 122 38 gårdar,
1493 700 68 30 dels
1584 700 49 29 till
1656 700 77 38 byar
1749 700 76 30 eller

227 747 49 28 till
305 756 137 29 grupper
470 756 38 20 av
532 746 126 30 mindre
682 747 121 37 gårdar.
852 747 62 29 Till
938 746 91 30 dessa
1053 746 166 38 ledningar
1243 746 169 38 inkopplas
1436 747 98 27 större
1558 747 138 27 motorer
1720 744 104 31 direkt

227 791 53 29 vid
316 791 142 29 nämnda
492 793 97 28 större
625 791 121 38 gårdar,
784 791 77 39 byar
896 791 76 30 eller
1000 801 137 29 grupper
1161 801 39 20 av
1223 790 125 29 mindre
1372 789 122 39 gårdar,
1518 799 75 20 men
1617 789 144 30 anslutas
1784 799 40 20 av

226 835 299 38 andelsföreningen
560 836 172 29 bekostade
768 836 276 29 transformatorer
1079 836 49 29 för
1162 834 327 38 nedtransformering
1512 844 38 19 av
1575 836 176 27 strömmen
1775 834 48 30 till

225 879 154 39 lämpliga
400 880 193 39 spänningar
608 880 46 29 för
670 881 125 37 lampor
811 880 58 30 och
887 881 217 29 småmotorer.
1139 879 158 38 Slutligen
1314 878 195 38 framdrager
1525 877 299 39 andelsföreningen

226 924 393 39 lågspänningsledningar
642 925 71 28 från
738 924 199 30 sistnämnda
961 924 147 30 kvartära
1130 924 278 29 transformatorer
1432 922 49 30 till
1505 922 39 30 de
1561 922 132 30 enstaka
1710 922 113 30 konsu-

226 973 175 25 menterna.
448 969 280 29 Konsumenterna
764 969 105 29 betala
897 968 143 30 däremot
1067 969 104 38 själva
1194 968 70 30 sina
1287 967 231 30 installationer
1541 967 88 29 inom
1654 977 80 28 egna
1757 968 65 37 går-

225 1012 57 30 dar
305 1013 59 30 och
389 1012 154 31 bostäder.

339 1067 14 28 I
378 1066 105 38 regeln
507 1066 132 30 bekosta
662 1067 307 38 statsinstitutioner,
994 1066 193 30 kommuner
1210 1066 60 29 och
1293 1065 200 30 industriella
1509 1065 195 29 abonnenter
1720 1065 102 38 själva

226 1111 39 29 de
289 1111 175 38 ledningar,
489 1121 68 20 som
583 1111 156 30 erfordras
763 1112 70 29 från
858 1111 314 30 tertiärstationerna.
1219 1110 170 38 Undantag
1412 1112 88 36 göres
1524 1109 91 36 dock,
1633 1109 57 30 där
1707 1119 38 19 en
1762 1112 60 27 och

225 1165 126 20 samma
381 1156 130 37 ledning
534 1156 82 30 skall
640 1157 176 38 tjänstgöra
840 1157 49 29 för
911 1156 77 29 flera
1011 1156 237 29 konsumenter.
1297 1155 16 29 I
1337 1155 119 30 sådana
1479 1154 57 30 fall
1561 1154 118 29 brukar
1702 1157 120 27 vatten-

225 1200 229 39 fallsstyrelsen
489 1200 103 39 bygga
626 1201 62 29 den
723 1210 240 29 gemensamma
995 1200 171 39 ledningen
1195 1200 59 30 och
1278 1199 121 30 fördela
1423 1198 229 30 årskostnaden
1675 1199 49 29 för
1747 1198 75 30 den-

225 1254 125 20 samma
374 1246 18 28 å
415 1245 280 35 konsumenterna,
720 1246 50 29 för
794 1248 46 27 att
863 1246 69 29 icke
955 1245 258 38 ledningsfrågan
1236 1244 83 30 skall
1342 1244 86 30 bliva
1444 1243 130 38 onödigt
1590 1243 228 39 komplicerad.

336 1298 15 29 I
375 1298 83 30 vissa
481 1298 57 29 fall
562 1299 82 29 hava
667 1299 270 30 konsumenterna
961 1298 102 30 bildat
1086 1297 181 39 aktiebolag
1290 1297 11 29 i
1324 1297 106 30 stället
1450 1297 49 29 för
1515 1296 301 38 andelsföreningar.

224 1342 113 30 Denna
366 1343 81 29 form
471 1343 49 29 för
544 1343 368 38 sammanslutningarna
935 1343 58 29 bar
1016 1343 187 38 föredragits
1226 1345 22 26 t.
1275 1351 48 20 ex.
1348 1342 10 29 i
1381 1341 84 30 vissa
1487 1341 268 29 villasamhällen.
1803 1342 16 27 I

223 1390 79 26 stort
323 1390 60 26 sett
400 1387 170 30 handhava
586 1387 141 30 nämnda
744 1387 94 39 bolag
854 1387 245 30 distributionen
1116 1388 42 38 på
1173 1396 122 20 samma
1310 1388 62 27 sätt
1388 1396 69 20 som
1474 1385 342 38 andelsföreningarna.

224 1430 233 40 Särskiljandet
481 1441 38 20 av
543 1432 270 30 konsumenterna
837 1431 79 31 efter
937 1431 90 30 deras
1045 1431 221 31 beskaffenhet
1281 1430 164 39 tillämpas
1461 1430 116 36 därför,
1595 1432 47 27 att
1658 1429 39 30 de
1714 1429 104 30 skilda

223 1475 165 37 intressen,
413 1486 69 20 som
506 1477 171 29 förefinnas
701 1477 87 30 inom
814 1477 70 30 stad
909 1477 59 30 och
992 1478 41 37 på
1055 1476 110 30 landet
1188 1475 177 39 respektive
1390 1475 57 30 hos
1463 1474 177 30 industrien
1657 1474 60 30 och
1732 1474 85 39 jord-

223 1520 125 39 bruket,
383 1521 69 30 icke
487 1521 74 30 med
588 1521 102 30 fördel
713 1522 111 29 kunna
846 1521 275 39 sammanjämkas
1144 1521 89 29 inom
1257 1530 39 19 en
1319 1520 59 30 och
1402 1529 125 21 samma
1550 1519 265 38 andelsförening.

334 1565 305 39 Andelsföreningen
673 1567 59 29 har
759 1566 11 29 i
799 1569 78 27 stort
901 1570 61 26 sett
986 1568 175 28 ensamrätt
1185 1568 47 27 att
1255 1565 191 30 distribuera
1469 1564 85 30 kraft
1578 1564 49 30 för
1650 1564 165 39 jordbruk,

223 1610 156 30 hantverk
413 1611 59 29 och
508 1611 75 29 hem
618 1611 88 30 inom
742 1611 54 30 det
830 1611 139 36 område,
1000 1621 69 20 som
1093 1610 139 30 tilldelas
1257 1610 196 29 densamma.
1500 1609 70 29 Den
1594 1608 58 30 har
1675 1609 18 29 å
1718 1608 99 30 andra

221 1654 93 30 sidan
337 1655 182 39 skyldighet
543 1659 46 26 att
612 1655 10 29 i
647 1656 140 38 enlighet
811 1656 73 30 med
907 1659 85 33 taxa,
1017 1665 69 21 som
1110 1655 184 38 godkännes
1316 1664 37 20 av
1369 1653 351 39 vattenfallsstyrelsen,
1737 1653 80 30 efter

221 1699 159 38 enhetliga
403 1700 137 38 grunder
563 1700 109 30 lämna
695 1700 86 30 kraft
804 1700 50 30 till
877 1711 55 19 var
955 1701 59 29 och
1038 1710 39 20 en
1100 1699 187 30 förbrukare
1310 1699 88 29 inom
1422 1698 70 30 dess
1512 1698 140 30 område.
1684 1698 132 30 Andels-

221 1744 238 38 föreningarnas
488 1745 376 30 distributionsområden
887 1745 142 38 inläggas
1053 1746 44 34 så,
1123 1747 46 27 att
1193 1743 39 30 de
1256 1746 176 36 noggrannt
1456 1743 126 30 ansluta
1605 1743 48 37 sig
1676 1742 49 30 till
1748 1752 67 21 var-

221 1788 108 37 andra,
366 1790 34 28 så
435 1792 46 27 att
515 1789 69 30 icke
619 1790 95 38 något
749 1790 130 30 område
913 1790 88 30 inom
1026 1789 39 30 de
1089 1788 204 38 landsändar,
1317 1798 69 20 som
1411 1788 125 29 beröras
1560 1797 39 20 av
1623 1790 106 33 näten,
1755 1787 62 30 blir

220 1833 88 30 ställt
343 1835 127 28 utanför
504 1834 39 30 de
576 1834 162 36 områden,
775 1834 47 30 dit
858 1834 334 38 andelsföreningarna
1222 1835 53 27 äro
1303 1832 147 39 skyldiga
1473 1835 47 27 att
1542 1832 137 30 leverera
1704 1834 109 34 ström,

220 1880 80 27 även
324 1888 52 19 om
400 1878 53 30 det
476 1879 50 29 för
549 1879 140 30 tillfället
713 1879 70 29 icke
807 1879 101 30 finnes
931 1880 105 37 någon
1059 1877 294 31 kraftkonsumtion
1377 1877 171 30 därstädes.

331 1923 345 40 Vattenfallsstyrelsen
711 1924 118 29 tillåter
862 1924 69 30 icke
955 1927 47 27 att
1025 1924 205 34 konsument,
1254 1932 69 20 som
1347 1931 114 29 genom
1485 1921 329 38 omständigheternas

219 1967 91 29 makt
335 1967 144 31 kommer
503 1971 46 27 att
572 1978 75 20 vara
671 1969 132 38 belägen
826 1971 78 27 nära
927 1968 84 30 intill
1035 1978 38 20 en
1097 1967 239 36 tertiärstation,
1353 1967 49 29 får
1418 1970 72 35 taga
1506 1968 98 28 ström
1622 1965 105 30 direkt
1743 1966 71 29 från

218 2011 115 30 denna.
381 2013 74 29 Han
480 2014 110 35 måste,
616 2013 105 30 därest
745 2014 65 29 han
833 2014 110 29 tillhör
966 2014 62 29 den
1051 2012 152 39 kategori,
1230 2022 69 20 som
1323 2012 83 29 skall
1421 2012 98 29 förses
1536 2010 75 30 med
1627 2013 99 27 ström
1743 2011 71 30 från

219 2056 307 39 andelsföreningen,
552 2059 38 37 gå
612 2058 75 29 med
711 2058 10 29 i
746 2058 105 30 denna
874 2061 83 27 samt
981 2058 131 37 bidraga
1135 2057 50 30 till
1208 2057 237 38 ledningsnätet
1467 2056 11 29 i
1502 2065 124 20 samma
1642 2055 86 38 grad,
1744 2065 69 20 som

219 2101 196 31 abonnenter
451 2102 73 29 med
560 2102 265 39 ofördelaktigare
849 2103 78 38 läge.
975 2103 61 29 Det
1059 2103 59 29 har
1142 2102 82 30 dock
1247 2102 70 29 icke
1340 2101 82 30 varit
1445 2100 127 39 möjligt
1596 2103 46 27 att
1665 2100 149 39 tillämpa

218 2146 106 29 denna
358 2146 313 40 likställighetsregel
694 2148 50 29 för
767 2147 149 39 samtliga
940 2147 230 31 konsumenter
1193 2146 88 30 inom
1305 2144 401 32 tertiärstationsområdet.
1752 2145 62 29 Det

218 2190 83 30 finns
337 2191 178 30 merendels
550 2192 54 30 vid
639 2193 88 38 varje
755 2191 354 31 distributionsområde
1133 2191 84 30 vissa
1241 2190 114 39 gårdar
1378 2191 74 29 eller
1476 2190 132 30 enstaka
1632 2190 70 35 hus,
1726 2189 87 31 vilka

218 2235 85 38 ligga
326 2237 34 28 så
384 2236 148 38 avlägset,
558 2240 45 26 att
628 2237 54 29 det
705 2237 71 30 icke
800 2239 34 27 är
858 2237 126 39 möjligt
1008 2239 47 27 att
1078 2236 71 30 leda
1172 2236 84 29 fram
1274 2236 85 29 kraft
1375 2235 49 30 till
1438 2235 72 29 dem
1528 2237 78 27 utan
1623 2237 84 27 stora
1723 2237 89 27 extra

218 2280 179 30 kostnader.
446 2281 65 30 Vill
547 2291 39 20 en
610 2281 90 40 dylik
724 2282 192 30 konsument
941 2282 82 29 hava
1047 2283 109 33 ström,
1183 2281 117 39 bygger
1323 2279 295 38 andelsföreningen
1642 2278 112 30 endast
1778 2280 34 29 så
