1900 2830
493 167 380 32 Jordbruksutskottets
894 168 177 31 utlåtande
1094 169 48 30 Nr
1165 171 51 29 55.
1590 166 15 31 1

775 413 60 41 Nr
861 412 61 42 59.

629 525 111 24 Ankom
759 525 42 24 till
820 525 155 31 riksdagens
994 526 89 23 kansli
1102 526 51 24 den
1173 524 29 25 11
1222 527 58 29 juni
1300 524 64 26 1942
1383 526 35 24 kl.
1440 525 30 25 11
1490 527 17 24 f.
1528 534 35 17 m.

323 611 183 31 Utlåtande
528 613 10 29 i
558 611 187 38 anledning
765 621 42 21 av
828 611 124 37 Kungl.
975 611 120 37 Maj:ts
1116 612 215 38 proposition
1352 613 178 37 angående
1550 614 57 30 be-

543 661 234 37 myndigande
794 666 49 27 att
860 662 146 39 försälja
1022 663 68 30 viss
1105 663 136 31 kronan
1255 663 151 38 tillhörig
1423 664 71 38 fast
1508 673 98 29 egen-

540 713 93 38 dom,
652 722 44 21 m.
717 723 46 21 m.

1376 765 69 39 (2:a
1465 763 94 40 avd.)

141 856 14 31 I
170 865 41 22 en
228 856 50 31 till
293 856 184 38 riksdagen
492 857 66 31 den
571 858 41 29 24
628 858 88 37 april
733 858 82 29 1942
831 856 147 38 avlåten,
995 858 52 29 till
1062 857 354 38 jordbruksutskottet
1432 858 171 32 hänvisad

100 907 223 38 proposition,
349 917 42 20 nr
416 908 75 36 241,
517 907 65 32 har
607 908 122 36 Kungl.
759 907 112 37 Maj:t,
895 909 113 30 under
1032 908 220 38 åberopande
1280 918 42 22 av
1346 909 108 37 bilagt
1480 910 124 36 utdrag

98 968 45 21 av
168 958 375 38 statsrådsprotokollet
569 960 83 30 över
675 959 273 31 finansärenden
973 959 57 31 för
1056 969 134 22 samma
1213 960 78 36 dag,
1316 960 177 37 föreslagit
1518 960 86 31 riks-

100 1010 112 35 dagen
238 1012 50 28 att

141 1059 71 31 dels
232 1060 168 36 medgiva,
422 1063 50 28 att
491 1060 123 36 Kungl.
635 1058 101 38 Maj:t
747 1059 59 32 må
816 1061 111 30 under
937 1060 203 37 budgetåret
1153 1057 140 37 1942/43
1304 1064 85 28 utan
1400 1061 203 37 riksdagens

99 1112 178 35 samtycke
296 1111 12 30 i
325 1110 97 37 varje
443 1111 139 30 särskilt
603 1110 62 31 fall
685 1112 135 30 besluta
841 1121 58 21 om
918 1110 209 38 försäljning
1146 1121 43 21 av
1208 1113 135 30 kronan
1365 1112 152 38 tillhörig
1536 1113 69 31 fast

98 1161 179 37 egendom,
297 1161 146 31 såframt
460 1162 297 36 taxeringsvärdet
776 1161 21 32 å
815 1162 213 37 egendomen
1046 1161 135 40 uppgår
1199 1163 52 30 till
1270 1163 100 36 högst
1388 1164 120 35 40,000
1526 1165 79 29 kro-

99 1220 74 29 nor,
192 1212 91 37 eller,
303 1212 64 31 där
385 1212 283 37 taxeringsvärde
685 1213 76 30 icke
781 1214 38 29 är
840 1212 99 37 åsatt,
959 1213 57 31 det
1038 1214 58 30 vid
1115 1214 149 30 särskild
1282 1214 250 38 uppskattning
1553 1218 51 28 ut-

98 1263 101 31 rönta
222 1263 198 31 saluvärdet
441 1262 135 38 uppgår
599 1263 51 31 till
673 1264 101 36 högst
795 1264 156 31 nämnda
971 1264 137 38 belopp,
1131 1265 65 30 och
1218 1265 12 30 i
1252 1265 232 38 huvudsaklig
1509 1267 95 29 över-

98 1314 261 30 ensstämmelse
396 1314 81 30 med
516 1324 44 21 av
602 1314 380 38 departementschefen
1011 1315 12 30 i
1051 1314 375 39 statsrådsprotokollet
1455 1316 151 37 angivna

97 1363 174 38 riktlinjer
288 1364 193 32 föreskriva
499 1364 43 31 de
563 1365 129 30 former
709 1366 66 30 och
795 1365 135 36 villkor,
950 1366 111 30 under
1078 1366 94 31 vilka
1191 1366 296 38 försäljningarna
1506 1368 99 30 skola

99 1416 65 34 äga
184 1424 89 27 rum,
300 1415 80 30 med
403 1416 70 30 rätt
495 1415 57 31 för
574 1416 123 36 Kungl.
722 1415 103 37 Maj:t
847 1419 59 33 att,
932 1417 63 30 där
1022 1416 38 31 så
1084 1416 113 31 finnes
1223 1417 166 37 lämpligt,
1414 1417 36 31 åt
1473 1419 131 30 central

99 1464 434 39 förvaltningsmyndighet
564 1467 202 30 överlämna
798 1466 317 32 beslutanderätten
1146 1468 149 30 rörande
1325 1468 207 37 försäljning
1562 1478 43 21 av

98 1517 179 36 egendom,
297 1526 78 21 vars
392 1516 189 37 taxerings-
598 1517 83 31 eller
700 1517 375 37 uppskattningsvärde
1091 1518 76 30 icke
1186 1518 184 36 överstiger
1389 1520 120 35 20,000
1526 1520 79 29 kro-

98 1575 78 28 nor;

143 1617 73 30 dels
242 1617 164 37 förklara,
435 1621 50 27 att
513 1618 68 30 vad
607 1617 147 32 sålunda
780 1618 181 37 medgivits
987 1619 151 30 rörande
1163 1619 206 37 försäljning
1399 1630 42 21 av
1468 1621 137 31 kronan

99 1667 152 37 tillhörig
267 1668 68 31 fast
351 1668 168 36 egendom
538 1669 89 30 skall
641 1670 91 35 gälla
749 1669 131 38 jämväl
895 1669 221 32 beträffande
1132 1670 80 37 byte
1230 1674 89 27 samt
1334 1670 192 38 upplåtelse
1542 1681 62 21 un-

97 1716 62 32 der
177 1716 136 33 åborätt
334 1719 65 30 och
420 1720 158 30 tomträtt
598 1729 43 21 av
662 1719 109 32 sådan
792 1720 177 37 egendom,
991 1721 165 30 ävensom
1176 1721 220 31 beträffande
1417 1722 188 31 avstående

98 1771 84 29 utan
205 1769 189 37 ersättning
417 1780 43 20 av
482 1771 224 35 kronomark,
730 1780 76 21 som
830 1771 175 31 erfordras
1031 1772 50 30 till
1103 1771 145 39 järnväg
1270 1772 82 31 eller
1374 1773 130 30 allmän
1529 1774 74 35 väg,

99 1819 123 31 därvid
250 1820 89 30 dock
369 1822 113 29 rätten
511 1824 49 28 att
590 1821 134 32 besluta
753 1831 59 21 om
839 1822 111 37 dylikt
978 1822 187 31 avstående
1191 1822 58 32 må
1277 1833 43 21 av
1349 1824 123 37 Kungl.
1505 1823 102 37 Maj:t

97 1870 220 31 överlämnas
340 1871 51 30 till
414 1872 130 30 central
568 1871 435 39 förvaltningsmyndighet
1026 1873 122 31 endast
1169 1874 11 29 i
1204 1874 167 30 avseende
1392 1874 21 31 å
1435 1875 170 37 obebyggt

97 1919 145 32 område
261 1930 43 21 av
326 1921 100 36 högst
449 1922 18 30 5
488 1922 141 30 hektars
650 1925 59 34 yta
730 1923 83 30 eller
833 1924 97 34 2,000
951 1924 147 30 kronors
1119 1924 118 35 värde;

142 1970 73 31 dels
237 1971 65 30 ock
327 1972 110 30 uttala
460 1975 59 32 att,
543 1975 132 28 oavsett
697 1973 42 31 de
763 1972 147 32 sålunda
934 1974 163 30 lämnade
1120 1975 283 35 medgivandena,
1430 1975 11 31 i
1466 1975 137 32 författ-

100 2021 82 37 ning
210 2021 203 31 meddelade
442 2022 217 32 föreskrifter
688 2022 179 38 angående
892 2025 70 30 rätt
988 2023 56 32 för
1074 2024 123 36 Kungl.
1226 2024 101 37 Maj:t
1354 2026 81 30 eller
1462 2025 142 32 förvalt-

99 2072 304 37 ningsmyndighet
426 2076 49 28 att
497 2073 155 37 försälja,
675 2074 83 37 byta
779 2075 83 30 eller
885 2075 111 30 under
1019 2074 136 32 åborätt
1176 2076 82 30 eller
1280 2078 156 29 tomträtt
1460 2076 144 38 upplåta

100 2123 135 30 kronan
254 2123 151 37 tillhörig
424 2124 69 31 fast
510 2125 169 35 egendom
700 2125 132 31 alltfort
851 2126 98 30 skola
966 2126 102 36 gälla.

144 2173 14 29 I
183 2173 259 38 propositionen
465 2174 65 31 har
553 2175 122 36 Kungl.
702 2175 102 37 Maj:t
828 2176 119 31 vidare
970 2176 177 37 föreslagit
1170 2177 184 37 riksdagen
1379 2181 50 27 att

143 2222 73 30 dels
238 2223 209 37 bemyndiga
467 2225 122 36 Kungl.
612 2224 101 37 Maj:t
734 2229 50 27 att
804 2226 68 30 tills
893 2227 119 30 vidare
1031 2227 88 30 efter
1138 2228 170 36 prövning
1328 2238 42 21 av
1392 2229 212 36 omständig-

99 2272 142 32 heterna
263 2274 10 29 i
295 2274 96 36 varje
411 2275 164 30 särskildt
597 2275 62 31 fall
681 2276 137 31 biträda
840 2277 130 30 ackord
993 2277 12 30 i
1027 2277 99 37 fråga
1148 2287 58 21 om
1229 2279 153 30 kronans
1406 2279 198 36 fordringar

101 2322 55 31 för
173 2322 132 32 försåld
325 2324 68 31 fast
410 2326 182 35 egendom;

142 2372 72 31 dels
239 2374 169 36 medgiva,
434 2378 49 27 att
508 2376 123 35 Kungl.
660 2375 102 37 Maj:t
787 2377 69 30 tills
883 2377 118 31 vidare
1028 2377 59 31 må
1110 2378 135 31 besluta
1271 2378 178 37 angående
1474 2379 126 31 fördel-

98 2423 126 36 ningen
247 2425 127 30 mellan
395 2425 93 31 olika
509 2426 260 37 kapitalfonder
789 2437 43 21 av
853 2427 66 31 den
940 2428 12 30 i
974 2431 128 28 statens
1125 2428 480 40 förmögenhetsredovisning

100 2473 168 37 ingående
291 2474 91 33 fasta
403 2476 226 36 egendomen;

139 2538 111 34 Bihang
260 2539 43 26 till
313 2540 168 33 riksdagens
492 2541 147 32 protokoll
651 2542 75 26 1942.
749 2543 32 25 10
791 2543 81 27 saml.
900 2544 39 24 Nr
955 2545 42 24 55.
1558 2546 13 25 1
