1866 2794
432 159 119 30 Andra
573 159 246 39 lagutskottets
841 159 180 31 utlåtande
1043 169 43 20 nr
1107 160 42 29 28
1171 160 39 29 år
1233 161 85 29 1955
1567 160 39 29 31

119 238 88 29 barn
227 238 110 30 under
361 239 39 29 16
422 239 49 35 år,
493 248 75 21 som
589 239 108 30 redan
717 240 38 30 är
777 239 448 40 sjukpenningförsäkrade
1247 240 10 29 i
1279 240 175 39 egenskap
1477 249 41 21 av
1539 240 70 29 för-

119 291 301 31 värvsarbetande.
447 292 66 29 Om
538 301 40 21 ca
602 292 137 30 hälften
764 293 143 38 antages
932 301 83 21 vara
1041 292 360 35 förvärvsarbetande,
1427 292 97 30 torde
1550 293 57 29 det

119 344 47 30 bli
184 344 98 40 fråga
298 354 57 21 om
372 354 44 20 en
433 345 87 39 årlig
537 345 130 40 ökning
685 355 42 20 av
743 345 351 40 sjukförsäkringens
1113 345 143 40 utgifter
1274 355 42 20 av
1332 345 132 30 inemot
1482 345 18 30 3
1519 345 88 40 milj.

119 398 63 34 kr.,
204 407 104 21 varav
329 407 40 22 ca
393 398 71 34 1,75
487 398 88 40 milj.
598 398 51 30 kr.
673 398 111 30 skulle
805 399 125 39 belöpa
951 399 46 39 på
1018 399 240 39 statsbidrag.»

779 518 164 31 Motioner

162 589 13 29 I
198 590 219 30 motionerna
440 590 31 30 I:
487 590 41 30 78
550 591 64 29 och
637 591 48 29 II:
700 591 41 29 98
763 591 204 30 hemställes
991 593 50 27 att
1063 591 188 39 riksdagen
1274 591 108 30 måtte
1406 590 11 29 i
1441 591 165 30 skrivelse

117 642 54 30 till
192 643 125 39 Kungl.
340 643 106 40 Maj:t
469 644 150 34 anhålla,
643 646 50 29 att
715 644 125 39 Kungl.
863 644 107 39 Maj:t
991 644 79 30 ville
1093 644 176 39 förelägga
1290 644 237 30 innevarande
1549 644 57 29 års

116 696 142 40 riksdag
284 696 131 40 förslag
440 697 53 30 till
520 697 109 30 sådan
653 697 272 40 komplettering
952 707 41 21 av
1019 698 100 38 lagen
1145 707 57 20 om
1228 698 131 29 allmän
1385 697 222 39 sjukförsäk-

115 749 87 40 ring,
231 751 50 28 att
311 749 486 41 sjukpenningförsäkringen
826 750 161 30 kommer
1016 753 50 27 att
1094 750 148 31 omfatta
1271 750 132 40 jämväl
1432 750 76 30 icke
1537 751 70 29 för-

115 803 293 30 värvsarbetande
430 804 267 30 ensamstående
719 804 151 30 kvinnor
893 805 79 29 med
995 804 235 39 minderåriga
1252 804 89 30 barn
1362 804 12 30 i
1396 805 164 29 hemmet.

161 856 13 29 I
196 857 218 30 motionerna
436 857 31 30 I:
482 858 63 29 443
567 858 65 29 och
653 857 48 30 II:
716 858 62 29 553
800 857 156 39 påpekas
979 859 50 28 att
1050 857 172 39 yrkandet
1243 858 11 29 i
1276 857 221 30 motionerna
1519 858 29 29 1:
1565 857 40 30 78

116 911 65 28 och
202 909 45 30 II:
264 910 40 29 98
324 910 60 39 går
405 911 121 29 utöver
546 911 65 29 vad
633 920 75 20 som
729 910 198 30 sedermera
948 910 197 40 föreslagits
1166 911 11 29 i
1196 910 263 41 propositionen
1480 920 42 20 nr
1544 910 61 30 114

115 963 11 29 i
150 963 58 30 det
231 965 50 28 att
304 964 10 29 i
338 963 115 30 denna
479 963 95 31 »icke
599 963 349 31 förvärvsarbetande
973 964 108 40 ogifta
1105 964 141 30 mödrar
1271 964 250 39 undantages>.
1557 964 49 29 På

116 1016 114 30 denna
246 1017 114 39 punkt
377 1017 213 30 framställes
607 1017 89 30 dock
713 1018 74 29 icke
805 1017 106 39 något
928 1017 114 30 direkt
1057 1017 157 39 yrkande
1231 1018 11 28 i
1259 1018 221 29 motionerna
1497 1017 28 30 I:
1541 1017 63 30 443

115 1070 65 29 och
200 1069 45 30 II:
261 1069 74 30 553.
354 1070 167 30 Däremot
539 1070 202 30 hemställes
758 1088 44 3 —
821 1070 117 30 såsom
957 1070 96 30 förut
1072 1072 201 29 omnämnts
1292 1088 44 3 —
1354 1071 11 29 i
1385 1071 220 29 sistnämnda

114 1123 89 31 båda
229 1123 172 29 motioner
427 1125 51 28 att
505 1123 318 39 sjukhjälpstidens
850 1124 195 29 maximum
1072 1124 55 29 för
1152 1124 76 29 icke
1255 1124 349 30 förvärvsarbetande

114 1176 387 40 hustrutilläggstagare
528 1177 89 29 skall
643 1177 123 39 utgöra
793 1176 62 30 730
881 1177 118 39 dagar.

159 1229 13 29 I
192 1230 219 30 motionerna
429 1230 32 30 I:
476 1231 64 29 444
559 1231 65 29 och
642 1230 48 30 II:
705 1231 63 29 554
787 1230 194 30 behandlas
1001 1230 123 40 frågan
1144 1240 58 21 om
1221 1231 41 29 de
1282 1231 120 29 blinda
1421 1231 65 29 och
1507 1230 97 40 sjuk-

115 1282 255 40 försäkringen.
395 1283 219 30 Motionerna
638 1285 190 38 utmynnar
851 1284 12 29 i
885 1284 184 39 yrkanden
1092 1284 222 30 beträffande
1340 1284 78 30 SFL
1443 1286 50 27 att
1516 1284 89 29 riks-

113 1336 112 39 dagen
250 1336 108 30 måtte
384 1336 137 30 besluta
547 1336 73 30 dels
646 1339 51 27 att
721 1337 12 29 i
759 1337 112 39 tredje
898 1337 135 39 stycket
1060 1347 42 20 av
1129 1337 16 30 7
1176 1337 15 37 $
1219 1337 89 30 efter
1334 1337 98 30 ordet
1459 1337 145 30 invalid-

112 1389 147 39 pension
282 1389 133 30 införes
440 1390 142 29 »utöver
605 1389 80 30 dess
709 1389 240 40 grundbelopp
974 1390 109 39 jämte
1107 1390 239 39 blindtillägg>
1374 1391 65 29 och
1464 1390 73 30 dels
1560 1408 45 3 —

115 1442 115 30 såsom
248 1442 95 30 förut
360 1443 143 29 nämnts
519 1461 45 3 —
581 1445 50 27 att
648 1443 11 29 i
678 1442 110 30 första
807 1443 136 39 stycket
961 1452 41 20 av
1020 1443 41 29 29
1082 1443 15 36 3
1117 1443 88 30 efter
1223 1443 98 30 ordet
1339 1443 263 40 ålderspension

112 1495 133 30 införes
276 1495 103 30 »eller
408 1495 344 40 invalidpensionens
781 1495 241 40 grundbelopp
1052 1496 110 39 jämte
1191 1496 251 39 blindtillägg>.

773 1610 170 31 Utskottet

157 1682 75 29 Den
261 1682 249 39 obligatoriska
540 1682 487 40 sjukpenningförsäkringen
1057 1683 55 29 för
1140 1683 242 30 hemmafruar
1412 1684 106 38 gäller
1548 1684 55 29 för

113 1736 217 29 närvarande
350 1735 72 30 inte
443 1745 58 20 om
520 1736 227 29 hemmafrun
768 1736 135 39 uppbär
925 1736 104 39 något
1050 1736 73 39 slag
1145 1745 41 21 av
1206 1736 395 40 folkpensionsförmån.

112 1789 49 29 På
185 1789 170 38 grundval
381 1798 41 21 av
448 1791 48 27 ett
521 1798 42 21 av
588 1789 563 39 socialförsäkringsutredningen
1177 1790 174 29 utarbetat
1377 1790 130 39 förslag
1533 1790 70 30 för-

112 1842 103 29 ordas
237 1842 11 29 i
270 1841 263 40 propositionen
556 1844 50 28 att
630 1842 408 39 sjukförsäkringslagen
1060 1843 128 29 ändras
1212 1843 37 29 så
1272 1845 50 27 att
1346 1843 255 39 folkpensions-

113 1894 184 30 förmånen
314 1895 23 29 h
351 1895 278 29 ustrutillä
643 1903 52 31 gg
712 1895 71 29 inte
801 1895 120 39 längre
939 1896 201 38 utestänger
1158 1896 75 29 icke
1252 1895 349 31 förvärvsarbetande

111 1947 65 39 gift
198 1947 132 31 kvinna
353 1947 81 30 från
457 1947 66 30 den
547 1947 248 39 obligatoriska
820 1948 498 39 sjukpenningförsäkringen.
1342 1949 177 30 Utskottet
1542 1949 59 30 vill

112 2000 54 30 för
193 2001 54 29 sin
272 2001 54 29 del
352 2000 177 40 tillstyrka
555 2001 94 29 detta
676 2000 140 39 förslag.

156 2054 13 29 I
207 2053 263 40 propositionen
508 2054 147 30 föreslås
693 2056 60 32 att,
781 2054 104 30 såvitt
923 2063 99 21 avser
1050 2054 238 40 sjukpenning
1315 2056 65 29 och
1407 2055 194 39 ersättning

113 2107 54 29 för
194 2107 250 39 sjukhusvård,
472 2107 457 40 sjukhjälpstiden
956 2108 76 29 för
1059 2108 387 39 ifrågavarande
1473 2109 128 29 hust-

111 2160 466 39 rutilläggstagare
607 2161 88 29 skall
724 2161 123 38 utgöra
875 2161 103 38 högst
1007 2161 39 29 90
1076 2161 107 39 dagar
1211 2161 57 29 vid
1296 2161 97 39 varje
1424 2161 176 39 sjukdom.

111 2213 13 28 I
154 2213 221 29 motionerna
406 2213 28 29 1:
452 2213 61 29 443
545 2213 64 29 och
640 2213 124 29 1I:553
795 2214 108 32 vyrkas
934 2213 168 34 däremot,
1133 2214 106 29 bland
1271 2216 118 32 annat,
1422 2216 50 28 att
1504 2214 97 39 sjuk-

110 2265 234 39 hjälpstidens
372 2266 193 29 maximum
592 2266 54 29 för
672 2266 267 38 ifrågavarande
966 2275 165 29 personer
1157 2267 11 28 i
1195 2267 114 29 stället
1337 2267 88 29 skall
1452 2267 149 29 bestäm-

111 2327 75 21 mas
214 2319 52 28 till
296 2318 61 29 730
386 2318 117 39 dagar.
532 2319 176 29 Utskottet
736 2319 96 29 delar
860 2319 405 38 departementschefens
1294 2320 64 29 och
1387 2320 67 29 den
1483 2320 118 29 enhäl-

112 2371 68 39 liga
222 2371 581 39 socialförsäkringsutredningens
845 2371 238 40 uppfattning,
1115 2374 51 27 att
1207 2372 101 29 dessa
1338 2372 151 30 kvinnor
1519 2373 82 29 rim-

111 2424 91 39 ligen
224 2424 62 30 bör
307 2424 193 30 behandlas
524 2434 74 20 som
621 2433 42 20 en
687 2424 244 40 mellangrupp
954 2425 128 30 mellan
1105 2425 20 29 å
1147 2434 64 20 ena
1235 2425 101 29 sidan
1358 2425 242 30 hemmafruar

112 2487 74 20 som
211 2477 156 39 åtnjuter
392 2477 132 30 allmän
549 2477 261 40 ålderspension
836 2477 84 30 eller
944 2477 280 40 invalidpension
1248 2496 44 3 —
1316 2478 93 30 vilka
1434 2478 76 31 icke
1536 2479 64 29 alls
