<?xml version="1.0" encoding="UTF-8"?>
<alto xmlns="http://www.loc.gov/standards/alto/ns-v3#" xmlns:xlink="http://www.w3.org/1999/xlink" xmlns:xsi="http://www.w3.org/2001/XMLSchema-instance" xsi:schemaLocation="http://www.loc.gov/standards/alto/ns-v3# http://www.loc.gov/alto/v3/alto-3-0.xsd">
	<Description>
		<MeasurementUnit>pixel</MeasurementUnit>
		<sourceImageInformation>
			<fileName>/tmp/tess_wla6mog__input.PNG</fileName>
		</sourceImageInformation>
		<OCRProcessing ID="OCR_0">
			<ocrProcessingStep>
				<processingSoftware>
					<softwareName>tesseract 5.3.0</softwareName>
				</processingSoftware>
			</ocrProcessingStep>
		</OCRProcessing>
	</Description>
	<Layout>
		<Page WIDTH="1866" HEIGHT="2788" PHYSICAL_IMG_NR="0" ID="page_0">
			<PrintSpace HPOS="0" VPOS="0" WIDTH="1866" HEIGHT="2788">
				<ComposedBlock ID="cblock_0" HPOS="562" VPOS="150" WIDTH="884" HEIGHT="40">
					<TextBlock ID="block_0" HPOS="562" VPOS="150" WIDTH="884" HEIGHT="40">
						<TextLine ID="line_0" HPOS="562" VPOS="150" WIDTH="884" HEIGHT="40">
							<String ID="string_0" HPOS="562" VPOS="151" WIDTH="120" HEIGHT="29" WC="0.92" CONTENT="Andra"/><SP WIDTH="23" VPOS="151" HPOS="682"/>
							<String ID="string_1" HPOS="705" VPOS="150" WIDTH="245" HEIGHT="40" WC="0.92" CONTENT="lagutskottets"/><SP WIDTH="22" VPOS="150" HPOS="950"/>
							<String ID="string_2" HPOS="972" VPOS="150" WIDTH="180" HEIGHT="30" WC="0.96" CONTENT="utlåtande"/><SP WIDTH="22" VPOS="150" HPOS="1152"/>
							<String ID="string_3" HPOS="1174" VPOS="160" WIDTH="43" HEIGHT="20" WC="0.95" CONTENT="nr"/><SP WIDTH="21" VPOS="160" HPOS="1217"/>
							<String ID="string_4" HPOS="1238" VPOS="151" WIDTH="41" HEIGHT="29" WC="0.96" CONTENT="28"/><SP WIDTH="21" VPOS="151" HPOS="1279"/>
							<String ID="string_5" HPOS="1300" VPOS="151" WIDTH="39" HEIGHT="29" WC="0.96" CONTENT="år"/><SP WIDTH="24" VPOS="151" HPOS="1339"/>
							<String ID="string_6" HPOS="1363" VPOS="151" WIDTH="83" HEIGHT="29" WC="0.96" CONTENT="1955"/>
						</TextLine>
					</TextBlock>
				</ComposedBlock>
				<ComposedBlock ID="cblock_1" HPOS="435" VPOS="231" WIDTH="353" HEIGHT="39">
					<TextBlock ID="block_1" HPOS="435" VPOS="231" WIDTH="353" HEIGHT="39">
						<TextLine ID="line_1" HPOS="435" VPOS="231" WIDTH="353" HEIGHT="39">
							<String ID="string_7" HPOS="435" VPOS="231" WIDTH="182" HEIGHT="33" WC="0.96" CONTENT="(Gällande"/><SP WIDTH="25" VPOS="231" HPOS="617"/>
							<String ID="string_8" HPOS="642" VPOS="231" WIDTH="146" HEIGHT="39" WC="0.96" CONTENT="lydelse)"/>
						</TextLine>
					</TextBlock>
				</ComposedBlock>
				<ComposedBlock ID="cblock_2" HPOS="1175" VPOS="230" WIDTH="404" HEIGHT="40">
					<TextBlock ID="block_2" HPOS="1175" VPOS="230" WIDTH="404" HEIGHT="40">
						<TextLine ID="line_2" HPOS="1175" VPOS="230" WIDTH="404" HEIGHT="40">
							<String ID="string_9" HPOS="1175" VPOS="230" WIDTH="226" HEIGHT="40" WC="0.96" CONTENT="(Föreslagen"/><SP WIDTH="32" VPOS="230" HPOS="1401"/>
							<String ID="string_10" HPOS="1433" VPOS="230" WIDTH="146" HEIGHT="39" WC="0.96" CONTENT="lydelse)"/>
						</TextLine>
					</TextBlock>
				</ComposedBlock>
				<ComposedBlock ID="cblock_3" HPOS="1020" VPOS="290" WIDTH="722" HEIGHT="1204">
					<TextBlock ID="block_3" HPOS="1020" VPOS="290" WIDTH="721" HEIGHT="780">
						<TextLine ID="line_3" HPOS="1020" VPOS="290" WIDTH="717" HEIGHT="41">
							<String ID="string_11" HPOS="1020" VPOS="301" WIDTH="55" HEIGHT="20" WC="0.96" CONTENT="om"/><SP WIDTH="33" VPOS="301" HPOS="1075"/>
							<String ID="string_12" HPOS="1108" VPOS="292" WIDTH="131" HEIGHT="30" WC="0.95" CONTENT="allmän"/><SP WIDTH="30" VPOS="292" HPOS="1239"/>
							<String ID="string_13" HPOS="1269" VPOS="291" WIDTH="286" HEIGHT="40" WC="0.96" CONTENT="sjukförsäkring"/><SP WIDTH="30" VPOS="291" HPOS="1555"/>
							<String ID="string_14" HPOS="1585" VPOS="290" WIDTH="152" HEIGHT="31" WC="0.96" CONTENT="avsedda"/>
						</TextLine>
						<TextLine ID="line_4" HPOS="1022" VPOS="344" WIDTH="714" HEIGHT="40">
							<String ID="string_15" HPOS="1022" VPOS="344" WIDTH="399" HEIGHT="40" WC="0.89" CONTENT="tillsynsmyndigheten,"/><SP WIDTH="33" VPOS="344" HPOS="1421"/>
							<String ID="string_16" HPOS="1454" VPOS="344" WIDTH="75" HEIGHT="39" WC="0.96" CONTENT="före"/><SP WIDTH="33" VPOS="344" HPOS="1529"/>
							<String ID="string_17" HPOS="1562" VPOS="344" WIDTH="174" HEIGHT="39" WC="0.96" CONTENT="utgången"/>
						</TextLine>
						<TextLine ID="line_5" HPOS="1021" VPOS="396" WIDTH="716" HEIGHT="41">
							<String ID="string_18" HPOS="1021" VPOS="407" WIDTH="42" HEIGHT="20" WC="0.94" CONTENT="av"/><SP WIDTH="32" VPOS="407" HPOS="1063"/>
							<String ID="string_19" HPOS="1095" VPOS="398" WIDTH="40" HEIGHT="29" WC="0.96" CONTENT="år"/><SP WIDTH="33" VPOS="398" HPOS="1135"/>
							<String ID="string_20" HPOS="1168" VPOS="398" WIDTH="85" HEIGHT="29" WC="0.95" CONTENT="1955"/><SP WIDTH="33" VPOS="398" HPOS="1253"/>
							<String ID="string_21" HPOS="1286" VPOS="397" WIDTH="117" HEIGHT="30" WC="0.92" CONTENT="lämna"/><SP WIDTH="32" VPOS="397" HPOS="1403"/>
							<String ID="string_22" HPOS="1435" VPOS="396" WIDTH="216" HEIGHT="41" WC="0.91" CONTENT="sjukkassan"/><SP WIDTH="44" VPOS="396" HPOS="1651"/>
							<String ID="string_23" HPOS="1695" VPOS="396" WIDTH="42" HEIGHT="29" WC="0.96" CONTENT="de"/>
						</TextLine>
						<TextLine ID="line_6" HPOS="1024" VPOS="448" WIDTH="714" HEIGHT="42">
							<String ID="string_24" HPOS="1024" VPOS="451" WIDTH="188" HEIGHT="39" WC="0.95" CONTENT="uppgifter,"/><SP WIDTH="38" VPOS="451" HPOS="1212"/>
							<String ID="string_25" HPOS="1250" VPOS="459" WIDTH="74" HEIGHT="21" WC="0.96" CONTENT="som"/><SP WIDTH="39" VPOS="459" HPOS="1324"/>
							<String ID="string_26" HPOS="1363" VPOS="449" WIDTH="176" HEIGHT="39" WC="0.95" CONTENT="erfordras"/><SP WIDTH="37" VPOS="449" HPOS="1539"/>
							<String ID="string_27" HPOS="1576" VPOS="449" WIDTH="57" HEIGHT="40" WC="0.92" CONTENT="för"/><SP WIDTH="38" VPOS="449" HPOS="1633"/>
							<String ID="string_28" HPOS="1671" VPOS="448" WIDTH="67" HEIGHT="30" WC="0.80" CONTENT="till-"/>
						</TextLine>
						<TextLine ID="line_7" HPOS="1022" VPOS="502" WIDTH="717" HEIGHT="41">
							<String ID="string_29" HPOS="1022" VPOS="503" WIDTH="225" HEIGHT="40" WC="0.91" CONTENT="lämpningen"/><SP WIDTH="34" VPOS="503" HPOS="1247"/>
							<String ID="string_30" HPOS="1281" VPOS="512" WIDTH="43" HEIGHT="21" WC="0.96" CONTENT="av"/><SP WIDTH="33" VPOS="512" HPOS="1324"/>
							<String ID="string_31" HPOS="1357" VPOS="502" WIDTH="114" HEIGHT="30" WC="0.95" CONTENT="denna"/><SP WIDTH="35" VPOS="502" HPOS="1471"/>
							<String ID="string_32" HPOS="1506" VPOS="502" WIDTH="65" HEIGHT="39" WC="0.93" CONTENT="lag."/><SP WIDTH="37" VPOS="502" HPOS="1571"/>
							<String ID="string_33" HPOS="1608" VPOS="502" WIDTH="131" HEIGHT="31" WC="0.91" CONTENT="Under-"/>
						</TextLine>
						<TextLine ID="line_8" HPOS="1022" VPOS="554" WIDTH="717" HEIGHT="41">
							<String ID="string_34" HPOS="1022" VPOS="554" WIDTH="86" HEIGHT="32" WC="0.96" CONTENT="låter"/><SP WIDTH="16" VPOS="554" HPOS="1108"/>
							<String ID="string_35" HPOS="1124" VPOS="555" WIDTH="148" HEIGHT="31" WC="0.96" CONTENT="medlem"/><SP WIDTH="16" VPOS="555" HPOS="1272"/>
							<String ID="string_36" HPOS="1288" VPOS="557" WIDTH="51" HEIGHT="29" WC="0.96" CONTENT="att"/><SP WIDTH="14" VPOS="557" HPOS="1339"/>
							<String ID="string_37" HPOS="1353" VPOS="555" WIDTH="152" HEIGHT="40" WC="0.96" CONTENT="fullgöra"/><SP WIDTH="16" VPOS="555" HPOS="1505"/>
							<String ID="string_38" HPOS="1521" VPOS="555" WIDTH="115" HEIGHT="30" WC="0.93" CONTENT="denna"/><SP WIDTH="17" VPOS="555" HPOS="1636"/>
							<String ID="string_39" HPOS="1653" VPOS="564" WIDTH="86" HEIGHT="30" WC="0.91" CONTENT="upp-"/>
						</TextLine>
						<TextLine ID="line_9" HPOS="1021" VPOS="608" WIDTH="717" HEIGHT="40">
							<String ID="string_40" HPOS="1021" VPOS="608" WIDTH="285" HEIGHT="40" WC="0.91" CONTENT="giftsskyldighet"/><SP WIDTH="29" VPOS="608" HPOS="1306"/>
							<String ID="string_41" HPOS="1335" VPOS="608" WIDTH="64" HEIGHT="30" WC="0.96" CONTENT="och"/><SP WIDTH="29" VPOS="608" HPOS="1399"/>
							<String ID="string_42" HPOS="1428" VPOS="608" WIDTH="66" HEIGHT="30" WC="0.93" CONTENT="har"/><SP WIDTH="28" VPOS="608" HPOS="1494"/>
							<String ID="string_43" HPOS="1522" VPOS="608" WIDTH="216" HEIGHT="40" WC="0.92" CONTENT="sjukkassan"/>
						</TextLine>
						<TextLine ID="line_10" HPOS="1021" VPOS="660" WIDTH="717" HEIGHT="41">
							<String ID="string_44" HPOS="1021" VPOS="671" WIDTH="34" HEIGHT="30" WC="0.96" CONTENT="ej"/><SP WIDTH="23" VPOS="671" HPOS="1055"/>
							<String ID="string_45" HPOS="1078" VPOS="661" WIDTH="138" HEIGHT="31" WC="0.96" CONTENT="ändock"/><SP WIDTH="24" VPOS="661" HPOS="1216"/>
							<String ID="string_46" HPOS="1240" VPOS="661" WIDTH="136" HEIGHT="31" WC="0.96" CONTENT="kunnat"/><SP WIDTH="26" VPOS="661" HPOS="1376"/>
							<String ID="string_47" HPOS="1402" VPOS="661" WIDTH="133" HEIGHT="30" WC="0.96" CONTENT="besluta"/><SP WIDTH="23" VPOS="661" HPOS="1535"/>
							<String ID="string_48" HPOS="1558" VPOS="660" WIDTH="180" HEIGHT="40" WC="0.96" CONTENT="angående"/>
						</TextLine>
						<TextLine ID="line_11" HPOS="1023" VPOS="710" WIDTH="717" HEIGHT="49">
							<String ID="string_49" HPOS="1023" VPOS="710" WIDTH="250" HEIGHT="49" WC="0.96" CONTENT="medlemmens"/><SP WIDTH="88" VPOS="710" HPOS="1273"/>
							<String ID="string_50" HPOS="1361" VPOS="713" WIDTH="379" HEIGHT="41" WC="0.91" CONTENT="sjukpenningförsäk-"/>
						</TextLine>
						<TextLine ID="line_12" HPOS="1022" VPOS="766" WIDTH="717" HEIGHT="41">
							<String ID="string_51" HPOS="1022" VPOS="768" WIDTH="87" HEIGHT="38" WC="0.96" CONTENT="ring,"/><SP WIDTH="18" VPOS="768" HPOS="1109"/>
							<String ID="string_52" HPOS="1127" VPOS="767" WIDTH="66" HEIGHT="31" WC="0.96" CONTENT="blir"/><SP WIDTH="16" VPOS="767" HPOS="1193"/>
							<String ID="string_53" HPOS="1209" VPOS="766" WIDTH="246" HEIGHT="41" WC="0.96" CONTENT="försäkringen"/><SP WIDTH="16" VPOS="766" HPOS="1455"/>
							<String ID="string_54" HPOS="1471" VPOS="766" WIDTH="161" HEIGHT="40" WC="0.96" CONTENT="gällande"/><SP WIDTH="17" VPOS="766" HPOS="1632"/>
							<String ID="string_55" HPOS="1649" VPOS="766" WIDTH="90" HEIGHT="40" WC="0.96" CONTENT="först"/>
						</TextLine>
						<TextLine ID="line_13" HPOS="1020" VPOS="819" WIDTH="720" HEIGHT="40">
							<String ID="string_56" HPOS="1020" VPOS="820" WIDTH="81" HEIGHT="39" WC="0.96" CONTENT="från"/><SP WIDTH="21" VPOS="820" HPOS="1101"/>
							<String ID="string_57" HPOS="1122" VPOS="820" WIDTH="63" HEIGHT="30" WC="0.96" CONTENT="och"/><SP WIDTH="21" VPOS="820" HPOS="1185"/>
							<String ID="string_58" HPOS="1206" VPOS="820" WIDTH="80" HEIGHT="30" WC="0.96" CONTENT="med"/><SP WIDTH="18" VPOS="820" HPOS="1286"/>
							<String ID="string_59" HPOS="1304" VPOS="820" WIDTH="172" HEIGHT="39" WC="0.96" CONTENT="ingången"/><SP WIDTH="20" VPOS="820" HPOS="1476"/>
							<String ID="string_60" HPOS="1496" VPOS="829" WIDTH="42" HEIGHT="20" WC="0.93" CONTENT="av"/><SP WIDTH="19" VPOS="829" HPOS="1538"/>
							<String ID="string_61" HPOS="1557" VPOS="819" WIDTH="183" HEIGHT="30" WC="0.92" CONTENT="kalender-"/>
						</TextLine>
						<TextLine ID="line_14" HPOS="1025" VPOS="872" WIDTH="714" HEIGHT="40">
							<String ID="string_62" HPOS="1025" VPOS="873" WIDTH="173" HEIGHT="30" WC="0.96" CONTENT="månaden"/><SP WIDTH="40" VPOS="873" HPOS="1198"/>
							<String ID="string_63" HPOS="1238" VPOS="873" WIDTH="156" HEIGHT="30" WC="0.95" CONTENT="närmast"/><SP WIDTH="37" VPOS="873" HPOS="1394"/>
							<String ID="string_64" HPOS="1431" VPOS="873" WIDTH="88" HEIGHT="39" WC="0.96" CONTENT="efter"/><SP WIDTH="48" VPOS="873" HPOS="1519"/>
							<String ID="string_65" HPOS="1567" VPOS="872" WIDTH="79" HEIGHT="36" WC="0.96" CONTENT="den,"/><SP WIDTH="49" VPOS="872" HPOS="1646"/>
							<String ID="string_66" HPOS="1695" VPOS="872" WIDTH="44" HEIGHT="29" WC="0.93" CONTENT="då"/>
						</TextLine>
						<TextLine ID="line_15" HPOS="1022" VPOS="925" WIDTH="718" HEIGHT="41">
							<String ID="string_67" HPOS="1022" VPOS="926" WIDTH="215" HEIGHT="40" WC="0.91" CONTENT="sjukkassan"/><SP WIDTH="29" VPOS="926" HPOS="1237"/>
							<String ID="string_68" HPOS="1266" VPOS="925" WIDTH="139" HEIGHT="31" WC="0.96" CONTENT="erhållit"/><SP WIDTH="27" VPOS="925" HPOS="1405"/>
							<String ID="string_69" HPOS="1432" VPOS="925" WIDTH="144" HEIGHT="40" WC="0.96" CONTENT="vetskap"/><SP WIDTH="28" VPOS="925" HPOS="1576"/>
							<String ID="string_70" HPOS="1604" VPOS="934" WIDTH="56" HEIGHT="21" WC="0.96" CONTENT="om"/><SP WIDTH="29" VPOS="934" HPOS="1660"/>
							<String ID="string_71" HPOS="1689" VPOS="926" WIDTH="51" HEIGHT="28" WC="0.96" CONTENT="att"/>
						</TextLine>
						<TextLine ID="line_16" HPOS="1022" VPOS="977" WIDTH="719" HEIGHT="40">
							<String ID="string_72" HPOS="1022" VPOS="978" WIDTH="232" HEIGHT="30" WC="0.95" CONTENT="medlemmen"/><SP WIDTH="20" VPOS="978" HPOS="1254"/>
							<String ID="string_73" HPOS="1274" VPOS="978" WIDTH="91" HEIGHT="30" WC="0.96" CONTENT="skall"/><SP WIDTH="20" VPOS="978" HPOS="1365"/>
							<String ID="string_74" HPOS="1385" VPOS="988" WIDTH="80" HEIGHT="20" WC="0.93" CONTENT="vara"/><SP WIDTH="20" VPOS="988" HPOS="1465"/>
							<String ID="string_75" HPOS="1485" VPOS="977" WIDTH="256" HEIGHT="40" WC="0.92" CONTENT="sjukpenning-"/>
						</TextLine>
						<TextLine ID="line_17" HPOS="1022" VPOS="1031" WIDTH="198" HEIGHT="39">
							<String ID="string_76" HPOS="1022" VPOS="1031" WIDTH="198" HEIGHT="39" WC="0.96" CONTENT="försäkrad."/>
						</TextLine>
					</TextBlock>
					<TextBlock ID="block_4" HPOS="1023" VPOS="1083" WIDTH="719" HEIGHT="411">
						<TextLine ID="line_18" HPOS="1066" VPOS="1083" WIDTH="675" HEIGHT="39">
							<String ID="string_77" HPOS="1066" VPOS="1084" WIDTH="316" HEIGHT="30" WC="0.95" CONTENT="Bestämmelserna"/><SP WIDTH="18" VPOS="1084" HPOS="1382"/>
							<String ID="string_78" HPOS="1400" VPOS="1084" WIDTH="11" HEIGHT="30" WC="0.96" CONTENT="i"/><SP WIDTH="16" VPOS="1084" HPOS="1411"/>
							<String ID="string_79" HPOS="1427" VPOS="1084" WIDTH="42" HEIGHT="30" WC="0.93" CONTENT="29"/><SP WIDTH="15" VPOS="1084" HPOS="1469"/>
							<String ID="string_80" HPOS="1484" VPOS="1083" WIDTH="22" HEIGHT="37" WC="0.90" CONTENT="$"/><SP WIDTH="16" VPOS="1083" HPOS="1506"/>
							<String ID="string_81" HPOS="1522" VPOS="1083" WIDTH="112" HEIGHT="39" WC="0.93" CONTENT="första"/><SP WIDTH="17" VPOS="1083" HPOS="1634"/>
							<String ID="string_82" HPOS="1651" VPOS="1084" WIDTH="90" HEIGHT="38" WC="0.91" CONTENT="styc-"/>
						</TextLine>
						<TextLine ID="line_19" HPOS="1024" VPOS="1136" WIDTH="716" HEIGHT="41">
							<String ID="string_83" HPOS="1024" VPOS="1137" WIDTH="58" HEIGHT="30" WC="0.96" CONTENT="ket"/><SP WIDTH="32" VPOS="1137" HPOS="1082"/>
							<String ID="string_84" HPOS="1114" VPOS="1137" WIDTH="11" HEIGHT="30" WC="0.96" CONTENT="i"/><SP WIDTH="30" VPOS="1137" HPOS="1125"/>
							<String ID="string_85" HPOS="1155" VPOS="1137" WIDTH="101" HEIGHT="30" WC="0.96" CONTENT="deras"/><SP WIDTH="30" VPOS="1137" HPOS="1256"/>
							<String ID="string_86" HPOS="1286" VPOS="1146" WIDTH="68" HEIGHT="31" WC="0.96" CONTENT="nya"/><SP WIDTH="31" VPOS="1146" HPOS="1354"/>
							<String ID="string_87" HPOS="1385" VPOS="1136" WIDTH="129" HEIGHT="40" WC="0.96" CONTENT="lydelse"/><SP WIDTH="31" VPOS="1136" HPOS="1514"/>
							<String ID="string_88" HPOS="1545" VPOS="1136" WIDTH="99" HEIGHT="30" WC="0.96" CONTENT="skola"/><SP WIDTH="32" VPOS="1136" HPOS="1644"/>
							<String ID="string_89" HPOS="1676" VPOS="1137" WIDTH="64" HEIGHT="38" WC="0.96" CONTENT="äga"/>
						</TextLine>
						<TextLine ID="line_20" HPOS="1024" VPOS="1189" WIDTH="715" HEIGHT="41">
							<String ID="string_90" HPOS="1024" VPOS="1189" WIDTH="223" HEIGHT="41" WC="0.95" CONTENT="tillämpning"/><SP WIDTH="20" VPOS="1189" HPOS="1247"/>
							<String ID="string_91" HPOS="1267" VPOS="1190" WIDTH="134" HEIGHT="40" WC="0.93" CONTENT="jämväl"/><SP WIDTH="20" VPOS="1190" HPOS="1401"/>
							<String ID="string_92" HPOS="1421" VPOS="1190" WIDTH="20" HEIGHT="29" WC="0.92" CONTENT="å"/><SP WIDTH="22" VPOS="1190" HPOS="1441"/>
							<String ID="string_93" HPOS="1463" VPOS="1189" WIDTH="179" HEIGHT="40" WC="0.96" CONTENT="sjukdom,"/><SP WIDTH="22" VPOS="1189" HPOS="1642"/>
							<String ID="string_94" HPOS="1664" VPOS="1198" WIDTH="75" HEIGHT="21" WC="0.96" CONTENT="som"/>
						</TextLine>
						<TextLine ID="line_21" HPOS="1024" VPOS="1241" WIDTH="718" HEIGHT="41">
							<String ID="string_95" HPOS="1024" VPOS="1242" WIDTH="163" HEIGHT="40" WC="0.95" CONTENT="inträffat"/><SP WIDTH="23" VPOS="1242" HPOS="1187"/>
							<String ID="string_96" HPOS="1210" VPOS="1243" WIDTH="75" HEIGHT="38" WC="0.96" CONTENT="före"/><SP WIDTH="24" VPOS="1243" HPOS="1285"/>
							<String ID="string_97" HPOS="1309" VPOS="1242" WIDTH="66" HEIGHT="30" WC="0.96" CONTENT="den"/><SP WIDTH="27" VPOS="1242" HPOS="1375"/>
							<String ID="string_98" HPOS="1402" VPOS="1243" WIDTH="15" HEIGHT="29" WC="0.96" CONTENT="1"/><SP WIDTH="26" VPOS="1243" HPOS="1417"/>
							<String ID="string_99" HPOS="1443" VPOS="1242" WIDTH="142" HEIGHT="40" WC="0.96" CONTENT="januari"/><SP WIDTH="25" VPOS="1242" HPOS="1585"/>
							<String ID="string_100" HPOS="1610" VPOS="1242" WIDTH="95" HEIGHT="36" WC="0.95" CONTENT="1956,"/><SP WIDTH="26" VPOS="1242" HPOS="1705"/>
							<String ID="string_101" HPOS="1731" VPOS="1241" WIDTH="11" HEIGHT="30" WC="0.96" CONTENT="i"/>
						</TextLine>
						<TextLine ID="line_22" HPOS="1023" VPOS="1294" WIDTH="719" HEIGHT="41">
							<String ID="string_102" HPOS="1023" VPOS="1296" WIDTH="67" HEIGHT="29" WC="0.96" CONTENT="den"/><SP WIDTH="27" VPOS="1296" HPOS="1090"/>
							<String ID="string_103" HPOS="1117" VPOS="1296" WIDTH="83" HEIGHT="29" WC="0.93" CONTENT="mån"/><SP WIDTH="25" VPOS="1296" HPOS="1200"/>
							<String ID="string_104" HPOS="1225" VPOS="1295" WIDTH="300" HEIGHT="40" WC="0.90" CONTENT="sjukhjälpstiden"/><SP WIDTH="28" VPOS="1295" HPOS="1525"/>
							<String ID="string_105" HPOS="1553" VPOS="1294" WIDTH="107" HEIGHT="40" WC="0.93" CONTENT="enligt"/><SP WIDTH="27" VPOS="1294" HPOS="1660"/>
							<String ID="string_106" HPOS="1687" VPOS="1295" WIDTH="55" HEIGHT="29" WC="0.92" CONTENT="be-"/>
						</TextLine>
						<TextLine ID="line_23" HPOS="1023" VPOS="1346" WIDTH="718" HEIGHT="41">
							<String ID="string_107" HPOS="1023" VPOS="1348" WIDTH="267" HEIGHT="31" WC="0.92" CONTENT="stämmelserna"/><SP WIDTH="29" VPOS="1348" HPOS="1290"/>
							<String ID="string_108" HPOS="1319" VPOS="1349" WIDTH="11" HEIGHT="29" WC="0.96" CONTENT="i"/><SP WIDTH="26" VPOS="1349" HPOS="1330"/>
							<String ID="string_109" HPOS="1356" VPOS="1348" WIDTH="101" HEIGHT="30" WC="0.95" CONTENT="deras"/><SP WIDTH="29" VPOS="1348" HPOS="1457"/>
							<String ID="string_110" HPOS="1486" VPOS="1347" WIDTH="95" HEIGHT="31" WC="0.96" CONTENT="äldre"/><SP WIDTH="30" VPOS="1347" HPOS="1581"/>
							<String ID="string_111" HPOS="1611" VPOS="1346" WIDTH="130" HEIGHT="41" WC="0.96" CONTENT="lydelse"/>
						</TextLine>
						<TextLine ID="line_24" HPOS="1025" VPOS="1400" WIDTH="716" HEIGHT="41">
							<String ID="string_112" HPOS="1025" VPOS="1402" WIDTH="75" HEIGHT="30" WC="0.96" CONTENT="icke"/><SP WIDTH="34" VPOS="1402" HPOS="1100"/>
							<String ID="string_113" HPOS="1134" VPOS="1402" WIDTH="113" HEIGHT="39" WC="0.96" CONTENT="utgått"/><SP WIDTH="33" VPOS="1402" HPOS="1247"/>
							<String ID="string_114" HPOS="1280" VPOS="1401" WIDTH="57" HEIGHT="31" WC="0.96" CONTENT="vid"/><SP WIDTH="33" VPOS="1401" HPOS="1337"/>
							<String ID="string_115" HPOS="1370" VPOS="1400" WIDTH="296" HEIGHT="39" WC="0.95" CONTENT="ikraftträdandet"/><SP WIDTH="33" VPOS="1400" HPOS="1666"/>
							<String ID="string_116" HPOS="1699" VPOS="1409" WIDTH="42" HEIGHT="21" WC="0.94" CONTENT="av"/>
						</TextLine>
						<TextLine ID="line_25" HPOS="1023" VPOS="1454" WIDTH="205" HEIGHT="40">
							<String ID="string_117" HPOS="1023" VPOS="1455" WIDTH="114" HEIGHT="30" WC="0.96" CONTENT="denna"/><SP WIDTH="27" VPOS="1455" HPOS="1137"/>
							<String ID="string_118" HPOS="1164" VPOS="1454" WIDTH="64" HEIGHT="40" WC="0.96" CONTENT="lag."/>
						</TextLine>
					</TextBlock>
				</ComposedBlock>
			</PrintSpace>
		</Page>
	</Layout>
</alto>
