2212 2679
446 235 39 31 14
912 231 100 32 Stats-
1022 230 168 33 Utskottets
1219 228 173 35 Utlåtande
1415 228 60 31 N:o
1498 229 50 30 18.

634 436 99 36 Lots-
762 435 62 36 och
851 434 301 50 fyrinrättningen
1182 433 80 35 med
1288 429 471 53 lifräddningsanstalterna.

204 552 149 35 Angående
535 543 85 33 17:0.
675 542 18 34 I
720 539 355 37 öfverensstämmelse
1105 538 74 35 med
1209 538 91 34 hvad
1323 536 127 47 Kongl.
1471 535 100 48 Maj:t
1590 533 188 47 föreslagit,
1804 531 191 48 tillstyrker

188 589 124 33 anslaget
329 589 43 25 till

179 624 60 26 lots-
257 624 48 25 och
326 624 58 33 fyr-
403 594 188 41 Utskottet,

186 659 194 60 invättningen
852 669 49 28 att
942 662 55 34 det
1042 661 49 35 till
1140 659 75 36 lots-
1257 660 60 34 och
1365 656 302 47 fyrinrättningen
1714 655 80 35 med
1837 654 157 49 lifrädd-

800 712 320 49 ningsanstalterna
1154 712 170 47 uppförda
1361 709 298 48 penningeanslag
1690 708 103 34 måtte
1825 711 171 42 upptagas

802 766 50 35 till
894 765 185 35 enahanda
1120 763 135 47 belopp,
1284 761 141 37 hvartill
1468 761 195 34 inkomsten
1695 759 37 34 af
1755 758 100 35 titeln
1888 757 108 48 "Fyr-

803 819 65 34 och
916 816 208 36 båkmedel"
1177 816 196 44 beräknats,
1418 813 83 36 eller
1547 813 186 45 1,000,000
1763 810 139 41 kronor,
1932 809 62 35 och

802 869 219 48 följaktligen
1063 867 161 46 anslaget
1256 867 76 34 med
1369 865 262 36 inberäknande
1659 862 38 35 af
1722 862 72 35 deri
1822 862 174 46 ingående

800 926 100 31 ränta
928 921 131 35 utföras
1088 920 75 34 med
1198 920 193 44 1,000,460
1422 918 137 45 kronor,
1588 915 84 36 eller
1693 914 158 42 200,000
1873 914 126 34 kronor

800 974 108 47 högre
937 973 122 47 belopp
1075 976 43 30 än
1134 972 56 34 det
1214 971 10 34 i
1241 984 45 22 nu
1302 969 161 48 gällande
1479 969 140 34 riksstat
1634 971 194 43 upptagna;
1845 970 90 31 samt
1950 969 49 31 att

801 1026 42 35 de
885 1026 19 34 å
947 1023 252 37 inkomsttiteln
1246 1023 106 47 "Fyr-
1383 1022 65 35 och
1477 1019 203 37 båkmedel"
1714 1017 282 49 uppkommande

803 1077 190 36 öfverskott
1026 1076 106 35 måtte
1166 1076 34 34 få
1234 1074 180 36 användas
1443 1074 50 34 för
1522 1073 40 34 de
1593 1071 74 35 med
1697 1070 146 35 berörda
1872 1069 125 47 anslag

802 1130 146 36 afsedda
977 1128 170 36 ändamål.

883 1296 444 49 Undervisningsanstalter
1353 1297 60 42 för
1442 1295 140 46 sjöfart.

209 1429 148 33 Angående
541 1407 87 34 18:0.
684 1403 129 48 Kongl.
842 1402 103 49 Maj:t
973 1403 63 35 har
1064 1401 189 47 föreslagit,
1283 1405 49 31 att
1365 1400 203 46 Riksdagen
1600 1399 106 34 måtte
1723 1398 188 46 godkänna
1931 1398 65 34 den

190 1464 123 41 förhöjdt
332 1472 48 31 un-
408 1458 56 35 vid
494 1456 378 48 statsrådsprotokollet
899 1455 95 35 öfver
1022 1452 358 50 sjöförsvarsärenden
1409 1452 51 35 för
1489 1452 66 35 den
1586 1453 19 33 8
1628 1449 158 36 sistlidne
1806 1449 193 35 December

182 1499 207 66 RS
407 1509 124 47 fogade
561 1509 63 35 och
648 1508 132 47 jemväl
807 1507 129 35 härhos
965 1506 97 47 (Litt.
1092 1505 43 46 C)
1154 1505 140 46 bilagda
1314 1508 67 31 stat
1400 1504 52 34 för
1471 1501 385 48 navigationsskolorna
1859 1497 17 63 i
1898 1501 101 45 riket,

200 1561 125 32 ”lorna.
408 1561 77 35 med
514 1560 120 35 dervid
662 1560 129 34 fästadt
819 1559 125 46 vilkor,
974 1562 49 31 att
1050 1557 234 36 föreståndare
1313 1556 52 34 för
1394 1554 320 47 navigationsskola
1743 1553 104 43 skall,
1868 1553 43 34 då
1929 1552 70 35 han

409 1612 148 47 uppnått
586 1614 45 33 65
661 1611 151 35 lefnads-
842 1610 63 35 och
935 1610 104 35 minst
1069 1611 44 33 35
1143 1608 157 47 tjenstår,
1330 1619 83 23 vara
1441 1606 186 47 förpligtad
1648 1609 50 31 att
1719 1605 74 35 med
1815 1604 183 35 oafkortad

409 1664 57 34 lön
507 1663 113 35 såsom
661 1661 146 49 pension
843 1667 20 30 å
891 1662 175 35 allmänna
1095 1660 341 46 indragningsstaten
1470 1658 76 35 från
1571 1658 149 46 tjensten
1751 1656 90 46 afgå,
1871 1655 127 47 Kongl.

409 1713 100 49 Maj:t
550 1715 89 35 dock
681 1714 161 46 obetaget
879 1718 50 30 att
970 1713 71 35 låta
1070 1713 76 34 med
1180 1711 155 35 afskedet
1363 1710 109 45 anstå,
1502 1710 113 35 derest
1643 1708 64 35 och
1736 1708 38 35 så
1801 1708 103 46 länge
1933 1707 67 35 den

409 1766 384 48 pensionsberättigade
835 1765 138 48 pröfvas
1015 1765 119 34 kunna
1175 1764 10 34 i
1227 1763 149 46 tjensten
1417 1762 44 47 på
1501 1764 48 32 ett
1581 1759 322 37 tillfredsställande
1931 1762 68 32 sätt

409 1831 117 34 gagna
553 1818 58 35 det
640 1818 178 34 allmänna
849 1817 64 35 och
943 1818 69 34 kan
1040 1816 113 35 finnas
1182 1815 99 45 villig
1311 1819 50 30 att
1389 1814 10 34 i
1428 1815 201 33 densamma
1659 1811 156 48 qvarstå;
1845 1814 88 32 samt
1951 1814 49 32 att

407 1870 54 35 för
502 1870 224 47 tillämpning
767 1870 38 34 af
828 1868 265 47 ifrågavarande
1127 1871 66 31 stat
1226 1867 57 34 det
1314 1865 109 35 under
1450 1865 115 34 denna
1599 1863 74 36 titel
1704 1863 11 35 i
1743 1863 144 35 riksstat
1914 1875 85 34 upp-

409 1927 105 41 tagna
542 1921 138 48 belopp,
712 1922 132 41 75,800
874 1921 135 41 kronor,
1036 1919 106 36 måtte
1170 1919 97 46 höjas
1296 1917 50 35 till
1377 1918 134 45 95,250
1541 1916 159 34 kronor.”

536 1973 70 35 Vid
650 1973 218 47 granskning
910 1972 37 35 af
983 1972 66 35 den
1090 1970 225 46 fullständiga
1358 1968 219 47 redogörelse
1614 1966 54 36 för
1696 1966 241 46 anordningen
1966 1966 38 34 af

407 2025 100 34 dessa
536 2024 451 47 undervisningsanstalter,
1021 2035 72 24 som
1127 2022 9 35 i
1165 2020 197 49 åberopade
1390 2018 344 48 statsrådsprotokoll
1762 2017 84 47 (Bil.
1875 2018 66 35 N:o
1966 2020 33 41 4,

407 2088 69 35 pag
506 2075 164 49 34--52)
699 2076 109 36 finnes
838 2075 190 47 meddelad,
1058 2075 62 35 har
1149 2073 177 36 Utskottet
1353 2073 28 46 ej
1411 2072 74 35 haft
1512 2071 108 46 något
1647 2074 50 31 att
1725 2069 181 45 anmärka,
1934 2069 66 35 och

409 2128 177 35 Utskottet
618 2128 201 35 hemställer
847 2127 146 40 derföre,

856 2234 59 38 att,
958 2228 73 34 med
1076 2228 98 34 bifall
1218 2227 47 35 till
1311 2226 89 35 hvad
1430 2226 128 46 Kongl.
1596 2225 100 47 Maj:t
1731 2225 11 34 i
1771 2224 229 35 förevarande

805 2279 194 37 hänseende
1015 2279 99 35 äskat
1129 2279 64 35 och
1214 2278 187 46 föreslagit,
1425 2277 158 47 anslaget
1601 2277 51 35 till
1679 2275 318 46 "Undervisnings-

805 2332 167 35 anstalter
1000 2331 53 36 för
1081 2331 141 46 sjöfart"
1257 2330 55 34 må
1339 2329 51 35 till
1423 2331 135 44 95,250
1588 2329 131 34 kronor
1748 2327 161 46 förhöjas.
