2217 2679
192 1499 92 34 Ångåe
295 1501 53 25 nde

170 1535 163 33 ändringar
352 1536 11 25 i

204 1569 117 32 officers-

196 1612 126 24 Corpsens

187 1639 145 33 aflönings-

221 1676 91 24 stater.

428 207 18 31 6
856 205 99 33 Stats-
964 206 168 33 Utskottets
1160 205 173 34 Utlåtande
1357 205 64 33 N:e
1444 207 49 31 18.

386 288 112 35 miska
526 287 239 49 öfverstyrelse
794 287 65 36 och
888 287 103 36 äfven
1019 287 261 36 vederbörande
1308 288 243 48 myndigheter
1571 287 105 36 hafva
1695 287 58 36 vid
1772 286 201 47 flerfaldiga

385 340 161 36 tillfällen
590 340 116 36 utlåtit
747 340 52 47 sig
826 340 11 35 i
866 340 93 35 detta
987 343 110 32 ämne.
1152 340 78 36 Den
1259 340 219 48 mångsidiga
1507 340 198 47 utredning,
1735 352 74 23 som
1837 338 135 37 således

385 394 58 34 vid
473 394 242 47 uppgörandet
743 392 38 35 af
805 392 57 36 det
890 405 46 22 nu
964 393 238 46 föreliggande
1230 393 165 46 förslaget
1422 393 91 36 varit
1541 393 211 46 tillgänglig,
1782 404 102 37 synes
1906 391 66 36 Ut-

385 446 128 35 skottet
542 446 172 46 berättiga
742 444 51 36 till
821 445 66 35 den
920 444 245 48 förhoppning,
1194 449 49 31 att
1271 446 94 34 detta
1393 445 131 48 förslag
1548 445 90 36 skall
1665 445 12 35 i
1706 444 267 48 tillämpningen

385 497 51 36 för
464 509 42 24 en
534 497 122 48 längre
683 497 140 36 framtid
850 497 113 36 finnas
991 501 175 32 motsvara
1194 497 57 36 sitt
1279 498 171 42 ändamål,
1481 498 38 36 så
1547 501 50 32 att
1624 497 29 48 ej
1681 496 203 49 ytterligare
1904 496 68 36 för-

384 549 191 48 ändringar
616 550 64 35 och
709 550 225 47 jemkningar
963 553 96 31 strax
1100 550 90 47 ånyo
1220 550 55 34 må
1303 563 83 22 vara
1414 550 184 47 behöfliga.
1655 550 70 35 Vid
1753 550 124 35 sådant
1904 549 69 35 för-

384 601 164 36 hållande
591 602 64 35 och
693 603 43 34 då
780 601 180 36 Utskottet
988 602 55 35 vid
1073 602 216 47 granskning
1318 603 38 35 af
1381 602 66 36 den
1476 600 198 48 framlagda
1702 601 178 49 personal-
1910 600 66 36 och

383 654 235 46 utgiftsstaten
656 654 106 47 jemte
804 655 41 34 de
887 655 52 34 för
976 654 76 35 dess
1084 653 222 48 tillämpning
1338 654 201 47 föreslagna
1568 655 113 35 vilkor
1710 654 28 48 ej
1768 654 75 35 haft
1870 653 106 47 något

385 710 49 30 att
462 707 179 44 anmärka,
671 706 200 35 hemställer
900 705 190 45 Utskottet,

834 762 49 30 att
910 757 51 34 för
990 756 270 47 genomförande
1289 756 39 35 af
1352 756 296 48 Förvaltningens
1683 756 37 35 af
1748 755 229 47 sjöärendena

782 807 216 48 ombildning
1039 809 44 47 på
1123 809 104 35 ofvan
1268 810 142 45 angifna
1452 810 155 46 grunder
1636 809 205 45 Riksdagen
1870 808 106 34 måtte

782 862 189 46 godkänna
1008 860 129 36 härhos
1166 860 95 47 (Litt.
1291 860 45 48 B)
1364 861 142 47 bilagda
1535 864 69 32 stat
1632 860 53 35 för
1714 858 263 37 Marinförvalt-

782 914 128 46 ningen
941 913 76 34 med
1048 913 41 34 de
1118 912 260 36 bestämmelser
1407 914 64 35 och
1500 913 113 35 vilkor
1640 913 54 35 för
1722 912 41 35 de
1792 924 68 35 nya
1884 911 93 36 löne-

781 965 240 35 förmånernas
1050 964 217 47 åtnjutande,
1296 964 123 36 hvilka
1452 966 64 34 här
1545 965 105 35 ofvan
1682 964 112 35 finnas
1822 965 156 44 intagna,

783 1021 51 30 att
861 1017 105 35 lända
994 1016 54 35 till
1077 1016 229 35 efterrättelse
1336 1017 76 34 från
1441 1017 63 35 och
1535 1016 75 35 med
1640 1016 38 35 år
1705 1018 93 33 1878
1821 1020 88 30 samt
1929 1018 51 31 att

782 1070 10 34 1
821 1069 86 47 följd
936 1068 101 35 deraf
1061 1068 57 35 det
1145 1068 11 35 i
1185 1068 162 47 gällande
1375 1069 143 36 riksstat
1548 1068 111 35 under
1683 1068 98 35 titeln
1802 1067 177 36 ”Förvalt-

781 1121 133 46 ningen
942 1120 39 34 af
1005 1119 243 48 sjöärendena”
1283 1120 174 48 uppförda
1490 1120 174 36 ordinarie
1694 1120 122 45 anslag
1843 1120 136 46 28,400

783 1173 128 34 kronor
952 1172 57 34 må
1043 1172 109 35 under
1178 1172 187 35 förändrad
1394 1173 74 35 titel
1497 1170 386 48 Marinförvaliningen
1910 1171 69 34 för-

785 1223 99 48 höjas
908 1223 53 36 till
991 1224 134 46 38,600
1155 1223 138 36 kronor.

772 1377 170 48 Aflöning
965 1380 64 48 för
1057 1377 143 45 flottans
1228 1391 136 35 corpser
1391 1380 59 35 och
1478 1384 116 31 stater.

521 1485 66 33 4:o.
641 1482 71 36 Vid
746 1482 94 35 detta
874 1483 123 47 anslag
1026 1482 66 36 har
1122 1483 128 46 Kongl.
1280 1482 101 48 Maj:t
1408 1483 11 34 i
1448 1483 145 35 främsta
1621 1486 151 32 rummet
1802 1482 180 46 föreslagit

390 1534 204 46 Riksdagen
623 1538 50 31 att
702 1534 183 47 medgifva,

516 1584 72 37 dels
629 1589 51 31 att
721 1584 117 36 officer
879 1586 55 34 vid
978 1585 131 47 Kongl.
1141 1586 131 42 flottan,
1301 1598 73 22 som
1403 1585 115 46 ingått
1546 1585 20 35 å
1595 1585 67 35 den
1690 1597 68 35 nya
1786 1584 195 35 lönestaten

388 1638 66 35 och
495 1637 87 46 icke,
623 1637 45 47 på
705 1637 115 46 grund
854 1637 40 36 af
918 1637 164 46 gällande
1110 1637 228 45 föreskrifter,
1367 1642 38 31 är
1436 1637 196 46 berättigad
1661 1636 54 35 till
1743 1635 236 47 dagaflöning,

387 1690 68 44 må,
496 1689 111 34 under
648 1689 65 35 den
757 1689 47 34 tid
841 1689 70 35 han
940 1689 29 46 ej
1000 1693 38 31 är
1066 1690 11 33 i
1105 1689 205 46 åtnjutande
1339 1689 38 35 af
1401 1693 165 31 semester
1594 1689 85 35 eller
1709 1687 270 48 tjenstledighet,

387 1753 64 33 ega
493 1740 157 48 uppbära
693 1740 224 46 dagaflöning
959 1740 53 35 till
1055 1740 134 35 hälften
1223 1741 37 34 af
1284 1741 56 35 det
1368 1740 137 47 belopp,
1534 1752 73 23 som
1636 1739 111 47 enligt
1773 1743 69 31 stat
1869 1739 111 35 under

386 1792 136 46 verklig
551 1792 235 47 tjenstgöring
813 1791 11 35 i
851 1792 83 35 land
962 1792 169 47 åtnjutes;

514 1843 72 35 dels
628 1848 49 31 att
718 1843 124 43 officer,
883 1844 144 34 hvilken
1064 1848 37 30 är
1134 1843 53 35 till
1226 1843 232 47 tjenstgöring
1487 1844 57 34 vid
1574 1843 144 35 flottans
1747 1842 234 47 militärdepot

385 1895 85 35 eller
511 1895 80 35 varf
628 1895 271 35 kommenderad
943 1895 64 35 och
1048 1895 77 35 icke
1167 1895 152 46 åtnjuter
1357 1895 42 34 fri
1428 1895 121 35 bostad
1579 1895 11 34 i
1619 1895 154 34 kronans
1800 1893 67 36 hus
1895 1894 85 35 eller

385 1947 112 46 enligt
525 1946 162 47 gällande
716 1950 68 32 stat
812 1950 39 31 är
879 1947 194 46 berättigad
1104 1946 53 35 till
1186 1947 193 46 ersättning
1408 1947 115 35 derför
1551 1946 10 35 1
1588 1947 207 46 penningar,
1817 1946 66 45 må,
1902 1946 77 34 der-

385 2004 51 30 est
477 1998 71 35 han
589 1998 77 36 icke
696 1999 20 34 å
744 1998 153 47 gammal
925 1999 149 35 lönestat
1101 1999 171 46 qvarstår,
1301 2000 157 46 upphära
1486 1998 388 48 inqvarteringsbidrag
1901 1998 77 35 med

385 2055 49 30 ett
474 2051 86 35 efter
589 2050 37 35 år
664 2051 150 34 räknadt
841 2050 125 48 belopp
995 2049 38 36 af
1060 2052 71 35 300
1160 2051 131 35 kronor
1318 2051 58 35 vid
1405 2049 220 36 Karlskrona
1654 2050 65 35 och
1747 2050 74 35 400
1849 2050 131 34 kronor

384 2103 58 35 vid
471 2102 222 36 Stockholms
723 2102 145 47 station;

513 2152 72 37 dels
626 2155 59 34 ock
727 2157 51 32 att
816 2153 100 36 dessa
959 2154 173 35 förmåner
1168 2156 68 45 må,
1265 2155 9 34 i
1304 2154 67 35 den
1400 2154 81 35 mån
1510 2154 58 35 det
1595 2153 52 36 för
1675 2154 237 35 innevarande
1939 2153 40 36 år

385 2205 173 48 uppförda
600 2206 121 46 anslag
763 2205 52 35 till
857 2205 154 47 aflöning
1048 2206 52 35 för
1127 2206 142 36 flottans
1298 2217 141 36 corpser
1472 2206 65 35 och
1566 2209 106 33 stater
1701 2205 113 35 dertill
1842 2205 136 35 lemnar

385 2257 160 46 tillgång,
574 2257 35 35 få
636 2257 269 46 ifrågavarande
934 2258 180 46 löntagare
1141 2258 77 35 från
1247 2269 133 24 samma
1405 2257 56 35 års
1489 2257 123 46 början
1641 2257 290 46 tillgodoräknas.

511 2309 18 34 I
569 2308 100 46 fråga
709 2320 55 23 om
806 2309 41 34 de
882 2308 253 44 förhållanden,
1163 2309 122 35 hvilka
1314 2312 131 31 ansetts
1474 2310 108 34 redan
1612 2321 47 22 nu
1686 2309 292 45 nödvändiggöra

385 2359 122 47 tillägg
547 2359 53 35 till
638 2360 41 35 de
720 2359 56 35 vid
809 2359 163 36 nästlidet
1004 2360 56 35 års
1089 2360 146 47 riksdag
1263 2359 184 37 faststälda
1472 2360 326 46 aflöningsstaterna
1827 2360 52 35 för
1908 2359 68 47 sjö-
