2215 2677
204 793 151 35 Angående

208 830 84 26 medel
309 830 44 31 för

185 865 189 33 genomföran-

178 900 32 26 de
229 900 33 32 uf
272 900 111 33 flottans

178 935 205 33 lönereglering.

210 2076 151 35 Angående

193 2112 187 32 ålderstillägg

188 2147 51 33 för
257 2147 110 26 Marin-

200 2182 164 32 förvallnin-

182 2225 66 26 gens
250 2216 136 34 personal.

448 221 38 30 10
920 220 101 28 Stats-
1031 217 166 32 Utskottets
1227 216 174 33 Utlåtande
1425 216 61 31 N:o
1509 218 49 29 18.

401 301 86 48 grad
516 302 121 35 kunna
667 312 100 24 anses
794 300 52 35 för
875 300 65 34 den
969 302 175 32 närmaste
1173 297 183 36 framtiden
1384 297 79 35 fullt
1490 299 175 33 motsvara
1693 295 170 36 behofvet.
1917 295 72 36 Vid

403 354 124 35 sådant
569 353 220 36 förhållande
830 352 65 36 och
930 352 43 35 då
1000 351 125 47 frågan
1153 363 55 23 om
1238 350 66 35 den
1332 349 206 47 ifrågasatta
1565 352 248 32 reservstatens
1840 351 68 32 rätt
1936 347 52 36 till

405 407 143 47 pension
590 406 77 35 från
710 404 532 46 amiralitetskrigsmanskassan
1280 402 29 48 ej
1349 402 93 35 lärer
1471 402 119 35 kunna
1618 413 101 24 anses
1749 400 77 36 fullt
1854 399 134 46 utredd,

402 459 45 35 då
476 460 144 34 kassans
650 457 161 48 delegare
841 457 157 36 deröfver
1027 456 27 47 ej
1085 456 116 35 blifvit
1229 455 118 46 hörde,
1381 454 200 36 hemställer
1608 452 191 45 Utskottet,

850 566 50 31 att
943 561 127 44 Kongl.
1111 558 117 48 Maj:ts
1264 559 126 45 nådiga
1418 558 260 47 framställning
1706 557 182 47 angående
1916 556 76 35 vid-

800 613 149 47 tagande
979 613 37 35 af
1040 612 161 48 åtgärder
1229 612 53 35 för
1309 610 162 36 bildande
1501 610 37 35 af
1563 609 129 48 Kongl.
1713 609 140 36 flottans
1873 620 118 24 reserv

798 666 52 35 för
879 666 217 35 närvarande
1123 665 78 35 icke
1232 664 55 36 må
1315 664 107 35 vinna
1451 662 223 47 Riksdagens
1685 661 124 49 bifall.

530 790 63 34 9:0.
649 787 18 35 I
706 787 101 47 fråga
835 799 53 23 om
919 786 194 35 beredande
1141 785 37 35 af
1203 782 192 50 tillgångar
1417 784 63 49 för
1508 780 310 49 löneregleringens
1843 793 144 36 genom-

403 840 148 45 förande
591 840 64 35 har
698 839 130 46 Kongl.
870 838 101 47 Maj:t
1012 837 185 46 föreslagit,
1239 842 50 29 att
1317 836 137 35 utöfver
1490 835 41 35 de
1561 835 139 46 afgifter
1728 834 77 35 från
1835 834 154 34 vakanta

402 892 329 36 rusthållshummer
772 891 11 34 i
823 890 175 46 Blekinge
1028 890 58 34 län
1115 889 63 35 och
1208 889 109 35 Södra
1348 887 97 35 Möre
1474 887 109 34 härad
1613 886 37 35 af
1676 884 150 36 Kalmar
1854 885 56 35 län
1940 885 53 35 till

403 945 123 46 belopp
569 944 37 35 af
644 944 134 41 75,000
821 943 139 41 kronor,
995 942 119 35 hvilka
1143 941 108 46 enligt
1283 942 93 34 1876
1407 939 55 36 års
1492 938 175 47 Riksdags
1695 938 114 36 beslut
1838 938 155 35 anvisats

403 996 51 36 till
495 995 272 47 genomförande
805 994 38 35 af
868 994 43 35 då
940 993 163 46 godkänd
1131 992 271 47 lönereglering,
1431 991 113 46 öfriga
1573 990 86 36 efter
1686 990 175 46 ingången
1894 989 37 35 af
1955 989 39 35 år

406 1050 94 35 1878
530 1048 191 48 inflytande
750 1047 119 48 dylika
898 1046 139 47 afgifter
1061 1045 133 48 jemväl
1218 1045 107 34 måtte
1353 1044 35 34 få
1409 1043 178 35 användas
1607 1043 53 35 för
1680 1042 184 35 enahanda
1885 1041 108 35 ända-

403 1101 68 35 mål
499 1105 89 30 samt
616 1100 52 34 till
696 1099 224 36 bestridande
949 1098 38 35 af
1011 1098 105 35 ofvan
1144 1096 110 36 under
1283 1097 115 34 denna
1426 1095 218 47 anslagstitel
1673 1094 229 35 omförmälda
1923 1106 70 34 nya

402 1153 113 35 behof.

531 1204 81 35 Med
653 1202 214 36 hänvisande
908 1202 52 35 till
1003 1202 92 34 hvad
1124 1200 381 47 statsrådsprotokollet
1547 1198 79 45 (Bil.
1656 1197 66 36 N:o
1752 1201 31 40 4,
1812 1210 77 35 pag.
1923 1200 69 34 100

405 1255 61 36 och
514 1256 86 46 101)
641 1255 146 35 rörande
831 1254 113 35 denna
978 1253 99 46 fråga
1104 1252 204 43 innehåller,
1337 1251 53 35 får
1418 1250 187 42 Utskottet,
1636 1262 73 23 som
1739 1262 101 24 anser
1869 1249 123 46 frågan

403 1320 53 22 om
500 1307 189 35 anvisande
730 1306 40 35 af
807 1305 170 36 särskilda
1021 1304 110 35 medel
1160 1304 52 35 för
1245 1303 321 47 löneregleringens
1594 1301 273 47 genomförande
1910 1301 85 35 böra

404 1360 52 34 till
486 1360 65 34 den
580 1371 46 23 nu
655 1358 241 46 föreliggande
925 1356 309 47 statsregleringen
1262 1356 220 40 inskränkas,
1512 1353 197 47 hemställa,

855 1413 51 31 att
934 1408 128 45 Kongl.
1092 1408 117 47 Maj:ts
1237 1407 228 35 förevarande
1493 1406 128 46 nådiga
1650 1405 261 46 framställning
1941 1404 55 35 må

803 1461 44 48 på
888 1462 58 34 det
973 1464 68 31 sätt
1068 1460 38 34 af
1130 1459 204 45 Riksdagen
1363 1458 148 45 bifallas,
1541 1461 50 31 att
1618 1457 137 36 utöfver
1783 1458 42 34 de
1855 1456 140 46 afgifter

803 1513 76 35 från
922 1512 152 35 vakanta
1115 1510 326 36 rusthållsnummer
1469 1510 10 35 i
1508 1509 171 47 Blekinge
1706 1509 58 35 län
1793 1509 65 36 och
1887 1508 109 36 Södra

802 1565 100 35 Möre
929 1563 110 35 härad
1068 1563 38 35 af
1130 1562 147 35 Kalmar
1305 1562 69 46 län,
1403 1562 120 34 hvilka
1552 1561 109 46 enligt
1692 1561 95 36 1876
1818 1561 56 34 års
1889 1560 105 35 Riks-

803 1616 86 47 dags
931 1614 112 37 beslut
1083 1612 155 37 anvisats
1279 1613 52 36 till
1375 1613 272 47 genomförande
1690 1611 39 36 af
1759 1613 44 35 då
1830 1610 162 49 godkänd

803 1667 267 47 lönereglering,
1109 1666 131 47 jemväl
1282 1666 111 46 öfriga
1434 1665 87 35 efter
1554 1665 176 47 ingången
1765 1664 40 36 af
1829 1665 38 34 år
1897 1665 95 34 1878

802 1719 192 47 inflytande
1036 1718 119 47 dylika
1188 1717 142 44 afgifter
1359 1717 56 35 må
1443 1716 34 35 få
1505 1717 53 35 för
1586 1716 321 47 löneregleringens
1934 1715 59 35 be-

805 1770 63 36 hof
888 1771 110 35 under
1026 1781 132 24 samma
1186 1769 39 35 år
1253 1769 188 35 användas.

1066 1932 261 58 Ålderstillägg.

539 2067 88 34 10:0.
682 2064 81 36 Med
806 2063 159 36 afseende
1006 2062 20 35 å
1057 2061 293 47 Förvaltningens
1379 2061 34 35 af
1440 2060 226 47 sjöärendena
1694 2059 203 47 ifrågasatta
1924 2071 71 23 om-

407 2118 160 46 bildning
609 2117 64 35 och
700 2116 10 35 i
740 2114 356 37 öfverensstämmelse
1125 2113 75 36 med
1230 2113 93 35 hvad
1352 2112 127 46 Kongl.
1512 2112 100 47 Maj:t
1639 2112 10 34 i
1679 2112 92 34 detta
1800 2110 195 36 hänseende

407 2169 188 46 föreslagit,
624 2168 52 34 får
700 2167 186 45 Utskottet,
915 2167 111 34 under
1053 2166 249 44 förutsättning
1331 2165 38 34 af
1396 2164 218 46 Riksdagens
1643 2163 97 35 bifall
1770 2163 53 34 till
1853 2162 140 35 Utskot-

407 2226 65 30 tets
501 2221 10 34 i
539 2221 157 46 punkten
727 2222 18 33 3
776 2219 63 35 här
867 2218 101 35 ofvan
998 2217 122 47 gjorda
1149 2216 218 46 hemställan,
1397 2215 187 47 tillstyrka,

856 2274 49 31 att
932 2269 307 47 förslagsanslaget
1267 2268 52 35 till
1336 2267 239 47 ålderstillägg
1591 2267 55 34 må
1662 2266 75 35 från
1755 2267 132 41 21,650
1914 2266 79 34 kro-

806 2334 62 22 nor
896 2322 51 34 till
979 2323 134 42 25,000
1143 2321 129 34 kronor
1301 2319 163 46 förhöjas.
