2217 2685
441 207 17 26 2
578 202 118 32 Andra
719 202 217 32 Kammarens
961 202 187 41 Tillfälliga
1177 201 145 33 Utskotts
1345 202 77 38 (N:o
1444 204 34 34 3)
1508 201 174 33 Utlåtande
1704 202 62 32 N:o
1788 205 49 29 18.

399 290 151 45 gammal
591 293 118 41 sägen,
752 290 146 34 emellan
938 290 221 34 korsmessan
1188 290 64 35 och
1284 289 236 44 brittmessan,
1551 290 58 34 det
1637 290 62 35 vill
1727 293 96 41 säga,
1853 291 146 34 emellan

399 342 66 34 den
496 343 45 32 14
568 342 196 43 september
792 341 63 34 och
885 343 18 31 7
933 341 155 34 oktober.

534 391 123 37 Under
685 390 125 37 sådant
837 390 219 37 förhållande
1084 392 63 35 och
1175 389 44 38 då
1247 393 98 43 elgen
1373 393 70 43 väl,
1472 392 123 35 liksom
1624 394 108 32 annat
1751 392 137 43 nyttigt
1907 391 97 35 ville-

399 441 98 46 bråd,
540 444 158 44 skäligen
726 445 62 33 bör
815 454 89 24 vara
931 444 142 43 fridlyst
1100 444 109 34 under
1237 443 51 35 sin
1316 443 233 45 parningstid,
1578 446 90 32 samt
1695 444 89 33 hans
1812 444 78 33 kött
1919 453 88 33 nyss

399 496 90 34 efter
528 495 196 44 parningen
753 499 40 30 är
821 498 136 41 magert
984 496 64 33 och
1074 495 133 34 mindre
1235 495 263 42 välsmakande,
1529 505 78 24 men
1631 494 179 45 jagttiden
1838 492 21 36 å
1888 494 111 34 andra

399 547 111 43 sidan,
553 547 76 34 med
665 547 136 43 hänsyn
829 547 54 33 till
911 544 263 37 årskalfvarnes
1201 546 143 35 tillväxt
1371 546 63 35 och
1462 544 225 46 svårigheten
1715 548 55 32 att
1796 546 111 34 under
1935 546 65 33 den

400 609 122 24 varma
556 596 154 36 årstiden
744 599 134 33 bevara
906 598 113 34 köttet
1049 596 78 36 från
1155 608 82 24 snar
1264 597 252 45 förskämning,
1545 597 77 35 icke
1650 597 113 35 heller
1791 597 98 34 torde
1917 597 87 34 böra

400 652 154 32 utsättas
581 649 74 34 före
684 650 196 43 september
906 647 138 46 månad,
1074 659 103 34 synes
1204 649 221 44 lämpligaste
1452 649 96 34 tiden
1576 649 54 34 för
1650 648 180 45 elgjagten
1850 658 89 26 vara
1959 649 45 33 de

405 703 43 32 15
478 701 109 34 första
615 701 155 43 dagarne
799 700 39 34 af
862 701 226 43 september.»

534 750 128 35 Första
702 750 235 35 Kammarens
969 751 179 44 tillfälliga
1176 752 138 33 utskott
1340 761 56 23 n:o
1426 752 20 33 2
1474 751 66 33 har
1567 751 11 32 i
1606 751 62 33 sitt
1694 748 185 35 utlåtande
1907 750 10 32 i
1946 759 59 24 an-

401 803 143 44 ledning
572 803 39 33 af
636 802 175 35 motionen
839 802 297 44 hufvudsakligen
1165 802 132 34 anfört:

535 856 55 32 att
632 853 164 35 behofvet
838 853 39 34 af
912 854 210 44 ytterligare
1161 854 247 43 utsträckning
1448 852 38 34 af
1511 851 327 45 fridlysningstiden
1866 851 55 34 för
1949 851 59 43 elg

399 903 111 36 måste
539 915 101 24 anses
668 915 88 24 vara
784 902 216 46 ådagalagdt
1028 905 39 34 af
1091 905 65 33 den
1185 904 314 44 omständigheten,
1529 906 64 39 att,
1615 903 106 34 sedan
1740 913 124 34 genom
1884 902 120 43 kongl.

402 956 235 44 kungörelsen
666 956 63 34 den
761 958 19 32 2
807 955 67 44 juli
906 957 93 33 1875
1027 956 117 35 blifvit
1172 956 177 43 stadgadt,
1379 957 64 40 att,
1465 955 117 33 derest
1602 953 246 35 erfarenheten
1867 953 139 42 visade,

400 1010 53 31 att
494 1007 65 34 den
599 1007 11 33 i
650 1007 60 44 lag
737 1007 179 34 bestämda
944 1006 280 45 fridlysningstid
1252 1006 147 35 behöfde
1427 1005 53 35 för
1507 1006 80 33 hela
1614 1005 94 34 riket
1737 1005 84 34 eller
1849 1004 72 35 viss
1949 1004 54 34 del

399 1058 102 35 deraf
539 1059 201 33 utsträckas
781 1059 85 33 eller
906 1059 224 42 inskränkas,
1172 1057 129 44 Kongl.
1344 1057 109 44 Maj:t
1481 1057 86 44 egde
1596 1057 116 33 derom
1741 1056 168 34 särskildt
1936 1055 66 34 för-

400 1110 120 42 ordna,
562 1108 130 44 Kongl.
726 1109 109 44 Maj:t
862 1110 76 41 har,
968 1111 151 33 änskönt
1147 1109 249 44 elgjagtstiden
1424 1108 118 35 blifvit
1569 1118 123 34 genom
1720 1108 129 37 allmän
1876 1108 61 42 lag
1963 1103 44 37 år

403 1162 94 33 1878
539 1160 189 34 inskränkt
770 1160 54 34 till
865 1161 196 43 september
1101 1158 137 44 månad,
1272 1160 117 34 funnit
1416 1159 131 44 skäligt
1575 1162 65 39 att,
1669 1156 45 45 på
1743 1158 173 34 särskilda
1946 1167 58 24 an-

400 1211 192 43 sökningar
632 1211 209 44 ytterligare
874 1211 194 34 inskränka
1096 1211 95 34 tiden
1219 1210 54 34 för
1301 1210 133 44 elgjagt
1462 1207 48 45 så,
1541 1212 54 31 att
1622 1210 65 32 den
1715 1206 40 36 år
1786 1210 94 32 1890
1908 1208 96 34 varit

399 1262 73 34 dels
500 1262 142 34 alldeles
670 1261 186 44 förbjuden
883 1262 93 34 inom
1004 1259 62 37 två
1092 1263 58 33 län
1179 1262 64 34 och
1272 1264 50 31 ett
1351 1257 348 47 landstingsområde,
1730 1260 73 33 dels
1830 1259 105 34 äfven
1954 1258 48 34 in-

400 1313 151 35 skränkt
591 1313 54 34 till
674 1323 123 24 senare
825 1312 134 35 hälften
988 1313 40 34 af
1052 1313 195 44 september
1274 1310 126 37 månad
1428 1311 11 35 i
1468 1310 96 36 elfva
1592 1312 59 33 län
1676 1310 108 45 jemte
1813 1313 52 31 ett
1891 1309 113 35 lands-

401 1361 251 47 tingsområde,;

533 1418 65 40 att,
640 1412 44 36 då
724 1415 66 33 slik
817 1414 258 44 inskränkning
1107 1414 12 34 i
1152 1414 41 34 de
1228 1416 105 41 orter,
1363 1414 61 33 der
1452 1412 125 35 sådant
1605 1415 135 33 ansetts
1767 1411 238 42 erforderligt,

401 1466 137 34 kunnat
581 1466 110 43 enligt
735 1467 94 33 1875
870 1463 57 36 års
967 1466 221 43 kungörelse,
1229 1463 45 45 på
1306 1468 72 31 sätt
1405 1475 70 24 som
1504 1465 106 41 skett,
1639 1464 137 42 vinnas,
1806 1463 58 34 det
1891 1461 116 35 skulle

400 1517 120 34 kunna
562 1516 182 42 invändas,
775 1519 53 31 att
856 1516 190 35 förändrad
1073 1516 225 44 lagstiftning
1324 1516 12 34 i
1363 1516 97 34 detta
1487 1515 197 34 hänseende
1713 1513 30 45 ej
1773 1524 84 24 vore
1885 1513 116 43 nödig,

401 1578 79 23 men
522 1570 53 31 att
602 1568 176 33 utskottet
806 1570 128 40 ansett,
964 1570 54 31 att
1046 1568 129 33 allmän
1203 1568 58 42 lag
1288 1568 63 33 bör
1378 1564 38 36 så
1442 1567 135 42 lämpas
1605 1565 90 35 efter
1722 1562 280 44 förhållandena,

401 1621 55 31 att
484 1618 65 34 den
576 1616 57 36 må
660 1619 120 33 kunna
808 1618 176 44 tillämpas
1012 1615 209 37 åtminstone
1248 1618 12 33 i
1288 1620 112 32 större
1429 1617 99 35 delen
1557 1616 39 35 af
1619 1616 105 43 riket,
1753 1616 11 33 i
1792 1615 120 35 stället
1939 1617 68 39 att,

401 1667 112 36 såsom
553 1679 48 25 nu
641 1672 41 31 är
714 1669 110 43 fallet,
854 1670 227 43 undantagen
1109 1668 147 35 omfatta
1284 1672 127 30 nästan
1438 1669 79 33 hela
1545 1668 66 33 den
1639 1668 54 33 del
1721 1666 39 35 af
1783 1667 132 42 landet,
1944 1666 64 33 der

401 1721 56 42 elg
484 1720 125 44 finnes;

537 1773 65 41 att,
631 1770 12 34 i
669 1768 101 46 fråga
790 1780 53 24 om
863 1770 122 34 hvilka
1005 1770 130 34 femton
1155 1770 111 43 dagar
1285 1769 115 35 kunde
1420 1779 101 24 anses
1539 1778 88 25 vara
1655 1768 41 34 de
1715 1768 220 44 lämpligaste
1954 1766 58 35 för

403 1821 191 44 elgjagten,
635 1822 188 41 utskottet,
865 1821 111 34 under
1008 1818 219 46 åberopande
1256 1820 38 34 af
1319 1823 51 31 ett
1397 1820 11 34 i
1436 1821 77 33 dess
1540 1820 223 34 betänkande
1791 1820 148 42 intaget,
1968 1818 41 34 af

403 1872 301 43 domänstyrelsen
745 1872 65 34 den
852 1873 45 33 29
931 1872 157 33 sistlidne
1121 1872 181 34 december
1329 1871 54 33 till
1410 1870 129 45 Kongl.
1570 1869 108 45 Maj:t
1706 1870 149 44 afgifvet
1882 1869 124 34 under-

400 1920 123 47 dånigt
562 1920 196 45 utlåtande,
800 1923 103 34 hvari
938 1923 298 43 domänstyrelsen
1269 1919 44 47 på
1341 1921 147 35 anförda
1517 1922 77 35 skäl
1621 1922 175 42 hemstält,
1826 1923 55 32 att
1907 1920 98 34 tiden

400 1972 80 36 från
521 1975 64 33 och
628 1974 75 34 med
744 1974 64 33 den
854 1976 15 32 1
913 1974 54 33 till
995 1973 64 35 och
1086 1974 76 34 med
1191 1974 66 34 den
1288 1975 43 32 15
1360 1974 195 42 september
1582 1970 108 37 måtte
1719 1972 209 34 bestämmas
1956 1968 50 37 åt-

402 2025 170 34 minstone
601 2025 54 34 för
682 2025 41 34 de
751 2025 233 35 norrländska
1011 2025 115 43 länen,
1156 2025 122 35 delade
1297 2025 317 43 domänstyrelsens
1628 2021 92 46 åsigt
1735 2024 150 33 rörande
1899 2023 106 43 lämp-

399 2076 157 43 ligheten
584 2075 40 35 af
649 2075 197 45 elgjagtens
874 2075 231 44 förläggande
1133 2076 55 34 till
1215 2075 96 35 förra
1340 2074 134 35 hälften
1503 2075 39 35 af
1566 2075 195 43 september
1789 2072 127 36 månad
1941 2073 64 36 och

401 2127 11 33 i
440 2127 235 34 betraktande
709 2127 38 34 af
771 2127 122 43 vigten
921 2126 111 45 deraf,
1062 2129 54 32 att
1144 2137 41 24 en
1215 2126 167 43 bestämd,
1411 2126 54 34 för
1493 2127 78 33 hela
1600 2125 92 34 riket
1721 2125 174 44 gällande,
1924 2125 84 33 kort

402 2177 205 45 elgjagtstid
640 2188 85 24 vore
752 2188 124 33 genom
904 2178 58 43 lag
990 2178 160 44 stadgad,
1179 2178 84 34 fann
1292 2178 41 33 de
1362 2177 38 34 af
1424 2177 301 43 domänstyrelsen
1753 2176 148 34 anförda
1929 2176 77 33 skäl

400 2228 55 34 för
479 2228 197 44 jagttidens
705 2229 260 35 bestämmande
992 2229 55 33 till
1073 2229 111 34 första
1212 2228 135 35 hälften
1376 2228 38 34 af
1432 2228 196 44 september
1647 2224 127 37 månad
1792 2228 11 33 i
1823 2226 183 35 Norrland

400 2279 221 44 väsentligen
650 2279 109 35 hafva
787 2279 167 45 giltighet
981 2279 105 36 äfven
1114 2280 95 35 hvad
1235 2279 111 34 rikets
1365 2279 177 35 mellersta
1561 2278 64 35 och
1644 2278 102 34 södra
1766 2279 97 33 delar
1883 2274 121 47 angår.
