2206 2686
716 224 288 33 Stats-Utskottets
1033 226 176 33 Utlåtande
1232 227 64 31 N:o
1319 229 55 30 26.
1778 230 36 29 13

254 311 62 42 gör
346 318 75 21 mer
449 310 44 29 än
523 309 157 37 200,000
706 306 98 41 R:dr,
833 307 66 35 och
929 308 110 35 sedan
1072 308 104 36 deraf
1202 308 108 49 tagits
1339 308 53 36 till
1426 310 323 49 undersökningen,
1777 311 77 36 icke

253 357 69 34 kan
352 356 110 35 blifva
490 358 108 47 något
626 358 54 34 för
705 358 379 49 jernvägsbyggnader
1125 361 161 35 särdeles
1316 361 183 35 afsevärdt
1526 360 131 50 belopp
1686 362 11 35 1
1725 362 129 42 behåll,

252 416 74 27 tror
367 409 60 48 jag
463 414 52 29 att
554 422 83 21 man
680 410 113 35 under
832 411 134 34 sådana
1006 412 312 48 omständigheter
1348 412 121 35 heldre
1498 413 119 35 kunde
1647 413 100 36 ställt
1775 414 80 35 hela

252 460 100 34 detta
380 460 123 46 anslag
531 461 55 34 till
617 461 132 47 Kongl.
778 461 124 48 Maj:ts
931 463 210 46 förfogande
1171 464 54 34 för
1255 464 267 47 undersökning
1550 464 66 34 och
1636 463 218 49 påbörjande

253 511 38 34 af
325 511 509 49 jernvägsbyggnadsföretag,
865 512 96 35 inom
991 514 304 40 fäderneslandet,
1331 521 84 28 utan
1444 514 120 35 vidare
1589 515 188 41 förbehåll,
1810 522 42 28 än

254 568 51 28 att
332 561 59 35 vid
420 562 181 47 anslagets
632 562 200 49 beviljande
861 564 95 35 fästa
999 564 123 41 vilkor,
1152 578 75 22 som
1259 565 182 35 måhända
1469 572 99 29 snart
1596 579 69 35 nog
1693 566 161 36 befinnas

253 612 205 49 olämpliga.
512 613 70 48 Jag
623 614 64 34 har
723 615 47 47 på
806 615 105 35 dessa
952 615 77 35 skäl
1054 616 77 35 icke
1160 617 137 35 kunnat
1325 617 142 35 biträda
1495 617 68 35 den
1592 617 155 48 mening,
1777 631 76 22 som

250 663 96 35 inom
377 664 192 36 Utskottet
596 667 93 47 gjort
717 666 54 48 sig
798 666 193 48 gällande.»

385 716 37 34 af
446 715 95 35 Herr
569 716 43 35 E.
640 715 95 48 Key:

385 766 177 37 »Tiderna
590 768 197 35 förändras.

384 818 70 48 Jag
492 819 135 35 tillåter
667 820 72 48 mig
766 821 10 34 i
806 821 98 35 detta
939 821 169 34 afseende
1144 821 149 35 hänvisa
1321 821 54 35 till
1404 820 328 37 Stats-Utskottets
1761 823 93 34 utlå-

249 867 109 35 tande
387 869 11 35 i
426 871 83 35 dess
539 870 191 36 Memorial
760 871 68 35 N:o
859 875 43 32 56
933 871 58 35 vid
1022 872 191 48 riksdagen
1243 873 105 34 1870.
1401 871 106 36 Efter
1535 872 238 36 omförmälan
1802 880 52 29 att

250 917 115 50 bägge
400 921 206 36 Kamrarne
644 923 56 35 till
739 923 190 36 Utskottet
967 923 228 35 återförvisat
1225 927 69 31 5:te
1322 923 162 49 punkten
1512 924 10 34 i
1547 924 82 35 dess
1653 923 200 37 Utlåtande

247 968 69 37 N:o
348 976 55 37 19,
433 974 183 47 angående
645 975 76 34 dels
750 975 124 48 anslag
901 974 54 36 till
985 974 234 49 fortsättning
1247 975 37 35 af
1310 981 137 29 statens
1464 975 389 48 jernvägsbyggnader,

250 1024 78 35 dels
358 1025 275 35 stambanornas
663 1026 170 48 spårvidd
862 1026 65 35 och
956 1026 310 48 anläggningssätt
1293 1039 45 22 m.
1367 1039 45 22 m.
1441 1026 66 35 och
1535 1025 11 36 i
1574 1026 144 35 hvilken
1738 1028 116 48 punkt

250 1076 191 36 Utskottet
469 1077 187 35 hemställt
683 1077 56 35 till
767 1077 210 48 Riksdagen
1005 1078 61 34 det
1093 1078 69 34 den
1191 1078 112 35 måtte
1332 1077 155 36 besluta:

385 1135 70 29 »att
493 1128 59 35 vid
586 1128 282 48 fortsättningen
897 1129 38 35 af
962 1141 105 22 norra
1095 1128 67 36 och
1190 1135 97 29 östra
1315 1128 256 36 stambanorna
1599 1129 107 35 dessa
1740 1129 113 36 banor

385 1179 102 36 skola
526 1180 168 48 anläggas
734 1181 83 34 med
856 1193 139 22 samma
1034 1180 171 48 spårvidd
1247 1180 67 35 och
1353 1180 188 35 enahanda
1579 1180 274 48 byggnadssätt,

385 1244 79 23 som
492 1231 59 34 vid
580 1231 256 35 stambanorna
865 1231 119 35 blifvit
1008 1231 236 48 begagnade,»

251 1289 96 29 samt
374 1283 92 35 efter
490 1282 265 35 omnämnande
785 1289 51 28 att
864 1283 117 34 denna
1009 1282 208 36 återremiss
1245 1282 81 35 från
1353 1281 112 48 bägge
1494 1281 205 35 Kamrarne
1713 1282 138 48 åsyftat

248 1387 177 39 nadssätt,
468 1387 110 46 ansåg
615 1384 190 37 Utskottet
838 1385 54 48 sig
919 1386 47 47 på
994 1385 114 48 grund
1137 1385 38 35 af
1199 1385 95 35 hvad
1323 1384 153 35 sålunda
1504 1384 233 35 förekommit
1767 1384 84 36 böra

251 1437 209 36 hemställa:

389 1486 74 48 1:0)
503 1495 70 29 »att
614 1488 59 36 vid
711 1488 281 48 fortsättningen
1033 1487 38 34 af
1120 1493 96 30 östra
1257 1486 213 37 stambanan
1510 1487 213 35 densamma
1759 1486 92 36 skall

251 1540 171 48 anläggas
451 1541 83 35 med
563 1553 140 22 samma
726 1535 267 52 spårvidd”och
1020 1539 237 47 trafikföring,
1287 1551 78 23 som
1394 1537 59 35 vid
1482 1538 43 35 de
1554 1537 130 36 hittills
1701 1538 152 47 anlagda

250 1591 258 36 stambanorna
536 1591 120 35 blifvit
684 1591 219 47 begagnad»;
932 1596 96 28 samt

384 1640 76 48 2:0)
488 1650 71 28 »att
587 1641 209 49 Riksdagen
825 1643 111 35 måtte
965 1641 141 35 besluta
1134 1647 52 29 att
1214 1641 11 35 i
1254 1639 223 49 underdånig
1490 1639 189 35 skrifvelse
1695 1639 158 41 anhålla,

250 1695 61 34 det
346 1694 133 48 Kongl.
520 1694 107 48 Maj:t
665 1694 194 47 behagade,
898 1694 91 34 efter
1030 1693 215 46 fullständig
1284 1692 66 35 och
1378 1703 183 36 noggrann
1596 1691 192 47 utredning
1816 1691 37 34 af

249 1746 100 35 såväl
389 1746 43 35 de
473 1745 168 36 tekniska
681 1758 78 22 som
798 1745 43 34 de
870 1744 234 36 ekonomiska
1132 1743 284 40 förhållandena,
1440 1749 82 41 taga
1549 1741 11 36 1
1584 1741 125 48 nådigt
1737 1743 115 34 öfver-

250 1798 172 47 vägande,
462 1796 179 36 huruvida
680 1796 77 35 icke
792 1796 72 35 vid'
893 1796 187 48 byggande
1111 1796 38 34 af
1186 1808 106 22 norra
1320 1793 214 36 stambanan
1563 1793 61 35 det
1647 1794 60 34 må
1734 1793 116 35 finnas

250 1849 305 48 ändamålsenligt
594 1854 52 29 att
684 1848 116 35 införa
841 1854 51 29 ett
931 1847 161 48 billigare
1131 1846 273 49 byggnadssätt,
1444 1857 82 22 vare
1549 1844 54 48 sig
1631 1857 128 35 genom
1789 1858 62 21 an-

250 1901 188 36 vändande
478 1901 37 34 af
553 1900 139 34 mindre
732 1899 170 48 spårvidd
941 1900 20 33 å
998 1898 81 35 hela
1119 1898 115 34 banan
1273 1897 87 35 eller
1398 1897 116 47 någon
1538 1896 58 35 del
1625 1896 111 40 deraf,
1765 1895 86 35 eller

253 1965 145 35 svagare
423 1951 271 49 öfverbyggnad
723 1956 44 29 än
797 1952 20 33 å
844 1951 43 33 de
917 1950 129 35 hittills
1076 1949 146 35 utförda
1251 1947 283 36 stambanorna.

386 2003 150 36 Samma
564 2002 182 47 Riksdags
776 2000 283 41 Stats-Utskott,
1086 2000 11 34 i
1126 2000 63 35 sitt
1217 1998 192 36 Memorial
1438 1997 68 35 N:o
1536 1998 57 40 73,
1613 1993 30 47 (i
1658 1996 192 47 anledning

252 2056 38 34 af
325 2055 220 35 Kamrarnes
575 2053 206 48 skiljaktiga
810 2052 119 36 beslut
957 2064 58 22 om
1044 2051 246 48 nyssnämnde
1314 2049 155 49 punkter
1497 2048 11 35 i
1532 2047 208 37 Utskottets
1770 2047 80 35 Me-

253 2106 127 35 morial
421 2105 66 35 N:o
529 2103 65 46 56)
634 2105 92 34 efter
767 2110 51 28 att
858 2104 107 34 hafva
1001 2102 208 35 omförmält
1248 2102 61 34 det
1346 2100 130 35 Första
1499 2099 227 35 Kammaren
1755 2099 96 34 oför-

252 2158 137 34 ändrad
413 2156 132 35 bifallit
574 2156 99 35 2:dra
701 2155 161 48 punkten
891 2155 38 34 af
954 2153 209 36 Utskottets
1190 2151 323 40 hemställan,
1445 2145 67 62 men
1530 2156 52 29 att
1596 2149 124 36 Andra
1733 2149 118 36 Kam-

252 2221 134 28 maren,
416 2208 82 34 med
527 2207 116 47 afslag
672 2207 86 34 derå
786 2206 166 39 beslutat,

452 2265 70 28 »att
562 2271 106 21 norra
711 2257 213 35 stambanan
966 2256 9 34 i
1015 2257 82 33 dess
1135 2254 234 47 fortsättning
1410 2252 91 36 skall
1532 2252 132 48 byggas
1694 2251 84 35 med
1805 2264 44 22 en

452 2309 170 49 spårvidd
662 2309 38 35 af
737 2312 19 31 3
798 2309 53 34 fot
889 2311 19 32 6
949 2315 76 27 tum
1066 2306 163 48 engelskt
1253 2306 100 39 mått,
1382 2304 66 35 och
1477 2303 82 35 med
1588 2303 42 35 de
1659 2302 191 35 inskränk-
