1878 2772
427 177 406 36 Bevillningsutskottets
853 176 221 30 betänkande
1093 185 42 20 nr
1154 178 39 27 61
1214 176 38 28 år
1274 176 82 29 1964
1603 173 18 29 9

142 275 50 28 att
214 272 310 31 bestämmelserna
546 271 76 29 icke
644 271 69 29 rätt
734 270 187 36 tillämpas.
944 269 64 29 Vid
1030 269 171 36 prövning
1223 277 40 20 av
1284 267 174 37 klagomål
1480 267 65 29 och
1566 266 55 29 vid

142 318 237 36 inspektioner
400 316 63 28 har
483 315 59 37 jag
563 315 138 37 mycket
721 314 74 30 ofta
816 314 162 36 iakttagit
997 313 127 29 brister
1144 315 9 28 i
1173 312 266 37 tillämpningen
1460 321 42 20 av
1521 312 100 29 dessa

142 361 271 34 bestämmelser,
432 359 118 30 varför
568 359 59 37 jag
646 358 118 30 funnit
782 359 69 36 mig
870 358 198 30 föranlåten
1087 359 51 28 att
1155 358 88 36 ägna
1262 356 227 30 förevarande
1509 356 113 36 spörs-

143 407 66 29 mål
230 405 150 30 särskild
399 404 312 37 uppmärksamhet
735 408 53 29 (se
806 405 22 27 t.
845 412 50 20 ex.
916 402 81 30 1962
1016 402 57 29 års
1090 401 320 30 ämbetsberättelse
1428 410 25 20 s.
1471 399 63 30 446
1551 409 29 20 o.
1598 399 23 29 f.

142 451 64 29 och
227 449 82 30 1964
327 449 56 29 års
401 448 321 30 ämbetsberättelse
741 457 25 20 s.
785 447 61 30 559
864 457 30 20 o.
912 446 57 35 f.).
987 446 131 30 Oaktat
1136 446 147 30 sålunda
1300 445 125 29 brister
1442 444 74 30 ofta
1534 444 88 30 före-

143 496 139 28 komma
304 495 38 28 är
363 494 56 30 det
440 493 191 30 emellertid
652 493 108 36 enligt
779 492 73 29 min
872 491 201 30 erfarenhet
1092 490 196 37 uppenbart
1308 491 50 28 att
1378 489 244 36 utvecklingen

143 540 9 28 i
170 540 99 28 dessa
286 539 222 29 hänseenden
525 538 60 37 går
602 538 10 28 i
629 546 40 21 en
686 544 172 30 gynnsam
877 536 166 36 riktning.

188 588 11 28 I
223 587 219 30 sistnämnda
463 587 171 29 motioner
654 586 63 28 har
739 586 85 28 även
846 584 214 30 framhållits
1082 592 73 21 som
1177 592 41 21 en
1238 583 87 29 brist
1345 584 51 27 att
1416 582 56 29 det
1494 581 128 29 saknas

143 632 149 29 särskild
318 631 345 37 befattningshavare
687 630 64 29 hos
777 629 290 36 länsstyrelserna
1091 628 77 29 med
1194 626 137 38 uppgift
1355 627 49 28 att
1427 625 133 29 bevaka
1584 624 40 29 de

143 676 273 37 skattskyldigas
445 676 69 28 rätt
542 676 174 35 gentemot
745 673 415 37 taxeringsintendenten,
1188 671 115 30 vilken
1330 670 89 30 skall
1446 669 178 30 företräda

143 722 55 28 det
219 721 128 29 fiskala
367 721 173 28 intresset.
560 719 67 29 För
646 718 72 29 min
738 718 54 29 del
812 718 69 28 kan
899 717 59 36 jag
978 716 191 30 emellertid
1189 716 74 30 icke
1282 714 99 29 finna
1400 715 51 28 att
1470 713 153 29 tillräck-

144 766 66 36 liga
234 766 75 29 skäl
334 765 167 36 föreligga
523 763 54 30 för
599 763 166 30 utseende
787 771 42 20 av
850 763 48 28 ett
920 761 125 30 sådant
1066 761 129 29 ombud
1218 759 54 30 för
1294 760 41 29 de
1356 757 267 38 skattskyldiga.

142 810 260 37 Taxeringarna
423 809 107 36 enligt
550 808 169 29 inkomst-
739 807 65 29 och
824 803 681 39 förmögenhetsskatteförfattningarna
1526 801 98 30 skola

142 855 107 36 enligt
270 855 13 28 1
310 854 13 34 $
345 852 431 38 taxeringsförordningen
796 851 60 30 ske
875 851 9 28 i
904 849 348 31 överensstämmelse
1271 849 76 29 med
1368 845 257 32 skatteförfatt-

143 899 172 37 ningarna
334 899 64 28 och
419 898 37 29 så
477 899 50 27 att
547 897 42 29 de
607 897 47 29 bli
675 896 8 29 i
704 895 198 37 möjligaste
922 894 110 29 måtto
1054 893 199 36 likformiga
1272 892 65 29 och
1356 891 156 29 rättvisa.
1531 891 94 28 Jäm-

145 944 63 28 likt
233 943 36 29 17
295 943 14 33 8
334 943 9 28 i
366 943 154 29 nämnda
541 941 206 36 förordning
768 940 128 36 åligger
917 939 57 29 det
993 937 361 37 taxeringsintendent
1374 937 50 28 att
1444 935 106 30 verka
1572 934 53 29 för

144 990 50 27 att
216 988 246 35 taxeringarna
483 986 47 29 bli
553 985 201 36 likformiga
775 984 65 29 och
862 983 144 29 rättvisa
1028 982 64 29 och
1114 982 107 36 enligt
1241 981 41 29 86
1305 980 13 34 $
1342 981 10 29 i
1373 979 251 36 förordningen

144 1033 79 36 äger
248 1030 323 38 prövningsnämnd
598 1030 68 28 rätt
692 1031 50 27 att
767 1028 113 30 åsätta
906 1037 41 20 en
974 1028 93 35 lägre
1091 1026 156 36 taxering
1272 1026 43 28 än
1340 1033 74 21 som
1438 1024 122 36 yrkats
1585 1032 41 20 av

144 1077 113 36 någon
282 1085 41 20 av
347 1077 174 35 parterna.
546 1075 65 29 Det
634 1074 205 29 ankommer
863 1072 132 29 således
1018 1071 44 37 på
1085 1071 56 29 det
1165 1071 195 28 allmännas
1382 1076 108 29 organ
1514 1069 50 28 att
1587 1076 38 20 ex

144 1121 120 29 officio
286 1121 106 29 verka
413 1120 52 28 till
487 1119 41 29 de
550 1117 274 37 skattskyldigas
846 1116 122 34 fördel,
989 1124 57 21 om
1067 1115 201 36 taxeringen
1288 1113 159 30 befinnes
1468 1121 82 20 vara
1572 1112 54 29 för

143 1166 76 36 hög.
251 1163 413 38 Prövningsnämnderna
694 1163 59 28 äro
784 1161 38 29 så
851 1161 254 29 sammansatta
1135 1161 50 27 att
1213 1159 61 28 där
1303 1157 117 29 finnas
1450 1165 177 27 represen-

145 1212 113 27 tanter
281 1209 55 30 för
358 1209 94 30 olika
472 1215 152 30 grupper
646 1215 41 21 av
708 1205 267 37 skattskyldiga,
997 1203 119 30 varför
1137 1204 56 29 det
1214 1204 38 28 är
1272 1202 89 36 sörjt
1381 1201 55 30 för
1457 1203 51 27 att
1529 1201 97 29 ären-

144 1255 88 28 dena
249 1254 98 29 skola
365 1254 120 28 kunna
501 1252 47 29 bli
566 1251 153 37 allsidigt
735 1251 151 36 prövade
903 1250 95 29 inom
1015 1248 228 30 nämnderna.

189 1303 80 29 Som
293 1302 202 37 ytterligare
521 1310 41 21 en
587 1299 88 31 brist
700 1300 10 28 i
736 1298 240 37 rättsskyddet
1000 1297 55 29 för
1080 1297 66 29 den
1171 1295 156 30 enskilde
1350 1295 63 28 har
1438 1295 10 28 i
1473 1294 153 29 nämnda

146 1347 170 29 motioner
339 1346 149 37 angivits
510 1345 224 29 avsaknaden
757 1352 41 20 av
820 1343 136 36 rättslig
977 1341 184 36 möjlighet
1181 1340 54 29 för
1256 1340 66 29 den
1342 1338 157 31 enskilde
1520 1338 50 29 att
1592 1337 34 29 få

144 1391 193 36 ersättning
367 1390 53 29 för
448 1389 190 30 kostnader
666 1389 8 27 i
704 1389 40 28 de
772 1387 62 29 fall
861 1387 71 29 han
958 1386 123 29 vinner
1108 1384 317 36 taxeringsprocess
1452 1382 175 37 gentemot

146 1436 145 29 kronan.
313 1435 92 28 Enär
426 1435 114 28 denna
561 1432 98 37 fråga
679 1433 38 28 är
738 1431 145 30 föremål
904 1430 55 29 för
979 1429 187 36 utredning
1185 1436 124 29 genom
1328 1426 299 31 besvärssakkun-

145 1480 79 36 niga
244 1479 61 29 bör
325 1478 191 30 emellertid
537 1477 182 29 resultatet
738 1484 41 21 av
798 1476 113 29 denna
931 1474 186 36 utredning
1137 1472 177 34 avvaktas,
1333 1471 108 29 innan
1461 1470 166 36 ställning

145 1526 94 34 tages
259 1523 52 29 till
334 1522 229 30 förevarande
585 1520 182 38 spörsmål.

187 1573 11 28 I
219 1573 94 29 detta
332 1570 255 36 sammanhang
605 1569 58 29 vill
682 1568 59 37 jag
759 1568 92 29 fästa
869 1565 314 39 uppmärksamhet
1200 1565 43 37 på
1261 1564 123 37 frågan
1402 1572 56 20 om
1477 1562 150 30 anstånd

146 1618 77 29 med
250 1616 207 37 erläggande
483 1624 42 20 av
551 1614 93 29 skatt
670 1613 55 29 för
751 1611 234 37 skattskyldig
1011 1619 74 21 som
1111 1609 119 30 anfört
1253 1608 122 30 besvär
1401 1607 149 30 rörande
1575 1606 53 29 sin

146 1661 167 36 taxering.
333 1660 66 29 För
417 1658 220 31 närvarande
654 1657 108 37 gäller
779 1656 142 37 jämlikt
938 1655 41 30 49
993 1655 21 33 :$
1038 1656 13 28 1
1073 1663 104 20 mom.
1196 1651 431 39 uppbördsförordningen

146 1708 50 28 att
212 1704 244 37 skattskyldig,
473 1712 74 21 som
563 1701 118 30 anfört
696 1702 123 29 besvär
834 1702 80 28 över
929 1698 340 38 taxeringsnämnds,
1285 1695 343 39 prövningsnämnds

146 1750 82 29 eller
251 1748 286 31 skattedomstols
558 1747 114 29 beslut
693 1745 149 30 rörande
862 1744 169 37 taxering,
1052 1743 70 29 kan
1142 1742 147 37 beviljas
1310 1740 149 31 anstånd
1480 1739 78 31 med
1578 1739 52 30 in-

146 1794 177 36 betalning
342 1802 41 20 av
402 1793 94 29 skatt
514 1791 44 37 på
575 1791 113 37 grund
707 1799 41 20 av
767 1790 201 35 taxeringen
986 1788 124 29 endast
1128 1788 115 28 därest
1260 1785 259 30 vederbörande
1537 1785 92 28 taxe-

148 1838 277 37 ringsintendent
444 1837 10 28 i
471 1836 164 37 yttrande
652 1836 80 28 över
751 1835 65 28 den
836 1832 272 37 skattskyldiges
1127 1830 259 36 framställning
1404 1837 57 21 om
1478 1827 150 30 anstånd

149 1883 171 29 förklarat
340 1882 50 35 sig
411 1881 76 29 icke
506 1880 44 29 ha
571 1879 103 36 något
695 1880 50 27 att
765 1878 114 29 erinra
899 1878 72 27 mot
990 1875 111 34 bifall,
1121 1875 71 29 helt
1211 1874 82 30 eller
1312 1873 119 34 delvis,
1450 1873 52 28 till
1522 1871 107 30 fram-

147 1927 221 36 ställningen.
390 1925 74 28 Vad
488 1933 74 20 som
586 1922 224 30 förekommit
832 1922 9 28 i
863 1920 56 30 två
942 1919 280 33 skatteärenden,
1243 1917 55 30 för
1318 1917 93 29 vilka
1433 1915 196 37 redogjorts

148 1973 8 27 i
184 1972 70 28 min
280 1971 38 29 år
346 1969 81 29 1959
454 1968 146 37 avgivna
625 1965 320 31 ämbetsberättelse
971 1974 25 19 s.
1021 1964 59 28 341
1107 1972 29 20 o.
1162 1962 35 34 f£.,
1220 1970 63 29 gav
1307 1961 191 30 emellertid
1522 1959 107 37 enligt

149 2017 70 28 min
241 2015 139 35 mening
402 2014 92 28 klart
514 2012 55 29 vid
590 2011 139 29 handen
750 2012 50 27 att
821 2009 228 30 förevarande
1071 2008 87 36 regel
1180 2008 37 28 är
1238 2006 95 36 långt
1351 2005 91 29 ifrån
1464 2004 166 29 tillfreds-

148 2060 181 29 ställande.
351 2059 73 28 Den
446 2058 62 28 bör
530 2055 119 31 därför
670 2055 140 36 jämkas
830 2054 43 37 på
894 2054 68 28 sätt
983 2052 149 37 angivits
1154 2052 9 28 i
1184 2051 94 29 mina
1299 2051 9 28 i
1328 2049 154 29 nämnda
1503 2048 127 29 ärende

146 2105 123 36 gjorda
289 2103 217 29 uttalanden.

193 2152 167 36 Slutligen
386 2151 64 28 har
475 2151 9 27 i
511 2149 218 29 motionerna
754 2147 136 29 anförts
916 2155 74 20 som
1015 2155 41 19 en
1080 2145 87 29 brist
1191 2145 9 28 i
1224 2144 238 36 rättsskyddet
1487 2143 54 29 för
1564 2143 65 29 den

148 2196 158 29 enskilde
327 2196 8 28 i
358 2193 268 30 skatteärenden
648 2194 50 27 att
719 2192 82 28 äkta
822 2191 122 28 makar
964 2191 60 27 äro
1046 2189 157 37 skyldiga
1224 2190 50 27 att
1293 2197 56 20 om
1369 2186 184 30 kvarskatt
1572 2185 58 37 på-

150 2240 87 29 förts
264 2239 127 29 endera
418 2238 126 28 maken
571 2236 112 36 själva
709 2235 135 36 påpeka
871 2236 49 27 att
947 2233 125 30 sådant
1098 2232 224 36 räntebelopp
1348 2231 76 29 icke
1448 2231 114 28 skulle
1586 2230 44 28 ha

149 2283 134 37 påförts
304 2291 56 20 om
383 2280 338 35 ränteberäkningen
742 2279 110 35 gjorts
873 2278 215 36 gemensamt
1109 2276 54 29 för
1184 2276 179 28 makarna.
1383 2274 248 29 Ändamålsen-

151 2328 148 36 ligheten
325 2335 40 20 av
390 2325 160 37 gällande
574 2323 263 30 bestämmelser
862 2322 67 29 kan
954 2320 223 37 naturligtvis
1200 2319 235 36 ifrågasättas.
1458 2318 48 29 Ur
1531 2318 100 28 rätts-

150 2369 364 38 säkerhetssynpunkt
537 2369 37 28 är
597 2369 93 29 detta
714 2367 88 29 dock
824 2366 74 29 icke
921 2365 113 36 någon
1057 2373 94 20 mera
1173 2362 241 38 betydelsefull
1437 2362 110 36 fråga.

193 2422 64 34 Jag
282 2420 67 28 kan
376 2418 133 29 således
534 2417 74 29 icke
633 2416 97 29 finna
756 2417 50 27 att
830 2415 9 29 i
863 2414 219 29 motionerna
1106 2413 75 28 I:16
1203 2413 64 28 och
1291 2412 90 28 11:19
1405 2410 136 30 anförts
1566 2410 65 28 till-

152 2465 151 36 räckliga
325 2463 74 29 skäl
424 2462 53 29 för
499 2463 50 28 att
570 2470 41 21 en
633 2460 147 36 förnyad
802 2461 145 34 översyn
971 2467 45 19 nu
1037 2459 99 34 göres
1157 2466 41 20 av
1219 2455 381 36 skattelagstiftningen
1623 2454 8 28 i

151 2511 89 35 syfte
267 2511 49 27 att
343 2507 118 29 stärka
487 2507 63 28 den
578 2505 175 30 enskildes
778 2503 202 36 rättsskydd
1007 2503 7 28 i
1040 2501 279 30 skatteärenden.
1344 2500 11 28 I
1380 2500 64 28 den
1470 2499 79 29 mån
1576 2499 55 28 det
