1908 2856
521 158 114 28 Första
658 159 221 34 lagutskottets
902 159 162 29 utlåtande
1088 161 48 28 Nr
1158 166 48 25 26.
1576 162 38 30 25

150 244 19 32 I
188 246 80 32 våra
289 248 201 31 strävanden
509 251 51 28 att
579 248 163 32 effektivt
760 249 114 38 hjälpa
894 249 95 32 dessa
1010 248 152 33 stackars
1182 248 171 38 olyckliga
1372 247 151 37 kvinnor,
1544 259 68 20 som

107 286 81 35 bära
210 290 43 37 på
275 293 47 28 ett
343 293 87 36 nytt,
452 290 72 33 icke
545 291 122 32 önskat
687 291 224 32 människoliv
931 310 44 4 —
995 291 73 32 icke
1091 292 108 31 såsom
1223 291 37 32 de
1282 291 12 31 i
1315 291 51 32 sin
1389 291 98 31 svåra
1510 291 101 30 situa-

106 330 69 33 tion
199 331 133 40 begära,
355 336 82 28 utan
460 344 116 27 genom
600 337 51 28 att
675 333 136 32 försöka
833 334 102 31 ordna
959 334 53 32 för
1035 334 72 32 dem
1132 333 102 32 under
1257 333 61 33 den
1339 333 50 32 tid
1413 333 41 32 då
1478 332 38 32 de
1539 332 73 32 icke

105 373 113 33 kunna
241 374 115 33 arbeta
381 375 80 32 eller
483 376 105 31 måste
612 375 92 33 hålla
729 376 52 38 sig
805 376 108 38 dolda,
938 376 94 32 såväl
1056 376 72 32 före
1152 387 69 21 som
1245 375 87 32 efter
1355 375 257 37 förlossningen,

106 418 60 32 och
181 419 53 31 för
248 418 134 33 barnets
397 419 82 32 vård
492 438 44 2 —
551 422 87 28 stöta
654 419 33 31 vi
703 422 117 34 genast
835 419 44 38 på
893 419 159 32 oerhörda
1069 419 208 37 svårigheter
1292 421 83 29 trots
1392 418 80 31 våra
1489 418 122 37 dagars

107 460 187 32 storartade
318 461 183 38 offentliga
526 461 58 32 och
610 461 152 33 enskilda
787 461 123 32 sociala
934 461 319 38 hjälpverksamhet.
1300 461 52 31 En
1377 460 173 38 svårighet
1576 464 36 27 är

105 512 43 20 av
167 501 223 39 psykologisk
412 507 52 28 art
486 503 59 33 och
568 514 42 21 av
632 503 260 39 utomordentlig
912 503 170 39 betydelse
1103 522 45 3 —
1169 503 60 33 den
1251 502 178 33 medeltida
1452 507 87 27 ännu
1563 502 48 31 rå-

106 543 106 33 dande
236 545 263 38 uppfattningen
522 557 51 20 om
597 546 61 33 den
682 546 109 38 ogifta
815 546 132 32 modern
972 547 107 31 såsom
1103 558 38 20 en
1165 545 177 32 moraliskt
1364 544 247 37 mindervärdig

105 598 131 27 person.
281 587 103 38 Varje
407 588 114 32 läkare
543 592 55 28 vet
620 592 51 28 att
693 589 90 32 detta
806 588 108 38 gäller
936 589 116 32 endast
1076 588 131 32 fåtalet.
1253 588 75 32 Men
1352 588 52 32 för
1426 600 38 20 en
1487 587 124 32 kvinna

106 629 139 33 särskilt
263 642 40 20 ur
322 631 38 31 de
380 631 101 38 högre
500 630 297 33 samhällsskikten
817 636 37 27 är
873 631 60 32 den
951 631 263 38 uppfattningen
1234 631 73 32 ofta
1325 630 286 38 tillintetgörande

103 690 46 4 —
168 672 64 32 hon
252 672 67 32 kan
340 673 103 32 mista
462 674 50 32 sin
534 673 124 33 sociala
679 673 161 38 ställning
862 674 59 32 och
941 673 50 33 till
1015 674 60 32 och
1095 675 73 31 med
1190 674 50 32 sin
1262 673 130 37 familjs
1414 673 83 32 stöd.
1540 672 72 32 Var

105 714 60 32 och
187 726 38 20 en
249 714 125 40 läkare,
397 727 68 20 som
488 715 76 32 haft
586 715 136 38 glädjen
744 716 114 38 hjälpa
881 728 39 20 en
942 716 103 32 sådan
1067 716 125 31 kvinna
1214 716 130 37 igenom
1369 716 119 32 hennes
1513 716 97 31 svåra

105 757 51 32 tid
181 758 61 32 och
269 758 185 32 sedermera
479 758 129 32 kunnat
636 770 34 21 se
696 758 120 32 hennes
843 758 119 32 kärlek
988 759 54 31 till
1069 758 59 32 och
1155 758 112 32 arbete
1296 759 53 31 för
1376 758 60 32 sitt
1459 758 83 32 barn
1568 778 44 3 —

104 810 70 20 som
195 799 42 33 då
256 800 105 32 måste
380 800 110 33 kallas
510 800 222 38 adoptivbarn
754 801 53 32 för
826 801 60 32 den
905 800 229 33 traditionella
1151 801 164 32 moralens
1336 800 90 33 skull
1443 820 45 3 —
1506 801 105 31 måste

105 842 148 32 beundra
279 854 38 20 en
344 843 103 32 sådan
473 842 142 34 kvinnas
641 843 182 32 moraliska
848 844 75 31 mod
948 843 60 32 och
1034 843 187 38 duglighet.
1270 843 44 31 Vi
1341 843 184 38 uppskatta
1552 842 59 33 och

104 884 147 33 beundra
276 885 60 32 den
361 885 90 38 gifta
474 885 158 39 kvinnan,
659 897 68 20 som
752 897 115 26 genom
892 898 157 20 mannens
1074 886 162 32 frånfälle
1261 886 80 32 eller
1364 898 41 20 av
1429 898 109 20 annan
1562 897 48 20 or-

106 927 61 32 sak
192 928 98 32 blivit
314 928 237 38 ensamståede,
578 933 62 27 när
664 928 64 32 hon
753 928 89 32 lever
868 928 53 32 för
948 928 71 32 sina
1045 928 81 32 barn
1152 928 59 32 och
1237 929 200 38 uppfostrar
1461 929 72 31 dem
1557 928 54 32 till

105 970 140 38 dugliga
268 970 215 38 medborgare
506 982 116 26 genom
647 970 111 32 arbete
782 971 59 32 och
864 971 253 38 uppoffringar.
1162 971 127 32 Varför
1311 971 79 32 böra
1413 971 35 31 vi
1471 971 28 37 ej
1524 976 86 33 ägna

105 1012 61 32 den
192 1013 110 38 ogifta
327 1013 134 32 modern
489 1025 125 20 samma
641 1014 148 37 sympati
816 1014 58 31 och
900 1013 248 38 uppskattning
1172 1014 105 32 under
1301 1014 157 32 liknande
1485 1014 124 32 förhål-

103 1055 140 32 landen?
286 1055 45 32 Vi
353 1055 115 33 läkare
489 1056 105 32 måste
616 1056 115 31 arbeta
754 1056 52 32 för
827 1068 38 20 en
890 1056 163 38 förädlad,
1076 1068 38 20 en
1136 1056 231 32 kulturnation
1388 1056 120 38 värdig
1529 1068 81 26 upp-

104 1097 151 38 fattning
278 1109 42 20 av
342 1097 262 39 moderskapets,
629 1103 82 26 även
735 1098 61 33 den
819 1098 382 39 utomäktenskapligas,
1226 1099 110 38 helgd,
1360 1100 102 37 något
1484 1099 127 32 Pinard

102 1141 12 31 i
136 1141 190 32 Frankrike
348 1143 11 30 i
383 1142 59 31 sitt
464 1141 129 38 förslag
615 1140 55 33 till
692 1141 349 39 skyddslagstiftning
1064 1142 154 38 uttryckt
1240 1142 73 32 med
1336 1142 114 32 orden:
1475 1142 135 32 emedan

103 1182 290 38 fortplantningen
415 1188 38 27 är
472 1195 38 20 en
531 1183 277 38 grundläggande
831 1183 211 38 samhällelig
1063 1184 258 37 nödvändighet,
1342 1184 60 32 bör
1421 1184 188 32 moderska-

102 1229 57 34 pet
179 1225 120 32 hedras
319 1227 60 31 och
399 1225 132 32 belönas
552 1237 42 20 av
614 1226 165 33 nationen.

148 1267 52 32 En
229 1268 102 32 andra
360 1268 288 38 huvudsvårighet
675 1268 57 33 vid
760 1269 421 38 fosterfördrivningarnas
1209 1269 247 32 motarbetande
1484 1274 38 27 är
1549 1269 60 32 den

102 1309 214 33 ekonomiska
337 1310 134 38 frågan.
511 1310 73 32 När
602 1322 39 20 en
660 1311 70 37 gift
747 1310 124 33 kvinna
889 1311 73 32 med
981 1311 86 31 flera
1085 1311 82 32 barn
1185 1315 146 28 utsätter
1349 1312 51 37 sig
1420 1311 54 33 för
1491 1312 117 32 foster-

101 1353 272 37 fördrivningens
394 1353 91 31 faror
506 1358 37 27 är
563 1353 54 32 det
636 1354 106 31 oftast
761 1354 211 32 ekonomiska
994 1353 193 38 bekymmer
1206 1365 68 21 som
1297 1354 95 32 driva
1411 1354 103 32 henne
1535 1354 73 32 där-

103 1394 64 33 till.
208 1395 67 32 För
293 1396 60 32 den
373 1395 110 38 ogifta
501 1396 148 32 kvinnan
669 1401 38 26 är
724 1396 220 38 anledningen
964 1396 99 32 också
1082 1397 73 31 ofta
1173 1396 123 32 tanken
1314 1397 43 38 på
1375 1396 234 38 omöjligheten

102 1440 52 28 att
174 1437 144 38 försörja
339 1438 53 37 sig
414 1438 59 32 och
494 1438 115 32 barnet
629 1438 103 37 jämte
753 1439 60 31 den
835 1439 123 32 sociala
979 1439 181 31 skammen.
1205 1439 66 32 För
1289 1442 51 30 att
1361 1439 102 32 rädda
1484 1439 126 32 sådana

102 1479 134 32 mödrar
259 1480 60 32 och
344 1480 96 32 deras
464 1480 81 32 barn
570 1485 38 27 är
632 1493 38 19 en
695 1480 95 32 klokt
814 1482 133 36 avvägd
972 1480 118 38 statlig
1115 1481 61 32 och
1198 1481 193 32 kommunal
1414 1481 195 37 vidhjärtad

102 1521 410 33 understödsverksamhet
538 1522 201 38 nödvändig,
766 1535 67 19 som
859 1523 87 32 efter
972 1523 184 32 verkställd
1181 1524 164 37 prövning
1369 1523 60 33 och
1453 1527 81 28 utan
1559 1527 50 28 att

101 1563 103 32 verka
229 1576 68 20 som
319 1564 200 38 premiering
542 1576 41 20 av
606 1565 190 32 ansvarslös
820 1565 228 38 barnalstring
1072 1570 38 27 är
1133 1566 204 38 tillräckligt
1358 1566 251 38 verkningsfull

100 1610 70 28 mot
195 1606 60 32 den
280 1606 189 33 nödställda
494 1606 248 39 belägenheten.
790 1608 71 32 Där
886 1608 138 32 behovet
1049 1613 38 27 är
1111 1608 184 38 ådagalagt
1319 1608 79 33 böra
1423 1608 185 32 kvinnorna

101 1648 88 32 hava
207 1648 142 32 känslan
369 1661 42 19 av
430 1652 49 29 att
499 1650 53 31 det
571 1654 37 27 är
628 1662 38 19 en
686 1651 171 37 rättighet,
878 1662 67 20 som
966 1651 155 32 nationen
1142 1651 123 32 skänkt
1285 1651 71 32 dem
1376 1652 43 37 på
1439 1651 109 38 grund
1568 1663 42 20 av

100 1691 244 39 moderskapet,
367 1692 60 31 och
448 1691 72 32 icke
542 1704 39 19 en
602 1692 66 32 nåd
690 1696 50 28 att
760 1693 96 38 tigga
878 1705 62 20 om.

146 1732 117 34 Denna
287 1734 87 31 form
399 1746 42 19 av
465 1734 308 38 hjälpverksamhet
795 1736 35 31 åt
854 1735 190 33 behövande
1067 1737 133 31 mödrar
1223 1736 59 33 och
1306 1736 92 38 barn,
1420 1749 79 20 vare
1523 1737 52 38 sig
1597 1737 11 31 i

101 1775 149 38 familjer
268 1776 72 32 med
361 1776 85 32 flera
466 1777 81 32 barn
566 1777 82 32 eller
666 1779 248 31 ensamstående
932 1779 143 38 mödrar,
1095 1779 59 32 bör
1172 1779 218 38 naturligtvis
1409 1779 81 38 ingå
1508 1779 100 32 bland

101 1818 117 37 övriga
240 1819 124 31 former
385 1831 42 19 av
449 1819 189 38 nödvändig
659 1820 310 38 moderskapshjälp
993 1822 35 31 åt
1048 1822 128 31 mindre
1198 1821 199 39 bemedlade,
1420 1823 107 31 såsom
1549 1822 59 32 bil-

101 1860 105 38 ligast
232 1861 118 37 möjlig
379 1861 80 32 eller
488 1866 104 33 gärna
624 1863 46 31 fri
700 1862 339 39 havandeskapsvård
1068 1864 60 31 och
1159 1864 235 38 förlossnings-
1424 1865 60 32 och
1512 1865 95 31 barn-

102 1903 196 39 sängsvård,
326 1904 88 31 helst
441 1905 19 30 å
488 1904 136 38 anstalt,
654 1905 186 38 ersättnipg
869 1905 53 32 för
949 1906 180 31 inskränkt
1156 1906 278 39 arbetsförmåga,
1463 1908 29 36 2,
1521 1907 87 32 helst

100 1948 21 28 4
139 1945 120 32 veckor
279 1946 70 31 före
370 1946 59 32 och
450 1948 28 36 6,
498 1946 86 32 helst
605 1948 19 30 8
643 1946 120 33 veckor
782 1947 87 32 efter
888 1947 256 38 förlossningen,
1165 1949 72 32 med
1257 1949 351 38 amningsskyldighet

101 1999 28 19 0.
152 1999 25 20 S.
200 1999 41 27 v.,
263 1988 11 31 1
297 1988 38 31 de
358 1988 129 37 förslag
508 1988 53 32 till
582 1989 339 38 moderskapsskydd,
943 2002 68 20 som
1034 1991 25 32 f.
1081 2003 31 20 n.
1135 1995 56 27 äro
1212 1991 103 32 under
1337 1991 189 33 diskussion
1548 1992 60 33 och

100 2029 221 38 utformning.
362 2030 159 32 Kommer
538 2031 92 32 sinne
648 2031 53 32 för
717 2031 97 33 livets
833 2032 167 32 realiteler
1017 2036 51 28 att
1086 2033 37 31 få
1140 2038 81 32 göra
1240 2033 52 38 sig
1310 2033 156 38 gällande
1482 2035 12 31 i
1512 2035 95 31 dessa

101 2071 140 38 förslag,
264 2073 36 31 så
321 2072 94 32 skola
436 2073 238 38 otvivelaktigt
694 2074 181 32 resultaten
896 2074 90 32 bliva
1007 2075 97 37 goda.
1148 2075 129 34 Varvid
1296 2076 218 38 naturligtvis
1534 2077 74 32 icke

100 2113 117 32 enbart
238 2115 325 37 penningunderstöd
585 2120 57 27 äro
663 2116 208 38 tillräckliga
893 2117 80 31 eller
994 2129 55 20 ens
1073 2117 199 39 önskvärda,
1294 2123 80 28 utan
1396 2119 122 32 främst
1538 2120 69 32 väl-

101 2157 234 37 organiserade
358 2170 42 19 av
424 2162 67 28 stat
513 2159 59 31 och
595 2159 157 32 kommun
775 2160 220 31 underhållna
1018 2161 164 31 anstalter
1206 2161 53 32 för
1282 2161 326 39 omhändertagande

100 2210 43 18 av
165 2199 249 31 ensamstående
437 2199 153 33 blivande
612 2200 60 32 och
694 2201 160 37 nyblivna
876 2202 133 31 mödrar
1031 2202 59 32 och
1112 2214 42 20 av
1176 2203 38 31 de
1236 2203 92 38 barn,
1352 2215 67 20 som
1442 2204 30 37 ej
1493 2204 114 31 kunna

101 2240 37 31 få
161 2241 226 37 familjevård.

145 2281 75 33 Vad
243 2293 80 20 sann
346 2282 294 33 människokärlek
665 2284 58 31 och
746 2284 170 37 praktiskt
941 2285 152 32 förstånd
1115 2286 113 31 kunna
1249 2287 44 37 på
1314 2287 124 32 enskilt
1458 2288 149 32 initiativ

101 2327 129 28 uträtta
256 2324 11 31 i
293 2324 60 31 den
380 2329 117 33 vägen,
524 2325 85 31 blott
636 2326 61 30 den
724 2329 88 28 rätta
836 2326 104 37 viljan
969 2327 119 37 finnes,
1116 2327 132 32 bevisar
1272 2329 252 32 verksamheten
1550 2330 56 32 vid

101 2365 333 38 Frälsningsarméns
461 2366 73 31 hem
563 2367 52 31 för
643 2367 110 37 ogifta
780 2368 142 37 mödrar,
952 2367 151 39 Skogsbo
1133 2370 9 30 i
1172 2369 232 39 Sundbyberg.
1454 2371 71 38 Jag
1551 2384 54 19 an-

100 2407 143 32 befaller
266 2408 58 31 den
350 2408 166 31 anstalten
540 2408 54 31 till
620 2409 146 32 studium
790 2410 36 31 åt
849 2410 72 31 dem
944 2422 42 20 av
1010 2411 89 31 mina
1122 2411 159 39 kolleger,
1305 2424 68 20 som
1397 2414 82 36 vilja
1503 2414 102 32 verka

101 2450 43 37 på
169 2449 92 32 detta
286 2450 132 32 område
444 2462 42 20 av
512 2450 338 38 samhällshygienen.
899 2452 128 38 Bidrag
1054 2453 76 31 från
1158 2457 68 28 stat
1251 2455 59 32 och
1336 2455 193 33 kommuner
1555 2461 50 27 ut-

99 2492 115 38 glorde
238 2493 82 31 1929
344 2492 118 32 endast
485 2494 68 30 14.5
576 2494 20 26 Zz
619 2505 42 19 av
684 2494 318 35 driftkostnaderna.
1028 2507 68 20 som
1120 2495 50 31 till
1196 2501 81 27 nära
1303 2498 39 31 69
1365 2499 21 26 2
1409 2498 129 32 täcktes
1562 2511 43 19 av
