1906 2848
289 144 40 30 I4
699 145 113 29 Första
834 147 223 33 lagutskottets
1079 148 163 29 utlåtande
1266 150 48 28 Nr
1335 155 48 25 26.

296 230 116 37 15,398
433 231 74 32 med
531 233 38 30 17
593 232 83 32 döda
696 233 12 30 i
730 233 105 38 sepsis
862 232 63 40 (=
937 235 44 31 0.1
1007 234 39 39 4)
1073 236 59 32 och
1153 235 193 33 aborternas
1369 238 95 37 3,692
1493 236 88 39 (19.3
1602 239 21 31 4
1644 236 147 39 aborter)

294 272 73 32 med
393 274 40 31 45
462 274 255 37 sepsisdödsfall
748 274 122 40 (=1.2
894 278 22 31 4
943 276 164 40 aborter),
1137 279 30 31 d.
1192 291 33 19 v.
1253 290 25 20 s.
1304 279 186 38 aborterna,
1517 280 39 32 de
1581 280 87 32 allra
1695 280 101 32 flesta

294 313 222 34 framkallade
538 316 60 31 och
618 317 145 36 görande
785 317 74 33 skäl
882 319 53 32 för
956 331 177 26 ryssarnas
1155 332 98 22 namn
1276 321 257 32 »fuskaborter»
1555 322 80 32 eller
1656 330 139 24 »smuts-

293 356 163 40 aborter»,
482 358 192 33 föranledde
697 371 71 20 mer
791 365 41 27 än
858 362 39 31 10
922 362 129 37 gånger
1074 363 36 31 så
1135 366 69 28 stor
1230 363 170 38 dödlighet
1423 364 12 31 i
1460 365 107 37 sepsis
1590 376 68 20 som
1683 365 112 32 barns-

293 398 170 34 börderna.
503 400 206 33 Aborternas
728 403 91 31 antal
839 404 37 32 de
896 415 85 27 resp.
999 405 79 31 åren
1094 417 78 20 voro
1191 407 75 37 447,
1284 407 74 37 471,
1378 407 73 38 668,
1471 408 73 37 617,
1564 408 61 31 762
1645 407 59 32 och
1723 408 72 36 727,

294 444 47 28 ett
368 441 259 40 omisskännligt
653 444 137 38 uttryck
818 445 54 32 för
900 446 61 32 den
988 446 148 38 alltjämt
1164 448 171 37 pågående
1363 448 176 38 ökningen.
1591 449 64 32 Att
1681 450 13 31 i
1721 451 75 30 vårt

293 482 77 33 land
394 485 73 32 med
491 485 74 32 dess
590 486 10 31 i
625 486 182 33 allmänhet
830 488 56 31 väl
912 490 233 36 organiserade
1171 490 389 38 förlossningsanstalter
1585 492 210 38 dödligheten

292 525 11 30 1
324 524 181 35 barnsbörd
526 527 59 32 och
606 528 147 32 missfall
774 530 20 31 å
815 530 95 32 dessa
931 543 44 19 nu
996 532 71 31 åter
1088 532 72 32 icke
1183 533 36 31 så
1241 532 187 39 obetydligt
1450 534 184 38 överstiger
1653 538 142 28 motsva-

294 567 98 33 rande
416 568 48 32 tal
488 569 54 32 för
564 570 39 32 de
630 570 4 31 i
657 570 148 33 hemmen
826 573 146 31 vårdade
997 573 94 32 beror
1113 575 218 38 naturligtvis
1355 576 52 31 till
1431 588 38 20 en
1494 576 51 33 del
1568 577 43 37 på
1633 580 51 28 att
1705 577 88 31 kom-

292 609 164 37 plicerade
483 611 288 39 förlossningsfall
796 613 133 34 komma
955 615 54 32 till
1036 616 216 39 anstalterna,
1278 629 71 20 men
1378 619 43 37 på
1450 618 86 33 flera
1563 623 96 33 orter,
1688 620 106 32 såsom

293 655 23 27 t.
338 663 48 22 ex.
408 653 11 31 i
443 652 203 40 Stockholm,
667 655 11 31 i
699 657 229 37 övervägande
951 658 84 37 grad
1056 659 42 37 på
1121 659 38 32 de
1181 659 125 33 talrika
1329 660 147 38 septiska
1499 661 185 33 aborterna.
1730 662 64 32 En-

292 693 64 38 ligt
376 695 59 31 den
456 695 167 33 officiella
644 697 140 33 svenska
805 699 193 33 statistiken
1019 700 155 33 förlöstes
1195 702 38 31 år
1256 703 84 31 1928
1359 703 12 31 i
1390 703 149 32 hemmen
1563 705 116 36 76,555
1701 704 93 31 kvin-

293 747 60 20 nor
380 735 66 40 (4.2
470 739 22 32 2
516 750 44 19 av
585 739 95 33 dessa
705 740 147 39 aborter)
882 742 75 32 med
982 755 39 19 en
1046 743 184 32 mortalitet
1255 756 42 20 av
1323 746 67 31 0.26
1413 746 22 32 2
1460 747 60 31 och
1545 747 19 30 å
1589 746 204 32 anstalterna

292 778 117 38 22,619
438 778 63 39 (=
514 781 70 31 23.7
607 780 38 39 2)
672 781 142 33 kvinnor
837 784 74 32 med
936 785 68 31 0.36
1027 787 21 30 Zz
1071 786 180 37 dödlighet.
1299 786 72 32 Den
1395 787 167 39 sänkning
1585 789 12 31 i
1618 789 176 38 puerperal

290 820 192 40 mortalitet,
508 834 67 20 som
600 823 172 38 aseptiken
796 826 60 31 och
878 826 226 38 antiseptiken
1127 829 146 31 medfört
1297 829 52 32 för
1370 831 77 30 vårt
1470 830 78 33 land
1572 832 99 32 sedan
1697 833 96 31 1800-

292 862 98 33 talets
413 864 83 32 sista
521 865 170 33 decennier
713 866 80 33 eller
816 867 76 32 från
916 870 50 31 0.5
988 871 22 31 24
1032 869 53 32 till
1107 871 66 31 0.25
1195 872 31 36 &,
1250 871 60 33 och
1335 883 67 20 som
1426 872 102 32 väckt
1550 873 167 33 utlandets
1744 874 49 32 be-

289 904 170 33 undrande
481 907 306 41 uppmärksamhet,
808 909 61 32 har
889 922 45 20 nu
954 911 147 38 upphört
1122 913 60 32 och
1202 913 118 38 tyckes
1340 917 120 34 tyvärr
1479 916 135 32 tendera
1634 920 51 28 att
1705 922 89 26 över-

289 947 44 37 gå
353 948 11 31 i
386 948 135 40 ökning,
544 949 121 33 främst
687 952 43 37 på
753 954 107 35 grund
881 964 43 21 av
946 954 38 32 de
1007 954 62 32 allt
1090 955 161 32 talrikare
1274 952 413 48 fosterfördrivningarna.

334 989 75 33 Hur
428 990 89 33 skall
538 992 91 33 detta
649 993 54 32 för
723 1006 37 21 en
780 994 233 34 kulturnation
1035 998 160 37 ovärdiga
1215 998 60 32 och
1295 1000 209 37 upprörande
1526 1002 267 31 massmördande

290 1043 42 20 av
354 1032 120 33 ofödda
499 1034 107 32 foster
627 1036 59 31 och
710 1036 111 33 dessas
843 1038 135 32 mödrar
1000 1038 112 33 kunna
1135 1040 223 33 motarbetas?

333 1073 45 33 Vi
397 1074 114 33 läkare
531 1077 104 31 måste
656 1077 201 34 intensivare
878 1080 137 38 deltaga
1033 1082 11 30 i
1064 1082 127 32 arbetet
1209 1086 52 28 att
1280 1083 155 39 bibringa
1454 1085 186 37 ungdomen
1661 1087 37 31 de
1719 1098 73 19 sun-

290 1115 41 32 da
354 1117 58 32 och
436 1117 129 39 riktiga
586 1119 193 39 kunskaper
801 1122 11 31 i
835 1122 54 31 till
913 1122 167 33 könslivet
1103 1124 143 33 hörande
1271 1126 117 37 frågor
1410 1127 61 32 den
1496 1128 62 31 har
1581 1132 67 28 rätt
1672 1133 49 27 att
1745 1141 46 19 er-

288 1157 102 34 hålla.
434 1159 45 32 Vi
502 1161 105 32 måste
629 1163 43 36 gå
693 1163 11 30 i
728 1166 131 34 spetsen
882 1164 55 32 för
958 1167 222 32 strävandena
1203 1170 51 29 att
1276 1168 36 31 få
1335 1168 73 32 bort
1429 1165 363 47 hemlighetsmakeriet

290 1201 137 32 rörande
453 1202 412 41 fortplantningsorganen
893 1207 60 32 och
979 1208 93 32 deras
1099 1209 194 32 funktioner
1317 1211 59 31 och
1402 1212 172 37 energiskt
1597 1216 110 29 utrota
1733 1214 59 32 den

290 1247 86 27 ännu
403 1244 101 32 sedan
530 1246 195 32 medeltiden
751 1247 231 35 kvarvarande
1009 1251 261 38 uppfattningen
1296 1256 50 28 att
1371 1253 62 32 allt
1458 1254 66 31 vad
1550 1254 53 32 till
1628 1255 165 32 könslivet

288 1284 60 32 hör
366 1290 37 27 är
422 1287 103 37 något
544 1287 78 39 fult,
642 1300 51 19 om
712 1289 106 32 vilket
836 1303 76 19 man
933 1292 117 32 endast
1068 1293 65 31 kan
1154 1294 69 31 tala
1243 1295 73 31 med
1336 1295 99 32 sänkt
1455 1300 78 28 röst.
1578 1296 111 34 Sunda
1710 1298 81 32 kun-

288 1326 120 39 skaper
431 1333 34 27 ta
490 1328 74 33 bort
586 1331 104 32 osund
715 1331 199 38 nyfikenhet
938 1335 60 31 och
1022 1335 93 31 smak
1139 1335 55 32 för
1217 1336 54 32 det
1294 1338 232 37 oanständiga.
1572 1339 148 38 Delgavs
1746 1341 45 31 all

288 1369 60 31 vår
376 1371 145 37 ungdom
551 1372 125 32 sådana
706 1374 105 31 sunda
840 1374 194 39 kunskaper
1062 1388 50 20 om
1140 1377 368 35 könsförbindelsernas
1538 1381 86 38 höga
1653 1383 139 38 uppgift

289 1411 59 32 och
374 1423 122 22 ansvar
521 1414 60 31 och
607 1426 38 19 en
673 1415 73 32 ädel
772 1417 222 38 uppfattning
1021 1430 50 20 om
1097 1419 148 33 kvinnan
1272 1421 60 32 och
1357 1433 51 20 om
1436 1422 121 33 hennes
1584 1436 41 20 av
1651 1430 139 28 naturen

288 1453 122 38 ålagda
435 1455 88 38 höga
550 1456 139 38 uppgift
715 1462 153 28 ävensom
896 1459 290 40 havandeskapets
1215 1463 60 31 och
1303 1463 262 40 förlossningens
1593 1467 119 32 bördor
1739 1469 53 30 för

287 1495 113 41 henne,
425 1498 38 32 så
487 1497 109 33 skulle
619 1500 122 37 många
764 1500 202 39 handlingar
989 1515 44 19 av
1058 1503 157 33 lättsinne
1241 1505 80 32 eller
1344 1506 206 39 okunnighet
1575 1509 216 39 förebyggas.

289 1538 123 38 Många
437 1539 74 32 icke
540 1541 143 32 önskade
710 1543 224 33 människoliv
963 1545 107 32 skulle
1097 1546 30 38 ej
1154 1547 121 33 tändas
1300 1567 44 3 —
1370 1561 78 20 vare
1476 1550 53 38 sig
1556 1552 53 31 till
1638 1552 84 38 följd
1750 1566 39 19 av

287 1580 316 40 självbehärskning
628 1583 80 33 eller
736 1584 194 34 förmedelst
958 1587 338 40 antikonceptionella
1325 1592 168 37 åtgärder.

333 1622 131 33 Sådana
489 1625 237 33 människorna
751 1639 44 19 nu
821 1632 66 34 äro,
914 1629 134 33 komma
1074 1631 184 34 emellertid
1283 1633 97 33 alltid
1405 1635 117 37 dylika
1548 1636 72 32 icke
1646 1638 144 32 önskade

285 1665 224 33 människoliv
529 1670 52 29 att
601 1669 131 38 uppstå,
754 1670 59 31 och
834 1670 41 32 då
897 1675 37 28 är
955 1672 54 31 det
1030 1684 38 20 en
1088 1672 232 34 kulturnation
1342 1677 156 37 ovärdigt
1517 1681 51 29 att
1589 1679 72 32 icke
1682 1680 106 32 effek-

285 1706 65 32 tivt
371 1706 130 39 skydda
522 1709 59 32 och
602 1710 259 40 omhändertaga
883 1713 94 32 dessa
1000 1714 57 35 liv,
1078 1727 51 20 om
1149 1716 73 32 icke
1244 1717 211 34 föräldrarna
1475 1719 114 33 kunna
1608 1721 81 32 eller
1707 1723 82 37 vilja

287 1748 64 33 det.
397 1749 55 40 Ja,
479 1751 54 32 för
555 1763 39 20 en
617 1753 112 32 nation
752 1754 129 33 vilkens
904 1757 159 31 nativitet
1085 1762 136 28 närmar
1243 1760 52 37 sig
1319 1760 80 32 eller
1421 1761 127 33 kanske
1571 1763 146 34 kommer
1740 1769 49 28 att

286 1790 120 38 sjunka
429 1793 105 32 under
556 1794 223 33 mortaliteten
802 1796 65 32 kan
892 1798 54 32 det
969 1798 47 32 bli
1040 1811 37 20 en
1100 1800 189 39 nödvändig
1314 1802 430 43 självbevarelsehandling.

329 1833 198 35 Emellertid
546 1840 89 28 möta
655 1848 53 21 oss
729 1838 123 39 läkare,
875 1844 62 27 när
957 1841 34 31 vi
1011 1841 82 38 vilja
1114 1842 114 33 arbeta
1250 1844 54 32 för
1324 1845 124 33 sådana
1470 1847 122 34 fosters
1613 1849 59 32 och
1694 1850 94 32 deras

284 1876 147 33 mödrars
455 1877 186 34 bevarande
664 1898 44 4 -—
730 1880 72 33 icke
826 1881 107 32 sällan
958 1883 37 31 få
1018 1884 34 31 vi
1076 1884 184 33 kännedom
1285 1898 51 20 om
1361 1888 70 31 dem
1455 1900 117 26 genom
1594 1892 193 32 mödrarnas

286 1917 143 38 begäran
457 1931 52 20 om
536 1920 342 41 abortframkallning
902 1943 44 4 —
973 1930 87 27 ännu
1088 1927 36 31 så
1151 1927 98 38 länge
1276 1931 266 38 oövervinneliga
1571 1934 216 37 svårigheter.

284 1959 45 32 Vi
349 1972 104 21 varna
473 1961 186 34 kvinnorna
681 1963 53 33 för
755 1965 135 33 farorna
913 1979 42 19 av
978 1972 51 28 att
1050 1970 107 31 vända
1180 1971 52 37 sig
1253 1971 54 31 till
1329 1972 304 37 fosterfördrivare.
1655 1988 71 20 men
1750 1978 37 31 de

285 2002 136 33 försöka
445 2003 109 38 själva
578 2005 113 32 utföra
714 2007 202 39 handlingen
939 2011 72 31 med
1035 2010 93 39 hjälp
1151 2024 43 19 av
1216 2013 201 33 instrument
1439 2028 68 20 som
1531 2017 93 38 ligga
1648 2019 140 32 framme

285 2044 53 31 till
361 2044 209 35 beskådande
592 2048 60 31 och
675 2048 201 40 försäljning
897 2052 11 31 i
932 2052 70 32 alla
1024 2065 25 20 s.
1072 2053 32 33 k.
1125 2054 202 38 hygieniska
1349 2057 142 40 affärer,
1514 2060 171 38 vanligast
1707 2074 25 20 s.
1754 2062 33 32 k.

284 2085 298 41 livmodersprutor
598 2091 73 32 med
689 2102 38 20 en
744 2091 89 39 lång,
852 2093 50 31 fin
919 2095 219 39 metallspets,
1157 2097 119 32 liksom
1295 2099 116 32 enkom
1428 2100 221 35 konstruerad
1667 2104 53 32 för
1738 2108 50 29 att

283 2128 138 33 medelst
446 2142 39 20 en
511 2143 84 20 ovan
620 2132 88 33 hand
733 2135 216 36 genomborra
976 2136 103 34 bakre
1105 2139 179 33 slidvalvet
1309 2141 80 32 eller
1414 2143 102 33 bakre
1542 2146 243 38 cervixväggen

285 2174 85 28 samt
391 2171 174 34 halvfasta
588 2175 125 38 sonder,
737 2176 54 32 för
811 2177 110 33 vilkas
944 2179 175 34 införande
1142 2185 23 30 t.
1188 2194 28 20 o.
1239 2195 43 20 m.
1305 2184 103 32 under
1431 2187 222 37 antiseptiska
1675 2189 111 38 åtgär-

284 2211 57 33 der
361 2214 179 39 anvisning
560 2227 69 26 ges.
673 2217 52 33 En
747 2218 201 39 välsignelse
970 2233 77 21 vore
1068 2223 53 32 det
1143 2235 51 20 om
1219 2225 96 38 dylik
1336 2227 326 35 affärsverksamhet
1684 2232 103 32 under

283 2254 179 39 hygienisk
485 2258 201 34 förklädnad
709 2260 109 34 kunde
841 2265 143 31 utrotas!

329 2297 73 33 När
433 2300 54 31 det
518 2300 109 38 gäller
656 2303 441 39 upplysningsverksamhet
1127 2312 68 28 mot
1226 2309 135 34 farorna
1393 2324 42 20 av
1467 2309 320 50 fosterfördrivning

280 2338 66 33 kan
370 2341 163 39 märkligt
557 2355 65 27 nog
647 2344 59 32 den
729 2348 190 32 nuvarande
943 2348 104 38 ryska
1072 2351 143 37 regimen
1240 2352 99 33 också
1362 2354 93 37 tjäna
1480 2367 68 20 som
1574 2357 175 38 föredöme,
1773 2360 11 31 i

282 2380 54 32 det
356 2382 59 33 den
436 2384 157 38 påbjudit
611 2389 51 29 att
680 2388 69 31 alla
767 2388 254 35 kommissioner
1039 2392 54 32 för
1110 2394 129 32 mödra-
1260 2396 59 31 och
1340 2396 215 39 barnaskydd
1576 2399 93 33 skola
1690 2401 93 33 driva

282 2423 163 37 agitation
466 2431 70 28 mot
558 2428 317 35 fosterfördrivarna
900 2444 116 26 genom
1041 2434 166 40 föredrag,
1231 2440 117 29 teater-
1372 2439 59 31 och
1454 2439 331 43 bioföreställningar

282 2465 60 32 och
360 2468 103 33 andra
483 2470 306 37 demonstrationer.
