1888 2812
449 141 404 40 Bevillningsutskottets
879 138 219 31 betänkande
1124 147 43 20 nr
1191 137 52 29 42.
1564 135 37 29 19

94 233 175 38 digheten,
289 233 49 28 att
359 240 43 20 en
422 231 129 38 import
571 229 125 39 pågick
718 228 81 29 från
821 226 160 39 England
1002 234 42 20 av
1066 226 48 27 ett
1135 222 195 40 betydande
1353 221 95 30 antal
1469 220 131 30 trakto-

95 292 55 20 rer
169 283 136 39 byggda
322 282 55 29 för
394 280 222 30 bensindrift.

143 333 84 30 1948
247 333 58 29 års
325 330 345 39 bevillningsutskott
693 328 212 30 underströk
924 327 11 29 i
957 326 59 30 sitt
1037 326 81 29 över
1137 324 220 30 motionerna
1379 321 147 39 avgivna
1546 320 56 30 be-

94 384 180 29 tänkande
303 382 58 33 (nr
382 381 74 34 23),
479 381 106 30 vilket
609 379 201 40 godkändes
831 388 43 20 av
894 377 198 38 riksdagen,
1115 377 51 28 att
1187 375 67 29 den
1275 373 208 39 ifrågasatta
1504 371 98 30 resti-

95 434 251 30 tutionsrätten
364 433 68 29 fått
448 432 92 30 ökad
557 430 174 40 betydelse
750 437 122 31 genom
894 427 237 40 skärpningen
1149 435 42 20 av
1207 423 394 38 bensinbeskattningen

96 494 82 20 men
196 486 50 29 att
265 484 20 30 å
303 483 111 30 andra
433 483 100 29 sidan
551 480 195 31 eventuella
765 479 161 40 åtgärder
944 479 11 29 i
975 477 89 40 syfte
1087 478 50 28 att
1158 474 212 39 tillmötesgå
1389 474 41 29 de
1450 474 12 29 i
1480 473 122 29 motio-

100 544 110 21 nerna
236 534 196 30 framförda
458 532 227 30 önskemålen
713 531 111 29 måste
849 530 189 38 övervägas
1064 528 79 29 med
1172 526 141 30 särskilt
1339 524 195 31 beaktande
1561 532 43 21 av

96 585 146 40 frågans
261 587 75 27 rent
355 583 230 31 ekonomiska
608 582 74 30 sida
703 581 94 30 såväl
817 590 42 20 ur
878 578 339 40 kontrollsynpunkt
1240 586 73 20 som
1334 576 111 39 eljest.
1478 575 124 29 Vidare

99 636 202 30 förklarade
328 643 136 21 samma
487 633 56 30 års
566 631 356 40 bevillningsutskott,
948 632 51 28 att
1022 629 171 29 utskottet
1219 628 11 29 i
1253 626 136 41 princip
1412 626 100 39 hyste
1536 625 67 29 den

98 686 273 40 uppfattningen
396 687 51 27 att
470 702 45 3 —
540 684 45 29 då
609 684 41 29 de
678 690 124 31 genom
829 680 399 37 bensinbeskattningen
1252 677 196 39 inflytande
1476 676 128 29 skatte-

101 737 138 30 medlen
259 745 79 21 vore
358 735 152 30 avsedda
529 736 48 28 att
596 734 146 38 bidraga
760 733 52 29 till
832 731 174 31 täckande
1025 740 42 20 av
1086 729 238 30 kostnaderna
1344 728 56 29 för
1418 727 187 39 vägväsen-

98 787 58 30 det
178 805 45 3 —
246 786 270 40 kompensation
540 784 104 30 borde
669 784 136 29 lämnas
830 781 209 41 jordbruket
1063 780 57 30 för
1143 780 42 29 de
1214 778 174 30 särskilda
1415 776 189 30 kostnader

100 847 75 20 som
196 838 213 39 uppkomme
431 836 52 29 till
504 835 90 39 följd
617 845 43 20 av
680 834 270 38 beskattningen
972 841 42 21 av
1037 831 134 33 bensin,
1194 839 74 20 som
1290 828 178 31 användes
1490 827 114 30 såsom

99 888 191 30 drivmedel
314 887 55 29 för
391 886 228 40 jordbrukets
641 885 193 33 maskiner;
859 882 176 30 huruvida
1058 880 315 41 kompensationen
1396 878 106 30 borde
1526 886 79 21 avse

99 939 126 29 endast
245 937 282 39 tilläggsskatten
550 936 20 30 å
593 935 124 30 bensin
742 934 83 30 eller
847 935 102 38 göras
970 942 98 20 mera
1090 931 218 31 omfattande
1331 930 80 30 ville
1436 929 169 29 utskottet

100 989 121 29 lämna
236 989 113 39 öppet.
378 988 13 29 I
408 987 153 38 enlighet
577 986 146 30 härmed
740 985 64 30 och
824 985 43 29 då
888 983 84 30 1948
991 983 57 30 års
1067 981 346 39 bevillningsutskott
1431 980 76 29 icke
1525 988 80 20 vore

100 1039 111 29 berett
236 1041 49 28 att
310 1038 122 31 anvisa
455 1047 43 20 en
524 1036 170 40 slutgiltig
716 1036 139 38 lösning
878 1044 43 20 av
946 1035 104 29 sättet
1077 1033 57 29 för
1159 1031 288 40 genomförandet
1473 1039 42 20 av
1538 1030 67 29 den

100 1089 209 39 ifrågasatta
322 1088 347 32 restitutionsrätten,
686 1085 207 31 hemställde
907 1085 181 32 utskottet,
1105 1085 50 28 att
1170 1083 186 38 riksdagen
1371 1081 108 30 måtte
1494 1080 11 29 i
1520 1080 88 30 skri-

100 1140 95 30 velse
209 1139 55 30 till
281 1139 125 38 Kungl.
424 1138 106 39 Maj:t
549 1136 142 31 anhålla
706 1146 56 20 om
779 1145 42 21 en
838 1135 139 39 allsidig
992 1135 65 29 och
1074 1133 327 38 förutsättningslös
1419 1131 188 38 utredning

102 1192 140 27 snarast
262 1189 138 39 möjligt
422 1189 149 29 rörande
595 1188 125 39 frågan
741 1196 58 21 om
820 1187 70 29 rätt
912 1186 54 29 till
990 1185 201 30 restitution
1214 1193 43 20 av
1279 1184 93 28 skatt
1394 1182 57 30 för
1472 1182 134 32 bensin,

102 1250 76 20 som
198 1240 177 30 användes
393 1240 57 29 vid
468 1239 227 39 jordbrukets
715 1237 97 30 drift.
846 1236 185 38 Samtidigt
1050 1235 110 30 beslöt
1180 1235 170 29 utskottet
1370 1232 130 30 föreslå
1519 1232 89 29 riks-

101 1292 113 39 dagen
233 1294 49 28 att
301 1308 43 4 —
362 1292 80 29 med
461 1292 137 38 hänsyn
618 1290 44 30 bl.
681 1300 31 20 a.
731 1290 53 29 till
802 1290 68 29 den
891 1288 240 40 nyssnämnda
1150 1287 174 39 importen
1344 1285 80 30 från
1444 1283 159 40 England

102 1351 43 20 av
166 1341 251 30 bensindrivna
438 1340 174 29 traktorer
630 1357 45 3 —
695 1338 209 40 bemyndiga
927 1336 126 39 Kungl.
1075 1336 107 39 Maj:t
1204 1337 60 32 att,
1286 1335 117 29 därest
1425 1333 183 41 praktiska

104 1392 214 39 svårigheter
340 1391 77 29 icke
442 1390 112 30 skulle
580 1390 128 29 hindra
734 1388 289 40 genomförandet
1048 1396 43 20 av
1113 1396 44 20 en
1180 1386 99 39 dylik
1302 1384 211 34 restitution,
1539 1384 69 29 för-

103 1443 111 28 ordna
235 1451 56 20 om
312 1441 201 29 restitution
536 1450 41 21 av
599 1440 279 38 tilläggsskatten
900 1438 20 30 å
944 1437 109 30 sådan
1073 1437 135 32 bensin,
1232 1445 73 20 som
1327 1435 204 30 förbrukats
1551 1434 59 29 vid

101 1492 212 39 jordbruket
330 1491 53 30 till
402 1490 251 30 bensindrivna
669 1489 175 31 traktorer
864 1488 112 29 under
997 1487 95 29 tiden
1113 1487 67 29 den
1202 1486 14 29 1
1239 1485 87 40 april
1350 1484 197 31 1948—den
1568 1484 39 30 31

103 1552 96 20 mars
220 1541 92 31 1949.

151 1593 49 30 På
223 1594 68 28 sätt
314 1592 156 38 framgår
493 1601 42 20 av
557 1592 65 28 den
646 1590 146 39 tidigare
816 1589 162 31 lämnade
1000 1587 245 40 redogörelsen
1268 1587 63 29 har
1355 1586 126 39 Kungl.
1505 1585 105 39 Maj:t

106 1643 67 30 den
198 1644 39 29 12
257 1642 188 30 november
469 1641 84 30 1948
574 1659 43 3 —
637 1641 89 32 efter
747 1640 190 30 verkställd
959 1638 190 39 utredning
1168 1637 150 30 rörande
1341 1636 270 39 möjligheterna

107 1696 50 28 att
178 1693 203 40 genomföra
401 1702 43 20 en
465 1692 199 30 restitution
684 1692 11 29 i
715 1689 346 32 överensstämmelse
1081 1689 80 29 med
1181 1688 56 29 det
1258 1697 41 20 av
1319 1687 187 38 riksdagen
1526 1686 85 29 läm-

106 1744 90 30 nade
216 1743 293 40 bemyndigandet
529 1760 43 3 —
591 1743 73 29 dels
685 1741 182 30 förordnat
889 1742 50 28 att
958 1739 202 30 restitution
1182 1738 93 39 finge
1297 1738 62 38 äga
1381 1746 79 20 rum
1482 1746 41 20 av
1543 1736 68 29 till-

106 1795 193 39 läggsskatt
321 1795 20 29 å
364 1794 109 29 sådan
496 1793 132 34 bensin,
653 1802 74 20 som
751 1791 204 30 förbrukats
976 1790 58 30 vid
1056 1789 208 39 jordbruket
1287 1788 51 29 till
1362 1786 249 30 bensindrivna

107 1847 176 29 traktorer
303 1846 110 28 under
432 1845 96 29 tiden
551 1845 14 28 1
588 1844 88 39 april
699 1842 196 30 1948-—den
916 1841 38 29 31
976 1849 96 20 mars
1094 1839 95 34 1949,
1210 1839 73 29 dels
1304 1838 64 29 ock
1388 1836 223 39 bemyndigat

104 1896 127 29 chefen
250 1896 54 29 för
321 1894 397 39 finansdepartementet
736 1894 50 27 att
804 1891 151 29 tillkalla
974 1889 223 38 sakkunniga
1215 1888 78 29 med
1312 1887 158 39 uppdrag
1489 1888 49 27 att
1559 1888 53 26 ut-

106 1947 84 30 reda
213 1946 124 38 frågan
361 1954 56 20 om
442 1945 70 28 rätt
537 1944 51 28 till
612 1942 199 30 restitution
836 1951 42 20 av
903 1941 93 29 skatt
1021 1940 54 29 för
1102 1938 123 30 bensin
1251 1947 73 20 som
1353 1937 177 29 användes
1554 1936 58 29 vid

106 1997 44 29 bl.
172 2006 30 20 a.
225 1995 227 40 jordbrukets
476 1994 95 29 drift.

152 2046 225 30 Sistnämnda
410 2044 223 38 sakkunniga
666 2043 46 29 ha
748 2043 196 29 sedermera
967 2040 194 29 tillkallats.
1189 2039 108 38 Något
1323 2038 133 38 slutligt
1482 2037 131 38 förslag

107 2097 81 29 från
206 2097 43 29 de
267 2096 241 37 sakkunnigas
528 2094 75 30 sida
619 2094 66 29 har
703 2094 94 28 ännu
817 2093 76 29 icke
913 2091 195 38 framlagts.

151 2146 226 30 Beträffande
403 2146 56 28 det
484 2146 159 28 närmare
667 2143 189 29 innehållet
881 2142 11 28 i
915 2142 57 29 det
995 2141 132 38 förslag
1152 2149 75 20 som
1251 2139 183 38 framlagts
1459 2139 8 28 i
1491 2147 124 30 propo-

108 2197 151 29 sitionen
277 2205 40 19 nr
338 2195 61 29 188
418 2195 58 30 må
494 2196 62 28 här
577 2195 148 28 nämnas
744 2193 166 38 följande.
931 2192 12 28 I
965 2191 165 30 skrivelse
1149 2190 52 30 till
1221 2189 124 39 Kungl.
1365 2189 105 38 Maj:t
1489 2189 65 28 den
1576 2187 39 29 14

108 2256 96 19 mars
225 2246 82 29 1949
325 2245 207 29 hemställde
551 2247 132 26 statens
701 2241 442 33 iivsmedelskommission,
1165 2242 50 28 att
1233 2240 130 38 förslag
1382 2239 107 29 måtte
1509 2238 107 29 fram-

108 2297 118 37 läggas
248 2297 54 28 för
326 2296 187 37 riksdagen
536 2295 132 32 därom,
691 2296 50 27 att
765 2292 158 39 gällande
946 2290 426 30 restitutionsförfarande
1394 2288 221 29 beträffande

109 2346 278 39 tilläggsskatten
406 2347 20 28 å
443 2345 133 32 bensin,
597 2354 74 19 som
690 2343 176 29 användes
883 2342 58 29 vid
959 2341 208 39 jordbruket
1186 2340 52 29 till
1256 2338 249 30 bensindrivna
1524 2338 93 28 trak-

110 2399 102 31 torer,
232 2396 110 29 skulle
363 2396 35 29 få
419 2395 176 38 tillämpas
613 2394 131 38 jämväl
763 2394 110 28 under
894 2392 96 30 tiden
1008 2392 67 28 den
1097 2391 14 28 1
1133 2390 88 39 april
1245 2389 196 29 1949—den
1463 2388 38 29 31
1523 2396 94 21 mars

110 2447 79 28 1950
209 2446 75 29 med
307 2446 91 29 vissa
419 2445 10 29 i
450 2445 189 29 skrivelsen
660 2444 157 29 närmare
838 2442 149 36 angivna
1008 2440 293 31 modifikationer.
1321 2439 47 29 De
1390 2448 41 19 av
1454 2437 163 30 konunis-
