1888 2814
456 129 407 40 Bevillningsutskottets
889 128 220 31 betänkande
1134 137 44 21 nr
1201 128 52 30 42.
1567 126 36 30 17

95 218 122 28 kunna
240 216 246 30 åstadkomma
510 225 44 20 en
579 215 201 30 restitution
805 224 42 20 av
870 224 43 20 en
937 214 232 33 bensinskatt,
1195 223 75 20 som
1295 212 127 39 erlagts
1447 212 89 30 flera
1561 212 38 30 år

95 266 153 37 tidigare.
272 266 256 30 Motionärerna
550 265 126 37 ansåge
698 264 131 34 därför,
852 266 48 27 att
921 266 46 27 ett
989 263 114 30 beslut
1124 263 11 29 i
1157 262 342 31 överensstämmelse
1522 261 78 30 med

96 318 41 30 de
163 317 240 39 sakkunnigas
427 317 134 38 förslag
585 325 79 21 vore
690 317 51 28 att
765 316 153 29 förorda.
945 314 119 31 Skulle
1090 314 192 30 emellertid
1307 313 187 39 riksdagen
1520 313 79 29 med

96 367 136 37 hänsyn
251 367 53 29 till
325 367 58 29 sitt
403 366 113 30 beslut
536 366 38 29 år
596 365 79 30 1948
694 365 76 30 icke
791 374 82 21 anse
894 364 51 38 sig
964 365 121 29 kunna
1104 364 136 30 biträda
1260 365 47 28 ett
1327 363 110 37 dylikt
1458 362 142 38 förslag,

96 418 116 31 kunde
230 419 58 30 det
306 418 236 40 ifrågasättas,
560 427 57 20 om
635 417 75 30 icke
728 417 67 29 den
814 417 54 29 del
887 426 43 20 av
946 416 292 39 tilläggsskatten,
1259 424 74 21 som
1353 416 129 29 avsetts
1502 413 99 30 resti-

98 468 127 35 tuerad,
247 468 107 30 borde
376 477 194 21 reserveras
593 467 64 30 och
679 467 108 29 redan
808 476 46 20 nu
876 466 119 30 ställas
1017 466 53 29 till
1092 466 124 37 Kungl.
1239 465 121 37 Maj:ts
1383 464 218 38 disposition.

96 520 115 30 Under
232 520 134 30 sådana
383 519 246 30 förhållanden
651 518 112 31 skulle
784 518 158 40 beloppet
962 535 44 3 —
1025 518 11 29 i
1056 517 175 30 avvaktan
1250 517 45 39 på
1316 516 132 40 slutligt
1468 516 133 38 förslag

96 571 79 29 från
198 571 42 30 de
265 570 241 38 sakkunnigas
530 570 77 30 sida
627 587 44 3 —
694 579 42 20 av
759 569 187 39 riksdagen
971 568 121 30 ställas
1115 568 53 30 till
1192 567 127 39 Kungl.
1342 567 125 39 Maj:ts
1490 566 112 31 förfo-

97 622 120 39 gande,
240 623 50 28 att
312 621 179 30 användas
513 621 56 29 för
592 620 164 30 ändamål
779 629 75 20 som
877 619 155 40 gagnade
1054 619 107 30 fisket
1183 619 65 29 och
1271 619 79 29 dess
1372 616 230 41 organisatio-

96 681 71 20 ner.
191 672 58 30 Ett
272 671 112 40 dylikt
407 671 114 30 beslut
545 673 117 37 syntes
685 670 185 30 motiverat
893 671 87 28 även
1003 678 42 21 ur
1069 669 226 40 psykologisk
1319 669 191 39 synpunkt.
1534 667 66 30 Vid

97 724 48 28 ett
167 722 238 39 övervägande
428 731 42 20 av
491 721 108 30 vilket
622 731 42 20 av
685 721 104 29 dessa
810 721 58 29 två
890 720 196 33 alternativ,
1111 729 74 20 som
1208 720 11 29 i
1242 719 112 30 första
1375 719 94 29 hand
1492 718 109 30 borde

97 772 142 29 komma
262 772 11 29 i
298 771 109 39 fråga,
429 770 90 31 hade
545 770 261 30 motionärerna
829 769 118 30 funnit
971 769 51 39 sig
1044 768 85 30 böra
1152 770 126 29 stanna
1301 768 93 29 inför
1417 768 58 29 det
1500 768 105 29 först-

96 824 164 29 nämnda.

141 924 13 29 I
173 924 178 29 motionen
369 924 47 29 Il:
436 923 64 30 384
519 924 64 29 har
603 924 146 33 anförts,
770 924 50 28 att
839 923 55 29 det
913 922 77 30 icke
1009 922 118 29 kunde
1147 931 102 20 anses
1269 923 50 29 att
1339 930 42 20 en
1400 920 201 30 restitution

96 974 52 29 till
175 974 129 29 fiskare
330 974 110 29 skulle
465 973 193 30 motarbeta
684 973 41 29 de
751 972 80 34 mål,
857 981 81 20 man
963 972 91 30 velat
1079 972 106 29 vinna
1211 971 79 29 med
1316 971 285 37 tilläggsskatten,

97 1025 81 29 enär
195 1025 56 29 det
269 1024 100 30 rörde
387 1024 51 37 sig
454 1033 58 21 om
530 1023 75 30 små
620 1024 126 36 belopp
763 1023 66 30 och
846 1023 96 37 ringa
959 1022 208 37 myckenhet
1183 1022 12 29 i
1212 1022 124 29 bensin
1353 1021 11 29 i
1383 1020 218 31 förhållande

96 1075 53 29 till
172 1075 55 29 det
250 1077 94 27 stora
366 1074 87 30 hela.
477 1075 78 29 Med
579 1074 186 37 anledning
789 1083 43 20 av
855 1073 250 37 föredragande
1130 1071 395 39 departementschefens
1551 1073 51 27 ut-

97 1124 165 30 talanden
282 1124 106 31 borde
410 1124 135 29 erinras
566 1133 57 21 om
644 1126 50 27 att
716 1123 188 39 riksdagen
925 1123 38 29 år
987 1122 84 30 1948
1093 1123 151 29 beslutat
1265 1122 64 30 och
1350 1122 125 38 Kungl.
1498 1120 105 40 Maj:t

97 1185 45 20 nu
166 1175 178 38 föreslagit
365 1175 198 30 restitution
584 1185 42 19 av
647 1175 276 37 tilläggsskatten
943 1174 54 29 till
1019 1174 230 36 jordbrukare
1272 1173 191 30 oberoende
1488 1182 42 20 av
1553 1173 48 28 att

98 1228 34 30 åt
152 1227 233 39 utredningen
404 1227 207 39 uppdragits
631 1228 49 29 att
700 1226 123 30 utreda
843 1226 65 30 och
927 1226 182 29 inkomma
1129 1226 79 29 med
1228 1224 132 40 förslag
1379 1234 56 20 om
1455 1224 69 29 hur
1544 1223 57 30 det

98 1277 110 30 skulle
236 1276 151 30 förfaras
414 1277 11 28 i
451 1276 270 37 fortsättningen
746 1276 79 30 med
850 1275 242 31 restitutionen
1119 1284 42 21 av
1187 1274 262 30 bensinskatten
1476 1275 88 28 även
1590 1273 12 29 i

98 1329 93 29 detta
211 1329 73 33 fall,
305 1338 74 20 som
399 1329 89 29 dock
507 1328 112 39 gällde
638 1327 96 39 långt
755 1328 110 29 större
884 1327 125 39 belopp
1029 1328 45 28 än
1092 1327 66 30 vad
1177 1327 58 29 det
1254 1335 80 21 vore
1354 1326 99 39 fråga
1472 1335 57 20 om
1548 1324 53 31 till

99 1377 142 30 fiskare.
266 1377 394 40 Departementschefen
683 1377 90 29 hade
799 1376 117 30 vidare
941 1376 129 34 anfört,
1095 1379 50 28 att
1168 1376 57 29 det
1249 1375 12 29 i
1284 1375 64 30 och
1372 1375 55 30 för
1454 1375 51 39 sig
1530 1375 75 29 icke

98 1430 151 38 förelåge
271 1429 105 38 något
397 1429 125 29 hinder
544 1430 50 29 att
616 1429 57 29 vid
697 1428 84 29 1950
803 1428 57 30 års
882 1428 152 38 riksdag,
1059 1428 106 29 sedan
1187 1428 41 29 de
1252 1427 241 38 sakkunnigas
1516 1426 86 30 defi-

98 1478 108 29 nitiva
230 1478 133 38 förslag
385 1477 185 39 framlagts
592 1477 64 30 och
679 1477 197 39 granskats,
899 1478 154 38 upptaga
1087 1476 124 39 frågan
1246 1485 57 20 om
1337 1475 201 30 restitution
1564 1484 41 20 av

98 1530 280 39 tilläggsskatten
403 1529 20 30 å
446 1529 136 33 bensin,
607 1529 116 29 vilken
749 1529 111 29 under
884 1529 96 29 tiden
1006 1528 75 29 före
1106 1529 67 29 den
1200 1528 14 29 1
1242 1528 71 37 maj
1344 1527 82 30 1949
1452 1527 149 30 använts

97 1579 58 30 vid
172 1579 247 37 yrkesmässigt
436 1579 156 30 bedrivet
609 1578 100 30 fiske.
728 1578 163 30 Häremot
908 1578 116 29 kunde
1042 1577 90 30 dock
1149 1578 195 33 anmärkas,
1363 1579 48 28 att
1427 1577 39 37 ju
1485 1577 117 37 längre

98 1630 96 30 tiden
213 1631 99 39 ginge
333 1631 87 29 efter
438 1630 59 30 det
518 1632 51 28 att
589 1630 267 39 ifrågavarande
876 1630 124 29 bensin
1020 1629 215 34 förbrukats,
1256 1629 39 39 ju
1318 1629 149 34 svårare,
1489 1638 57 20 om
1567 1628 31 39 ej

97 1682 76 28 rent
191 1689 42 20 av
253 1680 167 37 omöjligt,
439 1680 98 30 bleve
557 1680 56 30 det
632 1679 55 30 för
706 1679 296 37 myndigheterna,
1021 1688 76 21 som
1116 1679 112 29 skulle
1248 1678 237 31 omhänderha
1505 1677 97 31 resti-

99 1730 159 29 tutionen
284 1730 53 29 till
362 1730 142 34 fiskare,
534 1732 49 27 att
608 1730 121 29 kunna
755 1729 215 30 kontrollera
998 1729 265 29 restitutionens
1300 1728 176 39 riktighet,
1515 1730 90 28 samt

100 1780 55 30 för
179 1780 133 31 fiskare
338 1782 49 28 att
411 1781 123 28 kunna
560 1788 86 31 ange
673 1781 68 28 den
766 1780 172 29 kvantitet
965 1789 75 21 som
1068 1779 204 30 förbrukats
1298 1779 57 30 två
1380 1779 83 29 eller
1489 1781 52 27 tre
1567 1779 39 29 år

98 1833 156 38 tidigare.
274 1832 126 30 Därtill
418 1833 141 29 komme
580 1834 49 28 att
647 1832 40 39 ju
707 1832 120 39 längre
846 1832 94 29 tiden
960 1832 99 38 ginge
1079 1832 97 29 desto
1197 1831 138 30 svårare
1355 1831 95 29 bleve
1470 1831 57 29 det
1547 1831 55 29 för

99 1880 128 30 fiskare
248 1882 49 28 att
317 1881 118 29 kunna
456 1881 201 33 bestämma,
676 1881 119 29 vilken
815 1880 82 29 eller
919 1880 95 29 vilka
1035 1879 129 30 fiskare
1184 1880 12 28 i
1216 1880 190 36 fiskelaget,
1428 1888 76 20 som
1523 1888 82 20 vore

98 1933 214 39 berättigade
335 1933 51 28 till
408 1933 247 29 restitutionen
678 1932 82 29 eller
782 1932 68 29 hur
874 1934 70 27 stor
967 1932 55 29 del
1045 1932 195 39 respektive
1264 1932 130 29 fiskare
1418 1931 113 29 skulle
1555 1931 46 33 få,

99 1983 90 28 detta
217 1991 121 20 senare
365 1982 171 30 beroende
565 1982 44 36 på
636 1984 48 27 att
712 1981 209 38 fiskelagens
950 1981 311 37 sammansättning
1290 1981 74 29 icke
1393 1980 98 30 alltid
1520 1989 81 21 vore

99 2034 166 29 konstant
284 2034 40 29 år
342 2033 87 30 efter
448 2034 48 33 år,
515 2035 86 28 utan
620 2035 50 27 att
688 2042 83 20 man
789 2033 94 39 bytte
902 2042 57 20 om
978 2033 199 38 besättning
1196 2033 89 38 gång
1304 2032 87 29 efter
1410 2041 129 21 annan.

131 2500 17 25 2
192 2499 112 31 Bihang
316 2500 46 23 till
373 2499 170 31 riksdagens
555 2500 146 30 protokoll
715 2499 76 24 1949.
812 2499 14 23 7
838 2499 82 24 saml.
948 2502 39 22 Nr
1005 2501 31 23 42
