<?xml version="1.0" encoding="UTF-8"?>
<alto xmlns="http://www.loc.gov/standards/alto/ns-v3#" xmlns:xlink="http://www.w3.org/1999/xlink" xmlns:xsi="http://www.w3.org/2001/XMLSchema-instance" xsi:schemaLocation="http://www.loc.gov/standards/alto/ns-v3# http://www.loc.gov/alto/v3/alto-3-0.xsd">
	<Description>
		<MeasurementUnit>pixel</MeasurementUnit>
		<sourceImageInformation>
			<fileName>/tmp/tess_qe585b93_input.PNG</fileName>
		</sourceImageInformation>
		<OCRProcessing ID="OCR_0">
			<ocrProcessingStep>
				<processingSoftware>
					<softwareName>tesseract 5.3.0</softwareName>
				</processingSoftware>
			</ocrProcessingStep>
		</OCRProcessing>
	</Description>
	<Layout>
		<Page WIDTH="1902" HEIGHT="2822" PHYSICAL_IMG_NR="0" ID="page_0">
			<PrintSpace HPOS="0" VPOS="0" WIDTH="1902" HEIGHT="2822">
				<ComposedBlock ID="cblock_0" HPOS="444" VPOS="212" WIDTH="1194" HEIGHT="42">
					<TextBlock ID="block_0" HPOS="444" VPOS="212" WIDTH="1194" HEIGHT="42">
						<TextLine ID="line_0" HPOS="444" VPOS="212" WIDTH="1194" HEIGHT="42">
							<String ID="string_0" HPOS="444" VPOS="213" WIDTH="403" HEIGHT="41" WC="0.91" CONTENT="Bevillningsutskottets"/><SP WIDTH="16" VPOS="213" HPOS="847"/>
							<String ID="string_1" HPOS="863" VPOS="213" WIDTH="218" HEIGHT="31" WC="0.95" CONTENT="betänkande"/><SP WIDTH="14" VPOS="213" HPOS="1081"/>
							<String ID="string_2" HPOS="1095" VPOS="221" WIDTH="43" HEIGHT="21" WC="0.95" CONTENT="nr"/><SP WIDTH="14" VPOS="221" HPOS="1138"/>
							<String ID="string_3" HPOS="1152" VPOS="213" WIDTH="40" HEIGHT="30" WC="0.96" CONTENT="40"/><SP WIDTH="16" VPOS="213" HPOS="1192"/>
							<String ID="string_4" HPOS="1208" VPOS="213" WIDTH="39" HEIGHT="30" WC="0.96" CONTENT="år"/><SP WIDTH="15" VPOS="213" HPOS="1247"/>
							<String ID="string_5" HPOS="1262" VPOS="212" WIDTH="83" HEIGHT="30" WC="0.96" CONTENT="1968"/><SP WIDTH="274" VPOS="212" HPOS="1345"/>
							<String ID="string_6" HPOS="1619" VPOS="215" WIDTH="19" HEIGHT="30" WC="0.96" CONTENT="3"/>
						</TextLine>
					</TextBlock>
				</ComposedBlock>
				<ComposedBlock ID="cblock_1" HPOS="154" VPOS="294" WIDTH="1487" HEIGHT="946">
					<TextBlock ID="block_1" HPOS="155" VPOS="294" WIDTH="1483" HEIGHT="86">
						<TextLine ID="line_1" HPOS="199" VPOS="294" WIDTH="1439" HEIGHT="40">
							<String ID="string_7" HPOS="199" VPOS="296" WIDTH="12" HEIGHT="29" WC="0.96" CONTENT="I"/><SP WIDTH="22" VPOS="296" HPOS="211"/>
							<String ID="string_8" HPOS="233" VPOS="296" WIDTH="178" HEIGHT="30" WC="0.95" CONTENT="motionen"/><SP WIDTH="20" VPOS="296" HPOS="411"/>
							<String ID="string_9" HPOS="431" VPOS="295" WIDTH="202" HEIGHT="30" WC="0.95" CONTENT="hemställer"/><SP WIDTH="22" VPOS="295" HPOS="633"/>
							<String ID="string_10" HPOS="655" VPOS="296" WIDTH="260" HEIGHT="29" WC="0.96" CONTENT="motionärerna"/><SP WIDTH="22" VPOS="296" HPOS="915"/>
							<String ID="string_11" HPOS="937" VPOS="297" WIDTH="49" HEIGHT="28" WC="0.96" CONTENT="att"/><SP WIDTH="23" VPOS="297" HPOS="986"/>
							<String ID="string_12" HPOS="1009" VPOS="294" WIDTH="266" HEIGHT="40" WC="0.96" CONTENT="ifrågavarande"/><SP WIDTH="22" VPOS="294" HPOS="1275"/>
							<String ID="string_13" HPOS="1297" VPOS="294" WIDTH="122" HEIGHT="40" WC="0.96" CONTENT="bidrag"/><SP WIDTH="24" VPOS="294" HPOS="1419"/>
							<String ID="string_14" HPOS="1443" VPOS="294" WIDTH="89" HEIGHT="30" WC="0.95" CONTENT="skall"/><SP WIDTH="22" VPOS="294" HPOS="1532"/>
							<String ID="string_15" HPOS="1554" VPOS="303" WIDTH="84" HEIGHT="21" WC="0.96" CONTENT="vara"/>
						</TextLine>
						<TextLine ID="line_2" HPOS="155" VPOS="350" WIDTH="193" HEIGHT="30">
							<String ID="string_16" HPOS="155" VPOS="350" WIDTH="193" HEIGHT="30" WC="0.96" CONTENT="skattefria."/>
						</TextLine>
					</TextBlock>
					<TextBlock ID="block_2" HPOS="154" VPOS="401" WIDTH="1487" HEIGHT="839">
						<TextLine ID="line_3" HPOS="200" VPOS="401" WIDTH="1439" HEIGHT="41">
							<String ID="string_17" HPOS="200" VPOS="404" WIDTH="104" HEIGHT="30" WC="0.89" CONTENT="Såvill"/><SP WIDTH="24" VPOS="404" HPOS="304"/>
							<String ID="string_18" HPOS="328" VPOS="404" WIDTH="170" HEIGHT="29" WC="0.96" CONTENT="utskottet"/><SP WIDTH="18" VPOS="404" HPOS="498"/>
							<String ID="string_19" HPOS="516" VPOS="404" WIDTH="137" HEIGHT="30" WC="0.95" CONTENT="kunnat"/><SP WIDTH="19" VPOS="404" HPOS="653"/>
							<String ID="string_20" HPOS="672" VPOS="403" WIDTH="99" HEIGHT="30" WC="0.96" CONTENT="finna"/><SP WIDTH="19" VPOS="403" HPOS="771"/>
							<String ID="string_21" HPOS="790" VPOS="404" WIDTH="70" HEIGHT="28" WC="0.95" CONTENT="kan"/><SP WIDTH="20" VPOS="404" HPOS="860"/>
							<String ID="string_22" HPOS="880" VPOS="403" WIDTH="41" HEIGHT="30" WC="0.95" CONTENT="de"/><SP WIDTH="20" VPOS="403" HPOS="921"/>
							<String ID="string_23" HPOS="941" VPOS="403" WIDTH="11" HEIGHT="29" WC="0.96" CONTENT="i"/><SP WIDTH="19" VPOS="403" HPOS="952"/>
							<String ID="string_24" HPOS="971" VPOS="402" WIDTH="261" HEIGHT="40" WC="0.96" CONTENT="propositionen"/><SP WIDTH="21" VPOS="402" HPOS="1232"/>
							<String ID="string_25" HPOS="1253" VPOS="402" WIDTH="199" HEIGHT="39" WC="0.95" CONTENT="föreslagna"/><SP WIDTH="18" VPOS="402" HPOS="1452"/>
							<String ID="string_26" HPOS="1470" VPOS="401" WIDTH="169" HEIGHT="40" WC="0.95" CONTENT="bidragen"/>
						</TextLine>
						<TextLine ID="line_4" HPOS="157" VPOS="455" WIDTH="1481" HEIGHT="41">
							<String ID="string_27" HPOS="157" VPOS="459" WIDTH="68" HEIGHT="28" WC="0.96" CONTENT="inte"/><SP WIDTH="18" VPOS="459" HPOS="225"/>
							<String ID="string_28" HPOS="243" VPOS="458" WIDTH="168" HEIGHT="29" WC="0.96" CONTENT="hänföras"/><SP WIDTH="19" VPOS="458" HPOS="411"/>
							<String ID="string_29" HPOS="430" VPOS="457" WIDTH="51" HEIGHT="30" WC="0.96" CONTENT="till"/><SP WIDTH="20" VPOS="457" HPOS="481"/>
							<String ID="string_30" HPOS="501" VPOS="457" WIDTH="130" HEIGHT="30" WC="0.93" CONTENT="sådana"/><SP WIDTH="19" VPOS="457" HPOS="631"/>
							<String ID="string_31" HPOS="650" VPOS="457" WIDTH="389" HEIGHT="39" WC="0.91" CONTENT="engångsersättningar"/><SP WIDTH="19" VPOS="457" HPOS="1039"/>
							<String ID="string_32" HPOS="1058" VPOS="456" WIDTH="54" HEIGHT="30" WC="0.96" CONTENT="för"/><SP WIDTH="19" VPOS="456" HPOS="1112"/>
							<String ID="string_33" HPOS="1131" VPOS="456" WIDTH="216" HEIGHT="39" WC="0.96" CONTENT="obegränsad"/><SP WIDTH="18" VPOS="456" HPOS="1347"/>
							<String ID="string_34" HPOS="1365" VPOS="455" WIDTH="51" HEIGHT="30" WC="0.96" CONTENT="tid"/><SP WIDTH="21" VPOS="455" HPOS="1416"/>
							<String ID="string_35" HPOS="1437" VPOS="464" WIDTH="74" HEIGHT="21" WC="0.96" CONTENT="som"/><SP WIDTH="20" VPOS="464" HPOS="1511"/>
							<String ID="string_36" HPOS="1531" VPOS="455" WIDTH="107" HEIGHT="40" WC="0.96" CONTENT="enligt"/>
						</TextLine>
						<TextLine ID="line_5" HPOS="157" VPOS="509" WIDTH="1484" HEIGHT="42">
							<String ID="string_37" HPOS="157" VPOS="512" WIDTH="307" HEIGHT="29" WC="0.65" CONTENT="bestämmelserna"/><SP WIDTH="22" VPOS="512" HPOS="464"/>
							<String ID="string_38" HPOS="486" VPOS="512" WIDTH="11" HEIGHT="28" WC="0.96" CONTENT="i"/><SP WIDTH="19" VPOS="512" HPOS="497"/>
							<String ID="string_39" HPOS="516" VPOS="511" WIDTH="112" HEIGHT="40" WC="0.96" CONTENT="punkt"/><SP WIDTH="20" VPOS="511" HPOS="628"/>
							<String ID="string_40" HPOS="648" VPOS="511" WIDTH="18" HEIGHT="30" WC="0.95" CONTENT="5"/><SP WIDTH="22" VPOS="511" HPOS="666"/>
							<String ID="string_41" HPOS="688" VPOS="521" WIDTH="41" HEIGHT="20" WC="0.96" CONTENT="av"/><SP WIDTH="21" VPOS="521" HPOS="729"/>
							<String ID="string_42" HPOS="750" VPOS="510" WIDTH="272" HEIGHT="40" WC="0.96" CONTENT="anvisningarna"/><SP WIDTH="19" VPOS="510" HPOS="1022"/>
							<String ID="string_43" HPOS="1041" VPOS="511" WIDTH="52" HEIGHT="29" WC="0.96" CONTENT="till"/><SP WIDTH="22" VPOS="511" HPOS="1093"/>
							<String ID="string_44" HPOS="1115" VPOS="511" WIDTH="37" HEIGHT="29" WC="0.89" CONTENT="21"/><SP WIDTH="27" VPOS="511" HPOS="1152"/>
							<String ID="string_45" HPOS="1179" VPOS="510" WIDTH="15" HEIGHT="37" WC="0.85" CONTENT="8"/><SP WIDTH="22" VPOS="510" HPOS="1194"/>
							<String ID="string_46" HPOS="1216" VPOS="509" WIDTH="425" HEIGHT="40" WC="0.91" CONTENT="kommunalskattelagen"/>
						</TextLine>
						<TextLine ID="line_6" HPOS="155" VPOS="562" WIDTH="1483" HEIGHT="42">
							<String ID="string_47" HPOS="155" VPOS="567" WIDTH="38" HEIGHT="28" WC="0.96" CONTENT="är"/><SP WIDTH="22" VPOS="567" HPOS="193"/>
							<String ID="string_48" HPOS="215" VPOS="568" WIDTH="50" HEIGHT="27" WC="0.96" CONTENT="att"/><SP WIDTH="22" VPOS="568" HPOS="265"/>
							<String ID="string_49" HPOS="287" VPOS="565" WIDTH="152" HEIGHT="30" WC="0.95" CONTENT="hänföra"/><SP WIDTH="20" VPOS="565" HPOS="439"/>
							<String ID="string_50" HPOS="459" VPOS="565" WIDTH="52" HEIGHT="29" WC="0.96" CONTENT="till"/><SP WIDTH="23" VPOS="565" HPOS="511"/>
							<String ID="string_51" HPOS="534" VPOS="565" WIDTH="76" HEIGHT="29" WC="0.96" CONTENT="icke"/><SP WIDTH="23" VPOS="565" HPOS="610"/>
							<String ID="string_52" HPOS="633" VPOS="564" WIDTH="240" HEIGHT="40" WC="0.95" CONTENT="skattepliktig"/><SP WIDTH="22" VPOS="564" HPOS="873"/>
							<String ID="string_53" HPOS="895" VPOS="564" WIDTH="166" HEIGHT="30" WC="0.95" CONTENT="inkomst."/><SP WIDTH="25" VPOS="564" HPOS="1061"/>
							<String ID="string_54" HPOS="1086" VPOS="563" WIDTH="120" HEIGHT="31" WC="0.95" CONTENT="Såsom"/><SP WIDTH="25" VPOS="563" HPOS="1206"/>
							<String ID="string_55" HPOS="1231" VPOS="563" WIDTH="155" HEIGHT="40" WC="0.95" CONTENT="framgår"/><SP WIDTH="25" VPOS="563" HPOS="1386"/>
							<String ID="string_56" HPOS="1411" VPOS="572" WIDTH="42" HEIGHT="21" WC="0.93" CONTENT="av"/><SP WIDTH="23" VPOS="572" HPOS="1453"/>
							<String ID="string_57" HPOS="1476" VPOS="562" WIDTH="162" HEIGHT="31" WC="0.90" CONTENT="riksrevi-"/>
						</TextLine>
						<TextLine ID="line_7" HPOS="155" VPOS="616" WIDTH="1483" HEIGHT="41">
							<String ID="string_58" HPOS="155" VPOS="620" WIDTH="215" HEIGHT="29" WC="0.92" CONTENT="sionverkets"/><SP WIDTH="17" VPOS="620" HPOS="370"/>
							<String ID="string_59" HPOS="387" VPOS="619" WIDTH="288" HEIGHT="38" WC="0.96" CONTENT="remissyttrande"/><SP WIDTH="17" VPOS="619" HPOS="675"/>
							<String ID="string_60" HPOS="692" VPOS="618" WIDTH="125" HEIGHT="39" WC="0.96" CONTENT="ansågs"/><SP WIDTH="16" VPOS="618" HPOS="817"/>
							<String ID="string_61" HPOS="833" VPOS="618" WIDTH="41" HEIGHT="29" WC="0.93" CONTENT="de"/><SP WIDTH="17" VPOS="618" HPOS="874"/>
							<String ID="string_62" HPOS="891" VPOS="618" WIDTH="399" HEIGHT="39" WC="0.91" CONTENT="engångsersättningar,"/><SP WIDTH="19" VPOS="618" HPOS="1290"/>
							<String ID="string_63" HPOS="1309" VPOS="625" WIDTH="74" HEIGHT="22" WC="0.96" CONTENT="som"/><SP WIDTH="18" VPOS="625" HPOS="1383"/>
							<String ID="string_64" HPOS="1401" VPOS="616" WIDTH="106" HEIGHT="40" WC="0.96" CONTENT="enligt"/><SP WIDTH="16" VPOS="616" HPOS="1507"/>
							<String ID="string_65" HPOS="1523" VPOS="616" WIDTH="115" HEIGHT="30" WC="0.96" CONTENT="beslut"/>
						</TextLine>
						<TextLine ID="line_8" HPOS="155" VPOS="670" WIDTH="1482" HEIGHT="41">
							<String ID="string_66" HPOS="155" VPOS="682" WIDTH="41" HEIGHT="20" WC="0.95" CONTENT="av"/><SP WIDTH="25" VPOS="682" HPOS="196"/>
							<String ID="string_67" HPOS="221" VPOS="672" WIDTH="84" HEIGHT="30" WC="0.96" CONTENT="1964"/><SP WIDTH="24" VPOS="672" HPOS="305"/>
							<String ID="string_68" HPOS="329" VPOS="672" WIDTH="56" HEIGHT="30" WC="0.96" CONTENT="års"/><SP WIDTH="24" VPOS="672" HPOS="385"/>
							<String ID="string_69" HPOS="409" VPOS="672" WIDTH="143" HEIGHT="39" WC="0.96" CONTENT="riksdag"/><SP WIDTH="29" VPOS="672" HPOS="552"/>
							<String ID="string_70" HPOS="581" VPOS="672" WIDTH="112" HEIGHT="39" WC="0.93" CONTENT="(prop."/><SP WIDTH="28" VPOS="672" HPOS="693"/>
							<String ID="string_71" HPOS="721" VPOS="671" WIDTH="190" HEIGHT="35" WC="0.92" CONTENT="1964:190;"/><SP WIDTH="27" VPOS="671" HPOS="911"/>
							<String ID="string_72" HPOS="938" VPOS="671" WIDTH="72" HEIGHT="30" WC="0.92" CONTENT="JoU"/><SP WIDTH="27" VPOS="671" HPOS="1010"/>
							<String ID="string_73" HPOS="1037" VPOS="670" WIDTH="56" HEIGHT="35" WC="0.96" CONTENT="30)"/><SP WIDTH="31" VPOS="670" HPOS="1093"/>
							<String ID="string_74" HPOS="1124" VPOS="670" WIDTH="119" HEIGHT="40" WC="0.93" CONTENT="utgick"/><SP WIDTH="25" VPOS="670" HPOS="1243"/>
							<String ID="string_75" HPOS="1268" VPOS="670" WIDTH="51" HEIGHT="29" WC="0.96" CONTENT="till"/><SP WIDTH="25" VPOS="670" HPOS="1319"/>
							<String ID="string_76" HPOS="1344" VPOS="670" WIDTH="94" HEIGHT="30" WC="0.93" CONTENT="vissa"/><SP WIDTH="24" VPOS="670" HPOS="1438"/>
							<String ID="string_77" HPOS="1462" VPOS="670" WIDTH="175" HEIGHT="30" WC="0.92" CONTENT="västkust-"/>
						</TextLine>
						<TextLine ID="line_9" HPOS="155" VPOS="723" WIDTH="1483" HEIGHT="41">
							<String ID="string_78" HPOS="155" VPOS="727" WIDTH="131" HEIGHT="29" WC="0.96" CONTENT="fiskare"/><SP WIDTH="21" VPOS="727" HPOS="286"/>
							<String ID="string_79" HPOS="307" VPOS="726" WIDTH="54" HEIGHT="30" WC="0.96" CONTENT="för"/><SP WIDTH="20" VPOS="726" HPOS="361"/>
							<String ID="string_80" HPOS="381" VPOS="728" WIDTH="49" HEIGHT="28" WC="0.96" CONTENT="att"/><SP WIDTH="20" VPOS="728" HPOS="430"/>
							<String ID="string_81" HPOS="450" VPOS="726" WIDTH="199" HEIGHT="30" WC="0.96" CONTENT="underlätta"/><SP WIDTH="20" VPOS="726" HPOS="649"/>
							<String ID="string_82" HPOS="669" VPOS="726" WIDTH="66" HEIGHT="29" WC="0.96" CONTENT="den"/><SP WIDTH="20" VPOS="726" HPOS="735"/>
							<String ID="string_83" HPOS="755" VPOS="725" WIDTH="235" HEIGHT="39" WC="0.95" CONTENT="omställning,"/><SP WIDTH="22" VPOS="725" HPOS="990"/>
							<String ID="string_84" HPOS="1012" VPOS="734" WIDTH="74" HEIGHT="21" WC="0.96" CONTENT="som"/><SP WIDTH="20" VPOS="734" HPOS="1086"/>
							<String ID="string_85" HPOS="1106" VPOS="724" WIDTH="110" HEIGHT="40" WC="0.96" CONTENT="följde"/><SP WIDTH="22" VPOS="724" HPOS="1216"/>
							<String ID="string_86" HPOS="1238" VPOS="734" WIDTH="41" HEIGHT="20" WC="0.93" CONTENT="av"/><SP WIDTH="20" VPOS="734" HPOS="1279"/>
							<String ID="string_87" HPOS="1299" VPOS="723" WIDTH="177" HEIGHT="31" WC="0.92" CONTENT="bortfallet"/><SP WIDTH="22" VPOS="723" HPOS="1476"/>
							<String ID="string_88" HPOS="1498" VPOS="733" WIDTH="42" HEIGHT="21" WC="0.93" CONTENT="av"/><SP WIDTH="20" VPOS="733" HPOS="1540"/>
							<String ID="string_89" HPOS="1560" VPOS="723" WIDTH="78" HEIGHT="30" WC="0.93" CONTENT="räk-"/>
						</TextLine>
						<TextLine ID="line_10" HPOS="156" VPOS="777" WIDTH="1482" HEIGHT="42">
							<String ID="string_90" HPOS="156" VPOS="781" WIDTH="90" HEIGHT="29" WC="0.96" CONTENT="fiske"/><SP WIDTH="18" VPOS="781" HPOS="246"/>
							<String ID="string_91" HPOS="264" VPOS="780" WIDTH="44" HEIGHT="39" WC="0.96" CONTENT="på"/><SP WIDTH="16" VPOS="780" HPOS="308"/>
							<String ID="string_92" HPOS="324" VPOS="780" WIDTH="86" HEIGHT="30" WC="0.96" CONTENT="visst"/><SP WIDTH="17" VPOS="780" HPOS="410"/>
							<String ID="string_93" HPOS="427" VPOS="780" WIDTH="123" HEIGHT="29" WC="0.96" CONTENT="norskt"/><SP WIDTH="17" VPOS="780" HPOS="550"/>
							<String ID="string_94" HPOS="567" VPOS="781" WIDTH="117" HEIGHT="28" WC="0.96" CONTENT="vatten"/><SP WIDTH="19" VPOS="781" HPOS="684"/>
							<String ID="string_95" HPOS="703" VPOS="779" WIDTH="88" HEIGHT="30" WC="0.96" CONTENT="efter"/><SP WIDTH="17" VPOS="779" HPOS="791"/>
							<String ID="string_96" HPOS="808" VPOS="779" WIDTH="175" HEIGHT="39" WC="0.96" CONTENT="utgången"/><SP WIDTH="19" VPOS="779" HPOS="983"/>
							<String ID="string_97" HPOS="1002" VPOS="788" WIDTH="41" HEIGHT="20" WC="0.96" CONTENT="av"/><SP WIDTH="18" VPOS="788" HPOS="1043"/>
							<String ID="string_98" HPOS="1061" VPOS="778" WIDTH="38" HEIGHT="30" WC="0.95" CONTENT="år"/><SP WIDTH="22" VPOS="778" HPOS="1099"/>
							<String ID="string_99" HPOS="1121" VPOS="777" WIDTH="92" HEIGHT="35" WC="0.96" CONTENT="1964,"/><SP WIDTH="21" VPOS="777" HPOS="1213"/>
							<String ID="string_100" HPOS="1234" VPOS="787" WIDTH="74" HEIGHT="21" WC="0.96" CONTENT="som"/><SP WIDTH="21" VPOS="787" HPOS="1308"/>
							<String ID="string_101" HPOS="1329" VPOS="777" WIDTH="240" HEIGHT="40" WC="0.93" CONTENT="skattepliktig"/><SP WIDTH="18" VPOS="777" HPOS="1569"/>
							<String ID="string_102" HPOS="1587" VPOS="777" WIDTH="51" HEIGHT="29" WC="0.91" CONTENT="in-"/>
						</TextLine>
						<TextLine ID="line_11" HPOS="154" VPOS="831" WIDTH="1484" HEIGHT="41">
							<String ID="string_103" HPOS="154" VPOS="835" WIDTH="117" HEIGHT="29" WC="0.88" CONTENT="komsl"/><SP WIDTH="24" VPOS="835" HPOS="271"/>
							<String ID="string_104" HPOS="295" VPOS="834" WIDTH="57" HEIGHT="29" WC="0.93" CONTENT="vid"/><SP WIDTH="25" VPOS="834" HPOS="352"/>
							<String ID="string_105" HPOS="377" VPOS="833" WIDTH="369" HEIGHT="39" WC="0.90" CONTENT="inkomsttaxeringen."/><SP WIDTH="25" VPOS="833" HPOS="746"/>
							<String ID="string_106" HPOS="771" VPOS="833" WIDTH="103" HEIGHT="29" WC="0.96" CONTENT="Detta"/><SP WIDTH="23" VPOS="833" HPOS="874"/>
							<String ID="string_107" HPOS="897" VPOS="833" WIDTH="65" HEIGHT="29" WC="0.96" CONTENT="har"/><SP WIDTH="25" VPOS="833" HPOS="962"/>
							<String ID="string_108" HPOS="987" VPOS="832" WIDTH="54" HEIGHT="30" WC="0.96" CONTENT="sin"/><SP WIDTH="26" VPOS="832" HPOS="1041"/>
							<String ID="string_109" HPOS="1067" VPOS="832" WIDTH="112" HEIGHT="39" WC="0.96" CONTENT="grund"/><SP WIDTH="25" VPOS="832" HPOS="1179"/>
							<String ID="string_110" HPOS="1204" VPOS="832" WIDTH="10" HEIGHT="29" WC="0.96" CONTENT="i"/><SP WIDTH="25" VPOS="832" HPOS="1214"/>
							<String ID="string_111" HPOS="1239" VPOS="832" WIDTH="51" HEIGHT="29" WC="0.96" CONTENT="att"/><SP WIDTH="26" VPOS="832" HPOS="1290"/>
							<String ID="string_112" HPOS="1316" VPOS="831" WIDTH="220" HEIGHT="39" WC="0.95" CONTENT="statsbidrag,"/><SP WIDTH="27" VPOS="831" HPOS="1536"/>
							<String ID="string_113" HPOS="1563" VPOS="840" WIDTH="75" HEIGHT="20" WC="0.96" CONTENT="som"/>
						</TextLine>
						<TextLine ID="line_12" HPOS="159" VPOS="884" WIDTH="1482" HEIGHT="43">
							<String ID="string_114" HPOS="159" VPOS="888" WIDTH="99" HEIGHT="39" WC="0.96" CONTENT="utgår"/><SP WIDTH="18" VPOS="888" HPOS="258"/>
							<String ID="string_115" HPOS="276" VPOS="888" WIDTH="51" HEIGHT="29" WC="0.96" CONTENT="till"/><SP WIDTH="19" VPOS="888" HPOS="327"/>
							<String ID="string_116" HPOS="346" VPOS="887" WIDTH="264" HEIGHT="40" WC="0.96" CONTENT="näringsidkare"/><SP WIDTH="19" VPOS="887" HPOS="610"/>
							<String ID="string_117" HPOS="629" VPOS="887" WIDTH="10" HEIGHT="29" WC="0.96" CONTENT="i"/><SP WIDTH="18" VPOS="887" HPOS="639"/>
							<String ID="string_118" HPOS="657" VPOS="887" WIDTH="64" HEIGHT="29" WC="0.96" CONTENT="och"/><SP WIDTH="18" VPOS="887" HPOS="721"/>
							<String ID="string_119" HPOS="739" VPOS="886" WIDTH="54" HEIGHT="30" WC="0.96" CONTENT="för"/><SP WIDTH="17" VPOS="886" HPOS="793"/>
							<String ID="string_120" HPOS="810" VPOS="887" WIDTH="88" HEIGHT="29" WC="0.96" CONTENT="hans"/><SP WIDTH="19" VPOS="887" HPOS="898"/>
							<String ID="string_121" HPOS="917" VPOS="885" WIDTH="123" HEIGHT="40" WC="0.96" CONTENT="näring"/><SP WIDTH="17" VPOS="885" HPOS="1040"/>
							<String ID="string_122" HPOS="1057" VPOS="885" WIDTH="210" HEIGHT="40" WC="0.96" CONTENT="principiellt"/><SP WIDTH="19" VPOS="885" HPOS="1267"/>
							<String ID="string_123" HPOS="1286" VPOS="893" WIDTH="101" HEIGHT="22" WC="0.96" CONTENT="anses"/><SP WIDTH="19" VPOS="893" HPOS="1387"/>
							<String ID="string_124" HPOS="1406" VPOS="884" WIDTH="123" HEIGHT="39" WC="0.93" CONTENT="utgöra"/><SP WIDTH="19" VPOS="884" HPOS="1529"/>
							<String ID="string_125" HPOS="1548" VPOS="884" WIDTH="93" HEIGHT="30" WC="0.93" CONTENT="skat-"/>
						</TextLine>
						<TextLine ID="line_13" HPOS="155" VPOS="937" WIDTH="1482" HEIGHT="44">
							<String ID="string_126" HPOS="155" VPOS="942" WIDTH="159" HEIGHT="39" WC="0.45" CONTENT="tepliktig"/><SP WIDTH="23" VPOS="942" HPOS="314"/>
							<String ID="string_127" HPOS="337" VPOS="941" WIDTH="164" HEIGHT="29" WC="0.96" CONTENT="inkomst."/><SP WIDTH="23" VPOS="941" HPOS="501"/>
							<String ID="string_128" HPOS="524" VPOS="940" WIDTH="114" HEIGHT="40" WC="0.96" CONTENT="Några"/><SP WIDTH="21" VPOS="940" HPOS="638"/>
							<String ID="string_129" HPOS="659" VPOS="940" WIDTH="153" HEIGHT="30" WC="0.96" CONTENT="bärande"/><SP WIDTH="24" VPOS="940" HPOS="812"/>
							<String ID="string_130" HPOS="836" VPOS="939" WIDTH="85" HEIGHT="34" WC="0.96" CONTENT="skäl,"/><SP WIDTH="25" VPOS="939" HPOS="921"/>
							<String ID="string_131" HPOS="946" VPOS="948" WIDTH="75" HEIGHT="20" WC="0.96" CONTENT="som"/><SP WIDTH="22" VPOS="948" HPOS="1021"/>
							<String ID="string_132" HPOS="1043" VPOS="939" WIDTH="71" HEIGHT="29" WC="0.96" CONTENT="kan"/><SP WIDTH="22" VPOS="939" HPOS="1114"/>
							<String ID="string_133" HPOS="1136" VPOS="938" WIDTH="182" HEIGHT="30" WC="0.96" CONTENT="föranleda"/><SP WIDTH="23" VPOS="938" HPOS="1318"/>
							<String ID="string_134" HPOS="1341" VPOS="939" WIDTH="47" HEIGHT="29" WC="0.96" CONTENT="ett"/><SP WIDTH="24" VPOS="939" HPOS="1388"/>
							<String ID="string_135" HPOS="1412" VPOS="939" WIDTH="108" HEIGHT="28" WC="0.93" CONTENT="annat"/><SP WIDTH="24" VPOS="939" HPOS="1520"/>
							<String ID="string_136" HPOS="1544" VPOS="937" WIDTH="93" HEIGHT="31" WC="0.91" CONTENT="ställ-"/>
						</TextLine>
						<TextLine ID="line_14" HPOS="156" VPOS="991" WIDTH="1483" HEIGHT="43">
							<String ID="string_137" HPOS="156" VPOS="995" WIDTH="252" HEIGHT="39" WC="0.79" CONTENT="ningslagande"/><SP WIDTH="25" VPOS="995" HPOS="408"/>
							<String ID="string_138" HPOS="433" VPOS="995" WIDTH="49" HEIGHT="28" WC="0.96" CONTENT="till"/><SP WIDTH="22" VPOS="995" HPOS="482"/>
							<String ID="string_139" HPOS="504" VPOS="994" WIDTH="124" HEIGHT="39" WC="0.96" CONTENT="frågan"/><SP WIDTH="21" VPOS="994" HPOS="628"/>
							<String ID="string_140" HPOS="649" VPOS="1003" WIDTH="57" HEIGHT="20" WC="0.96" CONTENT="om"/><SP WIDTH="20" VPOS="1003" HPOS="706"/>
							<String ID="string_141" HPOS="726" VPOS="993" WIDTH="269" HEIGHT="38" WC="0.95" CONTENT="beskattningen"/><SP WIDTH="22" VPOS="993" HPOS="995"/>
							<String ID="string_142" HPOS="1017" VPOS="1002" WIDTH="42" HEIGHT="20" WC="0.96" CONTENT="av"/><SP WIDTH="21" VPOS="1002" HPOS="1059"/>
							<String ID="string_143" HPOS="1080" VPOS="992" WIDTH="41" HEIGHT="30" WC="0.96" CONTENT="de"/><SP WIDTH="22" VPOS="992" HPOS="1121"/>
							<String ID="string_144" HPOS="1143" VPOS="991" WIDTH="267" HEIGHT="40" WC="0.93" CONTENT="ifrågavarande"/><SP WIDTH="22" VPOS="991" HPOS="1410"/>
							<String ID="string_145" HPOS="1432" VPOS="991" WIDTH="207" HEIGHT="40" WC="0.92" CONTENT="engångser-"/>
						</TextLine>
						<TextLine ID="line_15" HPOS="157" VPOS="1044" WIDTH="1482" HEIGHT="43">
							<String ID="string_146" HPOS="157" VPOS="1049" WIDTH="253" HEIGHT="38" WC="0.90" CONTENT="sältningarna,"/><SP WIDTH="22" VPOS="1049" HPOS="410"/>
							<String ID="string_147" HPOS="432" VPOS="1048" WIDTH="64" HEIGHT="29" WC="0.96" CONTENT="har"/><SP WIDTH="22" VPOS="1048" HPOS="496"/>
							<String ID="string_148" HPOS="518" VPOS="1048" WIDTH="70" HEIGHT="29" WC="0.92" CONTENT="inte"/><SP WIDTH="23" VPOS="1048" HPOS="588"/>
							<String ID="string_149" HPOS="611" VPOS="1046" WIDTH="135" HEIGHT="31" WC="0.92" CONTENT="anförls"/><SP WIDTH="23" VPOS="1046" HPOS="746"/>
							<String ID="string_150" HPOS="769" VPOS="1056" WIDTH="41" HEIGHT="20" WC="0.93" CONTENT="av"/><SP WIDTH="21" VPOS="1056" HPOS="810"/>
							<String ID="string_151" HPOS="831" VPOS="1046" WIDTH="270" HEIGHT="30" WC="0.92" CONTENT="molionärerna."/><SP WIDTH="22" VPOS="1046" HPOS="1101"/>
							<String ID="string_152" HPOS="1123" VPOS="1045" WIDTH="176" HEIGHT="30" WC="0.96" CONTENT="Utskottet"/><SP WIDTH="23" VPOS="1045" HPOS="1299"/>
							<String ID="string_153" HPOS="1322" VPOS="1044" WIDTH="96" HEIGHT="30" WC="0.96" CONTENT="delar"/><SP WIDTH="22" VPOS="1044" HPOS="1418"/>
							<String ID="string_154" HPOS="1440" VPOS="1044" WIDTH="120" HEIGHT="31" WC="0.93" CONTENT="därför"/><SP WIDTH="23" VPOS="1044" HPOS="1560"/>
							<String ID="string_155" HPOS="1583" VPOS="1045" WIDTH="56" HEIGHT="29" WC="0.93" CONTENT="de-"/>
						</TextLine>
						<TextLine ID="line_16" HPOS="156" VPOS="1098" WIDTH="1483" HEIGHT="44">
							<String ID="string_156" HPOS="156" VPOS="1101" WIDTH="359" HEIGHT="41" WC="0.90" CONTENT="partementschefens"/><SP WIDTH="25" VPOS="1101" HPOS="515"/>
							<String ID="string_157" HPOS="540" VPOS="1100" WIDTH="227" HEIGHT="40" WC="0.96" CONTENT="uppfattning"/><SP WIDTH="24" VPOS="1100" HPOS="767"/>
							<String ID="string_158" HPOS="791" VPOS="1102" WIDTH="49" HEIGHT="27" WC="0.96" CONTENT="att"/><SP WIDTH="24" VPOS="1102" HPOS="840"/>
							<String ID="string_159" HPOS="864" VPOS="1100" WIDTH="41" HEIGHT="29" WC="0.96" CONTENT="de"/><SP WIDTH="25" VPOS="1100" HPOS="905"/>
							<String ID="string_160" HPOS="930" VPOS="1100" WIDTH="9" HEIGHT="28" WC="0.96" CONTENT="i"/><SP WIDTH="25" VPOS="1100" HPOS="939"/>
							<String ID="string_161" HPOS="964" VPOS="1099" WIDTH="261" HEIGHT="39" WC="0.96" CONTENT="propositionen"/><SP WIDTH="25" VPOS="1099" HPOS="1225"/>
							<String ID="string_162" HPOS="1250" VPOS="1098" WIDTH="199" HEIGHT="39" WC="0.96" CONTENT="föreslagna"/><SP WIDTH="22" VPOS="1098" HPOS="1449"/>
							<String ID="string_163" HPOS="1471" VPOS="1098" WIDTH="168" HEIGHT="39" WC="0.96" CONTENT="bidragen"/>
						</TextLine>
						<TextLine ID="line_17" HPOS="155" VPOS="1151" WIDTH="1483" HEIGHT="43">
							<String ID="string_164" HPOS="155" VPOS="1157" WIDTH="63" HEIGHT="29" WC="0.96" CONTENT="bör"/><SP WIDTH="22" VPOS="1157" HPOS="218"/>
							<String ID="string_165" HPOS="240" VPOS="1165" WIDTH="101" HEIGHT="20" WC="0.96" CONTENT="anses"/><SP WIDTH="23" VPOS="1165" HPOS="341"/>
							<String ID="string_166" HPOS="364" VPOS="1164" WIDTH="75" HEIGHT="21" WC="0.96" CONTENT="som"/><SP WIDTH="23" VPOS="1164" HPOS="439"/>
							<String ID="string_167" HPOS="462" VPOS="1154" WIDTH="239" HEIGHT="40" WC="0.96" CONTENT="skattepliktig"/><SP WIDTH="22" VPOS="1154" HPOS="701"/>
							<String ID="string_168" HPOS="723" VPOS="1154" WIDTH="164" HEIGHT="29" WC="0.95" CONTENT="inkomst."/><SP WIDTH="24" VPOS="1154" HPOS="887"/>
							<String ID="string_169" HPOS="911" VPOS="1153" WIDTH="78" HEIGHT="29" WC="0.96" CONTENT="Med"/><SP WIDTH="23" VPOS="1153" HPOS="989"/>
							<String ID="string_170" HPOS="1012" VPOS="1153" WIDTH="57" HEIGHT="29" WC="0.96" CONTENT="det"/><SP WIDTH="23" VPOS="1153" HPOS="1069"/>
							<String ID="string_171" HPOS="1092" VPOS="1152" WIDTH="147" HEIGHT="30" WC="0.96" CONTENT="anförda"/><SP WIDTH="25" VPOS="1152" HPOS="1239"/>
							<String ID="string_172" HPOS="1264" VPOS="1151" WIDTH="180" HEIGHT="40" WC="0.96" CONTENT="avstyrker"/><SP WIDTH="24" VPOS="1151" HPOS="1444"/>
							<String ID="string_173" HPOS="1468" VPOS="1152" WIDTH="170" HEIGHT="29" WC="0.96" CONTENT="utskottet"/>
						</TextLine>
						<TextLine ID="line_18" HPOS="155" VPOS="1209" WIDTH="371" HEIGHT="31">
							<String ID="string_174" HPOS="155" VPOS="1210" WIDTH="99" HEIGHT="30" WC="0.96" CONTENT="bifall"/><SP WIDTH="15" VPOS="1210" HPOS="254"/>
							<String ID="string_175" HPOS="269" VPOS="1209" WIDTH="53" HEIGHT="30" WC="0.96" CONTENT="till"/><SP WIDTH="16" VPOS="1209" HPOS="322"/>
							<String ID="string_176" HPOS="338" VPOS="1209" WIDTH="188" HEIGHT="29" WC="0.96" CONTENT="motionen."/>
						</TextLine>
					</TextBlock>
				</ComposedBlock>
				<ComposedBlock ID="cblock_2" HPOS="200" VPOS="1295" WIDTH="1002" HEIGHT="43">
					<TextBlock ID="block_3" HPOS="200" VPOS="1295" WIDTH="1002" HEIGHT="43">
						<TextLine ID="line_19" HPOS="200" VPOS="1295" WIDTH="1002" HEIGHT="43">
							<String ID="string_177" HPOS="200" VPOS="1300" WIDTH="77" HEIGHT="29" WC="0.96" CONTENT="Med"/><SP WIDTH="16" VPOS="1300" HPOS="277"/>
							<String ID="string_178" HPOS="293" VPOS="1298" WIDTH="218" HEIGHT="40" WC="0.96" CONTENT="åberopande"/><SP WIDTH="16" VPOS="1298" HPOS="511"/>
							<String ID="string_179" HPOS="527" VPOS="1307" WIDTH="42" HEIGHT="20" WC="0.96" CONTENT="av"/><SP WIDTH="13" VPOS="1307" HPOS="569"/>
							<String ID="string_180" HPOS="582" VPOS="1298" WIDTH="57" HEIGHT="29" WC="0.96" CONTENT="det"/><SP WIDTH="14" VPOS="1298" HPOS="639"/>
							<String ID="string_181" HPOS="653" VPOS="1296" WIDTH="149" HEIGHT="31" WC="0.96" CONTENT="anförda"/><SP WIDTH="13" VPOS="1296" HPOS="802"/>
							<String ID="string_182" HPOS="815" VPOS="1296" WIDTH="202" HEIGHT="30" WC="0.96" CONTENT="hemställer"/><SP WIDTH="15" VPOS="1296" HPOS="1017"/>
							<String ID="string_183" HPOS="1032" VPOS="1295" WIDTH="170" HEIGHT="30" WC="0.96" CONTENT="utskottet"/>
						</TextLine>
					</TextBlock>
				</ComposedBlock>
				<ComposedBlock ID="cblock_3" HPOS="466" VPOS="1366" WIDTH="743" HEIGHT="41">
					<TextBlock ID="block_4" HPOS="466" VPOS="1366" WIDTH="743" HEIGHT="41">
						<TextLine ID="line_20" HPOS="466" VPOS="1366" WIDTH="743" HEIGHT="41">
							<String ID="string_184" HPOS="466" VPOS="1371" WIDTH="50" HEIGHT="28" WC="0.95" CONTENT="att"/><SP WIDTH="15" VPOS="1371" HPOS="516"/>
							<String ID="string_185" HPOS="531" VPOS="1369" WIDTH="187" HEIGHT="38" WC="0.95" CONTENT="riksdagen"/><SP WIDTH="15" VPOS="1369" HPOS="718"/>
							<String ID="string_186" HPOS="733" VPOS="1368" WIDTH="114" HEIGHT="30" WC="0.96" CONTENT="avslår"/><SP WIDTH="14" VPOS="1368" HPOS="847"/>
							<String ID="string_187" HPOS="861" VPOS="1368" WIDTH="179" HEIGHT="29" WC="0.95" CONTENT="motionen"/><SP WIDTH="15" VPOS="1368" HPOS="1040"/>
							<String ID="string_188" HPOS="1055" VPOS="1366" WIDTH="44" HEIGHT="30" WC="0.85" CONTENT="II:"/><SP WIDTH="18" VPOS="1366" HPOS="1099"/>
							<String ID="string_189" HPOS="1117" VPOS="1366" WIDTH="92" HEIGHT="30" WC="0.95" CONTENT="1093."/>
						</TextLine>
					</TextBlock>
				</ComposedBlock>
				<ComposedBlock ID="cblock_4" HPOS="202" VPOS="1476" WIDTH="1014" HEIGHT="119">
					<TextBlock ID="block_5" HPOS="202" VPOS="1476" WIDTH="1014" HEIGHT="119">
						<TextLine ID="line_21" HPOS="202" VPOS="1476" WIDTH="504" HEIGHT="39">
							<String ID="string_190" HPOS="202" VPOS="1477" WIDTH="201" HEIGHT="31" WC="0.96" CONTENT="Stockholm"/><SP WIDTH="15" VPOS="1477" HPOS="403"/>
							<String ID="string_191" HPOS="418" VPOS="1478" WIDTH="67" HEIGHT="28" WC="0.96" CONTENT="den"/><SP WIDTH="15" VPOS="1478" HPOS="485"/>
							<String ID="string_192" HPOS="500" VPOS="1477" WIDTH="18" HEIGHT="29" WC="0.96" CONTENT="2"/><SP WIDTH="15" VPOS="1477" HPOS="518"/>
							<String ID="string_193" HPOS="533" VPOS="1476" WIDTH="70" HEIGHT="39" WC="0.96" CONTENT="maj"/><SP WIDTH="21" VPOS="1476" HPOS="603"/>
							<String ID="string_194" HPOS="624" VPOS="1476" WIDTH="82" HEIGHT="29" WC="0.96" CONTENT="1968"/>
						</TextLine>
						<TextLine ID="line_22" HPOS="577" VPOS="1556" WIDTH="639" HEIGHT="39">
							<String ID="string_195" HPOS="577" VPOS="1556" WIDTH="48" HEIGHT="30" WC="0.93" CONTENT="På"/><SP WIDTH="23" VPOS="1556" HPOS="625"/>
							<String ID="string_196" HPOS="648" VPOS="1556" WIDTH="399" HEIGHT="39" WC="0.91" CONTENT="bevillningsutskottets"/><SP WIDTH="23" VPOS="1556" HPOS="1047"/>
							<String ID="string_197" HPOS="1070" VPOS="1557" WIDTH="146" HEIGHT="38" WC="0.96" CONTENT="vägnar:"/>
						</TextLine>
					</TextBlock>
				</ComposedBlock>
				<ComposedBlock ID="cblock_5" HPOS="721" VPOS="1636" WIDTH="351" HEIGHT="30">
					<TextBlock ID="block_6" HPOS="721" VPOS="1636" WIDTH="351" HEIGHT="30">
						<TextLine ID="line_23" HPOS="721" VPOS="1636" WIDTH="351" HEIGHT="30">
							<String ID="string_198" HPOS="721" VPOS="1636" WIDTH="115" HEIGHT="30" WC="0.96" CONTENT="JOHN"/><SP WIDTH="25" VPOS="1636" HPOS="836"/>
							<String ID="string_199" HPOS="861" VPOS="1636" WIDTH="211" HEIGHT="30" WC="0.96" CONTENT="ERICSSON"/>
						</TextLine>
					</TextBlock>
				</ComposedBlock>
				<ComposedBlock ID="cblock_6" HPOS="776" VPOS="1779" WIDTH="239" HEIGHT="30">
					<TextBlock ID="block_7" HPOS="776" VPOS="1779" WIDTH="239" HEIGHT="30">
						<TextLine ID="line_24" HPOS="776" VPOS="1779" WIDTH="239" HEIGHT="30">
							<String ID="string_200" HPOS="776" VPOS="1779" WIDTH="239" HEIGHT="30" WC="0.95" CONTENT="Närvarande:"/>
						</TextLine>
					</TextBlock>
				</ComposedBlock>
				<ComposedBlock ID="cblock_7" HPOS="157" VPOS="1841" WIDTH="1484" HEIGHT="310">
					<TextBlock ID="block_8" HPOS="158" VPOS="1841" WIDTH="1482" HEIGHT="166">
						<TextLine ID="line_25" HPOS="202" VPOS="1841" WIDTH="1437" HEIGHT="40">
							<String ID="string_201" HPOS="202" VPOS="1844" WIDTH="80" HEIGHT="29" WC="0.96" CONTENT="från"/><SP WIDTH="21" VPOS="1844" HPOS="282"/>
							<String ID="string_202" HPOS="303" VPOS="1843" WIDTH="160" HEIGHT="30" WC="0.96" CONTENT="första"/><SP WIDTH="18" VPOS="1843" HPOS="463"/>
							<String ID="string_203" HPOS="481" VPOS="1843" WIDTH="222" HEIGHT="29" WC="0.96" CONTENT="kammaren:"/><SP WIDTH="24" VPOS="1843" HPOS="703"/>
							<String ID="string_204" HPOS="727" VPOS="1843" WIDTH="120" HEIGHT="28" WC="0.96" CONTENT="herrar"/><SP WIDTH="21" VPOS="1843" HPOS="847"/>
							<String ID="string_205" HPOS="868" VPOS="1842" WIDTH="93" HEIGHT="29" WC="0.96" CONTENT="John"/><SP WIDTH="21" VPOS="1842" HPOS="961"/>
							<String ID="string_206" HPOS="982" VPOS="1841" WIDTH="165" HEIGHT="30" WC="0.88" CONTENT="Ericsson"/><SP WIDTH="27" VPOS="1841" HPOS="1147"/>
							<String ID="string_207" HPOS="1174" VPOS="1841" WIDTH="64" HEIGHT="35" WC="0.91" CONTENT="(s),"/><SP WIDTH="22" VPOS="1841" HPOS="1238"/>
							<String ID="string_208" HPOS="1260" VPOS="1841" WIDTH="117" HEIGHT="40" WC="0.96" CONTENT="Yngve"/><SP WIDTH="22" VPOS="1841" HPOS="1377"/>
							<String ID="string_209" HPOS="1399" VPOS="1841" WIDTH="141" HEIGHT="30" WC="0.93" CONTENT="Nilsson"/><SP WIDTH="27" VPOS="1841" HPOS="1540"/>
							<String ID="string_210" HPOS="1567" VPOS="1841" WIDTH="72" HEIGHT="34" WC="0.91" CONTENT="(h),"/>
						</TextLine>
						<TextLine ID="line_26" HPOS="159" VPOS="1885" WIDTH="1481" HEIGHT="42">
							<String ID="string_211" HPOS="159" VPOS="1888" WIDTH="193" HEIGHT="39" WC="0.90" CONTENT="Wärnberg"/><SP WIDTH="24" VPOS="1888" HPOS="352"/>
							<String ID="string_212" HPOS="376" VPOS="1888" WIDTH="65" HEIGHT="34" WC="0.91" CONTENT="(s),"/><SP WIDTH="20" VPOS="1888" HPOS="441"/>
							<String ID="string_213" HPOS="461" VPOS="1888" WIDTH="91" HEIGHT="38" WC="0.96" CONTENT="Tage"/><SP WIDTH="20" VPOS="1888" HPOS="552"/>
							<String ID="string_214" HPOS="572" VPOS="1887" WIDTH="199" HEIGHT="30" WC="0.93" CONTENT="Johansson"/><SP WIDTH="24" VPOS="1887" HPOS="771"/>
							<String ID="string_215" HPOS="795" VPOS="1886" WIDTH="65" HEIGHT="34" WC="0.92" CONTENT="(s),"/><SP WIDTH="21" VPOS="1886" HPOS="860"/>
							<String ID="string_216" HPOS="881" VPOS="1886" WIDTH="104" HEIGHT="30" WC="0.96" CONTENT="Gösta"/><SP WIDTH="19" VPOS="1886" HPOS="985"/>
							<String ID="string_217" HPOS="1004" VPOS="1886" WIDTH="193" HEIGHT="30" WC="0.93" CONTENT="Jacobsson"/><SP WIDTH="24" VPOS="1886" HPOS="1197"/>
							<String ID="string_218" HPOS="1221" VPOS="1886" WIDTH="72" HEIGHT="36" WC="0.90" CONTENT="(h),"/><SP WIDTH="21" VPOS="1886" HPOS="1293"/>
							<String ID="string_219" HPOS="1314" VPOS="1886" WIDTH="213" HEIGHT="30" WC="0.95" CONTENT="Lundström"/><SP WIDTH="25" VPOS="1886" HPOS="1527"/>
							<String ID="string_220" HPOS="1552" VPOS="1885" WIDTH="88" HEIGHT="41" WC="0.96" CONTENT="(fp),"/>
						</TextLine>
						<TextLine ID="line_27" HPOS="158" VPOS="1930" WIDTH="1480" HEIGHT="41">
							<String ID="string_221" HPOS="158" VPOS="1934" WIDTH="190" HEIGHT="28" WC="0.75" CONTENT="Mattsson&quot;"/><SP WIDTH="32" VPOS="1934" HPOS="348"/>
							<String ID="string_222" HPOS="380" VPOS="1932" WIDTH="89" HEIGHT="39" WC="0.90" CONTENT="(cp),"/><SP WIDTH="25" VPOS="1932" HPOS="469"/>
							<String ID="string_223" HPOS="494" VPOS="1932" WIDTH="91" HEIGHT="29" WC="0.96" CONTENT="Arne"/><SP WIDTH="25" VPOS="1932" HPOS="585"/>
							<String ID="string_224" HPOS="610" VPOS="1931" WIDTH="199" HEIGHT="29" WC="0.90" CONTENT="Pettersson"/><SP WIDTH="30" VPOS="1931" HPOS="809"/>
							<String ID="string_225" HPOS="839" VPOS="1930" WIDTH="65" HEIGHT="35" WC="0.90" CONTENT="(s),"/><SP WIDTH="26" VPOS="1930" HPOS="904"/>
							<String ID="string_226" HPOS="930" VPOS="1931" WIDTH="121" HEIGHT="30" WC="0.92" CONTENT="Tistad"/><SP WIDTH="30" VPOS="1931" HPOS="1051"/>
							<String ID="string_227" HPOS="1081" VPOS="1930" WIDTH="71" HEIGHT="40" WC="0.96" CONTENT="(fp)"/><SP WIDTH="30" VPOS="1930" HPOS="1152"/>
							<String ID="string_228" HPOS="1182" VPOS="1931" WIDTH="65" HEIGHT="29" WC="0.96" CONTENT="och"/><SP WIDTH="25" VPOS="1931" HPOS="1247"/>
							<String ID="string_229" HPOS="1272" VPOS="1930" WIDTH="71" HEIGHT="31" WC="0.95" CONTENT="Ove"/><SP WIDTH="25" VPOS="1930" HPOS="1343"/>
							<String ID="string_230" HPOS="1368" VPOS="1930" WIDTH="170" HEIGHT="31" WC="0.89" CONTENT="Karlsson"/><SP WIDTH="30" VPOS="1930" HPOS="1538"/>
							<String ID="string_231" HPOS="1568" VPOS="1930" WIDTH="70" HEIGHT="35" WC="0.89" CONTENT="(s);"/>
						</TextLine>
						<TextLine ID="line_28" HPOS="159" VPOS="1980" WIDTH="90" HEIGHT="27">
							<String ID="string_232" HPOS="159" VPOS="1980" WIDTH="90" HEIGHT="27" WC="0.95" CONTENT="samt"/>
						</TextLine>
					</TextBlock>
					<TextBlock ID="block_9" HPOS="157" VPOS="2020" WIDTH="1484" HEIGHT="131">
						<TextLine ID="line_29" HPOS="203" VPOS="2020" WIDTH="1437" HEIGHT="40">
							<String ID="string_233" HPOS="203" VPOS="2022" WIDTH="80" HEIGHT="30" WC="0.96" CONTENT="från"/><SP WIDTH="27" VPOS="2022" HPOS="283"/>
							<String ID="string_234" HPOS="310" VPOS="2023" WIDTH="152" HEIGHT="29" WC="0.68" CONTENT="andra"/><SP WIDTH="26" VPOS="2023" HPOS="462"/>
							<String ID="string_235" HPOS="488" VPOS="2022" WIDTH="221" HEIGHT="29" WC="0.96" CONTENT="kammaren:"/><SP WIDTH="30" VPOS="2022" HPOS="709"/>
							<String ID="string_236" HPOS="739" VPOS="2021" WIDTH="121" HEIGHT="29" WC="0.96" CONTENT="herrar"/><SP WIDTH="27" VPOS="2021" HPOS="860"/>
							<String ID="string_237" HPOS="887" VPOS="2020" WIDTH="214" HEIGHT="40" WC="0.96" CONTENT="Magnusson"/><SP WIDTH="27" VPOS="2020" HPOS="1101"/>
							<String ID="string_238" HPOS="1128" VPOS="2021" WIDTH="11" HEIGHT="29" WC="0.96" CONTENT="i"/><SP WIDTH="28" VPOS="2021" HPOS="1139"/>
							<String ID="string_239" HPOS="1167" VPOS="2020" WIDTH="107" HEIGHT="31" WC="0.92" CONTENT="Borås"/><SP WIDTH="34" VPOS="2020" HPOS="1274"/>
							<String ID="string_240" HPOS="1308" VPOS="2020" WIDTH="71" HEIGHT="35" WC="0.92" CONTENT="(h),"/><SP WIDTH="30" VPOS="2020" HPOS="1379"/>
							<String ID="string_241" HPOS="1409" VPOS="2020" WIDTH="131" HEIGHT="30" WC="0.85" CONTENT="Brandt"/><SP WIDTH="34" VPOS="2020" HPOS="1540"/>
							<String ID="string_242" HPOS="1574" VPOS="2020" WIDTH="66" HEIGHT="35" WC="0.85" CONTENT="(s),"/>
						</TextLine>
						<TextLine ID="line_30" HPOS="157" VPOS="2064" WIDTH="1483" HEIGHT="43">
							<String ID="string_243" HPOS="157" VPOS="2068" WIDTH="160" HEIGHT="39" WC="0.91" CONTENT="Vigelsbo"/><SP WIDTH="24" VPOS="2068" HPOS="317"/>
							<String ID="string_244" HPOS="341" VPOS="2067" WIDTH="90" HEIGHT="39" WC="0.95" CONTENT="(cp),"/><SP WIDTH="19" VPOS="2067" HPOS="431"/>
							<String ID="string_245" HPOS="450" VPOS="2067" WIDTH="201" HEIGHT="29" WC="0.85" CONTENT="Andersson"/><SP WIDTH="18" VPOS="2067" HPOS="651"/>
							<String ID="string_246" HPOS="669" VPOS="2066" WIDTH="9" HEIGHT="28" WC="0.93" CONTENT="i"/><SP WIDTH="19" VPOS="2066" HPOS="678"/>
							<String ID="string_247" HPOS="697" VPOS="2066" WIDTH="144" HEIGHT="29" WC="0.23" CONTENT="Essvik?"/><SP WIDTH="24" VPOS="2066" HPOS="841"/>
							<String ID="string_248" HPOS="865" VPOS="2065" WIDTH="65" HEIGHT="35" WC="0.92" CONTENT="(s),"/><SP WIDTH="21" VPOS="2065" HPOS="930"/>
							<String ID="string_249" HPOS="951" VPOS="2065" WIDTH="57" HEIGHT="30" WC="0.93" CONTENT="fru"/><SP WIDTH="18" VPOS="2065" HPOS="1008"/>
							<String ID="string_250" HPOS="1026" VPOS="2065" WIDTH="242" HEIGHT="30" WC="0.91" CONTENT="Nettelbrandt"/><SP WIDTH="24" VPOS="2065" HPOS="1268"/>
							<String ID="string_251" HPOS="1292" VPOS="2064" WIDTH="87" HEIGHT="41" WC="0.96" CONTENT="(fp),"/><SP WIDTH="20" VPOS="2064" HPOS="1379"/>
							<String ID="string_252" HPOS="1399" VPOS="2065" WIDTH="122" HEIGHT="30" WC="0.93" CONTENT="herrar"/><SP WIDTH="18" VPOS="2065" HPOS="1521"/>
							<String ID="string_253" HPOS="1539" VPOS="2065" WIDTH="101" HEIGHT="31" WC="0.92" CONTENT="Fors-"/>
						</TextLine>
						<TextLine ID="line_31" HPOS="159" VPOS="2110" WIDTH="1482" HEIGHT="41">
							<String ID="string_254" HPOS="159" VPOS="2113" WIDTH="81" HEIGHT="38" WC="0.93" CONTENT="berg"/><SP WIDTH="23" VPOS="2113" HPOS="240"/>
							<String ID="string_255" HPOS="263" VPOS="2112" WIDTH="66" HEIGHT="34" WC="0.90" CONTENT="(s),"/><SP WIDTH="19" VPOS="2112" HPOS="329"/>
							<String ID="string_256" HPOS="348" VPOS="2112" WIDTH="207" HEIGHT="29" WC="0.91" CONTENT="Kristenson"/><SP WIDTH="23" VPOS="2112" HPOS="555"/>
							<String ID="string_257" HPOS="578" VPOS="2111" WIDTH="65" HEIGHT="35" WC="0.91" CONTENT="(s),"/><SP WIDTH="20" VPOS="2111" HPOS="643"/>
							<String ID="string_258" HPOS="663" VPOS="2111" WIDTH="69" HEIGHT="29" WC="0.96" CONTENT="Boo"/><SP WIDTH="25" VPOS="2111" HPOS="732"/>
							<String ID="string_259" HPOS="757" VPOS="2110" WIDTH="89" HEIGHT="39" WC="0.94" CONTENT="(cp),"/><SP WIDTH="21" VPOS="2110" HPOS="846"/>
							<String ID="string_260" HPOS="867" VPOS="2110" WIDTH="170" HEIGHT="29" WC="0.93" CONTENT="Carlstein"/><SP WIDTH="24" VPOS="2110" HPOS="1037"/>
							<String ID="string_261" HPOS="1061" VPOS="2111" WIDTH="50" HEIGHT="33" WC="0.91" CONTENT="(s)"/><SP WIDTH="24" VPOS="2111" HPOS="1111"/>
							<String ID="string_262" HPOS="1135" VPOS="2111" WIDTH="66" HEIGHT="29" WC="0.96" CONTENT="och"/><SP WIDTH="18" VPOS="2111" HPOS="1201"/>
							<String ID="string_263" HPOS="1219" VPOS="2111" WIDTH="152" HEIGHT="29" WC="0.96" CONTENT="Larsson"/><SP WIDTH="18" VPOS="2111" HPOS="1371"/>
							<String ID="string_264" HPOS="1389" VPOS="2110" WIDTH="13" HEIGHT="29" WC="0.96" CONTENT="i"/><SP WIDTH="19" VPOS="2110" HPOS="1402"/>
							<String ID="string_265" HPOS="1421" VPOS="2110" WIDTH="108" HEIGHT="30" WC="0.96" CONTENT="Umeå"/><SP WIDTH="24" VPOS="2110" HPOS="1529"/>
							<String ID="string_266" HPOS="1553" VPOS="2110" WIDTH="88" HEIGHT="40" WC="0.95" CONTENT="(fp)."/>
						</TextLine>
					</TextBlock>
				</ComposedBlock>
				<ComposedBlock ID="cblock_8" HPOS="201" VPOS="2190" WIDTH="763" HEIGHT="32">
					<TextBlock ID="block_10" HPOS="201" VPOS="2190" WIDTH="763" HEIGHT="32">
						<TextLine ID="line_32" HPOS="201" VPOS="2190" WIDTH="763" HEIGHT="32">
							<String ID="string_267" HPOS="201" VPOS="2197" WIDTH="15" HEIGHT="16" WC="0.74" CONTENT="x"/><SP WIDTH="23" VPOS="2197" HPOS="216"/>
							<String ID="string_268" HPOS="239" VPOS="2193" WIDTH="62" HEIGHT="24" WC="0.93" CONTENT="Icke"/><SP WIDTH="21" VPOS="2193" HPOS="301"/>
							<String ID="string_269" HPOS="322" VPOS="2193" WIDTH="131" HEIGHT="23" WC="0.92" CONTENT="närvarit"/><SP WIDTH="19" VPOS="2193" HPOS="453"/>
							<String ID="string_270" HPOS="472" VPOS="2192" WIDTH="48" HEIGHT="23" WC="0.96" CONTENT="vid"/><SP WIDTH="21" VPOS="2192" HPOS="520"/>
							<String ID="string_271" HPOS="541" VPOS="2192" WIDTH="143" HEIGHT="30" WC="0.96" CONTENT="justering"/><SP WIDTH="21" VPOS="2192" HPOS="684"/>
							<String ID="string_272" HPOS="705" VPOS="2198" WIDTH="34" HEIGHT="16" WC="0.96" CONTENT="av"/><SP WIDTH="20" VPOS="2198" HPOS="739"/>
							<String ID="string_273" HPOS="759" VPOS="2190" WIDTH="205" HEIGHT="24" WC="0.95" CONTENT="betänkandet."/>
						</TextLine>
					</TextBlock>
				</ComposedBlock>
			</PrintSpace>
		</Page>
	</Layout>
</alto>
