2194 2630
417 156 19 32 6
833 157 344 33 Jordbruksutskottets
1200 157 165 34 utlåtande
1387 159 54 32 Nr
1464 160 52 31 52.

374 234 250 37 överlämnats
658 235 57 36 till
744 235 635 50 arrendeuppskattningsmännen,
1408 237 99 36 hava
1535 236 171 49 Othberg
1734 238 72 36 och
1835 237 138 39 Olsson

373 291 94 31 satts
508 285 12 36 i
562 285 147 37 tillfälle
741 292 54 30 att
822 292 102 44 yttra
952 287 62 49 sig
1041 292 91 32 över
1160 288 182 48 förslaget
1369 288 71 37 och
1468 288 108 37 dessa
1604 289 98 36 hava
1730 288 47 37 då
1804 289 168 48 anhållit,

373 343 55 31 att
467 341 164 45 gränsen
672 338 136 37 mellan
849 338 270 49 lägenheterna
1160 340 70 37 litt.
1272 340 34 37 A
1339 340 71 37 och
1443 340 30 38 B
1501 343 116 35 måtte
1645 340 220 49 fastställas,
1892 341 83 38 icke

373 392 123 35 såsom
537 389 153 51 Nyman
732 390 208 51 föreslagit,
982 391 57 37 till
1079 391 75 38 den
1187 392 209 49 heldragna
1422 392 91 38 röda
1541 393 120 49 linjen
1690 395 21 35 å
1738 393 145 49 kartan,
1912 392 63 39 be-

373 441 160 38 tecknad
560 442 101 47 c—d,
690 448 91 31 utan
809 443 56 36 till
893 443 72 37 den
992 444 159 37 korsade
1179 444 211 48 heldragna
1416 444 92 37 röda
1530 444 119 48 linjen
1669 444 99 38 a—b
1788 448 21 34 å
1827 445 146 38 kartan.

372 493 57 36 Då
470 493 173 37 avsikten
683 507 90 24 vore
810 500 55 31 att
900 495 138 36 bereda
1073 494 175 51 Othberg
1275 495 69 38 och
1374 495 137 37 Olsson
1539 496 149 36 tillfälle
1715 502 56 31 att
1798 497 178 36 förvärva

373 557 99 36 egna
512 544 98 47 hem,
652 544 98 37 hava
790 545 465 49 uppskattningsmännen
1298 552 124 32 ansett
1463 547 148 49 hänsyn
1652 547 94 37 böra
1781 553 110 44 tagas
1918 548 57 36 till

372 595 108 37 deras
520 596 257 49 nyssnämnda
818 597 293 49 framställning.
1168 598 82 37 Den
1282 598 121 50 tredje
1439 598 241 49 lägenheten,
1713 599 71 36 litt.
1814 598 43 50 C,
1887 599 87 38 obe-

372 647 145 49 byggd,
546 647 99 37 hava
672 648 463 49 uppskattningsmännen
1164 655 126 32 ansett
1315 650 92 37 böra
1426 650 114 49 säljas
1560 650 57 37 till
1636 650 191 38 brukaren
1845 651 130 38 Anton

371 698 226 38 Jakobsson.

501 750 246 49 Lägenheten
774 751 72 37 litt.
876 751 45 47 ÅA,
951 752 85 36 med
1064 752 235 49 gränslinjen
1328 753 110 46 a—b,
1476 753 124 37 består
1634 766 46 24 av
1708 753 267 50 ägofigurerna

372 815 45 23 nr
444 803 152 36 22—530
625 803 70 36 och
727 802 103 38 delar
863 816 46 24 av
936 817 45 23 nr
1011 805 59 47 19,
1099 805 61 47 20,
1199 807 60 45 21,
1297 806 61 46 31,
1388 806 60 47 37,
1479 806 60 46 38,
1569 806 61 46 39,
1658 806 62 45 40,
1749 806 47 36 41
1827 805 71 37 och
1927 807 46 35 67

371 859 97 32 samt
486 853 69 37 har
573 867 47 24 en
639 855 99 36 areal
758 868 47 24 av
823 856 24 35 4
866 855 135 37 hektar
1020 857 82 36 24.5
1126 869 40 24 ar
1184 857 71 36 och
1273 861 42 32 är
1335 856 266 38 saluvärderad
1621 855 57 38 till
1695 857 110 47 1,737
1822 857 150 37 kronor.

496 905 249 50 Lägenheten
786 906 71 38 litt.
899 907 43 48 B,
984 907 85 37 med
1111 921 146 24 samma
1296 908 211 49 gränslinje
1540 907 109 49 a—b,
1679 908 178 38 omfattar
1883 913 92 44 ägo-

371 957 193 48 figurerna
604 959 152 35 32—36
786 958 69 37 och
883 960 152 35 43—48
1065 965 98 30 samt
1191 960 105 36 delar
1323 974 48 22 av
1399 973 46 23 nr
1472 962 62 44 31,
1563 961 61 45 37,
1655 961 60 45 38,
1745 961 60 45 39,
1834 961 63 45 40,
1926 962 46 34 41

373 1008 69 37 och
470 1009 48 35 42
548 1014 98 30 samt
673 1008 67 37 har
772 1021 46 24 en
851 1010 99 36 areal
979 1023 47 23 av
1055 1011 21 34 6
1105 1010 136 37 hektar
1272 1012 81 36 18.5
1386 1024 41 23 ar
1454 1011 70 36 och
1552 1010 69 36 har
1649 1013 117 34 åsatts
1794 1015 55 32 ett
1877 1011 99 36 salu-

371 1059 115 37 värde
515 1072 47 23 av
590 1061 112 46 3,015
731 1060 154 37 kronor.

501 1110 247 50 Lägenheten
775 1112 70 37 litt.
876 1112 30 37 C
934 1113 179 37 omfattar
1131 1114 269 49 ägofigurerna
1418 1127 46 23 nr
1482 1115 62 46 49,
1565 1115 61 45 51,
1647 1115 47 35 53
1715 1113 71 37 och
1806 1115 48 35 54
1878 1119 98 31 samt

372 1163 102 37 delar
515 1176 46 23 av
601 1176 45 24 nr
674 1164 61 47 50,
766 1166 60 45 52,
856 1165 47 36 55
933 1164 70 37 och
1033 1166 47 35 56
1109 1171 99 31 samt
1235 1165 69 37 har
1332 1179 47 24 en
1407 1166 101 37 areal
1537 1179 47 22 av
1612 1167 23 35 4
1663 1165 133 37 hektar
1824 1167 84 35 82.3
1936 1178 40 24 ar

373 1215 71 36 och
471 1219 42 32 är
540 1214 267 38 saluvärderad
836 1215 57 37 till
923 1218 111 44 2,411
1065 1216 152 37 kronor.

502 1265 335 50 Domänstyrelsen
877 1266 70 37 har
975 1267 131 37 biträtt
1133 1268 486 49 uppskattningsmännens
1649 1268 144 49 förslag
1820 1281 62 24 om
1910 1281 65 24 av-

373 1317 184 50 skiljande
599 1331 46 23 av
681 1318 271 49 lägenheterna
979 1319 71 37 litt.
1080 1320 33 36 A
1141 1321 71 36 och
1241 1320 29 37 B
1300 1321 85 36 från
1413 1320 186 37 varandra
1628 1319 84 38 med
1739 1319 236 50 gränslinjen

373 1370 101 37 a—b.
529 1370 129 48 Något
698 1370 80 37 skäl
811 1376 55 32 att
897 1371 227 37 tillerkänna
1152 1372 126 37 Anton
1306 1372 218 37 Jakobsson
1551 1376 75 33 rätt
1654 1378 54 31 att
1735 1372 82 37 lösa
1844 1372 130 48 lägen-

372 1422 113 36 heten
512 1422 71 37 litt.
630 1421 13 38 C
673 1428 80 30 mot
780 1425 97 34 åsatt
905 1423 199 37 saluvärde
1132 1423 69 37 har
1229 1424 190 49 styrelsen
1447 1424 83 37 icke
1559 1429 122 32 ansett
1708 1423 200 49 föreligga,
1928 1423 48 37 då

372 1472 117 38 sådan
517 1473 146 37 förmån
692 1473 82 37 icke
802 1474 127 36 kunde
954 1474 158 38 beredas
1133 1475 180 49 samtliga
1332 1475 220 37 nuvarande
1570 1475 163 37 brukare
1753 1488 47 24 av
1819 1475 156 36 Hunne-

371 1523 210 50 lundstorp.

501 1576 74 36 För
602 1589 97 36 egen
727 1576 61 37 del
815 1576 220 38 instämmer
1058 1577 71 50 jag
1157 1578 85 37 med
1270 1578 363 50 domänstyrelsen.»

501 1653 203 43 Utskottet,
746 1666 81 24 som
869 1654 83 36 icke
994 1654 126 36 funnit
1161 1658 119 45 något
1321 1661 56 31 att
1418 1656 124 36 erinra
1578 1661 79 31 mot
1684 1655 290 49 ifrågavarande

373 1703 291 50 framställning,
693 1704 228 47 hemställer,

901 1779 55 31 att
982 1774 144 49 Kungl.
1155 1774 127 51 Maj:ts
1312 1775 246 38 förevarande
1586 1775 236 50 proposition
1847 1778 61 34 må
1927 1789 46 23 av

769 1825 206 50 riksdagen
1004 1826 161 37 bifallas.

503 1892 218 38 Stockholm
750 1893 71 38 den
851 1897 20 34 9
896 1895 73 49 juli
999 1897 109 35 1914.

831 1980 52 36 På
906 1979 416 50 jordbruksutskottets
1351 1987 161 44 vägnar:

897 2049 45 38 D.
971 2048 227 39 PERSSON
1201 2044 28 61 i
1264 2050 190 51 Tällberg.

569 2254 216 32 Närvarande:
807 2266 33 20 se
864 2256 156 30 utlåtande
1045 2268 36 18 nr
1105 2260 51 27 57.
