1878 2846
93 2031 137 24 Utskottet.

313 153 18 29 2
690 154 318 32 Bankoutskottets
1034 155 185 31 utlåtande
1244 155 52 32 Nr
1322 157 51 30 69.

270 228 118 32 kallar
409 239 44 22 en
475 230 253 32 modifikation
749 231 11 31 i
782 231 42 31 de
846 231 221 37 uttalanden,
1089 232 229 38 fullmäktige
1338 234 156 37 tidigare
1516 235 96 36 gjort
1633 236 12 30 i
1668 236 105 37 fråga

271 282 56 21 om
348 273 233 36 riktlinjerna
605 274 56 30 för
679 273 344 38 penningpolitiken.

311 314 124 33 Under
459 317 264 31 frambhållande
748 317 127 37 tillika,
900 319 55 30 att
978 318 41 32 de
1044 319 87 36 skäl,
1155 329 77 22 som
1256 330 46 21 av
1327 320 229 38 fullmäktige
1581 322 12 30 i
1618 322 157 37 tidigare

273 367 313 38 framställningar
609 368 189 37 åberopats
817 369 57 32 till
893 369 80 32 stöd
994 371 56 31 för
1071 371 167 31 befrielse
1259 372 56 31 för
1337 372 218 32 riksbanken
1577 373 82 31 från
1680 373 95 38 skyl-

272 419 170 37 digheten
464 421 54 30 att
537 420 115 31 inlösa
675 431 46 21 av
742 421 139 31 banken
903 422 154 37 utgivna
1078 422 119 32 sedlar
1216 423 80 31 med
1320 423 96 37 guld,
1439 424 160 37 alltjämt
1620 427 70 35 äga
1711 425 64 37 gil-

273 470 125 37 tighet,
423 472 95 31 hava
540 471 349 39 bankofullmäktige
914 473 192 37 hemställt,
1131 475 54 31 att
1208 474 134 38 Kungl.
1368 475 113 37 Maj:t
1504 477 111 31 måtte
1644 476 131 32 föreslå

273 523 203 37 riksdagen,
494 525 53 30 att
563 524 218 31 riksbanken
798 525 56 30 för
874 525 98 31 tiden
991 526 56 31 till
1064 526 65 32 och
1147 526 81 32 med
1245 526 67 32 den
1330 527 39 31 29
1389 527 160 32 februari
1568 528 78 32 1936
1663 529 113 31 måtte

275 574 154 37 fritagas
454 575 82 31 från
556 575 252 38 skyldigheten
830 578 54 30 att
908 577 116 31 inlösa
1044 588 46 20 av
1112 578 140 31 banken
1274 579 154 37 utgivna
1449 579 118 32 sedlar
1588 580 79 31 med
1690 580 86 37 guld

273 626 91 31 efter
390 627 106 31 deras
520 626 143 37 lydelse,
689 628 79 31 med
793 630 73 30 rätt
889 628 91 32 dock
1007 629 56 31 för
1086 629 217 32 riksbanken
1330 632 64 35 att,
1418 641 58 21 om
1502 631 275 32 förhållandena

272 678 125 31 därtill
434 678 84 37 giva
554 678 204 38 anledning,
794 680 74 31 före
908 681 223 32 sistnämnda
1154 681 71 37 dag
1252 683 241 37 återupptaga
1517 683 183 33 sedlarnas
1724 684 52 30 in-

274 730 106 31 lösen.

314 781 275 38 Föredragande
616 782 391 38 departementschefen
1031 784 66 32 har
1121 785 12 30 i
1160 785 147 32 ärendet
1332 786 123 31 anfört
1484 786 169 37 följande.

312 842 144 31 »Såsom
480 853 46 21 av
550 843 230 37 fullmäktige
804 845 12 30 i
840 844 218 31 riksbanken
1083 845 230 36 framhållits,
1338 847 106 31 råder
1470 847 56 31 för
1552 848 228 31 närvarande

271 887 73 30 stor
370 886 159 32 ovisshet
551 897 56 21 om
628 886 69 32 den
723 887 172 31 framtida
917 888 256 37 utvecklingen
1197 891 45 34 på
1264 890 360 31 valutamarknaden.
1669 891 110 36 Spän-

271 929 135 37 ningen
431 930 131 31 mellan
586 930 98 32 olika
714 931 140 31 valutor
879 931 67 31 har
973 931 110 36 ökats,
1109 932 64 31 och
1199 942 83 22 man
1306 933 115 31 måste
1449 934 115 31 räkna
1588 934 81 31 med
1693 933 87 36 möj-

272 972 159 37 ligheten
455 984 45 20 av
525 974 255 37 förändringar
803 975 13 30 i
840 974 41 32 de
904 974 307 33 värderelationer
1234 976 96 31 inom
1354 976 227 37 guldblocket
1606 977 64 31 och
1694 979 87 29 ster-

273 1016 251 37 linggruppen,
546 1027 75 21 som
643 1018 110 31 sedan
774 1019 120 36 någon
916 1018 54 32 tid
991 1019 97 31 varit
1111 1020 158 31 rådande
1293 1020 65 31 och
1381 1020 93 31 efter
1496 1020 100 31 vilka
1618 1020 162 32 handels-

272 1061 66 30 och
356 1060 296 36 kapitalrörelser
670 1061 113 31 under
803 1062 61 31 det
882 1063 142 31 senaste
1041 1063 78 31 året
1144 1063 5 30 i
1169 1064 119 35 någon
1305 1064 85 30 mån
1410 1065 170 35 anpassat
1599 1063 65 37 sig.
1685 1063 95 32 Oron

273 1105 45 34 på
344 1104 348 32 valutamarknaden
717 1107 40 29 är
783 1106 20 30 å
827 1115 66 22 ena
918 1105 104 31 sidan
1046 1106 119 36 ägnad
1191 1108 53 30 att
1269 1106 68 32 öka
1362 1107 128 31 värdet
1514 1117 45 21 av
1584 1108 51 30 ett
1658 1107 123 31 konse-

272 1147 110 31 kvent
408 1148 231 36 fullföljande
665 1159 45 20 av
734 1149 69 31 den
827 1148 133 32 hittills
986 1150 82 30 från
1094 1150 129 31 svensk
1246 1150 78 32 sida
1350 1150 104 32 förda
1481 1150 299 36 valutapolitiken

272 1200 81 22 men
379 1191 149 37 betyder
551 1193 22 30 å
593 1192 118 31 andra
734 1191 111 37 sidan,
869 1193 54 31 att
945 1193 118 31 denna
1086 1193 253 36 valutapolitik
1362 1193 74 31 kan
1460 1193 143 31 komma
1625 1195 55 29 att
1702 1193 79 31 visa

272 1234 55 37 sig
348 1235 221 37 otillräcklig
591 1236 117 30 såsom
727 1235 114 31 medel
861 1237 54 29 att
937 1236 137 31 skänka
1094 1236 59 32 det
1173 1236 151 32 svenska
1345 1236 241 35 näringslivet
1606 1235 175 32 erforder-

273 1278 51 37 lig
346 1279 182 36 trygghet.

313 1321 78 32 När
415 1322 132 36 frågan
571 1333 57 20 om
655 1322 145 32 fortsatt
826 1322 167 32 befrielse
1021 1323 55 31 för
1101 1323 217 31 riksbanken
1345 1323 83 31 från
1453 1323 251 36 skyldigheten
1728 1323 54 31 att

274 1365 115 32 inlösa
413 1376 46 21 av
482 1366 139 31 banken
645 1366 151 36 utgivna
819 1366 118 31 sedlar
960 1367 80 31 med
1062 1366 87 36 guld
1171 1365 240 32 behandlades
1434 1376 46 21 av
1506 1366 164 36 fjolårets
1693 1365 89 31 riks-

274 1409 80 36 dag,
375 1409 164 32 uttalade
558 1409 292 32 bankoutskottet
871 1409 57 32 sin
950 1409 220 37 förvissning
1191 1419 58 21 om
1268 1410 64 35 att,
1353 1409 57 31 för
1433 1409 67 32 den
1520 1409 168 31 händelse
1713 1409 69 30 för-

274 1453 298 36 utsättningarna
602 1453 56 31 för
689 1453 67 31 den
786 1453 130 31 dittills
947 1452 103 32 förda
1078 1452 301 37 valutapolitiken
1413 1452 225 37 väsentligen
1667 1451 116 33 skulle

275 1496 141 36 ändras,
443 1496 228 37 fullmäktige
696 1496 77 32 icke
797 1496 115 32 skulle
939 1495 190 32 underlåta
1153 1497 54 30 att
1234 1496 82 31 från
1339 1496 61 31 det
1429 1495 158 32 ändrade
1611 1495 171 36 utgångs-

276 1540 96 35 läget
392 1540 58 31 till
469 1540 237 37 omprövning
726 1541 160 35 upptaga
906 1540 131 36 frågan
1055 1549 58 21 om
1134 1539 100 31 vilka
1251 1538 122 37 medel,
1394 1548 76 21 som
1489 1538 196 36 lämpligen
1706 1538 77 31 bor-

275 1583 43 32 de
340 1584 146 31 komma
510 1583 56 32 till
591 1583 233 37 användning
852 1584 55 31 för
932 1585 57 29 att
1012 1584 47 30 nå
1084 1583 44 31 de
1153 1582 208 36 uppställda
1385 1581 119 32 målen
1531 1581 56 32 för
1611 1581 172 36 penning-

276 1627 184 36 politiken.
501 1626 250 32 Riksbankens
772 1626 215 37 befogenhet
1007 1626 64 31 och
1094 1625 206 37 skyldighet
1321 1626 54 29 att
1398 1625 98 30 inom
1517 1634 123 22 ramen
1663 1624 57 31 för
1741 1624 43 31 de

276 1670 110 37 givna
417 1671 183 30 allmänna
631 1670 202 31 direktiven
865 1670 57 31 för
952 1668 334 38 penningpolitiken
1315 1667 194 32 modifiera
1540 1666 244 37 valutapoliti-

275 1714 86 31 kens
383 1714 226 37 utformning
630 1714 82 31 med
734 1713 140 37 hänsyn
897 1713 58 31 till
977 1712 201 32 eventuella
1200 1711 257 37 förändringar
1479 1711 12 31 i
1512 1710 69 32 den
1600 1710 184 31 allmänna

276 1757 231 32 ekonomiska
529 1757 222 32 situationen
775 1757 172 31 framstår
971 1756 12 31 i
1008 1756 193 36 synnerhet
1225 1755 111 31 under
1363 1764 85 27 nyss
1472 1753 169 37 angivna,
1667 1752 117 32 ovissa

278 1801 253 32 förhållanden
549 1802 116 31 såsom
684 1800 261 37 betydelsefull.

316 1844 18 32 I
359 1845 116 31 likhet
499 1845 80 32 med
604 1844 229 37 fullmäktige
858 1845 11 30 i
899 1843 217 31 riksbanken
1143 1842 119 31 finner
1287 1841 62 37 jag
1374 1841 110 36 ingen
1508 1839 195 37 anledning
1731 1840 54 30 att

278 1889 56 30 för
361 1888 226 31 närvarande
615 1888 191 31 modifiera
832 1887 87 31 eller
946 1886 237 36 komplettera
1210 1884 155 37 tidigare
1392 1883 213 32 uttalanden
1632 1881 152 32 rörande

277 1932 43 31 de
336 1932 185 32 allmänna
537 1931 233 36 riktlinjerna
787 1931 55 31 för
859 1929 362 38 penningpolitiken.»

318 2019 17 31 I
362 2019 115 31 likhet
505 2018 79 31 med
611 2017 228 36 fullmäktige
866 2017 65 31 och
959 2015 261 36 föredragande
1245 2012 394 38 departementschefen
1666 2012 119 30 finner

277 2071 177 31 utskottet
474 2070 60 31 det
555 2069 185 32 allmänna
761 2067 231 33 ekonomiska
1013 2067 96 36 läget
1132 2066 77 31 icke
1233 2066 55 31 för
1309 2063 229 33 närvarande
1558 2063 147 37 påkalla
1725 2062 60 31 nå-

279 2131 69 28 gon
368 2122 256 32 modifikation
645 2131 46 21 av
714 2120 165 37 gällande
899 2118 158 32 direktiv
1080 2118 55 31 för
1157 2116 344 38 penningpolitiken.
1542 2115 51 31 De
1616 2125 45 21 av
1682 2115 103 30 stats-

278 2174 191 32 makterna
498 2173 223 32 härutinnan
748 2171 215 38 uppdragna
990 2169 235 37 riktlinjerna
1253 2178 107 27 synas
1393 2167 160 36 alltjämt
1582 2166 86 32 böra
1698 2175 88 22 vara

280 2224 223 38 vägledande
540 2225 54 31 för
632 2223 237 32 riksbankens
904 2220 310 33 valutavårdande
1250 2219 238 32 verksamhet.
1534 2218 103 30 Inom
1662 2225 123 23 ramen

280 2278 57 31 för
363 2278 45 32 de
438 2277 110 37 givna
572 2276 207 32 direktiven
806 2276 208 31 ankommer
1040 2273 61 32 det
1128 2271 207 39 emellertid,
1364 2272 118 31 såsom
1508 2271 277 35 departements-

280 2330 127 31 chefen
433 2330 12 30 i
472 2328 210 37 anslutning
710 2327 57 32 till
793 2327 78 32 1934
897 2328 60 30 års
986 2325 273 32 bankoutskotts
1285 2323 188 32 uttalande
1501 2321 212 36 framhållit,
1740 2321 46 35 på

280 2381 219 32 riksbanken
535 2382 54 30 att
624 2379 193 32 modifiera
855 2376 320 39 valutapolitikens
1201 2375 226 36 utformning
1456 2374 79 32 med
1560 2374 143 35 hänsyn
1730 2371 56 32 till

281 2432 203 31 eventuella
512 2431 257 36 förändringar
796 2431 12 30 i
834 2430 67 31 den
927 2429 183 31 allmänna
1134 2427 229 31 ekonomiska
1389 2426 227 31 situationen.
