1906 2854
550 191 294 33 Statsutskottets
865 188 187 33 utlåtande
1072 188 53 31 Nr
1148 187 29 30 2.
1526 184 39 30 27

505 268 333 45 fastighetsregister
861 275 13 30 i
897 275 117 30 städer
1048 273 64 31 och
1146 273 94 30 vissa
1273 272 109 30 andra
1417 269 191 32 samhällen

505 339 45 20 av
581 328 83 31 1917
688 328 57 30 års
769 326 142 35 riksdag
934 324 175 37 beviljade
1132 323 123 36 anslag
1279 324 21 29 å
1324 322 137 36 750,000
1485 321 126 31 kronor

506 381 54 30 för
597 379 206 36 budgetåret
841 377 212 32 1924—1925
1087 377 115 30 såsom
1236 376 99 30 extra
1368 373 242 32 reservations-

507 432 122 36 anslag
652 431 126 31 anvisa
801 430 116 36 75,000
942 430 136 30 kronor.

149 570 86 36 40:0)
270 572 18 31 I
321 572 156 36 enlighet
510 571 77 31 med
621 570 67 31 vad
712 569 135 35 Kungl.
871 568 103 36 Maj:t
997 567 179 35 föreslagit
1200 565 184 36 riksdagen
1408 562 125 38 (punkt
1556 561 54 35 40)
1640 562 143 42 Understöd
1803 560 27 24 åt

105 625 65 31 och
204 625 112 31 under
349 623 217 35 hänvisning
601 622 56 31 till
691 622 68 30 vad
794 618 375 37 statsrådsprotokollet
1194 615 76 35 (sid.
1296 614 138 34 84—90)
1459 616 11 30 i
1495 616 115 30 ämnet
1630 595 203 72 Skyddeödene

107 676 207 35 innehåller,
339 675 201 31 hemställer
563 674 177 34 utskottet,
1697 669 73 41 [40.]

552 761 51 30 att
635 759 188 35 riksdagen
846 759 69 34 må,
940 758 12 29 i
976 756 109 31 likhet
1108 756 77 30 med
1210 756 67 30 vad
1302 755 52 30 för
1378 753 234 31 innevarande

510 812 170 36 budgetår
704 811 59 36 ägt
787 820 90 25 rum,
901 809 57 31 till
981 808 190 31 understöd
1186 807 39 31 åt
1239 807 206 36 föreningen
1464 805 149 37 Skydds-

511 866 123 30 värnet
666 864 54 30 för
752 862 205 36 budgetåret
981 860 211 32 1924—1925
1217 859 122 30 anvisa
1364 859 47 30 ett
1434 859 97 29 extra
1556 868 58 19 an-

511 917 74 35 slag
609 917 21 29 å
654 916 117 35 35,000
795 915 136 30 kronor.

153 1045 86 37 41:0)
263 1048 52 31 På
338 1047 115 37 grund
476 1057 45 20 av
545 1046 134 35 Kungl.
704 1045 118 36 Maj:ts
847 1045 120 30 därom
990 1042 122 36 gjorda
1136 1041 261 34 framställning
1420 1037 125 38 (punkt
1562 1037 54 34 41)
1656 1036 168 24 Kommittéer

225 1102 15 6 8
1680 1072 29 23 ch
1726 1071 87 23 utred-

110 1100 201 31 hemställer
334 1099 178 35 utskottet,
1636 1080 98 57 ningar
1750 1075 91 68 förr

1653 1140 174 31 sakkunniga.

555 1185 52 30 att
630 1184 187 34 riksdagen
840 1183 58 29 må
922 1181 109 31 sänka
1054 1181 57 30 det
1135 1181 13 29 i
1171 1180 188 30 riksstaten
1382 1178 109 31 under
1507 1178 108 31 andra
1702 1179 74 41 [41.]

514 1235 227 32 huvudtiteln
764 1233 174 37 uppförda
961 1232 173 31 ordinarie
1158 1230 387 35 reservationsanslaget
1561 1229 55 31 till

514 1288 224 31 kommittéer
772 1286 65 31 och
871 1286 228 34 utredningar
1133 1293 126 27 genom
1292 1282 221 37 sakkunniga
1538 1282 79 29 från

515 1341 74 31 dess
624 1338 205 31 nuvarande
864 1337 133 35 belopp,
1033 1336 137 35 250,000
1206 1335 135 34 kronor,
1376 1333 75 31 med
1481 1334 136 34 110,000

516 1393 126 30 kronor
664 1390 57 31 till
745 1390 139 35 140,000
908 1389 135 30 kronor.

158 1520 86 37 42:0)
268 1523 18 30 I
309 1524 101 35 fråga
433 1532 56 21 om
505 1521 134 36 Kungl.
656 1520 119 36 Maj:ts
792 1519 130 35 förslag
938 1517 179 36 angående
1133 1516 123 36 anslag
1273 1516 71 31 dels
1361 1516 53 30 för
1430 1514 190 32 beredande
1642 1512 127 31 Tillfällig
1777 1511 67 23 löne-

113 1585 47 20 av
194 1575 162 36 tillfällig
379 1573 292 35 löneförbättring
696 1572 54 30 för
774 1571 72 30 viss
869 1569 159 37 personal
1052 1569 96 30 inom
1171 1568 68 31 den
1261 1567 108 31 civila
1391 1566 230 31 statsförvalt-
1649 1550 43 63 för
1710 1548 51 57 uar
1780 1546 57 65 pä

115 1626 133 36 ningen
272 1623 127 39 (punkt
421 1623 66 38 42),
511 1624 72 32 dels
607 1624 62 31 ock
692 1623 57 31 till
772 1622 170 31 täckande
965 1631 44 20 av
1033 1620 184 31 kostnader
1238 1619 54 30 för
1308 1618 260 37 dyrtidstillägg
1585 1618 37 29 åt
1664 1619 75 22 sonat
1758 1616 70 23 inom

116 1678 348 36 befattningshavare
488 1677 12 29 i
523 1677 130 30 statens
687 1675 110 36 tjänst
843 1670 127 39 (punkt
998 1668 54 36 43)
1075 1672 156 30 kommer
1254 1671 166 30 utskottet
1443 1670 51 30 att
1519 1669 103 30 fram-
1660 1652 60 57 stöt
1729 1651 105 65 förval-

115 1729 94 31 deles
233 1729 111 32 under
368 1729 186 34 riksdagen
577 1727 129 35 avgiva
727 1725 223 34 utlåtanden;
972 1723 110 31 vilket
1103 1723 167 31 utskottet
1292 1721 110 31 skolat
1420 1721 203 35 härigenom
1645 1717 23 50 =
1695 1721 104 30 ningen.

118 1781 54 30 för
188 1781 187 36 riksdagen
1709 1758 74 42 [42.]

1644 1841 203 31 Dyrtidstillägg

1646 1877 26 23 åt
1680 1876 168 31 befattnings-

1650 1913 96 22 havare
1764 1911 10 23 i
1792 1912 51 22 sta-

1667 1949 56 21 tens
1740 1945 91 31 tjänst.

1713 1984 73 41 [43.]

564 1866 152 30 anmäla.
