2115 2655
341 177 18 29 8
789 174 81 41 Lag-
881 173 176 34 Utskottets
1087 173 174 33 Utlåtande
1285 174 60 31 N:o
1374 176 43 29 19.

434 263 86 36 Alla
547 263 179 44 skriftliga
753 262 265 45 afhandlingar,
1047 272 71 25 som
1146 262 171 44 styrelsen
1344 261 55 35 för
1421 260 240 45 aktiebolaget
1675 258 112 47 ingår,
1803 262 99 34 skola

301 316 258 35 undertecknas
586 313 21 37 å
635 315 256 45 aktiebolagets
918 317 137 42 vägnar
1081 314 146 35 medelst
1253 313 203 36 utsättande
1476 312 39 35 af
1527 313 77 35 dess
1620 315 156 43 antagna
1791 313 111 44 firma,

300 368 59 36 vid
386 367 166 45 äfventyr
578 369 52 33 att
660 366 101 46 eljest
788 367 66 34 den
882 367 84 34 eller
993 362 41 38 de
1062 365 40 35 af
1126 366 189 44 styrelsens
1331 365 202 43 ledamöter,
1555 375 71 24 som
1641 361 263 49 afhandlingen

300 419 267 44 underskrifvit,
608 419 98 34 skola
747 418 54 35 för
840 418 220 44 fullgörande
1089 416 39 35 af
1152 417 257 44 aktiebolagets
1436 413 106 47 derpå
1569 416 182 45 grundade
1778 416 126 35 förbin-

302 471 93 35 delse
423 481 154 25 ansvara
605 467 110 39 såsom
743 469 55 36 för
825 480 87 34 egen
940 469 113 43 skuld,
1083 479 42 24 en
1152 468 54 35 för
1234 469 70 34 alla
1332 468 64 35 och
1423 468 69 35 alla
1520 467 54 35 för
1602 478 53 24 en.

1052 623 21 46 8
1106 625 53 34 15.

436 676 182 44 Styrelsen
645 673 148 47 åligger:

437 729 54 32 att
517 730 65 32 när
609 724 38 37 så
674 727 105 34 äskas
806 724 94 36 hålla
928 725 257 45 aktiebolagets
1212 724 240 44 räkenskaper
1480 723 63 36 och
1563 723 114 46 öfriga
1695 724 212 45 handlingar

301 778 224 46 tillgängliga
565 778 55 35 för
659 777 218 45 Konungens
915 776 401 45 Befallningshafvande
1356 776 85 34 eller
1480 776 77 34 dess
1584 776 126 34 ombud
1736 778 92 32 samt
1853 776 55 35 för

302 832 66 33 den
396 830 173 35 särskilda
595 829 273 45 undersökning,
898 828 122 35 chefen
1048 828 53 34 för
1128 826 129 46 Kongl.
1287 826 415 45 Finansdepartementet
1720 827 70 35 kan
1812 827 95 35 finna

302 881 161 45 lämpligt
488 878 75 38 låta
590 882 167 44 anställa;

436 952 54 33 att
530 949 89 36 efter
659 949 125 45 hvarje
818 947 144 37 månads
990 950 69 33 slut
1085 949 12 34 i
1124 952 152 32 närvaro
1303 948 38 35 af
1366 947 218 44 Konungens
1609 947 296 45 Befallningshaf-

302 1001 115 38 vande
445 1002 84 35 eller
557 1002 76 34 dess
661 1001 136 44 ombud,
826 1000 110 46 enligt
962 1000 179 44 formulär,
1162 1010 72 25 som
1253 997 79 37 från
1345 998 131 46 Kongl.
1493 998 413 46 Finansdepartementet

301 1054 186 43 meddelas,
528 1055 167 42 upprätta
736 1053 63 35 och
840 1052 153 35 derefter
1032 1054 86 32 utan
1156 1048 165 48 dröjsmål
1349 1051 50 35 dit
1426 1051 146 35 insända
1601 1061 42 24 en
1671 1051 171 45 öfversigt
1870 1051 40 35 af

302 1105 258 44 aktiebolagets
599 1103 168 46 ställning
803 1103 109 46 jemte
952 1102 139 45 uppgift
1131 1113 52 24 om
1224 1113 81 34 upp-
1347 1102 63 35 och
1437 1099 350 48 utlåningsräntorna
1815 1105 92 32 samt

302 1156 173 44 diskonto,
516 1166 71 24 som
627 1156 111 34 under
778 1156 65 33 den
871 1155 51 34 tid
950 1154 214 44 öfversigten
1193 1154 168 34 omfattar
1387 1153 95 35 varit
1509 1153 40 34 af
1572 1154 240 43 aktiebolaget
1838 1154 68 33 till-

301 1207 176 45 lämpade;

435 1265 53 44 att
525 1273 133 46 jemväl
697 1274 11 34 i
749 1272 108 46 öfrigt
897 1274 156 34 meddela
1093 1272 123 36 chefen
1248 1272 54 35 för
1329 1272 129 45 Kongl.
1488 1272 415 45 Finansdepartementet

303 1327 69 34 alla
400 1327 41 34 de
468 1326 253 44 upplysningar
749 1325 149 34 rörande
924 1325 257 43 aktiebolagets
1208 1325 235 43 verksamhet,
1473 1335 72 24 som
1572 1324 39 34 af
1634 1324 126 35 honom
1785 1325 121 44 äskas;

437 1396 64 42 att,
543 1391 38 37 så
612 1396 98 31 snart
736 1393 150 45 ändring
912 1394 11 33 i
951 1403 81 34 upp-
1061 1393 84 34 eller
1172 1389 348 47 utlåningsräntorna
1548 1392 85 34 eller
1662 1391 159 36 diskonto
1850 1392 54 34 be-

303 1447 117 42 slutes,
449 1447 125 43 genast
600 1445 162 44 kungöra
790 1444 59 35 det
875 1444 11 34 i
914 1445 175 34 allmänna
1118 1443 241 44 tidningarna;

436 1516 55 32 att
531 1512 90 35 efter
660 1513 182 35 verkstäld
881 1512 148 35 revision
1072 1512 54 34 till
1158 1511 129 44 Kongl.
1317 1510 415 45 Finansdepartementet
1758 1511 148 34 insända

303 1564 384 36 revisionsberättelsen
728 1563 178 35 äfvensom
947 1566 54 31 att
1040 1560 74 37 låta
1153 1562 113 34 införa
1308 1562 197 34 densamma
1537 1562 12 34 i
1576 1562 176 35 allmänna
1780 1561 124 35 tidnin-

301 1626 128 35 garna;

436 1686 54 32 att
519 1683 89 35 efter
635 1683 126 44 hvarje
789 1681 227 36 kalenderårs
1036 1683 70 34 slut
1125 1680 73 37 låta
1218 1685 167 41 upprätta
1407 1681 222 44 fullständigt
1648 1682 141 33 bokslut
1809 1681 100 35 öfver

303 1734 257 45 aktiebolagets
587 1734 181 44 ställning;

435 1805 56 32 att
530 1803 103 33 ställa
674 1802 53 44 sig
761 1802 53 34 till
840 1812 184 33 noggrann
1053 1801 236 35 efterrättelse
1316 1801 94 35 hvad
1438 1801 113 34 denna
1578 1801 60 43 lag
1664 1799 125 45 bjuder
1816 1803 90 31 samt

302 1854 54 34 för
396 1853 240 44 aktiebolaget
677 1852 162 35 faststäld
875 1852 273 44 bolagsordning
1175 1851 240 36 föreskrifver.
1472 1850 91 36 Sker
1591 1850 171 36 afvikelse
1789 1851 117 34 härut-

302 1905 118 43 innan,
463 1905 63 34 och
553 1903 129 36 varder
709 1903 30 46 ej
769 1904 59 34 det
855 1904 187 34 anmärkta
1069 1901 235 37 förhållandet
1331 1903 92 35 inom
1451 1913 42 24 en
1521 1899 126 37 månad
1673 1901 147 44 rättadt,
1849 1912 57 25 an-

303 1957 135 33 komme
465 1953 44 46 på
537 1954 200 45 Konungen
765 1958 54 31 att
846 1955 11 34 i
885 1952 143 38 svårare
1056 1954 61 35 fall
1146 1954 155 35 förklara
1331 1954 239 43 aktiebolaget
1596 1953 108 34 hafva
1720 1952 184 36 förverkat

304 2007 53 34 sin
385 2006 127 45 oktroj.

1058 2123 22 46 8
1112 2125 53 34 16.

437 2210 189 36 Enskildas
666 2207 218 38 förhållande
924 2209 53 35 till
1018 2209 238 43 aktiebolaget
1295 2207 55 36 må
1391 2208 30 44 ej
1466 2207 39 35 af
1541 2206 115 46 någon
1685 2206 54 36 för
1766 2207 140 34 allmän-

304 2264 103 34 heten
436 2272 120 35 yppas:
