<?xml version="1.0" encoding="UTF-8"?>
<alto xmlns="http://www.loc.gov/standards/alto/ns-v3#" xmlns:xlink="http://www.w3.org/1999/xlink" xmlns:xsi="http://www.w3.org/2001/XMLSchema-instance" xsi:schemaLocation="http://www.loc.gov/standards/alto/ns-v3# http://www.loc.gov/alto/v3/alto-3-0.xsd">
	<Description>
		<MeasurementUnit>pixel</MeasurementUnit>
		<sourceImageInformation>
			<fileName>/tmp/tess_ej6yctg1_input.PNG</fileName>
		</sourceImageInformation>
		<OCRProcessing ID="OCR_0">
			<ocrProcessingStep>
				<processingSoftware>
					<softwareName>tesseract 5.3.0</softwareName>
				</processingSoftware>
			</ocrProcessingStep>
		</OCRProcessing>
	</Description>
	<Layout>
		<Page WIDTH="2180" HEIGHT="2614" PHYSICAL_IMG_NR="0" ID="page_0">
			<PrintSpace HPOS="0" VPOS="0" WIDTH="2180" HEIGHT="2614">
				<ComposedBlock ID="cblock_0" HPOS="412" VPOS="138" WIDTH="1070" HEIGHT="33">
					<TextBlock ID="block_0" HPOS="412" VPOS="138" WIDTH="1070" HEIGHT="33">
						<TextLine ID="line_0" HPOS="412" VPOS="138" WIDTH="1070" HEIGHT="33">
							<String ID="string_0" HPOS="412" VPOS="139" WIDTH="42" HEIGHT="30" WC="0.96" CONTENT="40"/><SP WIDTH="423" VPOS="139" HPOS="454"/>
							<String ID="string_1" HPOS="877" VPOS="138" WIDTH="250" HEIGHT="31" WC="0.91" CONTENT="Statsutskottets"/><SP WIDTH="23" VPOS="138" HPOS="1127"/>
							<String ID="string_2" HPOS="1150" VPOS="138" WIDTH="163" HEIGHT="31" WC="0.96" CONTENT="utlåtande"/><SP WIDTH="22" VPOS="138" HPOS="1313"/>
							<String ID="string_3" HPOS="1335" VPOS="140" WIDTH="52" HEIGHT="30" WC="0.95" CONTENT="Nr"/><SP WIDTH="25" VPOS="140" HPOS="1387"/>
							<String ID="string_4" HPOS="1412" VPOS="141" WIDTH="70" HEIGHT="30" WC="0.96" CONTENT="107."/>
						</TextLine>
					</TextBlock>
				</ComposedBlock>
				<ComposedBlock ID="cblock_1" HPOS="373" VPOS="215" WIDTH="1602" HEIGHT="1953">
					<TextBlock ID="block_1" HPOS="373" VPOS="215" WIDTH="1602" HEIGHT="356">
						<TextLine ID="line_1" HPOS="373" VPOS="215" WIDTH="1601" HEIGHT="48">
							<String ID="string_5" HPOS="373" VPOS="222" WIDTH="54" HEIGHT="30" WC="0.96" CONTENT="att"/><SP WIDTH="44" VPOS="222" HPOS="427"/>
							<String ID="string_6" HPOS="471" VPOS="215" WIDTH="142" HEIGHT="45" WC="0.96" CONTENT="märka,"/><SP WIDTH="44" VPOS="215" HPOS="613"/>
							<String ID="string_7" HPOS="657" VPOS="220" WIDTH="54" HEIGHT="30" WC="0.96" CONTENT="att"/><SP WIDTH="43" VPOS="220" HPOS="711"/>
							<String ID="string_8" HPOS="754" VPOS="215" WIDTH="60" HEIGHT="35" WC="0.96" CONTENT="det"/><SP WIDTH="42" VPOS="215" HPOS="814"/>
							<String ID="string_9" HPOS="856" VPOS="215" WIDTH="119" HEIGHT="48" WC="0.96" CONTENT="tredje"/><SP WIDTH="42" VPOS="215" HPOS="975"/>
							<String ID="string_10" HPOS="1017" VPOS="216" WIDTH="174" HEIGHT="36" WC="0.96" CONTENT="kontoret"/><SP WIDTH="45" VPOS="216" HPOS="1191"/>
							<String ID="string_11" HPOS="1236" VPOS="217" WIDTH="174" HEIGHT="36" WC="0.96" CONTENT="inrättats"/><SP WIDTH="42" VPOS="217" HPOS="1410"/>
							<String ID="string_12" HPOS="1452" VPOS="218" WIDTH="93" HEIGHT="36" WC="0.96" CONTENT="först"/><SP WIDTH="44" VPOS="218" HPOS="1545"/>
							<String ID="string_13" HPOS="1589" VPOS="220" WIDTH="81" HEIGHT="34" WC="0.95" CONTENT="från"/><SP WIDTH="41" VPOS="220" HPOS="1670"/>
							<String ID="string_14" HPOS="1711" VPOS="221" WIDTH="69" HEIGHT="35" WC="0.95" CONTENT="och"/><SP WIDTH="39" VPOS="221" HPOS="1780"/>
							<String ID="string_15" HPOS="1819" VPOS="220" WIDTH="85" HEIGHT="36" WC="0.96" CONTENT="med"/><SP WIDTH="31" VPOS="220" HPOS="1904"/>
							<String ID="string_16" HPOS="1935" VPOS="221" WIDTH="39" HEIGHT="33" WC="0.96" CONTENT="år"/>
						</TextLine>
						<TextLine ID="line_2" HPOS="378" VPOS="266" WIDTH="1595" HEIGHT="49">
							<String ID="string_17" HPOS="378" VPOS="269" WIDTH="110" HEIGHT="44" WC="0.96" CONTENT="1918,"/><SP WIDTH="44" VPOS="269" HPOS="488"/>
							<String ID="string_18" HPOS="532" VPOS="266" WIDTH="134" HEIGHT="35" WC="0.96" CONTENT="varvid"/><SP WIDTH="42" VPOS="266" HPOS="666"/>
							<String ID="string_19" HPOS="708" VPOS="266" WIDTH="95" HEIGHT="35" WC="0.93" CONTENT="dock"/><SP WIDTH="42" VPOS="266" HPOS="803"/>
							<String ID="string_20" HPOS="845" VPOS="267" WIDTH="158" HEIGHT="35" WC="0.85" CONTENT="allenast"/><SP WIDTH="45" VPOS="267" HPOS="1003"/>
							<String ID="string_21" HPOS="1048" VPOS="267" WIDTH="174" HEIGHT="48" WC="0.96" CONTENT="uppförts"/><SP WIDTH="42" VPOS="267" HPOS="1222"/>
							<String ID="string_22" HPOS="1264" VPOS="272" WIDTH="53" HEIGHT="31" WC="0.96" CONTENT="ett"/><SP WIDTH="29" VPOS="272" HPOS="1317"/>
							<String ID="string_23" HPOS="1346" VPOS="269" WIDTH="136" HEIGHT="36" WC="0.93" CONTENT="arvode"/><SP WIDTH="28" VPOS="269" HPOS="1482"/>
							<String ID="string_24" HPOS="1510" VPOS="273" WIDTH="20" HEIGHT="32" WC="0.92" CONTENT="å"/><SP WIDTH="28" VPOS="273" HPOS="1530"/>
							<String ID="string_25" HPOS="1558" VPOS="276" WIDTH="106" HEIGHT="29" WC="0.96" CONTENT="extra"/><SP WIDTH="29" VPOS="276" HPOS="1664"/>
							<String ID="string_26" HPOS="1693" VPOS="277" WIDTH="74" HEIGHT="29" WC="0.96" CONTENT="stat"/><SP WIDTH="28" VPOS="277" HPOS="1767"/>
							<String ID="string_27" HPOS="1795" VPOS="272" WIDTH="59" HEIGHT="36" WC="0.93" CONTENT="för"/><SP WIDTH="27" VPOS="272" HPOS="1854"/>
							<String ID="string_28" HPOS="1881" VPOS="272" WIDTH="92" HEIGHT="35" WC="0.91" CONTENT="kon-"/>
						</TextLine>
						<TextLine ID="line_3" HPOS="375" VPOS="317" WIDTH="1598" HEIGHT="54">
							<String ID="string_29" HPOS="375" VPOS="317" WIDTH="372" HEIGHT="37" WC="0.83" CONTENT="torsföreståndaren."/><SP WIDTH="75" VPOS="317" HPOS="747"/>
							<String ID="string_30" HPOS="822" VPOS="317" WIDTH="73" HEIGHT="36" WC="0.63" CONTENT="Vid"/><SP WIDTH="46" VPOS="317" HPOS="895"/>
							<String ID="string_31" HPOS="941" VPOS="318" WIDTH="135" HEIGHT="36" WC="0.95" CONTENT="sådant"/><SP WIDTH="49" VPOS="318" HPOS="1076"/>
							<String ID="string_32" HPOS="1125" VPOS="318" WIDTH="230" HEIGHT="37" WC="0.96" CONTENT="förhållande"/><SP WIDTH="42" VPOS="318" HPOS="1355"/>
							<String ID="string_33" HPOS="1397" VPOS="320" WIDTH="71" HEIGHT="36" WC="0.96" CONTENT="och"/><SP WIDTH="55" VPOS="320" HPOS="1468"/>
							<String ID="string_34" HPOS="1523" VPOS="321" WIDTH="84" HEIGHT="35" WC="0.95" CONTENT="med"/><SP WIDTH="47" VPOS="321" HPOS="1607"/>
							<String ID="string_35" HPOS="1654" VPOS="321" WIDTH="148" HEIGHT="50" WC="0.93" CONTENT="hänsyn"/><SP WIDTH="47" VPOS="321" HPOS="1802"/>
							<String ID="string_36" HPOS="1849" VPOS="322" WIDTH="124" HEIGHT="37" WC="0.87" CONTENT="därtill"/>
						</TextLine>
						<TextLine ID="line_4" HPOS="375" VPOS="369" WIDTH="1599" HEIGHT="52">
							<String ID="string_37" HPOS="375" VPOS="375" WIDTH="54" HEIGHT="30" WC="0.93" CONTENT="att"/><SP WIDTH="27" VPOS="375" HPOS="429"/>
							<String ID="string_38" HPOS="456" VPOS="369" WIDTH="316" HEIGHT="36" WC="0.89" CONTENT="kammarrättens"/><SP WIDTH="29" VPOS="369" HPOS="772"/>
							<String ID="string_39" HPOS="801" VPOS="370" WIDTH="218" HEIGHT="36" WC="0.89" CONTENT="nuvarande"/><SP WIDTH="18" VPOS="370" HPOS="1019"/>
							<String ID="string_40" HPOS="1037" VPOS="370" WIDTH="393" HEIGHT="50" WC="0.89" CONTENT="revisionsavdelning"/><SP WIDTH="19" VPOS="370" HPOS="1430"/>
							<String ID="string_41" HPOS="1449" VPOS="372" WIDTH="11" HEIGHT="35" WC="0.96" CONTENT="i"/><SP WIDTH="20" VPOS="372" HPOS="1460"/>
							<String ID="string_42" HPOS="1480" VPOS="372" WIDTH="62" HEIGHT="36" WC="0.96" CONTENT="det"/><SP WIDTH="19" VPOS="372" HPOS="1542"/>
							<String ID="string_43" HPOS="1561" VPOS="386" WIDTH="74" HEIGHT="35" WC="0.96" CONTENT="nya"/><SP WIDTH="19" VPOS="386" HPOS="1635"/>
							<String ID="string_44" HPOS="1654" VPOS="373" WIDTH="131" HEIGHT="36" WC="0.96" CONTENT="verket"/><SP WIDTH="20" VPOS="373" HPOS="1785"/>
							<String ID="string_45" HPOS="1805" VPOS="374" WIDTH="169" HEIGHT="36" WC="0.96" CONTENT="kommer"/>
						</TextLine>
						<TextLine ID="line_5" HPOS="374" VPOS="420" WIDTH="1601" HEIGHT="53">
							<String ID="string_46" HPOS="374" VPOS="426" WIDTH="53" HEIGHT="30" WC="0.96" CONTENT="att"/><SP WIDTH="42" VPOS="426" HPOS="427"/>
							<String ID="string_47" HPOS="469" VPOS="421" WIDTH="127" HEIGHT="35" WC="0.96" CONTENT="ställas"/><SP WIDTH="42" VPOS="421" HPOS="596"/>
							<String ID="string_48" HPOS="638" VPOS="420" WIDTH="119" HEIGHT="36" WC="0.94" CONTENT="under"/><SP WIDTH="40" VPOS="420" HPOS="757"/>
							<String ID="string_49" HPOS="797" VPOS="420" WIDTH="161" HEIGHT="36" WC="0.95" CONTENT="särskild"/><SP WIDTH="42" VPOS="420" HPOS="958"/>
							<String ID="string_50" HPOS="1000" VPOS="421" WIDTH="184" HEIGHT="48" WC="0.95" CONTENT="byråchef"/><SP WIDTH="30" VPOS="421" HPOS="1184"/>
							<String ID="string_51" HPOS="1214" VPOS="435" WIDTH="111" HEIGHT="35" WC="0.96" CONTENT="synes"/><SP WIDTH="29" VPOS="435" HPOS="1325"/>
							<String ID="string_52" HPOS="1354" VPOS="422" WIDTH="63" HEIGHT="36" WC="0.96" CONTENT="det"/><SP WIDTH="28" VPOS="422" HPOS="1417"/>
							<String ID="string_53" HPOS="1445" VPOS="424" WIDTH="196" HEIGHT="45" WC="0.96" CONTENT="utskottet,"/><SP WIDTH="31" VPOS="424" HPOS="1641"/>
							<String ID="string_54" HPOS="1672" VPOS="430" WIDTH="54" HEIGHT="29" WC="0.96" CONTENT="att"/><SP WIDTH="28" VPOS="430" HPOS="1726"/>
							<String ID="string_55" HPOS="1754" VPOS="426" WIDTH="136" HEIGHT="47" WC="0.96" CONTENT="anslag"/><SP WIDTH="28" VPOS="426" HPOS="1890"/>
							<String ID="string_56" HPOS="1918" VPOS="426" WIDTH="57" HEIGHT="36" WC="0.96" CONTENT="för"/>
						</TextLine>
						<TextLine ID="line_6" HPOS="374" VPOS="472" WIDTH="1598" HEIGHT="51">
							<String ID="string_57" HPOS="374" VPOS="485" WIDTH="46" HEIGHT="23" WC="0.95" CONTENT="en"/><SP WIDTH="43" VPOS="485" HPOS="420"/>
							<String ID="string_58" HPOS="463" VPOS="472" WIDTH="118" HEIGHT="47" WC="0.94" CONTENT="fjärde"/><SP WIDTH="45" VPOS="472" HPOS="581"/>
							<String ID="string_59" HPOS="626" VPOS="472" WIDTH="257" HEIGHT="45" WC="0.95" CONTENT="kontorschef,"/><SP WIDTH="51" VPOS="472" HPOS="883"/>
							<String ID="string_60" HPOS="934" VPOS="472" WIDTH="138" HEIGHT="36" WC="0.96" CONTENT="avsedd"/><SP WIDTH="47" VPOS="472" HPOS="1072"/>
							<String ID="string_61" HPOS="1119" VPOS="473" WIDTH="58" HEIGHT="35" WC="0.95" CONTENT="för"/><SP WIDTH="45" VPOS="473" HPOS="1177"/>
							<String ID="string_62" HPOS="1222" VPOS="474" WIDTH="287" HEIGHT="47" WC="0.95" CONTENT="ifrågavarande"/><SP WIDTH="41" VPOS="474" HPOS="1509"/>
							<String ID="string_63" HPOS="1550" VPOS="475" WIDTH="105" HEIGHT="48" WC="0.95" CONTENT="byrå,"/><SP WIDTH="48" VPOS="475" HPOS="1655"/>
							<String ID="string_64" HPOS="1703" VPOS="475" WIDTH="81" HEIGHT="36" WC="0.96" CONTENT="icke"/><SP WIDTH="47" VPOS="475" HPOS="1784"/>
							<String ID="string_65" HPOS="1831" VPOS="481" WIDTH="41" HEIGHT="31" WC="0.85" CONTENT="är"/><SP WIDTH="46" VPOS="481" HPOS="1872"/>
							<String ID="string_66" HPOS="1918" VPOS="491" WIDTH="54" HEIGHT="22" WC="0.79" CONTENT="er-"/>
						</TextLine>
						<TextLine ID="line_7" HPOS="376" VPOS="523" WIDTH="209" HEIGHT="48">
							<String ID="string_67" HPOS="376" VPOS="523" WIDTH="209" HEIGHT="48" WC="0.92" CONTENT="forderligt."/>
						</TextLine>
					</TextBlock>
					<TextBlock ID="block_2" HPOS="373" VPOS="575" WIDTH="1600" HEIGHT="513">
						<TextLine ID="line_8" HPOS="505" VPOS="575" WIDTH="1467" HEIGHT="51">
							<String ID="string_68" HPOS="505" VPOS="575" WIDTH="240" HEIGHT="48" WC="0.58" CONTENT="Avlöningen"/><SP WIDTH="47" VPOS="575" HPOS="745"/>
							<String ID="string_69" HPOS="792" VPOS="575" WIDTH="59" HEIGHT="35" WC="0.96" CONTENT="för"/><SP WIDTH="47" VPOS="575" HPOS="851"/>
							<String ID="string_70" HPOS="898" VPOS="575" WIDTH="116" HEIGHT="36" WC="0.96" CONTENT="förste"/><SP WIDTH="45" VPOS="575" HPOS="1014"/>
							<String ID="string_71" HPOS="1059" VPOS="576" WIDTH="235" HEIGHT="36" WC="0.95" CONTENT="revisorerna"/><SP WIDTH="45" VPOS="576" HPOS="1294"/>
							<String ID="string_72" HPOS="1339" VPOS="577" WIDTH="68" HEIGHT="35" WC="0.96" CONTENT="har"/><SP WIDTH="47" VPOS="577" HPOS="1407"/>
							<String ID="string_73" HPOS="1454" VPOS="590" WIDTH="44" HEIGHT="22" WC="0.96" CONTENT="av"/><SP WIDTH="46" VPOS="590" HPOS="1498"/>
							<String ID="string_74" HPOS="1544" VPOS="577" WIDTH="141" HEIGHT="48" WC="0.95" CONTENT="Kungl."/><SP WIDTH="44" VPOS="577" HPOS="1685"/>
							<String ID="string_75" HPOS="1729" VPOS="578" WIDTH="107" HEIGHT="48" WC="0.93" CONTENT="Maj:t"/><SP WIDTH="42" VPOS="578" HPOS="1836"/>
							<String ID="string_76" HPOS="1878" VPOS="580" WIDTH="94" HEIGHT="36" WC="0.90" CONTENT="före-"/>
						</TextLine>
						<TextLine ID="line_9" HPOS="375" VPOS="626" WIDTH="1596" HEIGHT="50">
							<String ID="string_77" HPOS="375" VPOS="626" WIDTH="134" HEIGHT="48" WC="0.96" CONTENT="slagits"/><SP WIDTH="41" VPOS="626" HPOS="509"/>
							<String ID="string_78" HPOS="550" VPOS="626" WIDTH="57" HEIGHT="35" WC="0.96" CONTENT="till"/><SP WIDTH="43" VPOS="626" HPOS="607"/>
							<String ID="string_79" HPOS="650" VPOS="626" WIDTH="116" HEIGHT="36" WC="0.93" CONTENT="andra"/><SP WIDTH="42" VPOS="626" HPOS="766"/>
							<String ID="string_80" HPOS="808" VPOS="627" WIDTH="163" HEIGHT="47" WC="0.89" CONTENT="gradens"/><SP WIDTH="42" VPOS="627" HPOS="971"/>
							<String ID="string_81" HPOS="1013" VPOS="627" WIDTH="333" HEIGHT="49" WC="0.72" CONTENT="normalavlöning"/><SP WIDTH="38" VPOS="627" HPOS="1346"/>
							<String ID="string_82" HPOS="1384" VPOS="629" WIDTH="118" HEIGHT="46" WC="0.96" CONTENT="jämte"/><SP WIDTH="41" VPOS="629" HPOS="1502"/>
							<String ID="string_83" HPOS="1543" VPOS="635" WIDTH="53" HEIGHT="29" WC="0.96" CONTENT="ett"/><SP WIDTH="43" VPOS="635" HPOS="1596"/>
							<String ID="string_84" HPOS="1639" VPOS="630" WIDTH="141" HEIGHT="35" WC="0.96" CONTENT="arvode"/><SP WIDTH="42" VPOS="630" HPOS="1780"/>
							<String ID="string_85" HPOS="1822" VPOS="644" WIDTH="47" HEIGHT="22" WC="0.95" CONTENT="av"/><SP WIDTH="30" VPOS="644" HPOS="1869"/>
							<String ID="string_86" HPOS="1899" VPOS="633" WIDTH="72" HEIGHT="34" WC="0.96" CONTENT="500"/>
						</TextLine>
						<TextLine ID="line_10" HPOS="375" VPOS="677" WIDTH="1598" HEIGHT="50">
							<String ID="string_87" HPOS="375" VPOS="678" WIDTH="140" HEIGHT="35" WC="0.96" CONTENT="kronor"/><SP WIDTH="44" VPOS="678" HPOS="515"/>
							<String ID="string_88" HPOS="559" VPOS="678" WIDTH="57" HEIGHT="35" WC="0.96" CONTENT="för"/><SP WIDTH="29" VPOS="678" HPOS="616"/>
							<String ID="string_89" HPOS="645" VPOS="681" WIDTH="51" HEIGHT="32" WC="0.94" CONTENT="år."/><SP WIDTH="57" VPOS="681" HPOS="696"/>
							<String ID="string_90" HPOS="753" VPOS="677" WIDTH="128" HEIGHT="37" WC="0.31" CONTENT="Skälet"/><SP WIDTH="28" VPOS="677" HPOS="881"/>
							<String ID="string_91" HPOS="909" VPOS="679" WIDTH="128" HEIGHT="36" WC="0.96" CONTENT="härför"/><SP WIDTH="28" VPOS="679" HPOS="1037"/>
							<String ID="string_92" HPOS="1065" VPOS="684" WIDTH="41" HEIGHT="30" WC="0.96" CONTENT="är"/><SP WIDTH="29" VPOS="684" HPOS="1106"/>
							<String ID="string_93" HPOS="1135" VPOS="680" WIDTH="164" HEIGHT="47" WC="0.96" CONTENT="givetvis"/><SP WIDTH="29" VPOS="680" HPOS="1299"/>
							<String ID="string_94" HPOS="1328" VPOS="685" WIDTH="53" HEIGHT="30" WC="0.96" CONTENT="att"/><SP WIDTH="27" VPOS="685" HPOS="1381"/>
							<String ID="string_95" HPOS="1408" VPOS="679" WIDTH="102" HEIGHT="36" WC="0.96" CONTENT="finna"/><SP WIDTH="29" VPOS="679" HPOS="1510"/>
							<String ID="string_96" HPOS="1539" VPOS="680" WIDTH="90" HEIGHT="43" WC="0.96" CONTENT="däri,"/><SP WIDTH="31" VPOS="680" HPOS="1629"/>
							<String ID="string_97" HPOS="1660" VPOS="685" WIDTH="54" HEIGHT="31" WC="0.96" CONTENT="att"/><SP WIDTH="27" VPOS="685" HPOS="1714"/>
							<String ID="string_98" HPOS="1741" VPOS="681" WIDTH="232" HEIGHT="37" WC="0.96" CONTENT="revisorerna"/>
						</TextLine>
						<TextLine ID="line_11" HPOS="373" VPOS="729" WIDTH="1599" HEIGHT="51">
							<String ID="string_99" HPOS="373" VPOS="730" WIDTH="12" HEIGHT="34" WC="0.81" CONTENT="1"/><SP WIDTH="40" VPOS="730" HPOS="385"/>
							<String ID="string_100" HPOS="425" VPOS="729" WIDTH="295" HEIGHT="36" WC="0.96" CONTENT="kammarrätten"/><SP WIDTH="43" VPOS="729" HPOS="720"/>
							<String ID="string_101" HPOS="763" VPOS="730" WIDTH="58" HEIGHT="35" WC="0.96" CONTENT="för"/><SP WIDTH="45" VPOS="730" HPOS="821"/>
							<String ID="string_102" HPOS="866" VPOS="730" WIDTH="233" HEIGHT="36" WC="0.71" CONTENT="närvarande"/><SP WIDTH="42" VPOS="730" HPOS="1099"/>
							<String ID="string_103" HPOS="1141" VPOS="731" WIDTH="148" HEIGHT="48" WC="0.91" CONTENT="atnjuta"/><SP WIDTH="36" VPOS="731" HPOS="1289"/>
							<String ID="string_104" HPOS="1325" VPOS="744" WIDTH="45" HEIGHT="23" WC="0.92" CONTENT="en"/><SP WIDTH="43" VPOS="744" HPOS="1370"/>
							<String ID="string_105" HPOS="1413" VPOS="732" WIDTH="192" HEIGHT="48" WC="0.90" CONTENT="avlöning,"/><SP WIDTH="44" VPOS="732" HPOS="1605"/>
							<String ID="string_106" HPOS="1649" VPOS="745" WIDTH="80" HEIGHT="23" WC="0.96" CONTENT="som"/><SP WIDTH="43" VPOS="745" HPOS="1729"/>
							<String ID="string_107" HPOS="1772" VPOS="733" WIDTH="84" HEIGHT="36" WC="0.95" CONTENT="med"/><SP WIDTH="44" VPOS="733" HPOS="1856"/>
							<String ID="string_108" HPOS="1900" VPOS="735" WIDTH="72" HEIGHT="34" WC="0.94" CONTENT="500"/>
						</TextLine>
						<TextLine ID="line_12" HPOS="375" VPOS="781" WIDTH="1597" HEIGHT="50">
							<String ID="string_109" HPOS="375" VPOS="781" WIDTH="140" HEIGHT="35" WC="0.95" CONTENT="kronor"/><SP WIDTH="27" VPOS="781" HPOS="515"/>
							<String ID="string_110" HPOS="542" VPOS="782" WIDTH="211" HEIGHT="46" WC="0.92" CONTENT="överstiger"/><SP WIDTH="28" VPOS="782" HPOS="753"/>
							<String ID="string_111" HPOS="781" VPOS="782" WIDTH="230" HEIGHT="47" WC="0.91" CONTENT="avlöningen"/><SP WIDTH="29" VPOS="782" HPOS="1011"/>
							<String ID="string_112" HPOS="1040" VPOS="782" WIDTH="56" HEIGHT="36" WC="0.96" CONTENT="för"/><SP WIDTH="21" VPOS="782" HPOS="1096"/>
							<String ID="string_113" HPOS="1117" VPOS="782" WIDTH="119" HEIGHT="36" WC="0.93" CONTENT="första"/><SP WIDTH="19" VPOS="782" HPOS="1236"/>
							<String ID="string_114" HPOS="1255" VPOS="782" WIDTH="162" HEIGHT="48" WC="0.89" CONTENT="gradens"/><SP WIDTH="20" VPOS="782" HPOS="1417"/>
							<String ID="string_115" HPOS="1437" VPOS="783" WIDTH="239" HEIGHT="48" WC="0.96" CONTENT="tjänstemän."/><SP WIDTH="42" VPOS="783" HPOS="1676"/>
							<String ID="string_116" HPOS="1718" VPOS="785" WIDTH="66" HEIGHT="34" WC="0.92" CONTENT="Att"/><SP WIDTH="19" VPOS="785" HPOS="1784"/>
							<String ID="string_117" HPOS="1803" VPOS="785" WIDTH="169" HEIGHT="36" WC="0.89" CONTENT="emeller-"/>
						</TextLine>
						<TextLine ID="line_13" HPOS="373" VPOS="832" WIDTH="1598" HEIGHT="54">
							<String ID="string_118" HPOS="373" VPOS="832" WIDTH="53" HEIGHT="35" WC="0.95" CONTENT="tid"/><SP WIDTH="29" VPOS="832" HPOS="426"/>
							<String ID="string_119" HPOS="455" VPOS="832" WIDTH="234" HEIGHT="36" WC="0.95" CONTENT="beträffande"/><SP WIDTH="22" VPOS="832" HPOS="689"/>
							<String ID="string_120" HPOS="711" VPOS="833" WIDTH="135" HEIGHT="53" WC="0.96" CONTENT="förste"/><SP WIDTH="28" VPOS="833" HPOS="846"/>
							<String ID="string_121" HPOS="874" VPOS="833" WIDTH="236" HEIGHT="36" WC="0.93" CONTENT="revisorerna"/><SP WIDTH="27" VPOS="833" HPOS="1110"/>
							<String ID="string_122" HPOS="1137" VPOS="834" WIDTH="170" HEIGHT="48" WC="0.91" CONTENT="iakttaga"/><SP WIDTH="29" VPOS="834" HPOS="1307"/>
							<String ID="string_123" HPOS="1336" VPOS="845" WIDTH="46" HEIGHT="24" WC="0.96" CONTENT="en"/><SP WIDTH="29" VPOS="845" HPOS="1382"/>
							<String ID="string_124" HPOS="1411" VPOS="834" WIDTH="105" HEIGHT="49" WC="0.96" CONTENT="dylik"/><SP WIDTH="28" VPOS="834" HPOS="1516"/>
							<String ID="string_125" HPOS="1544" VPOS="835" WIDTH="162" HEIGHT="35" WC="0.96" CONTENT="skillnad"/><SP WIDTH="30" VPOS="835" HPOS="1706"/>
							<String ID="string_126" HPOS="1736" VPOS="849" WIDTH="112" HEIGHT="35" WC="0.96" CONTENT="synes"/><SP WIDTH="29" VPOS="849" HPOS="1848"/>
							<String ID="string_127" HPOS="1877" VPOS="837" WIDTH="94" HEIGHT="36" WC="0.96" CONTENT="dock"/>
						</TextLine>
						<TextLine ID="line_14" HPOS="374" VPOS="883" WIDTH="1596" HEIGHT="54">
							<String ID="string_128" HPOS="374" VPOS="883" WIDTH="188" HEIGHT="36" WC="0.96" CONTENT="utskottet"/><SP WIDTH="41" VPOS="883" HPOS="562"/>
							<String ID="string_129" HPOS="603" VPOS="883" WIDTH="82" HEIGHT="37" WC="0.96" CONTENT="icke"/><SP WIDTH="41" VPOS="883" HPOS="685"/>
							<String ID="string_130" HPOS="726" VPOS="898" WIDTH="89" HEIGHT="21" WC="0.96" CONTENT="vara"/><SP WIDTH="43" VPOS="898" HPOS="815"/>
							<String ID="string_131" HPOS="858" VPOS="897" WIDTH="46" HEIGHT="22" WC="0.96" CONTENT="av"/><SP WIDTH="29" VPOS="897" HPOS="904"/>
							<String ID="string_132" HPOS="933" VPOS="885" WIDTH="376" HEIGHT="48" WC="0.96" CONTENT="omständigheterna"/><SP WIDTH="27" VPOS="885" HPOS="1309"/>
							<String ID="string_133" HPOS="1336" VPOS="885" WIDTH="166" HEIGHT="49" WC="0.96" CONTENT="påkallat"/><SP WIDTH="28" VPOS="885" HPOS="1502"/>
							<String ID="string_134" HPOS="1530" VPOS="886" WIDTH="152" HEIGHT="36" WC="0.96" CONTENT="särskilt"/><SP WIDTH="28" VPOS="886" HPOS="1682"/>
							<String ID="string_135" HPOS="1710" VPOS="887" WIDTH="83" HEIGHT="36" WC="0.96" CONTENT="med"/><SP WIDTH="30" VPOS="887" HPOS="1793"/>
							<String ID="string_136" HPOS="1823" VPOS="888" WIDTH="147" HEIGHT="49" WC="0.93" CONTENT="hänsyn"/>
						</TextLine>
						<TextLine ID="line_15" HPOS="373" VPOS="935" WIDTH="1598" HEIGHT="53">
							<String ID="string_137" HPOS="373" VPOS="935" WIDTH="57" HEIGHT="35" WC="0.82" CONTENT="till"/><SP WIDTH="43" VPOS="935" HPOS="430"/>
							<String ID="string_138" HPOS="473" VPOS="935" WIDTH="45" HEIGHT="35" WC="0.93" CONTENT="de"/><SP WIDTH="41" VPOS="935" HPOS="518"/>
							<String ID="string_139" HPOS="559" VPOS="935" WIDTH="121" HEIGHT="36" WC="0.92" CONTENT="ökade"/><SP WIDTH="41" VPOS="935" HPOS="680"/>
							<String ID="string_140" HPOS="721" VPOS="935" WIDTH="416" HEIGHT="49" WC="0.91" CONTENT="befordringsutsikter,"/><SP WIDTH="44" VPOS="935" HPOS="1137"/>
							<String ID="string_141" HPOS="1181" VPOS="950" WIDTH="80" HEIGHT="22" WC="0.96" CONTENT="som"/><SP WIDTH="43" VPOS="950" HPOS="1261"/>
							<String ID="string_142" HPOS="1304" VPOS="937" WIDTH="138" HEIGHT="48" WC="0.96" CONTENT="skapas"/><SP WIDTH="30" VPOS="937" HPOS="1442"/>
							<String ID="string_143" HPOS="1472" VPOS="951" WIDTH="139" HEIGHT="34" WC="0.88" CONTENT="genom"/><SP WIDTH="29" VPOS="951" HPOS="1611"/>
							<String ID="string_144" HPOS="1640" VPOS="938" WIDTH="331" HEIGHT="50" WC="0.88" CONTENT="riksräkenskaps-"/>
						</TextLine>
						<TextLine ID="line_16" HPOS="374" VPOS="986" WIDTH="1598" HEIGHT="53">
							<String ID="string_145" HPOS="374" VPOS="986" WIDTH="149" HEIGHT="36" WC="0.96" CONTENT="verkets"/><SP WIDTH="46" VPOS="986" HPOS="523"/>
							<String ID="string_146" HPOS="569" VPOS="986" WIDTH="225" HEIGHT="37" WC="0.96" CONTENT="inrättande."/><SP WIDTH="60" VPOS="986" HPOS="794"/>
							<String ID="string_147" HPOS="854" VPOS="987" WIDTH="193" HEIGHT="36" WC="0.94" CONTENT="Utskottet"/><SP WIDTH="48" VPOS="987" HPOS="1047"/>
							<String ID="string_148" HPOS="1095" VPOS="1001" WIDTH="111" HEIGHT="23" WC="0.95" CONTENT="anser"/><SP WIDTH="43" VPOS="1001" HPOS="1206"/>
							<String ID="string_149" HPOS="1249" VPOS="989" WIDTH="116" HEIGHT="45" WC="0.94" CONTENT="alltså,"/><SP WIDTH="45" VPOS="989" HPOS="1365"/>
							<String ID="string_150" HPOS="1410" VPOS="994" WIDTH="53" HEIGHT="30" WC="0.96" CONTENT="att"/><SP WIDTH="41" VPOS="994" HPOS="1463"/>
							<String ID="string_151" HPOS="1504" VPOS="989" WIDTH="303" HEIGHT="47" WC="0.94" CONTENT="tjänstemännen"/><SP WIDTH="43" VPOS="989" HPOS="1807"/>
							<String ID="string_152" HPOS="1850" VPOS="992" WIDTH="122" HEIGHT="47" WC="0.95" CONTENT="ifråga"/>
						</TextLine>
						<TextLine ID="line_17" HPOS="374" VPOS="1038" WIDTH="1097" HEIGHT="50">
							<String ID="string_153" HPOS="374" VPOS="1038" WIDTH="92" HEIGHT="35" WC="0.96" CONTENT="böra"/><SP WIDTH="29" VPOS="1038" HPOS="466"/>
							<String ID="string_154" HPOS="495" VPOS="1038" WIDTH="140" HEIGHT="36" WC="0.92" CONTENT="erhålla"/><SP WIDTH="29" VPOS="1038" HPOS="635"/>
							<String ID="string_155" HPOS="664" VPOS="1039" WIDTH="181" HEIGHT="48" WC="0.92" CONTENT="avlöning"/><SP WIDTH="28" VPOS="1039" HPOS="845"/>
							<String ID="string_156" HPOS="873" VPOS="1040" WIDTH="120" HEIGHT="47" WC="0.93" CONTENT="enligt"/><SP WIDTH="28" VPOS="1040" HPOS="993"/>
							<String ID="string_157" HPOS="1021" VPOS="1039" WIDTH="118" HEIGHT="36" WC="0.86" CONTENT="audra"/><SP WIDTH="29" VPOS="1039" HPOS="1139"/>
							<String ID="string_158" HPOS="1168" VPOS="1040" WIDTH="303" HEIGHT="48" WC="0.90" CONTENT="normalgraden."/>
						</TextLine>
					</TextBlock>
					<TextBlock ID="block_3" HPOS="374" VPOS="1089" WIDTH="1598" HEIGHT="410">
						<TextLine ID="line_18" HPOS="506" VPOS="1089" WIDTH="1465" HEIGHT="49">
							<String ID="string_159" HPOS="506" VPOS="1089" WIDTH="212" HEIGHT="49" WC="0.95" CONTENT="Självfallet"/><SP WIDTH="19" VPOS="1089" HPOS="718"/>
							<String ID="string_160" HPOS="737" VPOS="1095" WIDTH="51" HEIGHT="38" WC="0.96" CONTENT="är,"/><SP WIDTH="19" VPOS="1095" HPOS="788"/>
							<String ID="string_161" HPOS="807" VPOS="1095" WIDTH="52" HEIGHT="31" WC="0.96" CONTENT="att"/><SP WIDTH="21" VPOS="1095" HPOS="859"/>
							<String ID="string_162" HPOS="880" VPOS="1091" WIDTH="45" HEIGHT="35" WC="0.96" CONTENT="de"/><SP WIDTH="20" VPOS="1091" HPOS="925"/>
							<String ID="string_163" HPOS="945" VPOS="1091" WIDTH="245" HEIGHT="47" WC="0.95" CONTENT="tjänstemän,"/><SP WIDTH="15" VPOS="1091" HPOS="1190"/>
							<String ID="string_164" HPOS="1205" VPOS="1105" WIDTH="80" HEIGHT="22" WC="0.96" CONTENT="som"/><SP WIDTH="19" VPOS="1105" HPOS="1285"/>
							<String ID="string_165" HPOS="1304" VPOS="1092" WIDTH="97" HEIGHT="35" WC="0.96" CONTENT="varit"/><SP WIDTH="20" VPOS="1092" HPOS="1401"/>
							<String ID="string_166" HPOS="1421" VPOS="1092" WIDTH="117" HEIGHT="36" WC="0.96" CONTENT="förste"/><SP WIDTH="25" VPOS="1092" HPOS="1538"/>
							<String ID="string_167" HPOS="1563" VPOS="1092" WIDTH="185" HEIGHT="37" WC="0.95" CONTENT="revisorer"/><SP WIDTH="15" VPOS="1092" HPOS="1748"/>
							<String ID="string_168" HPOS="1763" VPOS="1094" WIDTH="11" HEIGHT="34" WC="0.93" CONTENT="i"/><SP WIDTH="16" VPOS="1094" HPOS="1774"/>
							<String ID="string_169" HPOS="1790" VPOS="1093" WIDTH="181" HEIGHT="37" WC="0.92" CONTENT="kammar-"/>
						</TextLine>
						<TextLine ID="line_19" HPOS="374" VPOS="1141" WIDTH="1598" HEIGHT="51">
							<String ID="string_170" HPOS="374" VPOS="1145" WIDTH="137" HEIGHT="43" WC="0.96" CONTENT="rätten,"/><SP WIDTH="30" VPOS="1145" HPOS="511"/>
							<String ID="string_171" HPOS="541" VPOS="1141" WIDTH="89" HEIGHT="36" WC="0.96" CONTENT="böra"/><SP WIDTH="31" VPOS="1141" HPOS="630"/>
							<String ID="string_172" HPOS="661" VPOS="1142" WIDTH="94" HEIGHT="36" WC="0.96" CONTENT="efter"/><SP WIDTH="28" VPOS="1142" HPOS="755"/>
							<String ID="string_173" HPOS="783" VPOS="1143" WIDTH="229" HEIGHT="46" WC="0.95" CONTENT="utnämning"/><SP WIDTH="28" VPOS="1143" HPOS="1012"/>
							<String ID="string_174" HPOS="1040" VPOS="1142" WIDTH="55" HEIGHT="35" WC="0.96" CONTENT="till"/><SP WIDTH="28" VPOS="1142" HPOS="1095"/>
							<String ID="string_175" HPOS="1123" VPOS="1143" WIDTH="118" HEIGHT="35" WC="0.96" CONTENT="förste"/><SP WIDTH="28" VPOS="1143" HPOS="1241"/>
							<String ID="string_176" HPOS="1269" VPOS="1144" WIDTH="186" HEIGHT="35" WC="0.96" CONTENT="revisorer"/><SP WIDTH="27" VPOS="1144" HPOS="1455"/>
							<String ID="string_177" HPOS="1482" VPOS="1144" WIDTH="12" HEIGHT="35" WC="0.92" CONTENT="i"/><SP WIDTH="28" VPOS="1144" HPOS="1494"/>
							<String ID="string_178" HPOS="1522" VPOS="1144" WIDTH="450" HEIGHT="48" WC="0.91" CONTENT="riksräkenskapsverket"/>
						</TextLine>
						<TextLine ID="line_20" HPOS="375" VPOS="1192" WIDTH="1595" HEIGHT="53">
							<String ID="string_179" HPOS="375" VPOS="1194" WIDTH="58" HEIGHT="34" WC="0.96" CONTENT="för"/><SP WIDTH="27" VPOS="1194" HPOS="433"/>
							<String ID="string_180" HPOS="460" VPOS="1192" WIDTH="190" HEIGHT="37" WC="0.96" CONTENT="vinnande"/><SP WIDTH="29" VPOS="1192" HPOS="650"/>
							<String ID="string_181" HPOS="679" VPOS="1207" WIDTH="47" HEIGHT="21" WC="0.92" CONTENT="av"/><SP WIDTH="28" VPOS="1207" HPOS="726"/>
							<String ID="string_182" HPOS="754" VPOS="1194" WIDTH="263" HEIGHT="48" WC="0.92" CONTENT="ålderstillägg"/><SP WIDTH="28" VPOS="1194" HPOS="1017"/>
							<String ID="string_183" HPOS="1045" VPOS="1195" WIDTH="11" HEIGHT="34" WC="0.96" CONTENT="i"/><SP WIDTH="30" VPOS="1195" HPOS="1056"/>
							<String ID="string_184" HPOS="1086" VPOS="1194" WIDTH="71" HEIGHT="35" WC="0.96" CONTENT="den"/><SP WIDTH="29" VPOS="1194" HPOS="1157"/>
							<String ID="string_185" HPOS="1186" VPOS="1208" WIDTH="75" HEIGHT="34" WC="0.96" CONTENT="nya"/><SP WIDTH="30" VPOS="1208" HPOS="1261"/>
							<String ID="string_186" HPOS="1291" VPOS="1195" WIDTH="165" HEIGHT="48" WC="0.96" CONTENT="tjänsten"/><SP WIDTH="29" VPOS="1195" HPOS="1456"/>
							<String ID="string_187" HPOS="1485" VPOS="1195" WIDTH="36" HEIGHT="36" WC="0.96" CONTENT="få"/><SP WIDTH="28" VPOS="1195" HPOS="1521"/>
							<String ID="string_188" HPOS="1549" VPOS="1196" WIDTH="119" HEIGHT="35" WC="0.96" CONTENT="räkna"/><SP WIDTH="29" VPOS="1196" HPOS="1668"/>
							<String ID="string_189" HPOS="1697" VPOS="1197" WIDTH="61" HEIGHT="47" WC="0.96" CONTENT="sig"/><SP WIDTH="28" VPOS="1197" HPOS="1758"/>
							<String ID="string_190" HPOS="1786" VPOS="1196" WIDTH="55" HEIGHT="36" WC="0.96" CONTENT="till"/><SP WIDTH="30" VPOS="1196" HPOS="1841"/>
							<String ID="string_191" HPOS="1871" VPOS="1197" WIDTH="99" HEIGHT="48" WC="0.95" CONTENT="godo"/>
						</TextLine>
						<TextLine ID="line_21" HPOS="375" VPOS="1244" WIDTH="1596" HEIGHT="50">
							<String ID="string_192" HPOS="375" VPOS="1244" WIDTH="306" HEIGHT="48" WC="0.96" CONTENT="tjänstgöringen"/><SP WIDTH="37" VPOS="1244" HPOS="681"/>
							<String ID="string_193" HPOS="718" VPOS="1245" WIDTH="11" HEIGHT="35" WC="0.67" CONTENT="i"/><SP WIDTH="28" VPOS="1245" HPOS="729"/>
							<String ID="string_194" HPOS="757" VPOS="1245" WIDTH="306" HEIGHT="36" WC="0.96" CONTENT="kammarrätten."/><SP WIDTH="58" VPOS="1245" HPOS="1063"/>
							<String ID="string_195" HPOS="1121" VPOS="1246" WIDTH="53" HEIGHT="35" WC="0.96" CONTENT="På"/><SP WIDTH="28" VPOS="1246" HPOS="1174"/>
							<String ID="string_196" HPOS="1202" VPOS="1247" WIDTH="123" HEIGHT="47" WC="0.87" CONTENT="grund"/><SP WIDTH="29" VPOS="1247" HPOS="1325"/>
							<String ID="string_197" HPOS="1354" VPOS="1260" WIDTH="46" HEIGHT="22" WC="0.96" CONTENT="av"/><SP WIDTH="33" VPOS="1260" HPOS="1400"/>
							<String ID="string_198" HPOS="1433" VPOS="1247" WIDTH="224" HEIGHT="47" WC="0.96" CONTENT="riksdagens"/><SP WIDTH="28" VPOS="1247" HPOS="1657"/>
							<String ID="string_199" HPOS="1685" VPOS="1248" WIDTH="115" HEIGHT="36" WC="0.96" CONTENT="redan"/><SP WIDTH="30" VPOS="1248" HPOS="1800"/>
							<String ID="string_200" HPOS="1830" VPOS="1248" WIDTH="141" HEIGHT="37" WC="0.96" CONTENT="fattade"/>
						</TextLine>
						<TextLine ID="line_22" HPOS="375" VPOS="1295" WIDTH="1597" HEIGHT="53">
							<String ID="string_201" HPOS="375" VPOS="1295" WIDTH="125" HEIGHT="36" WC="0.96" CONTENT="beslut"/><SP WIDTH="40" VPOS="1295" HPOS="500"/>
							<String ID="string_202" HPOS="540" VPOS="1296" WIDTH="85" HEIGHT="35" WC="0.96" CONTENT="med"/><SP WIDTH="44" VPOS="1296" HPOS="625"/>
							<String ID="string_203" HPOS="669" VPOS="1296" WIDTH="208" HEIGHT="48" WC="0.96" CONTENT="anledning"/><SP WIDTH="41" VPOS="1296" HPOS="877"/>
							<String ID="string_204" HPOS="918" VPOS="1311" WIDTH="47" HEIGHT="21" WC="0.96" CONTENT="av"/><SP WIDTH="41" VPOS="1311" HPOS="965"/>
							<String ID="string_205" HPOS="1006" VPOS="1297" WIDTH="286" HEIGHT="48" WC="0.95" CONTENT="propositionen"/><SP WIDTH="32" VPOS="1297" HPOS="1292"/>
							<String ID="string_206" HPOS="1324" VPOS="1312" WIDTH="44" HEIGHT="21" WC="0.88" CONTENT="ur"/><SP WIDTH="30" VPOS="1312" HPOS="1368"/>
							<String ID="string_207" HPOS="1398" VPOS="1299" WIDTH="71" HEIGHT="35" WC="0.96" CONTENT="359"/><SP WIDTH="31" VPOS="1299" HPOS="1469"/>
							<String ID="string_208" HPOS="1500" VPOS="1299" WIDTH="85" HEIGHT="35" WC="0.95" CONTENT="med"/><SP WIDTH="29" VPOS="1299" HPOS="1585"/>
							<String ID="string_209" HPOS="1614" VPOS="1300" WIDTH="145" HEIGHT="48" WC="0.96" CONTENT="förslag"/><SP WIDTH="28" VPOS="1300" HPOS="1759"/>
							<String ID="string_210" HPOS="1787" VPOS="1300" WIDTH="56" HEIGHT="35" WC="0.96" CONTENT="till"/><SP WIDTH="27" VPOS="1300" HPOS="1843"/>
							<String ID="string_211" HPOS="1870" VPOS="1301" WIDTH="102" HEIGHT="35" WC="0.96" CONTENT="vissa"/>
						</TextLine>
						<TextLine ID="line_23" HPOS="376" VPOS="1347" WIDTH="1595" HEIGHT="51">
							<String ID="string_212" HPOS="376" VPOS="1347" WIDTH="283" HEIGHT="36" WC="0.96" CONTENT="bestämmelser"/><SP WIDTH="29" VPOS="1347" HPOS="659"/>
							<String ID="string_213" HPOS="688" VPOS="1348" WIDTH="194" HEIGHT="48" WC="0.93" CONTENT="angående"/><SP WIDTH="29" VPOS="1348" HPOS="882"/>
							<String ID="string_214" HPOS="911" VPOS="1348" WIDTH="263" HEIGHT="49" WC="0.89" CONTENT="ålderstillägg"/><SP WIDTH="19" VPOS="1348" HPOS="1174"/>
							<String ID="string_215" HPOS="1193" VPOS="1349" WIDTH="59" HEIGHT="35" WC="0.96" CONTENT="för"/><SP WIDTH="20" VPOS="1349" HPOS="1252"/>
							<String ID="string_216" HPOS="1272" VPOS="1349" WIDTH="106" HEIGHT="36" WC="0.93" CONTENT="civila"/><SP WIDTH="20" VPOS="1349" HPOS="1378"/>
							<String ID="string_217" HPOS="1398" VPOS="1349" WIDTH="378" HEIGHT="49" WC="0.91" CONTENT="befattningshavare"/><SP WIDTH="21" VPOS="1349" HPOS="1776"/>
							<String ID="string_218" HPOS="1797" VPOS="1352" WIDTH="11" HEIGHT="34" WC="0.96" CONTENT="i"/><SP WIDTH="21" VPOS="1352" HPOS="1808"/>
							<String ID="string_219" HPOS="1829" VPOS="1358" WIDTH="142" HEIGHT="30" WC="0.96" CONTENT="statens"/>
						</TextLine>
						<TextLine ID="line_24" HPOS="376" VPOS="1399" WIDTH="1594" HEIGHT="51">
							<String ID="string_220" HPOS="376" VPOS="1399" WIDTH="116" HEIGHT="47" WC="0.96" CONTENT="tjänst"/><SP WIDTH="27" VPOS="1399" HPOS="492"/>
							<String ID="string_221" HPOS="519" VPOS="1399" WIDTH="95" HEIGHT="36" WC="0.96" CONTENT="lärer"/><SP WIDTH="28" VPOS="1399" HPOS="614"/>
							<String ID="string_222" HPOS="642" VPOS="1399" WIDTH="204" HEIGHT="36" WC="0.96" CONTENT="emellertid"/><SP WIDTH="22" VPOS="1399" HPOS="846"/>
							<String ID="string_223" HPOS="868" VPOS="1400" WIDTH="151" HEIGHT="36" WC="0.96" CONTENT="särskilt"/><SP WIDTH="19" VPOS="1400" HPOS="1019"/>
							<String ID="string_224" HPOS="1038" VPOS="1400" WIDTH="124" HEIGHT="36" WC="0.96" CONTENT="beslut"/><SP WIDTH="19" VPOS="1400" HPOS="1162"/>
							<String ID="string_225" HPOS="1181" VPOS="1401" WIDTH="232" HEIGHT="36" WC="0.96" CONTENT="beträffande"/><SP WIDTH="20" VPOS="1401" HPOS="1413"/>
							<String ID="string_226" HPOS="1433" VPOS="1414" WIDTH="49" HEIGHT="22" WC="0.96" CONTENT="nu"/><SP WIDTH="21" VPOS="1414" HPOS="1482"/>
							<String ID="string_227" HPOS="1503" VPOS="1401" WIDTH="290" HEIGHT="48" WC="0.93" CONTENT="ifrågavarande"/><SP WIDTH="22" VPOS="1401" HPOS="1793"/>
							<String ID="string_228" HPOS="1815" VPOS="1403" WIDTH="155" HEIGHT="47" WC="0.91" CONTENT="tjänste-"/>
						</TextLine>
						<TextLine ID="line_25" HPOS="376" VPOS="1450" WIDTH="1094" HEIGHT="49">
							<String ID="string_229" HPOS="376" VPOS="1455" WIDTH="106" HEIGHT="30" WC="0.92" CONTENT="mäns"/><SP WIDTH="29" VPOS="1455" HPOS="482"/>
							<String ID="string_230" HPOS="511" VPOS="1450" WIDTH="494" HEIGHT="49" WC="0.91" CONTENT="ålderstilläggsberäkning"/><SP WIDTH="27" VPOS="1450" HPOS="1005"/>
							<String ID="string_231" HPOS="1032" VPOS="1452" WIDTH="82" HEIGHT="35" WC="0.96" CONTENT="icke"/><SP WIDTH="28" VPOS="1452" HPOS="1114"/>
							<String ID="string_232" HPOS="1142" VPOS="1466" WIDTH="91" HEIGHT="22" WC="0.96" CONTENT="vara"/><SP WIDTH="29" VPOS="1466" HPOS="1233"/>
							<String ID="string_233" HPOS="1262" VPOS="1466" WIDTH="47" HEIGHT="22" WC="0.96" CONTENT="av"/><SP WIDTH="27" VPOS="1466" HPOS="1309"/>
							<String ID="string_234" HPOS="1336" VPOS="1453" WIDTH="134" HEIGHT="36" WC="0.96" CONTENT="nöden."/>
						</TextLine>
					</TextBlock>
					<TextBlock ID="block_4" HPOS="374" VPOS="1502" WIDTH="1597" HEIGHT="666">
						<TextLine ID="line_26" HPOS="507" VPOS="1502" WIDTH="1464" HEIGHT="51">
							<String ID="string_235" HPOS="507" VPOS="1502" WIDTH="242" HEIGHT="36" WC="0.95" CONTENT="Beträffande"/><SP WIDTH="43" VPOS="1502" HPOS="749"/>
							<String ID="string_236" HPOS="792" VPOS="1503" WIDTH="45" HEIGHT="35" WC="0.95" CONTENT="de"/><SP WIDTH="39" VPOS="1503" HPOS="837"/>
							<String ID="string_237" HPOS="876" VPOS="1503" WIDTH="215" HEIGHT="48" WC="0.95" CONTENT="föreslagna"/><SP WIDTH="43" VPOS="1503" HPOS="1091"/>
							<String ID="string_238" HPOS="1134" VPOS="1506" WIDTH="48" HEIGHT="33" WC="0.94" CONTENT="34"/><SP WIDTH="42" VPOS="1506" HPOS="1182"/>
							<String ID="string_239" HPOS="1224" VPOS="1504" WIDTH="187" HEIGHT="36" WC="0.94" CONTENT="ordinarie"/><SP WIDTH="42" VPOS="1504" HPOS="1411"/>
							<String ID="string_240" HPOS="1453" VPOS="1505" WIDTH="304" HEIGHT="48" WC="0.95" CONTENT="tjänstemännen"/><SP WIDTH="42" VPOS="1505" HPOS="1757"/>
							<String ID="string_241" HPOS="1799" VPOS="1507" WIDTH="12" HEIGHT="34" WC="0.95" CONTENT="i"/><SP WIDTH="41" VPOS="1507" HPOS="1811"/>
							<String ID="string_242" HPOS="1852" VPOS="1507" WIDTH="119" HEIGHT="35" WC="0.95" CONTENT="första"/>
						</TextLine>
						<TextLine ID="line_27" HPOS="376" VPOS="1553" WIDTH="1594" HEIGHT="52">
							<String ID="string_243" HPOS="376" VPOS="1553" WIDTH="241" HEIGHT="48" WC="0.90" CONTENT="lönegraden,"/><SP WIDTH="42" VPOS="1553" HPOS="617"/>
							<String ID="string_244" HPOS="659" VPOS="1554" WIDTH="246" HEIGHT="45" WC="0.96" CONTENT="revisorerna,"/><SP WIDTH="43" VPOS="1554" HPOS="905"/>
							<String ID="string_245" HPOS="948" VPOS="1555" WIDTH="157" HEIGHT="36" WC="0.95" CONTENT="innebär"/><SP WIDTH="43" VPOS="1555" HPOS="1105"/>
							<String ID="string_246" HPOS="1148" VPOS="1556" WIDTH="181" HEIGHT="48" WC="0.93" CONTENT="förslaget"/><SP WIDTH="41" VPOS="1556" HPOS="1329"/>
							<String ID="string_247" HPOS="1370" VPOS="1556" WIDTH="227" HEIGHT="35" WC="0.85" CONTENT="härutinnan"/><SP WIDTH="43" VPOS="1556" HPOS="1597"/>
							<String ID="string_248" HPOS="1640" VPOS="1556" WIDTH="116" HEIGHT="48" WC="0.96" CONTENT="ingen"/><SP WIDTH="29" VPOS="1556" HPOS="1756"/>
							<String ID="string_249" HPOS="1785" VPOS="1558" WIDTH="185" HEIGHT="47" WC="0.95" CONTENT="ökning"/><SP WIDTH="-23" VPOS="1558" HPOS="1970"/>
							<String ID="string_250" HPOS="1947" VPOS="1549" WIDTH="27" HEIGHT="60" WC="0.95" CONTENT="i"/>
						</TextLine>
						<TextLine ID="line_28" HPOS="376" VPOS="1604" WIDTH="1594" HEIGHT="48">
							<String ID="string_251" HPOS="376" VPOS="1604" WIDTH="45" HEIGHT="36" WC="0.92" CONTENT="de"/><SP WIDTH="28" VPOS="1604" HPOS="421"/>
							<String ID="string_252" HPOS="449" VPOS="1604" WIDTH="282" HEIGHT="48" WC="0.90" CONTENT="arbetskrafter,"/><SP WIDTH="39" VPOS="1604" HPOS="731"/>
							<String ID="string_253" HPOS="770" VPOS="1618" WIDTH="80" HEIGHT="23" WC="0.96" CONTENT="som"/><SP WIDTH="29" VPOS="1618" HPOS="850"/>
							<String ID="string_254" HPOS="879" VPOS="1620" WIDTH="51" HEIGHT="21" WC="0.93" CONTENT="nu"/><SP WIDTH="30" VPOS="1620" HPOS="930"/>
							<String ID="string_255" HPOS="960" VPOS="1607" WIDTH="203" HEIGHT="35" WC="0.90" CONTENT="förefinnas"/><SP WIDTH="28" VPOS="1607" HPOS="1163"/>
							<String ID="string_256" HPOS="1191" VPOS="1607" WIDTH="90" HEIGHT="36" WC="0.96" CONTENT="eller"/><SP WIDTH="27" VPOS="1607" HPOS="1281"/>
							<String ID="string_257" HPOS="1308" VPOS="1607" WIDTH="192" HEIGHT="36" WC="0.96" CONTENT="befunnits"/><SP WIDTH="30" VPOS="1607" HPOS="1500"/>
							<String ID="string_258" HPOS="1530" VPOS="1608" WIDTH="90" HEIGHT="35" WC="0.96" CONTENT="böra"/><SP WIDTH="29" VPOS="1608" HPOS="1620"/>
							<String ID="string_259" HPOS="1649" VPOS="1610" WIDTH="178" HEIGHT="35" WC="0.96" CONTENT="anställas"/><SP WIDTH="28" VPOS="1610" HPOS="1827"/>
							<String ID="string_260" HPOS="1855" VPOS="1609" WIDTH="115" HEIGHT="36" WC="0.96" CONTENT="redan"/>
						</TextLine>
						<TextLine ID="line_29" HPOS="376" VPOS="1656" WIDTH="1595" HEIGHT="50">
							<String ID="string_261" HPOS="376" VPOS="1656" WIDTH="118" HEIGHT="36" WC="0.96" CONTENT="under"/><SP WIDTH="42" VPOS="1656" HPOS="494"/>
							<String ID="string_262" HPOS="536" VPOS="1657" WIDTH="72" HEIGHT="35" WC="0.96" CONTENT="den"/><SP WIDTH="43" VPOS="1657" HPOS="608"/>
							<String ID="string_263" HPOS="651" VPOS="1657" WIDTH="216" HEIGHT="37" WC="0.93" CONTENT="nuvarande"/><SP WIDTH="42" VPOS="1657" HPOS="867"/>
							<String ID="string_264" HPOS="909" VPOS="1658" WIDTH="321" HEIGHT="48" WC="0.95" CONTENT="organisationen."/><SP WIDTH="57" VPOS="1658" HPOS="1230"/>
							<String ID="string_265" HPOS="1287" VPOS="1658" WIDTH="104" HEIGHT="37" WC="0.95" CONTENT="Dock"/><SP WIDTH="42" VPOS="1658" HPOS="1391"/>
							<String ID="string_266" HPOS="1433" VPOS="1659" WIDTH="118" HEIGHT="36" WC="0.95" CONTENT="skulle"/><SP WIDTH="44" VPOS="1659" HPOS="1551"/>
							<String ID="string_267" HPOS="1595" VPOS="1661" WIDTH="20" HEIGHT="33" WC="0.96" CONTENT="6"/><SP WIDTH="44" VPOS="1661" HPOS="1615"/>
							<String ID="string_268" HPOS="1659" VPOS="1664" WIDTH="104" HEIGHT="32" WC="0.95" CONTENT="extra"/><SP WIDTH="26" VPOS="1664" HPOS="1763"/>
							<String ID="string_269" HPOS="1789" VPOS="1661" WIDTH="182" HEIGHT="36" WC="0.96" CONTENT="revisorer"/>
						</TextLine>
						<TextLine ID="line_30" HPOS="376" VPOS="1707" WIDTH="1594" HEIGHT="53">
							<String ID="string_270" HPOS="376" VPOS="1707" WIDTH="204" HEIGHT="49" WC="0.89" CONTENT="uppflyttas"/><SP WIDTH="40" VPOS="1707" HPOS="580"/>
							<String ID="string_271" HPOS="620" VPOS="1715" WIDTH="20" HEIGHT="29" WC="0.90" CONTENT="å"/><SP WIDTH="43" VPOS="1715" HPOS="640"/>
							<String ID="string_272" HPOS="683" VPOS="1709" WIDTH="186" HEIGHT="36" WC="0.95" CONTENT="ordinarie"/><SP WIDTH="42" VPOS="1709" HPOS="869"/>
							<String ID="string_273" HPOS="911" VPOS="1715" WIDTH="84" HEIGHT="30" WC="0.93" CONTENT="stat."/><SP WIDTH="56" VPOS="1715" HPOS="995"/>
							<String ID="string_274" HPOS="1051" VPOS="1710" WIDTH="215" HEIGHT="36" WC="0.86" CONTENT="Bibehållas"/><SP WIDTH="35" VPOS="1710" HPOS="1266"/>
							<String ID="string_275" HPOS="1301" VPOS="1719" WIDTH="19" HEIGHT="27" WC="0.90" CONTENT="å"/><SP WIDTH="29" VPOS="1719" HPOS="1320"/>
							<String ID="string_276" HPOS="1349" VPOS="1716" WIDTH="105" HEIGHT="30" WC="0.96" CONTENT="extra"/><SP WIDTH="30" VPOS="1716" HPOS="1454"/>
							<String ID="string_277" HPOS="1484" VPOS="1716" WIDTH="73" HEIGHT="30" WC="0.96" CONTENT="stat"/><SP WIDTH="29" VPOS="1716" HPOS="1557"/>
							<String ID="string_278" HPOS="1586" VPOS="1711" WIDTH="122" HEIGHT="35" WC="0.96" CONTENT="skulle"/><SP WIDTH="28" VPOS="1711" HPOS="1708"/>
							<String ID="string_279" HPOS="1736" VPOS="1712" WIDTH="184" HEIGHT="48" WC="0.92" CONTENT="därjämte"/><SP WIDTH="31" VPOS="1712" HPOS="1920"/>
							<String ID="string_280" HPOS="1951" VPOS="1715" WIDTH="19" HEIGHT="33" WC="0.80" CONTENT="$"/>
						</TextLine>
						<TextLine ID="line_31" HPOS="374" VPOS="1759" WIDTH="1596" HEIGHT="51">
							<String ID="string_281" HPOS="374" VPOS="1759" WIDTH="194" HEIGHT="36" WC="0.95" CONTENT="revisorer."/><SP WIDTH="57" VPOS="1759" HPOS="568"/>
							<String ID="string_282" HPOS="625" VPOS="1760" WIDTH="81" HEIGHT="35" WC="0.96" CONTENT="Mot"/><SP WIDTH="27" VPOS="1760" HPOS="706"/>
							<String ID="string_283" HPOS="733" VPOS="1761" WIDTH="248" HEIGHT="36" WC="0.96" CONTENT="förevarande"/><SP WIDTH="29" VPOS="1761" HPOS="981"/>
							<String ID="string_284" HPOS="1010" VPOS="1762" WIDTH="143" HEIGHT="47" WC="0.96" CONTENT="förslag"/><SP WIDTH="28" VPOS="1762" HPOS="1153"/>
							<String ID="string_285" HPOS="1181" VPOS="1762" WIDTH="68" HEIGHT="35" WC="0.96" CONTENT="har"/><SP WIDTH="28" VPOS="1762" HPOS="1249"/>
							<String ID="string_286" HPOS="1277" VPOS="1762" WIDTH="183" HEIGHT="36" WC="0.95" CONTENT="utskottet"/><SP WIDTH="28" VPOS="1762" HPOS="1460"/>
							<String ID="string_287" HPOS="1488" VPOS="1762" WIDTH="133" HEIGHT="36" WC="0.96" CONTENT="endast"/><SP WIDTH="25" VPOS="1762" HPOS="1621"/>
							<String ID="string_288" HPOS="1646" VPOS="1763" WIDTH="81" HEIGHT="35" WC="0.96" CONTENT="haft"/><SP WIDTH="28" VPOS="1763" HPOS="1727"/>
							<String ID="string_289" HPOS="1755" VPOS="1770" WIDTH="54" HEIGHT="29" WC="0.96" CONTENT="att"/><SP WIDTH="28" VPOS="1770" HPOS="1809"/>
							<String ID="string_290" HPOS="1837" VPOS="1764" WIDTH="133" HEIGHT="46" WC="0.96" CONTENT="erinra,"/>
						</TextLine>
						<TextLine ID="line_32" HPOS="376" VPOS="1810" WIDTH="1595" HEIGHT="51">
							<String ID="string_291" HPOS="376" VPOS="1815" WIDTH="52" HEIGHT="30" WC="0.95" CONTENT="att"/><SP WIDTH="41" VPOS="1815" HPOS="428"/>
							<String ID="string_292" HPOS="469" VPOS="1810" WIDTH="69" HEIGHT="37" WC="0.96" CONTENT="den"/><SP WIDTH="44" VPOS="1810" HPOS="538"/>
							<String ID="string_293" HPOS="582" VPOS="1811" WIDTH="187" HEIGHT="36" WC="0.93" CONTENT="ordinarie"/><SP WIDTH="40" VPOS="1811" HPOS="769"/>
							<String ID="string_294" HPOS="809" VPOS="1813" WIDTH="295" HEIGHT="48" WC="0.91" CONTENT="revisorstjänst,"/><SP WIDTH="42" VPOS="1813" HPOS="1104"/>
							<String ID="string_295" HPOS="1146" VPOS="1826" WIDTH="81" HEIGHT="22" WC="0.96" CONTENT="som"/><SP WIDTH="41" VPOS="1826" HPOS="1227"/>
							<String ID="string_296" HPOS="1268" VPOS="1818" WIDTH="207" HEIGHT="32" WC="0.95" CONTENT="motsvaras"/><SP WIDTH="30" VPOS="1818" HPOS="1475"/>
							<String ID="string_297" HPOS="1505" VPOS="1827" WIDTH="45" HEIGHT="22" WC="0.96" CONTENT="av"/><SP WIDTH="29" VPOS="1827" HPOS="1550"/>
							<String ID="string_298" HPOS="1579" VPOS="1827" WIDTH="46" HEIGHT="22" WC="0.96" CONTENT="en"/><SP WIDTH="30" VPOS="1827" HPOS="1625"/>
							<String ID="string_299" HPOS="1655" VPOS="1820" WIDTH="105" HEIGHT="30" WC="0.95" CONTENT="extra"/><SP WIDTH="27" VPOS="1820" HPOS="1760"/>
							<String ID="string_300" HPOS="1787" VPOS="1816" WIDTH="146" HEIGHT="35" WC="0.96" CONTENT="revisor"/><SP WIDTH="27" VPOS="1816" HPOS="1933"/>
							<String ID="string_301" HPOS="1960" VPOS="1817" WIDTH="11" HEIGHT="33" WC="0.96" CONTENT="i"/>
						</TextLine>
						<TextLine ID="line_33" HPOS="376" VPOS="1862" WIDTH="1592" HEIGHT="52">
							<String ID="string_302" HPOS="376" VPOS="1862" WIDTH="286" HEIGHT="47" WC="0.96" CONTENT="statskontoret,"/><SP WIDTH="43" VPOS="1862" HPOS="662"/>
							<String ID="string_303" HPOS="705" VPOS="1876" WIDTH="111" HEIGHT="35" WC="0.96" CONTENT="synes"/><SP WIDTH="42" VPOS="1876" HPOS="816"/>
							<String ID="string_304" HPOS="858" VPOS="1865" WIDTH="130" HEIGHT="35" WC="0.96" CONTENT="kunna"/><SP WIDTH="41" VPOS="1865" HPOS="988"/>
							<String ID="string_305" HPOS="1029" VPOS="1865" WIDTH="185" HEIGHT="35" WC="0.95" CONTENT="uteslutas"/><SP WIDTH="42" VPOS="1865" HPOS="1214"/>
							<String ID="string_306" HPOS="1256" VPOS="1865" WIDTH="82" HEIGHT="35" WC="0.89" CONTENT="från"/><SP WIDTH="42" VPOS="1865" HPOS="1338"/>
							<String ID="string_307" HPOS="1380" VPOS="1865" WIDTH="466" HEIGHT="49" WC="0.89" CONTENT="riksräkenskapsverkets"/><SP WIDTH="37" VPOS="1865" HPOS="1846"/>
							<String ID="string_308" HPOS="1883" VPOS="1873" WIDTH="85" HEIGHT="30" WC="0.95" CONTENT="stat."/>
						</TextLine>
						<TextLine ID="line_34" HPOS="379" VPOS="1912" WIDTH="1591" HEIGHT="54">
							<String ID="string_309" HPOS="379" VPOS="1912" WIDTH="128" HEIGHT="49" WC="0.28" CONTENT="Hagda"/><SP WIDTH="41" VPOS="1912" HPOS="507"/>
							<String ID="string_310" HPOS="548" VPOS="1914" WIDTH="229" HEIGHT="48" WC="0.95" CONTENT="tjänsteman"/><SP WIDTH="44" VPOS="1914" HPOS="777"/>
							<String ID="string_311" HPOS="821" VPOS="1916" WIDTH="119" HEIGHT="36" WC="0.96" CONTENT="skulle"/><SP WIDTH="43" VPOS="1916" HPOS="940"/>
							<String ID="string_312" HPOS="983" VPOS="1916" WIDTH="96" HEIGHT="35" WC="0.96" CONTENT="hava"/><SP WIDTH="41" VPOS="1916" HPOS="1079"/>
							<String ID="string_313" HPOS="1120" VPOS="1917" WIDTH="57" HEIGHT="34" WC="0.93" CONTENT="till"/><SP WIDTH="30" VPOS="1917" HPOS="1177"/>
							<String ID="string_314" HPOS="1207" VPOS="1917" WIDTH="203" HEIGHT="48" WC="0.89" CONTENT="åliggande"/><SP WIDTH="30" VPOS="1917" HPOS="1410"/>
							<String ID="string_315" HPOS="1440" VPOS="1923" WIDTH="53" HEIGHT="29" WC="0.92" CONTENT="att"/><SP WIDTH="27" VPOS="1923" HPOS="1493"/>
							<String ID="string_316" HPOS="1520" VPOS="1922" WIDTH="173" HEIGHT="44" WC="0.92" CONTENT="uppgöra"/><SP WIDTH="28" VPOS="1922" HPOS="1693"/>
							<String ID="string_317" HPOS="1721" VPOS="1919" WIDTH="102" HEIGHT="35" WC="0.93" CONTENT="vissa"/><SP WIDTH="29" VPOS="1919" HPOS="1823"/>
							<String ID="string_318" HPOS="1852" VPOS="1919" WIDTH="118" HEIGHT="36" WC="0.92" CONTENT="förut-"/>
						</TextLine>
						<TextLine ID="line_35" HPOS="375" VPOS="1964" WIDTH="1595" HEIGHT="53">
							<String ID="string_319" HPOS="375" VPOS="1964" WIDTH="255" HEIGHT="49" WC="0.94" CONTENT="beräkningar"/><SP WIDTH="43" VPOS="1964" HPOS="630"/>
							<String ID="string_320" HPOS="673" VPOS="1967" WIDTH="197" HEIGHT="47" WC="0.91" CONTENT="angående"/><SP WIDTH="42" VPOS="1967" HPOS="870"/>
							<String ID="string_321" HPOS="912" VPOS="1968" WIDTH="247" HEIGHT="36" WC="0.91" CONTENT="statsverkets"/><SP WIDTH="47" VPOS="1968" HPOS="1159"/>
							<String ID="string_322" HPOS="1206" VPOS="1968" WIDTH="209" HEIGHT="36" WC="0.96" CONTENT="inkomster"/><SP WIDTH="41" VPOS="1968" HPOS="1415"/>
							<String ID="string_323" HPOS="1456" VPOS="1969" WIDTH="69" HEIGHT="35" WC="0.94" CONTENT="och"/><SP WIDTH="41" VPOS="1969" HPOS="1525"/>
							<String ID="string_324" HPOS="1566" VPOS="1969" WIDTH="169" HEIGHT="48" WC="0.94" CONTENT="utgifter."/><SP WIDTH="56" VPOS="1969" HPOS="1735"/>
							<String ID="string_325" HPOS="1791" VPOS="1970" WIDTH="73" HEIGHT="36" WC="0.91" CONTENT="Det"/><SP WIDTH="41" VPOS="1970" HPOS="1864"/>
							<String ID="string_326" HPOS="1905" VPOS="1971" WIDTH="65" HEIGHT="34" WC="0.91" CONTENT="vill"/>
						</TextLine>
						<TextLine ID="line_36" HPOS="377" VPOS="2017" WIDTH="1593" HEIGHT="51">
							<String ID="string_327" HPOS="377" VPOS="2029" WIDTH="115" HEIGHT="35" WC="0.96" CONTENT="synas"/><SP WIDTH="41" VPOS="2029" HPOS="492"/>
							<String ID="string_328" HPOS="533" VPOS="2017" WIDTH="197" HEIGHT="47" WC="0.95" CONTENT="utskottet,"/><SP WIDTH="44" VPOS="2017" HPOS="730"/>
							<String ID="string_329" HPOS="774" VPOS="2024" WIDTH="53" HEIGHT="30" WC="0.95" CONTENT="att"/><SP WIDTH="42" VPOS="2024" HPOS="827"/>
							<String ID="string_330" HPOS="869" VPOS="2019" WIDTH="123" HEIGHT="36" WC="0.96" CONTENT="denna"/><SP WIDTH="28" VPOS="2019" HPOS="992"/>
							<String ID="string_331" HPOS="1020" VPOS="2019" WIDTH="153" HEIGHT="49" WC="0.96" CONTENT="uppgift"/><SP WIDTH="29" VPOS="2019" HPOS="1173"/>
							<String ID="string_332" HPOS="1202" VPOS="2020" WIDTH="121" HEIGHT="35" WC="0.96" CONTENT="skulle"/><SP WIDTH="36" VPOS="2020" HPOS="1323"/>
							<String ID="string_333" HPOS="1359" VPOS="2020" WIDTH="129" HEIGHT="36" WC="0.93" CONTENT="kunna"/><SP WIDTH="24" VPOS="2020" HPOS="1488"/>
							<String ID="string_334" HPOS="1512" VPOS="2025" WIDTH="200" HEIGHT="43" WC="0.90" CONTENT="övertagas"/><SP WIDTH="39" VPOS="2025" HPOS="1712"/>
							<String ID="string_335" HPOS="1751" VPOS="2035" WIDTH="45" HEIGHT="22" WC="0.93" CONTENT="av"/><SP WIDTH="36" VPOS="2035" HPOS="1796"/>
							<String ID="string_336" HPOS="1832" VPOS="2022" WIDTH="138" HEIGHT="35" WC="0.92" CONTENT="finans-"/>
						</TextLine>
						<TextLine ID="line_37" HPOS="376" VPOS="2068" WIDTH="1594" HEIGHT="53">
							<String ID="string_337" HPOS="376" VPOS="2068" WIDTH="318" HEIGHT="47" WC="0.93" CONTENT="departementets"/><SP WIDTH="29" VPOS="2068" HPOS="694"/>
							<String ID="string_338" HPOS="723" VPOS="2069" WIDTH="251" HEIGHT="51" WC="0.90" CONTENT="budgetbyrå,"/><SP WIDTH="30" VPOS="2069" HPOS="974"/>
							<String ID="string_339" HPOS="1004" VPOS="2071" WIDTH="99" HEIGHT="36" WC="0.96" CONTENT="helst"/><SP WIDTH="28" VPOS="2071" HPOS="1103"/>
							<String ID="string_340" HPOS="1131" VPOS="2084" WIDTH="81" HEIGHT="22" WC="0.95" CONTENT="som"/><SP WIDTH="31" VPOS="2084" HPOS="1212"/>
							<String ID="string_341" HPOS="1243" VPOS="2071" WIDTH="62" HEIGHT="36" WC="0.96" CONTENT="det"/><SP WIDTH="24" VPOS="2071" HPOS="1305"/>
							<String ID="string_342" HPOS="1329" VPOS="2072" WIDTH="57" HEIGHT="35" WC="0.96" CONTENT="för"/><SP WIDTH="19" VPOS="2072" HPOS="1386"/>
							<String ID="string_343" HPOS="1405" VPOS="2072" WIDTH="288" HEIGHT="47" WC="0.96" CONTENT="ifrågavarande"/><SP WIDTH="20" VPOS="2072" HPOS="1693"/>
							<String ID="string_344" HPOS="1713" VPOS="2072" WIDTH="257" HEIGHT="49" WC="0.96" CONTENT="beräkningar"/>
						</TextLine>
						<TextLine ID="line_38" HPOS="375" VPOS="2120" WIDTH="1594" HEIGHT="48">
							<String ID="string_345" HPOS="375" VPOS="2120" WIDTH="245" HEIGHT="48" WC="0.95" CONTENT="erforderliga"/><SP WIDTH="41" VPOS="2120" HPOS="620"/>
							<String ID="string_346" HPOS="661" VPOS="2122" WIDTH="209" HEIGHT="35" WC="0.95" CONTENT="materialet"/><SP WIDTH="41" VPOS="2122" HPOS="870"/>
							<String ID="string_347" HPOS="911" VPOS="2123" WIDTH="11" HEIGHT="35" WC="0.96" CONTENT="i"/><SP WIDTH="42" VPOS="2123" HPOS="922"/>
							<String ID="string_348" HPOS="964" VPOS="2123" WIDTH="197" HEIGHT="35" WC="0.96" CONTENT="huvudsak"/><SP WIDTH="37" VPOS="2123" HPOS="1161"/>
							<String ID="string_349" HPOS="1198" VPOS="2125" WIDTH="120" HEIGHT="34" WC="0.96" CONTENT="måste"/><SP WIDTH="28" VPOS="2125" HPOS="1318"/>
							<String ID="string_350" HPOS="1346" VPOS="2123" WIDTH="152" HEIGHT="36" WC="0.96" CONTENT="särskilt"/><SP WIDTH="29" VPOS="2123" HPOS="1498"/>
							<String ID="string_351" HPOS="1527" VPOS="2123" WIDTH="57" HEIGHT="36" WC="0.96" CONTENT="för"/><SP WIDTH="28" VPOS="2123" HPOS="1584"/>
							<String ID="string_352" HPOS="1612" VPOS="2124" WIDTH="213" HEIGHT="37" WC="0.91" CONTENT="ändamålet"/><SP WIDTH="29" VPOS="2124" HPOS="1825"/>
							<String ID="string_353" HPOS="1854" VPOS="2125" WIDTH="115" HEIGHT="35" WC="0.91" CONTENT="inför-"/>
						</TextLine>
					</TextBlock>
				</ComposedBlock>
				<ComposedBlock ID="cblock_2" HPOS="375" VPOS="2171" WIDTH="1590" HEIGHT="88">
					<TextBlock ID="block_5" HPOS="375" VPOS="2171" WIDTH="1590" HEIGHT="88">
						<TextLine ID="line_39" HPOS="376" VPOS="2171" WIDTH="1589" HEIGHT="53">
							<String ID="string_354" HPOS="376" VPOS="2171" WIDTH="151" HEIGHT="36" WC="0.92" CONTENT="skaffas."/><SP WIDTH="55" VPOS="2171" HPOS="527"/>
							<String ID="string_355" HPOS="582" VPOS="2172" WIDTH="155" HEIGHT="36" WC="0.93" CONTENT="Antalet"/><SP WIDTH="29" VPOS="2172" HPOS="737"/>
							<String ID="string_356" HPOS="766" VPOS="2182" WIDTH="19" HEIGHT="26" WC="0.93" CONTENT="å"/><SP WIDTH="29" VPOS="2182" HPOS="785"/>
							<String ID="string_357" HPOS="814" VPOS="2174" WIDTH="187" HEIGHT="36" WC="0.72" CONTENT="ordinarie"/><SP WIDTH="28" VPOS="2174" HPOS="1001"/>
							<String ID="string_358" HPOS="1029" VPOS="2179" WIDTH="75" HEIGHT="31" WC="0.96" CONTENT="stat"/><SP WIDTH="28" VPOS="2179" HPOS="1104"/>
							<String ID="string_359" HPOS="1132" VPOS="2174" WIDTH="186" HEIGHT="49" WC="0.96" CONTENT="uppförda"/><SP WIDTH="29" VPOS="2174" HPOS="1318"/>
							<String ID="string_360" HPOS="1347" VPOS="2175" WIDTH="185" HEIGHT="36" WC="0.96" CONTENT="revisorer"/><SP WIDTH="27" VPOS="2175" HPOS="1532"/>
							<String ID="string_361" HPOS="1559" VPOS="2175" WIDTH="170" HEIGHT="37" WC="0.96" CONTENT="minskas"/><SP WIDTH="20" VPOS="2175" HPOS="1729"/>
							<String ID="string_362" HPOS="1749" VPOS="2177" WIDTH="216" HEIGHT="47" WC="0.94" CONTENT="härigenom"/>
						</TextLine>
						<TextLine ID="line_40" HPOS="375" VPOS="2223" WIDTH="329" HEIGHT="36">
							<String ID="string_363" HPOS="375" VPOS="2223" WIDTH="80" HEIGHT="34" WC="0.92" CONTENT="från"/><SP WIDTH="31" VPOS="2223" HPOS="455"/>
							<String ID="string_364" HPOS="486" VPOS="2225" WIDTH="46" HEIGHT="33" WC="0.96" CONTENT="34"/><SP WIDTH="31" VPOS="2225" HPOS="532"/>
							<String ID="string_365" HPOS="563" VPOS="2224" WIDTH="52" HEIGHT="35" WC="0.96" CONTENT="till"/><SP WIDTH="31" VPOS="2224" HPOS="615"/>
							<String ID="string_366" HPOS="646" VPOS="2226" WIDTH="58" HEIGHT="33" WC="0.96" CONTENT="33."/>
						</TextLine>
					</TextBlock>
				</ComposedBlock>
			</PrintSpace>
		</Page>
	</Layout>
</alto>
