2202 2624
719 145 249 33 Stutsutskoltets
993 142 161 32 utlåtande
1178 141 52 32 Nr
1257 141 69 30 107.
1745 134 18 29 å

210 230 60 31 och
305 228 147 40 utgifter,
487 229 86 29 samt
607 225 160 40 därjämte
790 223 145 41 granska
959 221 59 32 och
1043 220 83 32 efter
1150 218 129 33 samråd
1304 217 72 31 med
1402 215 240 33 vederbörande
1666 213 142 32 ämbets-

210 273 79 32 verk
324 271 120 32 föreslå
478 269 156 33 formulär
669 269 50 31 för
753 268 38 31 de
827 266 230 41 räkenskaper,
1095 263 87 32 vilka
1216 263 51 31 för
1291 259 286 34 rikshuvudboken
1601 257 93 32 skola
1721 256 90 40 ligga

211 316 49 32 till
283 316 119 40 grund;

342 361 51 29 att
415 358 11 31 i
449 357 144 41 enlighet
615 356 73 31 med
711 354 216 37 föreskrifter,
952 362 68 22 som
1046 362 40 20 av
1111 350 116 40 Kungl.
1253 348 94 40 Maj:t
1371 346 187 35 meddelats,
1584 344 123 41 ärligen
1731 354 79 30 upp-

212 405 89 30 rätta
325 403 60 31 och
409 401 51 31 till
484 401 131 40 trycket
638 399 152 31 befordra
813 408 39 21 en
875 396 126 40 liggare
1018 399 76 27 över
1111 392 219 34 statsverkets
1347 389 347 43 specialutgiftsstater
1711 398 40 20 m.
1769 397 41 20 m.

214 445 238 42 (statsliggare)
488 449 153 26 ävensom
675 443 50 31 för
748 441 92 40 varje
864 441 36 30 år
924 440 154 40 upprätta
1102 437 59 31 och
1187 436 49 32 till
1260 434 243 33 vederbörande
1526 432 7 31 i
1560 432 63 40 god
1647 431 46 31 tid
1718 435 94 27 över-

213 489 102 32 sända
337 491 105 29 stater
466 487 50 31 för
540 487 103 31 rikets
666 484 154 40 samtliga
843 484 68 36 län;

346 533 49 30 att
419 532 19 30 å
461 531 60 30 den
551 529 136 41 löpande
711 526 293 42 kronouppbörden
1028 526 99 29 utöva
1149 521 143 32 kontroll
1316 531 115 29 genom
1457 518 201 41 granskning
1681 517 68 31 dels
1774 526 39 21 av

214 577 38 30 de
286 575 74 31 från
394 575 94 30 linen
523 573 61 32 och
618 571 207 33 Stockholms
849 570 74 31 stad
948 568 124 40 årligen
1094 565 159 41 ingående
1277 563 176 32 relationer
1477 573 51 20 om
1553 560 219 33 restantierna
1797 560 16 30 å

214 617 303 42 kronouppbörden,
553 621 78 26 över
665 615 89 31 vilka
788 612 230 39 sammandrag
1053 610 84 32 skall
1170 612 163 37 uppgöras
1357 607 51 31 för
1432 608 49 29 att
1504 605 51 31 till
1579 604 117 39 Kungl.
1720 602 96 40 Maj:t

215 662 128 41 ingivas
365 661 108 32 tillika
496 660 72 31 med
592 658 176 33 berättelse
792 668 52 21 om
868 655 166 40 befintliga
1056 652 290 43 propriebalanser,
1373 650 59 31 och
1456 649 68 31 dels
1548 659 40 20 av
1605 648 38 31 de
1660 646 156 32 likaledes

216 707 73 31 från
312 706 96 31 länen
432 704 60 32 och
516 703 208 33 Stockholms
748 701 73 32 stad
845 698 228 34 inkommande
1097 696 104 40 årliga
1225 692 435 42 bevillningssammandrag,
1678 694 139 27 varöver

216 752 50 30 ett
299 747 365 42 generalsammandrag
698 745 84 32 skall
816 745 172 41 upprättas
1023 742 50 30 för
1097 742 50 30 att
1169 749 118 31 genom
1312 737 257 32 statskontorets
1593 735 129 39 försorg
1745 733 71 31 från

217 793 133 41 trycket
371 791 131 41 utgivas
526 791 61 31 och
611 790 72 32 med
708 789 164 32 allmänna
895 786 207 39 tidningarna
1126 783 140 36 utdelas;
1294 783 86 30 samt

349 837 59 36 att,
444 835 111 31 därest
577 834 55 32 vid
667 832 177 42 uppbörds-
870 831 59 31 och
954 827 322 42 redogörelseverket
1299 826 108 38 någon
1431 822 180 41 oriktighet
1635 821 181 32 förefinnes,

218 891 70 21 som
312 880 11 31 i
347 878 240 33 administrativ
621 881 65 36 väg
720 877 27 40 ej
784 876 66 31 kan
886 873 179 41 avhjälpas,
1102 871 188 31 överlämna
1324 868 135 32 ärendet
1492 866 51 32 till
1578 863 241 34 vederbörande

220 921 321 42 ämbetsmyndighet
563 922 52 30 för
637 921 76 39 laga
737 919 68 32 åtal
828 918 60 32 och
915 915 193 42 avgörande.

350 966 247 32 Statskontoret
631 963 124 41 åligger
790 962 62 32 ock
886 963 51 30 att
959 964 102 37 pröva
1085 956 220 40 ansökningar
1329 965 50 21 om
1404 953 134 42 pension
1562 952 51 32 för
1632 950 188 43 justitieråd

220 1011 61 32 och
304 1009 227 41 regeringsråd
566 1009 86 31 samt
686 1018 52 21 om
772 1004 136 43 pension
940 1003 102 40 enligt
1070 1002 95 40 lagen
1190 999 167 41 angående
1381 997 97 33 civila
1500 995 321 42 tjänstinnehavares

221 1056 67 31 rätt
322 1054 51 32 till
407 1052 134 43 pension
564 1052 10 31 i
599 1051 38 32 de
671 1051 67 38 fall,
774 1050 41 32 då
849 1048 91 41 dylik
963 1046 134 43 pension
1121 1044 103 41 enligt
1250 1044 39 31 13
1314 1043 17 40 $
1355 1042 10 31 i
1389 1051 124 22 samma
1536 1040 56 40 lag
1615 1038 84 33 skall
1723 1038 99 32 sökas

221 1098 59 32 hos
305 1097 249 33 statskontoret.

352 1142 176 31 Dessutom
553 1144 36 27 är
612 1138 241 32 statskontoret
876 1134 162 42 skyldigt:

354 1187 50 30 att
438 1183 124 41 årligen
597 1182 29 41 ej
662 1181 134 38 mindre,
825 1181 37 31 så
885 1181 92 30 snart
1000 1175 287 34 rikshuvudboken
1310 1171 116 33 hunnit
1449 1170 157 38 avslutas,
1632 1169 50 32 till
1703 1167 118 41 Kungl.

223 1229 94 42 Maj:t
339 1228 167 32 inkomma
528 1227 73 31 med
625 1225 177 33 berättelse
826 1234 52 21 om
902 1221 220 34 statsverkets
1145 1218 157 39 ställning
1324 1216 56 32 vid
1404 1214 195 41 föregående
1623 1214 54 31 års
1701 1213 65 31 slut
1783 1216 41 27 än

223 1278 83 27 även
329 1272 52 32 till
404 1271 133 41 trycket
559 1270 152 32 befordra
734 1268 61 32 och
818 1268 71 31 före
912 1268 62 30 den
1000 1267 14 30 1
1041 1263 136 33 oktober
1201 1262 51 32 till
1267 1260 119 41 Kungl.
1404 1259 93 40 Maj:t
1513 1257 136 32 insända
1665 1258 49 31 ett
1729 1255 94 41 kapi-

223 1317 150 32 talkonto
407 1315 51 32 till
490 1313 296 37 rikshuvudboken,
812 1312 110 31 avsett
946 1311 50 30 att
1019 1308 167 31 avlämnas
1211 1305 51 33 till
1285 1305 42 31 då
1350 1302 206 33 förestående
1579 1299 245 37 statsrevision;

355 1361 51 31 att
440 1358 91 41 varje
566 1359 37 30 år
637 1357 69 31 före
740 1356 62 31 den
829 1355 37 31 15
891 1352 169 33 december
1082 1350 51 32 till
1156 1349 118 40 Kungl.
1298 1347 97 41 Maj:t
1417 1346 166 32 inkomma
1606 1345 73 31 med
1702 1343 124 39 förslag

225 1404 50 32 till
298 1402 208 33 beräknande
542 1412 41 21 av
606 1399 220 33 statsverkets
854 1398 180 31 inkomster
1056 1394 54 32 vid
1134 1395 75 29 näst
1233 1392 142 40 följande
1399 1388 251 40 statsreglering
1673 1392 153 27 ävensom

225 1448 73 31 med
334 1445 234 43 upplysningar
602 1444 137 32 rörande
774 1441 225 33 förhållanden
1022 1439 10 31 i
1057 1437 109 40 övrigt
1200 1447 40 21 av
1272 1433 224 34 beskaffenhet
1519 1434 51 30 att
1593 1432 80 31 böra
1695 1430 134 40 bringas

226 1491 51 33 till
310 1490 119 41 Kungl.
465 1489 111 41 Maj:ts
609 1488 183 32 kännedom
815 1486 11 31 i
850 1485 61 32 och
941 1484 50 32 för
1014 1481 209 43 uppgörande
1248 1491 40 20 av
1312 1476 244 44 propositionen
1579 1475 51 32 till
1654 1474 175 41 riksdagen

228 1535 166 41 angående
419 1533 220 33 statsverkets
663 1531 147 33 tillstånd
834 1529 61 32 och
919 1528 121 34 behov;

359 1580 60 37 att,
454 1577 42 42 på
528 1578 69 30 sätt
620 1575 135 33 särskilt
779 1578 36 28 är
838 1573 79 32 eller
940 1572 117 31 varder
1080 1568 142 41 stadgat,
1247 1565 205 40 tillhandagå
1474 1563 194 41 riksdagens
1691 1563 139 31 statsut-

227 1623 92 32 skott
342 1622 62 32 och
426 1620 162 33 revisorer
617 1620 73 31 med
713 1617 119 41 nödiga
856 1615 243 43 upplysningar,
1123 1611 223 40 räkenskaper
1370 1609 61 32 och
1453 1607 195 40 handlingar
1671 1607 86 31 samt
1781 1606 50 31 att

227 1665 250 34 tillhandahålla
495 1664 154 32 cheferna
671 1664 51 30 för
745 1660 354 42 statsdepartementen
1122 1657 38 31 de
1185 1654 245 43 upplysningar,
1453 1652 91 32 vilka
1568 1661 42 22 av
1634 1650 71 32 dem
1720 1650 112 31 kunna

228 1710 163 33 infordras
425 1708 137 33 rörande
597 1706 219 33 statsverkets
849 1705 182 31 inkomster
1064 1701 61 32 och
1159 1699 138 41 utgifter
1332 1708 41 21 m.
1410 1707 52 28 m.,
1499 1706 70 22 som
1598 1694 131 32 därmed
1754 1697 78 37 äger

230 1753 253 41 sammanhang;
508 1752 61 32 och

362 1798 50 31 att
434 1797 92 40 varje
549 1795 117 32 halvår
688 1793 87 32 inom
798 1794 62 31 den
887 1792 37 31 15
946 1789 131 43 januari
1100 1787 61 33 och
1184 1787 61 31 den
1272 1786 38 30 15
1332 1784 62 42 juli
1416 1783 69 32 låta
1508 1792 116 32 genom
1642 1780 110 33 därtill
1768 1780 64 32 för-

231 1841 122 33 ordnad
386 1840 142 32 ämbets-
563 1839 79 32 eller
676 1838 199 40 tjänsteman
909 1833 180 33 verkställa
1123 1829 207 40 inventering
1358 1839 41 21 av
1421 1830 110 38 mynt-
1556 1826 60 32 och
1637 1824 196 42 justerings-

230 1885 134 33 verkets
387 1883 187 41 behållning
598 1893 41 21 av
662 1883 130 39 myntat
815 1880 60 32 och
900 1879 150 40 omyntat
1073 1876 85 40 guld,
1177 1874 108 37 silver,
1302 1873 135 41 koppar,
1456 1870 85 38 zink,
1565 1872 77 29 tenn
1660 1868 60 33 och
1736 1868 98 31 brons

232 1934 154 28 ävensom
410 1926 48 34 av
475 1928 73 31 dess
571 1927 109 38 kassa,
705 1926 86 31 samt
814 1924 138 31 däröver
975 1921 51 33 till
1049 1919 117 40 Kungl.
1190 1918 95 41 Maj:t
1309 1916 111 41 ingiva
1443 1913 186 33 berättelse.

364 1972 264 33 Statskontorets
651 1969 139 41 styrelse
813 1970 133 38 utgöres
971 1977 40 21 av
1035 1975 39 22 en
1096 1960 290 44 generaldirektör,
1412 1960 106 31 såsom
1544 1957 77 32 chef
1641 1956 51 32 för
1707 1955 127 38 verket,

233 2017 61 32 och
332 2016 65 32 fem
433 2012 340 38 statskommissårier,
809 2013 108 30 såsom
952 2010 179 31 ledamöter
1154 2007 11 31 i
1189 2004 163 42 styrelsen
1387 2003 60 32 och
1483 2002 121 38 chefer,
1629 2011 59 21 var
1710 2000 53 32 för
1786 1998 51 33 sin

234 2061 91 41 byrå,
359 2059 164 40 nämligen
558 2069 40 21 en
627 2057 51 32 för
701 2056 192 40 fondbyrån,
918 2065 39 21 en
980 2053 51 32 för
1053 2053 106 30 första
1182 2048 234 42 utgiftsbyrån,
1440 2057 40 21 en
1503 2046 51 32 för
1578 2045 100 32 andra
1701 2042 134 42 utgifts-

232 2105 113 41 byrån,
371 2114 39 22 en
433 2103 51 32 för
506 2102 105 40 tredje
636 2100 222 41 utgiftsbyrån
882 2098 61 32 och
966 2108 39 20 en
1028 2096 52 32 för
1103 2088 333 49 riksbokslutsbyrån.

365 2145 346 41 Riksbokslutsbyrån,
747 2154 76 21 vars
856 2140 240 40 huvudsakliga
1131 2136 165 43 uppgifter
1320 2135 102 40 enligt
1445 2134 55 32 det
1522 2130 222 42 föreliggande
1768 2130 68 31 för-

235 2192 107 41 slaget
365 2191 94 33 skola
482 2190 195 39 överflyttas
699 2189 43 41 på
765 2183 399 43 riksräkenskapsverket,
1189 2181 60 32 har
1272 2179 137 33 särskilt
1432 2178 50 32 till
1506 2175 187 41 åliggande:
1719 2176 50 30 att
1785 2173 52 32 för

235 2236 94 42 varje
351 2236 38 31 år
412 2238 146 39 uppgöra
582 2233 70 39 och,
677 2233 37 31 så
736 2231 67 32 fort
826 2230 58 32 ske
908 2230 74 38 kan,
1007 2228 130 32 avsluta
1159 2223 257 38 rikshuvudbok,
1440 2222 73 32 med
1537 2220 113 41 tillsyn
1673 2219 88 38 därå,
1787 2219 51 30 att
