2188 2624
699 143 252 35 Statsutskottets
974 141 165 33 utlåtande
1166 140 50 35 Nr
1240 142 72 32 107.
1723 137 41 33 ä3

206 239 46 23 av
297 227 17 32 7
359 224 198 48 kvinnliga
597 222 172 38 biträden
809 221 34 48 (1
891 221 57 36 för
990 220 103 37 I—V
1130 218 296 46 Lhuvudtitlarna,
1465 219 21 33 3
1525 217 58 35 för
1613 214 196 39 VI—VHI

207 276 283 37 huvudtitlarna
531 275 70 37 och
639 277 21 34 3
703 274 59 37 för
803 273 134 47 övriga
974 271 240 49 utgiftstitlar
1248 270 69 36 och
1352 268 247 38 statsverkets
1628 267 182 37 inkomst-

207 328 131 47 titlar).

337 379 37 48 3)
403 378 238 37 Beträffande
683 377 71 36 den
796 376 171 37 formella
1004 373 400 49 bokföringstekniska
1439 371 69 37 och
1537 370 273 46 siffermässiga

208 429 323 49 (kalkulatoriska)
574 428 304 48 granskningen,
920 426 108 37 torde
1071 425 165 47 följande
1273 424 92 36 böra
1394 423 229 36 framhållas.
1679 421 132 47 Enligt

208 482 202 36 utskottets
438 480 177 48 yttrande
644 479 108 37 sidan
782 481 43 34 31
859 481 118 33 måste
1005 477 62 36 det
1095 477 131 44 tillses,
1244 480 56 32 att
1328 475 208 35 inkomster
1565 473 70 35 och
1654 472 157 48 utgifter

209 538 63 31 äro
302 532 107 36 förda
437 535 21 32 å
485 536 97 31 rätta
610 530 101 36 titlar
739 535 108 40 samt,
878 534 63 35 att,
971 541 61 23 om
1062 527 121 37 denna
1212 526 163 37 kontroll
1405 525 164 35 förlades
1598 524 94 37 efter
1719 523 92 37 bok-

209 585 124 44 slutet,
363 583 122 37 skulle
514 596 46 22 en
589 595 47 23 av
665 581 45 37 de
739 585 140 32 största
905 579 212 38 fördelarna
1136 578 85 36 med
1242 577 71 36 den
1333 576 206 47 månatliga
1559 574 254 47 bokföringen

210 634 101 38 bliva
339 633 226 50 outnyttjad.
612 632 224 38 Kontrollen
867 636 91 31 över
978 636 54 31 att
1051 630 207 36 inkomster
1278 628 71 36 och
1369 627 158 48 utgifter
1545 631 65 32 äro
1629 625 184 37 bokförda

210 690 21 33 å
270 691 97 32 rätta
404 686 105 36 titlar
547 687 117 35 måste
692 683 206 37 emellertid
927 682 109 48 tillgå
1065 684 52 43 så,
1148 686 54 31 att
1228 683 102 42 varje
1365 680 147 35 särskilt
1539 678 176 36 inkomst-
1744 676 69 38 och

210 737 276 49 utgiftsbelopp
506 738 11 35 i
537 735 446 50 primärräkenskaperna
1002 735 210 47 genomgåis
1227 733 11 35 i
1254 732 102 48 regel
1377 737 78 30 mot
1474 729 339 37 verifikationerna.

211 789 56 37 Då
295 790 111 36 dessa
435 794 127 43 poster
590 793 147 31 ensamt
765 787 58 37 för
851 786 142 48 Kungl.
1023 785 126 48 Maj:ts
1178 781 405 49 befallningshavande
1611 782 127 47 uppgå
1758 779 56 35 till

211 841 178 46 omkring
430 840 132 48 sjuttio
604 846 121 39 tusen,
755 839 69 36 och
862 838 48 36 då
947 837 72 36 den
1051 836 56 38 till
1134 835 95 37 buds
1258 834 153 37 stående
1441 833 101 36 tiden
1571 832 58 36 för
1656 831 159 48 gransk-

211 893 145 47 ningen
396 894 151 46 uppgår
587 890 56 36 till
683 890 180 47 omkring
904 890 48 34 20
993 889 130 47 dagar,
1165 886 190 37 erfordras
1397 885 57 36 för
1493 884 12 35 1
1541 882 274 49 frågavarande

212 943 240 49 granskning
480 955 47 24 en
555 941 245 49 synnerligen
829 947 80 29 stor
936 939 185 49 personal.
1169 937 210 48 Härvidlag
1391 941 41 31 är
1450 935 129 36 vidare
1598 939 54 31 att
1672 933 142 46 märka,

213 1001 53 31 att
307 995 72 36 den
416 994 185 49 personal,
635 1006 81 23 som
744 991 220 37 verkställer
992 989 286 50 granskningen
1307 991 118 33 måste
1453 991 73 44 äga
1555 1000 45 22 en
1628 985 188 49 ingående

211 1046 174 49 kunskap
427 1059 61 23 om
531 1045 46 36 de
615 1044 185 47 ändamål,
831 1044 59 35 för
918 1042 103 37 vilka
1049 1042 46 37 de
1123 1041 100 36 olika
1253 1040 183 48 anslagen
1464 1038 37 36 få
1528 1044 109 41 tagas
1665 1037 12 36 i
1706 1036 108 46 bruk,

213 1112 61 23 om
315 1096 301 50 riksdagstryck,
658 1109 60 24 om
756 1094 415 50 specialförfattningar
1199 1106 47 24 m.
1276 1105 49 23 m.
1382 1090 186 47 Slutligen
1597 1089 68 36 har
1693 1091 122 35 såsom

213 1163 98 24 ovan
340 1155 143 43 antytts
511 1149 12 36 i
552 1148 206 37 utskottets
785 1146 177 50 yttrande
992 1145 236 46 framhållits,
1246 1150 55 30 att
1328 1148 54 31 ett
1402 1141 224 50 inflyttande
1646 1153 46 24 av
1711 1140 105 37 kom-

215 1202 152 36 mitténs
395 1200 197 50 uppgifter
619 1200 11 36 i
659 1199 274 37 statskontoret
960 1211 91 23 vore
1078 1196 203 37 förbundet
1317 1194 85 37 med
1431 1199 102 31 stora
1562 1192 252 49 olägenheter.

213 1254 60 36 Av
313 1253 195 37 närslutna
548 1252 111 44 tablå,
701 1264 81 23 som
824 1250 146 37 utvisar
1010 1249 45 36 de
1094 1247 269 46 institutioner,
1393 1246 84 36 från
1514 1245 102 36 vilka
1642 1243 46 37 de
1717 1243 100 37 olika

213 1306 308 48 tjänstemännen
562 1304 120 36 skulle
723 1302 222 48 överflyttas
985 1300 59 37 till
1084 1300 62 36 det
1182 1312 75 35 nya
1293 1298 140 45 verket,
1463 1297 78 37 dels
1570 1296 95 36 huru
1694 1295 123 38 denna

215 1356 174 50 personal
418 1355 121 36 skulle
568 1355 163 37 fördelas
760 1357 21 34 å
808 1354 64 36 det
899 1366 75 35 nya
1002 1352 151 37 verkets
1182 1351 100 36 olika
1301 1350 145 48 byråer,
1467 1354 176 30 ävensom
1665 1360 44 23 av
1728 1359 90 35 upp-

215 1408 121 49 giften
365 1407 12 36 i
405 1407 298 49 propositionen,
733 1405 108 37 sidan
884 1406 86 43 212,
1000 1404 158 36 erhålles
1194 1401 208 37 emellertid
1440 1400 73 36 den
1541 1398 277 37 överraskande

214 1458 296 51 upplysningen,
539 1464 54 31 att
634 1471 51 23 nu
713 1455 290 50 ifrågavarande
1032 1453 391 50 granskningsarbete
1451 1451 121 37 skulle
1600 1450 143 39 utföras
1773 1462 46 23 av

216 1511 135 37 endast
393 1513 57 33 två
487 1511 95 43 från
618 1511 269 35 statskontorets
916 1507 329 45 riksbokslutsbyrå
1275 1505 55 37 till
1360 1504 61 37 det
1449 1516 76 36 nya
1551 1502 133 37 verket
1711 1506 108 31 över-

215 1563 156 49 flyttade
399 1562 198 38 revisorer.
653 1561 72 37 Det
753 1565 41 32 är
808 1559 207 38 emellertid
1038 1557 230 49 fullkomligt
1287 1555 214 47 otänkbart,
1523 1560 53 31 att
1596 1554 107 36 dessa
1723 1553 101 37 båda

216 1616 185 36 revisorer
443 1614 120 37 skulle
604 1614 127 36 kunna
764 1625 65 24 ens
858 1611 247 38 närmelsevis
1135 1610 115 36 hinna
1278 1610 190 47 genomgå
1497 1607 45 38 de
1570 1606 56 36 till
1653 1605 166 37 hundra-

216 1666 164 38 tusental
407 1666 228 49 uppgående
662 1665 183 36 inkomst-
874 1663 70 37 och
972 1662 324 49 utgiftsbeloppen
1324 1660 12 38 i
1360 1658 459 50 primärräkenskaperna.

217 1719 116 37 Deras
375 1717 127 38 arbete
543 1717 73 37 kan
652 1715 156 38 sålunda
835 1715 83 37 icke
945 1715 126 37 lämna
1097 1716 127 46 någon
1253 1725 81 24 som
1363 1711 99 37 helst
1488 1709 151 49 garanti
1667 1709 70 47 för,
1766 1713 55 32 att

217 1771 47 36 de
291 1771 13 37 i
331 1775 53 31 ett
426 1768 311 38 månadsbokslut
778 1767 187 49 ingående
1006 1766 186 49 beloppen
1225 1764 107 48 ligga
1364 1765 47 47 på
1443 1767 98 31 rätta
1568 1761 112 37 titlar.
1737 1760 83 36 Den

218 1821 170 38 formella
415 1821 288 49 granskningen
728 1822 116 34 måste
864 1818 158 36 sålunda
1040 1818 12 35 i
1071 1816 200 50 praktiken
1290 1814 305 48 huvudsakligen
1614 1811 207 38 inskränka

219 1875 60 47 sig
316 1874 55 36 till
400 1872 71 37 den
500 1872 293 47 kollationering
821 1884 46 23 av
895 1870 360 48 kassarapporterna
1282 1872 80 31 mot
1388 1865 308 49 räkenskaperna
1724 1868 99 34 samt

218 1927 72 36 den
319 1925 189 36 allmänna
536 1924 129 50 tillsyn
693 1928 91 32 över
802 1921 317 49 räkenskaperna,
1141 1933 79 23 som
1241 1919 74 36 kan
1335 1919 143 35 utföras
1498 1930 47 23 av
1565 1915 257 38 ovanberörda

222 1980 19 33 7
283 1976 413 48 bokföringsbiträden,
739 1974 184 49 möjligen
964 1972 84 37 med
1087 1986 45 23 en
1169 1969 386 48 arbetsförstärkning
1592 1981 45 22 av
1675 1973 52 31 ett
1753 1980 69 36 par

219 2028 201 49 kvinnliga
446 2028 173 36 biträden
648 2028 59 36 för
734 2032 104 31 extra
867 2025 102 49 hjälp
999 2024 71 37 och
1098 2023 235 48 summering
1351 2021 119 37 under
1489 2021 79 36 viss
1587 2021 149 35 kortare
1755 2018 65 36 tid.

350 2079 77 38 Går
467 2080 205 47 riksdagen
701 2080 36 35 in
767 2081 48 46 på
848 2077 74 37 den
951 2076 209 49 principen,
1189 2080 54 31 att
1270 2073 212 40 kontrollen
1510 2077 101 41 över,
1640 2070 183 38 huruvida

221 2133 209 38 inkomster
471 2131 71 38 och
582 2131 162 49 utgifter
784 2130 105 48 ligga
918 2131 21 34 å
966 2133 100 32 rätta
1093 2127 105 37 titlar
1226 2126 97 38 skall
1350 2138 90 23 vara
1469 2124 127 37 utförd
1619 2124 84 43 före
1731 2121 91 38 bok-

221 2185 202 49 föringen,
457 2186 118 35 måste
617 2196 48 24 en
693 2182 115 49 högst
837 2179 214 51 betydande
1080 2179 146 48 ökning
1253 2191 47 23 av
1327 2177 256 38 revisorernas
1612 2175 103 38 antal
1742 2174 81 38 vid-

221 2244 123 41 tagas.
401 2227 245 47 Önskemålet
675 2239 54 32 att
757 2233 177 49 förlägga
954 2245 49 24 nu
1023 2229 288 50 ifrågavarande
1330 2227 166 40 kontroll
1516 2228 79 36 före
1615 2226 208 39 bokslutets
