<?xml version="1.0" encoding="UTF-8"?>
<alto xmlns="http://www.loc.gov/standards/alto/ns-v3#" xmlns:xlink="http://www.w3.org/1999/xlink" xmlns:xsi="http://www.w3.org/2001/XMLSchema-instance" xsi:schemaLocation="http://www.loc.gov/standards/alto/ns-v3# http://www.loc.gov/alto/v3/alto-3-0.xsd">
	<Description>
		<MeasurementUnit>pixel</MeasurementUnit>
		<sourceImageInformation>
			<fileName>/tmp/tess_7rkljyoj_input.PNG</fileName>
		</sourceImageInformation>
		<OCRProcessing ID="OCR_0">
			<ocrProcessingStep>
				<processingSoftware>
					<softwareName>tesseract 5.3.0</softwareName>
				</processingSoftware>
			</ocrProcessingStep>
		</OCRProcessing>
	</Description>
	<Layout>
		<Page WIDTH="2196" HEIGHT="2630" PHYSICAL_IMG_NR="0" ID="page_0">
			<PrintSpace HPOS="0" VPOS="0" WIDTH="2196" HEIGHT="2630">
				<ComposedBlock ID="cblock_0" HPOS="419" VPOS="188" WIDTH="1092" HEIGHT="30">
					<TextBlock ID="block_0" HPOS="419" VPOS="188" WIDTH="1092" HEIGHT="30">
						<TextLine ID="line_0" HPOS="419" VPOS="188" WIDTH="1092" HEIGHT="30">
							<String ID="string_0" HPOS="419" VPOS="188" WIDTH="40" HEIGHT="30" WC="0.96" CONTENT="14"/><SP WIDTH="476" VPOS="188" HPOS="459"/>
							<String ID="string_1" HPOS="935" VPOS="189" WIDTH="232" HEIGHT="29" WC="0.90" CONTENT="Statsutskottets"/><SP WIDTH="30" VPOS="189" HPOS="1167"/>
							<String ID="string_2" HPOS="1197" VPOS="188" WIDTH="152" HEIGHT="30" WC="0.95" CONTENT="Utlåtande"/><SP WIDTH="28" VPOS="188" HPOS="1349"/>
							<String ID="string_3" HPOS="1377" VPOS="189" WIDTH="57" HEIGHT="28" WC="0.95" CONTENT="N:o"/><SP WIDTH="27" VPOS="189" HPOS="1434"/>
							<String ID="string_4" HPOS="1461" VPOS="190" WIDTH="50" HEIGHT="28" WC="0.95" CONTENT="52."/>
						</TextLine>
					</TextBlock>
				</ComposedBlock>
				<ComposedBlock ID="cblock_1" HPOS="415" VPOS="267" WIDTH="1600" HEIGHT="1979">
					<TextBlock ID="block_1" HPOS="415" VPOS="267" WIDTH="1599" HEIGHT="159">
						<TextLine ID="line_1" HPOS="415" VPOS="267" WIDTH="1599" HEIGHT="53">
							<String ID="string_5" HPOS="415" VPOS="268" WIDTH="85" HEIGHT="36" WC="0.96" CONTENT="råde"/><SP WIDTH="29" VPOS="268" HPOS="500"/>
							<String ID="string_6" HPOS="529" VPOS="268" WIDTH="113" HEIGHT="36" WC="0.96" CONTENT="borde"/><SP WIDTH="28" VPOS="268" HPOS="642"/>
							<String ID="string_7" HPOS="670" VPOS="267" WIDTH="116" HEIGHT="37" WC="0.96" CONTENT="såsom"/><SP WIDTH="28" VPOS="267" HPOS="786"/>
							<String ID="string_8" HPOS="814" VPOS="281" WIDTH="44" HEIGHT="22" WC="0.96" CONTENT="en"/><SP WIDTH="30" VPOS="281" HPOS="858"/>
							<String ID="string_9" HPOS="888" VPOS="269" WIDTH="224" HEIGHT="35" WC="0.96" CONTENT="kommunen"/><SP WIDTH="20" VPOS="269" HPOS="1112"/>
							<String ID="string_10" HPOS="1132" VPOS="268" WIDTH="167" HEIGHT="49" WC="0.96" CONTENT="tillhörig"/><SP WIDTH="19" VPOS="268" HPOS="1299"/>
							<String ID="string_11" HPOS="1318" VPOS="267" WIDTH="174" HEIGHT="52" WC="0.96" CONTENT="fastighet"/><SP WIDTH="20" VPOS="267" HPOS="1492"/>
							<String ID="string_12" HPOS="1512" VPOS="270" WIDTH="223" HEIGHT="50" WC="0.96" CONTENT="disponeras,"/><SP WIDTH="20" VPOS="270" HPOS="1735"/>
							<String ID="string_13" HPOS="1755" VPOS="269" WIDTH="92" HEIGHT="36" WC="0.93" CONTENT="hade"/><SP WIDTH="20" VPOS="269" HPOS="1847"/>
							<String ID="string_14" HPOS="1867" VPOS="269" WIDTH="147" HEIGHT="36" WC="0.92" CONTENT="domän-"/>
						</TextLine>
						<TextLine ID="line_2" HPOS="416" VPOS="321" WIDTH="1596" HEIGHT="51">
							<String ID="string_15" HPOS="416" VPOS="322" WIDTH="173" HEIGHT="49" WC="0.95" CONTENT="styrelsen"/><SP WIDTH="43" VPOS="322" HPOS="589"/>
							<String ID="string_16" HPOS="632" VPOS="321" WIDTH="58" HEIGHT="36" WC="0.95" CONTENT="för"/><SP WIDTH="42" VPOS="321" HPOS="690"/>
							<String ID="string_17" HPOS="732" VPOS="322" WIDTH="54" HEIGHT="35" WC="0.95" CONTENT="sin"/><SP WIDTH="42" VPOS="322" HPOS="786"/>
							<String ID="string_18" HPOS="828" VPOS="322" WIDTH="58" HEIGHT="36" WC="0.92" CONTENT="del"/><SP WIDTH="37" VPOS="322" HPOS="886"/>
							<String ID="string_19" HPOS="923" VPOS="322" WIDTH="144" HEIGHT="43" WC="0.92" CONTENT="biträdt,"/><SP WIDTH="29" VPOS="322" HPOS="1067"/>
							<String ID="string_20" HPOS="1096" VPOS="322" WIDTH="202" HEIGHT="48" WC="0.90" CONTENT="hvarjemte"/><SP WIDTH="29" VPOS="322" HPOS="1298"/>
							<String ID="string_21" HPOS="1327" VPOS="325" WIDTH="175" HEIGHT="47" WC="0.96" CONTENT="styrelsen"/><SP WIDTH="29" VPOS="325" HPOS="1502"/>
							<String ID="string_22" HPOS="1531" VPOS="324" WIDTH="198" HEIGHT="44" WC="0.96" CONTENT="meddelat,"/><SP WIDTH="28" VPOS="324" HPOS="1729"/>
							<String ID="string_23" HPOS="1757" VPOS="328" WIDTH="54" HEIGHT="31" WC="0.96" CONTENT="att"/><SP WIDTH="27" VPOS="328" HPOS="1811"/>
							<String ID="string_24" HPOS="1838" VPOS="324" WIDTH="174" HEIGHT="48" WC="0.96" CONTENT="styrelsen"/>
						</TextLine>
						<TextLine ID="line_3" HPOS="416" VPOS="375" WIDTH="1437" HEIGHT="63">
							<String ID="string_25" HPOS="416" VPOS="376" WIDTH="79" HEIGHT="35" WC="0.96" CONTENT="icke"/><SP WIDTH="29" VPOS="376" HPOS="495"/>
							<String ID="string_26" HPOS="524" VPOS="375" WIDTH="122" HEIGHT="36" WC="0.96" CONTENT="funnit"/><SP WIDTH="29" VPOS="375" HPOS="646"/>
							<String ID="string_27" HPOS="675" VPOS="375" WIDTH="112" HEIGHT="48" WC="0.96" CONTENT="något"/><SP WIDTH="28" VPOS="375" HPOS="787"/>
							<String ID="string_28" HPOS="815" VPOS="382" WIDTH="55" HEIGHT="28" WC="0.96" CONTENT="att"/><SP WIDTH="27" VPOS="382" HPOS="870"/>
							<String ID="string_29" HPOS="897" VPOS="376" WIDTH="120" HEIGHT="35" WC="0.95" CONTENT="erinra"/><SP WIDTH="29" VPOS="376" HPOS="1017"/>
							<String ID="string_30" HPOS="1046" VPOS="375" WIDTH="62" HEIGHT="35" WC="0.96" CONTENT="vid"/><SP WIDTH="31" VPOS="375" HPOS="1108"/>
							<String ID="string_31" HPOS="1139" VPOS="375" WIDTH="60" HEIGHT="35" WC="0.96" CONTENT="det"/><SP WIDTH="31" VPOS="375" HPOS="1199"/>
							<String ID="string_32" HPOS="1230" VPOS="377" WIDTH="208" HEIGHT="61" WC="0.96" CONTENT="uppgjorda"/><SP WIDTH="28" VPOS="377" HPOS="1438"/>
							<String ID="string_33" HPOS="1466" VPOS="376" WIDTH="387" HEIGHT="50" WC="0.90" CONTENT="regleringsförslaget."/>
						</TextLine>
					</TextBlock>
					<TextBlock ID="block_2" HPOS="415" VPOS="428" WIDTH="1600" HEIGHT="1121">
						<TextLine ID="line_4" HPOS="527" VPOS="428" WIDTH="1487" HEIGHT="68">
							<String ID="string_34" HPOS="527" VPOS="429" WIDTH="383" HEIGHT="48" WC="0.89" CONTENT="Kammarkollegium"/><SP WIDTH="36" VPOS="429" HPOS="910"/>
							<String ID="string_35" HPOS="946" VPOS="429" WIDTH="103" HEIGHT="44" WC="0.95" CONTENT="hade,"/><SP WIDTH="32" VPOS="429" HPOS="1049"/>
							<String ID="string_36" HPOS="1081" VPOS="429" WIDTH="96" HEIGHT="35" WC="0.96" CONTENT="hvad"/><SP WIDTH="31" VPOS="429" HPOS="1177"/>
							<String ID="string_37" HPOS="1208" VPOS="428" WIDTH="88" HEIGHT="37" WC="0.92" CONTENT="först"/><SP WIDTH="26" VPOS="428" HPOS="1296"/>
							<String ID="string_38" HPOS="1322" VPOS="431" WIDTH="157" HEIGHT="48" WC="0.92" CONTENT="anginge"/><SP WIDTH="28" VPOS="431" HPOS="1479"/>
							<String ID="string_39" HPOS="1507" VPOS="430" WIDTH="129" HEIGHT="66" WC="0.96" CONTENT="frågan"/><SP WIDTH="30" VPOS="430" HPOS="1636"/>
							<String ID="string_40" HPOS="1666" VPOS="444" WIDTH="60" HEIGHT="22" WC="0.92" CONTENT="om"/><SP WIDTH="31" VPOS="444" HPOS="1726"/>
							<String ID="string_41" HPOS="1757" VPOS="430" WIDTH="257" HEIGHT="49" WC="0.89" CONTENT="eganderätten"/>
						</TextLine>
						<TextLine ID="line_5" HPOS="417" VPOS="481" WIDTH="1597" HEIGHT="52">
							<String ID="string_42" HPOS="417" VPOS="483" WIDTH="59" HEIGHT="35" WC="0.96" CONTENT="till"/><SP WIDTH="29" VPOS="483" HPOS="476"/>
							<String ID="string_43" HPOS="505" VPOS="481" WIDTH="283" HEIGHT="50" WC="0.95" CONTENT="ifrågavarande"/><SP WIDTH="29" VPOS="481" HPOS="788"/>
							<String ID="string_44" HPOS="817" VPOS="482" WIDTH="161" HEIGHT="44" WC="0.95" CONTENT="område,"/><SP WIDTH="31" VPOS="482" HPOS="978"/>
							<String ID="string_45" HPOS="1009" VPOS="481" WIDTH="131" HEIGHT="44" WC="0.96" CONTENT="anfört,"/><SP WIDTH="31" VPOS="481" HPOS="1140"/>
							<String ID="string_46" HPOS="1171" VPOS="488" WIDTH="65" HEIGHT="39" WC="0.96" CONTENT="att,"/><SP WIDTH="31" VPOS="488" HPOS="1236"/>
							<String ID="string_47" HPOS="1267" VPOS="484" WIDTH="116" HEIGHT="48" WC="0.93" CONTENT="enligt"/><SP WIDTH="20" VPOS="484" HPOS="1383"/>
							<String ID="string_48" HPOS="1403" VPOS="485" WIDTH="150" HEIGHT="47" WC="0.90" CONTENT="kollegii"/><SP WIDTH="20" VPOS="485" HPOS="1553"/>
							<String ID="string_49" HPOS="1573" VPOS="484" WIDTH="104" HEIGHT="49" WC="0.90" CONTENT="åsigt,"/><SP WIDTH="19" VPOS="484" HPOS="1677"/>
							<String ID="string_50" HPOS="1696" VPOS="496" WIDTH="141" HEIGHT="24" WC="0.94" CONTENT="samma"/><SP WIDTH="19" VPOS="496" HPOS="1837"/>
							<String ID="string_51" HPOS="1856" VPOS="482" WIDTH="158" HEIGHT="44" WC="0.96" CONTENT="område,"/>
						</TextLine>
						<TextLine ID="line_6" HPOS="418" VPOS="512" WIDTH="1596" HEIGHT="74">
							<String ID="string_52" HPOS="418" VPOS="537" WIDTH="142" HEIGHT="35" WC="0.96" CONTENT="hvilket"/><SP WIDTH="18" VPOS="537" HPOS="560"/>
							<String ID="string_53" HPOS="578" VPOS="513" WIDTH="88" HEIGHT="59" WC="0.96" CONTENT="icke"/><SP WIDTH="29" VPOS="513" HPOS="666"/>
							<String ID="string_54" HPOS="695" VPOS="535" WIDTH="164" HEIGHT="37" WC="0.96" CONTENT="funnes"/><SP WIDTH="-19" VPOS="535" HPOS="859"/>
							<String ID="string_55" HPOS="840" VPOS="531" WIDTH="26" HEIGHT="57" WC="0.96" CONTENT="i"/><SP WIDTH="21" VPOS="531" HPOS="866"/>
							<String ID="string_56" HPOS="887" VPOS="512" WIDTH="291" HEIGHT="72" WC="0.92" CONTENT="jordeböckerna"/><SP WIDTH="30" VPOS="512" HPOS="1178"/>
							<String ID="string_57" HPOS="1208" VPOS="543" WIDTH="187" HEIGHT="41" WC="0.96" CONTENT="upptaget,"/><SP WIDTH="28" VPOS="543" HPOS="1395"/>
							<String ID="string_58" HPOS="1423" VPOS="538" WIDTH="192" HEIGHT="48" WC="0.96" CONTENT="rätteligen"/><SP WIDTH="30" VPOS="538" HPOS="1615"/>
							<String ID="string_59" HPOS="1645" VPOS="551" WIDTH="89" HEIGHT="22" WC="0.96" CONTENT="vore"/><SP WIDTH="29" VPOS="551" HPOS="1734"/>
							<String ID="string_60" HPOS="1763" VPOS="543" WIDTH="54" HEIGHT="30" WC="0.96" CONTENT="att"/><SP WIDTH="29" VPOS="543" HPOS="1817"/>
							<String ID="string_61" HPOS="1846" VPOS="537" WIDTH="168" HEIGHT="36" WC="0.96" CONTENT="betrakta"/>
						</TextLine>
						<TextLine ID="line_7" HPOS="416" VPOS="588" WIDTH="1596" HEIGHT="52">
							<String ID="string_62" HPOS="416" VPOS="589" WIDTH="116" HEIGHT="36" WC="0.95" CONTENT="såsom"/><SP WIDTH="43" VPOS="589" HPOS="532"/>
							<String ID="string_63" HPOS="575" VPOS="602" WIDTH="43" HEIGHT="23" WC="0.94" CONTENT="en"/><SP WIDTH="44" VPOS="602" HPOS="618"/>
							<String ID="string_64" HPOS="662" VPOS="589" WIDTH="63" HEIGHT="36" WC="0.93" CONTENT="vid"/><SP WIDTH="43" VPOS="589" HPOS="725"/>
							<String ID="string_65" HPOS="768" VPOS="588" WIDTH="237" HEIGHT="50" WC="0.91" CONTENT="afvittringen"/><SP WIDTH="45" VPOS="588" HPOS="1005"/>
							<String ID="string_66" HPOS="1050" VPOS="590" WIDTH="250" HEIGHT="48" WC="0.93" CONTENT="uppkommen"/><SP WIDTH="29" VPOS="590" HPOS="1300"/>
							<String ID="string_67" HPOS="1329" VPOS="589" WIDTH="316" HEIGHT="51" WC="0.92" CONTENT="öfverloppsmark"/><SP WIDTH="30" VPOS="589" HPOS="1645"/>
							<String ID="string_68" HPOS="1675" VPOS="591" WIDTH="67" HEIGHT="36" WC="0.96" CONTENT="och"/><SP WIDTH="30" VPOS="591" HPOS="1742"/>
							<String ID="string_69" HPOS="1772" VPOS="596" WIDTH="65" HEIGHT="39" WC="0.95" CONTENT="att,"/><SP WIDTH="28" VPOS="596" HPOS="1837"/>
							<String ID="string_70" HPOS="1865" VPOS="590" WIDTH="47" HEIGHT="36" WC="0.93" CONTENT="då"/><SP WIDTH="27" VPOS="590" HPOS="1912"/>
							<String ID="string_71" HPOS="1939" VPOS="603" WIDTH="73" HEIGHT="22" WC="0.93" CONTENT="om-"/>
						</TextLine>
						<TextLine ID="line_8" HPOS="419" VPOS="642" WIDTH="1596" HEIGHT="49">
							<String ID="string_72" HPOS="419" VPOS="643" WIDTH="101" HEIGHT="36" WC="0.96" CONTENT="rådet"/><SP WIDTH="38" VPOS="643" HPOS="520"/>
							<String ID="string_73" HPOS="558" VPOS="643" WIDTH="59" HEIGHT="36" WC="0.93" CONTENT="vid"/><SP WIDTH="36" VPOS="643" HPOS="617"/>
							<String ID="string_74" HPOS="653" VPOS="642" WIDTH="240" HEIGHT="49" WC="0.91" CONTENT="afvittringen"/><SP WIDTH="30" VPOS="642" HPOS="893"/>
							<String ID="string_75" HPOS="923" VPOS="643" WIDTH="176" HEIGHT="48" WC="0.96" CONTENT="upplåtits"/><SP WIDTH="28" VPOS="643" HPOS="1099"/>
							<String ID="string_76" HPOS="1127" VPOS="642" WIDTH="38" HEIGHT="36" WC="0.93" CONTENT="åt"/><SP WIDTH="28" VPOS="642" HPOS="1165"/>
							<String ID="string_77" HPOS="1193" VPOS="644" WIDTH="291" HEIGHT="37" WC="0.92" CONTENT="socknemännen"/><SP WIDTH="30" VPOS="644" HPOS="1484"/>
							<String ID="string_78" HPOS="1514" VPOS="645" WIDTH="128" HEIGHT="36" WC="0.95" CONTENT="endast"/><SP WIDTH="29" VPOS="645" HPOS="1642"/>
							<String ID="string_79" HPOS="1671" VPOS="643" WIDTH="56" HEIGHT="38" WC="0.96" CONTENT="för"/><SP WIDTH="28" VPOS="643" HPOS="1727"/>
							<String ID="string_80" HPOS="1755" VPOS="645" WIDTH="61" HEIGHT="35" WC="0.96" CONTENT="det"/><SP WIDTH="28" VPOS="645" HPOS="1816"/>
							<String ID="string_81" HPOS="1844" VPOS="644" WIDTH="171" HEIGHT="36" WC="0.96" CONTENT="särskildt"/>
						</TextLine>
						<TextLine ID="line_9" HPOS="416" VPOS="696" WIDTH="1597" HEIGHT="51">
							<String ID="string_82" HPOS="416" VPOS="697" WIDTH="152" HEIGHT="49" WC="0.91" CONTENT="angifna"/><SP WIDTH="37" VPOS="697" HPOS="568"/>
							<String ID="string_83" HPOS="605" VPOS="696" WIDTH="210" HEIGHT="37" WC="0.95" CONTENT="ändamålet"/><SP WIDTH="41" VPOS="696" HPOS="815"/>
							<String ID="string_84" HPOS="856" VPOS="700" WIDTH="55" HEIGHT="33" WC="0.96" CONTENT="att"/><SP WIDTH="34" VPOS="700" HPOS="911"/>
							<String ID="string_85" HPOS="945" VPOS="698" WIDTH="99" HEIGHT="46" WC="0.96" CONTENT="tjena"/><SP WIDTH="28" VPOS="698" HPOS="1044"/>
							<String ID="string_86" HPOS="1072" VPOS="696" WIDTH="84" HEIGHT="36" WC="0.96" CONTENT="dem"/><SP WIDTH="30" VPOS="696" HPOS="1156"/>
							<String ID="string_87" HPOS="1186" VPOS="698" WIDTH="58" HEIGHT="35" WC="0.96" CONTENT="till"/><SP WIDTH="32" VPOS="698" HPOS="1244"/>
							<String ID="string_88" HPOS="1276" VPOS="703" WIDTH="186" HEIGHT="44" WC="0.96" CONTENT="utrymme"/><SP WIDTH="28" VPOS="703" HPOS="1462"/>
							<String ID="string_89" HPOS="1490" VPOS="697" WIDTH="56" HEIGHT="37" WC="0.93" CONTENT="för"/><SP WIDTH="29" VPOS="697" HPOS="1546"/>
							<String ID="string_90" HPOS="1575" VPOS="699" WIDTH="258" HEIGHT="48" WC="0.91" CONTENT="kyrkostallar,"/><SP WIDTH="29" VPOS="699" HPOS="1833"/>
							<String ID="string_91" HPOS="1862" VPOS="697" WIDTH="151" HEIGHT="50" WC="0.92" CONTENT="egande-"/>
						</TextLine>
						<TextLine ID="line_10" HPOS="418" VPOS="749" WIDTH="1594" HEIGHT="52">
							<String ID="string_92" HPOS="418" VPOS="756" WIDTH="120" HEIGHT="30" WC="0.92" CONTENT="rätten"/><SP WIDTH="43" VPOS="756" HPOS="538"/>
							<String ID="string_93" HPOS="581" VPOS="750" WIDTH="122" HEIGHT="36" WC="0.86" CONTENT="dertill"/><SP WIDTH="38" VPOS="750" HPOS="703"/>
							<String ID="string_94" HPOS="741" VPOS="749" WIDTH="228" HEIGHT="37" WC="0.96" CONTENT="fortfarande"/><SP WIDTH="27" VPOS="749" HPOS="969"/>
							<String ID="string_95" HPOS="996" VPOS="750" WIDTH="175" HEIGHT="36" WC="0.96" CONTENT="tillhörde"/><SP WIDTH="30" VPOS="750" HPOS="1171"/>
							<String ID="string_96" HPOS="1201" VPOS="751" WIDTH="150" HEIGHT="36" WC="0.93" CONTENT="kronan."/><SP WIDTH="58" VPOS="751" HPOS="1351"/>
							<String ID="string_97" HPOS="1409" VPOS="751" WIDTH="232" HEIGHT="37" WC="0.95" CONTENT="Beträffande"/><SP WIDTH="29" VPOS="751" HPOS="1641"/>
							<String ID="string_98" HPOS="1670" VPOS="751" WIDTH="130" HEIGHT="50" WC="0.96" CONTENT="frågan"/><SP WIDTH="29" VPOS="751" HPOS="1800"/>
							<String ID="string_99" HPOS="1829" VPOS="764" WIDTH="57" HEIGHT="23" WC="0.93" CONTENT="om"/><SP WIDTH="29" VPOS="764" HPOS="1886"/>
							<String ID="string_100" HPOS="1915" VPOS="751" WIDTH="97" HEIGHT="47" WC="0.92" CONTENT="jord-"/>
						</TextLine>
						<TextLine ID="line_11" HPOS="415" VPOS="803" WIDTH="1596" HEIGHT="51">
							<String ID="string_101" HPOS="415" VPOS="803" WIDTH="185" HEIGHT="37" WC="0.96" CONTENT="områdets"/><SP WIDTH="33" VPOS="803" HPOS="600"/>
							<String ID="string_102" HPOS="633" VPOS="804" WIDTH="224" HEIGHT="48" WC="0.96" CONTENT="disposition,"/><SP WIDTH="33" VPOS="804" HPOS="857"/>
							<String ID="string_103" HPOS="890" VPOS="804" WIDTH="93" HEIGHT="35" WC="0.96" CONTENT="hade"/><SP WIDTH="29" VPOS="804" HPOS="983"/>
							<String ID="string_104" HPOS="1012" VPOS="805" WIDTH="205" HEIGHT="48" WC="0.93" CONTENT="kollegium"/><SP WIDTH="30" VPOS="805" HPOS="1217"/>
							<String ID="string_105" HPOS="1247" VPOS="805" WIDTH="149" HEIGHT="35" WC="0.92" CONTENT="instämt"/><SP WIDTH="28" VPOS="805" HPOS="1396"/>
							<String ID="string_106" HPOS="1424" VPOS="806" WIDTH="11" HEIGHT="34" WC="0.96" CONTENT="i"/><SP WIDTH="31" VPOS="806" HPOS="1435"/>
							<String ID="string_107" HPOS="1466" VPOS="805" WIDTH="131" HEIGHT="49" WC="0.95" CONTENT="Kongl."/><SP WIDTH="31" VPOS="805" HPOS="1597"/>
							<String ID="string_108" HPOS="1628" VPOS="805" WIDTH="120" HEIGHT="48" WC="0.93" CONTENT="Maj:ts"/><SP WIDTH="29" VPOS="805" HPOS="1748"/>
							<String ID="string_109" HPOS="1777" VPOS="804" WIDTH="234" HEIGHT="48" WC="0.92" CONTENT="befallnings-"/>
						</TextLine>
						<TextLine ID="line_12" HPOS="417" VPOS="856" WIDTH="1595" HEIGHT="51">
							<String ID="string_110" HPOS="417" VPOS="856" WIDTH="200" HEIGHT="37" WC="0.91" CONTENT="hafvandes"/><SP WIDTH="35" VPOS="856" HPOS="617"/>
							<String ID="string_111" HPOS="652" VPOS="858" WIDTH="188" HEIGHT="36" WC="0.95" CONTENT="uttalande"/><SP WIDTH="32" VPOS="858" HPOS="840"/>
							<String ID="string_112" HPOS="872" VPOS="871" WIDTH="59" HEIGHT="23" WC="0.92" CONTENT="om"/><SP WIDTH="36" VPOS="871" HPOS="931"/>
							<String ID="string_113" HPOS="967" VPOS="857" WIDTH="289" HEIGHT="50" WC="0.92" CONTENT="olämpligheten"/><SP WIDTH="29" VPOS="857" HPOS="1256"/>
							<String ID="string_114" HPOS="1285" VPOS="858" WIDTH="67" HEIGHT="36" WC="0.93" CONTENT="och"/><SP WIDTH="29" VPOS="858" HPOS="1352"/>
							<String ID="string_115" HPOS="1381" VPOS="860" WIDTH="198" HEIGHT="35" WC="0.91" CONTENT="orättvisan"/><SP WIDTH="30" VPOS="860" HPOS="1579"/>
							<String ID="string_116" HPOS="1609" VPOS="863" WIDTH="55" HEIGHT="31" WC="0.96" CONTENT="att"/><SP WIDTH="28" VPOS="863" HPOS="1664"/>
							<String ID="string_117" HPOS="1692" VPOS="860" WIDTH="60" HEIGHT="34" WC="0.92" CONTENT="till"/><SP WIDTH="29" VPOS="860" HPOS="1752"/>
							<String ID="string_118" HPOS="1781" VPOS="857" WIDTH="146" HEIGHT="50" WC="0.92" CONTENT="förfång"/><SP WIDTH="28" VPOS="857" HPOS="1927"/>
							<String ID="string_119" HPOS="1955" VPOS="857" WIDTH="57" HEIGHT="36" WC="0.96" CONTENT="för"/>
						</TextLine>
						<TextLine ID="line_13" HPOS="417" VPOS="910" WIDTH="1595" HEIGHT="50">
							<String ID="string_120" HPOS="417" VPOS="910" WIDTH="120" HEIGHT="50" WC="0.93" CONTENT="öfriga"/><SP WIDTH="43" VPOS="910" HPOS="537"/>
							<String ID="string_121" HPOS="580" VPOS="911" WIDTH="205" HEIGHT="36" WC="0.93" CONTENT="sockenbor"/><SP WIDTH="40" VPOS="911" HPOS="785"/>
							<String ID="string_122" HPOS="825" VPOS="910" WIDTH="45" HEIGHT="49" WC="0.95" CONTENT="på"/><SP WIDTH="43" VPOS="910" HPOS="870"/>
							<String ID="string_123" HPOS="913" VPOS="910" WIDTH="197" HEIGHT="50" WC="0.96" CONTENT="föreslaget"/><SP WIDTH="37" VPOS="910" HPOS="1110"/>
							<String ID="string_124" HPOS="1147" VPOS="917" WIDTH="71" HEIGHT="30" WC="0.96" CONTENT="sätt"/><SP WIDTH="43" VPOS="917" HPOS="1218"/>
							<String ID="string_125" HPOS="1261" VPOS="911" WIDTH="140" HEIGHT="37" WC="0.96" CONTENT="fördela"/><SP WIDTH="49" VPOS="911" HPOS="1401"/>
							<String ID="string_126" HPOS="1450" VPOS="911" WIDTH="165" HEIGHT="38" WC="0.96" CONTENT="området"/><SP WIDTH="44" VPOS="911" HPOS="1615"/>
							<String ID="string_127" HPOS="1659" VPOS="912" WIDTH="135" HEIGHT="36" WC="0.95" CONTENT="mellan"/><SP WIDTH="45" VPOS="912" HPOS="1794"/>
							<String ID="string_128" HPOS="1839" VPOS="912" WIDTH="173" HEIGHT="35" WC="0.95" CONTENT="socknens"/>
						</TextLine>
						<TextLine ID="line_14" HPOS="419" VPOS="964" WIDTH="1593" HEIGHT="50">
							<String ID="string_129" HPOS="419" VPOS="965" WIDTH="311" HEIGHT="48" WC="0.83" CONTENT="hemmansegare."/><SP WIDTH="57" VPOS="965" HPOS="730"/>
							<String ID="string_130" HPOS="787" VPOS="964" WIDTH="175" HEIGHT="37" WC="0.89" CONTENT="Deremot"/><SP WIDTH="43" VPOS="964" HPOS="962"/>
							<String ID="string_131" HPOS="1005" VPOS="965" WIDTH="91" HEIGHT="36" WC="0.96" CONTENT="hade"/><SP WIDTH="42" VPOS="965" HPOS="1096"/>
							<String ID="string_132" HPOS="1138" VPOS="965" WIDTH="205" HEIGHT="48" WC="0.95" CONTENT="kollegium"/><SP WIDTH="43" VPOS="965" HPOS="1343"/>
							<String ID="string_133" HPOS="1386" VPOS="964" WIDTH="125" HEIGHT="38" WC="0.96" CONTENT="funnit"/><SP WIDTH="33" VPOS="964" HPOS="1511"/>
							<String ID="string_134" HPOS="1544" VPOS="966" WIDTH="61" HEIGHT="36" WC="0.96" CONTENT="det"/><SP WIDTH="27" VPOS="966" HPOS="1605"/>
							<String ID="string_135" HPOS="1632" VPOS="966" WIDTH="79" HEIGHT="35" WC="0.96" CONTENT="icke"/><SP WIDTH="32" VPOS="966" HPOS="1711"/>
							<String ID="string_136" HPOS="1743" VPOS="978" WIDTH="83" HEIGHT="23" WC="0.92" CONTENT="vara"/><SP WIDTH="27" VPOS="978" HPOS="1826"/>
							<String ID="string_137" HPOS="1853" VPOS="965" WIDTH="159" HEIGHT="49" WC="0.90" CONTENT="obilligt,"/>
						</TextLine>
						<TextLine ID="line_15" HPOS="415" VPOS="1017" WIDTH="1598" HEIGHT="50">
							<String ID="string_138" HPOS="415" VPOS="1024" WIDTH="56" HEIGHT="30" WC="0.96" CONTENT="att"/><SP WIDTH="41" VPOS="1024" HPOS="471"/>
							<String ID="string_139" HPOS="512" VPOS="1019" WIDTH="139" HEIGHT="35" WC="0.96" CONTENT="kronan"/><SP WIDTH="42" VPOS="1019" HPOS="651"/>
							<String ID="string_140" HPOS="693" VPOS="1019" WIDTH="60" HEIGHT="35" WC="0.96" CONTENT="till"/><SP WIDTH="44" VPOS="1019" HPOS="753"/>
							<String ID="string_141" HPOS="797" VPOS="1017" WIDTH="204" HEIGHT="49" WC="0.96" CONTENT="främjande"/><SP WIDTH="30" VPOS="1017" HPOS="1001"/>
							<String ID="string_142" HPOS="1031" VPOS="1017" WIDTH="40" HEIGHT="36" WC="0.95" CONTENT="af"/><SP WIDTH="25" VPOS="1017" HPOS="1071"/>
							<String ID="string_143" HPOS="1096" VPOS="1025" WIDTH="123" HEIGHT="29" WC="0.96" CONTENT="ortens"/><SP WIDTH="29" VPOS="1025" HPOS="1219"/>
							<String ID="string_144" HPOS="1248" VPOS="1019" WIDTH="215" HEIGHT="48" WC="0.96" CONTENT="utveckling"/><SP WIDTH="29" VPOS="1019" HPOS="1463"/>
							<String ID="string_145" HPOS="1492" VPOS="1019" WIDTH="65" HEIGHT="36" WC="0.96" CONTENT="och"/><SP WIDTH="31" VPOS="1019" HPOS="1557"/>
							<String ID="string_146" HPOS="1588" VPOS="1018" WIDTH="278" HEIGHT="37" WC="0.96" CONTENT="underlättande"/><SP WIDTH="30" VPOS="1018" HPOS="1866"/>
							<String ID="string_147" HPOS="1896" VPOS="1017" WIDTH="39" HEIGHT="36" WC="0.96" CONTENT="af"/><SP WIDTH="26" VPOS="1017" HPOS="1935"/>
							<String ID="string_148" HPOS="1961" VPOS="1026" WIDTH="52" HEIGHT="28" WC="0.96" CONTENT="ett"/>
						</TextLine>
						<TextLine ID="line_16" HPOS="416" VPOS="1071" WIDTH="1595" HEIGHT="50">
							<String ID="string_149" HPOS="416" VPOS="1071" WIDTH="157" HEIGHT="36" WC="0.91" CONTENT="ordnadt"/><SP WIDTH="41" VPOS="1071" HPOS="573"/>
							<String ID="string_150" HPOS="614" VPOS="1072" WIDTH="242" HEIGHT="48" WC="0.96" CONTENT="bebyggande"/><SP WIDTH="38" VPOS="1072" HPOS="856"/>
							<String ID="string_151" HPOS="894" VPOS="1071" WIDTH="41" HEIGHT="36" WC="0.96" CONTENT="af"/><SP WIDTH="39" VPOS="1071" HPOS="935"/>
							<String ID="string_152" HPOS="974" VPOS="1072" WIDTH="142" HEIGHT="48" WC="0.93" CONTENT="platsen"/><SP WIDTH="43" VPOS="1072" HPOS="1116"/>
							<String ID="string_153" HPOS="1159" VPOS="1071" WIDTH="175" HEIGHT="37" WC="0.92" CONTENT="öfverläte"/><SP WIDTH="33" VPOS="1071" HPOS="1334"/>
							<String ID="string_154" HPOS="1367" VPOS="1073" WIDTH="53" HEIGHT="35" WC="0.96" CONTENT="sin"/><SP WIDTH="36" VPOS="1073" HPOS="1420"/>
							<String ID="string_155" HPOS="1456" VPOS="1078" WIDTH="73" HEIGHT="30" WC="0.96" CONTENT="rätt"/><SP WIDTH="28" VPOS="1078" HPOS="1529"/>
							<String ID="string_156" HPOS="1557" VPOS="1073" WIDTH="59" HEIGHT="35" WC="0.96" CONTENT="till"/><SP WIDTH="29" VPOS="1073" HPOS="1616"/>
							<String ID="string_157" HPOS="1645" VPOS="1072" WIDTH="164" HEIGHT="36" WC="0.96" CONTENT="området"/><SP WIDTH="27" VPOS="1072" HPOS="1809"/>
							<String ID="string_158" HPOS="1836" VPOS="1071" WIDTH="37" HEIGHT="36" WC="0.96" CONTENT="åt"/><SP WIDTH="28" VPOS="1071" HPOS="1873"/>
							<String ID="string_159" HPOS="1901" VPOS="1071" WIDTH="110" HEIGHT="50" WC="0.96" CONTENT="Svegs"/>
						</TextLine>
						<TextLine ID="line_17" HPOS="416" VPOS="1124" WIDTH="1596" HEIGHT="51">
							<String ID="string_160" HPOS="416" VPOS="1126" WIDTH="178" HEIGHT="35" WC="0.96" CONTENT="kommun"/><SP WIDTH="30" VPOS="1126" HPOS="594"/>
							<String ID="string_161" HPOS="624" VPOS="1126" WIDTH="9" HEIGHT="34" WC="0.95" CONTENT="i"/><SP WIDTH="30" VPOS="1126" HPOS="633"/>
							<String ID="string_162" HPOS="663" VPOS="1124" WIDTH="96" HEIGHT="50" WC="0.95" CONTENT="syfte"/><SP WIDTH="28" VPOS="1124" HPOS="759"/>
							<String ID="string_163" HPOS="787" VPOS="1130" WIDTH="55" HEIGHT="30" WC="0.96" CONTENT="att"/><SP WIDTH="28" VPOS="1130" HPOS="842"/>
							<String ID="string_164" HPOS="870" VPOS="1124" WIDTH="41" HEIGHT="36" WC="0.96" CONTENT="af"/><SP WIDTH="25" VPOS="1124" HPOS="911"/>
							<String ID="string_165" HPOS="936" VPOS="1124" WIDTH="177" HEIGHT="45" WC="0.96" CONTENT="området,"/><SP WIDTH="30" VPOS="1124" HPOS="1113"/>
							<String ID="string_166" HPOS="1143" VPOS="1126" WIDTH="11" HEIGHT="35" WC="0.96" CONTENT="i"/><SP WIDTH="29" VPOS="1126" HPOS="1154"/>
							<String ID="string_167" HPOS="1183" VPOS="1125" WIDTH="68" HEIGHT="35" WC="0.96" CONTENT="den"/><SP WIDTH="21" VPOS="1125" HPOS="1251"/>
							<String ID="string_168" HPOS="1272" VPOS="1125" WIDTH="84" HEIGHT="35" WC="0.96" CONTENT="mån"/><SP WIDTH="20" VPOS="1125" HPOS="1356"/>
							<String ID="string_169" HPOS="1376" VPOS="1125" WIDTH="205" HEIGHT="37" WC="0.96" CONTENT="detsamma"/><SP WIDTH="20" VPOS="1125" HPOS="1581"/>
							<String ID="string_170" HPOS="1601" VPOS="1127" WIDTH="30" HEIGHT="48" WC="0.93" CONTENT="ej"/><SP WIDTH="23" VPOS="1127" HPOS="1631"/>
							<String ID="string_171" HPOS="1654" VPOS="1125" WIDTH="156" HEIGHT="37" WC="0.92" CONTENT="behöfde"/><SP WIDTH="20" VPOS="1125" HPOS="1810"/>
							<String ID="string_172" HPOS="1830" VPOS="1125" WIDTH="182" HEIGHT="37" WC="0.96" CONTENT="användas"/>
						</TextLine>
						<TextLine ID="line_18" HPOS="416" VPOS="1177" WIDTH="1594" HEIGHT="50">
							<String ID="string_173" HPOS="416" VPOS="1180" WIDTH="58" HEIGHT="35" WC="0.93" CONTENT="till"/><SP WIDTH="32" VPOS="1180" HPOS="474"/>
							<String ID="string_174" HPOS="506" VPOS="1180" WIDTH="97" HEIGHT="47" WC="0.95" CONTENT="plats"/><SP WIDTH="27" VPOS="1180" HPOS="603"/>
							<String ID="string_175" HPOS="630" VPOS="1177" WIDTH="58" HEIGHT="37" WC="0.93" CONTENT="för"/><SP WIDTH="28" VPOS="1177" HPOS="688"/>
							<String ID="string_176" HPOS="716" VPOS="1179" WIDTH="264" HEIGHT="36" WC="0.92" CONTENT="sockenbornas"/><SP WIDTH="28" VPOS="1179" HPOS="980"/>
							<String ID="string_177" HPOS="1008" VPOS="1178" WIDTH="248" HEIGHT="49" WC="0.91" CONTENT="kyrkostallar"/><SP WIDTH="27" VPOS="1178" HPOS="1256"/>
							<String ID="string_178" HPOS="1283" VPOS="1179" WIDTH="90" HEIGHT="35" WC="0.96" CONTENT="eller"/><SP WIDTH="30" VPOS="1179" HPOS="1373"/>
							<String ID="string_179" HPOS="1403" VPOS="1180" WIDTH="242" HEIGHT="35" WC="0.95" CONTENT="kommunens"/><SP WIDTH="29" VPOS="1180" HPOS="1645"/>
							<String ID="string_180" HPOS="1674" VPOS="1180" WIDTH="188" HEIGHT="35" WC="0.93" CONTENT="allmänna"/><SP WIDTH="28" VPOS="1180" HPOS="1862"/>
							<String ID="string_181" HPOS="1890" VPOS="1178" WIDTH="120" HEIGHT="43" WC="0.91" CONTENT="behof,"/>
						</TextLine>
						<TextLine ID="line_19" HPOS="417" VPOS="1231" WIDTH="1593" HEIGHT="51">
							<String ID="string_182" HPOS="417" VPOS="1239" WIDTH="134" HEIGHT="30" WC="0.96" CONTENT="tomter"/><SP WIDTH="28" VPOS="1239" HPOS="551"/>
							<String ID="string_183" HPOS="579" VPOS="1232" WIDTH="124" HEIGHT="36" WC="0.93" CONTENT="kunde"/><SP WIDTH="30" VPOS="1232" HPOS="703"/>
							<String ID="string_184" HPOS="733" VPOS="1232" WIDTH="112" HEIGHT="35" WC="0.92" CONTENT="varda"/><SP WIDTH="30" VPOS="1232" HPOS="845"/>
							<String ID="string_185" HPOS="875" VPOS="1232" WIDTH="115" HEIGHT="36" WC="0.91" CONTENT="under"/><SP WIDTH="23" VPOS="1232" HPOS="990"/>
							<String ID="string_186" HPOS="1013" VPOS="1232" WIDTH="215" HEIGHT="47" WC="0.91" CONTENT="eganderätt"/><SP WIDTH="18" VPOS="1232" HPOS="1228"/>
							<String ID="string_187" HPOS="1246" VPOS="1231" WIDTH="36" HEIGHT="37" WC="0.96" CONTENT="åt"/><SP WIDTH="19" VPOS="1231" HPOS="1282"/>
							<String ID="string_188" HPOS="1301" VPOS="1232" WIDTH="164" HEIGHT="37" WC="0.93" CONTENT="enskilde"/><SP WIDTH="21" VPOS="1232" HPOS="1465"/>
							<String ID="string_189" HPOS="1486" VPOS="1232" WIDTH="178" HEIGHT="50" WC="0.92" CONTENT="upplåtna"/><SP WIDTH="20" VPOS="1232" HPOS="1664"/>
							<String ID="string_190" HPOS="1684" VPOS="1232" WIDTH="57" HEIGHT="37" WC="0.96" CONTENT="för"/><SP WIDTH="16" VPOS="1232" HPOS="1741"/>
							<String ID="string_191" HPOS="1757" VPOS="1233" WIDTH="253" HEIGHT="49" WC="0.96" CONTENT="bebyggande."/>
						</TextLine>
						<TextLine ID="line_20" HPOS="416" VPOS="1285" WIDTH="1594" HEIGHT="49">
							<String ID="string_192" HPOS="416" VPOS="1287" WIDTH="13" HEIGHT="34" WC="0.73" CONTENT="1"/><SP WIDTH="30" VPOS="1287" HPOS="429"/>
							<String ID="string_193" HPOS="459" VPOS="1286" WIDTH="100" HEIGHT="36" WC="0.96" CONTENT="detta"/><SP WIDTH="28" VPOS="1286" HPOS="559"/>
							<String ID="string_194" HPOS="587" VPOS="1285" WIDTH="170" HEIGHT="37" WC="0.96" CONTENT="afseende"/><SP WIDTH="30" VPOS="1285" HPOS="757"/>
							<String ID="string_195" HPOS="787" VPOS="1285" WIDTH="91" HEIGHT="36" WC="0.96" CONTENT="hade"/><SP WIDTH="30" VPOS="1285" HPOS="878"/>
							<String ID="string_196" HPOS="908" VPOS="1286" WIDTH="203" HEIGHT="47" WC="0.96" CONTENT="kollegium"/><SP WIDTH="29" VPOS="1286" HPOS="1111"/>
							<String ID="string_197" HPOS="1140" VPOS="1286" WIDTH="79" HEIGHT="35" WC="0.96" CONTENT="icke"/><SP WIDTH="29" VPOS="1286" HPOS="1219"/>
							<String ID="string_198" HPOS="1248" VPOS="1285" WIDTH="80" HEIGHT="36" WC="0.96" CONTENT="haft"/><SP WIDTH="28" VPOS="1285" HPOS="1328"/>
							<String ID="string_199" HPOS="1356" VPOS="1285" WIDTH="113" HEIGHT="49" WC="0.96" CONTENT="något"/><SP WIDTH="27" VPOS="1285" HPOS="1469"/>
							<String ID="string_200" HPOS="1496" VPOS="1292" WIDTH="55" HEIGHT="30" WC="0.96" CONTENT="att"/><SP WIDTH="27" VPOS="1292" HPOS="1551"/>
							<String ID="string_201" HPOS="1578" VPOS="1287" WIDTH="119" HEIGHT="35" WC="0.96" CONTENT="erinra"/><SP WIDTH="31" VPOS="1287" HPOS="1697"/>
							<String ID="string_202" HPOS="1728" VPOS="1291" WIDTH="78" HEIGHT="31" WC="0.96" CONTENT="mot"/><SP WIDTH="24" VPOS="1291" HPOS="1806"/>
							<String ID="string_203" HPOS="1830" VPOS="1286" WIDTH="70" HEIGHT="36" WC="0.93" CONTENT="den"/><SP WIDTH="21" VPOS="1286" HPOS="1900"/>
							<String ID="string_204" HPOS="1921" VPOS="1299" WIDTH="89" HEIGHT="35" WC="0.92" CONTENT="upp-"/>
						</TextLine>
						<TextLine ID="line_21" HPOS="416" VPOS="1338" WIDTH="1595" HEIGHT="50">
							<String ID="string_205" HPOS="416" VPOS="1339" WIDTH="128" HEIGHT="49" WC="0.93" CONTENT="gjorda"/><SP WIDTH="28" VPOS="1339" HPOS="544"/>
							<String ID="string_206" HPOS="572" VPOS="1340" WIDTH="351" HEIGHT="48" WC="0.91" CONTENT="regleringsplanen,"/><SP WIDTH="30" VPOS="1340" HPOS="923"/>
							<String ID="string_207" HPOS="953" VPOS="1338" WIDTH="108" HEIGHT="36" WC="0.96" CONTENT="sådan"/><SP WIDTH="22" VPOS="1338" HPOS="1061"/>
							<String ID="string_208" HPOS="1083" VPOS="1339" WIDTH="212" HEIGHT="36" WC="0.96" CONTENT="densamma"/><SP WIDTH="21" VPOS="1339" HPOS="1295"/>
							<String ID="string_209" HPOS="1316" VPOS="1339" WIDTH="126" HEIGHT="36" WC="0.96" CONTENT="blifvit"/><SP WIDTH="19" VPOS="1339" HPOS="1442"/>
							<String ID="string_210" HPOS="1461" VPOS="1340" WIDTH="40" HEIGHT="36" WC="0.93" CONTENT="af"/><SP WIDTH="18" VPOS="1340" HPOS="1501"/>
							<String ID="string_211" HPOS="1519" VPOS="1340" WIDTH="290" HEIGHT="36" WC="0.91" CONTENT="socknemännen"/><SP WIDTH="21" VPOS="1340" HPOS="1809"/>
							<String ID="string_212" HPOS="1830" VPOS="1339" WIDTH="181" HEIGHT="49" WC="0.96" CONTENT="godkänd,"/>
						</TextLine>
						<TextLine ID="line_22" HPOS="417" VPOS="1392" WIDTH="1594" HEIGHT="50">
							<String ID="string_213" HPOS="417" VPOS="1406" WIDTH="84" HEIGHT="23" WC="0.89" CONTENT="men"/><SP WIDTH="43" VPOS="1406" HPOS="501"/>
							<String ID="string_214" HPOS="544" VPOS="1392" WIDTH="109" HEIGHT="37" WC="0.89" CONTENT="fästat"/><SP WIDTH="44" VPOS="1392" HPOS="653"/>
							<String ID="string_215" HPOS="697" VPOS="1393" WIDTH="369" HEIGHT="48" WC="0.93" CONTENT="uppmärksamheten"/><SP WIDTH="43" VPOS="1393" HPOS="1066"/>
							<String ID="string_216" HPOS="1109" VPOS="1392" WIDTH="98" HEIGHT="45" WC="0.91" CONTENT="derå,"/><SP WIDTH="32" VPOS="1392" HPOS="1207"/>
							<String ID="string_217" HPOS="1239" VPOS="1396" WIDTH="53" HEIGHT="32" WC="0.96" CONTENT="att"/><SP WIDTH="28" VPOS="1396" HPOS="1292"/>
							<String ID="string_218" HPOS="1320" VPOS="1394" WIDTH="190" HEIGHT="48" WC="0.95" CONTENT="samtycke"/><SP WIDTH="34" VPOS="1394" HPOS="1510"/>
							<String ID="string_219" HPOS="1544" VPOS="1394" WIDTH="59" HEIGHT="35" WC="0.95" CONTENT="till"/><SP WIDTH="29" VPOS="1394" HPOS="1603"/>
							<String ID="string_220" HPOS="1632" VPOS="1394" WIDTH="68" HEIGHT="36" WC="0.96" CONTENT="den"/><SP WIDTH="32" VPOS="1394" HPOS="1700"/>
							<String ID="string_221" HPOS="1732" VPOS="1395" WIDTH="182" HEIGHT="47" WC="0.93" CONTENT="ingångna"/><SP WIDTH="28" VPOS="1395" HPOS="1914"/>
							<String ID="string_222" HPOS="1942" VPOS="1393" WIDTH="69" HEIGHT="36" WC="0.91" CONTENT="för-"/>
						</TextLine>
						<TextLine ID="line_23" HPOS="416" VPOS="1445" WIDTH="1594" HEIGHT="51">
							<String ID="string_223" HPOS="416" VPOS="1447" WIDTH="156" HEIGHT="48" WC="0.91" CONTENT="eningen"/><SP WIDTH="28" VPOS="1447" HPOS="572"/>
							<String ID="string_224" HPOS="600" VPOS="1446" WIDTH="187" HEIGHT="48" WC="0.96" CONTENT="angående"/><SP WIDTH="28" VPOS="1446" HPOS="787"/>
							<String ID="string_225" HPOS="815" VPOS="1446" WIDTH="255" HEIGHT="49" WC="0.96" CONTENT="sträckningen"/><SP WIDTH="31" VPOS="1446" HPOS="1070"/>
							<String ID="string_226" HPOS="1101" VPOS="1445" WIDTH="40" HEIGHT="36" WC="0.93" CONTENT="af"/><SP WIDTH="27" VPOS="1445" HPOS="1141"/>
							<String ID="string_227" HPOS="1168" VPOS="1447" WIDTH="273" HEIGHT="49" WC="0.91" CONTENT="kyrkoplanens"/><SP WIDTH="28" VPOS="1447" HPOS="1441"/>
							<String ID="string_228" HPOS="1469" VPOS="1447" WIDTH="103" HEIGHT="36" WC="0.93" CONTENT="södra"/><SP WIDTH="29" VPOS="1447" HPOS="1572"/>
							<String ID="string_229" HPOS="1601" VPOS="1446" WIDTH="137" HEIGHT="50" WC="0.91" CONTENT="rågång"/><SP WIDTH="28" VPOS="1446" HPOS="1738"/>
							<String ID="string_230" HPOS="1766" VPOS="1448" WIDTH="79" HEIGHT="35" WC="0.96" CONTENT="icke"/><SP WIDTH="30" VPOS="1448" HPOS="1845"/>
							<String ID="string_231" HPOS="1875" VPOS="1446" WIDTH="135" HEIGHT="45" WC="0.96" CONTENT="blifvit,"/>
						</TextLine>
						<TextLine ID="line_24" HPOS="418" VPOS="1499" WIDTH="1506" HEIGHT="50">
							<String ID="string_232" HPOS="418" VPOS="1500" WIDTH="45" HEIGHT="48" WC="0.96" CONTENT="på"/><SP WIDTH="28" VPOS="1500" HPOS="463"/>
							<String ID="string_233" HPOS="491" VPOS="1505" WIDTH="71" HEIGHT="31" WC="0.95" CONTENT="sätt"/><SP WIDTH="28" VPOS="1505" HPOS="562"/>
							<String ID="string_234" HPOS="590" VPOS="1500" WIDTH="12" HEIGHT="35" WC="0.96" CONTENT="i"/><SP WIDTH="29" VPOS="1500" HPOS="602"/>
							<String ID="string_235" HPOS="631" VPOS="1502" WIDTH="49" HEIGHT="34" WC="0.93" CONTENT="49"/><SP WIDTH="32" VPOS="1502" HPOS="680"/>
							<String ID="string_236" HPOS="712" VPOS="1500" WIDTH="19" HEIGHT="49" WC="0.92" CONTENT="$"/><SP WIDTH="29" VPOS="1500" HPOS="731"/>
							<String ID="string_237" HPOS="760" VPOS="1499" WIDTH="277" HEIGHT="48" WC="0.92" CONTENT="skiftesstadgan"/><SP WIDTH="29" VPOS="1499" HPOS="1037"/>
							<String ID="string_238" HPOS="1066" VPOS="1499" WIDTH="250" HEIGHT="45" WC="0.92" CONTENT="föreskrefves,"/><SP WIDTH="40" VPOS="1499" HPOS="1316"/>
							<String ID="string_239" HPOS="1356" VPOS="1499" WIDTH="9" HEIGHT="36" WC="0.92" CONTENT="å"/><SP WIDTH="29" VPOS="1499" HPOS="1365"/>
							<String ID="string_240" HPOS="1394" VPOS="1501" WIDTH="158" HEIGHT="36" WC="0.96" CONTENT="kronans"/><SP WIDTH="29" VPOS="1501" HPOS="1552"/>
							<String ID="string_241" HPOS="1581" VPOS="1507" WIDTH="139" HEIGHT="42" WC="0.93" CONTENT="vägnar"/><SP WIDTH="29" VPOS="1507" HPOS="1720"/>
							<String ID="string_242" HPOS="1749" VPOS="1500" WIDTH="175" HEIGHT="36" WC="0.91" CONTENT="lemnadt."/>
						</TextLine>
					</TextBlock>
					<TextBlock ID="block_3" HPOS="416" VPOS="1552" WIDTH="1595" HEIGHT="265">
						<TextLine ID="line_25" HPOS="524" VPOS="1552" WIDTH="1486" HEIGHT="51">
							<String ID="string_243" HPOS="524" VPOS="1553" WIDTH="51" HEIGHT="36" WC="0.96" CONTENT="På"/><SP WIDTH="32" VPOS="1553" HPOS="575"/>
							<String ID="string_244" HPOS="607" VPOS="1554" WIDTH="121" HEIGHT="49" WC="0.96" CONTENT="grund"/><SP WIDTH="35" VPOS="1554" HPOS="728"/>
							<String ID="string_245" HPOS="763" VPOS="1553" WIDTH="38" HEIGHT="36" WC="0.96" CONTENT="af"/><SP WIDTH="25" VPOS="1553" HPOS="801"/>
							<String ID="string_246" HPOS="826" VPOS="1554" WIDTH="97" HEIGHT="36" WC="0.96" CONTENT="hvad"/><SP WIDTH="29" VPOS="1554" HPOS="923"/>
							<String ID="string_247" HPOS="952" VPOS="1552" WIDTH="152" HEIGHT="37" WC="0.96" CONTENT="sålunda"/><SP WIDTH="30" VPOS="1552" HPOS="1104"/>
							<String ID="string_248" HPOS="1134" VPOS="1553" WIDTH="140" HEIGHT="36" WC="0.96" CONTENT="anförts"/><SP WIDTH="28" VPOS="1553" HPOS="1274"/>
							<String ID="string_249" HPOS="1302" VPOS="1553" WIDTH="93" HEIGHT="36" WC="0.93" CONTENT="hade"/><SP WIDTH="29" VPOS="1553" HPOS="1395"/>
							<String ID="string_250" HPOS="1424" VPOS="1554" WIDTH="373" HEIGHT="49" WC="0.91" CONTENT="kammarkollegium"/><SP WIDTH="31" VPOS="1554" HPOS="1797"/>
							<String ID="string_251" HPOS="1828" VPOS="1554" WIDTH="182" HEIGHT="45" WC="0.89" CONTENT="hemstält,"/>
						</TextLine>
						<TextLine ID="line_26" HPOS="416" VPOS="1606" WIDTH="1594" HEIGHT="51">
							<String ID="string_252" HPOS="416" VPOS="1613" WIDTH="56" HEIGHT="30" WC="0.95" CONTENT="att"/><SP WIDTH="42" VPOS="1613" HPOS="472"/>
							<String ID="string_253" HPOS="514" VPOS="1608" WIDTH="134" HEIGHT="48" WC="0.95" CONTENT="Kongl."/><SP WIDTH="46" VPOS="1608" HPOS="648"/>
							<String ID="string_254" HPOS="694" VPOS="1607" WIDTH="100" HEIGHT="49" WC="0.96" CONTENT="Maj:t"/><SP WIDTH="41" VPOS="1607" HPOS="794"/>
							<String ID="string_255" HPOS="835" VPOS="1606" WIDTH="124" HEIGHT="45" WC="0.96" CONTENT="måtte,"/><SP WIDTH="44" VPOS="1606" HPOS="959"/>
							<String ID="string_256" HPOS="1003" VPOS="1607" WIDTH="83" HEIGHT="36" WC="0.96" CONTENT="med"/><SP WIDTH="43" VPOS="1607" HPOS="1086"/>
							<String ID="string_257" HPOS="1129" VPOS="1607" WIDTH="267" HEIGHT="49" WC="0.93" CONTENT="godkännande"/><SP WIDTH="44" VPOS="1607" HPOS="1396"/>
							<String ID="string_258" HPOS="1440" VPOS="1607" WIDTH="21" HEIGHT="36" WC="0.93" CONTENT="å"/><SP WIDTH="34" VPOS="1607" HPOS="1461"/>
							<String ID="string_259" HPOS="1495" VPOS="1608" WIDTH="156" HEIGHT="36" WC="0.96" CONTENT="kronans"/><SP WIDTH="29" VPOS="1608" HPOS="1651"/>
							<String ID="string_260" HPOS="1680" VPOS="1614" WIDTH="139" HEIGHT="43" WC="0.96" CONTENT="vägnar"/><SP WIDTH="28" VPOS="1614" HPOS="1819"/>
							<String ID="string_261" HPOS="1847" VPOS="1606" WIDTH="41" HEIGHT="37" WC="0.93" CONTENT="af"/><SP WIDTH="25" VPOS="1606" HPOS="1888"/>
							<String ID="string_262" HPOS="1913" VPOS="1620" WIDTH="97" HEIGHT="36" WC="0.89" CONTENT="nyss-"/>
						</TextLine>
						<TextLine ID="line_27" HPOS="416" VPOS="1659" WIDTH="1595" HEIGHT="51">
							<String ID="string_263" HPOS="416" VPOS="1661" WIDTH="160" HEIGHT="36" WC="0.91" CONTENT="nämnda"/><SP WIDTH="40" VPOS="1661" HPOS="576"/>
							<String ID="string_264" HPOS="616" VPOS="1659" WIDTH="337" HEIGHT="51" WC="0.91" CONTENT="rågångsförening,"/><SP WIDTH="37" VPOS="1659" HPOS="953"/>
							<String ID="string_265" HPOS="990" VPOS="1661" WIDTH="10" HEIGHT="34" WC="0.96" CONTENT="i"/><SP WIDTH="44" VPOS="1661" HPOS="1000"/>
							<String ID="string_266" HPOS="1044" VPOS="1661" WIDTH="226" HEIGHT="48" WC="0.96" CONTENT="proposition"/><SP WIDTH="43" VPOS="1661" HPOS="1270"/>
							<String ID="string_267" HPOS="1313" VPOS="1660" WIDTH="130" HEIGHT="37" WC="0.96" CONTENT="föreslå"/><SP WIDTH="42" VPOS="1660" HPOS="1443"/>
							<String ID="string_268" HPOS="1485" VPOS="1661" WIDTH="210" HEIGHT="49" WC="0.96" CONTENT="Riksdagen"/><SP WIDTH="34" VPOS="1661" HPOS="1695"/>
							<String ID="string_269" HPOS="1729" VPOS="1667" WIDTH="54" HEIGHT="30" WC="0.93" CONTENT="att"/><SP WIDTH="28" VPOS="1667" HPOS="1783"/>
							<String ID="string_270" HPOS="1811" VPOS="1660" WIDTH="200" HEIGHT="50" WC="0.92" CONTENT="medgifva,"/>
						</TextLine>
						<TextLine ID="line_28" HPOS="416" VPOS="1713" WIDTH="1594" HEIGHT="50">
							<String ID="string_271" HPOS="416" VPOS="1720" WIDTH="55" HEIGHT="30" WC="0.96" CONTENT="att"/><SP WIDTH="42" VPOS="1720" HPOS="471"/>
							<String ID="string_272" HPOS="513" VPOS="1715" WIDTH="158" HEIGHT="35" WC="0.95" CONTENT="kronans"/><SP WIDTH="44" VPOS="1715" HPOS="671"/>
							<String ID="string_273" HPOS="715" VPOS="1720" WIDTH="74" HEIGHT="30" WC="0.96" CONTENT="rätt"/><SP WIDTH="41" VPOS="1720" HPOS="789"/>
							<String ID="string_274" HPOS="830" VPOS="1715" WIDTH="60" HEIGHT="35" WC="0.96" CONTENT="till"/><SP WIDTH="33" VPOS="1715" HPOS="890"/>
							<String ID="string_275" HPOS="923" VPOS="1713" WIDTH="278" HEIGHT="49" WC="0.93" CONTENT="ifrågavarande"/><SP WIDTH="25" VPOS="1713" HPOS="1201"/>
							<String ID="string_276" HPOS="1226" VPOS="1714" WIDTH="233" HEIGHT="49" WC="0.90" CONTENT="jordområde"/><SP WIDTH="28" VPOS="1714" HPOS="1459"/>
							<String ID="string_277" HPOS="1487" VPOS="1714" WIDTH="112" HEIGHT="37" WC="0.96" CONTENT="måtte"/><SP WIDTH="30" VPOS="1714" HPOS="1599"/>
							<String ID="string_278" HPOS="1629" VPOS="1714" WIDTH="116" HEIGHT="37" WC="0.96" CONTENT="under"/><SP WIDTH="24" VPOS="1714" HPOS="1745"/>
							<String ID="string_279" HPOS="1769" VPOS="1715" WIDTH="91" HEIGHT="35" WC="0.96" CONTENT="vissa"/><SP WIDTH="28" VPOS="1715" HPOS="1860"/>
							<String ID="string_280" HPOS="1888" VPOS="1715" WIDTH="122" HEIGHT="36" WC="0.96" CONTENT="vilkor"/>
						</TextLine>
						<TextLine ID="line_29" HPOS="416" VPOS="1767" WIDTH="643" HEIGHT="50">
							<String ID="string_281" HPOS="416" VPOS="1769" WIDTH="58" HEIGHT="35" WC="0.95" CONTENT="till"/><SP WIDTH="30" VPOS="1769" HPOS="474"/>
							<String ID="string_282" HPOS="504" VPOS="1767" WIDTH="112" HEIGHT="50" WC="0.96" CONTENT="Svegs"/><SP WIDTH="30" VPOS="1767" HPOS="616"/>
							<String ID="string_283" HPOS="646" VPOS="1769" WIDTH="178" HEIGHT="35" WC="0.90" CONTENT="kommun"/><SP WIDTH="29" VPOS="1769" HPOS="824"/>
							<String ID="string_284" HPOS="853" VPOS="1767" WIDTH="206" HEIGHT="37" WC="0.90" CONTENT="öfverlåtas."/>
						</TextLine>
					</TextBlock>
					<TextBlock ID="block_4" HPOS="415" VPOS="1820" WIDTH="1595" HEIGHT="359">
						<TextLine ID="line_30" HPOS="523" VPOS="1820" WIDTH="1485" HEIGHT="50">
							<String ID="string_285" HPOS="523" VPOS="1821" WIDTH="82" HEIGHT="37" WC="0.96" CONTENT="Med"/><SP WIDTH="28" VPOS="1821" HPOS="605"/>
							<String ID="string_286" HPOS="633" VPOS="1820" WIDTH="167" HEIGHT="37" WC="0.93" CONTENT="afseende"/><SP WIDTH="29" VPOS="1820" HPOS="800"/>
							<String ID="string_287" HPOS="829" VPOS="1820" WIDTH="21" HEIGHT="36" WC="0.92" CONTENT="å"/><SP WIDTH="27" VPOS="1820" HPOS="850"/>
							<String ID="string_288" HPOS="877" VPOS="1821" WIDTH="97" HEIGHT="36" WC="0.95" CONTENT="hvad"/><SP WIDTH="29" VPOS="1821" HPOS="974"/>
							<String ID="string_289" HPOS="1003" VPOS="1822" WIDTH="12" HEIGHT="34" WC="0.95" CONTENT="i"/><SP WIDTH="28" VPOS="1822" HPOS="1015"/>
							<String ID="string_290" HPOS="1043" VPOS="1821" WIDTH="152" HEIGHT="36" WC="0.96" CONTENT="ärendet"/><SP WIDTH="27" VPOS="1821" HPOS="1195"/>
							<String ID="string_291" HPOS="1222" VPOS="1820" WIDTH="154" HEIGHT="37" WC="0.96" CONTENT="sålunda"/><SP WIDTH="24" VPOS="1820" HPOS="1376"/>
							<String ID="string_292" HPOS="1400" VPOS="1820" WIDTH="237" HEIGHT="38" WC="0.96" CONTENT="förekommit"/><SP WIDTH="19" VPOS="1820" HPOS="1637"/>
							<String ID="string_293" HPOS="1656" VPOS="1821" WIDTH="67" HEIGHT="36" WC="0.96" CONTENT="har"/><SP WIDTH="21" VPOS="1821" HPOS="1723"/>
							<String ID="string_294" HPOS="1744" VPOS="1821" WIDTH="130" HEIGHT="49" WC="0.96" CONTENT="Kongl."/><SP WIDTH="22" VPOS="1821" HPOS="1874"/>
							<String ID="string_295" HPOS="1896" VPOS="1822" WIDTH="112" HEIGHT="48" WC="0.94" CONTENT="Maj:t,"/>
						</TextLine>
						<TextLine ID="line_31" HPOS="415" VPOS="1870" WIDTH="1594" HEIGHT="73">
							<String ID="string_296" HPOS="415" VPOS="1888" WIDTH="78" HEIGHT="23" WC="0.96" CONTENT="som"/><SP WIDTH="43" VPOS="1888" HPOS="493"/>
							<String ID="string_297" HPOS="536" VPOS="1874" WIDTH="122" HEIGHT="37" WC="0.94" CONTENT="funnit"/><SP WIDTH="44" VPOS="1874" HPOS="658"/>
							<String ID="string_298" HPOS="702" VPOS="1875" WIDTH="96" HEIGHT="35" WC="0.96" CONTENT="hvad"/><SP WIDTH="44" VPOS="1875" HPOS="798"/>
							<String ID="string_299" HPOS="842" VPOS="1870" WIDTH="388" HEIGHT="73" WC="0.33" CONTENT="kammarkollegium"/><SP WIDTH="29" VPOS="1870" HPOS="1230"/>
							<String ID="string_300" HPOS="1259" VPOS="1875" WIDTH="185" HEIGHT="36" WC="0.96" CONTENT="meddelat"/><SP WIDTH="26" VPOS="1875" HPOS="1444"/>
							<String ID="string_301" HPOS="1470" VPOS="1876" WIDTH="12" HEIGHT="35" WC="0.95" CONTENT="i"/><SP WIDTH="28" VPOS="1876" HPOS="1482"/>
							<String ID="string_302" HPOS="1510" VPOS="1873" WIDTH="104" HEIGHT="51" WC="0.96" CONTENT="fråga"/><SP WIDTH="33" VPOS="1873" HPOS="1614"/>
							<String ID="string_303" HPOS="1647" VPOS="1888" WIDTH="61" HEIGHT="23" WC="0.92" CONTENT="om"/><SP WIDTH="30" VPOS="1888" HPOS="1708"/>
							<String ID="string_304" HPOS="1738" VPOS="1875" WIDTH="271" HEIGHT="50" WC="0.90" CONTENT="kyrkoplanens"/>
						</TextLine>
						<TextLine ID="line_32" HPOS="415" VPOS="1902" WIDTH="1594" HEIGHT="80">
							<String ID="string_305" HPOS="415" VPOS="1929" WIDTH="107" HEIGHT="36" WC="0.92" CONTENT="södra"/><SP WIDTH="41" VPOS="1929" HPOS="522"/>
							<String ID="string_306" HPOS="563" VPOS="1928" WIDTH="139" HEIGHT="50" WC="0.90" CONTENT="rågång"/><SP WIDTH="41" VPOS="1928" HPOS="702"/>
							<String ID="string_307" HPOS="743" VPOS="1929" WIDTH="79" HEIGHT="37" WC="0.95" CONTENT="icke"/><SP WIDTH="42" VPOS="1929" HPOS="822"/>
							<String ID="string_308" HPOS="864" VPOS="1927" WIDTH="186" HEIGHT="37" WC="0.96" CONTENT="föranleda"/><SP WIDTH="38" VPOS="1927" HPOS="1050"/>
							<String ID="string_309" HPOS="1088" VPOS="1929" WIDTH="59" HEIGHT="35" WC="0.94" CONTENT="till"/><SP WIDTH="42" VPOS="1929" HPOS="1147"/>
							<String ID="string_310" HPOS="1189" VPOS="1927" WIDTH="111" HEIGHT="50" WC="0.96" CONTENT="något"/><SP WIDTH="40" VPOS="1927" HPOS="1300"/>
							<String ID="string_311" HPOS="1340" VPOS="1928" WIDTH="133" HEIGHT="49" WC="0.95" CONTENT="Kongl."/><SP WIDTH="30" VPOS="1928" HPOS="1473"/>
							<String ID="string_312" HPOS="1503" VPOS="1902" WIDTH="86" HEIGHT="80" WC="0.96" CONTENT="Maj:"/><SP WIDTH="0" VPOS="1902" HPOS="1589"/>
							<String ID="string_313" HPOS="1589" VPOS="1935" WIDTH="32" HEIGHT="29" WC="0.96" CONTENT="ts"/><SP WIDTH="26" VPOS="1935" HPOS="1621"/>
							<String ID="string_314" HPOS="1647" VPOS="1928" WIDTH="184" HEIGHT="50" WC="0.95" CONTENT="yttrande,"/><SP WIDTH="29" VPOS="1928" HPOS="1831"/>
							<String ID="string_315" HPOS="1860" VPOS="1929" WIDTH="149" HEIGHT="36" WC="0.96" CONTENT="härmed"/>
						</TextLine>
						<TextLine ID="line_33" HPOS="415" VPOS="1977" WIDTH="1594" HEIGHT="73">
							<String ID="string_316" HPOS="415" VPOS="1981" WIDTH="189" HEIGHT="50" WC="0.96" CONTENT="föreslagit"/><SP WIDTH="40" VPOS="1981" HPOS="604"/>
							<String ID="string_317" HPOS="644" VPOS="1982" WIDTH="207" HEIGHT="49" WC="0.96" CONTENT="Riksdagen"/><SP WIDTH="44" VPOS="1982" HPOS="851"/>
							<String ID="string_318" HPOS="895" VPOS="1987" WIDTH="55" HEIGHT="31" WC="0.96" CONTENT="att"/><SP WIDTH="40" VPOS="1987" HPOS="950"/>
							<String ID="string_319" HPOS="990" VPOS="1977" WIDTH="199" HEIGHT="73" WC="0.92" CONTENT="medgifva,"/><SP WIDTH="36" VPOS="1977" HPOS="1189"/>
							<String ID="string_320" HPOS="1225" VPOS="1985" WIDTH="53" HEIGHT="33" WC="0.96" CONTENT="att"/><SP WIDTH="28" VPOS="1985" HPOS="1278"/>
							<String ID="string_321" HPOS="1306" VPOS="1982" WIDTH="158" HEIGHT="36" WC="0.96" CONTENT="kronans"/><SP WIDTH="29" VPOS="1982" HPOS="1464"/>
							<String ID="string_322" HPOS="1493" VPOS="1988" WIDTH="72" HEIGHT="30" WC="0.95" CONTENT="rätt"/><SP WIDTH="28" VPOS="1988" HPOS="1565"/>
							<String ID="string_323" HPOS="1593" VPOS="1983" WIDTH="58" HEIGHT="35" WC="0.91" CONTENT="till"/><SP WIDTH="30" VPOS="1983" HPOS="1651"/>
							<String ID="string_324" HPOS="1681" VPOS="1976" WIDTH="238" HEIGHT="42" WC="0.91" CONTENT="förenämnda"/><SP WIDTH="29" VPOS="1976" HPOS="1919"/>
							<String ID="string_325" HPOS="1948" VPOS="1982" WIDTH="61" HEIGHT="36" WC="0.97" CONTENT="vid"/>
						</TextLine>
						<TextLine ID="line_34" HPOS="415" VPOS="2034" WIDTH="1595" HEIGHT="51">
							<String ID="string_326" HPOS="415" VPOS="2035" WIDTH="238" HEIGHT="49" WC="0.92" CONTENT="afvittringen"/><SP WIDTH="42" VPOS="2035" HPOS="653"/>
							<String ID="string_327" HPOS="695" VPOS="2037" WIDTH="8" HEIGHT="34" WC="0.96" CONTENT="i"/><SP WIDTH="45" VPOS="2037" HPOS="703"/>
							<String ID="string_328" HPOS="748" VPOS="2035" WIDTH="110" HEIGHT="49" WC="0.95" CONTENT="Svegs"/><SP WIDTH="41" VPOS="2035" HPOS="858"/>
							<String ID="string_329" HPOS="899" VPOS="2036" WIDTH="129" HEIGHT="36" WC="0.95" CONTENT="socken"/><SP WIDTH="39" VPOS="2036" HPOS="1028"/>
							<String ID="string_330" HPOS="1067" VPOS="2035" WIDTH="37" HEIGHT="36" WC="0.92" CONTENT="åt"/><SP WIDTH="42" VPOS="2035" HPOS="1104"/>
							<String ID="string_331" HPOS="1146" VPOS="2036" WIDTH="289" HEIGHT="35" WC="0.92" CONTENT="socknemännen"/><SP WIDTH="35" VPOS="2036" HPOS="1435"/>
							<String ID="string_332" HPOS="1470" VPOS="2036" WIDTH="57" HEIGHT="35" WC="0.93" CONTENT="till"/><SP WIDTH="42" VPOS="2036" HPOS="1527"/>
							<String ID="string_333" HPOS="1569" VPOS="2036" WIDTH="129" HEIGHT="49" WC="0.79" CONTENT="nödigt"/><SP WIDTH="43" VPOS="2036" HPOS="1698"/>
							<String ID="string_334" HPOS="1741" VPOS="2041" WIDTH="184" HEIGHT="43" WC="0.96" CONTENT="utrymme"/><SP WIDTH="28" VPOS="2041" HPOS="1925"/>
							<String ID="string_335" HPOS="1953" VPOS="2034" WIDTH="57" HEIGHT="37" WC="0.96" CONTENT="för"/>
						</TextLine>
						<TextLine ID="line_35" HPOS="416" VPOS="2067" WIDTH="1594" HEIGHT="72">
							<String ID="string_336" HPOS="416" VPOS="2090" WIDTH="250" HEIGHT="48" WC="0.91" CONTENT="kyrkostallar"/><SP WIDTH="42" VPOS="2090" HPOS="666"/>
							<String ID="string_337" HPOS="708" VPOS="2089" WIDTH="132" HEIGHT="37" WC="0.91" CONTENT="afsatta"/><SP WIDTH="44" VPOS="2089" HPOS="840"/>
							<String ID="string_338" HPOS="884" VPOS="2088" WIDTH="147" HEIGHT="38" WC="0.96" CONTENT="område"/><SP WIDTH="41" VPOS="2088" HPOS="1031"/>
							<String ID="string_339" HPOS="1072" VPOS="2090" WIDTH="99" HEIGHT="48" WC="0.92" CONTENT="finge"/><SP WIDTH="43" VPOS="2090" HPOS="1171"/>
							<String ID="string_340" HPOS="1214" VPOS="2088" WIDTH="196" HEIGHT="37" WC="0.81" CONTENT="öfverlåtas"/><SP WIDTH="42" VPOS="2088" HPOS="1410"/>
							<String ID="string_341" HPOS="1452" VPOS="2089" WIDTH="46" HEIGHT="49" WC="0.95" CONTENT="på"/><SP WIDTH="41" VPOS="2089" HPOS="1498"/>
							<String ID="string_342" HPOS="1539" VPOS="2067" WIDTH="141" HEIGHT="72" WC="0.79" CONTENT="Svegs"/><SP WIDTH="5" VPOS="2067" HPOS="1680"/>
							<String ID="string_343" HPOS="1685" VPOS="2090" WIDTH="179" HEIGHT="36" WC="0.96" CONTENT="kommun"/><SP WIDTH="30" VPOS="2090" HPOS="1864"/>
							<String ID="string_344" HPOS="1894" VPOS="2089" WIDTH="116" HEIGHT="36" WC="0.96" CONTENT="under"/>
						</TextLine>
						<TextLine ID="line_36" HPOS="416" VPOS="2143" WIDTH="134" HEIGHT="36">
							<String ID="string_345" HPOS="416" VPOS="2143" WIDTH="134" HEIGHT="36" WC="0.96" CONTENT="vilkor:"/>
						</TextLine>
					</TextBlock>
					<TextBlock ID="block_5" HPOS="523" VPOS="2195" WIDTH="1485" HEIGHT="51">
						<TextLine ID="line_37" HPOS="523" VPOS="2195" WIDTH="1485" HEIGHT="51">
							<String ID="string_346" HPOS="523" VPOS="2203" WIDTH="53" HEIGHT="29" WC="0.96" CONTENT="att"/><SP WIDTH="39" VPOS="2203" HPOS="576"/>
							<String ID="string_347" HPOS="615" VPOS="2196" WIDTH="175" HEIGHT="44" WC="0.95" CONTENT="området,"/><SP WIDTH="42" VPOS="2196" HPOS="790"/>
							<String ID="string_348" HPOS="832" VPOS="2198" WIDTH="10" HEIGHT="33" WC="0.95" CONTENT="i"/><SP WIDTH="44" VPOS="2198" HPOS="842"/>
							<String ID="string_349" HPOS="886" VPOS="2197" WIDTH="96" HEIGHT="35" WC="0.96" CONTENT="hvad"/><SP WIDTH="46" VPOS="2197" HPOS="982"/>
							<String ID="string_350" HPOS="1028" VPOS="2197" WIDTH="129" HEIGHT="49" WC="0.89" CONTENT="Kongl."/><SP WIDTH="42" VPOS="2197" HPOS="1157"/>
							<String ID="string_351" HPOS="1199" VPOS="2197" WIDTH="117" HEIGHT="47" WC="0.77" CONTENT="Maj:t:"/><SP WIDTH="42" VPOS="2197" HPOS="1316"/>
							<String ID="string_352" HPOS="1358" VPOS="2195" WIDTH="403" HEIGHT="49" WC="0.91" CONTENT="befallningshafvande"/><SP WIDTH="30" VPOS="2195" HPOS="1761"/>
							<String ID="string_353" HPOS="1791" VPOS="2195" WIDTH="114" HEIGHT="37" WC="0.90" CONTENT="funne"/><SP WIDTH="29" VPOS="2195" HPOS="1905"/>
							<String ID="string_354" HPOS="1934" VPOS="2196" WIDTH="74" HEIGHT="36" WC="0.90" CONTENT="det-"/>
						</TextLine>
					</TextBlock>
				</ComposedBlock>
			</PrintSpace>
		</Page>
	</Layout>
</alto>
