2168 2628
706 215 252 30 Bankoutskottets
980 212 151 31 utlåtande
1154 212 43 29 Nr
1219 213 49 27 88.
1730 202 18 29 3

386 307 20 33 å
434 305 108 47 sjätte
571 303 235 36 huvudtiteln
835 330 7 6 .
885 330 7 6 .
935 329 6 7 .
985 329 7 6 -
1036 328 7 6 -
1086 328 6 7 -
1136 327 7 7 -
1191 298 134 36 kronor
1354 297 236 35 997.000:
1555 293 36 63 —

392 366 13 18 »
434 355 133 48 sjunde
679 366 13 18 »
833 381 57 7 er
934 380 56 7 re
1035 379 6 7 br
1085 378 57 7 es
1258 364 13 18 >
1356 348 236 42 224,000:
1561 344 35 50 —

393 418 13 18 »
434 406 149 36 åttonde
832 431 58 7 er
933 430 57 7 re
1034 431 6 6 sv
1084 429 57 7 er
1257 412 12 18 >»
1322 398 270 45 1,141,000:
1561 394 34 53 —

393 472 13 18 »
434 457 136 35 nionde
678 468 13 18 »
833 482 107 7 rr
1085 480 56 7 er
1259 465 11 15 >
1313 444 20 52 —
1355 449 236 43 318,000:
1560 444 27 52 —
1619 451 94 30 samt

323 560 60 35 till
423 559 250 47 förstärkning
713 570 42 23 av
787 556 44 36 de
859 556 57 35 till
944 553 201 37 avlönande
1173 566 43 22 av
1243 553 96 35 vissa
1366 555 107 32 extra
1501 548 291 48 befattningsha-

187 624 81 23 vare
295 611 100 35 inom
425 610 70 35 den
531 610 106 35 civila
661 607 363 47 statsförvaltningen
1044 609 93 32 samt
1158 605 54 34 till
1233 601 424 46 vikariatsersättningar
1677 612 46 23 m.
1745 612 46 22 m.

188 661 171 37 anvisade
386 661 117 36 medel

389 767 20 32 å
435 763 114 36 andra
578 761 232 36 huvudtiteln
835 789 6 5 .
885 788 6 6 .
935 788 7 6 .
986 787 6 6 -
1036 787 6 6 -
1086 787 7 6 -
1137 786 6 6 «
1192 758 137 34 kronor
1359 757 169 41 180,000:
1546 772 48 4 —

393 829 13 18 »
435 814 119 47 tredje
687 825 12 17 >
837 836 308 9 EE
1260 819 13 18 >
1408 807 121 42 4,000:
1545 823 50 4 —

394 892 2 2 »
436 864 119 47 fjärde
688 875 13 17 >
838 889 107 8 rs
990 888 56 7 re
1090 887 57 7 er
1386 857 208 43 20,000:
1567 852 32 55 —

394 931 13 17 >
436 915 112 36 femte
686 936 12 7 »
836 940 57 7 er
937 940 56 7 rr
1038 939 6 6 eo
1088 938 56 7 es
1360 908 170 42 140,000:
1546 924 49 4 —

394 978 14 10 >
436 967 108 46 sjätte
686 979 12 18 »
836 991 57 7 er
988 990 56 6 re
1088 989 57 7 er
1260 972 14 18 >
1358 959 172 43 350,000:
1545 975 50 4 —

437 1016 130 48 sjunde
839 1042 106 7 er
1090 1040 56 7 es
1262 1022 13 18 >
1360 1009 171 43 300,000:
1547 1026 49 3 —

395 1079 12 19 >»
437 1067 148 36 åttonde
689 1081 12 18 >
839 1093 57 6 er
940 1092 56 6 re
1090 1090 57 7 es
1262 1073 14 18 >
1316 1057 24 52 —
1360 1061 171 42 246,000:
1548 1077 47 3 —

404 1133 2 3 »
436 1118 135 35 nionde
686 1131 13 19 »
836 1143 58 8 er
937 1143 57 7 rr
1088 1141 57 8 er
1260 1127 13 18 >
1383 1111 145 44 70,000:
1543 1121 61 31 —;

325 1219 74 36 dels
425 1219 169 44 förklara,
623 1224 53 30 att
705 1217 245 37 kostnaderna
976 1215 57 37 för
1051 1213 278 49 ifrågavarande
1356 1211 321 47 löneförbättring,
1698 1211 12 34 i
1729 1209 69 36 vad

191 1272 70 36 den
290 1284 103 23 avser
422 1271 181 47 personal,
632 1270 103 34 såväl
764 1268 183 36 ordinarie
975 1279 78 23 som
1082 1270 112 37 extra,
1216 1265 65 35 hos
1302 1261 495 49 försäkringsinspektionen,

192 1327 122 44 mynt-
355 1321 67 36 och
459 1319 342 48 justeringsverket,
831 1322 144 44 patent-
1002 1316 68 36 och
1099 1314 396 49 registreringsverket,
1524 1317 139 31 statens
1692 1324 107 35 prov-

193 1373 258 48 ningsanstalt,
480 1376 138 30 statens
647 1371 133 35 anstalt
809 1368 57 37 för
893 1367 266 49 pensionering
1186 1379 43 23 av
1256 1364 279 36 folkskollärare
1564 1376 47 21 m.
1640 1363 48 42 fl.,
1718 1361 80 36 flot-

193 1429 82 31 tans
303 1423 284 48 pensionskassa
627 1422 67 34 och
727 1420 330 47 domänstyrelsen,
1086 1417 102 36 skola
1215 1419 87 45 utgå
1330 1428 44 23 av
1402 1415 43 35 de
1473 1413 131 44 medel,
1633 1426 43 22 av
1703 1412 98 36 vilka

192 1473 275 38 vederbörande
496 1473 106 35 verks
631 1473 88 34 eller
747 1470 227 47 inrättnings
1003 1468 259 36 omkostnader
1289 1468 12 33 i
1329 1467 121 46 övrigt
1477 1463 196 43 bestridas;

328 1574 74 36 dels
443 1574 179 48 medgiva,
665 1578 53 30 att
759 1571 247 37 kostnaderna
1046 1570 55 36 för
1132 1567 277 51 ifrågavarande
1438 1565 320 47 löneförbättring,
1787 1565 12 34 i

194 1627 67 36 vad
303 1626 71 36 den
416 1638 103 23 avser
558 1624 361 47 befattningshavare
956 1625 19 32 å
1012 1623 185 34 allmänna
1222 1619 374 47 indragningsstaten,
1626 1619 59 32 må
1712 1618 89 45 utgå

195 1691 42 22 av
265 1676 324 48 förslagsanslaget
617 1675 55 35 till
701 1674 159 36 nämnda
888 1678 86 37 stat;

329 1777 75 36 dels
432 1776 63 36 ock
522 1775 177 48 medzgiva,
729 1779 53 31 att
809 1775 57 34 till
894 1773 222 36 innehavare
1144 1785 41 21 av
1213 1771 277 45 anställningar,
1520 1767 63 36 vid
1611 1768 97 35 vilka
1727 1766 74 35 till-

196 1829 106 44 fallig
342 1826 311 48 löneförbättring
681 1825 57 36 för
766 1828 39 32 år
836 1826 94 34 1920
960 1826 58 33 må
1044 1823 145 35 komma
1217 1826 53 31 att
1298 1820 169 46 beviljas,
1497 1822 117 33 såsom
1645 1816 155 36 förskott

195 1882 11 33 i
234 1879 201 46 avräkning
463 1881 19 32 å
510 1878 70 35 den
609 1876 187 46 tillfälliga
824 1874 322 46 löneförbättring,
1176 1885 78 22 som
1283 1872 68 34 kan
1380 1870 112 36 varda
1520 1869 104 35 dessa
1652 1868 150 35 anställ-

197 1930 243 48 ningshavare
467 1927 160 48 beviljad
656 1927 56 35 för
738 1929 39 32 år
808 1927 106 41 1921,
944 1928 69 40 må,
1043 1928 46 44 på
1116 1928 71 31 sätt
1209 1923 67 35 och
1298 1921 83 36 med
1401 1921 43 35 de
1464 1919 181 37 förbehåll
1667 1918 133 47 Kungl.

197 1981 104 45 Maj:t
341 1986 169 29 närmare
551 1979 228 41 bestämmer,
823 1976 179 35 utbetalas
1035 1974 67 36 vad
1137 1986 77 23 som
1243 1973 118 35 skolat
1391 1974 97 44 utgå,
1518 1970 123 36 därest
1669 1969 44 35 de
1740 1969 62 34 be-

197 2031 226 36 stämmelser
463 2042 77 22 som
581 2027 58 36 för
678 2026 247 37 innevarande
966 2029 39 32 år
1046 2028 59 32 må
1143 2024 110 35 varda
1286 2021 223 43 meddelade,
1535 2021 134 45 jämväl
1698 2019 104 35 bleve

196 2080 169 46 gällande
395 2079 57 36 för
479 2083 39 31 år
548 2080 111 40 1921;
689 2085 169 28 ävensom
888 2076 65 35 där
979 2074 278 48 ifrågavarande
1286 2072 158 36 förskott
1472 2072 30 45 ej
1533 2077 132 42 prövas
1685 2069 116 47 lämp-

197 2132 99 46 ligen
337 2131 88 34 böra
465 2128 139 36 avföras
642 2131 20 32 å
698 2127 44 35 de
770 2127 130 42 medel,
930 2139 43 22 av
1000 2126 97 34 vilka
1124 2122 273 37 vederbörande
1425 2122 105 34 verks
1558 2121 89 34 eller
1675 2121 128 32 inrätt-

198 2183 108 44 nings
334 2179 262 36 omkostnader
623 2179 8 34 i
662 2178 121 46 övrigt
811 2176 190 43 bestridas,
1031 2180 53 30 att
1111 2174 56 36 för
1195 2173 202 36 förskotten
1429 2175 57 31 må
1513 2170 35 36 få
1575 2176 103 42 tagas
1706 2170 10 34 i
1741 2182 62 21 an-

198 2232 107 47 språk
346 2230 61 36 det
447 2230 137 46 anslag,
627 2241 77 23 som
746 2231 59 32 må
844 2225 112 37 varda
984 2229 118 32 såsom
1132 2224 210 47 avsättning
1369 2223 55 35 till
1453 2221 162 47 tillfällig
1645 2218 158 37 löneför-

199 2282 166 47 bättring
392 2280 57 36 för
477 2283 39 32 år
546 2281 91 34 1921
670 2292 42 22 av
740 2278 191 47 riksdagen
963 2277 159 46 beviljat.
