1940 2864
348 177 101 28 Andra
473 178 183 27 kammarens
676 174 146 38 fjärde
847 178 149 35 tillfälliga
1022 178 118 27 utskotts
1163 178 146 27 utlåtande
1334 177 44 28 Nr
1404 179 26 26 7.
1616 177 19 29 3

188 256 214 39 Fullmäktige
429 258 153 39 avstyrka
608 257 150 38 sålunda,
785 261 43 27 att
854 257 187 39 grunderna
1067 258 49 29 för
1142 257 238 39 förvaltningen
1407 267 39 20 av
1469 258 166 38 pensions-

143 309 325 39 försäkringsfonden
497 311 120 30 ändras
644 312 41 38 på
712 311 7 30 i
745 311 165 30 motionen
937 311 116 39 åsyftat
1081 313 72 28 sätt.

188 363 376 41 (icneralpoststyrelsen
591 364 95 31 anför
711 365 8 29 i
746 365 112 38 frågan
886 364 98 30 bland
1010 367 100 27 annat
1135 364 158 39 följande:

187 415 48 30 Då
270 417 304 39 postsparbankens
611 417 293 31 överskottsmedel
941 427 77 20 vore
1056 418 198 29 insättarnas
1284 417 169 39 egendom,
1480 427 76 20 vore
1583 418 53 29 det

141 460 135 38 givetvis
301 461 202 39 nödvändigt
527 465 46 27 att
597 462 50 30 för
673 462 97 30 dessa
795 461 105 31 medel
926 462 99 29 vinna
1049 471 40 20 en
1115 461 175 39 placering,
1317 471 70 20 som
1411 461 108 31 kunde
1538 471 97 21 anses

141 504 159 31 innebära
326 505 122 39 fullgod
474 506 161 30 säkerhet.
662 505 114 39 Någon
802 506 186 30 förlustrisk
1010 506 92 29 torde
1121 506 71 30 icke
1211 506 111 29 kunna
1339 505 79 30 eller
1436 506 80 29 böra
1533 509 101 35 tagas,

142 550 81 29 även
261 558 53 21 om
352 549 188 31 ändamålet
564 550 73 30 med
664 550 63 30 den
753 549 188 40 upplåning,
968 559 70 20 som
1064 550 121 36 söktes,
1211 559 77 21 vore
1314 550 117 29 socialt
1454 550 180 38 gagnande.

142 593 377 40 Generalpoststyrelsen
546 594 146 30 saknade
719 594 87 30 inom
828 594 48 38 sig
894 594 103 30 sådan
1015 594 226 30 fackutbildad
1259 593 163 39 personal,
1441 603 70 21 som
1529 594 106 30 skulle

141 638 166 30 erfordras
344 638 51 30 för
430 648 40 21 en
504 638 105 31 direkt
634 639 160 38 prövning
819 648 40 20 av
883 638 115 31 värdet
1022 648 40 20 av
1087 647 39 21 en
1153 638 195 39 anläggning
1373 647 40 21 av
1438 638 59 30 här
1521 638 115 38 ifråga-

141 682 145 31 varande
323 682 79 39 slag,
440 683 61 30 och
538 683 93 31 bleve
668 682 96 31 alltså
794 682 161 31 hänvisad
985 686 45 27 att
1054 683 57 30 lita
1140 683 46 29 till
1216 683 132 29 särskilt
1376 682 159 31 tillkallad
1565 682 71 31 sak-

141 726 132 39 kunnig.
312 726 72 31 Men
422 729 82 29 även
539 727 54 31 det
622 726 190 40 fortgående
842 727 207 31 underhållet
1074 727 61 30 och
1162 727 62 31 den
1249 727 217 30 ekonomiska
1490 727 146 31 skötseln

142 779 40 21 av
218 770 238 41 anläggningen
493 771 103 32 måste
633 782 40 20 av
703 782 41 21 en
770 772 165 39 långivare
960 772 96 39 följas
1081 772 75 30 med
1182 772 301 39 uppmärksamhet,
1509 772 61 30 och
1595 781 41 21 en

142 815 89 40 dylik
257 816 230 32 övervakande
512 817 210 30 verksamhet
740 816 72 31 från
829 816 389 40 generalpoststyrelsens
1236 816 72 30 sida
1325 816 91 31 torde
1435 816 70 43 icke
1523 817 113 29 kunna

141 858 238 41 åvägabringas
416 864 79 27 utan
531 862 89 29 vissa
656 861 210 39 olägenheter
896 861 62 30 och
982 863 64 28 rätt
1070 864 90 27 stora
1184 861 243 30 omkostnader.
1466 860 91 31 Även
1582 870 53 21 om

143 904 108 31 denna
286 905 264 39 värdeprövning
585 906 62 30 och
684 905 208 39 fortlöpande
928 905 109 39 tillsyn
1064 905 106 30 skulle
1196 905 112 30 kunna
1331 905 304 31 tillfredsställande

141 949 132 38 ordnas,
300 949 86 31 hölle
412 950 181 31 emellertid
618 949 371 40 generalpoststyrelsen
1014 949 80 37 före,
1121 953 46 27 att
1188 949 153 31 säkerhet
1358 958 40 21 av
1416 949 220 31 omhandlade

141 993 71 39 slag
235 994 71 30 icke
333 994 109 31 kunde
468 1003 97 22 anses
589 1004 81 21 vara
695 995 37 30 så
756 994 120 37 riskfri,
903 1003 70 21 som
999 1003 76 21 man
1101 993 104 32 måste
1230 994 121 38 fordra,
1379 992 41 32 då
1449 994 53 31 det
1528 994 108 39 gällde

141 1038 168 39 placering
333 1047 41 22 av
398 1039 305 39 postsparbankens
729 1038 302 32 överskottsmedel.

187 1090 46 32 På
269 1092 140 31 anförda
445 1092 71 31 skäl
553 1093 171 40 avstyrker
756 1092 371 40 generalpoststyrelsen
1158 1092 91 31 bifall
1273 1092 47 31 till
1346 1092 167 31 motionen
1538 1093 9 30 i
1572 1092 63 31 vad

142 1145 193 32 densamma
360 1155 95 22 avser
480 1146 296 40 postsparbanken.

185 1199 375 41 Vattenfallsstyrelsens
584 1200 151 40 yttrande
761 1201 9 29 i
795 1199 114 40 frågan
935 1202 35 28 är
995 1209 40 21 av
1060 1199 144 39 följande
1230 1199 136 40 lydelse:

196 1251 61 32 »Då
283 1253 53 31 det
360 1254 10 29 i
388 1254 167 30 motionen
572 1252 149 39 föreslås,
741 1257 45 27 att
799 1253 115 39 Kungl.
933 1253 89 39 Maj:t
1038 1253 60 31 bör
1119 1253 151 39 medgiva
1286 1253 350 40 vattenfallsstyrelsen

143 1297 151 39 rättighet
319 1301 46 27 att
389 1298 132 39 placera
545 1298 73 31 sina
642 1298 118 31 fonder
784 1299 9 29 i
818 1297 54 31 lån
897 1298 47 30 till
962 1298 177 31 elektriska
1158 1297 426 40 distributionsföreningar,
1600 1297 37 31 så

143 1342 92 31 torde
260 1344 147 29 närmast
431 1343 84 30 hava
540 1346 122 27 avsetts
687 1343 106 30 medel
818 1352 39 21 ur
882 1345 122 28 statens
1029 1342 287 31 vattenfallsverks
1341 1342 293 40 förnyelsefonder.

143 1386 104 31 Dessa
282 1385 109 41 uppgå
426 1387 64 30 vad
524 1387 211 31 kraftverken
760 1387 155 31 beträffar
944 1386 50 31 för
1018 1386 207 31 närvarande
1249 1387 47 30 till
1322 1387 92 30 cirka
1438 1387 19 30 9
1482 1387 77 30 mill.
1587 1387 47 30 kr.

143 1431 62 30 och
241 1431 133 31 komma
409 1431 105 32 under
551 1432 62 31 den
650 1433 165 29 närmaste
851 1431 89 31 tiden
977 1435 45 27 att
1046 1433 86 29 växa
1156 1431 129 31 relativt
1309 1431 129 38 snabbt,
1464 1430 37 32 så
1526 1434 45 28 att
1596 1432 39 30 de

142 1475 82 31 efter
263 1475 39 31 10
327 1476 36 30 år
389 1475 163 32 beräknas
578 1485 79 22 vara
681 1486 87 30 uppe
793 1477 10 29 i
828 1486 40 21 en
893 1476 122 31 storlek
1041 1485 40 22 av
1106 1475 41 31 25
1173 1478 19 28 å
1217 1475 43 31 30
1284 1476 77 30 mill.
1390 1476 46 30 kr.
1474 1476 161 31 Eftersom

142 1520 329 40 förnyelsefonderna
507 1521 112 31 kunna
656 1523 96 37 sägas
788 1521 167 31 innehålla
992 1521 38 31 de
1068 1520 118 38 medel,
1220 1530 70 21 som
1315 1524 167 27 motsvara
1507 1521 62 31 den
1594 1521 43 39 på

142 1565 105 39 grund
272 1574 39 22 av
337 1566 114 39 slitage
476 1566 99 39 enligt
599 1566 91 31 äldre
716 1566 142 39 begrepp
884 1565 214 40 erforderliga
1123 1566 254 39 avskrivningen
1402 1566 62 30 och
1481 1565 154 32 eftersom

144 1609 54 31 det
223 1610 205 40 naturligtvis
453 1611 91 30 alltid
569 1611 150 30 kommer
743 1614 46 27 att
812 1610 178 32 förefinnas
1020 1614 44 27 ett
1088 1611 81 30 visst
1194 1610 112 40 slitage
1336 1611 89 30 inom
1451 1610 185 40 anläggnin-

142 1663 112 30 garna,
291 1653 38 32 så
364 1655 133 31 komma
537 1655 329 41 förnyelsefonderna
895 1655 104 39 aldrig
1034 1658 46 28 att
1119 1655 128 31 behöva
1286 1655 204 39 fullständigt
1524 1655 112 31 länsas

142 1699 54 30 vid
222 1699 294 40 anläggningarnas
541 1700 175 40 förnyelse.
743 1700 60 31 Det
827 1702 36 28 är
888 1700 114 30 därvid
1027 1700 176 37 sannolikt,
1222 1703 46 27 att
1285 1700 53 31 det
1355 1700 133 39 kapital,
1507 1709 70 22 som
1596 1709 41 22 en

142 1742 85 41 gång
250 1744 130 31 tillförts
398 1744 339 41 förnyelsefonderna,
756 1745 71 31 icke
845 1745 149 30 kommer
1011 1748 46 27 att
1073 1744 166 31 erfordras
1258 1744 50 31 för
1325 1744 191 40 förnyelser,
1534 1745 102 30 innan

121 1804 2 2 :
142 1788 162 31 fonderna
328 1789 92 30 vuxit
443 1790 47 30 till
516 1789 42 31 20
583 1792 19 28 å
626 1789 43 31 30
693 1790 78 30 mill.
797 1790 58 37 kr.,
882 1790 9 29 i
917 1789 53 31 det
994 1793 46 27 att
1064 1789 184 31 kostnaden
1277 1789 50 31 för
1354 1789 39 31 de
1418 1789 126 31 mindre
1574 1789 62 31 för-

143 1833 139 40 nyelser,
308 1843 71 21 som
405 1833 36 31 år
465 1834 51 31 för
540 1833 36 31 år
601 1833 104 32 måste
729 1836 106 37 göras,
862 1834 65 31 kan
951 1834 162 31 bestridas
1139 1834 74 31 med
1231 1843 40 22 en
1297 1834 51 31 del
1367 1843 40 21 av
1425 1834 53 31 det
1494 1834 142 39 löpande

143 1876 87 32 årets
256 1879 185 39 avsättning
465 1879 47 30 till
537 1879 256 40 förnyelsefond.

188 1922 95 32 Utom
320 1923 139 31 verkens
497 1923 283 41 förnyelsefonder
804 1923 157 31 förvaltar
985 1923 350 40 vattenfallsstyrelsen
1361 1925 82 29 även
1469 1924 167 39 pensions-

143 1967 117 31 fonder
295 1967 51 32 för
382 1968 206 39 personalen,
621 1978 74 21 men
722 1967 41 32 då
788 1968 169 31 desamma
982 1968 198 31 åtminstone
1205 1968 51 31 för
1280 1968 207 32 närvarande
1513 1971 56 28 äro
1596 1978 40 21 av

143 2012 129 31 relativt
296 2013 92 39 ringa
413 2013 131 38 storlek,
570 2013 93 31 torde
689 2023 76 21 man
794 2013 112 31 kunna
930 2013 110 31 bortse
1065 2012 73 31 från
1164 2013 73 31 dem
1255 2013 9 30 i
1283 2013 87 31 detta
1387 2013 247 40 sammanhang.

188 2057 234 31 Kraftverkens
460 2058 284 39 förnyelsefonder
780 2060 56 29 äro
873 2058 51 31 för
959 2058 207 31 närvarande
1202 2058 47 30 till
1286 2058 82 30 allra
1396 2060 120 29 största
1541 2058 95 31 delen

143 2101 174 40 placerade
343 2102 9 30 i
377 2102 326 39 riksgäldskontoret,
730 2103 62 31 och
815 2102 352 40 vattenfallsstyrelsen
1192 2101 141 40 åtnjuter
1358 2102 19 31 å
1402 2103 169 31 desamma
1595 2112 41 22 en

143 2148 103 36 ränta,
273 2156 71 21 som
370 2147 74 30 med
470 2143 40 37 !/2
527 2146 28 38 4
583 2148 179 39 överstiger
786 2148 115 39 högsta
925 2147 151 40 gällande
1103 2147 307 39 depositionsränta.
1449 2147 187 32 Emellertid

143 2191 60 30 har
238 2191 349 40 vattenfallsstyrelsen
623 2192 103 31 redan
751 2192 103 31 under
884 2191 196 40 föregående
1106 2191 36 31 år
1166 2192 79 39 tagit
1268 2192 105 31 under
1397 2192 238 40 övervägande,

142 2236 164 30 huruvida
342 2236 71 31 icke
443 2236 99 31 bland
567 2240 101 27 annat
692 2237 51 31 för
767 2237 164 30 vinnande
958 2246 39 21 av
1022 2237 99 39 högre
1147 2237 290 39 ränteavkastning
1461 2246 40 22 en
1526 2246 110 22 annan

143 2280 167 40 placering
345 2290 40 21 av
421 2281 129 31 medlen
586 2281 109 31 kunde
720 2283 96 38 göras
842 2282 62 31 och
929 2281 114 31 därvid
1069 2283 83 29 även
1177 2280 178 41 ifrågasatt,
1382 2285 46 27 att
1452 2281 106 40 någon
1584 2282 51 31 del

143 2334 41 22 av
208 2325 329 40 förnyelsefonderna
562 2326 106 31 skulle
694 2327 112 30 kunna
830 2325 130 32 utlånas
985 2326 47 31 till
1059 2326 39 31 de
1115 2326 48 31 till
1181 2330 122 27 statens
1322 2327 144 30 kraftnät
1482 2327 154 30 anslutna

144 2370 472 41 distributionsföreningarna.
644 2370 48 32 Då
717 2371 96 31 dessa
837 2371 369 40 vattenfallsstyrelsens
1232 2371 114 40 planer
1372 2371 147 40 delgivits
1537 2381 40 21 en
1596 2381 40 21 av

144 2415 364 40 styrelseledamöterna
545 2416 9 30 i
590 2416 338 40 Mälarprovinsernas
964 2416 178 31 elektriska
1178 2416 232 39 länsförening,
1448 2416 99 40 ligger
1583 2416 54 32 det

145 2460 198 39 antagandet
379 2462 80 29 nära
494 2460 47 31 till
578 2461 115 37 hands,
732 2464 45 28 att
802 2461 53 31 det
879 2463 36 28 är
940 2461 87 31 detta
1052 2461 149 39 uppslag,
1227 2470 70 21 som
1323 2461 153 31 föranlett
1500 2461 136 31 länsför-

146 2504 158 39 eningens
330 2504 122 40 förslag
477 2505 8 30 i
511 2505 158 31 skrivelse
693 2506 48 30 till
766 2506 115 31 chefen
907 2506 50 30 för
986 2506 108 39 kungl.
1124 2505 438 40 jordbruksdepartementet
1590 2502 46 42 (se

1663 363 182 31 Generalpost-

1685 399 136 32 styrelsen.

1669 1197 171 26 Vattenfalls-

1686 1233 136 33 styrelsen.
