1888 2820
249 150 40 30 74
735 151 228 28 Statsutskottets
985 151 148 28 utlåtande
1156 152 49 26 Nr
1227 150 27 30 3.

246 225 103 31 tande
384 225 30 40 ej
448 227 54 29 må
532 225 193 31 föranledas
759 236 40 20 av
832 224 67 32 den
934 225 308 41 omständigheten,
1266 228 48 29 att
1336 226 191 42 vårdavgift
1549 228 52 31 för
1622 238 129 30 person

245 267 73 31 från
342 278 112 20 annan
478 269 54 29 ort
554 269 99 39 utgår
674 267 78 32 med
774 267 105 41 högre
901 267 138 41 belopp.

301 309 218 41 Statsbidrag
542 311 54 29 må
617 309 74 31 icke
714 311 19 29 å
755 311 111 39 någon
890 310 127 31 anstalt
1039 311 81 39 utgå
1142 310 53 30 för
1218 311 108 30 större
1349 310 93 31 antal
1466 311 215 42 sjukplatser,
1706 314 43 30 än

245 362 75 20 som
354 362 41 20 av
423 351 353 41 medicinalstyrelsen
808 352 184 31 fastställts
1025 351 83 32 eller
1141 352 186 31 fastställes
1362 354 115 29 såsom
1511 354 238 32 motsvarande

245 393 133 31 normal
400 393 207 42 beläggning
629 404 40 20 av
691 394 180 31 anstalten.

298 435 218 41 Statsbidrag
539 437 55 29 må
615 435 74 32 icke
711 436 52 31 för
786 447 130 20 samma
939 435 51 32 tid
1013 437 79 39 utgå
1115 436 53 31 för
1190 436 81 31 flera
1294 436 210 41 sjukplatser
1519 440 55 29 än:
1591 438 53 31 för
1660 439 87 38 stad,

243 488 76 20 som
352 478 75 31 icke
454 477 153 41 deltager
628 478 13 30 i
663 478 182 41 landsting,
871 488 42 21 en
937 480 43 39 på
1001 478 91 41 varje
1115 478 48 31 tal
1186 489 41 20 av
1248 480 158 30 tvåtusen
1430 489 41 21 av
1494 480 139 31 stadens
1659 480 89 31 invå-

242 530 91 27 nare,
368 519 65 32 och
466 520 53 30 för
540 519 335 42 landstingsområde
899 531 42 20 en
964 521 43 40 på
1029 520 91 41 varje
1143 521 151 31 tusental
1316 532 40 20 av
1378 520 370 44 landstingsområdets

241 561 175 38 invånare;
451 561 88 32 dock
572 564 50 29 att
653 562 58 31 vid
737 562 189 41 beräkning
948 574 41 19 av
1011 562 58 32 det
1091 562 94 32 antal
1207 563 216 41 sjukplatser,
1448 563 53 31 för
1523 564 103 32 vilket
1649 567 99 29 stats-

242 603 122 42 bidrag
387 604 145 32 sålunda
554 604 103 41 högst
679 606 54 29 må
755 604 53 32 för
831 615 130 21 samma
983 604 50 31 tid
1055 606 91 40 utgå,
1170 600 133 82 hänsyn
1319 605 74 31 icke
1411 604 88 32 skall
1514 608 94 40 tagas
1625 607 52 31 till
1693 618 54 20 an-

242 646 129 37 stalter,
407 657 73 21 som
515 648 58 29 äro
607 646 148 32 avsedda
787 647 54 31 för
874 647 83 31 vård
979 658 41 20 av
1043 647 99 40 sjuka
1164 647 74 31 från
1286 647 52 31 hela
1359 647 90 32 riket
1472 649 82 30 utan
1576 649 170 32 företräde

240 688 54 31 för
327 688 98 41 sjuka
458 688 74 32 från
566 688 70 32 viss
660 689 82 31 eller
763 689 92 31 vissa
878 689 200 31 kommuner
1100 689 84 31 eller
1205 690 74 31 från
1301 690 86 31 visst
1410 690 335 42 landstingsområde

241 730 83 31 eller
347 741 73 20 som
444 730 115 32 drivas
582 742 40 20 av
644 731 194 41 föreningar
861 731 83 31 eller
966 731 163 31 enskilda.

294 771 219 43 Statsbidrag
544 775 109 39 utgår,
687 773 77 31 med
786 773 234 42 nyssnämnda
1042 773 293 41 inskränkningar.
1360 774 80 31 med
1462 775 42 30 90
1526 777 56 29 öre
1605 775 52 32 för
1680 775 66 42 dag

240 815 64 30 och
327 815 142 41 patient,
491 815 53 31 för
566 815 113 31 vilken
701 815 233 42 vårdavgiften
958 815 28 42 ej
1012 818 131 39 uppgår
1166 816 54 31 till
1242 816 105 41 högre
1369 816 130 41 belopp
1522 819 42 29 än
1580 828 42 20 en
1637 818 108 31 krona

238 856 43 32 50
302 858 59 30 öre
384 868 54 20 om
463 857 123 41 dagen;
611 857 87 31 dock
720 860 58 36 att,
802 858 61 31 där
886 858 170 31 anstalten
1079 860 37 29 är
1138 858 12 30 i
1172 858 108 31 första
1301 858 92 31 hand
1417 859 129 31 avsedd
1566 859 52 31 för
1634 859 109 42 sjuka,

237 898 209 32 tillhörande
480 899 71 32 viss
585 900 82 31 eller
689 900 92 31 vissa
803 900 203 31 kommuner
1028 900 81 31 eller
1131 899 88 32 visst
1240 900 344 42 landstingsområde,
1609 902 135 32 statsbi-

238 940 84 43 drag
354 944 55 28 må
443 943 81 40 utgå
552 942 52 31 för
636 942 82 31 vård
746 943 18 30 å
787 942 171 41 sjukplats
981 942 52 31 för
1054 942 121 41 fattiga
1197 942 98 41 sjuka
1317 953 40 20 av
1379 942 134 41 patient
1535 943 73 32 från
1631 955 113 21 annan

238 985 62 36 ort,
324 983 90 31 ändå
436 986 50 29 att
508 984 233 41 vårdavgiften
764 984 53 31 för
839 985 128 30 honom
991 986 98 39 utgår
1110 984 80 31 med
1213 984 103 41 högre
1339 984 140 42 belopp.

290 1026 203 41 Ansökning
526 1037 55 20 om
615 1026 210 42 statsbidrag
857 1027 53 31 för
953 1026 87 31 visst
1062 1028 36 29 år
1121 1026 96 36 skall,
1242 1026 101 32 ställd
1367 1027 53 31 till
1443 1026 301 43 medicinalstyrel-

236 1078 61 21 sen
322 1068 71 31 före
416 1070 173 39 utgången
612 1079 41 20 av
675 1068 284 42 nästföregående
983 1070 36 29 år
1040 1068 132 41 ingivas
1195 1068 54 32 till
1271 1069 148 31 nämnda
1442 1069 208 42 myndighet.

291 1109 114 32 Sedan
433 1110 353 42 medicinalstyrelsen
809 1111 164 41 granskat
995 1111 463 41 ansökningshandlingarna
1481 1111 64 32 och
1567 1112 100 31 fattat
1689 1113 54 31 be-

236 1151 70 31 slut
328 1152 11 30 i
362 1152 94 41 fråga
479 1163 56 21 om
559 1153 58 31 det
639 1153 147 41 begärda
810 1153 254 41 statsbidraget,
1088 1153 63 31 har
1174 1153 168 41 styrelsen
1366 1155 50 29 att
1439 1165 56 20 om
1519 1154 150 32 beslutet
1685 1166 57 20 un-

234 1194 152 31 derrätta
408 1194 186 32 sökanden.

287 1236 131 32 Varder
452 1237 210 41 statsbidrag
695 1237 52 31 för
779 1237 87 31 visst
900 1241 37 27 år
963 1237 149 41 beviljat,
1137 1237 87 31 skall
1247 1237 189 32 detsamma
1459 1238 171 32 utbetalas
1652 1239 90 32 halv-

234 1278 110 32 årsvis
377 1278 12 31 1
424 1279 189 32 efterskott.
659 1279 215 32 Rekvisition
898 1281 20 29 å
939 1279 140 42 beviljat
1102 1279 210 42 statsbidrag
1334 1280 88 31 skall
1444 1279 132 43 ingivas
1599 1281 53 31 till
1676 1292 65 20 me-

234 1320 299 42 dicinalstyrelsen
557 1322 86 31 efter
664 1324 170 39 utgången
859 1333 40 20 av
921 1321 75 42 juni
1019 1321 63 32 och
1106 1321 180 32 december
1307 1322 172 31 månader.

288 1363 139 31 Antalet
453 1363 53 31 för
528 1363 204 42 budgetåret
756 1364 209 31 1928—-1929
989 1364 442 41 statsbidragsberättigade
1454 1364 213 41 vårdplatser
1688 1365 54 32 för

233 1405 157 31 kroniskt
413 1406 99 40 sjuka
535 1406 61 31 har
618 1406 11 30 i
653 1406 379 41 statsrådsprotokollet
1054 1406 185 32 beräknats
1261 1408 44 39 på
1326 1407 152 41 följande
1502 1408 80 30 sätt:

234 1482 45 40 på
301 1481 174 38 anstalter,
500 1481 198 31 anordnade
721 1493 39 19 av
783 1481 196 41 föreningar
1003 1481 81 31 eller
1107 1481 157 32 enskilda
1374 1507 108 4 orre
1582 1508 2 2 .
1679 1484 61 31 100

251 1535 12 15 >»
298 1522 364 42 landstingsanstalter
812 1548 48 4 Må
876 1548 20 4 MN
928 1548 72 4 NET
1011 1518 34 44 fVäb
1058 1549 11 4 r
1102 1549 1 3 o
1113 1518 9 44 a
1136 1550 60 2 TDENERAN
1226 1549 16 4 oc
1256 1548 20 5 oo
1296 1549 128 4 RFERVIRSER
1560 1549 26 4 NN
1677 1525 63 32 622

247 1577 12 15 »
299 1565 370 41 fattigvårdsanstalter
833 1590 61 4 ene
926 1592 2 2 FdBKM
960 1591 16 4 SONG
1006 1590 95 5 Wan
1131 1591 5 4 ERNER
1179 1590 39 4 rd
1346 1560 30 49 sv:
1582 1592 37 4 -.
1647 1568 93 37 1,384

249 1619 12 14 >»
299 1607 167 32 anstalter
488 1608 11 30 i
524 1607 124 38 städer,
673 1618 74 21 som
771 1608 29 41 ej
826 1608 136 41 deltaga
983 1608 12 31 i
1018 1608 176 41 landsting
1281 1633 15 4 -
1406 1633 201 5 een
1675 1610 64 30 475

1482 1667 139 32 Summa
1644 1669 91 37 2,581

229 1708 85 30 eller
336 1708 12 30 i
371 1708 169 31 avrundat
564 1709 46 30 tal
633 1709 94 32 2.580
749 1709 138 41 platser.

286 1800 402 42 Statsbidragsbeloppet
710 1802 52 30 för
785 1802 96 31 detta
904 1802 184 41 platsantal
1112 1804 100 39 utgör
1234 1803 52 30 för
1308 1802 71 31 helt
1402 1805 38 28 år
1455 1802 104 42 (2,580
1578 1811 25 25 X
1622 1803 62 32 365
1704 1812 26 25 x

228 1851 29 30 0:
271 1850 51 42 90)
345 1851 137 37 846,530
504 1851 127 32 kronor
654 1852 82 31 eller
758 1852 11 30 i
793 1852 168 31 avrundat
984 1853 47 30 tal
1054 1853 136 38 847,000
1212 1853 133 31 kronor.
1391 1853 219 32 Beträffande
1633 1854 41 32 85
1697 1866 40 19 av

229 1901 42 31 de
305 1901 130 41 platser
468 1903 20 29 å
510 1901 371 42 landstingsanstalter,
906 1914 74 20 som
1005 1903 183 41 medtagits
1211 1903 12 31 i
1245 1903 242 41 beräkningen,
1512 1904 104 41 gäller
1638 1905 99 31 emel-

227 1951 112 38 lertid,
375 1953 49 29 att
458 1951 42 31 de
535 1952 30 40 ej
600 1951 117 32 kunna
749 1954 120 30 väntas
892 1952 92 32 bliva
1006 1953 130 41 färdiga
1159 1953 64 31 och
1246 1954 170 41 avsynade
1438 1954 13 30 i
1475 1954 105 31 sådan
1603 1954 58 38 tid,
1687 1958 49 28 att

229 2001 247 41 statsbidraget
510 2020 38 4 —
585 2013 73 20 som
695 2003 171 31 utbetalas
900 2003 188 32 halvårsvis
1122 2004 11 30 i
1168 2004 179 31 efterskott
1374 2023 38 4 —
1439 2005 67 30 kan
1529 2005 134 31 komma
1686 2008 50 28 att

227 2052 110 31 under
359 2052 205 41 budgetåret
587 2054 81 39 utgå
692 2053 76 31 med
794 2053 72 32 helt
889 2054 194 41 årsbelopp.
1129 2054 18 30 I
1170 2054 185 41 anledning
1376 2055 105 31 härav
1504 2055 61 31 har
1580 2055 58 31 det
1653 2066 82 31 upp-

228 2104 100 39 tagna
361 2103 165 41 beloppet
554 2105 131 30 ansetts
709 2104 115 31 kunna
847 2104 181 31 reduceras
1052 2105 77 30 med
1153 2116 42 19 en
1218 2104 166 41 fjärdedel
1407 2117 41 19 av
1471 2105 264 42 statsbidragets

225 2153 186 40 årsbelopp
435 2153 52 31 för
510 2153 101 31 dessa
634 2154 41 31 85
697 2154 129 41 platser
849 2155 83 30 eller
956 2155 76 30 med
1055 2155 11 30 i
1089 2157 81 29 runt
1192 2156 47 30 tal
1263 2155 91 38 7,000
1376 2156 128 31 kronor
1527 2156 51 31 till
1600 2156 135 39 840,000

227 2203 135 31 kronor.

279 2253 128 32 Härtill
441 2254 62 31 har
537 2254 192 31 emellertid
762 2258 132 28 ansetts
928 2255 84 31 böra
1034 2256 115 41 läggas
1174 2259 49 28 ett
1245 2256 135 41 belopp,
1406 2268 75 20 som
1504 2257 66 31 kan
1593 2258 140 40 antagas

225 2306 171 29 motsvara
430 2304 374 42 driftkostnadsbidrag
836 2307 53 30 för
917 2308 50 29 ett
989 2306 165 31 beräknat
1177 2306 92 31 antal
1291 2308 91 30 ännu
1406 2308 29 40 ej
1460 2307 111 31 kända
1594 2308 138 41 platser,

225 2354 89 31 vilka
347 2354 116 31 kunna
495 2355 137 31 komma
665 2357 49 29 att
746 2356 172 31 anordnas
941 2356 11 31 i
976 2356 104 32 sådan
1105 2357 50 30 tid
1179 2357 71 31 före
1274 2359 170 40 utgången
1469 2369 40 19 av
1531 2358 201 41 budgetåret

230 2404 213 33 1928-—1929.
479 2407 49 29 att
561 2405 372 42 driftkostnadsbidrag
966 2406 52 32 till
1051 2408 111 40 någon
1196 2407 55 31 del
1274 2407 151 32 kommer
1448 2410 51 29 att
1521 2410 79 38 utgå
1624 2408 109 32 under
