1880 2822
57 2005 136 23 Utskottets

64 2040 117 29 yttrande,

255 144 44 44 926
752 154 230 29 Statsutskottets
1005 156 146 29 utlåtande
1173 157 49 28 Nr
1245 155 27 31 5.

257 226 167 31 särskilda
446 237 40 20 av
509 226 124 42 Kungl.
651 227 98 42 Maj:t
771 229 192 32 fastställda
985 232 148 40 grunder
1155 233 53 30 för
1231 234 159 32 ombudets
1411 235 239 33 resekostnader
1670 240 89 30 samt

256 277 115 30 arvode
385 276 60 41 för
467 277 70 31 tolk.
582 277 69 31 För
675 278 213 33 sistnämnda
910 280 90 32 båda
1022 282 155 31 ändamål
1200 283 62 31 har
1277 284 53 31 för
1345 284 229 35 innevarande
1590 287 169 42 budgetår

256 325 167 33 bestämts
456 329 49 29 ett
537 328 269 43 maximibelopp
839 341 40 20 av
914 331 92 38 1,500
1038 332 133 32 kronor.
1230 333 263 44 Sammanlagda
1526 338 145 41 utgiften
1706 339 52 31 för

256 376 253 42 ifrågavarande
544 378 146 32 ombuds
724 380 216 32 verksamhet
974 382 65 31 kan
1073 383 98 32 alltså
1205 384 53 31 för
1281 387 209 31 närvarande
1514 388 167 32 beräknas
1704 389 53 32 till

254 427 95 37 6,300
371 427 125 32 kronor
518 429 52 31 för
591 429 176 42 budgetår.

307 477 89 31 Från
431 479 153 41 anslaget
617 482 98 39 utgår
749 481 162 42 slutligen
945 484 107 41 enligt
1085 484 125 43 Kungl.
1246 486 117 42 Maj:ts
1397 488 257 33 bestämmande
1682 490 74 32 dels

255 528 176 41 ersättning
464 531 35 29 åt
521 530 231 41 ordningsmån
774 531 86 33 inom
882 533 200 41 lappbyarna
1104 535 11 31 i
1138 535 241 41 Norrbottens,
1404 538 263 34 Västerbottens
1691 542 63 31 och

253 578 195 33 Jämtlands
471 580 66 39 län,
561 581 74 31 dels
659 582 63 31 ock
744 582 258 42 gratifikationer
1024 587 35 29 åt
1081 586 207 40 lappförmän
1310 588 11 31 i
1337 588 230 34 Norrbottens
1583 591 65 32 län.
1673 592 82 32 Med

253 629 141 42 ledning
426 641 40 20 av
500 631 293 43 utgiftsbeloppen
827 634 52 31 för
910 634 254 42 ifrågavarande
1198 637 89 32 båda
1320 639 156 32 ändamål
1504 641 108 32 under
1635 653 120 21 senare

253 679 167 42 budgetår
434 681 66 31 kan
517 681 58 32 det
589 683 280 42 genomsnittliga
885 686 278 32 medelsbehovet
1179 687 116 33 härför
1310 689 167 33 beräknas
1494 691 52 32 till
1561 692 12 31 i
1589 693 167 32 avrundat

253 730 46 31 tal
323 731 155 42 omkring
502 733 113 37 14,500
636 733 128 32 kronor
785 735 53 31 för
860 735 176 42 budgetår.

305 781 18 31 I
357 782 150 42 enlighet
541 784 77 31 med
651 784 65 31 vad
743 796 47 20 nu
817 787 129 31 anförts
970 787 62 32 har
1054 788 146 32 behovet
1223 801 41 20 av
1287 791 111 32 medel
1421 792 53 31 till
1497 793 41 32 de
1562 794 91 31 olika
1676 796 78 30 med

252 832 154 41 anslaget
438 833 149 32 avsedda
620 835 201 32 ändamålen
855 837 52 31 för
939 837 217 34 innevarande
1189 840 170 42 budgetår
1388 843 218 41 uppskattats
1629 847 44 39 på
1696 846 58 31 föl-

251 882 102 41 jande
377 885 80 30 sätt:

252 951 159 31 Arvoden
435 951 64 32 och
523 952 233 41 provisoriska
779 954 298 44 avlöningstilägg
1099 957 52 31 till
1173 958 250 42 lappfogdarna
1439 947 30 59 ..
1480 961 125 33 kronor
1628 964 115 38 24,000

251 1001 159 32 Arvoden
434 1004 34 29 åt
491 1004 56 30 två
569 1003 157 32 biträden
750 1006 35 29 åt
807 1005 232 43 lappfogdar...
1196 1034 4 4 FELT
1301 1035 50 4 a
1428 1036 4 4 .
1537 1026 11 9 »
1648 1007 95 50 6,000

251 1052 349 42 Expensgottgörelse
623 1054 53 31 till
698 1055 248 42 lappfogdarna
1104 1083 72 5 Fas.
1536 1076 12 15 >
1649 1065 93 36 1,200

250 1102 172 33 Juridiskt
445 1104 134 32 biträde
602 1106 34 30 åt
659 1105 42 32 de
725 1106 145 32 svenska
892 1107 165 42 lapparna
1079 1109 10 31 i
1112 1109 115 42 Norge
1415 1137 4 4 .
1647 1116 95 38 6,300

250 1153 202 43 Ersättning
474 1155 63 31 och
561 1156 269 41 gratifikationer
849 1159 34 30 åt
899 1158 245 43 ordningsmän
1160 1161 65 31 och
1240 1161 215 43 lappförmän
1628 1167 114 35 14,500

1316 1221 140 33 Summa
1478 1224 126 32 kronor
1625 1226 124 39 52,000.

301 1289 53 33 De
387 1291 52 31 för
472 1291 202 42 budgetåret
708 1294 207 32 1927—1928
949 1295 209 43 tillgängliga
1181 1298 136 31 medlen
1340 1299 53 31 för
1416 1300 270 41 tillgodoseende
1711 1315 40 20 av

248 1341 148 31 nämnda
429 1342 250 42 anslagsbehov
713 1345 138 40 utgöras
885 1345 74 32 dels
982 1357 41 20 av
1045 1347 221 32 förenämnda
1288 1349 53 31 för
1364 1350 202 42 budgetåret
1587 1354 162 32 anvisade

249 1392 266 42 anslagsbelopp
550 1395 18 29 å
600 1394 116 38 46,350
749 1395 135 39 kronor,
913 1396 73 32 dels
1014 1397 62 31 ock
1099 1409 39 20 av
1161 1409 42 21 en
1226 1399 58 31 vid
1307 1399 222 42 budgetårets
1552 1403 120 42 början
1695 1404 54 32 be-

248 1443 111 41 fintlig
392 1443 348 42 anslagsreservation
775 1447 19 29 å
827 1447 93 38 6,250
942 1447 134 32 kronor.
1124 1448 262 43 Sammanlagda
1408 1451 185 43 tillgången
1616 1457 134 39 uppgår

247 1493 101 32 alltså
380 1494 52 31 till
454 1495 115 38 52,600
591 1495 127 32 kronor
741 1496 64 31 och
828 1497 114 32 kunna
964 1499 293 32 reservationerna
1280 1503 19 29 å
1322 1502 153 41 anslaget
1497 1503 57 32 vid
1576 1506 172 41 utgången

247 1555 40 20 av
319 1544 229 33 innevarande
581 1546 168 42 budgetår
782 1547 143 32 sålunda
951 1549 166 32 beräknas
1140 1551 85 31 hava
1247 1552 142 42 nedgått
1412 1553 51 31 till
1487 1556 49 29 ett
1557 1555 127 43 belopp
1709 1568 40 20 av

247 1595 157 42 omkring
425 1597 62 30 600
509 1596 134 32 kronor.
689 1597 54 32 Då
766 1598 111 32 denna
900 1610 133 21 summa
1056 1603 96 38 synts
1176 1602 105 31 sakna
1301 1604 187 31 nämnvärd
1503 1605 177 42 betydelse
1697 1608 52 30 för

246 1645 231 42 beräkningen
504 1658 42 20 av
571 1648 279 32 medelsbehovet
876 1650 51 31 för
948 1650 202 42 budgetåret
1167 1653 208 32 1928—1929
1392 1655 62 31 och
1471 1655 11 31 i
1498 1656 90 41 varje
1611 1657 59 31 fall
1693 1669 54 20 an-

247 1698 86 30 setts
367 1697 201 42 erforderlig
595 1700 112 30 såsom
742 1700 164 41 marginal
940 1701 52 31 för
1025 1701 163 33 täckande
1223 1714 40 20 av
1286 1715 93 20 mera
1401 1705 168 43 tillfälliga
1597 1708 148 41 utgifter,

245 1747 74 31 från
352 1747 108 32 vilkas
493 1748 222 33 bestridande
749 1750 109 31 under
891 1751 143 41 tidigare
1068 1752 289 43 budgetperioder
1389 1755 166 33 bortsetts
1579 1758 49 31 uti
1651 1769 96 31 nyss-

246 1798 147 31 nämnda
425 1799 227 41 redogörelse,
687 1800 61 31 har
782 1801 170 42 anslagets
987 1803 128 31 storlek
1147 1804 52 31 för
1226 1806 100 30 nästa
1351 1805 168 43 budgetår
1541 1811 97 39 synts
1661 1810 85 31 böra

245 1851 144 39 avvägas
412 1850 52 31 till
487 1850 59 31 det
561 1850 136 42 belopp,
716 1862 74 21 som
806 1852 66 31 kan
888 1852 166 33 beräknas
1070 1856 168 30 motsvara
1255 1855 59 32 det
1330 1867 91 21 mera
1436 1859 152 31 normala
1605 1860 141 32 medels-

245 1900 147 31 behovet
414 1900 11 31 i
448 1901 80 31 dess
551 1901 125 32 helhet.

297 1994 118 41 Enligt
437 1995 64 31 vad
525 2006 40 20 av
588 1997 378 41 statsrådsprotokollet
988 1999 154 41 framgår,
1166 2000 61 31 har
1250 2000 281 35 medelsbehovet
1553 2005 52 31 för
1628 2008 117 30 ersätt-

244 2045 83 42 ning
360 2047 34 30 åt
426 2046 201 41 lappfogdar
661 2058 40 20 m.
727 2059 41 20 m.
794 2047 51 31 för
866 2048 204 42 budgetåret
1095 2051 205 31 1928—1929
1323 2052 182 33 beräknats
1528 2057 43 38 på
1594 2056 150 41 följande

245 2098 80 29 sätt:

243 2163 160 32 Arvoden
427 2164 51 31 till
500 2165 73 41 fyra
595 2165 204 43 lappfogdar
821 2166 30 42 (4
870 2174 26 26 x
912 2167 104 42 5,500)
1054 2194 2 2 ..
1472 2172 113 39 22,000
1607 2174 126 32 kronor

244 2214 230 32 Provisoriskt
508 2216 298 42 avlöningstillägg
829 2217 52 31 till
904 2229 57 20 var
987 2219 64 30 och
1078 2230 41 20 en
1146 2231 39 19 av
1215 2222 234 39 nyssnämnda

295 2266 201 41 lappfogdar
519 2266 30 41 (4
568 2274 25 26 X
613 2267 72 41 500)
744 2291 38 5 ......
1179 2295 4 4 .
1495 2275 92 37 2,000

242 2317 135 31 Arvode
400 2317 51 31 till
474 2317 134 32 biträde
631 2320 34 28 åt
687 2318 209 41 lappfogden
919 2319 11 30 i
952 2319 194 33 Jämtlands
1169 2321 55 31 län
1249 2346 26 5 ..
1330 2347 48 4 .....
1495 2324 93 38 3,000

242 2367 159 31 Arvoden
435 2367 52 32 till
520 2367 133 32 biträde
687 2370 34 29 åt
753 2369 208 41 lappfogden
984 2370 10 31 i
1017 2370 263 34 Västerbottens
1303 2373 57 31 län
1383 2374 63 31 och

295 2419 49 30 ett
377 2418 141 38 biträde,
554 2422 212 38 gemensamt
799 2419 51 32 för
883 2420 41 31 de
959 2422 55 30 två
1042 2421 247 42 lappfogdarna
1312 2423 10 31 i
1346 2423 100 32 Norr-

294 2468 139 32 bottens
455 2469 56 31 län
535 2468 30 42 (2
585 2477 25 26 x
629 2469 103 42 3,000)
848 2496 12 2 -
950 2496 2 2 rr
1214 2498 94 5 rna
1492 2477 93 37 6,000
1667 2493 11 13 >
