1902 2818
51 1401 136 23 Utskottets

60 1435 118 30 yttrande.

41 1686 150 23 Kostnader

25 1720 80 23 enligt
119 1720 33 23 19
165 1721 45 22 och

16 1755 35 22 37
88 1751 19 32 $$
120 1754 9 23 i
143 1754 76 30 lagen

16 1796 40 15 om
69 1789 150 30 försäkring

14 1823 44 29 för
81 1823 139 30 olycksfall

58 1858 9 22 1
87 1858 93 23 arbete.

75 1900 92 45 [17.]

43 2003 148 30 Dödsfalls-

30 2038 177 30 ersättningar

30 2072 10 22 i
58 2072 142 31 anledning

25 2114 32 15 av
71 2106 137 30 livförsäk-

30 2140 60 30 ring
109 2141 10 23 i
137 2149 68 15 sam-

14 2176 69 22 band
101 2176 57 23 med
171 2176 45 23 lån

43 2218 32 14 ur
93 2211 98 22 statens

40 2245 150 29 eqnahems-

49 2278 132 30 lånefond.

73 2320 93 47 [18.]

250 139 19 31 8
739 147 227 29 Statsutskottets
989 150 147 28 utlåtande
1157 151 48 27 Nr
1228 149 28 31 5.

248 216 80 31 med
362 218 217 32 sannolikhet
611 218 137 33 komma
780 223 51 29 att
862 223 81 39 göra
977 223 53 42 sig
1052 224 164 40 gällande.
1262 225 70 32 För
1354 226 214 33 sistnämnda
1590 229 157 33 ändamål

248 266 62 31 har
342 269 129 31 avsetts
495 271 48 29 ett
565 268 128 44 belopp
716 282 41 20 av
781 272 92 37 1,300
895 272 134 33 kronor.
1074 274 19 31 I
1116 275 166 32 samband
1305 277 140 31 härmed
1468 278 62 31 har
1551 275 199 50 föreslagits

248 327 43 20 en
315 317 213 43 uppdelning
550 330 40 20 av
611 323 124 38 posten
759 321 53 31 för
834 323 191 42 ersättning
1047 326 34 29 åt
1104 325 223 43 sakkunniga,
1350 328 124 31 arvode
1497 331 35 29 åt
1553 330 194 41 suppleant,

247 366 113 32 vilken
394 371 254 39 representerar
680 371 256 42 arbetsgivarna
969 374 83 32 eller
1082 375 187 39 arbetarna,
1296 379 88 29 samt
1405 379 255 33 resekostnads-
1683 381 64 31 och

246 417 457 45 traktamentsersättningar
736 433 42 20 m.
802 434 41 20 m.
868 423 11 31 i
914 425 55 30 två
996 426 117 40 poster
1135 427 19 29 å
1176 427 195 41 respektive
1396 429 112 38 15,500
1530 430 127 32 kronor
1679 432 65 31 och

248 468 94 38 1,000
363 469 135 39 kronor,
521 481 41 20 av
583 471 90 32 vilka
695 472 68 31 den
786 473 213 33 sistnämnda
1023 475 109 32 skulle
1155 487 79 21 avse
1257 477 230 33 kostnaderna
1510 480 53 31 för
1577 482 171 31 resekost-

246 518 98 32 nads-
367 519 65 31 och
455 520 463 46 traktamentsersättningar.

299 569 19 31 I
340 571 168 31 avseende
531 572 20 30 å
572 574 124 38 posten
719 573 53 31 för
787 574 146 32 kostnad
949 575 53 32 till
1018 577 251 42 uppvärmning
1285 589 42 20 m.
1340 590 40 21 m.
1395 579 61 32 har
1471 582 111 40 någon
1599 582 145 42 ändring

245 619 75 32 icke
342 620 206 41 ifrågasatts.

298 670 119 42 Enligt
439 671 58 32 det
519 684 46 19 nu
588 673 231 42 föreliggande
842 675 163 43 förslaget
1028 677 110 32 skulle
1161 679 145 31 sålunda
1329 680 42 31 de
1395 682 167 31 särskilda
1583 685 163 39 posterna

244 719 94 32 inom
362 732 42 20 en
427 721 159 33 blivande
610 726 68 29 stat
700 727 34 29 te
758 725 53 42 sig
833 727 43 40 på
897 727 151 40 följande
1074 730 82 29 sätt:

244 788 199 43 avlöningar
476 790 63 32 och
573 791 392 44 vikariatsersättningar
998 797 35 29 åt
1063 796 258 33 icke-ordinarie
1344 798 119 32 befatt-

297 839 235 41 ningshavare,
556 842 199 42 förslagsvis
777 869 129 4 =usemommm
926 870 38 3 ses
995 870 186 6 ssrsesssrsrsnesr
1247 872 27 4 nere
1294 873 27 3 el
1453 874 4 3 -
1483 850 126 32 kronor
1634 853 113 37 17,400

244 890 191 42 ersättning
467 893 34 30 åt
534 892 221 42 sakkunniga,
780 895 123 31 arvode
937 897 34 30 åt
998 897 183 41 suppleant
1203 898 53 31 för
1278 898 151 33 ledamot
1452 900 11 31 i

296 940 317 43 försäkringsrådet,
647 943 114 32 vilken
799 948 255 38 representerar
1086 947 256 42 arbetsgivarna
1380 950 82 31 eller

296 990 189 39 arbetarna,
509 1004 41 19 m.
575 1004 53 27 m.,
652 994 200 41 förslagsvis
892 1021 324 6 =.mosmmsmmvmsnssos.
1270 1024 187 6 rrrrrerereerenea
1551 1015 12 15 >»
1633 1003 113 39 —15,500

243 1041 255 32 resekostnads-
521 1043 63 31 och
608 1044 465 44 traktamentsersättningar,
1097 1048 179 42 förslagsvis
1328 1074 61 5 ......
1453 1077 4 3 .
1551 1065 12 15 »
1654 1054 92 38 1,000

295 1192 53 31 för
380 1192 106 43 inköp
519 1205 40 20 av
586 1195 134 38 böcker,
744 1196 53 32 för
823 1197 216 43 anskaffning
1062 1199 64 32 och
1149 1200 180 32 underhåll
1352 1212 39 20 av
1414 1202 46 31 in-

295 1243 170 32 ventarier
487 1256 42 19 m.
553 1256 53 27 m.,
630 1246 200 42 förslagsvis
855 1272 118 5 .........
1096 1274 49 4 dn
1166 1276 2 2 BETR
1280 1275 38 4 ons
1550 1267 11 14 »
1651 1256 94 36 7,700

1318 1310 139 33 Summa
1479 1312 128 32 kronor
1627 1315 117 36 41,600

293 1394 188 41 Utskottet,
507 1407 72 21 som
613 1398 115 31 funnit
760 1399 125 41 Kungl.
910 1400 116 41 Maj:ts
1049 1402 231 42 föreliggande
1303 1404 128 41 förslag
1452 1405 172 42 tillfyllest
1646 1407 96 31 moti-

241 1447 103 35 verat,
367 1445 51 31 får
440 1446 101 32 alltså
562 1447 189 40 hemställa,

561 1534 50 29 att
633 1533 183 42 riksdagen
839 1536 54 30 må
915 1535 52 31 till
982 1536 321 42 försäkringsrådets
1318 1539 196 33 verksamhet
1527 1541 54 31 för
1595 1541 145 42 budget-

508 1584 71 29 året
604 1583 207 33 1928—1929
827 1585 117 32 anvisa
959 1588 50 29 ett
1025 1588 94 30 extra
1133 1587 268 44 förslagsanslag
1416 1601 40 20 av
1470 1591 117 38 41,600
1602 1592 143 33 kronor.

292 1682 82 42 14:o0)
418 1683 217 33 Beträffande
658 1685 127 42 Kungl.
810 1687 115 41 Maj:ts
948 1687 128 42 förslag
1098 1689 174 41 angående
1307 1691 58 31 det
1388 1691 170 33 ordinarie
1581 1693 158 42 förslags-

237 1733 156 42 anslaget
415 1734 53 30 till
489 1734 186 32 kostnader
697 1736 107 42 enligt
829 1738 38 30 19
890 1737 63 32 och
976 1738 39 31 37
1038 1738 44 42 88
1103 1739 11 31 i
1137 1739 96 42 lagen
1258 1751 56 20 om
1335 1741 193 43 försäkring
1542 1743 53 31 för
1610 1744 129 41 olycks-

237 1782 59 32 fall
318 1783 12 31 i
353 1784 116 31 arbete
491 1784 120 42 (punkt
635 1785 50 38 17)
707 1786 153 32 kommer
882 1788 169 32 utskottet
1073 1791 50 29 att
1144 1790 183 32 framdeles
1350 1792 108 31 under
1479 1793 183 42 riksdagen
1686 1805 54 20 av-

238 1833 76 41 giva
336 1834 188 39 utlåtande;
549 1835 104 32 vilket
676 1837 170 32 utskottet
868 1838 111 31 skolat
1001 1839 196 42 härigenom
1221 1841 54 31 för
1297 1841 183 43 riksdagen

692 1905 141 31 anmäla.

291 1995 83 42 15:o0)
417 1996 124 42 Kungl.
566 1997 98 42 Maj:t
696 1998 62 31 har
790 1999 175 42 föreslagit
988 2001 181 41 riksdagen
1192 2002 122 41 (punkt
1338 2003 49 41 18)
1410 2006 49 29 att
1481 2005 53 30 till
1558 2005 178 32 dödsfalls-

237 2046 229 41 ersättningar
497 2047 12 31 i
542 2048 186 42 anledning
761 2060 41 20 av
834 2050 240 42 livförsäkring
1106 2052 11 30 i
1150 2052 167 32 samband
1350 2054 76 31 med
1459 2054 57 32 lån
1540 2066 43 20 ur
1605 2058 135 29 statens

236 2096 346 40 egnahemslånefond
605 2098 52 31 för
679 2098 204 42 budgetåret
907 2101 207 32 1928—1929
1137 2102 117 32 anvisa
1278 2105 49 29 ett
1351 2106 93 29 extra
1466 2105 269 42 förslagsanslag

236 2157 40 20 av
299 2147 94 37 3,000
415 2147 134 32 kronor.

288 2196 239 43 Utredningen
550 2198 11 31 i
584 2201 114 30 ämnet
721 2201 183 31 återfinnes
927 2203 19 29 å
970 2201 62 32 sid.
1056 2203 39 30 47
1121 2203 62 31 och
1205 2204 41 30 48
1269 2204 12 30 i
1306 2205 386 41 statsrådsprotokollet.

290 2290 67 32 Till
380 2291 221 32 bestridande
623 2304 40 20 av
685 2293 475 43 riksförsäkringsanstaltens
1183 2297 400 43 dödsfallsersättningar
1598 2299 10 31 i
1625 2300 111 31 anled-

237 2340 82 41 ning
351 2352 40 20 av
425 2341 237 43 livförsäkring
685 2343 11 31 i
720 2344 166 31 samband
909 2345 78 31 med
1009 2345 55 32 lån
1088 2357 40 20 ur
1151 2348 131 30 statens
1306 2348 346 41 egnahemslånefond
1674 2350 66 31 har

235 2390 11 30 i
273 2390 186 33 riksstaten
489 2393 177 41 upptagits
693 2395 50 30 ett
769 2396 95 29 extra
893 2395 274 43 förslagsanslag,
1192 2408 74 20 som
1290 2398 53 31 för
1365 2401 73 29 vart
1460 2399 65 31 och
1549 2402 49 29 ett
1625 2411 40 20 av
1691 2400 46 31 de

235 2442 52 30 tre
311 2444 136 29 senaste
470 2442 210 42 budgetåren
704 2444 183 33 beräknats
910 2446 53 30 till
986 2446 94 38 5,000
1102 2447 134 32 kronor.
