1886 2820
630 180 228 26 Ntatsutskotltets
883 177 147 27 utlåtande
1054 176 46 26 Nr
1122 186 28 17 5.
1607 169 37 29 Ti

197 259 16 30 1
247 257 185 40 anledning
466 267 39 20 av
534 255 63 31 den
623 266 33 19 av
687 251 377 43 departementschefen
1091 249 108 31 under
1224 246 217 32 förevarande
1467 245 108 41 punkt
1599 246 48 29 så-

145 307 104 33 lunda
272 310 175 39 upptagna
469 307 115 38 frågan
611 316 53 20 om
689 315 66 20 om-
780 303 62 31 och
872 300 213 42 tillbyggnad
1101 299 56 31 vid
1174 296 336 33 vanföreanstalten
1503 291 19 55 i
1531 295 116 31 Stock-

146 360 91 30 holm
272 359 61 30 har
367 358 170 30 utskottet
570 356 8 30 i
616 356 93 30 detta
743 353 246 39 sammanhang
1013 351 50 30 till
1088 349 210 38 behandling
1321 347 146 30 förehaft
1491 348 55 28 två
1569 346 78 30 lika-

146 409 146 42 lydande
326 408 171 31 motioner
530 406 11 30 i
576 407 123 35 ämnet,
729 404 126 36 väckta,
880 403 67 30 den
972 413 72 26 ena,
1071 412 38 18 nr
1132 400 49 32 85.
1206 399 93 30 inom
1322 398 107 30 första
1451 397 193 30 kammaren

144 471 40 19 av
207 460 116 29 herrar
347 459 39 30 A.
415 458 112 30 Petrén
553 456 64 31 och
640 456 40 29 A.
709 457 35 29 0.
774 454 151 30 Frändén
949 452 64 30 och
1038 451 66 30 den
1128 449 115 37 andra,
1267 460 41 18 nr
1333 448 67 36 138,
1425 447 93 30 inom
1543 446 104 30 andra

145 510 193 30 kammaren
363 519 39 19 av
426 508 117 30 herrar
568 507 31 30 S.
626 506 176 38 Bengtsson
826 504 10 29 i
859 503 122 39 Norup
1006 501 63 30 och
1098 501 32 29 P.
1156 499 158 31 Pehrsson
1338 498 9 30 i
1369 497 186 38 Göteborg,
1577 496 68 30 vari

144 559 173 40 förslagits
351 557 183 39 riksdagen
569 558 50 28 att
652 555 51 30 för
736 552 223 32 bestridande
988 562 39 19 av
1050 549 231 32 kostnaderna
1304 548 52 30 för
1379 547 92 30 vissa
1494 557 66 19 om-
1584 545 63 30 och

145 608 373 42 tillbyggnadsarbeten
543 606 57 31 vid
616 603 314 33 vanföreanstalten
946 603 12 29 i
972 600 199 33 Stockholm
1189 601 160 28 ävensom
1362 598 52 29 för
1427 595 221 32 anskaffande

143 670 41 21 av
207 659 91 31 vissa
313 657 217 37 inventarier,
544 656 61 31 allt
618 655 105 40 enligt
735 652 206 43 upprättade
954 651 136 40 förslag,
1104 650 119 31 anvisa
1235 651 49 28 ett
1296 648 118 40 anslag
1429 658 41 19 av
1487 646 162 38 1,046,550

146 711 124 31 kronor
292 711 50 29 att
366 710 80 38 utgå
469 707 78 31 med
570 706 135 38 246,850
727 705 127 30 kronor
876 703 110 31 under
1008 701 204 41 budgetäret
1237 698 206 32 1928—192
1467 699 88 29 samt
1571 696 76 31 med

145 761 136 37 400,000
303 760 127 30 kronor
453 758 110 31 under
589 757 153 30 vartdera
765 767 40 18 av
828 754 213 39 budgetåren
1066 750 209 32 1929—1930
1298 749 64 31 och
1387 748 217 31 1930-—1931.

197 812 18 30 I
248 811 93 40 fråga
365 820 55 20 om
444 808 43 31 de
511 808 81 35 skäl,
617 807 253 30 motionärerna
893 804 113 30 anfört
1030 802 52 31 till
1107 801 78 31 stöd
1208 801 53 30 för
1284 799 60 31 sitt
1366 799 138 39 förslag,
1528 798 50 30 får
1601 799 47 28 ut-

145 863 129 30 skottet
296 860 143 31 hänvisa
461 859 54 30 till
539 858 223 30 motionerna.

198 955 18 30 I
239 955 53 30 sin
326 952 224 32 förenämnda
574 950 164 32 skrivelse
762 949 67 31 den
852 949 41 30 20
915 947 66 40 maj
1009 947 89 36 1927,
1123 956 40 19 nr
1186 944 70 37 205,
1281 942 152 32 uttalade
1456 941 192 40 riksdagen,

146 1008 114 29 såsom
293 1005 10 30 i
332 1001 381 42 statsrådsprotokollet
741 999 155 37 erinrats,
921 997 55 32 sin
999 997 188 36 förväntan,
1212 996 58 36 att,
1295 993 105 32 sedan
1425 994 112 30 staten
1561 991 89 41 gjort

145 1056 67 31 den
235 1054 196 42 betydande
454 1053 120 36 insats,
600 1063 72 19 som
696 1051 12 30 i
731 1048 200 33 förberörda
954 1046 228 43 proposition,
1206 1056 41 20 nr
1271 1044 69 37 137,
1364 1045 143 39 avsåges
1533 1042 53 31 för
1601 1043 48 29 att

144 1106 237 40 åstadkomma
404 1115 42 20 en
461 1103 139 41 lösning
611 1113 40 20 av
663 1100 192 33 Norrlands
867 1097 346 41 vanförevårdsfråga,
1227 1095 200 40 föreningen
1443 1093 53 31 för
1512 1092 139 31 bistånd

145 1159 35 29 åt
195 1157 139 31 vanföra
356 1155 12 31 i
384 1153 174 34 Norrland
574 1152 64 32 och
653 1152 160 37 Dalarne,
829 1150 115 31 vilken
961 1150 119 40 syntes
1097 1147 85 31 hava
1198 1146 88 40 goda
1301 1143 285 41 förutsättningar
1601 1144 49 29 att

144 1209 55 30 för
231 1206 184 32 framtiden
443 1203 277 33 omhänderhava
742 1200 286 37 anstaltsdriften,
1053 1198 103 32 också
1179 1197 109 31 skulle
1311 1196 73 31 visa
1407 1195 53 41 sig
1483 1194 96 41 villig
1601 1195 49 29 att

145 1260 123 39 påtaga
290 1257 53 40 sig
365 1255 150 32 nämnda
537 1254 144 42 uppgift.
727 1252 119 40 Enligt
868 1250 203 41 riksdagens
1094 1248 139 40 mening
1248 1257 80 21 vore
1344 1246 59 31 det
1418 1244 161 41 önskligt,
1592 1245 59 35 att,

145 1310 106 29 innan
275 1307 42 31 de
339 1307 12 31 i
374 1306 264 42 propositionen
661 1302 150 33 avsedda
834 1299 400 43 ombyggnadsarbetena
1256 1298 221 40 igångsattes,
1495 1294 157 42 trygghet

145 1359 141 32 vunnits
307 1359 54 30 för
376 1359 51 29 att
442 1368 42 19 en
501 1353 333 34 överenskommelse
847 1363 54 20 om
914 1348 429 34 anstaltsverksamhetens
1355 1346 164 32 drivande
1530 1355 121 31 genom

147 1421 42 20 en
213 1408 135 32 enskild
370 1407 159 41 förening
550 1404 114 32 kunde
688 1403 264 32 åstadkommas.

199 1459 119 41 Enligt
351 1458 65 31 vad
444 1454 380 42 statsrådsprotokollet
847 1452 140 37 utvisar,
1011 1451 62 31 har
1095 1449 148 32 nämnda
1265 1447 157 41 förening
1444 1448 45 40 på
1511 1445 142 32 anförda

149 1510 73 32 skäl
255 1510 171 35 förklarat,
462 1509 50 30 att
541 1506 201 40 föreningen
772 1506 115 30 såsom
911 1502 107 32 sådan
1040 1501 75 31 icke
1137 1499 185 41 lämpligen
1345 1499 126 40 ansåge
1496 1496 52 41 sig
1569 1496 84 31 böra

145 1561 79 32 med
247 1562 113 30 staten
380 1559 99 31 träffa
495 1555 333 34 överenskommelse
844 1565 56 20 om
924 1551 228 42 övertagande
1176 1561 40 20 av
1239 1550 65 31 den
1327 1548 181 32 beslutade
1532 1546 121 32 anstal-

147 1615 78 29 tens
259 1610 139 38 skötsel,
422 1620 78 20 men
524 1611 51 28 att
596 1607 199 41 föreningen
817 1615 81 21 vore
921 1602 131 33 beredd
1075 1604 59 36 att,
1158 1601 106 31 sedan
1287 1611 112 20 annan
1422 1598 157 41 förening
1601 1597 52 31 för

147 1662 193 32 ändamålet
369 1660 139 36 bildats,
536 1658 50 31 till
616 1658 112 31 denna
756 1656 194 31 överlämna
974 1654 75 31 sina
1072 1652 181 41 tillgångar
1276 1650 109 31 under
1407 1650 43 31 de
1473 1647 177 37 förbehåll,

147 1724 75 21 som
246 1712 79 31 med
346 1711 135 40 hänsyn
505 1709 54 31 till
579 1708 42 32 de
636 1708 132 37 villkor,
785 1705 170 32 varunder
971 1704 103 31 dessa
1090 1702 180 40 tillgångar
1286 1700 140 31 tillförts
1442 1698 210 41 föreningen,

148 1764 168 42 prövades
339 1761 127 42 nödiga
489 1760 64 31 och
575 1759 170 41 lämpliga.

198 1815 53 30 En
280 1813 95 42 dylik
397 1811 167 41 förening,
588 1808 172 33 benämnd
776 1806 198 42 föreningen
987 1805 61 40 för
1071 1804 130 31 bistand
1222 1804 36 30 åt
1280 1801 137 40 vanföra
1438 1801 15 31 1
1476 1800 176 37 Norrland,

147 1866 62 31 har
231 1876 46 19 nu
300 1863 129 32 bildats
452 1861 79 32 med
553 1860 158 31 ändamål
734 1861 50 29 att
806 1858 86 31 efter
915 1853 333 35 överenskommelse
1268 1852 79 31 med
1361 1849 258 34 vederbörande
1635 1851 20 29 å

148 1918 131 30 statens
316 1916 126 39 vägnar
475 1911 267 40 omhändertaga
775 1907 156 33 skötseln
964 1918 41 19 av
1038 1917 42 19 en
1114 1904 53 31 till
1200 1900 454 34 kasernetablissementet
1639 1896 20 51 i

147 1964 210 34 Härnösand
380 1962 132 42 förlagd
535 1960 276 33 vanföreanstalt.
835 1957 215 41 Visserligen
1073 1956 86 30 hava
1174 1953 58 32 vid
1247 1952 304 41 förhandlingarna
1562 1951 92 31 vissa

146 2018 115 40 frågor
293 2027 40 19 av
367 2014 146 41 angivna
547 2012 73 32 skäl
653 2013 89 29 måst
768 2010 132 31 lämnas
925 2010 123 39 öppna,
1073 2017 77 20 men
1174 2004 169 32 utskottet
1365 2003 111 31 finner
1505 2003 11 30 i
1546 2001 108 31 likhet

146 2067 79 32 med
259 2063 379 44 departementschefen
671 2061 221 40 föreningens
919 2059 117 31 beslut
1058 2059 50 29 att
1130 2055 148 32 förklara
1301 2054 52 41 sig
1374 2053 96 41 villig
1493 2054 49 29 att
1566 2054 92 32 över.

148 2121 77 39 taga
258 2117 126 31 driften
419 2126 39 20 av
492 2114 171 31 anstalten
697 2112 228 31 tillsammans
959 2108 79 31 med
1061 2107 59 31 det
1141 2107 74 30 från
1238 2103 348 43 föreningsstyrelsen
1608 2102 50 31 in.

148 2170 125 30 komna
294 2167 165 39 förslaget
480 2165 54 30 till
557 2161 333 34 överenskommelse
913 2159 165 32 innebära
1100 2156 160 42 trygghet
1282 2155 52 31 för
1353 2157 50 29 att
1419 2153 237 32 överenskom-

149 2219 106 32 melse
277 2217 146 32 rörande
447 2215 189 32 anstaltens
660 2210 347 35 omhänderhavande
1023 2220 40 20 av
1090 2208 66 31 den
1172 2205 186 43 nybildade
1373 2204 202 41 föreningen
1590 2203 66 31 kan

149 2271 135 30 komma
307 2268 53 31 till
374 2266 112 33 stånd.
511 2266 18 31 I
542 2263 342 34 överensstämmelse
901 2260 78 32 med
995 2259 65 32 vad
1075 2258 183 40 riksdagen
1274 2257 11 30 i
1306 2257 53 31 sin
1375 2253 281 34 meromnämnda

149 2320 164 33 skrivelse
347 2319 122 37 anfört,
503 2316 99 32 torde
636 2315 101 31 alltså
770 2312 296 33 förberedelserna
1099 2309 52 31 till
1186 2306 408 44 ombyggnadsarbetena,
1620 2312 37 23 så

151 2373 94 31 snart
268 2370 59 32 ske
349 2369 77 38 kan,
450 2367 172 42 påbörjas,

200 2413 30 40 Å
263 2421 186 31 riksstaten
484 2419 52 30 för
569 2415 285 34 nästkommande
876 2413 169 42 budgetår
1067 2412 61 31 har
1151 2410 126 41 Kungl.
1294 2409 98 41 Maj:t
1414 2419 47 20 nu
1484 2407 53 31 för
1559 2405 98 32 ända-

150 2473 103 31 målet
286 2472 11 30 i
325 2471 93 41 fråga
440 2469 98 31 äskat
560 2470 49 30 ett
632 2467 119 41 anslag
773 2468 19 29 å
815 2465 136 38 200,000
973 2463 135 31 kronor.
1155 2460 181 33 Storleken
1359 2470 40 20 av
1423 2458 94 32 detta
1541 2457 118 40 anslag

151 2524 61 30 har
233 2522 74 31 icke
331 2521 83 41 givit
437 2520 169 31 utskottet
629 2517 186 40 anledning
837 2516 54 31 till
914 2514 145 31 erinran.

1704 946 138 23 Utskottets

1711 979 122 32 yttrande,
