1882 2828
507 173 391 37 Bevillningsutskottets
919 174 218 30 betänkande
1156 183 42 20 nr
1224 175 26 28 6.
1606 170 18 27 9

122 261 324 37 läggspensionerna
472 260 105 30 borde
604 260 182 34 beskattas,
814 260 126 29 medan
967 258 72 31 åter
1067 259 9 29 i
1103 257 117 37 övriga
1248 259 55 29 län
1334 259 74 29 icke
1435 259 188 29 meddelats

121 311 109 31 sådan
252 311 190 35 anvisning.
466 309 105 31 Såvitt
591 310 326 30 landskamrerarna
937 310 134 29 kunnat
1090 309 135 35 utröna,
1246 309 88 29 hade
1354 307 268 37 tilläggspensio-

120 371 107 21 nerna
249 361 95 30 inom
366 371 43 20 en
432 360 55 30 del
508 359 310 37 taxeringsdistrikt
839 359 75 30 icke
936 358 97 32 blivit
1055 358 146 31 föremål
1224 359 55 29 för
1301 358 230 36 beskattning,
1553 368 69 20 me-

121 412 69 30 dan
211 411 71 30 åter
303 411 94 30 inom
418 411 109 30 andra
548 409 310 37 taxeringsdistrikt
879 410 100 30 dessa
1000 409 183 36 pensioner
1203 408 99 37 tagits
1323 409 51 30 till
1395 408 227 37 beskattning,

122 463 113 29 därest
256 462 42 30 de
319 461 249 36 skattskyldiga
591 460 9 31 i
625 460 74 31 sina
721 460 253 31 deklarationer
998 461 132 29 lämnat
1151 459 137 36 uppgift
1308 469 58 21 om
1388 460 67 30 den
1476 460 146 36 tilläggs-

121 511 144 37 pension
287 513 42 29 de
348 510 151 37 åtnjutit.
523 510 409 37 Prövningsnämnderna
952 510 90 31 hade
1063 510 10 30 i
1094 510 88 36 regel
1204 510 74 30 icke
1299 510 76 30 haft
1396 510 227 31 förevarande

122 561 336 37 beskattningsfråga
490 561 109 30 under
630 560 218 36 behandling.
896 560 254 36 Undantagsvis
1185 561 88 30 hade
1304 560 190 31 emellertid
1525 561 97 30 dessa

122 612 169 30 nämnder
316 612 10 30 i
350 612 108 36 några
483 613 142 29 enstaka
650 612 62 30 fall
735 612 76 30 haft
835 611 124 36 frågan
983 611 110 30 under
1120 611 238 36 omprövning,
1385 611 119 30 varvid
1529 613 94 28 inom

124 662 70 30 fem
220 663 58 29 län
304 662 279 36 tilläggspension
610 662 184 30 förklarats
821 662 121 35 utgöra
969 661 235 37 skaltepliktig
1230 661 110 31 intäkt
1366 662 64 30 och
1460 663 9 28 i
1494 665 46 27 ett
1565 663 58 29 län

124 712 156 31 skattefri
302 713 119 30 intäkt.

166 761 109 31 Såvitt
295 763 133 29 kunnat
451 764 149 33 utrönas,
622 763 64 29 har
706 761 122 37 frågan
849 762 174 30 huruvida
1043 762 280 36 tilläggspension
1344 763 39 29 är
1406 766 48 27 att
1477 762 147 31 hänföra

123 813 47 30 till
190 813 235 36 skattepliktig
443 813 110 30 intäkt
572 813 77 30 icke
667 812 86 31 varit
774 811 146 31 föremål
941 812 55 31 för
1016 813 365 30 skattedomstolarnas
1400 813 178 36 prövning.

165 914 14 30 I
203 914 43 30 50
271 914 17 37 8
313 915 17 28 2
355 923 104 21 mom.
484 913 416 36 kommunalskattelagen
923 914 65 29 och
1014 914 37 29 17
1077 913 18 37 $
1122 914 18 29 2
1165 923 103 20 mom.
1293 914 248 36 förordningen
1563 923 57 20 om

121 964 113 36 statlig
253 964 165 31 inkomst-
439 965 65 29 och
524 964 349 36 förmögenhetsskatt
892 964 226 31 omförmälas
1138 965 42 29 de
1200 964 168 31 särskilda
1391 965 137 35 avdrag,
1548 973 73 21 som

121 1016 119 28 kunna
261 1015 174 36 medgivas
458 1015 58 29 vid
537 1015 185 30 ömmande
743 1014 301 36 omständigheter.
1068 1014 132 30 Härom
1221 1015 136 35 stadgas
1382 1015 10 29 i
1413 1015 208 29 förstnämn-

122 1065 43 30 da
186 1064 303 37 författningsrum
510 1064 166 37 följande:

169 1114 144 31 »Finnes
346 1114 245 37 skattskyldigs
624 1113 270 38 skatteförmåga
927 1124 83 22 vara
1043 1115 210 36 väsentligen
1285 1116 134 30 nedsatt
1452 1116 50 30 till
1533 1114 88 38 följd

121 1174 41 21 av
191 1164 175 37 långvarig
392 1165 174 37 sjukdom,
593 1165 294 36 olyckshändelse,
914 1165 189 36 ålderdom,
1130 1165 183 31 underhåll
1339 1175 43 21 av
1407 1166 110 31 andra
1545 1167 77 29 när-

122 1214 141 31 stående
288 1216 44 29 än
356 1215 98 36 barn,
482 1215 55 30 för
561 1215 92 30 vilka
678 1216 263 36 familjeavdrag
966 1217 38 29 är
1029 1215 179 37 medgivet,
1233 1216 81 30 eller
1339 1226 117 20 annan
1481 1217 142 30 därmed

121 1264 176 37 jämförlig
322 1265 263 36 omständighet,
612 1265 57 31 må
695 1266 85 30 efter
804 1266 258 30 vederbörande
1088 1266 386 37 beskattningsnämnds
1502 1267 121 36 beprö-

121 1315 112 30 vande
249 1315 66 30 den
331 1315 266 36 skattskyldiges
614 1316 152 31 inkomst
784 1316 152 31 minskas
954 1317 78 29 med
1050 1316 194 36 ytterligare
1263 1320 45 27 ett
1324 1317 125 36 belopp
1467 1327 41 21 av
1524 1318 99 36 högst

122 1365 62 29 700
203 1365 156 30 kronor.»

167 1414 113 36 Enligt
302 1416 243 30 motsvarande
570 1417 188 35 stadgande
780 1417 10 30 i
815 1417 36 29 17
877 1417 18 36 8
919 1418 18 28 2
961 1426 103 20 mom.
1088 1417 247 37 förordningen
1358 1428 56 20 om
1438 1418 111 37 statlig
1573 1419 50 29 in-

123 1466 128 28 komst-
281 1466 64 29 och
375 1466 351 35 förmögenhetsskatt
755 1468 37 28 är
821 1467 164 36 avdraget
1014 1468 54 29 vid
1101 1468 66 29 den
1198 1468 133 36 statliga
1363 1468 260 36 beskattningen

123 1514 202 31 maximerat
342 1515 52 30 till
414 1516 14 28 1
445 1516 64 29 000
527 1517 136 29 kronor.

167 1612 120 31 Såsom
311 1613 153 37 framgår
487 1625 40 19 av
550 1615 64 31 den
638 1625 89 21 ovan
749 1616 160 30 lämnade
931 1617 239 35 redogörelsen
1195 1627 60 19 var
1278 1618 65 30 den
1365 1618 10 28 i
1399 1618 226 29 förevarande

123 1665 169 30 motioner
313 1665 147 31 berörda
484 1665 120 37 frågan
628 1666 145 31 föremål
797 1668 53 29 för
873 1668 211 36 behandling
1107 1669 86 29 även
1216 1669 57 29 vid
1298 1669 82 29 1939
1406 1668 56 31 års
1485 1668 138 37 lagtima

123 1714 148 36 riksdag.
294 1715 13 29 I
326 1716 101 30 väckt
446 1716 130 30 motion
597 1717 89 30 hade
705 1717 126 36 yrkats,
854 1721 49 26 att
921 1717 184 37 riksdagen
1125 1718 78 30 ville
1222 1719 9 29 i
1251 1719 162 31 skrivelse
1433 1720 49 29 till
1503 1720 121 35 Kungl.

123 1764 100 37 Maj:t
247 1766 190 35 hemställa,
462 1770 49 27 att
536 1767 121 36 Kungl.
683 1767 99 36 Maj:t
805 1768 106 31 måtte
934 1769 206 30 föranstalta
1163 1778 57 21 om
1243 1770 183 36 utredning
1449 1769 176 37 angående

124 1814 122 37 frågan
274 1816 171 30 huruvida
474 1818 63 29 och
566 1818 9 29 i
604 1818 115 30 vilken
746 1818 238 37 utsträckning
1014 1820 280 35 tilläggspension
1323 1820 56 30 må
1410 1821 214 35 undantagas

123 1863 79 31 från
229 1865 229 36 beskattning.
489 1867 138 31 Samma
656 1867 56 31 års
738 1868 338 37 bevillningsutskott
1104 1869 147 30 anförde
1276 1870 10 29 i
1314 1871 56 29 sitt
1398 1872 81 28 över
1505 1871 119 29 motio-

124 1925 67 20 nen
214 1915 144 36 avgivna
381 1917 229 36 betänkande,
634 1928 41 20 nr
703 1919 48 34 12,
776 1919 105 30 bland
905 1923 107 26 annat
1038 1920 167 35 följande:

173 1983 11 15 »
191 1972 224 32 Beträffande
435 1975 274 31 motionärernas
728 1977 137 35 förslag,
886 1980 48 28 att
954 1978 41 29 de
1013 1987 173 26 personer,
1204 1988 74 20 som
1297 1978 191 32 tillerkänts
1506 1980 118 34 högsta

125 2013 289 38 tilläggspension,
439 2016 83 31 böra
549 2027 81 20 vara
654 2018 155 30 befriade
832 2019 80 30 från
937 2019 195 36 skyldighet
1157 2023 48 26 att
1228 2020 134 36 erlägga
1387 2022 100 34 skatt,
1513 2021 114 30 finner

125 2057 164 29 utskottet
308 2067 41 19 ur
367 2058 193 36 principiell
580 2061 178 34 synpunkt
777 2061 54 29 det
851 2070 82 21 vara
954 2062 216 34 synnerligen
1191 2062 189 35 betänkligt
1399 2066 49 26 att
1467 2064 158 34 generellt

125 2099 198 35 undantaga
344 2109 41 20 en
409 2099 67 30 viss
498 2101 151 36 kategori
672 2102 224 35 medborgare
921 2103 79 30 från
1024 2103 297 36 skattskyldighet.
1346 2106 202 34 Avgörande
1572 2106 54 29 för

125 2148 41 20 en
192 2149 141 26 persons
357 2142 271 36 skatteförmåga
652 2144 38 29 är
715 2143 9 29 i
750 2145 87 34 regel
864 2144 84 35 icke,
976 2144 153 31 varifrån
1156 2146 65 30 den
1247 2155 42 20 av
1313 2148 129 28 honom
1467 2147 159 35 åtnjutna

126 2181 197 31 inkomsten
343 2183 159 30 härleder
523 2184 58 35 sig,
602 2188 84 26 utan
708 2185 169 30 storleken
900 2196 43 20 av
964 2187 55 29 det
1040 2187 136 35 belopp,
1200 2188 69 29 han
1291 2188 176 36 uppburil.
1493 2189 55 29 Ett
1572 2199 55 20 av-

128 2226 72 32 steg
223 2223 78 30 från
325 2224 113 30 denna
463 2225 133 36 princip
620 2227 219 30 beträffande
863 2237 47 20 nu
936 2227 264 36 ifrågavarande
1226 2229 268 36 inkomsttagare
1520 2232 110 28 skulle

129 2265 119 29 kunna
269 2265 75 30 leda
365 2267 48 28 till
436 2266 74 30 icke
530 2268 196 29 önskvärda
746 2268 263 32 konsekvenser,
1033 2270 11 28 I
1066 2270 75 29 icke
1165 2270 96 35 ringa
1283 2272 239 35 utsträckning
1542 2273 87 29 före-

130 2306 158 29 kommer
313 2307 184 35 nämligen,
524 2311 47 26 alt
596 2309 40 29 de
661 2309 376 36 pensionsberättigade
1062 2311 55 29 vid
1144 2311 99 30 sidan
1269 2322 42 19 av
1335 2313 219 35 folkpension
1582 2314 48 30 åt-

125 2346 99 36 njuta
248 2357 114 20 annan
388 2348 153 30 inkomst
564 2353 87 26 samt
676 2353 48 27 alt
748 2351 98 29 deras
870 2352 263 34 sammanlagda
1158 2352 151 31 inkomst
1335 2355 135 35 uppgår
1497 2355 46 29 till
1570 2356 55 30 be-

127 2387 91 36 lopp,
244 2387 55 30 för
328 2388 91 31 vilka
450 2390 107 30 andra
585 2392 249 35 skattskyldiga
862 2393 8 29 i
899 2402 134 21 samma
1064 2394 227 36 inkomstläge
1320 2397 60 28 äro
1410 2397 141 35 pliktiga
1578 2401 46 26 att

131 2430 136 35 erlägga
288 2430 99 31 skatt.
412 2431 56 30 Ett
490 2432 96 30 bifall
608 2433 48 29 till
680 2433 273 31 motionärernas
978 2435 128 35 förslag
1130 2437 111 29 skulle
1264 2438 187 29 emellertid
1475 2439 75 29 leda
1574 2439 57 33 till,

125 2474 49 26 att
195 2471 277 36 tilläggspension
494 2474 109 29 skulle
622 2474 90 31 bliva
734 2475 42 29 fri
799 2475 77 31 från
898 2477 101 34 skatt,
1022 2478 123 29 medan
1168 2477 72 31 åter
1261 2482 44 26 ett
1327 2480 125 35 belopp
1475 2490 41 20 av
1537 2490 88 20 sam-

165 2528 109 30 Bihang
286 2528 40 25 till
337 2529 167 30 riksdagens
517 2530 143 29 protokoll
674 2532 73 23 1944.
773 2532 9 24 7
795 2532 78 24 saml.
899 2532 38 22 Nr
959 2533 69 22 1—06.
1586 2535 15 24 2
