2216 2632
717 194 253 32 Statsutskottets
992 191 167 32 utlåtande
1182 190 52 31 Nr
1258 193 27 27 5.
1769 184 41 30 25

215 283 221 37 betsverket
464 287 54 32 alt
547 280 241 38 förskottsvis
818 278 166 37 bestrida
1012 277 11 36 i
1065 276 134 37 sådant
1229 273 216 38 hänseende
1475 270 249 46 erforderliga
1756 274 53 30 ut-

214 335 126 49 gifter.
397 334 74 36 Till
512 334 86 36 dess
640 337 53 32 ett
722 345 103 23 mera
854 331 184 35 konstant
1068 328 121 37 behov
1219 341 45 22 av
1293 326 192 46 anslagets
1513 323 161 48 höjning
1703 321 107 36 bleve

215 387 158 50 påvisat,
416 386 97 36 hade
559 384 208 37 emellertid
809 382 178 48 anslaget
1028 384 145 33 ansetts
1215 379 90 36 böra
1350 379 87 46 utgå
1479 375 84 37 med
1593 372 218 39 oförändrat

216 440 148 47 belopp.

321 490 50 36 På
412 488 124 49 grund
578 501 44 22 av
665 487 72 36 vad
779 485 157 37 sålunda
974 482 241 38 förekommit
1243 482 67 35 har
1337 479 191 36 utskottet
1557 478 98 35 velat
1682 475 130 47 uttala,

216 546 55 32 att
298 541 310 46 förskottsvigen
637 539 68 36 bör
733 538 150 35 komma
912 535 53 36 till
998 534 246 46 användning
1272 532 136 36 endast
1435 531 11 35 i
1476 530 62 35 det
1565 529 79 45 fall,
1664 532 55 32 att
1738 527 76 35 för-

218 594 117 36 söken
372 592 84 36 icke
497 597 88 30 utan
626 589 216 48 väsentliga
884 586 247 48 olägenheter
1164 585 126 35 kunna
1318 582 238 49 uppskjutas,
1586 579 78 36 tills
1694 578 118 36 medel

216 645 109 36 blivit
366 658 46 22 av
453 643 203 48 riksdagen
699 639 192 38 anvisade.
948 639 15 34 I
1006 638 127 47 övrigt
1165 636 69 36 har
1261 635 188 36 utskottet
1477 633 83 36 icke
1589 631 81 36 haft
1698 633 117 45 något

219 702 54 32 att
301 696 125 37 erinra
455 693 235 38 beträffande
719 693 105 36 detta
853 690 145 48 anslag.

320 747 197 38 Utskottet
545 744 222 38 hemställer
796 743 121 47 alltså,

722 852 55 32 att
805 846 208 48 riksdagen
1037 847 60 33 må
1127 844 55 36 till
1203 842 126 47 försök
1358 841 77 35 med
1464 840 149 47 torped-,
1631 838 108 48 gnist-
1755 836 61 37 och

611 900 241 49 flygmateriel
893 900 47 46 på
982 901 107 31 extra
1118 900 76 30 stat
1224 894 57 36 för
1309 896 40 33 år
1384 892 96 35 1918
1510 890 139 48 bevilja
1678 894 50 30 ett
1760 901 57 23 re-

620 948 352 49 servationsanslag
1002 961 44 23 av
1076 947 138 46 35,000
1243 946 151 35 kronor.

872 1127 285 48 Minväsendet.

325 1247 103 49 47:00
484 1246 140 48 Kungl.
654 1245 108 48 Maj:t
790 1245 69 35 har
887 1243 9 35 i
927 1241 120 50 punkt
1075 1242 48 35 48
1153 1252 46 23 av
1227 1239 124 36 denna
1380 1236 214 37 huvudtitel
1623 1234 200 48 föreslagit
1851 1252 181 23 Minmateriel,

222 1301 207 48 riksdagen
459 1304 55 31 att
542 1299 57 36 för
626 1296 245 48 anskaffning
899 1308 46 22 av
974 1291 248 39 minmateriel
1251 1291 57 36 för
1335 1290 134 35 flottan
1489 1287 139 49 bevilja
1647 1289 48 47 på
1715 1292 106 30 extra
1854 1283 20 62 =
1898 1295 92 46 [48.]

224 1358 74 32 stat
339 1353 59 36 för
439 1354 41 34 år
523 1352 96 35 1918
662 1355 54 31 ett
757 1348 136 47 anslag
934 1359 45 23 av
1007 1344 160 48 167,000
1196 1343 151 46 kronor,
1378 1340 83 37 med
1489 1344 75 32 rätt
1593 1340 57 35 för
1678 1337 142 49 Kungl.

224 1405 107 49 Maj:t
359 1409 54 31 att
442 1403 73 36 låta
544 1401 206 37 utanordna
780 1400 104 36 detta
911 1397 138 49 belopp
1078 1396 114 36 redan
1222 1393 122 37 under
1372 1390 253 38 innevarande
1654 1393 49 33 iår.

326 1455 266 49 Utredningen
620 1454 12 36 i
661 1452 157 37 ärendet
834 1450 204 37 återfinnes
1053 1448 11 36 i
1080 1444 421 51 statsrådsprotokollet
1517 1443 69 36 sid.
1606 1442 214 37 193-195.

327 1557 375 49 Minanskaffningen
729 1555 121 37 under
879 1557 91 33 åren
1001 1552 249 36 1915—1917
1282 1554 41 31 är
1351 1547 123 50 onligt
1502 1547 100 37 förut
1631 1544 192 51 uppgjord
1871 1556 148 22 utskottets

226 1613 87 50 plan
342 1611 143 37 avsedd
514 1615 55 32 att
596 1608 166 38 fördelas
791 1610 48 47 på
867 1605 166 49 följande
1063 1608 91 33 sätt:
1881 1590 130 30 yttrande.

1172 1694 3 87 |
1213 1744 39 26 Av
1273 1745 76 24 värn-
1432 1724 40 26 Av
1491 1725 71 25 extra
1818 1688 3 56 |

1173 1787 2 23 |
1235 1796 97 25 skatte-
1434 1776 93 33 anslag
1546 1773 15 27 å
1640 1791 148 25 Samma,
1819 1792 3 12 |

476 1834 380 30 Minanskaffnin
911 1842 23 24 g.
1173 1812 3 74 |
1237 1825 84 52 medel
1412 1826 177 33 nästföljande

1174 1890 2 10 |
1431 1879 42 27 års
1492 1880 62 25 stat.

1174 1908 2 72 |
1232 1949 105 37 Kronor.
1390 1972 2 28 |
1448 1947 105 37 Kronor.
1664 1949 105 23 Kronor.
1821 1964 3 20 |

237 1988 1587 32 rr
1219 1975 117 49 RIS
1396 1975 118 49 Tr
1635 1975 191 49 AAA

1390 2020 2 20 |
1605 2010 3 6 i

254 2090 37 35 År
310 2100 65 26 10lD
385 2121 27 4 an
558 2118 82 6 ee
694 2118 60 5 ser
797 2117 27 5 eri
878 2118 2 2 ee
923 2117 4 3 a
1166 2114 2 4 |
1250 2090 93 33 50,000
1450 2087 109 33 242,300
1665 2085 110 27 292.300

269 2161 9 13 »
310 2152 66 26 1916
398 2174 2 2 öv
420 2171 152 6 sarordeni..
557 2145 118 43 sduldantren
684 2170 25 4 soo
719 2145 25 43 ven
754 2170 24 4 Va
798 2169 4 4 s
1175 2144 3 64 |
1235 2141 109 32 125,000
1451 2139 109 32 167,100
1607 2156 2 12 |
1640 2133 14 43 —
1665 2137 111 31 292,100

232 2204 47 22 i»
310 2202 124 26 1917...
971 2218 26 5 Kos
1175 2220 3 32 |
1235 2193 109 31 125,000
1392 2220 1 4 |
1451 2191 110 30 167.000
1607 2176 4 40 |
1666 2188 111 30 292,000

935 2257 107 25 Summa
1060 2255 96 26 kronor
1175 2264 3 8 '
1210 2245 12 47 —
1235 2254 111 32 300,000
1394 2264 2 22 |
1451 2252 111 32 —576,400
1609 2280 2 4 —
1667 2249 111 31 —876,400

315 2317 117 36 Bihang
455 2316 45 29 till
523 2315 168 36 riksdagens
709 2313 146 37 protokoll
879 2313 90 27 1917.
1017 2312 18 27 6
1056 2310 83 30 saml.
1185 2310 19 27 5
1227 2309 72 35 häft.
1346 2305 61 40 (Nr
1429 2307 46 37 5)
1769 2304 19 27 4
