2210 2630
213 441 147 23 Utskottets

220 476 128 28 yttrande.

212 1055 135 29 Flygbåte-

220 1090 124 22 materiel.

233 1131 94 47 [15.]

195 1445 161 30 Utvidgning

174 1480 49 23 och
248 1481 128 22 moderni-

208 1515 84 28 sering
311 1523 30 14 av

184 1549 103 22 flottans
306 1557 61 15 varv

180 1584 10 21 i
207 1583 165 25 Karlskrona.

224 1635 93 47 [16.]

205 1776 148 23 Utskottets

213 1812 128 27 yttrande.

413 191 39 31 10
908 192 256 32 Statsutskottets
1185 195 167 30 utlåtande
1374 195 53 31 Nr
1448 198 28 28 5.

514 276 236 36 Beträffande
778 277 257 49 utredningen
1063 278 11 36 i
1103 278 108 48 fråga
1240 292 60 23 om
1330 279 106 37 detta
1464 280 134 48 anslag
1626 281 57 36 får
1706 283 187 37 utskottet
1912 284 91 36 hän-

409 327 82 37 visa
518 327 57 36 till
604 327 66 36 sid.
704 330 202 35 107—110
934 342 44 23 av
1008 331 429 48 statsrådsprotokollet.

511 430 266 37 Förevarande
807 431 147 48 förslag
982 435 76 33 står
1086 433 11 35 i
1126 435 380 36 överensstämmelse
1536 435 86 37 med
1650 436 74 36 den
1742 436 12 36 i
1773 439 228 47 propositio-

408 495 75 22 nen
511 495 46 22 nr
586 484 47 34 60
661 482 55 36 till
748 484 98 34 1914
876 486 59 33 års
963 496 135 24 senare
1126 485 157 49 riksdag
1312 492 166 43 antagna
1505 487 336 50 förutsättningen,
1858 495 55 31 att
1932 505 68 34 ny-

408 533 379 49 byggnadsanslaget
815 535 118 36 borde
956 535 127 48 jämnt
1110 536 167 37 fördelas
1306 541 48 46 på
1382 539 46 35 de
1457 539 186 37 särskilda
1672 543 90 33 åren
1790 541 12 36 i
1822 541 179 50 nybygg-

407 585 280 49 nadsperioden
718 588 265 35 1915—1919.

510 637 195 37 Utskottet
733 637 231 48 hemställer,

906 746 55 31 att
988 742 206 49 riksdagen
1223 746 60 33 må
1310 757 48 22 av
1387 744 63 36 det
1477 758 45 23 av
1554 748 97 34 1914
1680 749 60 34 års
1762 747 159 49 riksdag
1939 748 61 36 för

802 795 282 48 nyanskaffning
1125 796 113 35 under
1278 797 86 35 ären
1396 797 244 37 1915—1919
1667 811 45 23 av
1739 799 258 49 krigsfartygs-

801 846 159 35 materiel
989 845 185 49 beviljade
1207 846 173 49 anslaget
1408 851 20 33 å
1457 850 227 46 32,000,000
1704 850 141 37 kronor
1864 852 132 36 anvisa

800 899 50 45 på
892 902 103 31 extra
1038 903 75 30 stat
1153 898 60 36 för
1254 901 41 34 år
1326 901 97 35 1918
1453 903 124 34 såsom
1605 902 393 50 reservationsanslag

800 953 56 31 ett
884 948 136 49 belopp
1049 962 47 23 av
1126 951 202 46 6,400,000
1357 951 152 37 kronor.

506 1049 98 48 153:0)
634 1049 140 49 Kungl.
804 1051 108 49 Maj:t
939 1052 68 35 har
1034 1052 11 35 i
1074 1053 124 48 punkt
1227 1053 45 36 15
1304 1053 194 50 föreslagit
1526 1056 205 49 riksdagen
1759 1062 54 31 att
1843 1058 59 36 för
1929 1071 66 23 an-

399 1099 195 50 skaffning
621 1114 46 23 av
695 1101 341 49 flygbåtsmateriel
1064 1107 48 46 på
1142 1110 104 31 extra
1270 1112 74 30 stat
1363 1106 60 37 för
1443 1110 40 33 år
1505 1109 96 34 1918
1623 1108 140 49 bevilja
1783 1115 56 30 ett
1859 1110 135 48 anslag

398 1165 47 23 av
476 1154 162 47 135,000
667 1153 152 37 kronor.

503 1203 101 37 Över
644 1204 121 37 denna
806 1206 280 49 framställning
1126 1208 171 37 kommer
1338 1210 183 36 utskottet
1553 1216 56 30 att
1637 1211 204 38 framdeles
1872 1213 121 36 under

398 1255 206 49 riksdagen
632 1257 138 48 avgiva
798 1258 207 48 utlåtande,
1035 1260 118 35 vilket
1181 1261 190 36 utskottet
1399 1262 123 36 skolat
1550 1263 155 37 härmed

900 1337 159 35 anmäla.

504 1436 95 49 16:0)
626 1436 17 36 I
670 1437 123 49 punkt
825 1440 45 34 16
899 1439 68 36 har
995 1439 143 49 Kungl.
1168 1440 105 47 Maj:t
1301 1441 196 49 föreslagit
1528 1442 205 50 riksdagen
1761 1450 55 30 att
1852 1458 47 22 av
1928 1445 63 36 det

395 1492 90 31 utav
529 1490 96 34 1916
668 1492 58 33 års
766 1490 159 49 riksdag
964 1491 56 36 till
1060 1492 231 49 utvidgning
1328 1493 70 37 och
1426 1494 299 50 modernisering
1760 1510 48 22 av
1836 1496 153 37 flottans

395 1552 93 23 varv
529 1540 11 35 i
582 1540 233 37 Karlskrona
861 1542 187 48 beviljade
1100 1545 171 48 anslaget
1308 1558 47 22 av
1386 1548 199 45 1,350,000
1615 1547 139 36 kronor
1782 1549 132 36 anvisa
1942 1552 47 46 på

394 1596 105 31 extra
528 1597 77 31 stat
634 1593 57 36 för
718 1596 40 33 år
788 1595 98 35 1918
915 1600 53 30 ett
995 1595 137 49 belopp
1161 1609 47 22 av
1237 1598 165 44 275,000
1431 1598 150 36 kronor.

496 1643 451 49 Departementschefens
975 1647 206 49 utredning
1208 1648 11 35 i
1248 1652 128 33 ämnet
1405 1650 202 37 återfinnes
1635 1653 20 33 å
1684 1651 68 36 sid.
1785 1653 203 35 112—116

395 1708 46 22 av
469 1696 429 49 statsrådsprotokollet.

498 1772 16 36 I
539 1773 180 37 skrivelse
743 1774 72 36 den
843 1776 45 34 14
899 1775 82 47 juni
1000 1777 97 34 1916
1114 1777 196 48 angående
1325 1777 240 49 regleringen
1581 1792 47 23 av
1643 1779 210 48 utgifterna
1868 1781 119 36 under

394 1824 228 37 riksstatens
646 1825 113 36 femte
784 1826 210 37 huvudtitel
1019 1826 134 50 (punkt
1169 1827 60 49 24)
1244 1829 68 36 har
1326 1829 205 49 riksdagen
1547 1831 31 48 ej
1596 1831 145 37 mindre
1757 1833 154 45 anmält,
1932 1838 55 30 att

393 1876 204 48 riksdagen
614 1876 83 37 med
713 1877 107 36 bifall
836 1879 56 35 till
913 1878 141 49 Kungl.
1067 1879 128 49 Maj:ts
1212 1881 142 48 förslag
1369 1881 56 36 till
1436 1882 227 49 utvidgning
1674 1884 70 35 och
1756 1884 229 37 modernise-

393 1928 87 48 ring
503 1941 47 23 av
573 1928 151 37 flottans
747 1943 95 23 varv
866 1930 11 36 i
902 1930 235 38 Karlskrona
1161 1932 156 50 beviljat
1341 1939 54 30 ett
1419 1934 132 49 anslag
1565 1948 46 23 av
1629 1937 201 45 1,350,000
1847 1936 142 36 kronor

394 1984 98 31 samt
511 1980 116 36 därav
641 1983 48 46 på
709 1986 107 31 extra
835 1987 74 31 stat
934 1983 57 35 för
1007 1986 39 33 år
1068 1985 96 34 1917
1186 1985 146 35 anvisat
1352 1990 55 31 ett
1426 1986 136 49 belopp
1581 2000 48 22 av
1650 1989 163 45 250,000
1834 1988 150 46 kronor,

392 2031 85 36 med
505 2036 76 32 rätt
608 2032 59 36 för
695 2033 140 48 Kungl.
856 2034 107 47 Maj:t
982 2040 55 30 att
1055 2048 47 22 av
1123 2036 234 37 sistnämnda
1375 2037 138 50 belopp
1532 2038 119 37 under
1670 2042 40 33 år
1732 2041 97 35 1916
1847 2053 46 22 av
1912 2040 73 36 till-

392 2083 183 48 gängliga
618 2084 120 36 medel
766 2086 187 48 förskjuta
984 2088 162 45 100,000
1175 2088 149 43 kronor,
1359 2093 50 32 än
1436 2094 94 32 även
1559 2090 166 48 anhållit,
1755 2096 55 31 att
1842 2092 141 48 Kungl.

391 2135 107 48 Maj:t
538 2138 116 34 måtte
693 2136 75 36 låta
808 2137 132 37 utreda
977 2138 81 36 dels
1086 2138 273 50 lämpligheten
1388 2154 46 23 av
1462 2146 53 31 att
1543 2142 119 37 ordna
1690 2143 254 37 varvsdriften
1972 2144 12 36 i

392 2186 234 38 Karlskrona
667 2190 52 44 så,
758 2193 56 31 att
842 2195 132 30 varvet
1011 2195 119 32 sattes
1159 2191 12 36 1
1199 2192 109 36 stånd
1336 2198 56 30 att
1420 2193 124 37 utföra
1572 2195 214 48 reparation
1815 2195 72 36 och
1915 2209 69 35 ny-

391 2238 184 49 byggnad
610 2252 48 24 av
685 2240 116 36 andra
843 2241 59 36 för
942 2247 124 31 staten
1108 2243 163 36 avsedda
1313 2244 130 49 fartyg
1469 2249 47 32 än
1545 2246 251 49 krigsfartyg,
1827 2247 80 36 dels
1937 2247 46 37 de

390 2290 177 49 åtgärder
595 2296 130 31 utöver
752 2291 46 37 de
827 2292 12 36 i
866 2293 287 38 vederbörande
1180 2295 347 50 kommittéförslag
1554 2298 176 48 angivna,
1751 2312 81 23 som
1853 2299 130 36 härför

390 2341 108 37 bleve
527 2342 255 50 erforderliga.
