<?xml version="1.0" encoding="UTF-8"?>
<alto xmlns="http://www.loc.gov/standards/alto/ns-v3#" xmlns:xlink="http://www.w3.org/1999/xlink" xmlns:xsi="http://www.w3.org/2001/XMLSchema-instance" xsi:schemaLocation="http://www.loc.gov/standards/alto/ns-v3# http://www.loc.gov/alto/v3/alto-3-0.xsd">
	<Description>
		<MeasurementUnit>pixel</MeasurementUnit>
		<sourceImageInformation>
			<fileName>/tmp/tess_bbt629eq_input.PNG</fileName>
		</sourceImageInformation>
		<OCRProcessing ID="OCR_0">
			<ocrProcessingStep>
				<processingSoftware>
					<softwareName>tesseract 5.3.0</softwareName>
				</processingSoftware>
			</ocrProcessingStep>
		</OCRProcessing>
	</Description>
	<Layout>
		<Page WIDTH="1886" HEIGHT="2796" PHYSICAL_IMG_NR="0" ID="page_0">
			<PrintSpace HPOS="0" VPOS="0" WIDTH="1886" HEIGHT="2796">
				<ComposedBlock ID="cblock_0" HPOS="498" VPOS="125" WIDTH="1131" HEIGHT="42">
					<TextBlock ID="block_0" HPOS="498" VPOS="125" WIDTH="1131" HEIGHT="42">
						<TextLine ID="line_0" HPOS="498" VPOS="125" WIDTH="1131" HEIGHT="42">
							<String ID="string_0" HPOS="498" VPOS="129" WIDTH="393" HEIGHT="38" WC="0.90" CONTENT="Bevillningsutskottets"/><SP WIDTH="26" VPOS="129" HPOS="891"/>
							<String ID="string_1" HPOS="917" VPOS="130" WIDTH="217" HEIGHT="31" WC="0.96" CONTENT="betänkande"/><SP WIDTH="29" VPOS="130" HPOS="1134"/>
							<String ID="string_2" HPOS="1163" VPOS="140" WIDTH="40" HEIGHT="21" WC="0.95" CONTENT="nr"/><SP WIDTH="20" VPOS="140" HPOS="1203"/>
							<String ID="string_3" HPOS="1223" VPOS="130" WIDTH="49" HEIGHT="30" WC="0.95" CONTENT="28."/><SP WIDTH="341" VPOS="130" HPOS="1272"/>
							<String ID="string_4" HPOS="1613" VPOS="125" WIDTH="16" HEIGHT="31" WC="0.94" CONTENT="1"/>
						</TextLine>
					</TextBlock>
				</ComposedBlock>
				<ComposedBlock ID="cblock_1" HPOS="802" VPOS="450" WIDTH="148" HEIGHT="41">
					<TextBlock ID="block_1" HPOS="802" VPOS="450" WIDTH="148" HEIGHT="41">
						<TextLine ID="line_1" HPOS="802" VPOS="450" WIDTH="148" HEIGHT="41">
							<String ID="string_5" HPOS="802" VPOS="450" WIDTH="60" HEIGHT="40" WC="0.96" CONTENT="Nr"/><SP WIDTH="27" VPOS="450" HPOS="862"/>
							<String ID="string_6" HPOS="889" VPOS="451" WIDTH="61" HEIGHT="40" WC="0.94" CONTENT="28."/>
						</TextLine>
					</TextBlock>
				</ComposedBlock>
				<ComposedBlock ID="cblock_2" HPOS="342" VPOS="569" WIDTH="1284" HEIGHT="186">
					<TextBlock ID="block_2" HPOS="342" VPOS="569" WIDTH="1284" HEIGHT="141">
						<TextLine ID="line_2" HPOS="342" VPOS="569" WIDTH="1284" HEIGHT="40">
							<String ID="string_7" HPOS="342" VPOS="569" WIDTH="405" HEIGHT="39" WC="0.91" CONTENT="Bevillningsutskottets"/><SP WIDTH="19" VPOS="569" HPOS="747"/>
							<String ID="string_8" HPOS="766" VPOS="569" WIDTH="220" HEIGHT="30" WC="0.95" CONTENT="betänkande"/><SP WIDTH="18" VPOS="569" HPOS="986"/>
							<String ID="string_9" HPOS="1004" VPOS="569" WIDTH="12" HEIGHT="30" WC="0.96" CONTENT="i"/><SP WIDTH="16" VPOS="569" HPOS="1016"/>
							<String ID="string_10" HPOS="1032" VPOS="569" WIDTH="189" HEIGHT="40" WC="0.96" CONTENT="anledning"/><SP WIDTH="17" VPOS="569" HPOS="1221"/>
							<String ID="string_11" HPOS="1238" VPOS="578" WIDTH="42" HEIGHT="21" WC="0.96" CONTENT="av"/><SP WIDTH="19" VPOS="578" HPOS="1280"/>
							<String ID="string_12" HPOS="1299" VPOS="569" WIDTH="101" HEIGHT="30" WC="0.96" CONTENT="väckt"/><SP WIDTH="16" VPOS="569" HPOS="1400"/>
							<String ID="string_13" HPOS="1416" VPOS="569" WIDTH="134" HEIGHT="30" WC="0.96" CONTENT="motion"/><SP WIDTH="20" VPOS="569" HPOS="1550"/>
							<String ID="string_14" HPOS="1570" VPOS="578" WIDTH="56" HEIGHT="21" WC="0.96" CONTENT="om"/>
						</TextLine>
						<TextLine ID="line_3" HPOS="566" VPOS="620" WIDTH="1055" HEIGHT="40">
							<String ID="string_15" HPOS="566" VPOS="620" WIDTH="69" HEIGHT="30" WC="0.96" CONTENT="viss"/><SP WIDTH="19" VPOS="620" HPOS="635"/>
							<String ID="string_16" HPOS="654" VPOS="620" WIDTH="150" HEIGHT="39" WC="0.96" CONTENT="ändring"/><SP WIDTH="18" VPOS="620" HPOS="804"/>
							<String ID="string_17" HPOS="822" VPOS="629" WIDTH="43" HEIGHT="21" WC="0.96" CONTENT="av"/><SP WIDTH="20" VPOS="629" HPOS="865"/>
							<String ID="string_18" HPOS="885" VPOS="620" WIDTH="20" HEIGHT="30" WC="0.90" CONTENT="9"/><SP WIDTH="18" VPOS="620" HPOS="905"/>
							<String ID="string_19" HPOS="923" VPOS="622" WIDTH="18" HEIGHT="33" WC="0.90" CONTENT="$"/><SP WIDTH="19" VPOS="622" HPOS="941"/>
							<String ID="string_20" HPOS="960" VPOS="620" WIDTH="111" HEIGHT="40" WC="0.96" CONTENT="tredje"/><SP WIDTH="19" VPOS="620" HPOS="1071"/>
							<String ID="string_21" HPOS="1090" VPOS="621" WIDTH="135" HEIGHT="39" WC="0.96" CONTENT="stycket"/><SP WIDTH="12" VPOS="621" HPOS="1225"/>
							<String ID="string_22" HPOS="1237" VPOS="621" WIDTH="252" HEIGHT="39" WC="0.96" CONTENT="förordningen"/><SP WIDTH="14" VPOS="621" HPOS="1489"/>
							<String ID="string_23" HPOS="1503" VPOS="620" WIDTH="66" HEIGHT="30" WC="0.96" CONTENT="den"/><SP WIDTH="15" VPOS="620" HPOS="1569"/>
							<String ID="string_24" HPOS="1584" VPOS="620" WIDTH="37" HEIGHT="30" WC="0.96" CONTENT="21"/>
						</TextLine>
						<TextLine ID="line_4" HPOS="567" VPOS="670" WIDTH="602" HEIGHT="40">
							<String ID="string_25" HPOS="567" VPOS="670" WIDTH="181" HEIGHT="30" WC="0.96" CONTENT="december"/><SP WIDTH="26" VPOS="670" HPOS="748"/>
							<String ID="string_26" HPOS="774" VPOS="671" WIDTH="85" HEIGHT="29" WC="0.94" CONTENT="1945"/><SP WIDTH="23" VPOS="671" HPOS="859"/>
							<String ID="string_27" HPOS="882" VPOS="680" WIDTH="56" HEIGHT="20" WC="0.91" CONTENT="om"/><SP WIDTH="23" VPOS="680" HPOS="938"/>
							<String ID="string_28" HPOS="961" VPOS="670" WIDTH="208" HEIGHT="40" WC="0.91" CONTENT="nöjesskatt."/>
						</TextLine>
					</TextBlock>
					<TextBlock ID="block_3" HPOS="1381" VPOS="721" WIDTH="195" HEIGHT="34">
						<TextLine ID="line_5" HPOS="1381" VPOS="721" WIDTH="195" HEIGHT="34">
							<String ID="string_29" HPOS="1381" VPOS="721" WIDTH="76" HEIGHT="34" WC="0.91" CONTENT="(1:a"/><SP WIDTH="25" VPOS="721" HPOS="1457"/>
							<String ID="string_30" HPOS="1482" VPOS="721" WIDTH="94" HEIGHT="34" WC="0.95" CONTENT="avd.)"/>
						</TextLine>
					</TextBlock>
				</ComposedBlock>
				<ComposedBlock ID="cblock_3" HPOS="119" VPOS="821" WIDTH="1508" HEIGHT="333">
					<TextBlock ID="block_4" HPOS="123" VPOS="821" WIDTH="1504" HEIGHT="191">
						<TextLine ID="line_6" HPOS="167" VPOS="821" WIDTH="1458" HEIGHT="40">
							<String ID="string_31" HPOS="167" VPOS="822" WIDTH="13" HEIGHT="29" WC="0.96" CONTENT="I"/><SP WIDTH="22" VPOS="822" HPOS="180"/>
							<String ID="string_32" HPOS="202" VPOS="831" WIDTH="43" HEIGHT="20" WC="0.96" CONTENT="en"/><SP WIDTH="22" VPOS="831" HPOS="245"/>
							<String ID="string_33" HPOS="267" VPOS="822" WIDTH="96" HEIGHT="29" WC="0.96" CONTENT="inom"/><SP WIDTH="25" VPOS="822" HPOS="363"/>
							<String ID="string_34" HPOS="388" VPOS="822" WIDTH="187" HEIGHT="39" WC="0.96" CONTENT="riksdagen"/><SP WIDTH="24" VPOS="822" HPOS="575"/>
							<String ID="string_35" HPOS="599" VPOS="822" WIDTH="112" HEIGHT="34" WC="0.96" CONTENT="väckt,"/><SP WIDTH="22" VPOS="822" HPOS="711"/>
							<String ID="string_36" HPOS="733" VPOS="821" WIDTH="53" HEIGHT="31" WC="0.93" CONTENT="till"/><SP WIDTH="24" VPOS="821" HPOS="786"/>
							<String ID="string_37" HPOS="810" VPOS="821" WIDTH="381" HEIGHT="40" WC="0.92" CONTENT="bevillningsutskottet"/><SP WIDTH="24" VPOS="821" HPOS="1191"/>
							<String ID="string_38" HPOS="1215" VPOS="822" WIDTH="170" HEIGHT="30" WC="0.96" CONTENT="hänvisad"/><SP WIDTH="24" VPOS="822" HPOS="1385"/>
							<String ID="string_39" HPOS="1409" VPOS="822" WIDTH="144" HEIGHT="34" WC="0.95" CONTENT="motion,"/><SP WIDTH="26" VPOS="822" HPOS="1553"/>
							<String ID="string_40" HPOS="1579" VPOS="822" WIDTH="46" HEIGHT="29" WC="0.94" CONTENT="II:"/>
						</TextLine>
						<TextLine ID="line_7" HPOS="125" VPOS="872" WIDTH="1501" HEIGHT="41">
							<String ID="string_41" HPOS="125" VPOS="873" WIDTH="51" HEIGHT="33" WC="0.96" CONTENT="60,"/><SP WIDTH="20" VPOS="873" HPOS="176"/>
							<String ID="string_42" HPOS="196" VPOS="880" WIDTH="42" HEIGHT="22" WC="0.96" CONTENT="av"/><SP WIDTH="19" VPOS="880" HPOS="238"/>
							<String ID="string_43" HPOS="257" VPOS="873" WIDTH="121" HEIGHT="29" WC="0.96" CONTENT="herrar"/><SP WIDTH="20" VPOS="873" HPOS="378"/>
							<String ID="string_44" HPOS="398" VPOS="872" WIDTH="155" HEIGHT="30" WC="0.96" CONTENT="Gezelius"/><SP WIDTH="20" VPOS="872" HPOS="553"/>
							<String ID="string_45" HPOS="573" VPOS="872" WIDTH="64" HEIGHT="29" WC="0.96" CONTENT="och"/><SP WIDTH="19" VPOS="872" HPOS="637"/>
							<String ID="string_46" HPOS="656" VPOS="872" WIDTH="122" HEIGHT="30" WC="0.96" CONTENT="Allard"/><SP WIDTH="19" VPOS="872" HPOS="778"/>
							<String ID="string_47" HPOS="797" VPOS="872" WIDTH="64" HEIGHT="30" WC="0.93" CONTENT="har"/><SP WIDTH="19" VPOS="872" HPOS="861"/>
							<String ID="string_48" HPOS="880" VPOS="872" WIDTH="209" HEIGHT="35" WC="0.90" CONTENT="hemställts,"/><SP WIDTH="20" VPOS="872" HPOS="1089"/>
							<String ID="string_49" HPOS="1109" VPOS="875" WIDTH="50" HEIGHT="28" WC="0.96" CONTENT="att"/><SP WIDTH="22" VPOS="875" HPOS="1159"/>
							<String ID="string_50" HPOS="1181" VPOS="873" WIDTH="19" HEIGHT="30" WC="0.96" CONTENT="9"/><SP WIDTH="22" VPOS="873" HPOS="1200"/>
							<String ID="string_51" HPOS="1222" VPOS="873" WIDTH="15" HEIGHT="36" WC="0.87" CONTENT="8"/><SP WIDTH="20" VPOS="873" HPOS="1237"/>
							<String ID="string_52" HPOS="1257" VPOS="873" WIDTH="114" HEIGHT="40" WC="0.96" CONTENT="tredje"/><SP WIDTH="19" VPOS="873" HPOS="1371"/>
							<String ID="string_53" HPOS="1390" VPOS="874" WIDTH="134" HEIGHT="39" WC="0.96" CONTENT="stycket"/><SP WIDTH="22" VPOS="874" HPOS="1524"/>
							<String ID="string_54" HPOS="1546" VPOS="875" WIDTH="12" HEIGHT="29" WC="0.96" CONTENT="i"/><SP WIDTH="20" VPOS="875" HPOS="1558"/>
							<String ID="string_55" HPOS="1578" VPOS="882" WIDTH="48" HEIGHT="20" WC="0.97" CONTENT="nu"/>
						</TextLine>
						<TextLine ID="line_8" HPOS="124" VPOS="923" WIDTH="1503" HEIGHT="40">
							<String ID="string_56" HPOS="124" VPOS="923" WIDTH="158" HEIGHT="38" WC="0.93" CONTENT="gällande"/><SP WIDTH="29" VPOS="923" HPOS="282"/>
							<String ID="string_57" HPOS="311" VPOS="923" WIDTH="426" HEIGHT="38" WC="0.91" CONTENT="nöjesskatteförordning"/><SP WIDTH="27" VPOS="923" HPOS="737"/>
							<String ID="string_58" HPOS="764" VPOS="923" WIDTH="107" HEIGHT="29" WC="0.96" CONTENT="måtte"/><SP WIDTH="30" VPOS="923" HPOS="871"/>
							<String ID="string_59" HPOS="901" VPOS="923" WIDTH="129" HEIGHT="30" WC="0.96" CONTENT="ändras"/><SP WIDTH="28" VPOS="923" HPOS="1030"/>
							<String ID="string_60" HPOS="1058" VPOS="923" WIDTH="46" HEIGHT="40" WC="0.96" CONTENT="på"/><SP WIDTH="25" VPOS="923" HPOS="1104"/>
							<String ID="string_61" HPOS="1129" VPOS="923" WIDTH="12" HEIGHT="30" WC="0.96" CONTENT="i"/><SP WIDTH="26" VPOS="923" HPOS="1141"/>
							<String ID="string_62" HPOS="1167" VPOS="924" WIDTH="178" HEIGHT="29" WC="0.96" CONTENT="motionen"/><SP WIDTH="29" VPOS="924" HPOS="1345"/>
							<String ID="string_63" HPOS="1374" VPOS="924" WIDTH="162" HEIGHT="30" WC="0.93" CONTENT="närmare"/><SP WIDTH="31" VPOS="924" HPOS="1536"/>
							<String ID="string_64" HPOS="1567" VPOS="933" WIDTH="60" HEIGHT="21" WC="0.90" CONTENT="an-"/>
						</TextLine>
						<TextLine ID="line_9" HPOS="123" VPOS="973" WIDTH="192" HEIGHT="39">
							<String ID="string_65" HPOS="123" VPOS="973" WIDTH="89" HEIGHT="39" WC="0.96" CONTENT="givet"/><SP WIDTH="25" VPOS="973" HPOS="212"/>
							<String ID="string_66" HPOS="237" VPOS="974" WIDTH="78" HEIGHT="29" WC="0.96" CONTENT="sätt."/>
						</TextLine>
					</TextBlock>
					<TextBlock ID="block_5" HPOS="119" VPOS="1023" WIDTH="1508" HEIGHT="131">
						<TextLine ID="line_10" HPOS="166" VPOS="1023" WIDTH="1461" HEIGHT="40">
							<String ID="string_67" HPOS="166" VPOS="1023" WIDTH="226" HEIGHT="31" WC="0.96" CONTENT="Beträffande"/><SP WIDTH="19" VPOS="1023" HPOS="392"/>
							<String ID="string_68" HPOS="411" VPOS="1024" WIDTH="253" HEIGHT="39" WC="0.96" CONTENT="motiveringen"/><SP WIDTH="20" VPOS="1024" HPOS="664"/>
							<String ID="string_69" HPOS="684" VPOS="1024" WIDTH="55" HEIGHT="29" WC="0.96" CONTENT="för"/><SP WIDTH="20" VPOS="1024" HPOS="739"/>
							<String ID="string_70" HPOS="759" VPOS="1024" WIDTH="57" HEIGHT="30" WC="0.95" CONTENT="det"/><SP WIDTH="25" VPOS="1024" HPOS="816"/>
							<String ID="string_71" HPOS="841" VPOS="1024" WIDTH="5" HEIGHT="29" WC="0.95" CONTENT="i"/><SP WIDTH="21" VPOS="1024" HPOS="846"/>
							<String ID="string_72" HPOS="867" VPOS="1024" WIDTH="180" HEIGHT="30" WC="0.96" CONTENT="motionen"/><SP WIDTH="19" VPOS="1024" HPOS="1047"/>
							<String ID="string_73" HPOS="1066" VPOS="1024" WIDTH="222" HEIGHT="30" WC="0.95" CONTENT="framställda"/><SP WIDTH="18" VPOS="1024" HPOS="1288"/>
							<String ID="string_74" HPOS="1306" VPOS="1024" WIDTH="172" HEIGHT="39" WC="0.96" CONTENT="yrkandet"/><SP WIDTH="21" VPOS="1024" HPOS="1478"/>
							<String ID="string_75" HPOS="1499" VPOS="1024" WIDTH="56" HEIGHT="30" WC="0.93" CONTENT="får"/><SP WIDTH="19" VPOS="1024" HPOS="1555"/>
							<String ID="string_76" HPOS="1574" VPOS="1026" WIDTH="53" HEIGHT="28" WC="0.93" CONTENT="ut-"/>
						</TextLine>
						<TextLine ID="line_11" HPOS="122" VPOS="1074" WIDTH="1504" HEIGHT="40">
							<String ID="string_77" HPOS="122" VPOS="1075" WIDTH="138" HEIGHT="33" WC="0.96" CONTENT="skottet,"/><SP WIDTH="29" VPOS="1075" HPOS="260"/>
							<String ID="string_78" HPOS="289" VPOS="1074" WIDTH="4" HEIGHT="29" WC="0.96" CONTENT="i"/><SP WIDTH="20" VPOS="1074" HPOS="293"/>
							<String ID="string_79" HPOS="313" VPOS="1075" WIDTH="67" HEIGHT="29" WC="0.96" CONTENT="den"/><SP WIDTH="20" VPOS="1075" HPOS="380"/>
							<String ID="string_80" HPOS="400" VPOS="1074" WIDTH="84" HEIGHT="30" WC="0.96" CONTENT="mån"/><SP WIDTH="21" VPOS="1074" HPOS="484"/>
							<String ID="string_81" HPOS="505" VPOS="1075" WIDTH="217" HEIGHT="39" WC="0.95" CONTENT="redogörelse"/><SP WIDTH="22" VPOS="1075" HPOS="722"/>
							<String ID="string_82" HPOS="744" VPOS="1074" WIDTH="122" HEIGHT="30" WC="0.96" CONTENT="härför"/><SP WIDTH="22" VPOS="1074" HPOS="866"/>
							<String ID="string_83" HPOS="888" VPOS="1075" WIDTH="30" HEIGHT="39" WC="0.96" CONTENT="ej"/><SP WIDTH="26" VPOS="1075" HPOS="918"/>
							<String ID="string_84" HPOS="944" VPOS="1075" WIDTH="137" HEIGHT="30" WC="0.96" CONTENT="lämnas"/><SP WIDTH="22" VPOS="1075" HPOS="1081"/>
							<String ID="string_85" HPOS="1103" VPOS="1077" WIDTH="12" HEIGHT="29" WC="0.95" CONTENT="i"/><SP WIDTH="20" VPOS="1077" HPOS="1115"/>
							<String ID="string_86" HPOS="1135" VPOS="1075" WIDTH="57" HEIGHT="29" WC="0.96" CONTENT="det"/><SP WIDTH="23" VPOS="1075" HPOS="1192"/>
							<String ID="string_87" HPOS="1215" VPOS="1074" WIDTH="168" HEIGHT="40" WC="0.95" CONTENT="följande,"/><SP WIDTH="22" VPOS="1074" HPOS="1383"/>
							<String ID="string_88" HPOS="1405" VPOS="1075" WIDTH="148" HEIGHT="30" WC="0.96" CONTENT="hänvisa"/><SP WIDTH="20" VPOS="1075" HPOS="1553"/>
							<String ID="string_89" HPOS="1573" VPOS="1074" WIDTH="53" HEIGHT="30" WC="0.96" CONTENT="till"/>
						</TextLine>
						<TextLine ID="line_12" HPOS="119" VPOS="1125" WIDTH="189" HEIGHT="29">
							<String ID="string_90" HPOS="119" VPOS="1125" WIDTH="189" HEIGHT="29" WC="0.96" CONTENT="motionen."/>
						</TextLine>
					</TextBlock>
				</ComposedBlock>
				<ComposedBlock ID="cblock_4" HPOS="119" VPOS="1217" WIDTH="1509" HEIGHT="1050">
					<TextBlock ID="block_6" HPOS="119" VPOS="1217" WIDTH="1509" HEIGHT="445">
						<TextLine ID="line_13" HPOS="167" VPOS="1217" WIDTH="1460" HEIGHT="41">
							<String ID="string_91" HPOS="167" VPOS="1217" WIDTH="116" HEIGHT="40" WC="0.96" CONTENT="Enligt"/><SP WIDTH="25" VPOS="1217" HPOS="283"/>
							<String ID="string_92" HPOS="308" VPOS="1217" WIDTH="18" HEIGHT="30" WC="0.96" CONTENT="6"/><SP WIDTH="29" VPOS="1217" HPOS="326"/>
							<String ID="string_93" HPOS="355" VPOS="1217" WIDTH="16" HEIGHT="38" WC="0.57" CONTENT="8"/><SP WIDTH="26" VPOS="1217" HPOS="371"/>
							<String ID="string_94" HPOS="397" VPOS="1218" WIDTH="252" HEIGHT="39" WC="0.96" CONTENT="förordningen"/><SP WIDTH="26" VPOS="1218" HPOS="649"/>
							<String ID="string_95" HPOS="675" VPOS="1218" WIDTH="66" HEIGHT="30" WC="0.96" CONTENT="den"/><SP WIDTH="27" VPOS="1218" HPOS="741"/>
							<String ID="string_96" HPOS="768" VPOS="1218" WIDTH="38" HEIGHT="30" WC="0.96" CONTENT="21"/><SP WIDTH="27" VPOS="1218" HPOS="806"/>
							<String ID="string_97" HPOS="833" VPOS="1218" WIDTH="182" HEIGHT="30" WC="0.96" CONTENT="december"/><SP WIDTH="27" VPOS="1218" HPOS="1015"/>
							<String ID="string_98" HPOS="1042" VPOS="1218" WIDTH="83" HEIGHT="30" WC="0.96" CONTENT="1945"/><SP WIDTH="26" VPOS="1218" HPOS="1125"/>
							<String ID="string_99" HPOS="1151" VPOS="1227" WIDTH="56" HEIGHT="21" WC="0.93" CONTENT="om"/><SP WIDTH="28" VPOS="1227" HPOS="1207"/>
							<String ID="string_100" HPOS="1235" VPOS="1218" WIDTH="197" HEIGHT="39" WC="0.92" CONTENT="nöjesskatt"/><SP WIDTH="25" VPOS="1218" HPOS="1432"/>
							<String ID="string_101" HPOS="1457" VPOS="1220" WIDTH="170" HEIGHT="38" WC="0.92" CONTENT="upptages"/>
						</TextLine>
						<TextLine ID="line_14" HPOS="122" VPOS="1268" WIDTH="1505" HEIGHT="40">
							<String ID="string_102" HPOS="122" VPOS="1268" WIDTH="242" HEIGHT="39" WC="0.92" CONTENT="nöjesskatten"/><SP WIDTH="28" VPOS="1268" HPOS="364"/>
							<String ID="string_103" HPOS="392" VPOS="1269" WIDTH="11" HEIGHT="29" WC="0.96" CONTENT="i"/><SP WIDTH="28" VPOS="1269" HPOS="403"/>
							<String ID="string_104" HPOS="431" VPOS="1269" WIDTH="93" HEIGHT="29" WC="0.96" CONTENT="form"/><SP WIDTH="28" VPOS="1269" HPOS="524"/>
							<String ID="string_105" HPOS="552" VPOS="1278" WIDTH="43" HEIGHT="21" WC="0.96" CONTENT="av"/><SP WIDTH="28" VPOS="1278" HPOS="595"/>
							<String ID="string_106" HPOS="623" VPOS="1270" WIDTH="92" HEIGHT="29" WC="0.96" CONTENT="skatt"/><SP WIDTH="29" VPOS="1270" HPOS="715"/>
							<String ID="string_107" HPOS="744" VPOS="1269" WIDTH="45" HEIGHT="39" WC="0.96" CONTENT="på"/><SP WIDTH="26" VPOS="1269" HPOS="789"/>
							<String ID="string_108" HPOS="815" VPOS="1269" WIDTH="115" HEIGHT="39" WC="0.96" CONTENT="biljett"/><SP WIDTH="27" VPOS="1269" HPOS="930"/>
							<String ID="string_109" HPOS="957" VPOS="1269" WIDTH="82" HEIGHT="30" WC="0.96" CONTENT="eller"/><SP WIDTH="28" VPOS="1269" HPOS="1039"/>
							<String ID="string_110" HPOS="1067" VPOS="1271" WIDTH="108" HEIGHT="28" WC="0.95" CONTENT="annat"/><SP WIDTH="25" VPOS="1271" HPOS="1175"/>
							<String ID="string_111" HPOS="1200" VPOS="1269" WIDTH="105" HEIGHT="34" WC="0.96" CONTENT="bevis,"/><SP WIDTH="31" VPOS="1269" HPOS="1305"/>
							<String ID="string_112" HPOS="1336" VPOS="1278" WIDTH="75" HEIGHT="21" WC="0.94" CONTENT="som"/><SP WIDTH="26" VPOS="1278" HPOS="1411"/>
							<String ID="string_113" HPOS="1437" VPOS="1269" WIDTH="190" HEIGHT="39" WC="0.94" CONTENT="berättigar"/>
						</TextLine>
						<TextLine ID="line_15" HPOS="122" VPOS="1319" WIDTH="1505" HEIGHT="40">
							<String ID="string_114" HPOS="122" VPOS="1319" WIDTH="52" HEIGHT="29" WC="0.96" CONTENT="till"/><SP WIDTH="25" VPOS="1319" HPOS="174"/>
							<String ID="string_115" HPOS="199" VPOS="1319" WIDTH="206" HEIGHT="39" WC="0.96" CONTENT="deltagande"/><SP WIDTH="24" VPOS="1319" HPOS="405"/>
							<String ID="string_116" HPOS="429" VPOS="1319" WIDTH="12" HEIGHT="30" WC="0.92" CONTENT="i"/><SP WIDTH="27" VPOS="1319" HPOS="441"/>
							<String ID="string_117" HPOS="468" VPOS="1319" WIDTH="380" HEIGHT="40" WC="0.91" CONTENT="nöjestillställningen."/><SP WIDTH="26" VPOS="1319" HPOS="848"/>
							<String ID="string_118" HPOS="874" VPOS="1320" WIDTH="148" HEIGHT="29" WC="0.96" CONTENT="Jämlikt"/><SP WIDTH="27" VPOS="1320" HPOS="1022"/>
							<String ID="string_119" HPOS="1049" VPOS="1320" WIDTH="16" HEIGHT="29" WC="0.93" CONTENT="7"/><SP WIDTH="29" VPOS="1320" HPOS="1065"/>
							<String ID="string_120" HPOS="1094" VPOS="1320" WIDTH="15" HEIGHT="37" WC="0.69" CONTENT="$"/><SP WIDTH="33" VPOS="1320" HPOS="1109"/>
							<String ID="string_121" HPOS="1142" VPOS="1319" WIDTH="153" HEIGHT="34" WC="0.96" CONTENT="(senaste"/><SP WIDTH="28" VPOS="1319" HPOS="1295"/>
							<String ID="string_122" HPOS="1323" VPOS="1320" WIDTH="141" HEIGHT="39" WC="0.96" CONTENT="lydelse,"/><SP WIDTH="28" VPOS="1320" HPOS="1464"/>
							<String ID="string_123" HPOS="1492" VPOS="1329" WIDTH="34" HEIGHT="20" WC="0.94" CONTENT="se"/><SP WIDTH="27" VPOS="1329" HPOS="1526"/>
							<String ID="string_124" HPOS="1553" VPOS="1319" WIDTH="74" HEIGHT="31" WC="0.96" CONTENT="SFS"/>
						</TextLine>
						<TextLine ID="line_16" HPOS="125" VPOS="1369" WIDTH="1503" HEIGHT="41">
							<String ID="string_125" HPOS="125" VPOS="1369" WIDTH="98" HEIGHT="29" WC="0.96" CONTENT="1948:"/><SP WIDTH="17" VPOS="1369" HPOS="223"/>
							<String ID="string_126" HPOS="240" VPOS="1370" WIDTH="57" HEIGHT="33" WC="0.96" CONTENT="24)"/><SP WIDTH="30" VPOS="1370" HPOS="297"/>
							<String ID="string_127" HPOS="327" VPOS="1370" WIDTH="102" HEIGHT="39" WC="0.93" CONTENT="utgår"/><SP WIDTH="25" VPOS="1370" HPOS="429"/>
							<String ID="string_128" HPOS="454" VPOS="1370" WIDTH="244" HEIGHT="39" WC="0.91" CONTENT="nöjesskatten"/><SP WIDTH="25" VPOS="1370" HPOS="698"/>
							<String ID="string_129" HPOS="723" VPOS="1371" WIDTH="79" HEIGHT="29" WC="0.96" CONTENT="med"/><SP WIDTH="28" VPOS="1371" HPOS="802"/>
							<String ID="string_130" HPOS="830" VPOS="1370" WIDTH="38" HEIGHT="30" WC="0.95" CONTENT="15"/><SP WIDTH="27" VPOS="1370" HPOS="868"/>
							<String ID="string_131" HPOS="895" VPOS="1372" WIDTH="145" HEIGHT="38" WC="0.93" CONTENT="procent"/><SP WIDTH="25" VPOS="1372" HPOS="1040"/>
							<String ID="string_132" HPOS="1065" VPOS="1371" WIDTH="20" HEIGHT="29" WC="0.91" CONTENT="å"/><SP WIDTH="23" VPOS="1371" HPOS="1085"/>
							<String ID="string_133" HPOS="1108" VPOS="1370" WIDTH="227" HEIGHT="40" WC="0.91" CONTENT="bruttopriset"/><SP WIDTH="28" VPOS="1370" HPOS="1335"/>
							<String ID="string_134" HPOS="1363" VPOS="1371" WIDTH="56" HEIGHT="29" WC="0.96" CONTENT="för"/><SP WIDTH="24" VPOS="1371" HPOS="1419"/>
							<String ID="string_135" HPOS="1443" VPOS="1370" WIDTH="97" HEIGHT="40" WC="0.93" CONTENT="varje"/><SP WIDTH="25" VPOS="1370" HPOS="1540"/>
							<String ID="string_136" HPOS="1565" VPOS="1370" WIDTH="63" HEIGHT="29" WC="0.90" CONTENT="bil-"/>
						</TextLine>
						<TextLine ID="line_17" HPOS="119" VPOS="1420" WIDTH="1509" HEIGHT="40">
							<String ID="string_137" HPOS="119" VPOS="1420" WIDTH="77" HEIGHT="39" WC="0.86" CONTENT="jett,"/><SP WIDTH="23" VPOS="1420" HPOS="196"/>
							<String ID="string_138" HPOS="219" VPOS="1420" WIDTH="208" HEIGHT="30" WC="0.92" CONTENT="inberäknat"/><SP WIDTH="24" VPOS="1420" HPOS="427"/>
							<String ID="string_139" HPOS="451" VPOS="1421" WIDTH="155" HEIGHT="34" WC="0.96" CONTENT="skatten;"/><SP WIDTH="27" VPOS="1421" HPOS="606"/>
							<String ID="string_140" HPOS="633" VPOS="1421" WIDTH="89" HEIGHT="29" WC="0.96" CONTENT="dock"/><SP WIDTH="24" VPOS="1421" HPOS="722"/>
							<String ID="string_141" HPOS="746" VPOS="1423" WIDTH="50" HEIGHT="27" WC="0.96" CONTENT="att"/><SP WIDTH="25" VPOS="1423" HPOS="796"/>
							<String ID="string_142" HPOS="821" VPOS="1421" WIDTH="55" HEIGHT="29" WC="0.93" CONTENT="för"/><SP WIDTH="24" VPOS="1421" HPOS="876"/>
							<String ID="string_143" HPOS="900" VPOS="1421" WIDTH="384" HEIGHT="39" WC="0.91" CONTENT="biografföreställning"/><SP WIDTH="24" VPOS="1421" HPOS="1284"/>
							<String ID="string_144" HPOS="1308" VPOS="1421" WIDTH="243" HEIGHT="39" WC="0.92" CONTENT="nöjesskatten"/><SP WIDTH="23" VPOS="1421" HPOS="1551"/>
							<String ID="string_145" HPOS="1574" VPOS="1422" WIDTH="54" HEIGHT="28" WC="0.91" CONTENT="ut-"/>
						</TextLine>
						<TextLine ID="line_18" HPOS="121" VPOS="1470" WIDTH="1505" HEIGHT="41">
							<String ID="string_146" HPOS="121" VPOS="1470" WIDTH="60" HEIGHT="39" WC="0.96" CONTENT="går"/><SP WIDTH="17" VPOS="1470" HPOS="181"/>
							<String ID="string_147" HPOS="198" VPOS="1471" WIDTH="78" HEIGHT="29" WC="0.96" CONTENT="med"/><SP WIDTH="21" VPOS="1471" HPOS="276"/>
							<String ID="string_148" HPOS="297" VPOS="1470" WIDTH="41" HEIGHT="30" WC="0.96" CONTENT="30"/><SP WIDTH="17" VPOS="1470" HPOS="338"/>
							<String ID="string_149" HPOS="355" VPOS="1472" WIDTH="154" HEIGHT="38" WC="0.95" CONTENT="procent,"/><SP WIDTH="17" VPOS="1472" HPOS="509"/>
							<String ID="string_150" HPOS="526" VPOS="1480" WIDTH="58" HEIGHT="21" WC="0.96" CONTENT="om"/><SP WIDTH="16" VPOS="1480" HPOS="584"/>
							<String ID="string_151" HPOS="600" VPOS="1471" WIDTH="225" HEIGHT="39" WC="0.96" CONTENT="biljettpriset"/><SP WIDTH="18" VPOS="1471" HPOS="825"/>
							<String ID="string_152" HPOS="843" VPOS="1471" WIDTH="76" HEIGHT="30" WC="0.96" CONTENT="icke"/><SP WIDTH="20" VPOS="1471" HPOS="919"/>
							<String ID="string_153" HPOS="939" VPOS="1471" WIDTH="189" HEIGHT="40" WC="0.96" CONTENT="överstiger"/><SP WIDTH="17" VPOS="1471" HPOS="1128"/>
							<String ID="string_154" HPOS="1145" VPOS="1480" WIDTH="43" HEIGHT="21" WC="0.96" CONTENT="en"/><SP WIDTH="16" VPOS="1480" HPOS="1188"/>
							<String ID="string_155" HPOS="1204" VPOS="1472" WIDTH="122" HEIGHT="33" WC="0.96" CONTENT="krona,"/><SP WIDTH="18" VPOS="1472" HPOS="1326"/>
							<String ID="string_156" HPOS="1344" VPOS="1471" WIDTH="65" HEIGHT="30" WC="0.96" CONTENT="och"/><SP WIDTH="17" VPOS="1471" HPOS="1409"/>
							<String ID="string_157" HPOS="1426" VPOS="1471" WIDTH="101" HEIGHT="39" WC="0.96" CONTENT="eljest"/><SP WIDTH="20" VPOS="1471" HPOS="1527"/>
							<String ID="string_158" HPOS="1547" VPOS="1471" WIDTH="79" HEIGHT="30" WC="0.96" CONTENT="med"/>
						</TextLine>
						<TextLine ID="line_19" HPOS="122" VPOS="1521" WIDTH="1503" HEIGHT="41">
							<String ID="string_159" HPOS="122" VPOS="1521" WIDTH="41" HEIGHT="29" WC="0.96" CONTENT="30"/><SP WIDTH="20" VPOS="1521" HPOS="163"/>
							<String ID="string_160" HPOS="183" VPOS="1523" WIDTH="143" HEIGHT="37" WC="0.96" CONTENT="procent"/><SP WIDTH="21" VPOS="1523" HPOS="326"/>
							<String ID="string_161" HPOS="347" VPOS="1530" WIDTH="43" HEIGHT="21" WC="0.96" CONTENT="av"/><SP WIDTH="21" VPOS="1530" HPOS="390"/>
							<String ID="string_162" HPOS="411" VPOS="1530" WIDTH="43" HEIGHT="21" WC="0.96" CONTENT="en"/><SP WIDTH="20" VPOS="1530" HPOS="454"/>
							<String ID="string_163" HPOS="474" VPOS="1521" WIDTH="112" HEIGHT="30" WC="0.96" CONTENT="krona"/><SP WIDTH="22" VPOS="1521" HPOS="586"/>
							<String ID="string_164" HPOS="608" VPOS="1522" WIDTH="65" HEIGHT="29" WC="0.96" CONTENT="och"/><SP WIDTH="21" VPOS="1522" HPOS="673"/>
							<String ID="string_165" HPOS="694" VPOS="1521" WIDTH="41" HEIGHT="30" WC="0.94" CONTENT="45"/><SP WIDTH="21" VPOS="1521" HPOS="735"/>
							<String ID="string_166" HPOS="756" VPOS="1523" WIDTH="145" HEIGHT="38" WC="0.96" CONTENT="procent"/><SP WIDTH="20" VPOS="1523" HPOS="901"/>
							<String ID="string_167" HPOS="921" VPOS="1531" WIDTH="43" HEIGHT="21" WC="0.96" CONTENT="av"/><SP WIDTH="22" VPOS="1531" HPOS="964"/>
							<String ID="string_168" HPOS="986" VPOS="1521" WIDTH="199" HEIGHT="31" WC="0.95" CONTENT="återstoden"/><SP WIDTH="23" VPOS="1521" HPOS="1185"/>
							<String ID="string_169" HPOS="1208" VPOS="1531" WIDTH="42" HEIGHT="21" WC="0.96" CONTENT="av"/><SP WIDTH="21" VPOS="1531" HPOS="1250"/>
							<String ID="string_170" HPOS="1271" VPOS="1521" WIDTH="235" HEIGHT="41" WC="0.95" CONTENT="biljettpriset."/><SP WIDTH="24" VPOS="1521" HPOS="1506"/>
							<String ID="string_171" HPOS="1530" VPOS="1522" WIDTH="14" HEIGHT="29" WC="0.96" CONTENT="I"/><SP WIDTH="23" VPOS="1522" HPOS="1544"/>
							<String ID="string_172" HPOS="1567" VPOS="1521" WIDTH="19" HEIGHT="30" WC="0.93" CONTENT="9"/><SP WIDTH="24" VPOS="1521" HPOS="1586"/>
							<String ID="string_173" HPOS="1610" VPOS="1521" WIDTH="15" HEIGHT="37" WC="0.75" CONTENT="$"/>
						</TextLine>
						<TextLine ID="line_20" HPOS="129" VPOS="1571" WIDTH="1497" HEIGHT="39">
							<String ID="string_174" HPOS="129" VPOS="1572" WIDTH="153" HEIGHT="32" WC="0.96" CONTENT="(senaste"/><SP WIDTH="28" VPOS="1572" HPOS="282"/>
							<String ID="string_175" HPOS="310" VPOS="1571" WIDTH="139" HEIGHT="39" WC="0.95" CONTENT="lydelse,"/><SP WIDTH="29" VPOS="1571" HPOS="449"/>
							<String ID="string_176" HPOS="478" VPOS="1580" WIDTH="34" HEIGHT="21" WC="0.96" CONTENT="se"/><SP WIDTH="26" VPOS="1580" HPOS="512"/>
							<String ID="string_177" HPOS="538" VPOS="1571" WIDTH="74" HEIGHT="31" WC="0.92" CONTENT="SFS"/><SP WIDTH="29" VPOS="1571" HPOS="612"/>
							<String ID="string_178" HPOS="641" VPOS="1572" WIDTH="173" HEIGHT="33" WC="0.91" CONTENT="1948:24)"/><SP WIDTH="33" VPOS="1572" HPOS="814"/>
							<String ID="string_179" HPOS="847" VPOS="1572" WIDTH="46" HEIGHT="30" WC="0.96" CONTENT="ha"/><SP WIDTH="26" VPOS="1572" HPOS="893"/>
							<String ID="string_180" HPOS="919" VPOS="1572" WIDTH="193" HEIGHT="30" WC="0.96" CONTENT="meddelats"/><SP WIDTH="28" VPOS="1572" HPOS="1112"/>
							<String ID="string_181" HPOS="1140" VPOS="1573" WIDTH="162" HEIGHT="29" WC="0.95" CONTENT="närmare"/><SP WIDTH="24" VPOS="1573" HPOS="1302"/>
							<String ID="string_182" HPOS="1326" VPOS="1573" WIDTH="224" HEIGHT="30" WC="0.95" CONTENT="föreskrifter"/><SP WIDTH="23" VPOS="1573" HPOS="1550"/>
							<String ID="string_183" HPOS="1573" VPOS="1573" WIDTH="53" HEIGHT="30" WC="0.95" CONTENT="till"/>
						</TextLine>
						<TextLine ID="line_21" HPOS="121" VPOS="1622" WIDTH="1415" HEIGHT="40">
							<String ID="string_184" HPOS="121" VPOS="1622" WIDTH="141" HEIGHT="39" WC="0.96" CONTENT="ledning"/><SP WIDTH="21" VPOS="1622" HPOS="262"/>
							<String ID="string_185" HPOS="283" VPOS="1622" WIDTH="55" HEIGHT="30" WC="0.96" CONTENT="för"/><SP WIDTH="22" VPOS="1622" HPOS="338"/>
							<String ID="string_186" HPOS="360" VPOS="1622" WIDTH="195" HEIGHT="40" WC="0.96" CONTENT="beräkning"/><SP WIDTH="25" VPOS="1622" HPOS="555"/>
							<String ID="string_187" HPOS="580" VPOS="1632" WIDTH="42" HEIGHT="21" WC="0.96" CONTENT="av"/><SP WIDTH="22" VPOS="1632" HPOS="622"/>
							<String ID="string_188" HPOS="644" VPOS="1622" WIDTH="235" HEIGHT="40" WC="0.96" CONTENT="biljettpriset."/><SP WIDTH="24" VPOS="1622" HPOS="879"/>
							<String ID="string_189" HPOS="903" VPOS="1623" WIDTH="161" HEIGHT="30" WC="0.92" CONTENT="Nämnda"/><SP WIDTH="24" VPOS="1623" HPOS="1064"/>
							<String ID="string_190" HPOS="1088" VPOS="1623" WIDTH="311" HEIGHT="39" WC="0.90" CONTENT="författningsrum"/><SP WIDTH="24" VPOS="1623" HPOS="1399"/>
							<String ID="string_191" HPOS="1423" VPOS="1623" WIDTH="113" HEIGHT="39" WC="0.96" CONTENT="lyder:"/>
						</TextLine>
					</TextBlock>
					<TextBlock ID="block_7" HPOS="120" VPOS="1672" WIDTH="1507" HEIGHT="142">
						<TextLine ID="line_22" HPOS="167" VPOS="1672" WIDTH="1459" HEIGHT="42">
							<String ID="string_192" HPOS="167" VPOS="1672" WIDTH="141" HEIGHT="30" WC="0.42" CONTENT="»Såsom"/><SP WIDTH="24" VPOS="1672" HPOS="308"/>
							<String ID="string_193" HPOS="332" VPOS="1672" WIDTH="190" HEIGHT="40" WC="0.91" CONTENT="biljettpris"/><SP WIDTH="25" VPOS="1672" HPOS="522"/>
							<String ID="string_194" HPOS="547" VPOS="1682" WIDTH="102" HEIGHT="21" WC="0.96" CONTENT="anses"/><SP WIDTH="21" VPOS="1682" HPOS="649"/>
							<String ID="string_195" HPOS="670" VPOS="1673" WIDTH="58" HEIGHT="30" WC="0.96" CONTENT="det"/><SP WIDTH="22" VPOS="1673" HPOS="728"/>
							<String ID="string_196" HPOS="750" VPOS="1674" WIDTH="176" HEIGHT="29" WC="0.96" CONTENT="ordinarie"/><SP WIDTH="23" VPOS="1674" HPOS="926"/>
							<String ID="string_197" HPOS="949" VPOS="1673" WIDTH="108" HEIGHT="41" WC="0.96" CONTENT="priset"/><SP WIDTH="24" VPOS="1673" HPOS="1057"/>
							<String ID="string_198" HPOS="1081" VPOS="1674" WIDTH="55" HEIGHT="29" WC="0.96" CONTENT="för"/><SP WIDTH="22" VPOS="1674" HPOS="1136"/>
							<String ID="string_199" HPOS="1158" VPOS="1674" WIDTH="67" HEIGHT="29" WC="0.96" CONTENT="den"/><SP WIDTH="25" VPOS="1674" HPOS="1225"/>
							<String ID="string_200" HPOS="1250" VPOS="1673" WIDTH="232" HEIGHT="40" WC="0.96" CONTENT="tillställning,"/><SP WIDTH="24" VPOS="1673" HPOS="1482"/>
							<String ID="string_201" HPOS="1506" VPOS="1675" WIDTH="120" HEIGHT="28" WC="0.41" CONTENT="varorna"/>
						</TextLine>
						<TextLine ID="line_23" HPOS="122" VPOS="1723" WIDTH="1505" HEIGHT="41">
							<String ID="string_202" HPOS="122" VPOS="1723" WIDTH="99" HEIGHT="39" WC="0.96" CONTENT="fråga"/><SP WIDTH="25" VPOS="1723" HPOS="221"/>
							<String ID="string_203" HPOS="246" VPOS="1724" WIDTH="48" HEIGHT="33" WC="0.96" CONTENT="är,"/><SP WIDTH="26" VPOS="1724" HPOS="294"/>
							<String ID="string_204" HPOS="320" VPOS="1725" WIDTH="86" HEIGHT="28" WC="0.96" CONTENT="utan"/><SP WIDTH="26" VPOS="1725" HPOS="406"/>
							<String ID="string_205" HPOS="432" VPOS="1724" WIDTH="139" HEIGHT="39" WC="0.96" CONTENT="hänsyn"/><SP WIDTH="28" VPOS="1724" HPOS="571"/>
							<String ID="string_206" HPOS="599" VPOS="1724" WIDTH="52" HEIGHT="29" WC="0.95" CONTENT="till"/><SP WIDTH="26" VPOS="1724" HPOS="651"/>
							<String ID="string_207" HPOS="677" VPOS="1726" WIDTH="50" HEIGHT="28" WC="0.96" CONTENT="att"/><SP WIDTH="26" VPOS="1726" HPOS="727"/>
							<String ID="string_208" HPOS="753" VPOS="1725" WIDTH="226" HEIGHT="38" WC="0.93" CONTENT="nedsättning"/><SP WIDTH="25" VPOS="1725" HPOS="979"/>
							<String ID="string_209" HPOS="1004" VPOS="1724" WIDTH="175" HEIGHT="40" WC="0.92" CONTENT="medgives"/><SP WIDTH="26" VPOS="1724" HPOS="1179"/>
							<String ID="string_210" HPOS="1205" VPOS="1724" WIDTH="55" HEIGHT="30" WC="0.96" CONTENT="för"/><SP WIDTH="27" VPOS="1724" HPOS="1260"/>
							<String ID="string_211" HPOS="1287" VPOS="1724" WIDTH="93" HEIGHT="30" WC="0.96" CONTENT="vissa"/><SP WIDTH="26" VPOS="1724" HPOS="1380"/>
							<String ID="string_212" HPOS="1406" VPOS="1732" WIDTH="151" HEIGHT="32" WC="0.96" CONTENT="grupper"/><SP WIDTH="28" VPOS="1732" HPOS="1557"/>
							<String ID="string_213" HPOS="1585" VPOS="1733" WIDTH="42" HEIGHT="21" WC="0.96" CONTENT="av"/>
						</TextLine>
						<TextLine ID="line_24" HPOS="120" VPOS="1773" WIDTH="1227" HEIGHT="41">
							<String ID="string_214" HPOS="120" VPOS="1773" WIDTH="175" HEIGHT="39" WC="0.96" CONTENT="deltagare"/><SP WIDTH="21" VPOS="1773" HPOS="295"/>
							<String ID="string_215" HPOS="316" VPOS="1774" WIDTH="82" HEIGHT="29" WC="0.96" CONTENT="eller"/><SP WIDTH="22" VPOS="1774" HPOS="398"/>
							<String ID="string_216" HPOS="420" VPOS="1776" WIDTH="50" HEIGHT="28" WC="0.96" CONTENT="att"/><SP WIDTH="21" VPOS="1776" HPOS="470"/>
							<String ID="string_217" HPOS="491" VPOS="1774" WIDTH="115" HEIGHT="39" WC="0.96" CONTENT="biljett"/><SP WIDTH="20" VPOS="1774" HPOS="606"/>
							<String ID="string_218" HPOS="626" VPOS="1775" WIDTH="178" HEIGHT="29" WC="0.96" CONTENT="utlämnas"/><SP WIDTH="22" VPOS="1775" HPOS="804"/>
							<String ID="string_219" HPOS="826" VPOS="1777" WIDTH="86" HEIGHT="27" WC="0.96" CONTENT="utan"/><SP WIDTH="21" VPOS="1777" HPOS="912"/>
							<String ID="string_220" HPOS="933" VPOS="1775" WIDTH="178" HEIGHT="39" WC="0.93" CONTENT="betalning"/><SP WIDTH="25" VPOS="1775" HPOS="1111"/>
							<String ID="string_221" HPOS="1136" VPOS="1775" WIDTH="211" HEIGHT="39" WC="0.89" CONTENT="(fribiljett)."/>
						</TextLine>
					</TextBlock>
					<TextBlock ID="block_8" HPOS="120" VPOS="1824" WIDTH="1507" HEIGHT="141">
						<TextLine ID="line_25" HPOS="166" VPOS="1824" WIDTH="1461" HEIGHT="41">
							<String ID="string_222" HPOS="166" VPOS="1824" WIDTH="13" HEIGHT="29" WC="0.95" CONTENT="I"/><SP WIDTH="30" VPOS="1824" HPOS="179"/>
							<String ID="string_223" HPOS="209" VPOS="1824" WIDTH="226" HEIGHT="40" WC="0.96" CONTENT="biljettpriset"/><SP WIDTH="30" VPOS="1824" HPOS="435"/>
							<String ID="string_224" HPOS="465" VPOS="1825" WIDTH="169" HEIGHT="29" WC="0.93" CONTENT="inräknas"/><SP WIDTH="31" VPOS="1825" HPOS="634"/>
							<String ID="string_225" HPOS="665" VPOS="1825" WIDTH="267" HEIGHT="40" WC="0.92" CONTENT="förköpsavgift,"/><SP WIDTH="33" VPOS="1825" HPOS="932"/>
							<String ID="string_226" HPOS="965" VPOS="1825" WIDTH="151" HEIGHT="30" WC="0.92" CONTENT="särskild"/><SP WIDTH="33" VPOS="1825" HPOS="1116"/>
							<String ID="string_227" HPOS="1149" VPOS="1825" WIDTH="270" HEIGHT="40" WC="0.91" CONTENT="sittplatsbiljett"/><SP WIDTH="33" VPOS="1825" HPOS="1419"/>
							<String ID="string_228" HPOS="1452" VPOS="1825" WIDTH="82" HEIGHT="30" WC="0.93" CONTENT="eller"/><SP WIDTH="33" VPOS="1825" HPOS="1534"/>
							<String ID="string_229" HPOS="1567" VPOS="1834" WIDTH="60" HEIGHT="22" WC="0.91" CONTENT="an-"/>
						</TextLine>
						<TextLine ID="line_26" HPOS="121" VPOS="1874" WIDTH="1506" HEIGHT="40">
							<String ID="string_230" HPOS="121" VPOS="1883" WIDTH="69" HEIGHT="21" WC="0.96" CONTENT="nan"/><SP WIDTH="20" VPOS="1883" HPOS="190"/>
							<String ID="string_231" HPOS="210" VPOS="1874" WIDTH="98" HEIGHT="39" WC="0.96" CONTENT="dylik"/><SP WIDTH="22" VPOS="1874" HPOS="308"/>
							<String ID="string_232" HPOS="330" VPOS="1875" WIDTH="108" HEIGHT="38" WC="0.96" CONTENT="avgift"/><SP WIDTH="21" VPOS="1875" HPOS="438"/>
							<String ID="string_233" HPOS="459" VPOS="1875" WIDTH="165" HEIGHT="29" WC="0.96" CONTENT="ävensom"/><SP WIDTH="22" VPOS="1875" HPOS="624"/>
							<String ID="string_234" HPOS="646" VPOS="1875" WIDTH="108" HEIGHT="30" WC="0.93" CONTENT="sådan"/><SP WIDTH="21" VPOS="1875" HPOS="754"/>
							<String ID="string_235" HPOS="775" VPOS="1883" WIDTH="188" HEIGHT="31" WC="0.91" CONTENT="program-,"/><SP WIDTH="23" VPOS="1883" HPOS="963"/>
							<String ID="string_236" HPOS="986" VPOS="1875" WIDTH="202" HEIGHT="39" WC="0.91" CONTENT="garderobs-"/><SP WIDTH="22" VPOS="1875" HPOS="1188"/>
							<String ID="string_237" HPOS="1210" VPOS="1875" WIDTH="83" HEIGHT="30" WC="0.96" CONTENT="eller"/><SP WIDTH="22" VPOS="1875" HPOS="1293"/>
							<String ID="string_238" HPOS="1315" VPOS="1876" WIDTH="143" HEIGHT="29" WC="0.93" CONTENT="därmed"/><SP WIDTH="21" VPOS="1876" HPOS="1458"/>
							<String ID="string_239" HPOS="1479" VPOS="1875" WIDTH="148" HEIGHT="39" WC="0.92" CONTENT="jämför-"/>
						</TextLine>
						<TextLine ID="line_27" HPOS="120" VPOS="1924" WIDTH="1417" HEIGHT="41">
							<String ID="string_240" HPOS="120" VPOS="1924" WIDTH="47" HEIGHT="39" WC="0.96" CONTENT="lig"/><SP WIDTH="20" VPOS="1924" HPOS="167"/>
							<String ID="string_241" HPOS="187" VPOS="1924" WIDTH="119" HEIGHT="39" WC="0.96" CONTENT="avgift,"/><SP WIDTH="21" VPOS="1924" HPOS="306"/>
							<String ID="string_242" HPOS="327" VPOS="1934" WIDTH="80" HEIGHT="20" WC="0.96" CONTENT="vars"/><SP WIDTH="23" VPOS="1934" HPOS="407"/>
							<String ID="string_243" HPOS="430" VPOS="1925" WIDTH="208" HEIGHT="39" WC="0.96" CONTENT="erläggande"/><SP WIDTH="22" VPOS="1925" HPOS="638"/>
							<String ID="string_244" HPOS="660" VPOS="1926" WIDTH="101" HEIGHT="38" WC="0.95" CONTENT="utgör"/><SP WIDTH="21" VPOS="1926" HPOS="761"/>
							<String ID="string_245" HPOS="782" VPOS="1925" WIDTH="126" HEIGHT="30" WC="0.96" CONTENT="villkor"/><SP WIDTH="22" VPOS="1925" HPOS="908"/>
							<String ID="string_246" HPOS="930" VPOS="1926" WIDTH="55" HEIGHT="29" WC="0.96" CONTENT="för"/><SP WIDTH="24" VPOS="1926" HPOS="985"/>
							<String ID="string_247" HPOS="1009" VPOS="1925" WIDTH="153" HEIGHT="30" WC="0.96" CONTENT="tillträde"/><SP WIDTH="22" VPOS="1925" HPOS="1162"/>
							<String ID="string_248" HPOS="1184" VPOS="1925" WIDTH="54" HEIGHT="31" WC="0.96" CONTENT="till"/><SP WIDTH="22" VPOS="1925" HPOS="1238"/>
							<String ID="string_249" HPOS="1260" VPOS="1925" WIDTH="277" HEIGHT="40" WC="0.96" CONTENT="tillställningen."/>
						</TextLine>
					</TextBlock>
					<TextBlock ID="block_9" HPOS="120" VPOS="1974" WIDTH="1507" HEIGHT="293">
						<TextLine ID="line_28" HPOS="165" VPOS="1974" WIDTH="1461" HEIGHT="41">
							<String ID="string_250" HPOS="165" VPOS="1974" WIDTH="107" HEIGHT="30" WC="0.96" CONTENT="Avser"/><SP WIDTH="24" VPOS="1974" HPOS="272"/>
							<String ID="string_251" HPOS="296" VPOS="1975" WIDTH="114" HEIGHT="39" WC="0.96" CONTENT="biljett"/><SP WIDTH="25" VPOS="1975" HPOS="410"/>
							<String ID="string_252" HPOS="435" VPOS="1977" WIDTH="48" HEIGHT="28" WC="0.96" CONTENT="ett"/><SP WIDTH="25" VPOS="1977" HPOS="483"/>
							<String ID="string_253" HPOS="508" VPOS="1975" WIDTH="116" HEIGHT="30" WC="0.96" CONTENT="flertal"/><SP WIDTH="26" VPOS="1975" HPOS="624"/>
							<String ID="string_254" HPOS="650" VPOS="1975" WIDTH="263" HEIGHT="40" WC="0.96" CONTENT="tillställningar"/><SP WIDTH="23" VPOS="1975" HPOS="913"/>
							<String ID="string_255" HPOS="936" VPOS="1976" WIDTH="83" HEIGHT="29" WC="0.96" CONTENT="eller"/><SP WIDTH="24" VPOS="1976" HPOS="1019"/>
							<String ID="string_256" HPOS="1043" VPOS="1978" WIDTH="48" HEIGHT="27" WC="0.96" CONTENT="ett"/><SP WIDTH="24" VPOS="1978" HPOS="1091"/>
							<String ID="string_257" HPOS="1115" VPOS="1976" WIDTH="117" HEIGHT="29" WC="0.96" CONTENT="flertal"/><SP WIDTH="24" VPOS="1976" HPOS="1232"/>
							<String ID="string_258" HPOS="1256" VPOS="1985" WIDTH="174" HEIGHT="28" WC="0.95" CONTENT="personer,"/><SP WIDTH="24" VPOS="1985" HPOS="1430"/>
							<String ID="string_259" HPOS="1454" VPOS="1976" WIDTH="172" HEIGHT="30" WC="0.96" CONTENT="beräknas"/>
						</TextLine>
						<TextLine ID="line_29" HPOS="121" VPOS="2025" WIDTH="1505" HEIGHT="41">
							<String ID="string_260" HPOS="121" VPOS="2025" WIDTH="93" HEIGHT="30" WC="0.93" CONTENT="skatt"/><SP WIDTH="26" VPOS="2025" HPOS="214"/>
							<String ID="string_261" HPOS="240" VPOS="2025" WIDTH="85" HEIGHT="30" WC="0.92" CONTENT="därå"/><SP WIDTH="28" VPOS="2025" HPOS="325"/>
							<String ID="string_262" HPOS="353" VPOS="2026" WIDTH="115" HEIGHT="29" WC="0.96" CONTENT="såsom"/><SP WIDTH="26" VPOS="2026" HPOS="468"/>
							<String ID="string_263" HPOS="494" VPOS="2026" WIDTH="55" HEIGHT="29" WC="0.96" CONTENT="för"/><SP WIDTH="24" VPOS="2026" HPOS="549"/>
							<String ID="string_264" HPOS="573" VPOS="2027" WIDTH="246" HEIGHT="29" WC="0.96" CONTENT="motsvarande"/><SP WIDTH="26" VPOS="2027" HPOS="819"/>
							<String ID="string_265" HPOS="845" VPOS="2027" WIDTH="95" HEIGHT="29" WC="0.96" CONTENT="antal"/><SP WIDTH="25" VPOS="2027" HPOS="940"/>
							<String ID="string_266" HPOS="965" VPOS="2026" WIDTH="154" HEIGHT="39" WC="0.95" CONTENT="biljetter"/><SP WIDTH="26" VPOS="2026" HPOS="1119"/>
							<String ID="string_267" HPOS="1145" VPOS="2026" WIDTH="56" HEIGHT="30" WC="0.96" CONTENT="för"/><SP WIDTH="25" VPOS="2026" HPOS="1201"/>
							<String ID="string_268" HPOS="1226" VPOS="2036" WIDTH="43" HEIGHT="20" WC="0.95" CONTENT="en"/><SP WIDTH="27" VPOS="2036" HPOS="1269"/>
							<String ID="string_269" HPOS="1296" VPOS="2026" WIDTH="222" HEIGHT="40" WC="0.96" CONTENT="tillställning"/><SP WIDTH="25" VPOS="2026" HPOS="1518"/>
							<String ID="string_270" HPOS="1543" VPOS="2027" WIDTH="83" HEIGHT="30" WC="0.95" CONTENT="eller"/>
						</TextLine>
						<TextLine ID="line_30" HPOS="120" VPOS="2076" WIDTH="1507" HEIGHT="40">
							<String ID="string_271" HPOS="120" VPOS="2085" WIDTH="43" HEIGHT="20" WC="0.96" CONTENT="en"/><SP WIDTH="24" VPOS="2085" HPOS="163"/>
							<String ID="string_272" HPOS="187" VPOS="2085" WIDTH="137" HEIGHT="30" WC="0.96" CONTENT="person."/><SP WIDTH="28" VPOS="2085" HPOS="324"/>
							<String ID="string_273" HPOS="352" VPOS="2076" WIDTH="71" HEIGHT="30" WC="0.96" CONTENT="Har"/><SP WIDTH="23" VPOS="2076" HPOS="423"/>
							<String ID="string_274" HPOS="446" VPOS="2077" WIDTH="76" HEIGHT="29" WC="0.96" CONTENT="icke"/><SP WIDTH="24" VPOS="2077" HPOS="522"/>
							<String ID="string_275" HPOS="546" VPOS="2077" WIDTH="57" HEIGHT="29" WC="0.93" CONTENT="vid"/><SP WIDTH="24" VPOS="2077" HPOS="603"/>
							<String ID="string_276" HPOS="627" VPOS="2077" WIDTH="179" HEIGHT="38" WC="0.90" CONTENT="biljettens"/><SP WIDTH="26" VPOS="2077" HPOS="806"/>
							<String ID="string_277" HPOS="832" VPOS="2077" WIDTH="229" HEIGHT="30" WC="0.96" CONTENT="utlämnande"/><SP WIDTH="24" VPOS="2077" HPOS="1061"/>
							<String ID="string_278" HPOS="1085" VPOS="2077" WIDTH="179" HEIGHT="34" WC="0.96" CONTENT="bestämts,"/><SP WIDTH="24" VPOS="2077" HPOS="1264"/>
							<String ID="string_279" HPOS="1288" VPOS="2077" WIDTH="92" HEIGHT="30" WC="0.96" CONTENT="huru"/><SP WIDTH="25" VPOS="2077" HPOS="1380"/>
							<String ID="string_280" HPOS="1405" VPOS="2078" WIDTH="128" HEIGHT="38" WC="0.93" CONTENT="många"/><SP WIDTH="25" VPOS="2078" HPOS="1533"/>
							<String ID="string_281" HPOS="1558" VPOS="2077" WIDTH="69" HEIGHT="30" WC="0.92" CONTENT="till-"/>
						</TextLine>
						<TextLine ID="line_31" HPOS="121" VPOS="2126" WIDTH="1504" HEIGHT="40">
							<String ID="string_282" HPOS="121" VPOS="2126" WIDTH="206" HEIGHT="39" WC="0.96" CONTENT="ställningar"/><SP WIDTH="26" VPOS="2126" HPOS="327"/>
							<String ID="string_283" HPOS="353" VPOS="2127" WIDTH="82" HEIGHT="29" WC="0.96" CONTENT="eller"/><SP WIDTH="25" VPOS="2127" HPOS="435"/>
							<String ID="string_284" HPOS="460" VPOS="2136" WIDTH="166" HEIGHT="30" WC="0.96" CONTENT="personer"/><SP WIDTH="25" VPOS="2136" HPOS="626"/>
							<String ID="string_285" HPOS="651" VPOS="2127" WIDTH="160" HEIGHT="39" WC="0.96" CONTENT="biljetten"/><SP WIDTH="27" VPOS="2127" HPOS="811"/>
							<String ID="string_286" HPOS="838" VPOS="2136" WIDTH="109" HEIGHT="25" WC="0.96" CONTENT="avser,"/><SP WIDTH="27" VPOS="2136" HPOS="947"/>
							<String ID="string_287" HPOS="974" VPOS="2127" WIDTH="174" HEIGHT="30" WC="0.96" CONTENT="beräknas"/><SP WIDTH="28" VPOS="2127" HPOS="1148"/>
							<String ID="string_288" HPOS="1176" VPOS="2128" WIDTH="138" HEIGHT="29" WC="0.93" CONTENT="skatten"/><SP WIDTH="27" VPOS="2128" HPOS="1314"/>
							<String ID="string_289" HPOS="1341" VPOS="2128" WIDTH="20" HEIGHT="30" WC="0.92" CONTENT="å"/><SP WIDTH="24" VPOS="2128" HPOS="1361"/>
							<String ID="string_290" HPOS="1385" VPOS="2127" WIDTH="161" HEIGHT="39" WC="0.96" CONTENT="biljetten"/><SP WIDTH="26" VPOS="2127" HPOS="1546"/>
							<String ID="string_291" HPOS="1572" VPOS="2128" WIDTH="53" HEIGHT="29" WC="0.96" CONTENT="till"/>
						</TextLine>
						<TextLine ID="line_32" HPOS="121" VPOS="2176" WIDTH="1504" HEIGHT="41">
							<String ID="string_292" HPOS="121" VPOS="2176" WIDTH="41" HEIGHT="30" WC="0.96" CONTENT="20"/><SP WIDTH="20" VPOS="2176" HPOS="162"/>
							<String ID="string_293" HPOS="182" VPOS="2179" WIDTH="143" HEIGHT="36" WC="0.96" CONTENT="procent"/><SP WIDTH="23" VPOS="2179" HPOS="325"/>
							<String ID="string_294" HPOS="348" VPOS="2186" WIDTH="42" HEIGHT="20" WC="0.96" CONTENT="av"/><SP WIDTH="19" VPOS="2186" HPOS="390"/>
							<String ID="string_295" HPOS="409" VPOS="2177" WIDTH="225" HEIGHT="39" WC="0.96" CONTENT="biljettpriset"/><SP WIDTH="21" VPOS="2177" HPOS="634"/>
							<String ID="string_296" HPOS="655" VPOS="2177" WIDTH="92" HEIGHT="34" WC="0.95" CONTENT="eller,"/><SP WIDTH="22" VPOS="2177" HPOS="747"/>
							<String ID="string_297" HPOS="769" VPOS="2178" WIDTH="44" HEIGHT="29" WC="0.96" CONTENT="då"/><SP WIDTH="21" VPOS="2178" HPOS="813"/>
							<String ID="string_298" HPOS="834" VPOS="2178" WIDTH="100" HEIGHT="38" WC="0.96" CONTENT="fråga"/><SP WIDTH="23" VPOS="2178" HPOS="934"/>
							<String ID="string_299" HPOS="957" VPOS="2178" WIDTH="38" HEIGHT="29" WC="0.96" CONTENT="är"/><SP WIDTH="22" VPOS="2178" HPOS="995"/>
							<String ID="string_300" HPOS="1017" VPOS="2187" WIDTH="56" HEIGHT="20" WC="0.93" CONTENT="om"/><SP WIDTH="23" VPOS="2187" HPOS="1073"/>
							<String ID="string_301" HPOS="1096" VPOS="2178" WIDTH="392" HEIGHT="39" WC="0.91" CONTENT="biografföreställning,"/><SP WIDTH="22" VPOS="2178" HPOS="1488"/>
							<String ID="string_302" HPOS="1510" VPOS="2178" WIDTH="53" HEIGHT="30" WC="0.96" CONTENT="till"/><SP WIDTH="21" VPOS="2178" HPOS="1563"/>
							<String ID="string_303" HPOS="1584" VPOS="2178" WIDTH="41" HEIGHT="29" WC="0.96" CONTENT="40"/>
						</TextLine>
						<TextLine ID="line_33" HPOS="120" VPOS="2227" WIDTH="505" HEIGHT="40">
							<String ID="string_304" HPOS="120" VPOS="2229" WIDTH="142" HEIGHT="36" WC="0.96" CONTENT="procent"/><SP WIDTH="21" VPOS="2229" HPOS="262"/>
							<String ID="string_305" HPOS="283" VPOS="2236" WIDTH="42" HEIGHT="20" WC="0.96" CONTENT="av"/><SP WIDTH="22" VPOS="2236" HPOS="325"/>
							<String ID="string_306" HPOS="347" VPOS="2227" WIDTH="154" HEIGHT="29" WC="0.96" CONTENT="nämnda"/><SP WIDTH="21" VPOS="2227" HPOS="501"/>
							<String ID="string_307" HPOS="522" VPOS="2228" WIDTH="103" HEIGHT="39" WC="0.72" CONTENT="pris.»"/>
						</TextLine>
					</TextBlock>
				</ComposedBlock>
				<ComposedBlock ID="cblock_5" HPOS="122" VPOS="2318" WIDTH="1504" HEIGHT="90">
					<TextBlock ID="block_10" HPOS="122" VPOS="2318" WIDTH="1504" HEIGHT="90">
						<TextLine ID="line_34" HPOS="166" VPOS="2318" WIDTH="1460" HEIGHT="41">
							<String ID="string_308" HPOS="166" VPOS="2318" WIDTH="110" HEIGHT="39" WC="0.96" CONTENT="Syftet"/><SP WIDTH="20" VPOS="2318" HPOS="276"/>
							<String ID="string_309" HPOS="296" VPOS="2319" WIDTH="79" HEIGHT="29" WC="0.96" CONTENT="med"/><SP WIDTH="20" VPOS="2319" HPOS="375"/>
							<String ID="string_310" HPOS="395" VPOS="2319" WIDTH="67" HEIGHT="29" WC="0.95" CONTENT="den"/><SP WIDTH="20" VPOS="2319" HPOS="462"/>
							<String ID="string_311" HPOS="482" VPOS="2319" WIDTH="267" HEIGHT="38" WC="0.95" CONTENT="ifrågavarande"/><SP WIDTH="21" VPOS="2319" HPOS="749"/>
							<String ID="string_312" HPOS="770" VPOS="2319" WIDTH="178" HEIGHT="30" WC="0.96" CONTENT="motionen"/><SP WIDTH="20" VPOS="2319" HPOS="948"/>
							<String ID="string_313" HPOS="968" VPOS="2320" WIDTH="48" HEIGHT="34" WC="0.96" CONTENT="är,"/><SP WIDTH="21" VPOS="2320" HPOS="1016"/>
							<String ID="string_314" HPOS="1037" VPOS="2321" WIDTH="50" HEIGHT="28" WC="0.96" CONTENT="att"/><SP WIDTH="20" VPOS="2321" HPOS="1087"/>
							<String ID="string_315" HPOS="1107" VPOS="2320" WIDTH="10" HEIGHT="28" WC="0.96" CONTENT="i"/><SP WIDTH="20" VPOS="2320" HPOS="1117"/>
							<String ID="string_316" HPOS="1137" VPOS="2320" WIDTH="131" HEIGHT="29" WC="0.95" CONTENT="sådana"/><SP WIDTH="19" VPOS="2320" HPOS="1268"/>
							<String ID="string_317" HPOS="1287" VPOS="2320" WIDTH="61" HEIGHT="29" WC="0.95" CONTENT="fall"/><SP WIDTH="21" VPOS="2320" HPOS="1348"/>
							<String ID="string_318" HPOS="1369" VPOS="2320" WIDTH="45" HEIGHT="30" WC="0.96" CONTENT="då"/><SP WIDTH="19" VPOS="2320" HPOS="1414"/>
							<String ID="string_319" HPOS="1433" VPOS="2319" WIDTH="115" HEIGHT="40" WC="0.93" CONTENT="biljett"/><SP WIDTH="22" VPOS="2319" HPOS="1548"/>
							<String ID="string_320" HPOS="1570" VPOS="2329" WIDTH="56" HEIGHT="21" WC="0.90" CONTENT="av-"/>
						</TextLine>
						<TextLine ID="line_35" HPOS="122" VPOS="2368" WIDTH="1502" HEIGHT="40">
							<String ID="string_321" HPOS="122" VPOS="2377" WIDTH="53" HEIGHT="20" WC="0.96" CONTENT="ser"/><SP WIDTH="22" VPOS="2377" HPOS="175"/>
							<String ID="string_322" HPOS="197" VPOS="2370" WIDTH="48" HEIGHT="27" WC="0.96" CONTENT="ett"/><SP WIDTH="23" VPOS="2370" HPOS="245"/>
							<String ID="string_323" HPOS="268" VPOS="2368" WIDTH="116" HEIGHT="30" WC="0.96" CONTENT="flertal"/><SP WIDTH="23" VPOS="2368" HPOS="384"/>
							<String ID="string_324" HPOS="407" VPOS="2369" WIDTH="263" HEIGHT="39" WC="0.96" CONTENT="tillställningar"/><SP WIDTH="24" VPOS="2369" HPOS="670"/>
							<String ID="string_325" HPOS="694" VPOS="2370" WIDTH="138" HEIGHT="29" WC="0.96" CONTENT="skatten"/><SP WIDTH="27" VPOS="2370" HPOS="832"/>
							<String ID="string_326" HPOS="859" VPOS="2369" WIDTH="88" HEIGHT="30" WC="0.96" CONTENT="skall"/><SP WIDTH="24" VPOS="2369" HPOS="947"/>
							<String ID="string_327" HPOS="971" VPOS="2369" WIDTH="173" HEIGHT="30" WC="0.96" CONTENT="beräknas"/><SP WIDTH="24" VPOS="2369" HPOS="1144"/>
							<String ID="string_328" HPOS="1168" VPOS="2370" WIDTH="86" HEIGHT="34" WC="0.96" CONTENT="icke,"/><SP WIDTH="27" VPOS="2370" HPOS="1254"/>
							<String ID="string_329" HPOS="1281" VPOS="2379" WIDTH="74" HEIGHT="20" WC="0.96" CONTENT="som"/><SP WIDTH="24" VPOS="2379" HPOS="1355"/>
							<String ID="string_330" HPOS="1379" VPOS="2379" WIDTH="47" HEIGHT="20" WC="0.96" CONTENT="nu"/><SP WIDTH="28" VPOS="2379" HPOS="1426"/>
							<String ID="string_331" HPOS="1454" VPOS="2371" WIDTH="38" HEIGHT="29" WC="0.96" CONTENT="är"/><SP WIDTH="24" VPOS="2371" HPOS="1492"/>
							<String ID="string_332" HPOS="1516" VPOS="2369" WIDTH="108" HEIGHT="35" WC="0.96" CONTENT="fallet,"/>
						</TextLine>
					</TextBlock>
				</ComposedBlock>
				<ComposedBlock ID="cblock_6" HPOS="150" VPOS="2436" WIDTH="954" HEIGHT="35">
					<TextBlock ID="block_11" HPOS="150" VPOS="2436" WIDTH="954" HEIGHT="35">
						<TextLine ID="line_36" HPOS="150" VPOS="2436" WIDTH="954" HEIGHT="35">
							<String ID="string_333" HPOS="150" VPOS="2436" WIDTH="13" HEIGHT="25" WC="0.25" CONTENT="1"/><SP WIDTH="45" VPOS="2436" HPOS="163"/>
							<String ID="string_334" HPOS="208" VPOS="2437" WIDTH="110" HEIGHT="32" WC="0.25" CONTENT=" Bihang"/><SP WIDTH="11" VPOS="2437" HPOS="318"/>
							<String ID="string_335" HPOS="329" VPOS="2438" WIDTH="42" HEIGHT="24" WC="0.89" CONTENT="till"/><SP WIDTH="10" VPOS="2438" HPOS="371"/>
							<String ID="string_336" HPOS="381" VPOS="2438" WIDTH="168" HEIGHT="31" WC="0.95" CONTENT="riksdagens"/><SP WIDTH="11" VPOS="2438" HPOS="549"/>
							<String ID="string_337" HPOS="560" VPOS="2439" WIDTH="146" HEIGHT="32" WC="0.96" CONTENT="protokoll"/><SP WIDTH="11" VPOS="2439" HPOS="706"/>
							<String ID="string_338" HPOS="717" VPOS="2439" WIDTH="75" HEIGHT="25" WC="0.96" CONTENT="1948."/><SP WIDTH="22" VPOS="2439" HPOS="792"/>
							<String ID="string_339" HPOS="814" VPOS="2440" WIDTH="13" HEIGHT="24" WC="0.96" CONTENT="7"/><SP WIDTH="13" VPOS="2440" HPOS="827"/>
							<String ID="string_340" HPOS="840" VPOS="2439" WIDTH="79" HEIGHT="24" WC="0.95" CONTENT="saml."/><SP WIDTH="22" VPOS="2439" HPOS="919"/>
							<String ID="string_341" HPOS="941" VPOS="2438" WIDTH="40" HEIGHT="26" WC="0.90" CONTENT="Nr"/><SP WIDTH="16" VPOS="2438" HPOS="981"/>
							<String ID="string_342" HPOS="997" VPOS="2439" WIDTH="107" HEIGHT="25" WC="0.82" CONTENT="28—29."/>
						</TextLine>
					</TextBlock>
				</ComposedBlock>
			</PrintSpace>
		</Page>
	</Layout>
</alto>
