1864 2788
268 153 18 30 4
578 154 391 30 Jordbruksutskottets
989 154 179 31 utlåtande
1187 164 43 21 nr
1251 155 40 30 18
1309 155 40 30 år
1368 155 85 30 1959

271 236 111 30 skulle
405 236 158 31 medföra
585 237 115 30 ökade
723 237 243 39 statsutgifter,
995 238 6 29 i
1024 237 111 31 första
1157 238 97 29 hand
1276 238 46 39 på
1343 238 320 40 kapitalbudgeten.
1687 240 82 29 För-

272 277 106 40 slaget
398 278 146 30 innebär
563 279 194 29 emellertid
779 280 84 29 även
884 281 50 28 att
955 281 113 28 staten
1091 280 113 30 skulle
1224 280 81 29 låna
1326 283 37 27 ut
1382 281 137 29 medlen
1541 281 51 30 till
1614 291 42 20 en
1678 282 94 39 lägre

270 320 173 29 räntesats
467 321 43 29 än
532 320 66 29 vad
621 330 75 20 som
720 323 195 28 motsvarar
938 323 131 28 statens
1092 322 416 39 upplåningskostnader.

314 395 232 40 Fullmäktige
570 396 70 30 kan
663 396 147 32 sålunda
832 397 76 30 icke
929 397 177 40 tillstyrka
1127 407 43 21 en
1193 398 188 40 utredning
1402 399 106 39 enligt
1531 399 41 29 de
1594 399 178 39 riktlinjer

270 456 73 20 som
364 447 150 39 angivits
534 447 10 29 i
565 448 221 29 motionerna
806 449 28 29 I:
853 448 40 29 18
913 448 66 30 och
1000 450 45 29 II:
1064 448 38 30 13
1124 451 91 28 samt
1236 449 183 40 avstyrker
1438 450 57 29 det
1516 451 10 29 i
1547 451 222 29 motionerna

271 497 27 29 I:
317 497 38 29 16
387 497 66 29 och
486 498 44 29 II:
547 498 38 29 27
620 497 197 31 framförda
849 498 177 40 förslaget.
1060 499 75 30 Vad
1168 499 109 40 angår
1308 500 221 30 motionerna
1561 501 28 29 I:
1606 500 63 30 346
1703 501 65 29 och

271 546 44 29 II:
331 546 62 30 413
413 549 91 28 samt
522 549 27 28 I:
565 547 63 30 348
647 548 65 29 och
731 549 43 29 II:
791 548 61 29 415
871 548 167 30 hänvisar
1055 549 222 40 fullmäktige
1294 550 52 29 till
1365 550 76 30 sina
1459 550 206 30 uttalanden
1683 551 11 29 i
1712 560 60 20 an-

270 598 140 39 ledning
435 607 42 20 av
500 599 40 29 de
565 598 17 30 2
609 598 247 31 förstnämnda
878 600 275 39 motionsparen.

315 648 12 28 I
352 650 47 28 ett
424 647 167 31 likaledes
615 648 68 30 den
708 649 17 29 5
752 649 154 29 februari
932 649 83 30 1959
1040 650 211 39 dagtecknat
1274 651 162 39 yttrande
1460 651 65 29 har
1547 651 224 40 fullmäktige

269 697 11 29 i
299 698 338 40 riksgäldskontoret
658 700 127 29 uttalat
806 701 50 38 sig
877 700 159 30 sålunda.

315 756 73 29 Vad
409 756 88 30 först
516 756 172 30 beträffar
707 757 220 30 motionerna
946 759 28 29 I:
994 759 37 29 16
1051 759 65 28 och
1136 760 45 28 II:
1199 760 39 29 27
1260 759 58 30 vill
1340 759 219 40 fullmäktige
1579 761 117 29 erinra
1715 770 56 20 om

271 797 40 31 de
332 798 170 38 åtgärder,
526 808 73 20 som
622 799 45 38 på
688 799 209 30 hemställan
919 809 42 20 av
981 800 366 39 jordbruksutskottet
1368 802 11 29 i
1401 802 179 30 utlåtande
1603 812 41 20 nr
1668 804 14 28 1
1710 812 62 20 un-

271 839 60 30 der
353 840 158 38 punkten
535 841 40 29 34
600 840 131 31 beslöts
754 842 55 29 vid
838 842 81 29 1958
944 842 57 30 års
1024 842 142 40 riksdag
1195 843 107 33 (rskr.
1326 853 41 21 nr
1390 844 51 33 9).
1467 844 108 30 Dessa
1599 845 172 39 åtgärder,

271 890 73 20 som
363 882 179 38 grundade
560 883 50 38 sig
629 883 46 38 på
692 892 42 20 en
753 883 169 39 ingående
943 884 187 40 utredning
1149 894 42 20 av
1211 885 173 30 särskilda
1403 895 41 21 av
1462 886 311 40 lantbruksstyrel-

270 934 60 21 sen
350 925 149 30 utsedda
519 926 233 39 sakkunniga,
774 926 160 39 åsyftade
953 929 51 28 att
1024 927 11 29 i
1055 927 112 30 första
1187 928 94 29 hand
1303 928 126 30 bereda
1449 929 174 30 lättnader
1643 930 11 29 i
1675 930 95 29 olika

271 965 223 30 hänseenden
511 967 10 28 i
539 966 99 39 fråga
656 976 57 20 om
731 967 298 40 återbetalningen
1049 978 41 19 av
1107 969 159 31 erhållna
1284 970 138 29 stödlån
1439 970 11 29 i
1469 970 131 30 sådana
1619 970 72 35 fall,
1710 971 63 29 där

270 1017 41 20 en
329 1008 131 39 rigorös
477 1008 223 40 tillämpning
717 1018 41 20 av
774 1010 404 39 amorteringsvillkoren
1194 1012 111 29 skulle
1322 1012 145 30 försätta
1483 1012 199 38 låntagaren
1700 1015 10 29 i
1726 1015 47 28 ett

272 1049 91 30 svårt
390 1050 85 38 läge.
502 1050 218 39 Riksdagens
746 1051 267 39 ifrågavarande
1039 1052 113 30 beslut
1178 1052 218 31 innefattade
1422 1054 192 29 emellertid
1640 1054 131 39 jämväl

271 1091 182 38 möjlighet
478 1092 50 29 till
554 1092 161 31 befrielse
741 1093 78 29 från
844 1093 475 40 återbetalningsskyldighet
1344 1095 70 30 helt
1439 1096 82 29 eller
1546 1096 108 30 delvis
1682 1099 91 27 samt

272 1133 225 40 avskrivning
520 1143 41 20 av
584 1134 238 35 lånefordran,
847 1135 176 40 nämligen
1047 1135 54 30 för
1124 1136 57 30 det
1205 1136 61 30 fall
1292 1139 49 27 att
1365 1137 177 40 låntagare
1567 1140 86 28 trots
1678 1138 95 30 med-

271 1175 101 38 givna
388 1176 175 30 lättnader
579 1176 10 28 i
609 1176 406 39 amorteringsvillkoren
1032 1177 74 30 icke
1124 1178 119 30 kunde
1262 1178 150 40 fullgöra
1431 1179 74 31 sina
1524 1179 247 40 förpliktelser.

272 1217 103 38 Dylik
399 1217 160 30 befrielse
585 1218 66 29 och
677 1218 226 40 avskrivning
929 1219 112 31 skulle
1067 1220 149 30 sålunda
1242 1221 121 29 kunna
1387 1221 139 39 medges
1552 1222 71 29 inte
1649 1222 123 30 enbart

271 1259 87 29 efter
376 1268 42 20 en
436 1262 76 27 rent
528 1259 228 40 bankmässig
773 1260 211 40 bedömning
1001 1270 42 20 av
1059 1261 223 40 låntagarens
1300 1262 368 41 betalningsförmåga,
1687 1266 85 27 utan

268 1301 84 29 även
366 1302 63 28 när
443 1301 91 30 detta
548 1311 81 21 vore
645 1302 173 37 behövligt
834 1303 54 29 för
903 1305 47 28 att
966 1303 104 37 syftet
1083 1304 78 29 med
1177 1305 169 29 stödlånet
1361 1305 30 36 ej
1408 1305 110 30 skulle
1533 1305 144 31 förfelas
1692 1306 83 30 eller

272 1343 99 39 eljest
393 1343 128 30 sociala
543 1344 75 29 skäl
641 1344 115 30 talade
777 1344 54 29 för
852 1347 51 27 att
925 1354 82 20 man
1030 1345 105 30 borde
1157 1346 98 30 avstå
1277 1346 79 29 från
1378 1347 394 40 indrivningsåtgärder.

272 1385 73 28 Den
370 1384 290 40 bakomliggande
685 1386 130 29 tanken
839 1396 71 25 var,
936 1389 50 27 att
1010 1387 204 39 låntagaren
1240 1388 30 38 ej
1298 1388 105 31 borde
1428 1397 123 31 genom
1576 1389 120 39 dylika
1724 1390 50 29 åt-

271 1426 123 39 gärder
413 1426 166 30 försättas
598 1427 10 29 i
628 1429 48 28 ett
695 1428 85 39 läge,
800 1437 74 20 som
893 1429 244 29 utlämnandet
1158 1439 41 20 av
1219 1430 138 29 stödlån
1377 1433 109 27 avsett
1505 1433 50 27 att
1574 1431 199 39 förebygga,

272 1468 175 39 nämligen
466 1471 48 27 att
533 1469 69 29 han
620 1469 65 29 och
702 1469 88 30 hans
808 1470 112 39 familj
940 1470 111 30 måste
1069 1471 122 39 överge
1211 1471 140 39 gården.
1370 1474 12 28 I
1400 1472 136 39 princip
1554 1473 118 39 utgick
1690 1482 82 20 man

271 1510 192 29 emellertid
487 1510 78 30 från
590 1513 49 27 att
664 1511 441 40 betalningsskyldigheten
1129 1513 11 29 i
1164 1513 57 30 det
1246 1513 216 40 ojämförligt
1487 1515 128 29 största
1642 1515 132 30 antalet

273 1552 60 29 fall
353 1552 112 30 skulle
499 1553 120 29 kunna
639 1553 173 39 fullföljas
831 1554 44 39 på
895 1555 68 28 sätt
982 1563 74 21 som
1075 1554 79 30 från
1173 1555 126 39 början
1317 1555 89 30 varit
1424 1558 121 28 avsett.

316 1594 76 29 Med
410 1594 137 39 hänsyn
566 1595 50 29 till
636 1595 41 29 de
695 1595 96 39 långt
810 1596 131 38 gående
960 1596 161 38 åtgärder
1139 1597 55 29 för
1212 1597 210 40 förbättring
1440 1607 41 20 av
1499 1598 275 40 stödlånetagar-

272 1644 62 21 nas
359 1636 175 39 ställning,
559 1646 74 20 som
659 1637 148 30 sålunda
831 1637 140 40 nyligen
995 1638 170 30 beslutats
1192 1648 42 20 av
1258 1639 197 39 riksdagen,
1481 1649 102 20 anser
1607 1640 167 30 fullmäk-

272 1677 66 39 tige
360 1678 50 39 sig
431 1678 83 29 böra
535 1679 166 38 avstyrka
722 1680 41 29 de
784 1688 45 20 nu
851 1679 267 40 ifrågavarande
1139 1681 221 30 motionerna
1382 1682 28 29 I:
1429 1681 38 29 16
1489 1682 64 29 och
1574 1682 45 29 II:
1636 1682 51 29 27.

315 1720 93 29 Även
429 1720 41 30 de
491 1720 89 29 båda
602 1721 119 38 övriga
743 1721 230 37 motionerna,
996 1723 27 28 I:
1043 1722 37 29 18
1102 1722 65 29 och
1190 1723 45 29 II:
1255 1723 48 34 13,
1326 1723 100 29 berör
1448 1724 325 39 stödlånetagarnas

271 1761 372 31 kreditförhållanden.
665 1763 259 29 Motionärerna
944 1763 134 39 åsyftar
1100 1764 89 29 dock
1210 1764 76 29 icke
1307 1765 10 28 i
1337 1764 110 31 första
1467 1765 94 29 hand
1582 1766 113 39 någon
1718 1776 56 20 av-

272 1805 180 39 skrivning
473 1815 41 20 av
533 1805 159 30 erhållna
711 1806 137 29 stödlån
868 1809 108 27 annat
997 1807 43 28 än
1062 1807 103 29 såvitt
1185 1817 99 20 avser
1304 1807 41 30 de
1365 1807 20 30 å
1405 1808 182 30 stödlånen
1608 1809 163 39 kapitali-

273 1846 118 29 serade
410 1846 303 30 ränteskulderna.
732 1848 50 28 Av
800 1857 82 29 nyss
902 1847 154 29 nämnda
1076 1848 74 29 skäl
1170 1848 98 30 torde
1286 1849 278 30 motionärernas
1583 1850 191 30 framställ-

272 1888 82 38 ning
378 1897 56 20 om
459 1888 149 29 särskild
632 1889 188 38 utredning
844 1898 41 20 av
909 1889 115 30 denna
1050 1889 98 40 fråga
1172 1890 76 30 icke
1272 1890 84 30 böra
1379 1890 181 31 föranleda
1585 1892 112 39 någon
1723 1892 51 30 åt-

255 1945 2 2 :
273 1930 92 28 gärd.

271 1952 19 17 ?
317 1972 48 30 De
395 1980 47 20 nu
472 1971 268 40 ifrågavarande
771 1973 219 29 motionerna
1021 1975 53 28 tar
1104 1974 194 29 emellertid
1328 1974 187 30 härutöver
1546 1984 71 30 upp
1649 1975 124 39 frågan

270 2022 55 20 om
340 2013 226 38 jordbrukets
581 2014 272 39 kreditproblem
871 2014 78 30 från
965 2024 74 20 mer
1056 2015 178 30 allmänna
1251 2016 228 38 synpunkter,
1494 2017 120 29 varvid
1630 2018 143 30 särskilt

271 2056 203 31 framhålles
494 2057 145 29 behovet
659 2067 42 20 av
719 2067 41 20 en
781 2058 280 39 kreditsanering
1080 2067 125 30 genom
1226 2059 323 40 sammanslagning
1569 2070 43 19 av
1631 2061 139 29 stödlån

271 2097 64 29 och
358 2097 111 30 andra
492 2098 267 39 överhängande
783 2098 219 40 kortfristiga
1025 2099 153 30 krediter
1201 2099 52 30 till
1278 2099 219 41 långfristiga
1520 2101 58 29 lån
1601 2102 80 29 med
1707 2102 67 29 till-

272 2139 268 31 fredsställande
562 2141 114 28 ränte-
696 2140 64 29 och
781 2140 369 39 amorteringsvillkor.
1171 2142 13 28 I
1206 2141 125 30 sådant
1353 2142 89 39 syfte
1466 2142 215 31 framkastar
1701 2153 73 20 mo-

272 2180 200 31 tionärerna
490 2182 129 29 tanken
638 2182 44 38 på
700 2192 42 19 en
762 2182 115 39 statlig
896 2183 398 39 kreditgarantigivning
1314 2183 43 39 på
1376 2184 156 30 området
1550 2184 88 30 efter
1656 2186 118 29 möns-

273 2225 49 27 ter
348 2232 41 20 av
413 2225 48 27 ett
488 2223 138 39 nyligen
653 2223 164 40 framlagt
843 2224 335 40 sakkunnigförslag
1204 2234 56 20 om
1287 2225 184 31 införande
1498 2236 41 20 av
1564 2229 48 27 ett
1639 2228 134 38 statligt

270 2266 386 39 kreditgarantisystem
679 2266 55 30 för
755 2267 409 39 egnahemsbelåningen.
1186 2268 209 30 Alternativt
1418 2278 102 20 anser
1542 2270 229 30 motionärer-

270 2317 45 21 na
336 2310 47 28 ett
406 2308 262 30 återinförande
690 2318 42 20 av
754 2309 237 29 sekundärlån
1013 2309 55 29 för
1087 2310 210 38 jordbruket
1319 2310 121 30 kunna
1461 2311 236 39 ifrågasättas.
1720 2313 50 29 De

272 2349 182 39 spörsmål,
478 2350 262 30 motionärerna
764 2350 63 30 här
850 2350 126 36 berört,
1002 2351 38 28 är
1065 2359 74 20 som
1165 2360 103 29 synes
1293 2352 133 38 ganska
1449 2352 234 31 vittutseende
1708 2354 65 29 och

271 2391 178 30 erfordrar
477 2391 143 39 givetvis
650 2391 170 40 ingående
850 2392 275 39 överväganden,
1155 2392 110 30 innan
1294 2393 166 40 ställning
1489 2394 70 30 kan
1589 2397 98 37 tagas
1720 2396 52 30 till

270 2432 190 30 desamma.
