<?xml version="1.0" encoding="UTF-8"?>
<alto xmlns="http://www.loc.gov/standards/alto/ns-v3#" xmlns:xlink="http://www.w3.org/1999/xlink" xmlns:xsi="http://www.w3.org/2001/XMLSchema-instance" xsi:schemaLocation="http://www.loc.gov/standards/alto/ns-v3# http://www.loc.gov/alto/v3/alto-3-0.xsd">
	<Description>
		<MeasurementUnit>pixel</MeasurementUnit>
		<sourceImageInformation>
			<fileName>/tmp/tess_u8kiv1ec_input.PNG</fileName>
		</sourceImageInformation>
		<OCRProcessing ID="OCR_0">
			<ocrProcessingStep>
				<processingSoftware>
					<softwareName>tesseract 5.3.0</softwareName>
				</processingSoftware>
			</ocrProcessingStep>
		</OCRProcessing>
	</Description>
	<Layout>
		<Page WIDTH="1878" HEIGHT="2836" PHYSICAL_IMG_NR="0" ID="page_0">
			<PrintSpace HPOS="0" VPOS="0" WIDTH="1878" HEIGHT="2836">
				<ComposedBlock ID="cblock_0" HPOS="277" VPOS="132" WIDTH="1196" HEIGHT="41">
					<TextBlock ID="block_0" HPOS="277" VPOS="132" WIDTH="1196" HEIGHT="41">
						<TextLine ID="line_0" HPOS="277" VPOS="132" WIDTH="1196" HEIGHT="41">
							<String ID="string_0" HPOS="277" VPOS="132" WIDTH="38" HEIGHT="30" WC="0.96" CONTENT="10"/><SP WIDTH="254" VPOS="132" HPOS="315"/>
							<String ID="string_1" HPOS="569" VPOS="133" WIDTH="403" HEIGHT="40" WC="0.91" CONTENT="Bevillningsutskottets"/><SP WIDTH="16" VPOS="133" HPOS="972"/>
							<String ID="string_2" HPOS="988" VPOS="137" WIDTH="218" HEIGHT="32" WC="0.95" CONTENT="betänkande"/><SP WIDTH="16" VPOS="137" HPOS="1206"/>
							<String ID="string_3" HPOS="1222" VPOS="148" WIDTH="41" HEIGHT="20" WC="0.96" CONTENT="nr"/><SP WIDTH="15" VPOS="148" HPOS="1263"/>
							<String ID="string_4" HPOS="1278" VPOS="140" WIDTH="42" HEIGHT="29" WC="0.96" CONTENT="34"/><SP WIDTH="14" VPOS="140" HPOS="1320"/>
							<String ID="string_5" HPOS="1334" VPOS="140" WIDTH="39" HEIGHT="30" WC="0.96" CONTENT="år"/><SP WIDTH="17" VPOS="140" HPOS="1373"/>
							<String ID="string_6" HPOS="1390" VPOS="141" WIDTH="83" HEIGHT="30" WC="0.96" CONTENT="1969"/>
						</TextLine>
					</TextBlock>
				</ComposedBlock>
				<ComposedBlock ID="cblock_1" HPOS="642" VPOS="215" WIDTH="635" HEIGHT="89">
					<TextBlock ID="block_1" HPOS="642" VPOS="215" WIDTH="635" HEIGHT="89">
						<TextLine ID="line_1" HPOS="642" VPOS="215" WIDTH="576" HEIGHT="35">
							<String ID="string_7" HPOS="642" VPOS="215" WIDTH="34" HEIGHT="34" WC="0.95" CONTENT="1)"/><SP WIDTH="29" VPOS="215" HPOS="676"/>
							<String ID="string_8" HPOS="705" VPOS="216" WIDTH="220" HEIGHT="31" WC="0.96" CONTENT="motionerna"/><SP WIDTH="14" VPOS="216" HPOS="925"/>
							<String ID="string_9" HPOS="939" VPOS="218" WIDTH="28" HEIGHT="29" WC="0.96" CONTENT="I:"/><SP WIDTH="18" VPOS="218" HPOS="967"/>
							<String ID="string_10" HPOS="985" VPOS="218" WIDTH="39" HEIGHT="30" WC="0.93" CONTENT="73"/><SP WIDTH="15" VPOS="218" HPOS="1024"/>
							<String ID="string_11" HPOS="1039" VPOS="219" WIDTH="65" HEIGHT="30" WC="0.95" CONTENT="och"/><SP WIDTH="14" VPOS="219" HPOS="1104"/>
							<String ID="string_12" HPOS="1118" VPOS="219" WIDTH="44" HEIGHT="30" WC="0.88" CONTENT="II:"/><SP WIDTH="17" VPOS="219" HPOS="1162"/>
							<String ID="string_13" HPOS="1179" VPOS="220" WIDTH="39" HEIGHT="30" WC="0.82" CONTENT="93"/>
						</TextLine>
						<TextLine ID="line_2" HPOS="644" VPOS="269" WIDTH="633" HEIGHT="35">
							<String ID="string_14" HPOS="644" VPOS="269" WIDTH="35" HEIGHT="33" WC="0.96" CONTENT="2)"/><SP WIDTH="30" VPOS="269" HPOS="679"/>
							<String ID="string_15" HPOS="709" VPOS="271" WIDTH="218" HEIGHT="30" WC="0.96" CONTENT="motionerna"/><SP WIDTH="15" VPOS="271" HPOS="927"/>
							<String ID="string_16" HPOS="942" VPOS="273" WIDTH="28" HEIGHT="29" WC="0.96" CONTENT="I:"/><SP WIDTH="17" VPOS="273" HPOS="970"/>
							<String ID="string_17" HPOS="987" VPOS="272" WIDTH="62" HEIGHT="30" WC="0.96" CONTENT="328"/><SP WIDTH="15" VPOS="272" HPOS="1049"/>
							<String ID="string_18" HPOS="1064" VPOS="274" WIDTH="64" HEIGHT="29" WC="0.96" CONTENT="och"/><SP WIDTH="16" VPOS="274" HPOS="1128"/>
							<String ID="string_19" HPOS="1144" VPOS="274" WIDTH="44" HEIGHT="30" WC="0.57" CONTENT="II:"/><SP WIDTH="17" VPOS="274" HPOS="1188"/>
							<String ID="string_20" HPOS="1205" VPOS="274" WIDTH="72" HEIGHT="30" WC="0.95" CONTENT="374."/>
						</TextLine>
					</TextBlock>
				</ComposedBlock>
				<ComposedBlock ID="cblock_2" HPOS="322" VPOS="340" WIDTH="1002" HEIGHT="128">
					<TextBlock ID="block_2" HPOS="322" VPOS="340" WIDTH="1002" HEIGHT="128">
						<TextLine ID="line_3" HPOS="322" VPOS="340" WIDTH="540" HEIGHT="43">
							<String ID="string_21" HPOS="322" VPOS="340" WIDTH="200" HEIGHT="31" WC="0.96" CONTENT="Stockholm"/><SP WIDTH="16" VPOS="340" HPOS="522"/>
							<String ID="string_22" HPOS="538" VPOS="342" WIDTH="66" HEIGHT="30" WC="0.96" CONTENT="den"/><SP WIDTH="17" VPOS="342" HPOS="604"/>
							<String ID="string_23" HPOS="621" VPOS="342" WIDTH="38" HEIGHT="31" WC="0.96" CONTENT="17"/><SP WIDTH="16" VPOS="342" HPOS="659"/>
							<String ID="string_24" HPOS="675" VPOS="343" WIDTH="88" HEIGHT="40" WC="0.94" CONTENT="april"/><SP WIDTH="17" VPOS="343" HPOS="763"/>
							<String ID="string_25" HPOS="780" VPOS="344" WIDTH="82" HEIGHT="30" WC="0.96" CONTENT="1969"/>
						</TextLine>
						<TextLine ID="line_4" HPOS="707" VPOS="425" WIDTH="617" HEIGHT="43">
							<String ID="string_26" HPOS="707" VPOS="425" WIDTH="49" HEIGHT="29" WC="0.93" CONTENT="På"/><SP WIDTH="13" VPOS="425" HPOS="756"/>
							<String ID="string_27" HPOS="769" VPOS="425" WIDTH="397" HEIGHT="40" WC="0.90" CONTENT="bevillningsulskottets"/><SP WIDTH="14" VPOS="425" HPOS="1166"/>
							<String ID="string_28" HPOS="1180" VPOS="429" WIDTH="144" HEIGHT="39" WC="0.96" CONTENT="vägnar:"/>
						</TextLine>
					</TextBlock>
				</ComposedBlock>
				<ComposedBlock ID="cblock_3" HPOS="846" VPOS="507" WIDTH="342" HEIGHT="32">
					<TextBlock ID="block_3" HPOS="846" VPOS="507" WIDTH="342" HEIGHT="32">
						<TextLine ID="line_5" HPOS="846" VPOS="507" WIDTH="342" HEIGHT="32">
							<String ID="string_29" HPOS="846" VPOS="507" WIDTH="116" HEIGHT="30" WC="0.96" CONTENT="JOHN"/><SP WIDTH="14" VPOS="507" HPOS="962"/>
							<String ID="string_30" HPOS="976" VPOS="508" WIDTH="212" HEIGHT="31" WC="0.96" CONTENT="ERICSSON"/>
						</TextLine>
					</TextBlock>
				</ComposedBlock>
				<ComposedBlock ID="cblock_4" HPOS="905" VPOS="661" WIDTH="223" HEIGHT="30">
					<TextBlock ID="block_4" HPOS="905" VPOS="661" WIDTH="223" HEIGHT="30">
						<TextLine ID="line_6" HPOS="905" VPOS="661" WIDTH="223" HEIGHT="30">
							<String ID="string_31" HPOS="905" VPOS="661" WIDTH="223" HEIGHT="30" WC="0.94" CONTENT="Närvarande"/>
						</TextLine>
					</TextBlock>
				</ComposedBlock>
				<ComposedBlock ID="cblock_5" HPOS="274" VPOS="718" WIDTH="1485" HEIGHT="141">
					<TextBlock ID="block_5" HPOS="274" VPOS="718" WIDTH="1485" HEIGHT="141">
						<TextLine ID="line_7" HPOS="319" VPOS="718" WIDTH="1438" HEIGHT="49">
							<String ID="string_32" HPOS="319" VPOS="718" WIDTH="78" HEIGHT="31" WC="0.96" CONTENT="från"/><SP WIDTH="58" VPOS="718" HPOS="397"/>
							<String ID="string_33" HPOS="455" VPOS="720" WIDTH="135" HEIGHT="31" WC="0.79" CONTENT="första"/><SP WIDTH="29" VPOS="720" HPOS="590"/>
							<String ID="string_34" HPOS="619" VPOS="721" WIDTH="221" HEIGHT="32" WC="0.96" CONTENT="kammaren:"/><SP WIDTH="19" VPOS="721" HPOS="840"/>
							<String ID="string_35" HPOS="859" VPOS="722" WIDTH="121" HEIGHT="31" WC="0.96" CONTENT="herrar"/><SP WIDTH="17" VPOS="722" HPOS="980"/>
							<String ID="string_36" HPOS="997" VPOS="724" WIDTH="92" HEIGHT="30" WC="0.96" CONTENT="John"/><SP WIDTH="18" VPOS="724" HPOS="1089"/>
							<String ID="string_37" HPOS="1107" VPOS="725" WIDTH="163" HEIGHT="31" WC="0.81" CONTENT="Ericsson"/><SP WIDTH="24" VPOS="725" HPOS="1270"/>
							<String ID="string_38" HPOS="1294" VPOS="726" WIDTH="64" HEIGHT="35" WC="0.91" CONTENT="(s),"/><SP WIDTH="19" VPOS="726" HPOS="1358"/>
							<String ID="string_39" HPOS="1377" VPOS="728" WIDTH="116" HEIGHT="39" WC="0.96" CONTENT="Yngve"/><SP WIDTH="18" VPOS="728" HPOS="1493"/>
							<String ID="string_40" HPOS="1511" VPOS="728" WIDTH="139" HEIGHT="31" WC="0.92" CONTENT="Nilsson"/><SP WIDTH="23" VPOS="728" HPOS="1650"/>
							<String ID="string_41" HPOS="1673" VPOS="728" WIDTH="84" HEIGHT="36" WC="0.91" CONTENT="(m),"/>
						</TextLine>
						<TextLine ID="line_8" HPOS="274" VPOS="765" WIDTH="1485" HEIGHT="44">
							<String ID="string_42" HPOS="274" VPOS="765" WIDTH="133" HEIGHT="29" WC="0.96" CONTENT="Sundin"/><SP WIDTH="31" VPOS="765" HPOS="407"/>
							<String ID="string_43" HPOS="438" VPOS="765" WIDTH="90" HEIGHT="40" WC="0.93" CONTENT="(cp),"/><SP WIDTH="26" VPOS="765" HPOS="528"/>
							<String ID="string_44" HPOS="554" VPOS="767" WIDTH="193" HEIGHT="39" WC="0.91" CONTENT="Wärnberg"/><SP WIDTH="30" VPOS="767" HPOS="747"/>
							<String ID="string_45" HPOS="777" VPOS="768" WIDTH="65" HEIGHT="34" WC="0.92" CONTENT="(s),"/><SP WIDTH="25" VPOS="768" HPOS="842"/>
							<String ID="string_46" HPOS="867" VPOS="769" WIDTH="91" HEIGHT="39" WC="0.93" CONTENT="Tage"/><SP WIDTH="23" VPOS="769" HPOS="958"/>
							<String ID="string_47" HPOS="981" VPOS="770" WIDTH="220" HEIGHT="30" WC="0.0" CONTENT="Johanssonx"/><SP WIDTH="32" VPOS="770" HPOS="1201"/>
							<String ID="string_48" HPOS="1233" VPOS="771" WIDTH="65" HEIGHT="35" WC="0.91" CONTENT="(s),"/><SP WIDTH="26" VPOS="771" HPOS="1298"/>
							<String ID="string_49" HPOS="1324" VPOS="772" WIDTH="105" HEIGHT="31" WC="0.96" CONTENT="Gösta"/><SP WIDTH="23" VPOS="772" HPOS="1429"/>
							<String ID="string_50" HPOS="1452" VPOS="773" WIDTH="191" HEIGHT="31" WC="0.93" CONTENT="Jacobsson"/><SP WIDTH="30" VPOS="773" HPOS="1643"/>
							<String ID="string_51" HPOS="1673" VPOS="774" WIDTH="86" HEIGHT="35" WC="0.91" CONTENT="(m),"/>
						</TextLine>
						<TextLine ID="line_9" HPOS="274" VPOS="810" WIDTH="1439" HEIGHT="49">
							<String ID="string_52" HPOS="274" VPOS="810" WIDTH="84" HEIGHT="29" WC="0.96" CONTENT="Paul"/><SP WIDTH="21" VPOS="810" HPOS="358"/>
							<String ID="string_53" HPOS="379" VPOS="811" WIDTH="151" HEIGHT="30" WC="0.92" CONTENT="Jansson"/><SP WIDTH="26" VPOS="811" HPOS="530"/>
							<String ID="string_54" HPOS="556" VPOS="811" WIDTH="65" HEIGHT="35" WC="0.87" CONTENT="($),"/><SP WIDTH="21" VPOS="811" HPOS="621"/>
							<String ID="string_55" HPOS="642" VPOS="812" WIDTH="158" HEIGHT="31" WC="0.92" CONTENT="Annerås"/><SP WIDTH="26" VPOS="812" HPOS="800"/>
							<String ID="string_56" HPOS="826" VPOS="813" WIDTH="86" HEIGHT="41" WC="0.96" CONTENT="(fp),"/><SP WIDTH="21" VPOS="813" HPOS="912"/>
							<String ID="string_57" HPOS="933" VPOS="814" WIDTH="71" HEIGHT="31" WC="0.96" CONTENT="Ove"/><SP WIDTH="20" VPOS="814" HPOS="1004"/>
							<String ID="string_58" HPOS="1024" VPOS="815" WIDTH="168" HEIGHT="31" WC="0.93" CONTENT="Karlsson"/><SP WIDTH="26" VPOS="815" HPOS="1192"/>
							<String ID="string_59" HPOS="1218" VPOS="817" WIDTH="49" HEIGHT="34" WC="0.93" CONTENT="(s)"/><SP WIDTH="25" VPOS="817" HPOS="1267"/>
							<String ID="string_60" HPOS="1292" VPOS="818" WIDTH="65" HEIGHT="29" WC="0.96" CONTENT="och"/><SP WIDTH="19" VPOS="818" HPOS="1357"/>
							<String ID="string_61" HPOS="1376" VPOS="818" WIDTH="107" HEIGHT="30" WC="0.96" CONTENT="Levin"/><SP WIDTH="25" VPOS="818" HPOS="1483"/>
							<String ID="string_62" HPOS="1508" VPOS="818" WIDTH="92" HEIGHT="41" WC="0.96" CONTENT="(fp);"/><SP WIDTH="24" VPOS="818" HPOS="1600"/>
							<String ID="string_63" HPOS="1624" VPOS="822" WIDTH="89" HEIGHT="28" WC="0.96" CONTENT="samt"/>
						</TextLine>
					</TextBlock>
				</ComposedBlock>
				<ComposedBlock ID="cblock_6" HPOS="270" VPOS="872" WIDTH="1488" HEIGHT="178">
					<TextBlock ID="block_6" HPOS="270" VPOS="872" WIDTH="1488" HEIGHT="178">
						<TextLine ID="line_10" HPOS="318" VPOS="872" WIDTH="1439" HEIGHT="44">
							<String ID="string_64" HPOS="318" VPOS="872" WIDTH="78" HEIGHT="29" WC="0.80" CONTENT="trån"/><SP WIDTH="36" VPOS="872" HPOS="396"/>
							<String ID="string_65" HPOS="432" VPOS="874" WIDTH="154" HEIGHT="28" WC="0.95" CONTENT="andra"/><SP WIDTH="34" VPOS="874" HPOS="586"/>
							<String ID="string_66" HPOS="620" VPOS="875" WIDTH="219" HEIGHT="29" WC="0.96" CONTENT="kammaren:"/><SP WIDTH="28" VPOS="875" HPOS="839"/>
							<String ID="string_67" HPOS="867" VPOS="877" WIDTH="120" HEIGHT="28" WC="0.96" CONTENT="herrar"/><SP WIDTH="24" VPOS="877" HPOS="987"/>
							<String ID="string_68" HPOS="1011" VPOS="878" WIDTH="214" HEIGHT="38" WC="0.95" CONTENT="Magnusson"/><SP WIDTH="23" VPOS="878" HPOS="1225"/>
							<String ID="string_69" HPOS="1248" VPOS="881" WIDTH="9" HEIGHT="27" WC="0.97" CONTENT="i"/><SP WIDTH="27" VPOS="881" HPOS="1257"/>
							<String ID="string_70" HPOS="1284" VPOS="880" WIDTH="106" HEIGHT="29" WC="0.93" CONTENT="Borås"/><SP WIDTH="31" VPOS="880" HPOS="1390"/>
							<String ID="string_71" HPOS="1421" VPOS="881" WIDTH="82" HEIGHT="34" WC="0.92" CONTENT="(m),"/><SP WIDTH="27" VPOS="881" HPOS="1503"/>
							<String ID="string_72" HPOS="1530" VPOS="882" WIDTH="131" HEIGHT="29" WC="0.92" CONTENT="Brandt"/><SP WIDTH="31" VPOS="882" HPOS="1661"/>
							<String ID="string_73" HPOS="1692" VPOS="883" WIDTH="65" HEIGHT="33" WC="0.92" CONTENT="(s),"/>
						</TextLine>
						<TextLine ID="line_11" HPOS="271" VPOS="916" WIDTH="1486" HEIGHT="47">
							<String ID="string_74" HPOS="271" VPOS="916" WIDTH="170" HEIGHT="39" WC="0.50" CONTENT="Enskvist"/><SP WIDTH="30" VPOS="916" HPOS="441"/>
							<String ID="string_75" HPOS="471" VPOS="920" WIDTH="65" HEIGHT="32" WC="0.89" CONTENT="(s),"/><SP WIDTH="26" VPOS="920" HPOS="536"/>
							<String ID="string_76" HPOS="562" VPOS="918" WIDTH="97" HEIGHT="30" WC="0.96" CONTENT="fruar"/><SP WIDTH="25" VPOS="918" HPOS="659"/>
							<String ID="string_77" HPOS="684" VPOS="919" WIDTH="217" HEIGHT="41" WC="0.58" CONTENT="Holmqvist:"/><SP WIDTH="31" VPOS="919" HPOS="901"/>
							<String ID="string_78" HPOS="932" VPOS="920" WIDTH="65" HEIGHT="35" WC="0.91" CONTENT="(s),"/><SP WIDTH="25" VPOS="920" HPOS="997"/>
							<String ID="string_79" HPOS="1022" VPOS="921" WIDTH="240" HEIGHT="32" WC="0.92" CONTENT="Nettelbrandt"/><SP WIDTH="31" VPOS="921" HPOS="1262"/>
							<String ID="string_80" HPOS="1293" VPOS="922" WIDTH="87" HEIGHT="41" WC="0.96" CONTENT="(fp),"/><SP WIDTH="25" VPOS="922" HPOS="1380"/>
							<String ID="string_81" HPOS="1405" VPOS="925" WIDTH="121" HEIGHT="29" WC="0.93" CONTENT="herrar"/><SP WIDTH="25" VPOS="925" HPOS="1526"/>
							<String ID="string_82" HPOS="1551" VPOS="925" WIDTH="206" HEIGHT="31" WC="0.92" CONTENT="Kristenson"/>
						</TextLine>
						<TextLine ID="line_12" HPOS="277" VPOS="962" WIDTH="1481" HEIGHT="48">
							<String ID="string_83" HPOS="277" VPOS="962" WIDTH="65" HEIGHT="33" WC="0.85" CONTENT="(s),"/><SP WIDTH="20" VPOS="962" HPOS="342"/>
							<String ID="string_84" HPOS="362" VPOS="962" WIDTH="181" HEIGHT="31" WC="0.96" CONTENT="Josefsson"/><SP WIDTH="20" VPOS="962" HPOS="543"/>
							<String ID="string_85" HPOS="563" VPOS="964" WIDTH="11" HEIGHT="29" WC="0.96" CONTENT="i"/><SP WIDTH="18" VPOS="964" HPOS="574"/>
							<String ID="string_86" HPOS="592" VPOS="964" WIDTH="184" HEIGHT="31" WC="0.93" CONTENT="Halmstad"/><SP WIDTH="25" VPOS="964" HPOS="776"/>
							<String ID="string_87" HPOS="801" VPOS="966" WIDTH="64" HEIGHT="34" WC="0.92" CONTENT="(s),"/><SP WIDTH="22" VPOS="966" HPOS="865"/>
							<String ID="string_88" HPOS="887" VPOS="966" WIDTH="200" HEIGHT="30" WC="0.94" CONTENT="Andersson"/><SP WIDTH="20" VPOS="966" HPOS="1087"/>
							<String ID="string_89" HPOS="1107" VPOS="968" WIDTH="11" HEIGHT="29" WC="0.96" CONTENT="i"/><SP WIDTH="21" VPOS="968" HPOS="1118"/>
							<String ID="string_90" HPOS="1139" VPOS="968" WIDTH="192" HEIGHT="40" WC="0.93" CONTENT="Södertälje"/><SP WIDTH="26" VPOS="968" HPOS="1331"/>
							<String ID="string_91" HPOS="1357" VPOS="969" WIDTH="63" HEIGHT="35" WC="0.92" CONTENT="(s),"/><SP WIDTH="22" VPOS="969" HPOS="1420"/>
							<String ID="string_92" HPOS="1442" VPOS="970" WIDTH="189" HEIGHT="40" WC="0.96" CONTENT="Börjesson"/><SP WIDTH="19" VPOS="970" HPOS="1631"/>
							<String ID="string_93" HPOS="1650" VPOS="973" WIDTH="10" HEIGHT="29" WC="0.93" CONTENT="i"/><SP WIDTH="21" VPOS="973" HPOS="1660"/>
							<String ID="string_94" HPOS="1681" VPOS="972" WIDTH="77" HEIGHT="29" WC="0.91" CONTENT="Fal-"/>
						</TextLine>
						<TextLine ID="line_13" HPOS="270" VPOS="1007" WIDTH="733" HEIGHT="43">
							<String ID="string_95" HPOS="270" VPOS="1007" WIDTH="132" HEIGHT="39" WC="0.96" CONTENT="köping"/><SP WIDTH="18" VPOS="1007" HPOS="402"/>
							<String ID="string_96" HPOS="420" VPOS="1007" WIDTH="75" HEIGHT="40" WC="0.94" CONTENT="(cp)"/><SP WIDTH="20" VPOS="1007" HPOS="495"/>
							<String ID="string_97" HPOS="515" VPOS="1009" WIDTH="65" HEIGHT="29" WC="0.95" CONTENT="och"/><SP WIDTH="12" VPOS="1009" HPOS="580"/>
							<String ID="string_98" HPOS="592" VPOS="1009" WIDTH="164" HEIGHT="30" WC="0.96" CONTENT="Josefson"/><SP WIDTH="14" VPOS="1009" HPOS="756"/>
							<String ID="string_99" HPOS="770" VPOS="1010" WIDTH="10" HEIGHT="29" WC="0.92" CONTENT="i"/><SP WIDTH="15" VPOS="1010" HPOS="780"/>
							<String ID="string_100" HPOS="795" VPOS="1010" WIDTH="99" HEIGHT="30" WC="0.91" CONTENT="Arrie"/><SP WIDTH="20" VPOS="1010" HPOS="894"/>
							<String ID="string_101" HPOS="914" VPOS="1011" WIDTH="89" HEIGHT="39" WC="0.96" CONTENT="(cp)."/>
						</TextLine>
					</TextBlock>
				</ComposedBlock>
				<ComposedBlock ID="cblock_7" HPOS="305" VPOS="1073" WIDTH="707" HEIGHT="32">
					<TextBlock ID="block_7" HPOS="305" VPOS="1073" WIDTH="707" HEIGHT="32">
						<TextLine ID="line_14" HPOS="305" VPOS="1073" WIDTH="707" HEIGHT="32">
							<String ID="string_102" HPOS="305" VPOS="1075" WIDTH="12" HEIGHT="11" WC="0.64" CONTENT="+"/><SP WIDTH="24" VPOS="1075" HPOS="317"/>
							<String ID="string_103" HPOS="341" VPOS="1073" WIDTH="61" HEIGHT="23" WC="0.93" CONTENT="Icke"/><SP WIDTH="15" VPOS="1073" HPOS="402"/>
							<String ID="string_104" HPOS="417" VPOS="1074" WIDTH="123" HEIGHT="23" WC="0.92" CONTENT="närvarit"/><SP WIDTH="14" VPOS="1074" HPOS="540"/>
							<String ID="string_105" HPOS="554" VPOS="1074" WIDTH="47" HEIGHT="23" WC="0.96" CONTENT="vid"/><SP WIDTH="13" VPOS="1074" HPOS="601"/>
							<String ID="string_106" HPOS="614" VPOS="1075" WIDTH="135" HEIGHT="30" WC="0.95" CONTENT="justering"/><SP WIDTH="14" VPOS="1075" HPOS="749"/>
							<String ID="string_107" HPOS="763" VPOS="1082" WIDTH="35" HEIGHT="17" WC="0.96" CONTENT="av"/><SP WIDTH="15" VPOS="1082" HPOS="798"/>
							<String ID="string_108" HPOS="813" VPOS="1076" WIDTH="199" HEIGHT="24" WC="0.95" CONTENT="betänkandet."/>
						</TextLine>
					</TextBlock>
				</ComposedBlock>
				<ComposedBlock ID="cblock_8" HPOS="896" VPOS="1211" WIDTH="229" HEIGHT="34">
					<TextBlock ID="block_8" HPOS="896" VPOS="1211" WIDTH="229" HEIGHT="34">
						<TextLine ID="line_15" HPOS="896" VPOS="1211" WIDTH="229" HEIGHT="34">
							<String ID="string_109" HPOS="896" VPOS="1211" WIDTH="229" HEIGHT="34" WC="0.95" CONTENT="Reservation"/>
						</TextLine>
					</TextBlock>
				</ComposedBlock>
				<ComposedBlock ID="cblock_9" HPOS="268" VPOS="1312" WIDTH="1488" HEIGHT="202">
					<TextBlock ID="block_9" HPOS="268" VPOS="1312" WIDTH="1488" HEIGHT="152">
						<TextLine ID="line_16" HPOS="313" VPOS="1312" WIDTH="1442" HEIGHT="43">
							<String ID="string_110" HPOS="313" VPOS="1320" WIDTH="42" HEIGHT="20" WC="0.95" CONTENT="av"/><SP WIDTH="15" VPOS="1320" HPOS="355"/>
							<String ID="string_111" HPOS="370" VPOS="1312" WIDTH="121" HEIGHT="29" WC="0.96" CONTENT="herrar"/><SP WIDTH="19" VPOS="1312" HPOS="491"/>
							<String ID="string_112" HPOS="510" VPOS="1313" WIDTH="113" HEIGHT="38" WC="0.84" CONTENT="Yngve"/><SP WIDTH="15" VPOS="1313" HPOS="623"/>
							<String ID="string_113" HPOS="638" VPOS="1313" WIDTH="140" HEIGHT="30" WC="0.93" CONTENT="Nilsson"/><SP WIDTH="23" VPOS="1313" HPOS="778"/>
							<String ID="string_114" HPOS="801" VPOS="1314" WIDTH="82" HEIGHT="35" WC="0.91" CONTENT="(m),"/><SP WIDTH="16" VPOS="1314" HPOS="883"/>
							<String ID="string_115" HPOS="899" VPOS="1314" WIDTH="135" HEIGHT="31" WC="0.96" CONTENT="Sundin"/><SP WIDTH="23" VPOS="1314" HPOS="1034"/>
							<String ID="string_116" HPOS="1057" VPOS="1316" WIDTH="89" HEIGHT="39" WC="0.95" CONTENT="(cp),"/><SP WIDTH="18" VPOS="1316" HPOS="1146"/>
							<String ID="string_117" HPOS="1164" VPOS="1316" WIDTH="103" HEIGHT="30" WC="0.96" CONTENT="Gösta"/><SP WIDTH="15" VPOS="1316" HPOS="1267"/>
							<String ID="string_118" HPOS="1282" VPOS="1317" WIDTH="191" HEIGHT="31" WC="0.93" CONTENT="Jacobsson"/><SP WIDTH="24" VPOS="1317" HPOS="1473"/>
							<String ID="string_119" HPOS="1497" VPOS="1319" WIDTH="82" HEIGHT="35" WC="0.85" CONTENT="(m),"/><SP WIDTH="16" VPOS="1319" HPOS="1579"/>
							<String ID="string_120" HPOS="1595" VPOS="1320" WIDTH="160" HEIGHT="31" WC="0.88" CONTENT="Annerås"/>
						</TextLine>
						<TextLine ID="line_17" HPOS="275" VPOS="1364" WIDTH="1481" HEIGHT="48">
							<String ID="string_121" HPOS="275" VPOS="1364" WIDTH="86" HEIGHT="39" WC="0.88" CONTENT="(fp),"/><SP WIDTH="17" VPOS="1364" HPOS="361"/>
							<String ID="string_122" HPOS="378" VPOS="1365" WIDTH="106" HEIGHT="29" WC="0.96" CONTENT="Levin"/><SP WIDTH="23" VPOS="1365" HPOS="484"/>
							<String ID="string_123" HPOS="507" VPOS="1366" WIDTH="87" HEIGHT="40" WC="0.95" CONTENT="(fp),"/><SP WIDTH="16" VPOS="1366" HPOS="594"/>
							<String ID="string_124" HPOS="610" VPOS="1367" WIDTH="213" HEIGHT="39" WC="0.95" CONTENT="Magnusson"/><SP WIDTH="16" VPOS="1367" HPOS="823"/>
							<String ID="string_125" HPOS="839" VPOS="1368" WIDTH="11" HEIGHT="29" WC="0.95" CONTENT="i"/><SP WIDTH="16" VPOS="1368" HPOS="850"/>
							<String ID="string_126" HPOS="866" VPOS="1368" WIDTH="108" HEIGHT="30" WC="0.93" CONTENT="Borås"/><SP WIDTH="22" VPOS="1368" HPOS="974"/>
							<String ID="string_127" HPOS="996" VPOS="1369" WIDTH="83" HEIGHT="34" WC="0.91" CONTENT="(m),"/><SP WIDTH="18" VPOS="1369" HPOS="1079"/>
							<String ID="string_128" HPOS="1097" VPOS="1370" WIDTH="57" HEIGHT="29" WC="0.93" CONTENT="fru"/><SP WIDTH="15" VPOS="1370" HPOS="1154"/>
							<String ID="string_129" HPOS="1169" VPOS="1370" WIDTH="243" HEIGHT="30" WC="0.90" CONTENT="Nettelbrandt"/><SP WIDTH="20" VPOS="1370" HPOS="1412"/>
							<String ID="string_130" HPOS="1432" VPOS="1372" WIDTH="86" HEIGHT="40" WC="0.96" CONTENT="(fp),"/><SP WIDTH="18" VPOS="1372" HPOS="1518"/>
							<String ID="string_131" HPOS="1536" VPOS="1374" WIDTH="120" HEIGHT="29" WC="0.93" CONTENT="herrar"/><SP WIDTH="16" VPOS="1374" HPOS="1656"/>
							<String ID="string_132" HPOS="1672" VPOS="1374" WIDTH="84" HEIGHT="29" WC="0.92" CONTENT="Bör-"/>
						</TextLine>
						<TextLine ID="line_18" HPOS="268" VPOS="1418" WIDTH="1063" HEIGHT="46">
							<String ID="string_133" HPOS="268" VPOS="1418" WIDTH="117" HEIGHT="38" WC="0.84" CONTENT="jesson"/><SP WIDTH="15" VPOS="1418" HPOS="385"/>
							<String ID="string_134" HPOS="400" VPOS="1420" WIDTH="11" HEIGHT="28" WC="0.96" CONTENT="i"/><SP WIDTH="14" VPOS="1420" HPOS="411"/>
							<String ID="string_135" HPOS="425" VPOS="1420" WIDTH="194" HEIGHT="40" WC="0.95" CONTENT="Falköping"/><SP WIDTH="20" VPOS="1420" HPOS="619"/>
							<String ID="string_136" HPOS="639" VPOS="1420" WIDTH="75" HEIGHT="40" WC="0.96" CONTENT="(cp)"/><SP WIDTH="20" VPOS="1420" HPOS="714"/>
							<String ID="string_137" HPOS="734" VPOS="1421" WIDTH="64" HEIGHT="30" WC="0.96" CONTENT="och"/><SP WIDTH="14" VPOS="1421" HPOS="798"/>
							<String ID="string_138" HPOS="812" VPOS="1421" WIDTH="162" HEIGHT="40" WC="0.92" CONTENT="Josefson"/><SP WIDTH="16" VPOS="1421" HPOS="974"/>
							<String ID="string_139" HPOS="990" VPOS="1423" WIDTH="10" HEIGHT="29" WC="0.92" CONTENT="i"/><SP WIDTH="14" VPOS="1423" HPOS="1000"/>
							<String ID="string_140" HPOS="1014" VPOS="1423" WIDTH="98" HEIGHT="30" WC="0.92" CONTENT="Arrie"/><SP WIDTH="21" VPOS="1423" HPOS="1112"/>
							<String ID="string_141" HPOS="1133" VPOS="1424" WIDTH="90" HEIGHT="40" WC="0.94" CONTENT="(cp),"/><SP WIDTH="15" VPOS="1424" HPOS="1223"/>
							<String ID="string_142" HPOS="1238" VPOS="1424" WIDTH="93" HEIGHT="30" WC="0.96" CONTENT="vilka"/>
						</TextLine>
					</TextBlock>
					<TextBlock ID="block_10" HPOS="312" VPOS="1472" WIDTH="391" HEIGHT="42">
						<TextLine ID="line_19" HPOS="312" VPOS="1472" WIDTH="391" HEIGHT="42">
							<String ID="string_143" HPOS="312" VPOS="1472" WIDTH="72" HEIGHT="29" WC="0.96" CONTENT="dels"/><SP WIDTH="16" VPOS="1472" HPOS="384"/>
							<String ID="string_144" HPOS="400" VPOS="1473" WIDTH="116" HEIGHT="30" WC="0.95" CONTENT="anfört"/><SP WIDTH="16" VPOS="1473" HPOS="516"/>
							<String ID="string_145" HPOS="532" VPOS="1474" WIDTH="171" HEIGHT="40" WC="0.96" CONTENT="följande:"/>
						</TextLine>
					</TextBlock>
				</ComposedBlock>
				<ComposedBlock ID="cblock_10" HPOS="257" VPOS="1562" WIDTH="1497" HEIGHT="954">
					<TextBlock ID="block_11" HPOS="259" VPOS="1562" WIDTH="1495" HEIGHT="631">
						<TextLine ID="line_20" HPOS="313" VPOS="1562" WIDTH="1440" HEIGHT="41">
							<String ID="string_146" HPOS="313" VPOS="1562" WIDTH="11" HEIGHT="29" WC="0.92" CONTENT="I"/><SP WIDTH="20" VPOS="1562" HPOS="324"/>
							<String ID="string_147" HPOS="344" VPOS="1563" WIDTH="41" HEIGHT="29" WC="0.92" CONTENT="de"/><SP WIDTH="17" VPOS="1563" HPOS="385"/>
							<String ID="string_148" HPOS="402" VPOS="1563" WIDTH="224" HEIGHT="40" WC="0.93" CONTENT="likalydande"/><SP WIDTH="17" VPOS="1563" HPOS="626"/>
							<String ID="string_149" HPOS="643" VPOS="1565" WIDTH="220" HEIGHT="30" WC="0.92" CONTENT="molionerna"/><SP WIDTH="18" VPOS="1565" HPOS="863"/>
							<String ID="string_150" HPOS="881" VPOS="1566" WIDTH="28" HEIGHT="29" WC="0.94" CONTENT="I:"/><SP WIDTH="18" VPOS="1566" HPOS="909"/>
							<String ID="string_151" HPOS="927" VPOS="1566" WIDTH="39" HEIGHT="30" WC="0.92" CONTENT="73"/><SP WIDTH="20" VPOS="1566" HPOS="966"/>
							<String ID="string_152" HPOS="986" VPOS="1567" WIDTH="63" HEIGHT="29" WC="0.96" CONTENT="och"/><SP WIDTH="19" VPOS="1567" HPOS="1049"/>
							<String ID="string_153" HPOS="1068" VPOS="1567" WIDTH="44" HEIGHT="30" WC="0.92" CONTENT="II:"/><SP WIDTH="18" VPOS="1567" HPOS="1112"/>
							<String ID="string_154" HPOS="1130" VPOS="1568" WIDTH="39" HEIGHT="29" WC="0.96" CONTENT="95"/><SP WIDTH="21" VPOS="1568" HPOS="1169"/>
							<String ID="string_155" HPOS="1190" VPOS="1570" WIDTH="89" HEIGHT="27" WC="0.95" CONTENT="samt"/><SP WIDTH="19" VPOS="1570" HPOS="1279"/>
							<String ID="string_156" HPOS="1298" VPOS="1569" WIDTH="27" HEIGHT="29" WC="0.95" CONTENT="I:"/><SP WIDTH="18" VPOS="1569" HPOS="1325"/>
							<String ID="string_157" HPOS="1343" VPOS="1568" WIDTH="62" HEIGHT="30" WC="0.95" CONTENT="328"/><SP WIDTH="20" VPOS="1568" HPOS="1405"/>
							<String ID="string_158" HPOS="1425" VPOS="1570" WIDTH="64" HEIGHT="29" WC="0.96" CONTENT="och"/><SP WIDTH="19" VPOS="1570" HPOS="1489"/>
							<String ID="string_159" HPOS="1508" VPOS="1570" WIDTH="44" HEIGHT="29" WC="0.96" CONTENT="II:"/><SP WIDTH="17" VPOS="1570" HPOS="1552"/>
							<String ID="string_160" HPOS="1569" VPOS="1570" WIDTH="63" HEIGHT="30" WC="0.96" CONTENT="374"/><SP WIDTH="19" VPOS="1570" HPOS="1632"/>
							<String ID="string_161" HPOS="1651" VPOS="1580" WIDTH="102" HEIGHT="21" WC="0.96" CONTENT="anser"/>
						</TextLine>
						<TextLine ID="line_21" HPOS="264" VPOS="1617" WIDTH="1488" HEIGHT="47">
							<String ID="string_162" HPOS="264" VPOS="1617" WIDTH="262" HEIGHT="30" WC="0.47" CONTENT="molionärerna"/><SP WIDTH="24" VPOS="1617" HPOS="526"/>
							<String ID="string_163" HPOS="550" VPOS="1619" WIDTH="50" HEIGHT="28" WC="0.92" CONTENT="att"/><SP WIDTH="24" VPOS="1619" HPOS="600"/>
							<String ID="string_164" HPOS="624" VPOS="1618" WIDTH="151" HEIGHT="30" WC="0.96" CONTENT="flertalet"/><SP WIDTH="24" VPOS="1618" HPOS="775"/>
							<String ID="string_165" HPOS="799" VPOS="1629" WIDTH="42" HEIGHT="19" WC="0.96" CONTENT="av"/><SP WIDTH="24" VPOS="1629" HPOS="841"/>
							<String ID="string_166" HPOS="865" VPOS="1620" WIDTH="41" HEIGHT="30" WC="0.96" CONTENT="de"/><SP WIDTH="25" VPOS="1620" HPOS="906"/>
							<String ID="string_167" HPOS="931" VPOS="1620" WIDTH="174" HEIGHT="36" WC="0.96" CONTENT="stiftelser,"/><SP WIDTH="28" VPOS="1620" HPOS="1105"/>
							<String ID="string_168" HPOS="1133" VPOS="1631" WIDTH="74" HEIGHT="20" WC="0.96" CONTENT="som"/><SP WIDTH="25" VPOS="1631" HPOS="1207"/>
							<String ID="string_169" HPOS="1232" VPOS="1632" WIDTH="47" HEIGHT="19" WC="0.96" CONTENT="nu"/><SP WIDTH="26" VPOS="1632" HPOS="1279"/>
							<String ID="string_170" HPOS="1305" VPOS="1623" WIDTH="37" HEIGHT="28" WC="0.96" CONTENT="är"/><SP WIDTH="24" VPOS="1623" HPOS="1342"/>
							<String ID="string_171" HPOS="1366" VPOS="1623" WIDTH="157" HEIGHT="30" WC="0.96" CONTENT="befriade"/><SP WIDTH="23" VPOS="1623" HPOS="1523"/>
							<String ID="string_172" HPOS="1546" VPOS="1624" WIDTH="81" HEIGHT="30" WC="0.93" CONTENT="från"/><SP WIDTH="25" VPOS="1624" HPOS="1627"/>
							<String ID="string_173" HPOS="1652" VPOS="1625" WIDTH="100" HEIGHT="39" WC="0.93" CONTENT="gåvo-"/>
						</TextLine>
						<TextLine ID="line_22" HPOS="268" VPOS="1671" WIDTH="1486" HEIGHT="47">
							<String ID="string_174" HPOS="268" VPOS="1671" WIDTH="102" HEIGHT="34" WC="0.80" CONTENT="skatt,"/><SP WIDTH="19" VPOS="1671" HPOS="370"/>
							<String ID="string_175" HPOS="389" VPOS="1671" WIDTH="106" HEIGHT="30" WC="0.95" CONTENT="också"/><SP WIDTH="16" VPOS="1671" HPOS="495"/>
							<String ID="string_176" HPOS="511" VPOS="1672" WIDTH="88" HEIGHT="29" WC="0.96" CONTENT="skall"/><SP WIDTH="17" VPOS="1672" HPOS="599"/>
							<String ID="string_177" HPOS="616" VPOS="1672" WIDTH="130" HEIGHT="30" WC="0.96" CONTENT="befrias"/><SP WIDTH="16" VPOS="1672" HPOS="746"/>
							<String ID="string_178" HPOS="762" VPOS="1673" WIDTH="80" HEIGHT="29" WC="0.93" CONTENT="från"/><SP WIDTH="17" VPOS="1673" HPOS="842"/>
							<String ID="string_179" HPOS="859" VPOS="1674" WIDTH="185" HEIGHT="30" WC="0.88" CONTENT="arvsskatt."/><SP WIDTH="17" VPOS="1674" HPOS="1044"/>
							<String ID="string_180" HPOS="1061" VPOS="1675" WIDTH="41" HEIGHT="30" WC="0.96" CONTENT="Vi"/><SP WIDTH="18" VPOS="1675" HPOS="1102"/>
							<String ID="string_181" HPOS="1120" VPOS="1676" WIDTH="94" HEIGHT="29" WC="0.93" CONTENT="delar"/><SP WIDTH="16" VPOS="1676" HPOS="1214"/>
							<String ID="string_182" HPOS="1230" VPOS="1676" WIDTH="279" HEIGHT="31" WC="0.92" CONTENT="motionärernas"/><SP WIDTH="17" VPOS="1676" HPOS="1509"/>
							<String ID="string_183" HPOS="1526" VPOS="1678" WIDTH="228" HEIGHT="40" WC="0.96" CONTENT="uppfattning"/>
						</TextLine>
						<TextLine ID="line_23" HPOS="266" VPOS="1724" WIDTH="1485" HEIGHT="45">
							<String ID="string_184" HPOS="266" VPOS="1726" WIDTH="47" HEIGHT="27" WC="0.90" CONTENT="att"/><SP WIDTH="24" VPOS="1726" HPOS="313"/>
							<String ID="string_185" HPOS="337" VPOS="1724" WIDTH="55" HEIGHT="29" WC="0.96" CONTENT="det"/><SP WIDTH="21" VPOS="1724" HPOS="392"/>
							<String ID="string_186" HPOS="413" VPOS="1725" WIDTH="38" HEIGHT="28" WC="0.96" CONTENT="är"/><SP WIDTH="19" VPOS="1725" HPOS="451"/>
							<String ID="string_187" HPOS="470" VPOS="1725" WIDTH="87" HEIGHT="29" WC="0.96" CONTENT="både"/><SP WIDTH="20" VPOS="1725" HPOS="557"/>
							<String ID="string_188" HPOS="577" VPOS="1726" WIDTH="130" HEIGHT="39" WC="0.96" CONTENT="rimligt"/><SP WIDTH="21" VPOS="1726" HPOS="707"/>
							<String ID="string_189" HPOS="728" VPOS="1727" WIDTH="65" HEIGHT="29" WC="0.96" CONTENT="och"/><SP WIDTH="20" VPOS="1727" HPOS="793"/>
							<String ID="string_190" HPOS="813" VPOS="1727" WIDTH="178" HEIGHT="39" WC="0.95" CONTENT="angeläget"/><SP WIDTH="21" VPOS="1727" HPOS="991"/>
							<String ID="string_191" HPOS="1012" VPOS="1730" WIDTH="50" HEIGHT="27" WC="0.96" CONTENT="att"/><SP WIDTH="22" VPOS="1730" HPOS="1062"/>
							<String ID="string_192" HPOS="1084" VPOS="1729" WIDTH="206" HEIGHT="39" WC="0.96" CONTENT="skyndsamt"/><SP WIDTH="21" VPOS="1729" HPOS="1290"/>
							<String ID="string_193" HPOS="1311" VPOS="1731" WIDTH="121" HEIGHT="38" WC="0.96" CONTENT="medge"/><SP WIDTH="22" VPOS="1731" HPOS="1432"/>
							<String ID="string_194" HPOS="1454" VPOS="1732" WIDTH="221" HEIGHT="30" WC="0.96" CONTENT="skattefrihet"/><SP WIDTH="22" VPOS="1732" HPOS="1675"/>
							<String ID="string_195" HPOS="1697" VPOS="1733" WIDTH="54" HEIGHT="29" WC="0.96" CONTENT="för"/>
						</TextLine>
						<TextLine ID="line_24" HPOS="265" VPOS="1779" WIDTH="1486" HEIGHT="46">
							<String ID="string_196" HPOS="265" VPOS="1779" WIDTH="307" HEIGHT="29" WC="0.96" CONTENT="testamentariska"/><SP WIDTH="26" VPOS="1779" HPOS="572"/>
							<String ID="string_197" HPOS="598" VPOS="1779" WIDTH="261" HEIGHT="31" WC="0.96" CONTENT="förordnanden"/><SP WIDTH="25" VPOS="1779" HPOS="859"/>
							<String ID="string_198" HPOS="884" VPOS="1781" WIDTH="53" HEIGHT="29" WC="0.96" CONTENT="till"/><SP WIDTH="25" VPOS="1781" HPOS="937"/>
							<String ID="string_199" HPOS="962" VPOS="1781" WIDTH="123" HEIGHT="31" WC="0.96" CONTENT="ideella"/><SP WIDTH="25" VPOS="1781" HPOS="1085"/>
							<String ID="string_200" HPOS="1110" VPOS="1782" WIDTH="166" HEIGHT="30" WC="0.96" CONTENT="stiftelser"/><SP WIDTH="26" VPOS="1782" HPOS="1276"/>
							<String ID="string_201" HPOS="1302" VPOS="1783" WIDTH="64" HEIGHT="30" WC="0.96" CONTENT="och"/><SP WIDTH="26" VPOS="1783" HPOS="1366"/>
							<String ID="string_202" HPOS="1392" VPOS="1786" WIDTH="359" HEIGHT="39" WC="0.96" CONTENT="sammanslutningar"/>
						</TextLine>
						<TextLine ID="line_25" HPOS="265" VPOS="1831" WIDTH="1484" HEIGHT="47">
							<String ID="string_203" HPOS="265" VPOS="1839" WIDTH="74" HEIGHT="21" WC="0.96" CONTENT="som"/><SP WIDTH="22" VPOS="1839" HPOS="339"/>
							<String ID="string_204" HPOS="361" VPOS="1831" WIDTH="148" HEIGHT="37" WC="0.93" CONTENT="främjar"/><SP WIDTH="21" VPOS="1831" HPOS="509"/>
							<String ID="string_205" HPOS="530" VPOS="1834" WIDTH="22" HEIGHT="27" WC="0.91" CONTENT="t."/><SP WIDTH="16" VPOS="1834" HPOS="552"/>
							<String ID="string_206" HPOS="568" VPOS="1842" WIDTH="50" HEIGHT="20" WC="0.96" CONTENT="ex."/><SP WIDTH="22" VPOS="1842" HPOS="618"/>
							<String ID="string_207" HPOS="640" VPOS="1833" WIDTH="169" HEIGHT="39" WC="0.96" CONTENT="religiösa,"/><SP WIDTH="23" VPOS="1833" HPOS="809"/>
							<String ID="string_208" HPOS="832" VPOS="1835" WIDTH="210" HEIGHT="38" WC="0.96" CONTENT="välgörande"/><SP WIDTH="20" VPOS="1835" HPOS="1042"/>
							<String ID="string_209" HPOS="1062" VPOS="1836" WIDTH="81" HEIGHT="29" WC="0.96" CONTENT="eller"/><SP WIDTH="22" VPOS="1836" HPOS="1143"/>
							<String ID="string_210" HPOS="1165" VPOS="1837" WIDTH="101" HEIGHT="39" WC="0.96" CONTENT="eljest"/><SP WIDTH="22" VPOS="1837" HPOS="1266"/>
							<String ID="string_211" HPOS="1288" VPOS="1838" WIDTH="266" HEIGHT="40" WC="0.96" CONTENT="allmännyttiga"/><SP WIDTH="22" VPOS="1838" HPOS="1554"/>
							<String ID="string_212" HPOS="1576" VPOS="1840" WIDTH="173" HEIGHT="30" WC="0.95" CONTENT="ändamål."/>
						</TextLine>
						<TextLine ID="line_26" HPOS="264" VPOS="1884" WIDTH="1485" HEIGHT="39">
							<String ID="string_213" HPOS="264" VPOS="1884" WIDTH="111" HEIGHT="30" WC="0.90" CONTENT="Gåvor"/><SP WIDTH="23" VPOS="1884" HPOS="375"/>
							<String ID="string_214" HPOS="398" VPOS="1886" WIDTH="52" HEIGHT="28" WC="0.95" CONTENT="till"/><SP WIDTH="25" VPOS="1886" HPOS="450"/>
							<String ID="string_215" HPOS="475" VPOS="1886" WIDTH="164" HEIGHT="29" WC="0.96" CONTENT="stiftelser"/><SP WIDTH="23" VPOS="1886" HPOS="639"/>
							<String ID="string_216" HPOS="662" VPOS="1887" WIDTH="79" HEIGHT="29" WC="0.96" CONTENT="med"/><SP WIDTH="25" VPOS="1887" HPOS="741"/>
							<String ID="string_217" HPOS="766" VPOS="1896" WIDTH="132" HEIGHT="21" WC="0.96" CONTENT="samma"/><SP WIDTH="25" VPOS="1896" HPOS="898"/>
							<String ID="string_218" HPOS="923" VPOS="1888" WIDTH="162" HEIGHT="30" WC="0.96" CONTENT="ändamål"/><SP WIDTH="24" VPOS="1888" HPOS="1085"/>
							<String ID="string_219" HPOS="1109" VPOS="1890" WIDTH="37" HEIGHT="28" WC="0.96" CONTENT="är"/><SP WIDTH="24" VPOS="1890" HPOS="1146"/>
							<String ID="string_220" HPOS="1170" VPOS="1890" WIDTH="193" HEIGHT="30" WC="0.93" CONTENT="skattefria."/><SP WIDTH="24" VPOS="1890" HPOS="1363"/>
							<String ID="string_221" HPOS="1387" VPOS="1892" WIDTH="40" HEIGHT="29" WC="0.96" CONTENT="Vi"/><SP WIDTH="25" VPOS="1892" HPOS="1427"/>
							<String ID="string_222" HPOS="1452" VPOS="1892" WIDTH="115" HEIGHT="30" WC="0.96" CONTENT="finner"/><SP WIDTH="24" VPOS="1892" HPOS="1567"/>
							<String ID="string_223" HPOS="1591" VPOS="1894" WIDTH="85" HEIGHT="29" WC="0.96" CONTENT="även"/><SP WIDTH="24" VPOS="1894" HPOS="1676"/>
							<String ID="string_224" HPOS="1700" VPOS="1896" WIDTH="49" HEIGHT="27" WC="0.96" CONTENT="att"/>
						</TextLine>
						<TextLine ID="line_27" HPOS="265" VPOS="1939" WIDTH="1484" HEIGHT="49">
							<String ID="string_225" HPOS="265" VPOS="1939" WIDTH="74" HEIGHT="29" WC="0.96" CONTENT="skäl"/><SP WIDTH="22" VPOS="1939" HPOS="339"/>
							<String ID="string_226" HPOS="361" VPOS="1940" WIDTH="84" HEIGHT="28" WC="0.96" CONTENT="talar"/><SP WIDTH="20" VPOS="1940" HPOS="445"/>
							<String ID="string_227" HPOS="465" VPOS="1940" WIDTH="53" HEIGHT="29" WC="0.96" CONTENT="för"/><SP WIDTH="19" VPOS="1940" HPOS="518"/>
							<String ID="string_228" HPOS="537" VPOS="1942" WIDTH="47" HEIGHT="27" WC="0.96" CONTENT="ett"/><SP WIDTH="17" VPOS="1942" HPOS="584"/>
							<String ID="string_229" HPOS="601" VPOS="1941" WIDTH="144" HEIGHT="30" WC="0.93" CONTENT="likartat"/><SP WIDTH="15" VPOS="1941" HPOS="745"/>
							<String ID="string_230" HPOS="760" VPOS="1941" WIDTH="281" HEIGHT="31" WC="0.71" CONTENT="betraklelsesätt"/><SP WIDTH="18" VPOS="1941" HPOS="1041"/>
							<String ID="string_231" HPOS="1059" VPOS="1943" WIDTH="11" HEIGHT="29" WC="0.96" CONTENT="i"/><SP WIDTH="18" VPOS="1943" HPOS="1070"/>
							<String ID="string_232" HPOS="1088" VPOS="1943" WIDTH="99" HEIGHT="40" WC="0.96" CONTENT="fråga"/><SP WIDTH="17" VPOS="1943" HPOS="1187"/>
							<String ID="string_233" HPOS="1204" VPOS="1953" WIDTH="56" HEIGHT="20" WC="0.91" CONTENT="om"/><SP WIDTH="19" VPOS="1953" HPOS="1260"/>
							<String ID="string_234" HPOS="1279" VPOS="1944" WIDTH="371" HEIGHT="43" WC="0.91" CONTENT="folketshusförening,"/><SP WIDTH="18" VPOS="1944" HPOS="1650"/>
							<String ID="string_235" HPOS="1668" VPOS="1948" WIDTH="81" HEIGHT="40" WC="0.91" CONTENT="byg-"/>
						</TextLine>
						<TextLine ID="line_28" HPOS="263" VPOS="1992" WIDTH="1485" HEIGHT="45">
							<String ID="string_236" HPOS="263" VPOS="1992" WIDTH="311" HEIGHT="40" WC="0.85" CONTENT="desardsförening"/><SP WIDTH="16" VPOS="1992" HPOS="574"/>
							<String ID="string_237" HPOS="590" VPOS="1995" WIDTH="82" HEIGHT="28" WC="0.96" CONTENT="eller"/><SP WIDTH="18" VPOS="1995" HPOS="672"/>
							<String ID="string_238" HPOS="690" VPOS="2003" WIDTH="117" HEIGHT="21" WC="0.95" CONTENT="annan"/><SP WIDTH="18" VPOS="2003" HPOS="807"/>
							<String ID="string_239" HPOS="825" VPOS="1996" WIDTH="165" HEIGHT="29" WC="0.96" CONTENT="liknande"/><SP WIDTH="19" VPOS="1996" HPOS="990"/>
							<String ID="string_240" HPOS="1009" VPOS="1998" WIDTH="327" HEIGHT="39" WC="0.96" CONTENT="sammanslutning,"/><SP WIDTH="20" VPOS="1998" HPOS="1336"/>
							<String ID="string_241" HPOS="1356" VPOS="2008" WIDTH="74" HEIGHT="20" WC="0.95" CONTENT="som"/><SP WIDTH="18" VPOS="2008" HPOS="1430"/>
							<String ID="string_242" HPOS="1448" VPOS="2000" WIDTH="63" HEIGHT="28" WC="0.95" CONTENT="har"/><SP WIDTH="19" VPOS="2000" HPOS="1511"/>
							<String ID="string_243" HPOS="1530" VPOS="2000" WIDTH="52" HEIGHT="29" WC="0.96" CONTENT="till"/><SP WIDTH="17" VPOS="2000" HPOS="1582"/>
							<String ID="string_244" HPOS="1599" VPOS="2000" WIDTH="149" HEIGHT="30" WC="0.96" CONTENT="främsta"/>
						</TextLine>
						<TextLine ID="line_29" HPOS="264" VPOS="2046" WIDTH="1483" HEIGHT="48">
							<String ID="string_245" HPOS="264" VPOS="2046" WIDTH="88" HEIGHT="39" WC="0.92" CONTENT="syfte"/><SP WIDTH="17" VPOS="2046" HPOS="352"/>
							<String ID="string_246" HPOS="369" VPOS="2048" WIDTH="49" HEIGHT="28" WC="0.96" CONTENT="att"/><SP WIDTH="16" VPOS="2048" HPOS="418"/>
							<String ID="string_247" HPOS="434" VPOS="2048" WIDTH="158" HEIGHT="28" WC="0.96" CONTENT="anordna"/><SP WIDTH="16" VPOS="2048" HPOS="592"/>
							<String ID="string_248" HPOS="608" VPOS="2048" WIDTH="81" HEIGHT="29" WC="0.96" CONTENT="eller"/><SP WIDTH="17" VPOS="2048" HPOS="689"/>
							<String ID="string_249" HPOS="706" VPOS="2048" WIDTH="267" HEIGHT="31" WC="0.96" CONTENT="tillhandahålla"/><SP WIDTH="17" VPOS="2048" HPOS="973"/>
							<String ID="string_250" HPOS="990" VPOS="2051" WIDTH="130" HEIGHT="29" WC="0.96" CONTENT="allmän"/><SP WIDTH="17" VPOS="2051" HPOS="1120"/>
							<String ID="string_251" HPOS="1137" VPOS="2052" WIDTH="273" HEIGHT="39" WC="0.94" CONTENT="samlingslokal."/><SP WIDTH="18" VPOS="2052" HPOS="1410"/>
							<String ID="string_252" HPOS="1428" VPOS="2054" WIDTH="115" HEIGHT="29" WC="0.96" CONTENT="Också"/><SP WIDTH="17" VPOS="2054" HPOS="1543"/>
							<String ID="string_253" HPOS="1560" VPOS="2055" WIDTH="66" HEIGHT="29" WC="0.96" CONTENT="den"/><SP WIDTH="17" VPOS="2055" HPOS="1626"/>
							<String ID="string_254" HPOS="1643" VPOS="2057" WIDTH="104" HEIGHT="37" WC="0.96" CONTENT="typen"/>
						</TextLine>
						<TextLine ID="line_30" HPOS="262" VPOS="2101" WIDTH="1485" HEIGHT="46">
							<String ID="string_255" HPOS="262" VPOS="2108" WIDTH="42" HEIGHT="20" WC="0.93" CONTENT="av"/><SP WIDTH="20" VPOS="2108" HPOS="304"/>
							<String ID="string_256" HPOS="324" VPOS="2101" WIDTH="319" HEIGHT="39" WC="0.89" CONTENT="sammanslulning"/><SP WIDTH="20" VPOS="2101" HPOS="643"/>
							<String ID="string_257" HPOS="663" VPOS="2102" WIDTH="37" HEIGHT="28" WC="0.96" CONTENT="är"/><SP WIDTH="21" VPOS="2102" HPOS="700"/>
							<String ID="string_258" HPOS="721" VPOS="2103" WIDTH="106" HEIGHT="38" WC="0.96" CONTENT="enligt"/><SP WIDTH="21" VPOS="2103" HPOS="827"/>
							<String ID="string_259" HPOS="848" VPOS="2103" WIDTH="159" HEIGHT="38" WC="0.96" CONTENT="gällande"/><SP WIDTH="20" VPOS="2103" HPOS="1007"/>
							<String ID="string_260" HPOS="1027" VPOS="2104" WIDTH="262" HEIGHT="31" WC="0.96" CONTENT="bestämmelser"/><SP WIDTH="20" VPOS="2104" HPOS="1289"/>
							<String ID="string_261" HPOS="1309" VPOS="2106" WIDTH="135" HEIGHT="30" WC="0.96" CONTENT="befriad"/><SP WIDTH="21" VPOS="2106" HPOS="1444"/>
							<String ID="string_262" HPOS="1465" VPOS="2108" WIDTH="80" HEIGHT="30" WC="0.93" CONTENT="från"/><SP WIDTH="20" VPOS="2108" HPOS="1545"/>
							<String ID="string_263" HPOS="1565" VPOS="2108" WIDTH="182" HEIGHT="39" WC="0.91" CONTENT="gåvoskatt"/>
						</TextLine>
						<TextLine ID="line_31" HPOS="259" VPOS="2154" WIDTH="423" HEIGHT="39">
							<String ID="string_264" HPOS="259" VPOS="2163" WIDTH="81" HEIGHT="20" WC="0.95" CONTENT="men"/><SP WIDTH="15" VPOS="2163" HPOS="340"/>
							<String ID="string_265" HPOS="355" VPOS="2154" WIDTH="29" HEIGHT="39" WC="0.91" CONTENT="ej"/><SP WIDTH="18" VPOS="2154" HPOS="384"/>
							<String ID="string_266" HPOS="402" VPOS="2154" WIDTH="80" HEIGHT="30" WC="0.92" CONTENT="från"/><SP WIDTH="15" VPOS="2154" HPOS="482"/>
							<String ID="string_267" HPOS="497" VPOS="2155" WIDTH="185" HEIGHT="30" WC="0.91" CONTENT="arvsskalt."/>
						</TextLine>
					</TextBlock>
					<TextBlock ID="block_12" HPOS="257" VPOS="2207" WIDTH="1489" HEIGHT="309">
						<TextLine ID="line_32" HPOS="305" VPOS="2207" WIDTH="1441" HEIGHT="48">
							<String ID="string_268" HPOS="305" VPOS="2207" WIDTH="130" HEIGHT="30" WC="0.96" CONTENT="Genom"/><SP WIDTH="26" VPOS="2207" HPOS="435"/>
							<String ID="string_269" HPOS="461" VPOS="2208" WIDTH="66" HEIGHT="30" WC="0.96" CONTENT="den"/><SP WIDTH="25" VPOS="2208" HPOS="527"/>
							<String ID="string_270" HPOS="552" VPOS="2208" WIDTH="179" HEIGHT="31" WC="0.92" CONTENT="bristande"/><SP WIDTH="26" VPOS="2208" HPOS="731"/>
							<String ID="string_271" HPOS="757" VPOS="2210" WIDTH="371" HEIGHT="31" WC="0.91" CONTENT="överensstämmelsen"/><SP WIDTH="26" VPOS="2210" HPOS="1128"/>
							<String ID="string_272" HPOS="1154" VPOS="2213" WIDTH="128" HEIGHT="29" WC="0.93" CONTENT="mellan"/><SP WIDTH="25" VPOS="2213" HPOS="1282"/>
							<String ID="string_273" HPOS="1307" VPOS="2213" WIDTH="402" HEIGHT="42" WC="0.91" CONTENT="beskattningsreglerna"/><SP WIDTH="26" VPOS="2213" HPOS="1709"/>
							<String ID="string_274" HPOS="1735" VPOS="2217" WIDTH="11" HEIGHT="29" WC="0.95" CONTENT="i"/>
						</TextLine>
						<TextLine ID="line_33" HPOS="260" VPOS="2261" WIDTH="1486" HEIGHT="49">
							<String ID="string_275" HPOS="260" VPOS="2261" WIDTH="42" HEIGHT="29" WC="0.96" CONTENT="de"/><SP WIDTH="20" VPOS="2261" HPOS="302"/>
							<String ID="string_276" HPOS="322" VPOS="2261" WIDTH="90" HEIGHT="30" WC="0.96" CONTENT="båda"/><SP WIDTH="20" VPOS="2261" HPOS="412"/>
							<String ID="string_277" HPOS="432" VPOS="2262" WIDTH="106" HEIGHT="30" WC="0.95" CONTENT="fallen"/><SP WIDTH="22" VPOS="2262" HPOS="538"/>
							<String ID="string_278" HPOS="560" VPOS="2263" WIDTH="65" HEIGHT="29" WC="0.95" CONTENT="blir"/><SP WIDTH="22" VPOS="2263" HPOS="625"/>
							<String ID="string_279" HPOS="647" VPOS="2263" WIDTH="65" HEIGHT="33" WC="0.96" CONTENT="det,"/><SP WIDTH="23" VPOS="2263" HPOS="712"/>
							<String ID="string_280" HPOS="735" VPOS="2263" WIDTH="106" HEIGHT="30" WC="0.96" CONTENT="vilket"/><SP WIDTH="21" VPOS="2263" HPOS="841"/>
							<String ID="string_281" HPOS="862" VPOS="2264" WIDTH="260" HEIGHT="31" WC="0.96" CONTENT="motionärerna"/><SP WIDTH="21" VPOS="2264" HPOS="1122"/>
							<String ID="string_282" HPOS="1143" VPOS="2266" WIDTH="214" HEIGHT="35" WC="0.95" CONTENT="framhåller,"/><SP WIDTH="22" VPOS="2266" HPOS="1357"/>
							<String ID="string_283" HPOS="1379" VPOS="2268" WIDTH="74" HEIGHT="30" WC="0.96" CONTENT="ofta"/><SP WIDTH="20" VPOS="2268" HPOS="1453"/>
							<String ID="string_284" HPOS="1473" VPOS="2279" WIDTH="84" HEIGHT="20" WC="0.92" CONTENT="rena"/><SP WIDTH="21" VPOS="2279" HPOS="1557"/>
							<String ID="string_285" HPOS="1578" VPOS="2270" WIDTH="168" HEIGHT="40" WC="0.91" CONTENT="tillfällig-"/>
						</TextLine>
						<TextLine ID="line_34" HPOS="260" VPOS="2315" WIDTH="1484" HEIGHT="47">
							<String ID="string_286" HPOS="260" VPOS="2315" WIDTH="96" HEIGHT="29" WC="0.96" CONTENT="heter"/><SP WIDTH="17" VPOS="2315" HPOS="356"/>
							<String ID="string_287" HPOS="373" VPOS="2325" WIDTH="74" HEIGHT="19" WC="0.96" CONTENT="som"/><SP WIDTH="16" VPOS="2325" HPOS="447"/>
							<String ID="string_288" HPOS="463" VPOS="2317" WIDTH="103" HEIGHT="38" WC="0.96" CONTENT="avgör"/><SP WIDTH="16" VPOS="2317" HPOS="566"/>
							<String ID="string_289" HPOS="582" VPOS="2317" WIDTH="175" HEIGHT="29" WC="0.96" CONTENT="huruvida"/><SP WIDTH="16" VPOS="2317" HPOS="757"/>
							<String ID="string_290" HPOS="773" VPOS="2327" WIDTH="41" HEIGHT="19" WC="0.96" CONTENT="en"/><SP WIDTH="16" VPOS="2327" HPOS="814"/>
							<String ID="string_291" HPOS="830" VPOS="2317" WIDTH="166" HEIGHT="30" WC="0.96" CONTENT="donation"/><SP WIDTH="15" VPOS="2317" HPOS="996"/>
							<String ID="string_292" HPOS="1011" VPOS="2319" WIDTH="66" HEIGHT="29" WC="0.96" CONTENT="blir"/><SP WIDTH="17" VPOS="2319" HPOS="1077"/>
							<String ID="string_293" HPOS="1094" VPOS="2319" WIDTH="145" HEIGHT="31" WC="0.96" CONTENT="föremål"/><SP WIDTH="17" VPOS="2319" HPOS="1239"/>
							<String ID="string_294" HPOS="1256" VPOS="2320" WIDTH="54" HEIGHT="30" WC="0.96" CONTENT="för"/><SP WIDTH="15" VPOS="2320" HPOS="1310"/>
							<String ID="string_295" HPOS="1325" VPOS="2321" WIDTH="225" HEIGHT="41" WC="0.96" CONTENT="beskattning"/><SP WIDTH="15" VPOS="2321" HPOS="1550"/>
							<String ID="string_296" HPOS="1565" VPOS="2324" WIDTH="82" HEIGHT="29" WC="0.96" CONTENT="eller"/><SP WIDTH="14" VPOS="2324" HPOS="1647"/>
							<String ID="string_297" HPOS="1661" VPOS="2325" WIDTH="83" HEIGHT="29" WC="0.95" CONTENT="inte."/>
						</TextLine>
						<TextLine ID="line_35" HPOS="258" VPOS="2368" WIDTH="1486" HEIGHT="43">
							<String ID="string_298" HPOS="258" VPOS="2368" WIDTH="127" HEIGHT="40" WC="0.95" CONTENT="Många"/><SP WIDTH="16" VPOS="2368" HPOS="385"/>
							<String ID="string_299" HPOS="401" VPOS="2378" WIDTH="165" HEIGHT="30" WC="0.96" CONTENT="personer"/><SP WIDTH="19" VPOS="2378" HPOS="566"/>
							<String ID="string_300" HPOS="585" VPOS="2379" WIDTH="72" HEIGHT="20" WC="0.96" CONTENT="som"/><SP WIDTH="20" VPOS="2379" HPOS="657"/>
							<String ID="string_301" HPOS="677" VPOS="2370" WIDTH="63" HEIGHT="30" WC="0.96" CONTENT="har"/><SP WIDTH="17" VPOS="2370" HPOS="740"/>
							<String ID="string_302" HPOS="757" VPOS="2370" WIDTH="149" HEIGHT="31" WC="0.96" CONTENT="bestämt"/><SP WIDTH="19" VPOS="2370" HPOS="906"/>
							<String ID="string_303" HPOS="925" VPOS="2372" WIDTH="50" HEIGHT="39" WC="0.96" CONTENT="sig"/><SP WIDTH="18" VPOS="2372" HPOS="975"/>
							<String ID="string_304" HPOS="993" VPOS="2372" WIDTH="54" HEIGHT="29" WC="0.93" CONTENT="för"/><SP WIDTH="18" VPOS="2372" HPOS="1047"/>
							<String ID="string_305" HPOS="1065" VPOS="2375" WIDTH="49" HEIGHT="27" WC="0.92" CONTENT="atl"/><SP WIDTH="18" VPOS="2375" HPOS="1114"/>
							<String ID="string_306" HPOS="1132" VPOS="2373" WIDTH="200" HEIGHT="30" WC="0.96" CONTENT="överlämna"/><SP WIDTH="18" VPOS="2373" HPOS="1332"/>
							<String ID="string_307" HPOS="1350" VPOS="2384" WIDTH="42" HEIGHT="20" WC="0.96" CONTENT="en"/><SP WIDTH="19" VPOS="2384" HPOS="1392"/>
							<String ID="string_308" HPOS="1411" VPOS="2376" WIDTH="53" HEIGHT="29" WC="0.97" CONTENT="del"/><SP WIDTH="19" VPOS="2376" HPOS="1464"/>
							<String ID="string_309" HPOS="1483" VPOS="2385" WIDTH="42" HEIGHT="20" WC="0.96" CONTENT="av"/><SP WIDTH="19" VPOS="2385" HPOS="1525"/>
							<String ID="string_310" HPOS="1544" VPOS="2377" WIDTH="53" HEIGHT="29" WC="0.93" CONTENT="sin"/><SP WIDTH="19" VPOS="2377" HPOS="1597"/>
							<String ID="string_311" HPOS="1616" VPOS="2377" WIDTH="128" HEIGHT="30" WC="0.92" CONTENT="förmö-"/>
						</TextLine>
						<TextLine ID="line_36" HPOS="258" VPOS="2422" WIDTH="1487" HEIGHT="44">
							<String ID="string_312" HPOS="258" VPOS="2422" WIDTH="125" HEIGHT="39" WC="0.91" CONTENT="genhet"/><SP WIDTH="17" VPOS="2422" HPOS="383"/>
							<String ID="string_313" HPOS="400" VPOS="2423" WIDTH="53" HEIGHT="29" WC="0.96" CONTENT="till"/><SP WIDTH="18" VPOS="2423" HPOS="453"/>
							<String ID="string_314" HPOS="471" VPOS="2424" WIDTH="47" HEIGHT="29" WC="0.96" CONTENT="ett"/><SP WIDTH="17" VPOS="2424" HPOS="518"/>
							<String ID="string_315" HPOS="535" VPOS="2424" WIDTH="260" HEIGHT="39" WC="0.84" CONTENT="allmännyttigt"/><SP WIDTH="17" VPOS="2424" HPOS="795"/>
							<String ID="string_316" HPOS="812" VPOS="2425" WIDTH="162" HEIGHT="30" WC="0.96" CONTENT="ändamål"/><SP WIDTH="17" VPOS="2425" HPOS="974"/>
							<String ID="string_317" HPOS="991" VPOS="2426" WIDTH="134" HEIGHT="29" WC="0.96" CONTENT="känner"/><SP WIDTH="18" VPOS="2426" HPOS="1125"/>
							<String ID="string_318" HPOS="1143" VPOS="2427" WIDTH="29" HEIGHT="39" WC="0.96" CONTENT="ej"/><SP WIDTH="21" VPOS="2427" HPOS="1172"/>
							<String ID="string_319" HPOS="1193" VPOS="2427" WIDTH="51" HEIGHT="29" WC="0.83" CONTENT="lill"/><SP WIDTH="19" VPOS="2427" HPOS="1244"/>
							<String ID="string_320" HPOS="1263" VPOS="2428" WIDTH="421" HEIGHT="32" WC="0.91" CONTENT="skattekonsekvenserna"/><SP WIDTH="18" VPOS="2428" HPOS="1684"/>
							<String ID="string_321" HPOS="1702" VPOS="2441" WIDTH="43" HEIGHT="19" WC="0.95" CONTENT="av"/>
						</TextLine>
						<TextLine ID="line_37" HPOS="257" VPOS="2476" WIDTH="613" HEIGHT="40">
							<String ID="string_322" HPOS="257" VPOS="2478" WIDTH="48" HEIGHT="27" WC="0.96" CONTENT="att"/><SP WIDTH="17" VPOS="2478" HPOS="305"/>
							<String ID="string_323" HPOS="322" VPOS="2476" WIDTH="94" HEIGHT="29" WC="0.96" CONTENT="detta"/><SP WIDTH="14" VPOS="2476" HPOS="416"/>
							<String ID="string_324" HPOS="430" VPOS="2477" WIDTH="30" HEIGHT="39" WC="0.96" CONTENT="ej"/><SP WIDTH="19" VPOS="2477" HPOS="460"/>
							<String ID="string_325" HPOS="479" VPOS="2477" WIDTH="79" HEIGHT="29" WC="0.96" CONTENT="sker"/><SP WIDTH="14" VPOS="2477" HPOS="558"/>
							<String ID="string_326" HPOS="572" VPOS="2477" WIDTH="111" HEIGHT="29" WC="0.96" CONTENT="under"/><SP WIDTH="14" VPOS="2477" HPOS="683"/>
							<String ID="string_327" HPOS="697" VPOS="2478" WIDTH="173" HEIGHT="29" WC="0.96" CONTENT="livstiden."/>
						</TextLine>
					</TextBlock>
				</ComposedBlock>
			</PrintSpace>
		</Page>
	</Layout>
</alto>
