1871 2828
399 135 403 39 Bevillningsutskottets
818 133 218 30 betänkande
1052 141 41 20 nr
1108 132 41 28 34
1165 132 38 28 år
1221 131 82 28 1969
1579 131 18 28 9

763 271 179 34 Utskottet

161 379 153 30 Stiftelse
341 379 81 29 eller
452 376 326 39 sammanslutning,
808 384 74 21 som
909 375 63 29 har
1001 374 52 29 till
1080 372 250 39 huvudsakligt
1359 370 162 31 ändamål
1550 371 50 28 att

113 433 133 39 främja
268 433 106 29 barns
400 432 80 29 eller
504 431 172 39 ungdoms
699 430 86 29 vård
809 429 65 30 och
897 429 137 29 fostran
1057 428 81 29 eller
1161 425 209 39 utbildning,
1395 426 49 28 att
1469 424 131 39 främja

114 487 87 30 vård
216 496 43 20 av
273 485 202 31 behövande
491 485 221 39 ålderstigna,
731 483 105 40 sjuka
851 483 81 29 eller
949 483 87 38 lytta
1051 481 81 30 eller
1149 482 50 28 att
1214 479 132 40 främja
1360 478 240 39 vetenskaplig

115 539 253 40 undervisning
388 539 80 30 eller
490 538 193 39 forskning,
706 538 37 29 är
763 536 136 30 befriad
920 535 80 30 från
1018 535 88 30 både
1126 534 176 30 arvsskatt
1322 533 65 30 och
1407 532 193 40 gåvoskatt.

116 594 121 30 Andra
256 593 165 30 stiftelser
442 593 65 30 och
527 591 357 39 sammanslutningar
904 590 37 29 är
961 589 71 30 inte
1051 588 156 30 befriade
1226 587 80 30 från
1326 587 175 29 arvsskatt
1520 594 80 21 men

118 648 156 29 däremot
290 647 81 29 från
387 646 191 40 gåvoskatt,
595 654 56 21 om
668 645 100 29 deras
784 643 164 30 ändamål
963 641 281 39 huvudsakligen
1260 641 37 29 är
1313 642 49 27 att
1378 639 130 36 främja
1524 638 78 29 reli-

115 702 106 39 giösa,
250 700 220 40 välgörande,
501 699 138 34 sociala,
668 698 175 40 politiska,
873 696 250 39 konstnärliga,
1153 694 197 39 idrottsliga
1379 694 81 29 eller
1491 692 110 30 andra

118 755 145 30 därmed
281 754 203 40 jämförliga
504 753 190 30 kulturella
714 752 81 30 eller
817 751 100 39 eljest
937 749 267 40 allmännyttiga
1224 747 173 31 ändamål.
1418 747 185 29 Arvsskat-

116 811 60 27 ten
197 808 101 40 utgår
317 809 11 28 i
350 809 100 29 dessa
470 807 62 30 fall
552 806 106 40 enligt
681 805 210 30 skatteklass
912 804 47 29 III
981 804 64 29 och
1066 804 37 28 är
1125 803 93 38 lägre
1240 803 44 28 än
1305 801 54 30 för
1380 802 223 29 testamenta-

116 863 98 30 riska
228 862 261 30 förordnanden
504 862 11 28 i
530 860 200 31 allmänhet.

163 917 14 29 I
194 917 221 29 motionerna
431 915 28 30 I:
477 915 39 30 73
536 914 64 30 och
618 914 44 30 II:
679 914 39 30 95
736 913 106 40 yrkar
859 912 261 30 motionärerna
1137 909 220 40 lagstiftning
1375 918 41 20 av
1433 907 167 31 innebörd

120 973 50 27 att
187 971 152 29 flertalet
357 978 41 21 av
414 970 42 29 de
474 968 175 34 stiftelser,
669 976 73 21 som
759 975 49 21 nu
825 967 37 29 är
879 965 156 30 befriade
1052 964 123 30 endast
1192 963 80 30 från
1289 963 191 39 gåvoskatt,
1498 961 106 30 också

120 1024 90 30 skall
231 1023 131 30 befrias
385 1022 80 30 från
488 1022 185 29 arvsskatt.
705 1021 5 28 I
732 1020 220 30 motionerna
974 1019 28 29 I:
1020 1018 62 30 328
1106 1018 65 30 och
1193 1017 45 30 II:
1255 1016 63 30 374
1340 1015 193 31 framställs
1556 1016 48 28 ett

118 1078 160 40 yrkande
300 1087 56 20 om
379 1076 167 30 skrivelse
568 1076 54 29 till
644 1074 125 39 Kungl.
792 1073 105 39 Maj:t
920 1082 42 20 av
986 1081 133 21 samma
1142 1070 179 30 innebörd.
1345 1070 260 29 Motionärerna

120 1132 102 29 anför
245 1133 50 28 att
318 1130 195 30 direktiven
535 1129 55 30 för
612 1126 486 41 kapitalskatteberedningen
1121 1125 37 29 är
1180 1123 293 34 vittomfattande,
1498 1122 106 30 vilket

119 1186 100 39 tyder
234 1184 45 40 på
295 1186 49 28 att
360 1183 233 39 utredningen
609 1182 158 29 kommer
784 1182 49 28 att
848 1182 36 28 ta
900 1179 167 31 avsevärd
1082 1178 61 30 tid.
1160 1178 259 30 Motionärerna
1436 1185 100 20 anser
1554 1177 50 28 att

121 1239 86 39 gåva
225 1239 64 30 och
307 1247 69 25 arv,
396 1247 74 20 som
488 1236 155 30 tillfaller
662 1245 43 20 en
722 1235 65 29 och
805 1243 134 21 samma
958 1233 156 34 stiftelse,
1132 1233 72 28 inte
1221 1231 62 29 bör
1301 1230 191 30 behandlas
1511 1230 94 29 olika

121 1293 12 30 i
152 1291 314 32 skattehänseende
485 1290 65 30 och
569 1291 50 28 att
637 1298 43 20 en
699 1288 149 39 ändring
866 1296 42 21 av
927 1287 159 39 gällande
1103 1285 261 30 bestämmelser
1383 1284 61 29 bör
1463 1284 144 29 komma

122 1347 53 29 till
190 1345 103 31 stånd
308 1346 147 29 snarast.

168 1400 117 30 Under
302 1407 121 22 senare
440 1398 37 30 år
493 1398 64 29 har
573 1395 380 40 bevillningsutskottet
969 1393 202 40 upprepade
1188 1392 125 40 gånger
1331 1391 188 30 behandlat
1536 1399 72 21 mo-

123 1453 277 40 tionsyrkanden
418 1461 56 21 om
492 1452 92 29 olika
601 1450 188 39 ändringar
806 1449 150 29 rörande
973 1447 359 38 arvsbeskattningen.
1351 1446 176 29 Utskottet
1544 1445 64 28 har

124 1506 193 31 emellertid
338 1506 80 29 med
439 1504 211 39 hänvisning
672 1503 52 29 till
747 1502 66 30 den
835 1500 188 41 planerade
1046 1500 64 30 och
1134 1499 106 31 sedan
1262 1499 38 29 år
1325 1498 81 31 1967
1431 1497 178 41 pågående

124 1561 234 38 utredningen
370 1560 96 29 inom
480 1557 267 40 ifrågavarande
762 1555 141 30 område
917 1554 157 40 avstyrkt
1088 1553 229 30 motionerna.

168 1614 66 31 Vid
250 1613 210 40 föregående
475 1612 56 30 års
546 1610 143 40 riksdag
705 1610 159 29 erinrade
880 1609 170 29 utskottet
1067 1617 56 20 om
1139 1609 49 28 att
1205 1605 404 31 koncentrationsutred-

126 1669 128 39 ningen
275 1668 70 29 fäst
364 1664 360 42 uppmärksamheten
743 1663 45 40 på
809 1662 230 30 stiftelsernas
1059 1661 65 29 roll
1143 1661 58 29 vid
1221 1658 389 42 förmögenhetsfördel-

127 1723 128 39 ningen
281 1721 101 34 (SOU
406 1719 151 34 1968:7)
584 1719 64 29 och
669 1718 86 29 fann
777 1718 49 28 att
848 1716 66 30 den
935 1716 11 29 i
969 1715 169 30 samband
1158 1714 146 30 härmed
1325 1713 101 31 förda
1449 1713 160 29 debatten

127 1776 149 30 manade
292 1775 53 29 till
364 1773 221 39 försiktighet
602 1773 11 29 i
631 1771 98 39 fråga
746 1780 56 20 om
820 1770 160 39 åtgärder
999 1778 74 20 som
1090 1769 111 29 måste
1218 1768 114 29 tolkas
1351 1776 73 21 som
1442 1769 47 27 ett
1506 1769 106 36 ytter-

127 1830 107 39 ligare
259 1827 207 31 befästande
491 1836 41 20 av
559 1825 231 30 stiftelsernas
818 1822 302 31 skatteförmåner.
1150 1822 136 29 Sådana
1312 1820 159 40 åtgärder
1500 1820 112 29 skulle

128 1885 86 28 utan
232 1882 104 30 tvivel
356 1881 104 30 också
478 1879 106 31 binda
604 1878 232 39 utredningen
855 1876 177 40 angående
1052 1875 348 38 arvsbeskattningen
1420 1874 64 29 och
1504 1873 109 29 ändra

129 1936 342 38 förutsättningarna
490 1933 54 30 för
564 1933 77 29 dess
661 1932 126 29 arbete.
807 1931 13 29 I
840 1930 193 30 direktiven
1054 1929 54 30 för
1126 1927 486 40 kapitalskatteberedningen

131 1998 105 32 anges
254 1990 45 29 bl.
320 1999 28 19 a.
369 1990 50 28 att
438 1997 42 20 en
500 1987 131 29 central
650 1984 139 41 uppgift
809 1985 36 29 är
866 1985 50 28 att
934 1984 180 38 klarlägga
1134 1982 235 39 ändringarna
1388 1981 10 29 i
1419 1981 195 38 förmögen-

129 2044 215 30 hetstillväxt
368 2042 65 30 och
457 2038 461 42 förmögenhetsfördelning
941 2037 65 30 och
1030 2038 49 28 att
1102 2035 235 39 beredningen
1360 2035 62 29 bör
1446 2035 169 38 överväga

131 2107 56 21 om
207 2097 113 30 bättre
341 2093 346 33 överensstämmelse
707 2093 71 29 kan
798 2091 63 30 nås
881 2091 127 30 mellan
1030 2098 92 22 arvs-
1143 2089 65 30 och
1229 2088 355 40 gåvobeskattningen
1604 2087 12 29 i

131 2152 100 39 fråga
252 2160 58 21 om
331 2150 93 29 vissa
447 2146 368 39 sammanslutningar.
837 2163 45 3 —
902 2144 116 40 Enligt
1040 2143 67 30 vad
1130 2143 169 30 utskottet
1322 2142 173 30 inhämtat
1519 2141 97 30 kom-

132 2215 74 20 mer
219 2204 236 38 beredningen
470 2203 49 29 att
534 2201 194 39 framlägga
743 2200 58 30 sitt
814 2198 220 31 betänkande
1049 2197 110 30 under
1175 2197 37 29 år
1229 2196 93 30 1970.

176 2259 68 30 Till
262 2258 77 30 stöd
356 2257 54 30 för
426 2255 205 41 yrkandena
648 2255 11 29 i
675 2253 219 31 motionerna
909 2253 65 29 har
991 2252 70 29 inte
1079 2252 183 38 åberopats
1280 2250 108 39 några
1405 2249 212 38 omständig-

132 2314 98 29 heter
251 2321 74 21 som
345 2311 61 29 bör
427 2308 181 32 föranleda
629 2308 123 30 ändrat
772 2306 225 31 bedömande.
1018 2305 176 30 Utskottet
1215 2303 180 40 avstyrker
1418 2302 131 32 således
1571 2302 46 29 bi-

134 2368 61 29 fall
210 2367 53 29 till
277 2365 229 30 motionerna.

179 2472 78 32 Med
270 2471 212 39 hänvisning
494 2470 53 29 till
562 2469 57 30 det
633 2467 148 31 anförda
794 2467 201 30 hemställer
1010 2466 169 29 utskottet

500 2525 50 27 att
563 2522 186 39 riksdagen
764 2521 113 29 avslår
