2232 2616
734 190 253 33 Stalsutskotlets
1009 188 168 32 utlåtande
1203 187 49 31 Nr
1275 189 47 28 71.
1802 183 19 29 3

941 541 66 38 Nr
1036 540 67 39 71.

691 648 125 28 Ankom
840 647 48 28 till
912 646 188 36 riksdagens
1123 644 104 28 kansli
1252 644 60 27 den
1337 643 38 27 20
1399 642 81 37 april
1507 641 77 28 1923
1609 641 40 27 kl.
1677 641 33 27 11
1737 640 20 27 f.
1784 649 40 18 m.

545 741 194 37 Utlåtande
766 741 14 35 i
807 739 195 48 anledning
1031 751 44 23 av
1097 737 131 48 Kungl.
1250 736 130 49 Maj:ts
1394 734 228 49 proposition
1641 733 185 48 angående

642 800 157 48 befrielse
828 799 64 48 för
931 805 337 43 regementspastorn
1324 795 389 47 (amiralitetspastorn)
1761 793 61 35 vid

638 862 150 47 flottans
828 860 130 36 station
999 859 14 35 i
1054 858 223 36 Karlskrona
1303 856 92 47 från
1423 855 199 48 skyldighet
1649 860 50 29 att
1726 853 100 35 hålla

636 920 358 49 pastorsexpedition.
1522 913 74 49 (1:a
1625 912 98 49 avd.)

336 1026 62 37 Uti
435 1039 45 23 en
509 1024 56 37 till
593 1024 205 49 riksdagen
827 1023 159 45 avlåten,
1017 1021 73 37 den
1120 1022 20 34 9
1172 1033 96 23 mars
1300 1021 97 34 1923
1426 1016 238 50 dagtecknad
1692 1028 136 37 propo-

233 1078 111 37 sition
385 1078 57 48 (nr
473 1077 98 48 154),
609 1076 127 36 vilken
766 1077 55 35 för
849 1073 271 39 förberedande
1149 1071 232 49 behandling
1408 1069 196 38 hänvisats
1632 1068 57 36 till
1717 1073 111 31 stats-

232 1130 197 47 utskottet,
459 1130 67 36 har
554 1129 141 49 Kungl.
726 1127 115 50 Maj:t,
870 1126 119 37 under
1018 1124 237 50 åberopande
1283 1137 45 22 av
1359 1123 64 36 det
1450 1122 63 36 vid
1541 1120 287 51 propositionen

234 1182 139 50 fogade
415 1180 416 51 statsrådsprotokollet
873 1184 88 31 över
999 1175 328 40 försvarsärenden
1355 1175 60 37 för
1443 1187 144 24 samma
1615 1173 87 48 dag,
1733 1172 96 36 före-

234 1235 113 48 slagit
387 1233 204 48 riksdagen
628 1232 188 49 medgiva,
846 1236 56 31 att
930 1233 373 45 regementspastorn
1333 1223 405 53 (amiralitetspastorn)
1767 1224 61 35 vid

233 1286 151 37 flottans
417 1285 149 37 station
605 1285 13 36 i
661 1284 230 36 Karlskrona
924 1283 139 36 befrias
1093 1282 84 36 från
1205 1279 221 50 skyldighet
1453 1284 56 30 att
1536 1277 100 37 hålla
1663 1282 166 43 pastors-

234 1337 227 50 expedition.

337 1388 240 38 Beträffande
618 1387 255 49 utredningen
909 1387 12 35 i
950 1385 156 37 ärendet
1133 1385 57 36 får
1217 1383 186 37 utskottet
1431 1381 158 37 hänvisa
1617 1381 56 35 till
1702 1379 128 37 åbero-

235 1441 96 51 pade
359 1440 425 50 statsrådsprotokollet.

339 1545 203 46 Utskottet,
585 1558 80 23 som
705 1543 82 38 icke
828 1543 81 36 haft
945 1544 121 46 något
1093 1546 56 31 att
1177 1540 123 37 erinra
1327 1543 79 32 mot
1431 1537 142 49 Kungl.
1603 1536 127 49 Maj:ts
1760 1536 71 36 för-

236 1599 95 48 slag,
360 1598 57 36 får
443 1597 209 47 hemställa,

738 1703 54 32 att
833 1697 204 49 riksdagen
1074 1699 60 33 må
1162 1694 188 50 medgiva,
1380 1698 54 31 att
1460 1696 372 45 regementspastorn

635 1748 404 52 (amiralitetspastorn)
1080 1748 64 36 vid
1186 1747 150 37 flottans
1377 1746 139 36 station
1558 1745 12 36 i
1597 1744 236 37 Karlskrona

636 1803 139 38 befrias
803 1803 83 36 från
914 1800 219 50 skyldighet
1161 1805 54 31 att
1243 1799 100 36 hålla
1369 1796 383 51 pastorsexpedition.

342 1873 218 38 Stockholm
589 1873 74 37 den
691 1874 47 35 20
768 1871 94 50 april
893 1872 109 35 1923.

751 1976 53 36 På
832 1974 302 38 statsutskottets
1161 1978 156 43 vägnar:

779 2080 37 37 S.
845 2079 47 37 H.
922 2075 371 40 KVARNZELIUS.

345 2274 220 30 Närvarande:
590 2282 33 20 se
645 2273 102 29 under
771 2271 166 29 utlåtande
960 2279 38 19 nr
1022 2270 48 28 70.
