1906 2856
524 147 114 29 Första
655 147 223 35 lagutskottets
896 147 164 29 utlåtande
1077 147 48 29 Nr
1149 151 49 26 21.
1594 145 19 31 3

106 233 89 38 ligen
208 233 193 40 uppställde
413 245 39 21 en
465 233 145 39 generell
623 233 104 32 sådan
740 233 179 38 åtalsregel
933 233 54 32 för
998 232 91 34 brott
1100 245 41 20 av
1156 233 92 32 detta
1262 233 84 38 slag.
1389 232 76 33 Med
1478 232 131 39 hänsyn

107 283 118 33 härtill
245 284 101 32 borde
367 283 61 33 den
451 283 53 33 för
525 284 92 32 vissa
638 282 315 34 misshandelsbrott
974 282 156 39 gällande
1153 282 235 39 grundsatsen,
1411 285 51 30 att
1484 282 124 32 allmän

107 333 161 40 åklagare
286 337 81 29 utan
385 334 115 32 vidare
519 333 84 39 ägde
621 333 146 39 ingripa,
787 333 42 32 då
847 333 123 32 brottet
989 333 149 32 förövats
1157 333 58 32 vid
1235 332 119 33 sådant
1371 332 140 33 tillfälle
1529 332 81 33 eller

106 384 19 32 å
141 385 104 32 sådan
262 388 52 29 ort
330 396 68 21 som
413 384 13 32 i
444 385 39 31 11
500 383 79 39 kap.
597 385 19 32 9
633 383 81 33 eller
730 384 40 32 15
789 383 18 40 8
824 382 224 41 omförmäles,
1065 383 37 32 få
1118 382 216 39 tillämpning
1349 382 126 39 jämväl
1491 383 21 32 å
1527 382 84 32 före-

106 434 146 34 varande
275 435 74 38 slag
371 446 41 21 av
433 434 101 33 brott.

151 485 19 32 I
189 485 102 39 fråga
309 497 51 21 om
379 485 55 32 det
451 489 152 28 närmare
622 483 196 33 utförandet
836 496 42 20 av
896 483 261 33 motionärernas
1178 483 76 32 skäl
1273 483 55 32 får
1346 482 165 33 utskottet
1529 482 79 33 hän-

107 536 72 32 visa
197 535 54 33 till
268 535 214 33 motionerna.

149 635 368 34 Straffbestämmelsen
540 635 139 34 rörande
700 635 59 33 hot
779 635 12 32 i
813 636 39 32 15
874 635 78 38 kap.
977 635 40 32 23
1041 634 18 39 8
1082 634 62 33 har
1164 634 91 32 varit
1274 634 205 33 oförändrad
1499 633 111 32 alltse-

107 691 62 28 dan
198 687 220 39 strafflagens
445 686 166 33 tillkomst
639 688 97 31 1864.
784 686 44 38 Ej
855 686 105 33 heller
986 686 199 38 stadgandet
1213 697 51 20 om
1293 685 158 32 åtalsrätt
1479 685 52 32 för
1560 684 50 32 så-

109 738 81 34 dant
215 738 91 32 brott
331 738 60 32 har
417 737 179 39 undergått
622 738 110 37 någon
760 737 152 39 ändring.
962 736 254 33 Bestämmelser
1245 748 40 20 av
1313 747 125 20 samma
1465 734 147 33 innehåll

104 791 167 35 upptogos
290 788 12 32 i
320 787 271 39 lagkommitténs
612 787 132 39 förslag
760 786 54 33 till
832 786 125 33 allmän
976 786 219 38 kriminallag
1218 784 122 41 (1839)
1364 785 60 32 och
1443 784 170 39 lagbered-

104 838 139 38 ningens
269 838 129 39 förslag
421 838 55 32 till
496 837 190 34 straffbalk
713 836 137 41 (1844).
896 837 113 34 Såvitt
1029 836 167 33 utskottet
1216 836 63 33 har
1300 836 53 38 sig
1373 835 124 33 bekant
1517 835 44 32 ha
1582 834 30 38 ej

105 888 104 35 heller
228 888 132 39 förslag
377 900 51 20 om
447 888 142 40 ändring
609 889 12 32 i
640 888 221 33 förevarande
881 887 250 34 bestämmelser
1149 887 146 39 tidigare
1316 886 230 33 framkommit
1564 886 49 32 in-

105 951 51 20 om
178 939 191 39 riksdagen.

150 989 238 40 Stadgandena
408 990 12 31 i
442 991 39 31 15
504 989 79 40 kap.
606 991 40 31 22
671 989 19 40 $&
711 993 87 30 samt
821 990 49 32 dit
892 989 195 39 hänförliga
1109 988 250 33 bestämmelser
1380 1000 51 20 om
1454 987 160 33 åtalsrätt

105 1040 42 32 ha
172 1040 148 33 däremot
340 1040 91 33 varit
453 1041 140 32 föremål
615 1040 55 33 för
690 1040 192 39 upprepade
904 1039 400 39 lagstiftningsåtgärder
1325 1039 59 32 och
1408 1038 130 38 förslag
1559 1037 55 32 till

106 1091 136 33 sådana.
284 1090 49 33 På
350 1091 110 38 grund
478 1103 43 20 av
539 1091 56 33 det
610 1090 157 33 inbördes
785 1090 196 34 sambandet
997 1089 122 33 mellan
1139 1089 68 33 alla
1228 1090 97 33 dessa
1344 1088 206 39 stadganden
1570 1107 45 3 —

104 1141 182 39 härvidlag
304 1142 54 32 må
376 1153 46 21 nu
442 1141 118 34 endast
576 1142 138 39 erinras,
735 1145 53 29 att
803 1142 123 32 sådant
944 1141 68 38 hot,
1031 1152 69 21 som
1119 1140 269 38 straffbelägges
1404 1140 12 31 i
1436 1140 41 31 23
1497 1138 29 39 $,
1545 1138 68 32 kan

106 1192 169 33 innefatta
292 1193 116 32 försök
422 1193 54 32 till
492 1193 121 33 sådant
628 1194 115 38 tvång,
760 1205 69 21 som
845 1205 94 21 avses
955 1193 13 31 i
984 1194 40 30 22
1044 1192 17 39 $
1081 1194 16 30 1
1116 1204 107 27 mom.,
1241 1195 87 29 samt
1343 1194 51 30 att
1410 1191 120 33 sådant
1546 1190 66 32 för-

105 1242 60 32 sök
182 1244 12 31 i
211 1243 93 32 vissa
322 1242 63 33 fall
403 1247 38 28 är
458 1243 108 32 såsom
584 1242 122 33 sådant
724 1242 183 33 straffbart
927 1242 106 39 enligt
1051 1243 39 31 22
1113 1241 18 40 $
1151 1243 17 30 2
1190 1253 97 21 mom.
1306 1260 46 5 —
1369 1241 62 32 vill
1450 1240 165 32 utskottet

105 1293 10 31 i
134 1293 136 33 korthet
287 1293 161 39 redogöra
466 1293 53 33 för
538 1294 98 32 dessa
653 1293 399 39 lagstiftningsåtgärder
1071 1293 60 32 och
1151 1292 141 38 förslag.

150 1344 269 39 Ursprungligen
438 1343 85 33 hade
543 1344 39 32 22
603 1343 19 40 8
643 1356 128 20 samma
788 1343 128 40 lydelse
935 1355 69 21 som
1021 1343 194 32 nuvarande
1237 1344 16 31 1
1276 1354 97 21 mom.
1392 1342 121 38 Någon
1533 1343 81 30 mot-

105 1395 174 38 svarighet
298 1394 54 33 till
374 1395 193 32 nuvarande
587 1395 17 31 2
625 1406 109 27 mom.,
753 1395 191 38 varigenom
968 1394 115 32 försök
1102 1394 12 32 i
1135 1394 93 32 vissa
1250 1393 64 32 fall
1335 1393 155 38 straffas,
1514 1392 98 32 fanns

106 1444 42 33 då
165 1444 42 39 ej.
248 1444 121 39 Enligt
385 1445 42 32 24
446 1445 19 39 8
482 1456 80 21 voro
580 1445 92 33 brott
689 1449 69 29 mot
778 1446 40 31 22
838 1445 18 39 $
877 1458 26 20 s.
922 1444 34 32 k.
974 1444 273 39 angivelsebrott.
1288 1443 90 33 Från
1399 1443 107 32 denna
1524 1441 90 39 regel

105 1495 134 39 gjordes
257 1507 117 27 genom
393 1496 58 38 lag
470 1495 61 33 den
550 1496 19 32 9
589 1495 73 39 juni
684 1496 85 32 1893
790 1495 55 33 det
862 1495 217 38 undantaget,
1100 1498 52 29 att
1169 1494 126 33 brottet
1313 1493 108 33 skulle
1441 1493 93 38 ligga
1555 1504 58 20 un-

106 1546 58 32 der
187 1546 144 33 allmänt
352 1546 80 38 åtal,
458 1546 43 32 då
522 1558 117 26 genom
663 1546 185 33 detsamma
871 1546 110 37 någon
1006 1545 150 38 tvingats
1180 1548 53 29 att
1257 1544 135 38 deltaga
1415 1544 13 31 i
1453 1543 160 32 arbetsin-

106 1596 149 33 ställelse
273 1596 81 33 eller
371 1596 153 33 hindrats
543 1600 52 29 att
612 1597 119 39 återgå
748 1596 55 32 till
822 1596 140 33 arbetet.
1004 1595 124 33 Genom
1148 1595 59 39 lag
1225 1595 61 33 den
1308 1595 41 32 28
1368 1594 67 38 maj
1458 1594 82 32 1897
1563 1597 51 28 ut-

105 1647 163 38 vidgades
287 1647 208 38 undantaget
513 1646 54 33 till
588 1650 52 29 att
659 1658 78 21 avse
757 1646 126 39 jämväl
906 1647 55 32 det
981 1646 74 39 fall,
1077 1650 52 30 att
1147 1646 110 38 någon
1279 1644 152 33 hindrats
1454 1647 51 30 att
1524 1649 90 27 över-

106 1701 79 34 taga
205 1697 152 39 erbjudet
375 1697 123 34 arbete.

150 1748 123 38 Någon
293 1748 172 38 ändring
452 1741 20 51 i
485 1748 39 32 22
545 1747 19 40 8
583 1748 86 33 hade
688 1748 122 33 dittills
828 1748 74 32 icke
923 1752 60 34 ägt
1003 1760 83 20 rum.
1127 1747 68 32 Vid
1219 1747 83 32 1899
1323 1747 56 31 års
1400 1745 138 38 riksdag
1557 1756 57 21 an-

106 1801 77 35 togo
206 1798 184 33 emellertid
412 1798 88 33 båda
520 1798 182 34 kamrarna
724 1802 47 29 ett
792 1799 12 31 i
824 1798 103 33 väckt
947 1798 123 33 motion
1097 1796 72 41 (II:
1193 1796 58 40 28)
1280 1797 172 38 framlagt,
1478 1808 43 21 av
1543 1796 71 37 lag-

106 1849 165 32 utskottet
297 1847 78 41 (utl.
396 1861 41 20 nr
458 1848 58 41 18)
542 1849 173 39 tillstyrkt
737 1849 140 39 förslag,
899 1853 52 28 att
973 1849 54 32 till
1048 1849 40 31 22
1114 1848 18 39 $
1157 1848 110 32 skulle
1287 1848 98 37 fogas
1408 1850 47 29 ett
1478 1847 17 31 2
1517 1858 98 20 mom.

106 1910 42 21 av
167 1899 151 38 följande
335 1899 143 39 lydelse:
522 1899 96 38 »Lag
639 1911 128 21 samma
787 1911 89 26 vare,
898 1899 61 32 där
977 1911 85 26 man,
1084 1900 44 37 på
1148 1901 69 29 sätt
1235 1910 45 20 nu
1299 1903 38 27 är
1356 1901 87 35 sagt,
1464 1896 153 33 försöker

107 1950 118 37 tvinga
248 1950 111 38 någon
380 1949 55 33 till
459 1949 201 39 deltagande
682 1950 12 31 i
718 1949 297 33 arbetsinställelse
1039 1949 80 32 eller
1144 1949 120 31 hindra
1290 1949 109 38 någon
1422 1951 53 29 att
1499 1947 118 37 återgå

107 1999 53 32 till
183 1999 113 32 arbete
319 2000 81 31 eller
421 2003 53 29 att
495 2003 161 35 övertaga
678 2000 153 37 erbjudet
851 2000 145 32 arbete.»
1041 1998 129 33 Försök
1194 1999 55 32 till
1271 1999 105 37 tvång
1400 1997 108 33 skulle
1533 1997 82 32 såle-

107 2050 55 32 des
184 2050 12 31 i
220 2050 96 32 dessa
336 2050 64 32 fall
420 2050 145 32 straffas
588 2050 71 33 lika
678 2050 75 33 med
776 2050 55 33 det
853 2049 213 33 fullbordade
1085 2049 136 33 brottet.
1240 2068 46 4 —
1307 2048 184 38 Samtidigt
1509 2047 108 33 beslöt

109 2100 181 39 riksdagen
323 2101 54 32 för
410 2101 52 32 sin
493 2100 55 33 del
581 2101 145 38 ändring
758 2101 12 32 i
794 2102 41 31 24
861 2100 18 40 8
902 2112 43 21 av
966 2100 169 39 innebörd,
1159 2103 52 30 att
1231 2099 91 33 brott
1342 2099 108 38 enligt
1472 2098 53 33 det
1548 2109 69 27 nya

108 2151 17 30 2
146 2163 97 20 mom.
263 2152 12 32 i
295 2152 39 31 22
356 2151 18 39 8
395 2151 109 34 skulle
522 2151 82 33 höra
621 2152 106 32 under
747 2151 141 33 allmänt
909 2151 80 32 åtal.
1031 2151 99 32 Brott
1151 2150 107 38 enligt
1286 2151 8 31 I
1316 2161 97 21 mom.
1435 2149 108 33 skulle
1565 2149 51 31 så-

107 2213 68 19 som
200 2201 94 33 förut
315 2201 80 32 höra
417 2202 105 32 under
542 2202 142 32 allmänt
707 2202 80 38 åtal,
811 2202 42 32 då
876 2213 117 27 genom
1018 2201 125 33 brottet
1164 2201 110 38 någon
1298 2200 152 38 tvingats
1472 2199 54 32 till
1550 2198 66 33 del-

108 2251 145 38 tagande
275 2252 12 31 i
309 2252 298 32 arbetsinställelse
631 2252 82 32 eller
735 2252 152 32 hindrats
910 2255 52 30 att
982 2252 117 37 återgå
1123 2251 54 32 till
1199 2251 128 32 arbetet
1349 2250 82 33 eller
1454 2253 51 29 att
1525 2254 91 28 över-

109 2305 79 34 taga
207 2301 153 38 erbjudet
377 2302 112 32 arbete
506 2321 45 3 —
570 2302 30 32 d.
621 2314 31 20 v.
673 2315 25 19 s.
718 2302 188 32 fullbordat
924 2302 91 32 brott
1034 2313 42 21 av
1097 2301 55 32 det
1173 2301 76 38 slag
1269 2312 68 21 som
1358 2299 186 34 straffades
1565 2299 51 32 så-

109 2363 68 20 som
199 2352 114 32 försök
332 2352 105 37 enligt
468 2353 6 30 2
495 2363 96 22 mom.
609 2371 45 3 —
672 2364 74 20 men
765 2351 96 38 eljest
879 2363 82 20 vara
979 2351 274 38 angivelsebrott.
1271 2370 45 4 —
1334 2350 72 32 Den
1425 2362 44 20 av
1487 2349 129 33 riksda-

110 2413 63 26 gen
197 2401 171 32 beslutade
392 2401 97 38 lagen
512 2401 198 33 utfärdades
733 2413 42 20 av
800 2401 128 38 Kungl.
953 2401 102 38 Maj:t
1079 2401 60 32 den
1166 2402 39 31 10
1230 2400 63 39 juli
1318 2401 84 31 1899
1432 2398 78 41 (den
1534 2412 26 20 s.
1583 2399 34 32 k.

105 2449 261 41 3karpslagen).

1653 642 143 27 Historik.
