2177 2544
364 160 37 27 12
812 159 104 32 Stats-
924 161 168 33 Utskottets
1123 157 170 39 Utlåtande
1316 165 64 32 N:o
1403 166 50 32 10.

318 243 256 49 sjelfständigt
616 246 237 37 embetsverk
894 261 106 23 anses
1041 269 48 4 —
1132 251 84 36 med
1252 252 258 37 bibehållande
1546 253 40 37 af
1609 255 71 35 den
1710 252 231 58 tjenstegrad

321 294 67 35 och
432 295 179 48 aflöning,
656 297 70 35 han
770 299 154 35 innehar
964 299 93 36 efter
1085 300 202 37 förändrad
1319 303 300 50 arbetsordning,
1648 306 106 37 sköta
1783 308 45 36 de
1857 310 84 36 med

320 345 165 45 tjensten
514 346 181 36 förenade
724 350 184 44 göromål;

456 402 56 29 att
546 397 83 35 med
659 399 146 35 embete
836 401 89 34 eller
954 402 116 44 tjenst
1098 403 8 33 i
1138 401 454 51 General-poststyrelsen
1617 407 80 36 icke
1716 412 58 32 må
1789 408 150 38 förenas

320 458 119 22 annan
483 447 116 46 tjenst
641 450 20 32 å
701 449 128 44 rikets,
873 451 231 47 Riksdagens
1134 453 90 35 eller
1262 453 197 36 kommuns
1493 460 86 38 stat,
1608 458 32 45 ej
1671 458 117 36 heller
1817 474 121 22 annan

320 496 366 49 tjenstebefattning,
728 500 85 35 med
849 501 145 35 mindre
1024 502 69 35 den
1122 504 118 34 finnes
1269 504 82 34 icke
1381 517 86 22 vara
1497 505 188 47 hinderlig
1714 508 59 36 för
1801 511 138 45 fullgö-

320 546 115 35 rande
478 546 38 35 af
555 549 298 48 tjenstgöringen
896 552 7 33 i
947 553 204 44 styrelsen;
1195 553 93 35 dock
1317 559 54 30 att
1398 555 236 46 tjensteman,
1665 571 79 23 som
1775 561 60 34 vid
1867 562 70 36 den

317 609 73 35 nya
426 598 342 49 löneregleringens
800 601 222 35 inträdande
1051 602 114 36 redan
1197 604 156 35 innehar
1380 605 115 46 tjenst
1525 611 102 30 utom
1658 611 195 46 styrelsen,
1883 617 58 30 må

319 646 217 37 densamioa
578 649 202 44 bibehålla,
815 654 39 31 så
884 651 110 47 länge
1026 652 71 35 den
1129 654 76 34 icke
1235 661 40 27 är
1304 654 56 35 för
1388 656 298 50 tjenstgöringen
1717 660 10 34 i
1757 663 181 46 styrelsen

320 697 205 48 hinderlig;

456 754 54 30 att
552 750 252 48 aflöningarne
835 751 56 35 för
921 751 475 52 Gencral-poststyrelsens
1429 757 156 35 embets-
1614 760 70 34 och
1714 760 224 46 tjenstemän

318 804 97 29 samt
449 799 166 48 betjente
645 800 162 37 fördelas
837 803 10 34 i
876 803 60 34 lön
971 803 66 35 och
1067 804 488 50 tjenstgöringspenningar,
1585 809 127 35 hvilka
1741 823 130 25 senare
1902 813 37 35 få

319 850 185 46 uppbäras
546 850 134 36 endast
720 851 59 35 för
815 853 71 35 den
918 854 68 42 tid,
1017 854 182 45 tjenstens
1229 855 242 37 innehafvare
1502 859 186 46 verkligen
1719 857 220 57 tjenstgjort

316 900 90 33 eller
435 901 157 46 åtnjutit
622 908 190 37 semester,
843 916 81 22 men
956 904 102 35 skola
1088 904 58 35 för
1175 905 71 35 den
1276 906 68 44 tid,
1367 907 70 35 han
1465 909 106 46 eljest
1592 910 96 34 varit
1707 909 82 37 från
1811 909 124 55 tjenst-

315 951 135 46 göring
478 950 157 44 befriad,
668 955 87 43 utgå
783 953 56 35 till
870 954 81 43 den,
980 967 81 22 som
1092 956 163 46 tjensten
1287 955 192 46 förrättat;

452 1007 55 28 att
541 1001 85 43 den,
655 1015 76 22 som
761 1002 38 35 af
824 1004 177 46 sjukdom
1031 1005 151 36 hindras
1211 1012 55 29 att
1295 1009 56 33 sin
1381 1008 112 47 tjenst
1522 1008 170 46 förrätta,
1723 1024 87 34 eger
1840 1025 94 35 upp-

317 1050 87 34 bära
433 1051 81 34 hela
544 1052 120 44 lönen,
694 1066 81 21 men
805 1060 56 28 att
889 1055 84 42 den,
1002 1068 79 22 som
1112 1056 101 46 eljest
1247 1057 134 35 undfår
1410 1058 168 47 ledighet
1607 1060 56 36 för
1691 1074 91 35 svag
1812 1062 124 37 helsas

313 1100 205 44 vårdande,
549 1102 168 36 enskilda
747 1105 321 46 angelägenheter
1097 1107 92 34 eller
1218 1108 181 35 särskilda
1429 1110 181 47 uppdrag,
1640 1112 73 34 kan
1741 1112 194 49 förpligtas

315 1156 52 30 att
398 1151 119 35 under
546 1152 213 48 ledigheten
792 1155 153 35 utöfver
974 1157 81 33 sina
1084 1157 480 50 tjenstgöringspenningar
1594 1160 96 36 afstå
1719 1166 39 31 så
1788 1164 147 47 mycket

314 1200 39 35 af
391 1201 122 44 lönen,
557 1216 77 21 som
678 1203 54 35 för
775 1205 178 46 tjenstens
996 1205 236 37 förrättande
1275 1208 189 37 erfordras
1506 1211 93 35 eller
1639 1212 105 46 eljest
1783 1214 151 46 pröfvas

312 1252 156 45 skäligt;

452 1308 54 29 att
547 1303 62 34 vid
652 1305 330 45 sjukdomsförfall,
1023 1308 89 34 eller
1146 1315 65 27 när
1241 1308 61 35 det
1332 1308 187 38 erfordras
1548 1312 9 33 i
1586 1311 92 48 följd
1709 1312 40 36 af
1774 1314 160 35 embets-

315 1365 102 22 resor
446 1353 92 35 eller
567 1353 57 35 för
653 1355 211 36 beredande
895 1356 41 36 af
959 1364 191 33 semester,
1181 1359 222 46 tjensteman
1432 1360 40 35 af
1496 1362 102 44 lägre
1619 1363 90 47 grad
1732 1363 93 36 skall
1846 1377 88 23 vara

312 1402 153 48 skyldig
507 1410 65 37 att,
615 1418 61 21 om
706 1406 73 34 han
809 1406 199 37 förordnas
1037 1409 56 34 till
1129 1408 115 48 högre
1280 1409 214 50 befattning
1523 1413 100 34 inom
1653 1408 279 58 General-post-

312 1454 193 46 styrelsen,
548 1455 224 45 densamma,
816 1464 99 28 emot
943 1459 238 46 åtnjutande,
1210 1460 11 34 i
1250 1459 261 38 förstnämnda
1540 1462 76 42 fall,
1646 1462 40 36 af
1710 1464 46 35 de
1785 1464 57 36 för
1871 1466 62 35 be-

312 1502 212 48 fattningen
567 1506 174 45 anslagna
785 1508 490 48 tjenstgöringspenningar,
1319 1524 79 22 men
1442 1512 107 47 eljest
1583 1512 39 36 af
1652 1514 170 36 deremot
1850 1528 81 23 sva-

311 1553 116 36 rande
470 1555 138 48 belopp
646 1557 7 33 i
689 1558 125 34 stället
843 1557 56 37 för
926 1572 96 33 egna
1049 1560 489 49 tjenstgöringspenningar,
1567 1564 176 44 bestrida,
1774 1565 96 37 dock
1900 1567 30 46 ej

311 1604 129 47 längre
472 1613 44 27 än
546 1612 55 28 tre
632 1607 178 35 månader
840 1609 119 35 under
989 1615 54 29 ett
1072 1614 52 38 år;

447 1662 64 37 att,
555 1656 66 35 der
662 1656 219 49 förhöjning
921 1659 39 35 af
998 1661 108 34 lönen
1138 1660 95 36 efter
1268 1663 74 35 viss
1372 1663 74 35 tids
1475 1664 152 36 fortsatt
1656 1666 275 36 innehafvande

310 1704 39 35 af
384 1706 116 45 tjenst
543 1707 9 34 i
586 1719 139 24 samma
760 1709 181 47 lönegrad
972 1723 107 22 anses
1109 1712 89 34 böra
1228 1713 219 47 medgifvas,
1475 1715 224 47 tidpunkten
1730 1716 55 35 för
1814 1716 116 36 första

309 1754 262 49 förhöjningen
609 1757 224 37 bestämmes
868 1766 53 29 att
956 1761 148 35 inträda
1133 1762 94 35 efter
1256 1762 74 36 fem
1362 1767 50 40 år,
1442 1765 121 35 under
1592 1766 123 35 vilkor
1744 1773 55 29 att
1827 1768 102 34 inne-

310 1805 180 36 hafvaren
533 1820 104 23 mera
679 1816 42 28 än
755 1809 86 47 fyra
875 1814 40 32 år
949 1810 39 36 af
1014 1811 120 35 denna
1163 1812 55 35 tid
1248 1813 90 47 sjelf
1361 1814 158 36 bestridt
1548 1817 53 33 sin
1632 1829 93 35 egen
1756 1818 101 42 eller,
1886 1821 45 44 på

307 1856 122 46 grund
466 1856 37 35 af
536 1857 265 46 förordnande,
832 1874 121 22 annan
984 1867 141 29 statens
1155 1864 126 45 tjenst,
1312 1865 96 35 dock
1438 1872 54 29 att
1521 1866 130 35 härvid
1681 1868 80 35 icke
1791 1871 59 32 må
1878 1867 52 36 fö-

306 1919 60 22 ras
409 1907 139 35 honom
584 1909 53 33 till
673 1910 70 34 last
776 1911 72 34 den
877 1912 52 34 tid
961 1912 69 34 han
1062 1913 153 46 åtnjutit
1243 1921 188 38 semester,
1461 1916 68 36 och
1558 1916 57 35 för
1643 1918 121 35 andra
1792 1918 137 47 förhöj-

306 1957 148 47 ningen,
497 1971 61 21 om
600 1959 114 35 sådan
748 1973 87 33 eger
869 1975 96 29 rum,
999 1962 96 35 efter
1121 1964 221 47 ytterligare
1372 1966 72 36 fem
1475 1971 49 36 år,
1551 1971 47 44 på
1625 1981 142 23 samma
1796 1969 131 43 vilkor,

308 2007 121 36 under
464 2008 253 48 iakttagande,
752 2010 97 36 hvad
882 2013 100 33 såväl
1019 2012 69 36 den
1118 2026 69 22 ena
1215 2027 76 22 som
1324 2016 71 35 den
1426 2017 118 35 andra
1573 2017 261 49 förhöjningen
1865 2032 62 21 an-

305 2061 79 42 går,
428 2058 107 36 deraf
575 2066 55 29 att
663 2060 69 36 den
768 2061 115 46 högre
917 2062 211 49 aflöningen
1159 2064 32 46 ej
1220 2063 58 37 får
1306 2067 188 36 tillträdas
1523 2068 79 35 förr
1630 2076 45 27 än
1705 2068 61 35 vid
1795 2069 130 46 början

305 2107 41 35 af
371 2108 260 38 kalenderåret
659 2118 82 28 näst
769 2111 97 35 efter
895 2111 64 36 det
989 2113 70 35 den
1090 2114 181 46 stadgade
1296 2117 270 46 tjensteåldern
1587 2117 124 36 blifvit
1732 2119 193 47 uppnådd;

304 2158 168 36 börande
502 2160 218 48 löntagaren
750 2162 134 36 dervid
912 2163 301 47 tillgodoräknas
1242 2165 72 35 den
1344 2168 68 43 tid,
1441 2180 79 22 som
1549 2167 78 36 före
1657 2168 72 35 den
1760 2182 74 35 nya
1853 2176 72 29 sta-

302 2214 83 30 tens
416 2210 226 38 utfärdande
672 2212 156 36 förflutit
856 2213 82 36 från
970 2214 92 36 hans
1089 2216 165 35 tillträde
1284 2217 57 34 till
1365 2219 176 45 tjensten,
1561 2230 87 24 vare
1667 2220 56 46 sig
1739 2223 45 44 på
1799 2222 125 46 grund
