1882 2786
586 169 267 29 Statsutskottets
876 170 168 28 utlåtande
1067 179 39 19 nr
1123 172 27 28 6.
1589 169 41 30 Sa

165 240 35 29 »I
230 241 95 29 detta
356 242 260 40 sammanhang
646 243 99 29 torde
775 242 37 30 få
842 243 137 30 erinras
1011 252 57 20 om
1099 245 52 28 att
1184 243 85 30 1944
1301 243 58 30 års
1389 244 240 29 fiskehamns-

109 292 191 40 utredning
320 293 12 29 i
354 293 61 29 sitt
437 294 68 29 den
529 294 14 29 1
569 294 190 30 november
783 294 84 30 1947
891 295 150 39 avgivna
1062 295 226 30 betänkande
1317 295 103 34 (SOU
1446 295 101 30 1947:
1564 295 59 34 63)

108 343 169 40 framlagt
311 346 49 28 ett
394 345 285 40 principförslag,
714 346 110 29 vilket
859 348 132 28 avsetts
1028 347 101 30 skola
1165 347 101 39 tjäna
1301 347 53 30 till
1391 347 143 40 ledning
1569 348 59 29 vid

108 396 69 29 den
210 396 166 30 fortsatta
409 397 250 39 utbyggnaden
693 407 43 20 av
769 398 257 30 fiskehamnar.
1060 399 121 39 Enligt
1215 399 96 30 detta
1345 399 133 39 förslag
1513 399 115 30 skulle

108 447 53 30 till
199 457 48 20 nu
284 448 150 30 berörda
471 449 167 30 ändamål
677 449 55 31 för
769 450 219 40 budgetåren
1028 450 143 32 1948/53
1211 451 142 29 anvisas
1392 451 237 39 sammanlagt

108 499 72 34 25,5
217 500 89 39 milj.
342 500 142 35 kronor,
518 510 109 21 varav
662 501 48 35 3,9
749 502 90 39 milj.
875 502 133 30 kronor
1045 502 55 30 för
1135 503 209 39 budgetåret
1381 502 143 32 1948/49
1561 504 67 29 och

109 551 49 34 53,4
195 552 90 39 milj.
319 552 133 30 kronor
486 552 56 30 för
576 554 79 28 vart
678 553 66 30 och
769 555 50 28 ett
842 563 43 21 av
909 554 42 30 de
977 554 160 39 följande
1162 554 79 40 fyra
1265 555 229 39 budgetåren.
1519 556 105 29 Detta

108 603 350 41 byggnadsprogram
488 604 65 30 har
583 605 197 30 emellertid
810 605 46 40 på
886 606 116 39 grund
1033 615 43 20 av
1106 606 522 40 investeringsbegränsningen

107 655 78 29 icke
210 655 139 30 kunnat
372 655 118 40 följas.
517 656 13 29 I
555 656 156 39 enlighet
734 657 149 30 härmed
907 657 66 30 har
998 658 379 39 anslagsanvisningen
1402 658 56 30 för
1482 658 147 40 budget-

106 706 86 30 åren
220 706 142 32 1948/52
388 707 208 40 begränsats
622 708 54 30 till
701 708 78 30 icke
806 708 83 30 fullt
916 718 44 20 en
987 709 176 39 fjärdedel
1190 719 43 20 av
1259 710 58 30 det
1343 710 103 39 eljest
1472 711 154 29 avsedda

107 758 173 40 beloppet,
302 759 122 29 oaktat
447 759 182 40 samtidigt
650 769 44 20 en
716 760 100 29 stark
836 761 485 40 penningvärdeförsämring
1343 761 137 31 inträtt.
1503 762 124 30 Denna

107 810 257 40 eftersläpning
385 811 11 29 i
419 810 426 41 fiskehamnsbyggandet
866 812 76 34 har,
966 812 118 30 såsom
1106 814 164 29 närmare
1293 814 198 29 utvecklats
1513 814 12 30 i
1547 815 81 38 väg-

105 862 66 30 och
195 862 499 40 vattenbyggnadsstyrelsens
721 863 293 40 petitaskrivelse,
1040 865 156 29 medfört
1222 874 44 20 en
1291 865 142 39 mycket
1457 865 169 40 brydsam

107 914 171 29 situation
300 914 45 40 på
368 914 232 30 förevarande
624 915 155 30 område.

161 965 80 30 Med
269 966 141 39 hänsyn
440 966 53 29 till
523 975 48 20 nu
601 966 151 30 berörda
782 967 303 40 omständigheter
1116 968 119 29 finner
1266 969 52 39 sig
1348 968 173 30 utskottet
1551 970 75 29 helt

104 1017 125 30 kunna
253 1018 142 29 ansluta
420 1018 52 39 sig
497 1018 53 29 till
576 1018 42 30 de
645 1019 222 39 synpunkter
892 1018 46 40 på
964 1019 233 30 förevarande
1223 1020 175 40 spörsmål
1425 1029 76 21 som
1525 1021 101 30 kom-

104 1069 66 29 mit
188 1069 54 29 till
261 1069 143 39 uttryck
421 1069 12 30 i
452 1070 224 30 motionerna
695 1070 29 30 I:
741 1070 41 30 27
802 1071 66 29 och
888 1070 47 30 II:
951 1070 53 31 39.
1024 1071 120 40 Enligt
1163 1072 192 30 utskottets
1375 1072 144 40 mening
1538 1073 87 30 böra

105 1120 151 30 sålunda
280 1121 81 30 med
386 1121 58 30 det
470 1123 161 28 snaraste
656 1121 164 40 åtgärder
845 1122 162 40 vidtagas
1032 1122 56 30 för
1115 1125 52 28 att
1192 1123 11 30 i
1230 1123 202 40 möjligaste
1456 1124 85 30 mån
1567 1133 58 21 av-

103 1172 125 40 hjälpa
250 1173 42 29 de
315 1172 103 30 svåra
441 1173 326 40 skadeverkningar
791 1183 77 21 som
891 1174 304 40 eftersläpningen
1216 1175 13 29 i
1252 1176 58 29 det
1333 1175 149 40 tidigare
1505 1176 120 40 plane-

103 1225 84 29 rade
217 1224 426 40 fiskehamnsbyggandet
671 1225 165 30 medfört.
866 1226 192 39 Härvidlag
1087 1226 59 30 må
1177 1227 145 30 särskilt
1351 1228 274 40 uppmärksam-

103 1285 89 25 mas,
211 1277 51 28 att
278 1285 43 21 av
337 1277 59 29 det
412 1277 123 39 anslag
552 1277 128 39 Kungl.
699 1277 108 40 Maj:t
825 1278 103 30 äskat
945 1278 56 30 för
1019 1279 103 30 nästa
1138 1278 173 40 budgetår
1329 1279 64 30 200
1408 1279 63 30 000
1490 1280 133 29 kronor

103 1329 132 28 avsetts
261 1328 99 30 skola
384 1329 98 39 tagas
506 1328 11 29 i
542 1328 158 40 anspråk
725 1329 118 29 såsom
868 1329 182 40 delbidrag
1075 1330 53 30 till
1152 1330 280 41 iståndsättning
1457 1340 43 21 av
1524 1332 100 29 ham-

103 1388 70 20 nen
195 1379 46 40 på
262 1379 175 40 Visingsö.
460 1380 76 29 Vad
561 1389 77 20 som
661 1380 155 30 därefter
839 1381 152 30 återstår
1015 1390 43 21 av
1081 1382 70 29 den
1174 1382 202 40 föreslagna
1401 1383 222 40 anslagshöj-

103 1431 132 39 ningen
260 1432 38 28 är
323 1431 78 30 icke
427 1431 207 40 tillräckligt
659 1441 62 20 ens
747 1432 56 30 för
828 1434 52 28 att
906 1432 236 40 kompensera
1169 1434 69 29 den
1263 1434 360 40 kostnadsfördyring

102 1491 77 21 som
199 1491 149 21 numera
367 1482 135 30 inträtt.
523 1483 104 29 Detta
646 1483 148 30 innebär
814 1485 52 28 att
885 1483 111 40 några
1016 1493 69 30 nya
1105 1485 137 39 företag
1261 1485 77 30 icke
1358 1485 124 30 kunna
1502 1486 120 39 igång-

103 1535 111 29 sättas
237 1535 113 29 under
373 1535 102 29 nästa
498 1534 172 40 budgetår
695 1535 130 30 liksom
849 1537 52 28 att
924 1536 31 39 ej
982 1536 111 29 heller
1116 1536 115 30 medel
1256 1537 145 30 komma
1425 1538 52 29 att
1501 1537 121 30 finnas

102 1586 219 39 tillgängliga
342 1586 55 29 för
419 1586 151 40 löpande
592 1586 223 30 underhålls-
836 1587 67 29 och
924 1587 456 40 iståndsättningsarbeten.
1404 1589 67 30 Vid
1493 1598 44 21 en
1561 1598 62 21 an-

102 1637 285 40 slagsanvisning
405 1637 11 30 i
437 1638 155 39 enlighet
610 1638 81 30 med
711 1638 128 40 Kungl.
860 1638 126 40 Maj:ts
1008 1639 133 40 förslag
1161 1640 149 40 uppstår
1329 1640 120 30 vidare
1469 1640 76 30 risk
1565 1641 57 30 för

102 1690 52 28 att
183 1690 81 38 väg-
293 1689 66 30 och
387 1689 429 40 vattenbyggnadsverket
846 1691 134 39 nödgas
1013 1691 176 39 entlediga
1221 1692 55 29 sin
1308 1692 314 40 specialutbildade

102 1741 388 39 muddringspersonal.
514 1741 180 29 Utskottet
716 1742 72 29 kan
810 1742 56 30 för
890 1742 56 29 sin
969 1743 56 29 del
1048 1742 79 30 icke
1151 1743 101 30 finna
1275 1753 45 20 en
1343 1743 112 31 sådan
1479 1744 144 30 utveck-

101 1793 73 38 ling
200 1792 187 39 försvarlig
411 1794 87 28 utan
523 1801 104 21 anser
651 1793 11 29 i
689 1793 111 29 likhet
825 1794 81 29 med
931 1794 275 34 motionärerna,
1233 1796 52 29 att
1310 1795 53 30 till
1388 1795 233 31 förevarande

102 1843 166 30 ändamål
289 1844 63 29 bör
374 1844 141 29 anvisas
538 1845 49 28 ett
608 1844 271 40 anslagsbelopp
901 1854 43 20 av
966 1845 18 29 3
1008 1845 89 40 milj.
1120 1846 132 29 kronor
1275 1846 55 30 för
1352 1848 103 29 nästa
1475 1847 147 40 budget-

100 1895 70 30 år.»

158 1955 74 29 dels
254 1955 64 29 ock
339 1955 189 29 utskottets
549 1955 213 30 hemställan
782 1957 113 28 under
915 1956 24 29 I.
960 1956 78 29 bort
1058 1957 45 29 ha
1123 1957 159 38 följande
1303 1958 146 38 lydelse:

416 2007 45 29 »I.
484 2008 52 28 att
558 2008 192 39 riksdagen
773 2008 68 34 må,
866 2008 11 29 i
901 2008 192 39 anledning
1116 2018 44 20 av
1183 2008 127 40 Kungl.
1335 2009 126 40 Maj:ts
1487 2010 133 39 förslag

370 2060 92 28 samt
481 2060 80 28 med
582 2059 101 29 bifall
704 2060 52 28 till
777 2059 224 30 motionerna
1023 2060 29 29 1:
1069 2060 40 29 27
1132 2061 65 29 och
1220 2061 45 29 II:
1283 2060 51 34 39,
1357 2061 53 30 till
1431 2061 188 39 Byggande

368 2119 42 20 av
427 2110 249 39 fiskehamnar
695 2111 55 29 för
768 2110 208 40 budgetåret
997 2111 142 31 1952/53
1160 2112 122 30 anvisa
1301 2113 50 28 ett
1369 2113 251 30 reservations-

370 2162 122 38 anslag
517 2171 42 20 av
583 2162 19 28 3
617 2161 64 29 000
696 2162 63 29 000
784 2162 163 29 kronor.»

155 2254 36 32 5)
222 2254 57 29 vid
297 2253 161 40 punkten
478 2254 99 34 40:0)
606 2255 146 38 (Bidrag
771 2255 52 29 till
843 2255 255 39 anläggningar
1120 2256 54 29 för
1192 2256 342 39 vattenförsörjning
1553 2257 66 29 och

100 2305 144 39 avlopp)
271 2315 42 19 av
333 2305 81 29 herr
435 2305 87 29 Axel
542 2305 216 29 Andersson.

156 2365 36 32 6)
222 2365 58 29 vid
303 2364 160 40 punkten
488 2365 100 33 48:0)
621 2365 146 38 (Bidrag
790 2366 51 28 till
867 2366 370 39 nationalföreningen
1263 2367 54 28 för
1343 2367 276 29 trafiksäkerhe-

99 2418 77 27 tens
198 2416 219 39 främjande)
443 2425 41 20 av
504 2416 81 29 herr
606 2417 214 35 Rubbestad,
841 2426 76 20 som
938 2419 116 27 ansett
1075 2419 51 27 att
1147 2418 170 29 utskottet
1341 2418 78 29 bort
1443 2419 173 39 tillstyrka

100 2468 126 38 Kungl.
248 2468 124 38 Maj:ts
392 2468 132 37 förslag
544 2468 64 29 och
630 2468 122 30 därför
773 2469 198 32 hemställa,
