1886 2786
597 143 266 29 Statsutskottets
887 142 169 28 utlåtande
1078 150 39 19 nr
1136 141 26 28 6.
1594 134 39 30 TT

444 238 157 42 Statens
636 237 219 42 elektriska
887 237 237 54 inspektion
1156 250 55 24 m.
1248 251 55 24 m.

174 333 97 34 72:0)
303 335 138 30 Statens
480 333 193 31 elektriska
711 331 224 41 inspektion:
974 329 229 39 Avlöningar.
1256 326 128 39 Kungl.
1424 324 107 40 Maj:t
1570 323 66 30 har

119 386 135 41 (punkt
274 385 52 35 72,
347 394 26 21 s.
397 384 80 35 140)
502 384 183 39 föreslagit
704 383 192 39 riksdagen
916 383 52 29 att
989 381 74 30 dels
1085 380 189 40 godkänna
1294 387 43 21 av
1357 376 279 41 departements-

115 438 128 30 chefen
272 437 170 30 förordad
474 436 257 39 avlöningsstat
761 434 56 30 för
848 435 135 29 statens
1014 431 192 31 elektriska
1236 429 216 41 inspektion,
1484 428 52 30 att
1567 426 69 30 till-

115 490 138 39 lämpas
274 489 72 29 tills
368 488 122 30 vidare
512 487 43 30 fr.
579 496 30 21 o.
632 496 46 20 m.
700 485 209 40 budgetåret
934 484 154 34 1952/53,
1112 483 74 30 dels
1210 482 67 30 ock
1300 482 54 29 till
1378 480 139 31 Statens
1542 479 93 29 elek-

115 541 113 30 triska
254 540 221 40 inspektion:
505 539 215 39 Avlöningar
748 538 55 30 för
830 536 209 40 budgetåret
1069 534 143 32 1952/53
1240 533 124 31 anvisa
1391 533 50 29 ett
1468 530 168 40 förslags-

114 593 124 39 anslag
263 601 44 21 av
331 590 143 31 211100
499 591 142 29 kronor.

426 685 9 8 o

172 687 169 39 Anslaget
361 687 39 29 är
421 694 21 20 å
464 685 161 39 gällande
646 684 149 29 riksstat
815 682 148 40 uppfört
983 681 81 30 med
1088 680 62 30 178
1165 679 62 31 700
1250 680 143 29 kronor.

172 744 382 40 Kommerskollegium
577 744 66 29 har
666 743 55 30 för
744 744 103 29 nästa
869 741 172 40 budgetår
1064 740 182 30 hemställt
1269 748 59 21 om
1352 747 44 21 en
1419 737 150 40 höjning
1593 745 44 21 av

117 799 159 39 anslaget
302 797 81 30 med
410 796 41 30 83
467 795 63 31 300
557 795 143 30 kronor.

175 888 401 43 Departementschefen
609 887 160 35 föreslår,
802 888 52 29 att
885 896 44 20 en
960 884 423 39 kontorsbiträdestjänst
1413 883 12 29 i
1459 881 80 31 Ca8
1572 882 65 29 hos

116 942 252 41 inspektionen
391 941 141 39 utbytes
556 942 74 27 mot
654 949 44 20 en
720 938 393 39 kanslibiträdestjänst
1135 937 12 29 i
1172 937 47 30 Ca
1233 936 51 34 11,
1309 944 84 21 men
1416 936 40 29 är
1478 934 79 30 icke
1580 933 58 31 för

116 994 223 30 närvarande
356 993 132 30 beredd
507 993 51 28 att
577 991 179 39 tillstyrka
774 990 110 40 några
904 989 250 39 förändringar
1174 989 11 28 i
1205 988 114 39 övrigt
1337 987 12 30 i
1368 986 270 41 inspektionens

117 1044 420 42 personalorganisation.

175 1098 78 29 Den
290 1095 191 31 förordade
519 1093 392 41 tjänsteförändringen
939 1094 93 28 samt
1060 1090 481 39 löneklassförändringarna
1569 1089 67 30 och

121 1148 260 40 omräkningen
405 1157 43 21 av
472 1148 58 29 det
553 1146 131 40 rörliga
708 1146 157 39 tillägget
889 1144 162 31 medföra
1075 1153 45 21 en
1143 1143 134 40 ökning
1303 1152 43 21 av
1370 1142 159 39 anslaget
1553 1141 83 30 med

120 1202 11 29 i
166 1201 177 31 avrundat
378 1201 49 29 tal
462 1198 119 31 32400
605 1199 143 29 kronor.
783 1198 14 29 I
823 1197 155 39 enlighet
1002 1196 148 30 härmed
1174 1195 171 40 uppföres
1370 1194 160 40 anslaget
1554 1194 80 29 med

126 1253 81 35 (178
223 1252 62 31 700
305 1258 29 30 --
354 1253 41 30 32
410 1251 82 35 400)
519 1251 60 30 211
599 1250 62 30 100
683 1251 142 28 kronor.

176 1348 188 30 Utskottet.
396 1347 80 30 Med
507 1345 249 40 tillstyrkande
788 1354 43 20 av
862 1344 128 39 Kungl.
1023 1343 125 39 Maj:ts
1180 1342 133 39 förslag
1345 1340 205 31 hemställer
1583 1341 55 28 ut-

118 1400 142 34 skottet,

433 1451 52 28 att
506 1449 191 39 riksdagen
719 1447 59 30 må

436 1508 37 35 a)
503 1508 190 40 godkänna
721 1507 160 39 följande
909 1505 258 40 avlöningsstat
1195 1505 55 29 för
1280 1505 135 29 statens
1444 1503 193 29 elektriska

391 1560 214 41 inspektion,
646 1561 51 28 att
736 1559 180 39 tillämpas
955 1558 71 29 tills
1064 1557 120 30 vidare
1223 1556 43 30 fr.
1295 1565 31 21 o.
1354 1565 46 20 m.
1428 1554 209 40 budgetåret

394 1612 158 31 1952/53:

838 1695 348 39 Avlöningsstat.

393 1759 29 30 1.
448 1757 215 40 Avlöningar
682 1756 54 30 till
753 1756 179 30 ordinarie
951 1755 229 40 tjänstemän,
1199 1752 208 42 förslagsvis
1431 1776 35 6 ...
1496 1751 62 31 127
1573 1751 65 30 200

392 1809 30 30 2.
448 1808 216 39 Avlöningar
687 1807 53 30 till
762 1805 274 31 icke-ordinarie
1059 1805 165 40 personal
1251 1826 216 7 .............-+
1518 1802 41 30 33
1573 1801 65 31 200

392 1859 30 30 3.
448 1858 135 39 Rörligt
601 1857 131 39 tillägg,
751 1855 208 41 förslagsvis
983 1876 484 9 ...........e.sesssessssssssessce+
1517 1851 42 31 530
1576 1851 63 31 700

1167 1913 146 30 Summa
1337 1912 133 29 kronor
1495 1911 62 30 211
1575 1909 64 31 100

437 2000 39 34 b)
506 2000 53 29 till
584 1999 142 30 Statens
752 1998 192 30 elektriska
971 1997 219 40 inspektion:
1227 1995 218 39 Avlöningar
1471 1995 55 30 för
1552 1994 88 30 bud-

394 2052 133 40 getåret
555 2051 143 31 1952/53
725 2051 124 30 anvisa
875 2051 50 29 ett
951 2049 277 40 förslagsanslag
1256 2057 43 21 av
1326 2046 142 32 211100
1496 2046 144 30 kronor.

180 2174 97 33 73:0)
309 2175 139 31 Statens
486 2173 193 31 elektriska
719 2173 223 39 inspektion:
983 2171 276 31 Omkostnader.
1314 2169 12 28 I
1367 2168 154 38 enlighet
1561 2167 81 29 med

122 2226 128 39 Kungl.
274 2225 126 39 Maj:ts
424 2224 133 39 förslag
586 2223 132 40 (punkt
744 2224 50 33 73,
819 2232 26 20 s.
872 2222 96 34 141),
993 2231 77 20 som
1093 2221 148 29 innebär
1266 2218 295 40 anslagshöjning
1586 2217 57 30 för

123 2278 102 28 nästa
247 2275 172 39 budgetår
442 2275 80 29 med
547 2274 96 30 1000
666 2274 142 33 kronor,
832 2273 206 30 hemställer
1061 2272 182 33 utskottet,

438 2335 52 29 att
519 2334 191 38 riksdagen
740 2333 59 29 må
829 2333 54 29 till
912 2332 141 30 Statens
1085 2329 191 31 elektriska
1308 2328 220 40 inspektion:
1561 2327 83 30 Om-

395 2385 193 30 kostnader
620 2384 55 30 för
706 2383 209 40 budgetåret
948 2382 145 32 1952/53
1126 2381 123 30 anvisa
1281 2382 50 28 ett
1363 2378 279 41 förslagsanslag

393 2446 43 20 av
461 2435 119 31 20300
606 2436 142 29 kronor.
