1890 2776
258 141 41 30 44
732 141 266 30 Statsutskottets
1024 142 164 29 utlåtande
1213 152 36 19 nr
1269 146 26 25 6.

314 215 186 31 Utskottet.
529 216 282 31 Medelsbehovet
838 216 55 31 för
920 217 103 30 nästa
1050 215 171 41 budgetår
1249 216 111 30 under
1388 216 303 39 bidragsanslaget
1721 216 52 29 till

257 267 302 31 handelshamnar
581 268 65 30 och
668 268 154 30 farleder
842 268 65 30 har
930 278 42 20 av
994 269 81 39 väg-
1096 268 66 30 och
1183 268 480 39 vattenbyggnadsstyrelsen
1686 276 87 31 upp-

257 319 151 30 skattats
459 319 53 30 till
552 319 48 35 3,5
641 320 89 39 milj.
780 320 142 30 kronor.
973 320 119 30 Härav
1140 329 100 21 avser
1281 320 14 29 1
1337 319 90 40 milj.
1467 320 132 29 kronor
1639 318 131 31 sådana

256 371 153 34 arbeten,
436 371 57 30 för
517 371 96 30 vilka
637 372 240 30 innevarande
903 371 172 40 budgetår
1102 372 222 39 disponerats
1351 373 50 28 ett
1426 371 146 30 särskilt
1597 371 133 39 anslag.
1761 371 11 28 I

256 423 116 29 denna
395 423 56 30 del
474 423 47 30 ha
545 424 190 38 styrelsens
759 423 320 31 medelsäskanden
1103 423 190 40 tillstyrkts
1318 432 42 21 av
1385 414 293 48 föredraganden.
1704 423 68 29 För

255 474 118 39 övriga
391 474 215 31 hitbörande
625 474 136 40 företag
778 475 66 30 har
862 475 284 39 föredraganden
1165 475 160 30 däremot
1344 475 78 29 icke
1442 475 117 29 ansett
1577 474 53 40 sig
1649 475 121 29 kunna

256 525 143 31 förorda
427 526 109 40 högre
566 526 126 41 belopp
722 528 46 29 än
799 527 14 29 1
846 526 128 40 miljon
1004 527 142 29 kronor.
1176 527 118 39 Enligt
1324 526 128 40 Kungl.
1483 526 126 39 Maj:ts
1640 526 132 38 förslag

256 578 113 30 skulle
389 577 152 31 sålunda
562 578 231 30 förevarande
813 579 122 39 anslag
956 579 142 29 anvisas
1117 579 81 29 med
1219 579 237 38 sammanlagt
1477 578 19 30 2
1518 578 90 40 milj.
1629 578 142 30 kronor.

311 638 180 30 Utskottet
510 639 66 29 har
596 638 121 30 funnit
738 638 52 40 sig
811 639 86 30 böra
917 639 180 39 tillstyrka
1119 638 126 40 Kungl.
1269 638 125 40 Maj:ts
1417 638 143 39 förslag.
1585 638 186 38 Samtidigt

255 690 131 30 önskar
409 690 197 30 emellertid
630 690 173 30 utskottet
828 690 191 30 framhålla
1043 690 169 40 följande.

311 741 14 29 I
348 741 61 30 sitt
431 742 70 29 den
525 742 19 30 6
567 742 70 39 maj
666 741 84 30 1949
774 742 148 39 avgivna
945 742 225 30 betänkande
1200 741 102 34 (SOU
1329 741 154 34 1949:2)
1512 742 65 29 har
1604 741 84 30 1944
1714 741 57 29 års

255 793 303 40 hamnutredning
580 793 167 40 framlagt
771 793 132 40 förslag
927 793 182 40 angående
1134 795 133 28 statens
1291 793 218 30 medverkan
1532 793 53 30 till
1610 802 72 21 om-
1706 793 66 30 och

255 844 202 40 utbyggnad
481 854 44 21 av
547 845 351 30 handelshamnarna
922 845 82 30 med
1027 845 214 30 tillhörande
1264 844 238 31 infartsleder.
1529 844 121 40 Någon
1677 844 95 30 ställ-

256 896 85 40 ning
358 896 122 30 härtill
499 896 47 31 ha
566 897 278 30 statsmakterna
864 897 90 30 dock
974 898 96 29 ännu
1091 897 77 29 icke
1188 897 97 39 tagit.
1307 896 123 31 Såsom
1449 897 81 39 väg-
1551 897 66 29 och
1637 898 135 28 vatten-

254 948 359 40 byggnadsstyrelsen
637 948 11 30 i
676 948 56 30 sin
758 948 283 40 petitaskrivelse
1067 948 207 35 framhållit,
1301 948 66 30 har
1393 948 97 30 detta
1517 948 155 30 medfört
1699 950 72 28 stor

255 1000 197 34 osäkerhet,
475 1008 77 22 som
573 999 66 30 fått
661 1007 258 32 ogynnsamma
939 999 291 40 återverkningar
1252 1000 12 29 i
1286 999 95 30 olika
1404 1000 208 30 avseenden.
1636 999 136 40 Svårig-

255 1051 146 31 heterna
422 1051 47 30 ha
490 1051 79 30 icke
590 1052 109 29 minst
721 1052 88 39 tagit
831 1052 52 39 sig
904 1052 144 39 uttryck
1070 1052 87 34 däri,
1181 1053 51 29 att
1254 1051 263 31 vederbörande
1540 1052 231 30 kommunala

254 1103 246 40 myndigheter
516 1103 77 30 icke
609 1103 124 30 kunna
750 1104 146 39 planera
910 1103 274 30 verksamheten
1200 1103 46 40 på
1261 1105 92 28 mest
1370 1103 303 40 ändamålsenliga
1691 1104 80 29 sätt.

310 1154 78 31 Med
429 1154 142 40 hänsyn
612 1155 53 30 till
706 1164 48 20 nu
796 1155 156 39 antydda
994 1155 301 39 omständigheter
1337 1154 119 30 finner
1497 1155 175 29 utskottet
1714 1155 58 30 det

254 1206 180 34 önskvärt,
456 1208 53 28 att
549 1216 44 20 en
614 1207 150 39 översyn
786 1216 41 20 av
849 1206 272 31 förhållandena
1143 1206 45 41 på
1209 1206 233 31 förevarande
1463 1206 145 31 område
1631 1208 140 29 snarast

254 1258 161 30 kommer
441 1258 54 30 till
523 1258 113 30 stånd.
664 1258 113 40 Syftet
802 1258 64 30 bör
892 1258 125 30 därvid
1042 1267 84 21 vara
1154 1259 50 29 att
1233 1258 110 40 skapa
1371 1267 44 21 en
1443 1258 103 30 säker
1574 1259 115 39 grund
1716 1258 55 30 för

254 1309 236 31 bedömandet
510 1319 43 21 av
572 1310 42 30 de
635 1309 163 40 åtgärder
817 1310 11 29 i
849 1309 101 40 fråga
970 1318 58 22 om
1048 1310 249 39 utbyggnaden
1319 1319 42 21 av
1382 1310 303 30 handelshamnar
1706 1310 65 30 och

255 1361 152 31 farleder
429 1370 78 21 som
530 1361 37 30 få
589 1370 103 21 anses
715 1363 92 28 mest
830 1362 205 39 angelägna.
1059 1361 52 30 Av
1134 1362 153 30 särskild
1309 1362 76 29 vikt
1409 1362 98 30 torde
1531 1370 85 22 vara
1639 1363 51 29 att
1713 1362 57 29 be-

255 1413 138 30 stämda
415 1412 182 41 riktlinjer
620 1413 55 30 för
699 1413 272 30 verksamheten
994 1414 212 39 uppdragas,
1231 1413 95 30 vilka
1350 1414 124 30 kunna
1498 1413 100 40 tjäna
1625 1414 52 29 till
1701 1414 70 30 led-

255 1465 84 39 ning
359 1465 55 30 för
435 1465 70 30 den
526 1465 140 39 statliga
685 1465 174 40 politiken
879 1464 45 41 på
944 1465 121 39 längre
1087 1465 80 29 sikt.
1188 1465 119 39 Enligt
1328 1465 192 30 utskottets
1542 1465 144 40 mening
1707 1465 64 30 bör

254 1517 58 29 det
347 1526 85 20 vara
469 1516 151 40 möjligt,
659 1518 50 28 att
748 1516 174 30 konkreta
950 1516 133 39 förslag
1109 1516 219 30 härutinnan
1356 1516 197 40 föreläggas
1581 1517 190 39 riksdagen

255 1569 108 29 redan
387 1568 298 30 nästkommande
710 1567 50 31 år.

310 1619 117 31 Under
451 1619 223 40 åberopande
697 1620 111 30 härav
831 1619 55 30 får
909 1620 173 29 utskottet
1106 1620 197 33 hemställa,

569 1672 51 29 att
637 1671 192 40 riksdagen
847 1670 59 31 må

569 1722 36 34 a)
635 1722 53 31 till
713 1722 130 40 Bidrag
869 1722 53 30 till
945 1723 303 29 handelshamnar
1275 1723 63 29 och
1364 1723 155 40 farleder
1545 1723 55 31 för
1625 1724 145 40 budget-

524 1774 74 29 året
617 1773 143 32 1952/53
777 1774 123 30 anvisa
918 1775 49 29 ett
984 1774 362 40 reservationsanslag
1363 1784 44 21 av
1425 1774 19 30 2
1459 1766 64 39 000
1538 1774 63 31 000
1621 1776 146 33 kronor;

568 1824 38 35 b)
630 1825 11 29 i
662 1825 169 30 skrivelse
851 1825 50 30 till
923 1825 128 39 Kungl.
1074 1825 106 40 Maj:t
1200 1826 77 39 giva
1298 1826 52 29 till
1370 1826 120 30 känna
1511 1827 67 29 vad
1598 1827 173 30 utskottet

523 1886 89 20 ovan
637 1876 129 30 anfört.

310 1999 98 32 35:0)
439 1999 148 41 Statliga
613 1999 294 31 farledsarbeten.
950 1999 127 38 Kungl.
1106 1997 106 40 Maj:t
1239 1997 64 30 har
1337 1998 132 39 (punkt
1498 1998 51 34 35,
1579 2008 25 19 s.
1635 1998 42 30 84
1704 1999 64 29 och

254 2048 59 35 85)
354 2049 184 40 föreslagit
574 2049 190 40 riksdagen
801 2051 52 28 att
889 2049 54 31 till
980 2049 148 40 Statliga
1165 2049 279 30 farledsarbeten
1481 2049 56 30 för
1564 2049 207 40 budgetåret

255 2100 142 31 1952/53
418 2101 126 30 anvisa
566 2102 48 29 ett
634 2101 363 39 reservationsanslag
1018 2110 44 21 av
1083 2100 62 30 100
1167 2101 142 30 kronor.

309 2186 168 41 Anslaget
501 2188 40 29 är
566 2187 20 30 å
610 2187 161 40 gällande
795 2186 149 31 riksstat
967 2186 148 41 uppfört
1138 2187 80 29 med
1245 2186 62 30 100
1332 2187 142 29 kronor.
1501 2186 67 31 Vid
1593 2187 177 40 utgången

253 2247 43 21 av
322 2238 209 40 budgetåret
560 2237 138 33 1950/51
729 2237 135 41 förelåg
892 2247 43 21 en
963 2238 205 39 behållning
1196 2247 42 21 av
1266 2237 40 31 95
1322 2237 63 31 000
1413 2238 132 30 kronor
1574 2238 20 30 å
1622 2238 148 40 tidigare

254 2290 166 30 anvisade
444 2290 127 31 medel.

311 2342 87 39 Väg-
421 2341 66 30 och
513 2341 478 40 vattenbyggnadsstyrelsen
1016 2342 65 30 har
1105 2341 55 30 för
1185 2342 103 29 nästa
1311 2341 171 40 budgetår
1507 2341 182 31 hemställt
1713 2350 57 22 om

253 2395 51 28 ett
328 2393 123 39 anslag
476 2402 44 21 av
544 2393 19 30 2
580 2393 61 30 700
655 2393 64 30 000
744 2393 143 33 kronor,
912 2393 111 30 vilket
1047 2393 126 40 belopp
1199 2393 39 30 är
1263 2395 113 28 avsett
1400 2393 56 30 för
1481 2392 220 41 påbörjande
1728 2402 42 21 av

254 2444 58 30 två
331 2444 12 30 i
364 2444 366 30 inomskärsfarleden
751 2444 12 30 i
785 2444 181 30 Bohuslän
989 2444 173 40 ingående
1185 2444 145 40 företag,
1355 2444 179 40 nämligen
1557 2444 213 39 förbättring
