1884 2826
1567 149 15 27 -1

305 155 101 26 Andra
431 155 183 26 kammarens
639 155 111 29 tredje
775 152 153 33 tillfälliga
955 152 121 27 ulskolls
1102 150 151 28 utlåtande
1278 150 43 27 Nr
1345 155 26 21 6.

400 327 64 31 Till
485 327 99 30 andra
607 326 204 31 kammarens
832 325 99 38 tredje
953 323 172 39 tillfälliga
1148 323 132 31 utskott.

141 424 105 32 Sedan
274 425 146 31 Svenska
448 424 344 31 landskommunernas
822 422 138 31 förbund
986 433 114 25 genom
1129 420 111 32 remiss
1269 419 71 32 från
1368 419 101 33 andra
1493 419 88 31 kam-

98 481 125 20 marens
244 468 174 38 tillfälliga
437 468 125 31 utskott
581 480 53 18 n:r
655 469 17 29 3
696 470 79 29 satts
796 467 9 30 i
826 466 135 31 tillfälle
980 469 49 28 att
1048 464 119 37 avgiva
1186 464 151 38 yttrande
1357 468 74 27 över
1450 476 39 19 av
1510 463 73 31 herr

98 514 169 37 Sjölander
291 513 98 32 väckt
412 512 118 32 motion
557 524 49 18 om
632 511 195 32 medverkan
851 511 10 30 1
887 510 88 31 vissa
1002 510 59 30 fall
1088 509 73 30 från
1186 511 120 28 statens
1332 508 70 31 sida
1425 507 49 31 till
1504 519 78 25 upp-

99 559 132 31 förande
254 570 40 20 av
319 556 291 38 samlingslokaler,
638 556 52 31 får
714 555 158 37 styrelsen
897 554 116 31 anföra
1037 552 153 37 följande.

142 603 73 31 Med
243 602 176 37 anledning
445 614 39 20 av
511 601 119 32 motion
658 601 55 32 vid
743 602 82 30 1920
853 601 51 30 års
931 600 134 37 riksdag
1093 612 40 19 av
1161 599 73 31 herr
1261 598 87 32 Edor
1375 597 169 32 Anderson
1573 596 9 30 i

101 647 166 38 Knapasjö
290 647 102 31 beslöt
416 646 173 38 riksdagen
612 658 39 19 en
675 645 154 32 anhållan
853 644 50 32 till
929 644 126 38 Kungl.
1079 643 100 37 Maj:t
1200 655 50 19 om
1273 641 174 38 utredning
1468 642 10 31 i
1502 641 80 30 före-

97 692 141 33 varande
263 692 116 32 irende
408 691 173 40 (skrivelse
607 702 53 20 n:r
688 689 94 40 163).
808 690 71 31 Den
904 702 38 19 av
967 689 74 31 herr
1067 687 170 38 Sjölander
1261 699 43 19 nu
1330 686 118 32 väckta
1473 684 109 32 motio-

97 749 77 20 nens
197 737 146 38 yrkande
364 735 246 33 sammanfaller
631 735 68 32 helt
720 735 71 31 med
813 733 142 33 nämnda
976 731 269 39 riksdagsbeslut.
1266 729 176 34 Huruvida
1460 742 38 21 en
1520 729 63 31 för-

97 782 87 38 nyad
205 781 154 33 anhållan
380 793 51 20 om
453 780 174 38 utredning
649 784 36 27 är
706 778 201 38 erforderlig,
931 778 110 32 därom
1062 777 65 32 kan
1148 775 139 39 givetvis
1310 773 273 38 förbundsstyrel-

98 839 54 20 sen
172 827 70 31 icke
261 829 90 35 yttra
369 825 59 38 sig,
447 827 78 30 utan
544 824 159 38 styrelsen
720 823 60 31 vill
799 822 114 33 endast
931 825 90 35 yttra
1039 821 51 37 sig
1108 820 11 31 i
1137 820 189 37 sakfrågan,
1346 819 29 31 d.
1393 831 31 19 v.
1442 830 24 20 s.
1484 818 98 31 huru-

97 872 77 32 vida
196 873 120 30 statens
339 870 195 32 medverkan
557 873 35 27 är
613 867 194 38 erforderlig
830 867 51 31 för
901 865 205 39 uppförande
1128 865 43 37 på
1193 862 225 39 landsbygden
1440 874 40 20 av
1499 873 84 20 sam-

97 915 222 38 lingslokaler.

141 960 18 31 I
184 959 141 33 nämnda
349 957 155 34 skrivelse
528 956 154 33 framhöll
707 956 182 38 riksdagen,
915 958 49 29 att
987 954 52 32 det
1063 953 134 33 särskilt
1220 953 11 31 i
1253 953 89 33 vissa
1364 952 221 39 landsbygder

99 1006 117 32 funnes
241 1005 199 35 kommuner,
468 1003 57 32 där
549 1014 38 20 en
613 1001 129 38 verklig
766 1000 82 32 brist
872 1012 75 20 vore
972 999 142 32 rådande
1139 999 43 37 på
1208 998 50 31 för
1283 997 67 33 alla
1373 997 212 38 tillgängliga

98 1049 292 39 samlingslokaler.
413 1047 154 32 Framför
589 1046 60 32 allt
670 1058 75 19 vore
769 1046 88 31 detta
880 1044 94 32 fallet
995 1043 10 31 i
1030 1043 192 37 avlägsnare
1246 1041 140 38 belägna
1407 1041 176 38 landsbyg-

99 1095 63 37 der,
183 1095 78 32 eller
280 1094 68 37 just
368 1093 58 32 där
445 1093 135 31 behovet
599 1103 40 20 av
659 1089 213 40 upplysning.
895 1087 223 38 folkbildning
1138 1087 58 31 och
1215 1086 277 32 samhillskänsla
1510 1097 74 20 vore

98 1152 67 19 som
194 1144 81 28 mest
300 1138 173 32 kännbart.
502 1137 99 33 Såväl
629 1136 249 38 befolkningens
907 1147 66 20 som
1000 1135 250 31 kommunernas
1279 1132 209 33 ekonomiska
1513 1132 70 31 bär-

97 1184 93 32 kraft
217 1195 74 21 vore
318 1183 11 31 i
359 1183 143 32 flertalet
531 1182 61 32 fall
619 1181 85 33 allra
728 1180 254 38 otillräckligast
1006 1179 68 38 just
1101 1178 12 32 i
1140 1178 37 32 de
1203 1178 135 38 bygder,
1366 1177 57 32 där
1450 1176 136 32 behovet

99 1241 39 20 av
165 1228 253 39 ifrågavarande
445 1227 120 32 sociala
590 1226 59 32 och
673 1225 181 32 kulturella
878 1224 197 38 hjälpmedel
1102 1234 74 21 vore
1203 1234 67 20 som
1297 1221 83 33 allra
1406 1224 97 29 störst
1527 1220 57 32 och

97 1274 209 38 kännbarast,
328 1272 113 32 varför
462 1272 53 39 det
535 1283 74 20 vore
629 1274 47 30 ett
695 1269 143 39 verkligt
856 1267 303 38 samhällsintresse,
1183 1270 47 29 att
1251 1267 11 30 i
1284 1266 122 33 sådana
1424 1265 161 38 missgyn-

99 1318 81 32 nade
202 1317 125 39 bygder
350 1316 116 39 dylika
487 1314 123 33 lokaler
632 1315 53 32 till
707 1313 316 37 ortsbefolkningens
1048 1311 134 38 andliga
1203 1309 138 38 höjande
1364 1310 58 31 och
1446 1308 138 33 samhäl-

98 1362 100 38 leliga
215 1362 135 32 trevnad
368 1361 109 31 kunde
496 1371 114 27 genom
629 1361 123 30 statens
770 1357 195 33 medverkan
982 1357 132 31 komma
1130 1355 52 32 till
1202 1355 105 32 stånd.

142 1407 18 31 I
183 1406 191 38 riksdagens
398 1404 156 33 skrivelse
576 1404 126 31 beröres
726 1403 112 31 vidare
862 1405 45 29 ett
930 1401 56 32 vid
1010 1400 346 33 landskommunernas
1381 1399 103 33 första
1506 1399 78 31 kon-

98 1463 89 27 gress
208 1452 36 31 år
267 1451 82 31 1919
373 1449 158 38 framlagt
552 1448 125 38 förslag
697 1459 51 20 om
768 1451 48 29 att
834 1447 44 38 på
898 1445 254 40 frivillighetens
1174 1449 65 34 väg
1257 1456 114 26 genom
1393 1443 192 33 samverkan

99 1495 121 33 mellan
246 1495 198 37 kommuner,
476 1492 188 39 föreningar
689 1492 58 32 och
773 1491 151 33 enskilda
949 1490 102 33 ordna
1078 1490 119 38 frågan
1224 1501 51 19 om
1304 1487 283 40 samlingslokaler

100 1541 50 31 för
169 1539 439 39 landsbygdskommunerna
627 1537 11 31 i
658 1536 111 33 landet
788 1546 115 28 genom
923 1533 287 34 åstadkommande
1230 1533 10 32 1
1261 1533 169 38 bygderna
1449 1545 41 20 av
1508 1545 25 19 s.
1551 1532 34 32 k.

100 1584 237 40 bygdegårdar.
359 1584 123 32 Härom
503 1582 135 33 anförde
659 1581 183 38 riksdagen,
864 1584 49 28 att
933 1580 60 31 den
1012 1579 72 32 med
1105 1578 135 32 intresse
1259 1577 86 39 tagit
1365 1577 50 33 del
1437 1590 40 20 av
1498 1577 89 32 detta

100 1630 134 38 förslag,
261 1629 104 32 vilket
390 1631 110 35 syntes
525 1627 11 31 i
561 1627 65 38 hög
649 1625 83 40 grad
754 1625 242 32 beaktansvärt.
1022 1624 101 32 Detta
1149 1622 125 38 förslag
1296 1621 90 33 torde
1407 1622 83 32 dock
1514 1621 72 32 icke

98 1674 119 32 kindra
239 1674 61 32 den
322 1673 198 38 ifrågasatta
542 1671 224 38 utredningen.
791 1670 64 32 Det
877 1672 111 36 syntes
1012 1668 166 38 nämligen
1200 1667 238 38 otvivelaktigt,
1463 1671 49 29 att
1534 1679 51 20 om

99 1720 105 32 denna
231 1718 117 32 rörelse
375 1716 169 39 verkligen
573 1715 107 32 skulle
706 1715 132 32 komma
865 1718 48 28 att
940 1713 139 33 omfatta
1107 1712 75 33 hela
1208 1712 119 38 landet,
1355 1715 105 29 staten
1488 1712 98 31 borde

99 1763 194 32 åtminstone
318 1761 208 33 beträffande
563 1760 123 32 sådana
721 1762 94 35 orter,
855 1770 67 20 som
947 1757 161 32 motionen
1135 1757 128 38 avsåge,
1290 1757 95 31 träda
1410 1756 176 38 hjälpande

98 1807 148 38 emellan,
271 1811 77 28 enär
370 1804 250 34 vidkommande
643 1804 93 32 dessa
758 1806 84 29 orter
863 1807 46 28 ett
929 1801 138 33 särskilt
1089 1800 292 33 samhällsintresse
1406 1801 51 31 för
1479 1801 106 37 åtgär-

100 1852 70 33 ders
197 1851 198 38 vidtagande
423 1850 151 38 förelåge,
603 1861 67 20 som
698 1849 100 31 måste
824 1847 186 38 tillgodoses
1038 1846 133 32 alldeles
1198 1845 173 32 oberoende
1398 1857 40 20 av
1464 1844 121 39 bygde-

98 1895 238 40 gårdsrörelsen
360 1894 57 33 och
440 1894 71 32 dess
533 1893 136 39 möjliga
689 1892 200 39 utveckling.

144 1941 54 32 Då
219 1940 53 33 det
293 1944 36 28 är
351 1938 137 39 möjligt,
514 1942 48 29 att
584 1937 196 33 sistberörda
802 1948 115 27 passus
938 1936 12 32 i
973 1936 191 38 riksdagens
1188 1935 155 32 skrivelse
1367 1934 144 39 bidragit
1532 1934 54 32 till

98 1986 151 38 uppskov
270 1985 70 31 med
362 1985 60 31 den
443 1995 41 21 av
506 1983 174 38 riksdagen
702 1982 142 38 begärda
864 1980 184 40 utredning,
1072 1981 53 31 får
1147 1979 158 39 styrelsen
1329 1980 185 38 framhålla,
1538 1982 49 29 att

100 2031 105 32 denna
232 2029 117 32 rörelse
375 2029 71 31 icke
473 2028 86 38 tagit
585 2028 107 37 någon
718 2026 181 32 nämnvärd
927 2024 208 38 utbredning.
1163 2024 129 33 Endast
1319 2025 12 31 i
1359 2024 136 33 enstaka
1524 2024 62 32 fall

98 2075 88 31 hava
225 2073 229 39 bygdegårdar
482 2085 40 20 av
552 2071 195 33 omförmäld
777 2075 60 34 typ
867 2070 127 32 kunnat
1024 2069 250 37 åstadkommas,
1304 2068 112 33 vartill
1445 2068 140 39 givetvis

101 2119 140 32 framför
260 2118 60 32 allt
342 2118 37 32 de
400 2116 202 34 ekonomiskt
623 2116 133 38 tryckta
776 2115 126 32 tiderna
922 2114 87 32 varit
1029 2113 106 33 orsak.

144 2163 143 32 Behovet
310 2175 39 19 av
373 2160 284 40 samlingslokaler
679 2164 58 34 gör
759 2159 50 39 sig
830 2159 11 31 i
864 2159 66 32 viss
953 2159 74 31 mån
1048 2158 153 39 gällande
1224 2157 139 33 framför
1386 2158 60 32 allt
1466 2158 10 31 i
1499 2169 88 20 mera

101 2208 158 38 avlägsna
285 2207 59 32 och
373 2205 205 33 ekonomiskt
608 2204 124 32 mindre
762 2203 208 38 bärkraftiga
999 2207 84 28 orter
1113 2202 58 32 och
1201 2202 106 32 skulle
1337 2202 250 32 statsmakterna

99 2273 44 3 —
170 2252 177 33 eventuellt
375 2263 113 27 genom
517 2254 57 33 att,
605 2262 67 20 som
701 2249 197 32 motionären
927 2248 186 38 ifrågasatt,
1144 2247 113 32 härför
1287 2247 170 38 disponera
1484 2246 100 38 nöjes-

100 2297 210 33 skattemedel
335 2316 45 3 -—
403 2296 112 32 kunna
541 2294 204 33 ekonomiskt
769 2293 174 33 medverka
969 2292 50 32 för
1046 2291 299 39 samlingslokalers
1371 2291 214 39 uppförande,

100 2343 65 31 kan
195 2343 74 31 från
298 2339 284 34 landskommunal
612 2339 171 38 synpunkt
810 2339 146 31 häremot
984 2338 172 39 ingenting
1182 2350 81 21 vara
1290 2342 49 29 att
1365 2338 117 32 erinra.
1511 2338 75 32 Med

99 2387 130 38 hänsyn
251 2386 53 32 till
329 2386 53 32 det
403 2385 11 31 i
436 2384 182 33 allmänhet
640 2383 199 39 ansträngda
862 2384 81 38 läge,
968 2383 11 31 i
1003 2383 104 32 vilket
1128 2383 235 32 kommunerna
1386 2395 43 20 nu
1451 2383 136 32 befinna

101 2431 50 38 sig
177 2432 44 38 på
245 2431 106 38 grund
378 2442 40 20 av
445 2428 213 34 arbetslöshet
694 2428 57 32 och
788 2431 87 29 stora
902 2427 138 39 utgifter
1066 2427 51 32 för
1142 2427 205 39 uppförande
1373 2440 40 20 av
1441 2427 144 38 skolhus,

100 2475 272 33 åldersdomshem
393 2474 57 32 och
472 2473 102 33 andra
596 2473 161 38 ändamål,
779 2484 66 21 som
866 2472 234 32 kommunerna
1120 2471 86 34 hava
1226 2475 48 29 att
1292 2472 179 39 tillgodose,
1494 2482 93 22 anser
