1886 2820
321 162 62 31 122
762 161 255 32 Statsutskottets
1039 161 171 31 utlåtande
1233 161 52 31 Nr
1308 163 74 29 189.

320 240 106 41 ligare
450 240 10 31 i
485 251 40 21 en
550 240 187 41 avdelning
760 251 41 22 av
825 241 107 31 första
956 240 89 32 klass
1070 251 43 22 av
1137 240 150 41 fyraårig
1310 240 82 41 linje
1415 240 58 32 vid
1498 240 195 33 seminariet
1716 241 10 31 i
1750 241 62 31 Lu-

317 293 57 32 leå
398 293 63 32 och
485 294 10 31 i
519 294 108 31 första
651 294 89 32 klass
765 305 42 21 av
831 294 132 41 tvåårig
986 294 222 40 studentlinje
1231 294 10 31 i
1266 293 205 33 Stockholm.

364 347 211 41 Härigenom
599 347 109 32 skulle
732 348 10 31 i
767 348 105 31 första
896 347 90 32 klass
1010 359 42 21 av
1069 348 151 40 fyraårig
1235 347 82 41 linje
1333 348 139 31 komma
1489 351 48 28 att
1553 347 133 41 intagas
1702 344 51 43 (11
1777 353 26 26 x

320 402 42 30 24
378 398 51 43 =)
454 402 64 30 264
554 400 119 37 elever,
709 401 10 31 i
752 402 108 31 första
883 401 90 32 klass
997 412 42 21 av
1064 401 222 41 studentlinje
1310 399 31 42 (6
1361 406 28 28 X
1410 403 41 30 24
1466 399 51 41 =)
1544 403 63 30 144
1624 401 109 32 elever
1749 401 62 31 och

317 454 10 31 i
363 455 106 30 första
503 454 92 32 klass
630 465 44 21 av
709 454 82 41 linje
823 455 54 31 för
909 454 339 32 småskollärarinnor
1273 456 41 30 24
1339 454 116 39 elever,
1481 454 80 32 eller
1584 454 229 41 sammanlagt

318 505 76 42 (264
414 512 29 28 +
466 509 61 30 144
547 512 29 28 +
598 509 42 30 24
656 506 51 42 =)
732 509 63 30 432
820 519 68 30 nya
912 508 117 39 elever,
1055 519 42 21 av
1122 508 92 32 vilka
1240 510 63 29 144
1327 508 113 32 kunde
1457 511 120 29 väntas
1594 507 91 33 bliva
1701 511 110 29 utexa-

319 561 174 31 minerade
517 562 36 30 år
579 562 95 38 1939,
701 563 42 30 24
766 563 37 30 år
829 562 84 31 1940
938 562 63 31 och
1025 563 65 30 264
1114 563 37 30 år
1178 563 93 30 1941.

363 641 118 32 Såsom
515 652 42 21 av
586 652 41 21 en
652 653 43 21 av
719 642 244 40 överstyrelsen
989 642 138 32 lämnad
1153 642 147 32 översikt
1323 653 43 22 av
1389 642 174 32 beräknad
1579 642 233 42 lärartillgång

317 686 63 31 och
414 686 200 32 lärarbehov
643 687 107 31 under
774 687 131 31 läsåren
932 688 218 31 1936—1942
1176 688 202 40 framginge,
1403 687 114 32 kunde
1542 687 64 32 den
1631 688 181 40 intagning

320 741 43 21 av
399 730 119 39 elever,
555 742 74 21 som
665 731 244 41 Överstyrelsen
948 743 47 20 nu
1030 732 177 40 föresloge,
1243 732 73 32 icke
1340 732 131 37 hindra,
1497 735 48 28 att
1568 732 69 32 viss
1662 732 83 32 brist
1768 734 43 39 på

316 775 108 32 lärare
459 776 174 31 måhända
668 776 109 32 skulle
812 778 125 40 uppstå
969 777 103 31 redan
1108 776 109 32 under
1248 777 123 32 läsåret
1397 777 228 31 1939—1940.
1674 777 65 31 För
1763 780 48 28 att

316 819 124 33 hindra
469 820 91 32 detta
584 821 109 31 skulle
718 822 79 30 flera
821 821 362 41 studentavdelningar
1206 821 131 32 behöva
1361 822 132 40 intagas
1518 823 37 30 år
1580 822 95 38 1937,
1701 833 41 20 en
1767 823 43 30 åt-

315 864 95 42 gärd,
447 875 73 21 som
553 866 244 40 Överstyrelsen
834 866 185 32 emellertid
1055 870 110 28 ansett
1200 866 51 41 sig
1273 866 73 32 icke
1370 867 118 31 kunna
1511 866 149 38 förorda,
1684 866 43 32 då
1751 866 59 31 till-

316 909 144 41 räckligt
483 909 92 32 antal
600 910 151 32 sökande
774 910 51 32 till
848 911 80 31 flera
952 911 232 40 avdelningar,
1210 916 42 26 än
1277 911 66 32 vad
1360 911 245 40 överstyrelsen
1624 922 87 21 ovan
1728 911 83 31 före-

316 954 111 41 slagit,
454 954 127 32 kanske
606 955 74 32 icke
704 955 114 32 kunde
842 956 177 41 påräknas.
1068 955 66 32 Till
1159 956 40 31 de
1223 957 58 30 två
1304 955 152 41 manliga
1479 955 266 32 studentklasser
1768 973 43 3 —

314 999 12 31 i
362 998 160 33 Karlstad
556 1000 63 31 och
648 1000 195 41 Linköping
866 1017 42 4 —
932 1011 73 21 som
1029 1000 139 41 intagits
1194 1002 36 29 år
1255 1001 94 38 1936,
1375 1001 87 31 hade
1486 1000 175 41 nämligen
1686 1000 126 32 antalet

315 1043 151 32 sökande
489 1047 74 28 nätt
587 1045 63 31 och
673 1045 87 40 jämt
783 1045 175 40 överstigit
981 1045 127 32 antalet
1132 1045 192 41 disponibla
1346 1045 135 41 platser,
1507 1045 109 32 under
1631 1045 56 32 det
1701 1048 48 29 att
1766 1047 45 29 ett

314 1088 313 33 tillfredsställande
651 1089 91 32 antal
766 1089 151 33 sökande
950 1090 130 31 anmält
1104 1090 52 41 sig
1179 1089 51 32 till
1253 1090 66 32 den
1343 1090 178 41 kvinnliga
1537 1089 274 33 studentklassen

314 1133 11 31 i
351 1133 207 32 Stockholm.
591 1134 209 41 Visserligen
824 1145 80 21 vore
928 1138 48 28 att
1001 1134 126 39 märka,
1145 1138 50 28 att
1211 1134 40 32 de
1268 1146 68 29 nya
1352 1134 300 33 bestämmelserna
1668 1134 142 32 rörande

315 1178 134 40 tvåårig
480 1178 224 41 studentlinje
727 1179 73 32 icke
825 1179 97 33 blivit
945 1180 54 31 för
1023 1179 232 32 allmänheten
1278 1179 148 32 bekanta
1449 1181 116 30 förrän
1589 1179 10 31 i
1623 1179 120 40 början
1768 1190 41 20 av

315 1222 63 40 juli
404 1223 135 31 månad.
566 1223 127 41 Många
717 1224 182 38 studenter,
925 1234 72 21 som
1022 1224 97 40 eljest
1143 1224 173 32 måhända
1340 1224 75 32 sökt
1439 1224 51 41 sig
1514 1224 50 31 till
1588 1224 106 31 sådan
1717 1223 93 40 linje,

319 1267 88 31 hade
432 1267 115 32 därför
570 1267 74 32 icke
679 1268 76 31 haft
778 1268 158 42 kunskap
961 1279 54 20 om
1040 1269 41 31 de
1105 1268 439 42 utbildningsmöjligheter,
1570 1279 73 21 som
1667 1268 142 38 funnits,

314 1311 107 32 andra
444 1312 87 31 hade
555 1312 73 32 icke
653 1314 43 39 på
721 1313 63 31 den
810 1313 96 31 korta
930 1313 58 38 tid,
1014 1324 73 21 som
1112 1315 153 30 återstått
1287 1313 51 32 till
1361 1313 289 41 inträdesproven,
1676 1313 133 31 kunnat

314 1356 187 32 medhinna
524 1356 199 41 erforderlig
746 1357 263 42 komplettering
1025 1368 42 22 av
1084 1358 52 31 sin
1152 1358 290 32 studentexamen.
1480 1359 80 31 Men
1576 1363 87 27 även
1681 1369 54 20 om
1753 1358 55 31 det

313 1401 117 31 därför
453 1412 79 21 vore
556 1404 48 29 att
620 1402 142 40 hoppas,
779 1405 48 28 att
843 1402 287 41 tillströmningen
1148 1402 49 32 till
1215 1403 244 40 studentlinjen
1476 1403 108 31 under
1600 1402 207 32 kommande

313 1447 37 30 år
383 1445 109 32 skulle
516 1446 92 32 bliva
631 1446 109 32 bättre
764 1452 43 26 än
831 1448 37 30 år
894 1448 94 37 1936,
1014 1447 87 32 hade
1126 1447 245 41 överstyrelsen
1395 1448 73 31 icke
1492 1449 102 39 vågat
1618 1447 124 32 föreslå
1765 1464 41 4 —

313 1494 120 28 utöver
457 1491 40 31 de
521 1491 169 32 ordinarie
714 1492 70 30 fem
808 1491 406 42 studentavdelningarna
1231 1510 42 3 —
1297 1504 72 20 mer
1385 1498 42 26 än
1444 1504 42 20 en
1503 1492 195 41 avdelning,
1715 1497 92 26 näm-

313 1535 90 40 ligen
440 1535 10 31 i
487 1535 208 39 Stockholm,
725 1536 59 31 där
808 1546 80 21 man
915 1536 105 32 under
1044 1536 65 32 alla
1135 1537 238 32 förhållanden
1396 1537 94 32 torde
1514 1537 119 32 kunna
1656 1537 152 41 påräkna

313 1580 196 40 tillräckligt
533 1580 93 31 antal
651 1580 158 32 sökande.
851 1581 67 31 För
942 1585 47 27 att
1013 1581 86 32 dock
1123 1581 10 31 i
1158 1582 68 31 viss
1251 1584 80 29 mån
1355 1582 177 32 motverka
1557 1582 66 31 den
1647 1581 159 32 befarade

313 1624 228 39 lärarbristen,
574 1625 89 32 hade
692 1625 244 41 överstyrelsen
970 1626 173 40 föreslagit
1170 1626 180 42 intagning
1374 1638 42 20 av
1440 1637 41 21 en
1506 1630 94 28 extra
1624 1626 183 41 avdelning

313 1679 43 22 av
381 1669 64 32 den
470 1670 173 41 fyraåriga
666 1669 124 42 linjens
814 1671 106 31 första
943 1670 90 33 klass
1057 1671 11 31 i
1092 1670 113 33 Luleå.

359 1750 329 32 Statskontoret
712 1751 62 31 har
797 1752 114 31 anfört
933 1751 168 41 följande:

360 1812 51 31 De
441 1812 302 39 lärarkandidater,
768 1824 72 21 som
865 1814 132 40 intoges
1021 1816 20 30 å
1065 1814 151 41 fyraårig
1240 1814 81 41 linje
1346 1814 119 32 hösten
1492 1815 96 37 1937,
1613 1813 96 33 bleve
1733 1814 73 31 icke

314 1857 277 32 utexaminerade
616 1858 115 31 förrän
756 1860 103 30 våren
886 1859 94 31 1941.
1028 1859 78 31 Med
1131 1859 134 41 hänsyn
1289 1859 113 32 härtill
1427 1859 62 32 och
1514 1859 43 32 då
1581 1861 112 29 såsom
1721 1858 84 32 skol-

313 1902 244 40 överstyrelsen
583 1902 176 41 påpekade
783 1903 271 41 beräkningarna
1078 1915 42 21 av
1144 1903 234 33 lärarbehovet
1400 1905 54 31 för
1477 1906 46 36 år,
1548 1914 74 21 som
1642 1903 74 32 icke
1732 1903 73 40 låge

314 1957 54 20 oss
405 1946 82 32 allra
519 1950 161 35 närmast,
717 1958 79 21 vore
820 1947 136 41 mycket
980 1948 129 38 osäkra,
1135 1948 115 32 kunde
1274 1949 242 32 statskontoret
1539 1948 75 32 icke
1637 1948 169 41 tillstyrka

312 1990 182 41 intagning
517 2001 42 21 av
584 1991 110 32 elever
717 1994 19 29 å
759 1992 152 41 fyraårig
933 1992 82 41 linje
1039 1996 120 29 utöver
1183 1993 65 32 den
1272 1993 154 32 normala
1442 1993 284 41 organisationen.
1756 1993 50 31 De

312 2046 43 20 av
391 2035 322 42 skolöverstyrelsen
748 2037 150 41 angivna
932 2038 158 31 siffrorna
1126 2040 19 29 &å
1179 2038 64 31 den
1267 2038 160 32 befarade
1450 2038 218 32 lärarbristen
1692 2040 113 39 syntes

312 2083 153 29 närmast
500 2080 81 32 böra
604 2081 177 32 föranleda
803 2082 181 41 intagning
1008 2093 42 21 av
1074 2082 193 41 ytterligare
1290 2094 43 21 en
1357 2083 89 32 klass
1470 2083 110 31 elever
1605 2084 19 29 å
1648 2082 65 32 den
1737 2084 68 30 tvä-

312 2125 94 41 åriga
430 2125 257 41 studentlinjen.
724 2126 258 39 Statskontoret,
1006 2138 72 21 som
1103 2127 74 32 icke
1201 2138 79 22 vore
1303 2128 11 31 i
1339 2127 98 33 stånd
1461 2130 49 29 att
1533 2127 155 38 bedöma,
1704 2127 101 31 huru-

311 2169 81 32 vida
415 2170 194 41 tillräckligt
634 2170 92 32 antal
749 2171 150 32 sökande
918 2171 50 32 till
986 2174 36 29 så
1038 2174 126 38 många
1180 2172 362 42 studentavdelningar
1557 2172 115 32 kunde
1688 2172 117 40 påräk-

311 2225 71 27 nas,
408 2216 125 39 ansåge
549 2215 52 41 sig
617 2215 185 32 emellertid
821 2216 80 32 böra
916 2216 170 41 tillstyrka
1102 2217 142 32 allenast
1259 2228 42 21 en
1317 2220 94 29 extra
1427 2217 240 32 studentklass.
1693 2217 110 31 Huru-

311 2259 80 32 vida
416 2259 186 32 emellertid
623 2260 114 32 denna
753 2260 103 32 borde
873 2261 171 42 förläggas
1061 2261 51 32 till
1128 2262 194 32 seminariet
1343 2262 5 32 i
1366 2262 196 32 Stockholm
1580 2265 114 38 syntes
1711 2264 93 29 stats-

311 2303 157 33 kontoret
509 2305 181 32 tveksamt.
739 2305 210 41 Härigenom
990 2306 108 32 skulle
1136 2306 174 42 nämligen
1348 2307 59 32 vid
1441 2307 105 41 sagda
1582 2306 220 32 seminarium

310 2348 141 32 komma
474 2352 47 28 att
545 2350 110 42 finnas
680 2361 41 20 en
745 2350 186 42 avdelning
953 2362 72 21 mer
1048 2356 43 27 än
1116 2362 72 21 som
1214 2351 188 32 detsamma
1419 2352 57 31 vid
1494 2351 63 32 full
1574 2351 229 41 organisation

311 2393 109 32 skulle
444 2395 153 31 omfatta.
624 2394 29 31 Å
678 2394 106 32 andra
807 2395 98 32 sidan
930 2395 108 32 skulle
1061 2396 197 32 seminariet
1281 2396 10 32 i
1316 2396 170 39 Karlstad,
1512 2407 73 21 som
1611 2397 52 31 för
1686 2400 117 27 närva-

310 2438 105 31 rande
440 2438 86 32 hade
550 2440 70 30 fem
646 2439 233 41 avdelningar,
904 2441 54 31 för
981 2443 97 29 nästa
1101 2440 88 33 läsår
1205 2441 36 31 få
1257 2452 41 21 en
1315 2441 184 40 avdelning
1514 2440 143 32 mindre.
1683 2440 119 32 Ehuru

309 2483 196 32 seminariet
528 2483 10 31 i
563 2483 198 33 Stockholm
785 2495 80 21 vore
889 2488 109 29 avsett
1020 2486 54 31 för
1097 2485 179 42 kvinnliga
1299 2485 110 34 elever
1432 2497 77 20 men
1535 2486 56 32 det
1615 2485 10 32 i
1642 2484 160 33 Karlstad
