1886 2824
314 162 42 31 84
749 162 256 32 Statsutskottets
1028 162 169 33 utlåtande
1220 164 53 30 Nr
1295 166 75 29 189.

355 241 16 32 I
396 242 99 41 fråga
519 252 56 21 om
598 241 159 42 gällande
781 242 256 32 bestämmelser
1061 243 63 31 och
1147 243 145 41 tidigare
1316 243 128 41 förslag
1466 243 163 33 hänvisar
1644 245 166 31 utskottet

311 295 50 32 till
396 295 62 32 sid.
499 296 60 31 137
594 296 63 31 och
695 296 61 32 138
792 296 11 31 i
831 296 375 41 statsrådsprotokollet.
1255 296 73 32 Här
1352 299 56 29 må
1431 296 143 33 allenast
1598 297 137 39 erinras,
1760 301 49 29 att

314 350 83 31 1928
423 351 55 30 års
502 349 258 32 lönekommitté
784 349 148 42 föreslog
954 351 55 31 för
1033 350 129 41 manlig
1186 350 219 32 arbetslärare
1425 351 39 31 15
1481 350 216 42 lönegraden,
1716 351 93 32 detta

311 402 104 32 bland
439 405 106 29 annat
568 403 78 32 med
670 403 135 41 hänsyn
829 403 50 31 till
903 406 49 29 att
975 403 208 41 avlöningen
1208 404 102 32 borde
1334 404 162 32 tillmätas
1520 406 46 37 så,
1585 407 48 29 att
1649 416 160 30 personer

312 456 77 32 med
425 456 153 32 utmärkt
612 456 315 41 yrkesskicklighet,
956 456 106 42 parad
1087 457 77 32 med
1189 458 54 31 för
1267 457 63 32 den
1356 457 157 41 speciella
1536 457 272 33 blindundervis-

311 510 128 40 ningen
475 510 158 41 lämpade
669 510 193 41 personliga
894 511 218 40 egenskaper,
1148 511 116 32 kunde
1291 512 177 32 förvärvas
1492 512 54 31 för
1570 511 97 32 dessa
1689 512 118 32 lärare-

312 563 243 42 befattningar.

355 617 487 42 Läroverkslönesakkunniga
865 617 90 32 hava
978 617 142 32 anslutit
1143 618 52 41 sig
1211 617 50 32 till
1280 619 83 31 1928
1381 619 53 31 års
1451 618 275 33 lönekommittés
1743 620 64 31 för-

312 671 72 41 slag
416 671 10 31 i
462 671 98 40 fråga
592 682 55 21 om
680 671 173 41 placering
885 681 43 22 av
962 671 41 32 de
1038 671 150 41 manliga
1218 671 281 33 arbetslärarna
1486 667 19 50 i
1526 673 39 31 15
1590 672 215 41 lönegraden.

312 724 48 31 På
384 724 113 40 grund
515 735 42 21 av
574 724 340 41 likalönsprincipens
930 724 182 32 införande
1128 725 62 31 har
1206 725 112 32 denna
1334 725 162 41 lönegrad
1513 725 190 42 föreslagits
1720 731 87 27 även

310 778 53 31 för
396 777 41 32 de
470 778 178 41 kvinnliga
678 778 247 32 arbetslärarna
949 775 474 44 (handarbetslärarinnorna).
1472 778 172 33 Generellt
1666 779 142 32 föreslås

311 831 97 32 alltså
432 832 55 31 för
510 831 219 32 arbetslärare
753 831 57 32 vid
836 831 279 32 läroanstalterna
1140 833 52 31 för
1215 831 117 33 blinda
1359 834 39 30 15
1422 832 217 41 lönegraden.

355 885 358 40 Departementschefen
746 885 63 31 har
833 890 86 27 även
945 887 43 39 på
1011 885 223 33 förevarande
1259 886 110 40 punkt
1398 885 141 32 anslutit
1566 886 51 41 sig
1642 886 51 32 till
1723 886 84 32 läro-

310 938 415 41 verkslönesakkunnigas
757 939 136 40 förslag.
941 938 134 33 Härvid
1107 939 62 31 har
1201 939 377 41 departementschefen
1602 940 124 32 erinrat
1750 951 55 21 om

310 992 67 32 vad
401 992 70 31 han
496 992 142 41 tidigare
662 992 57 32 vid
742 992 251 41 behandlingen
1012 1003 42 21 av
1070 992 283 41 löneställningen
1372 994 51 30 för
1439 993 134 32 lärarna
1592 993 10 31 i
1619 993 187 41 kunskaps-

311 1050 124 27 ämnen
467 1046 115 31 anfört
613 1045 143 32 rörande
784 1045 187 42 personligt
1003 1045 197 42 lönetillägg
1232 1048 34 29 åt
1299 1046 127 32 sådana
1458 1047 199 32 nuvarande
1690 1047 117 41 tjänst-

309 1099 219 38 innehavare,
555 1110 70 21 som
650 1110 124 30 genom
796 1099 290 41 löneregleringen
1109 1099 108 32 skulle
1242 1099 139 32 komma
1397 1103 48 28 att
1462 1100 128 32 erhålla
1607 1100 200 42 minskning

310 1152 11 31 i
347 1152 74 32 sina
446 1152 364 41 avlöningsförmåner.

310 1261 200 30 Lärarinna
533 1261 13 29 i
568 1260 341 40 hushållsgöromål.

355 1321 218 32 Beträffande
606 1321 156 41 gällande
795 1321 255 32 bestämmelser
1073 1322 62 31 och
1163 1321 143 42 tidigare
1331 1322 127 41 förslag
1482 1322 50 32 till
1556 1322 252 42 löneplacering

310 1375 163 32 hänvisar
497 1375 163 32 utskottet
683 1374 51 32 till
759 1375 367 41 statsrådsprotokollet
1150 1375 60 32 sid.
1239 1376 72 31 138.

355 1428 486 42 Läroverkslönesakkunniga
867 1429 89 32 hava
989 1428 162 39 förordat,
1176 1432 49 28 att
1248 1429 66 32 den
1338 1429 272 33 hittillsvarande
1634 1429 173 41 likställig-

309 1482 102 32 heten
435 1482 12 31 i
471 1482 377 41 avlöningshänseende
872 1482 126 32 mellan
1022 1482 171 32 lärarinna
1216 1482 10 31 i
1246 1482 308 42 hushållsgöromål
1571 1483 62 32 och
1649 1483 158 41 kvinnlig

311 1535 221 32 arbetslärare
555 1533 402 43 (handarbetslärarinna)
981 1535 196 39 bibehålles,
1203 1536 63 31 och
1290 1536 90 33 hava
1403 1537 91 40 förty
1511 1536 174 42 föreslagit
1701 1537 106 41 place-

310 1589 76 41 ring
400 1588 132 41 jämväl
549 1600 42 21 av
607 1589 238 32 förstnämnda
860 1589 194 32 lärarinna
1040 1584 16 50 i
1070 1590 39 31 15
1122 1589 214 41 lönegraden.
1374 1590 51 31 Då
1438 1590 368 32 hushållslärarinnans

311 1642 443 42 tjänstgöringsskyldighet
776 1642 235 41 regelmässigt
1035 1642 182 41 överstiger
1237 1644 42 31 30
1296 1643 254 39 veckotimmar,
1567 1643 62 32 har
1645 1647 162 37 systemet

309 1696 78 31 med
422 1696 65 31 full
522 1696 57 31 lön
612 1695 57 33 vid
703 1707 41 20 en
773 1696 228 41 tjänstgöring
1025 1706 43 22 av
1092 1697 42 31 30
1157 1696 245 32 veckotimmar
1425 1700 128 28 ansetts
1576 1697 73 31 icke
1675 1697 131 32 behöva

309 1749 172 42 tillämpas
506 1750 211 32 beträffande
741 1750 113 32 denna
878 1750 181 31 lärarinna.

354 1803 357 41 Departementschefen
739 1803 62 32 har
824 1803 142 32 anslutit
989 1803 52 41 sig
1071 1803 50 32 till
1154 1803 485 42 läroverkslönesakkunnigas
1662 1803 143 33 berörda

310 1857 128 41 förslag
461 1857 144 32 rörande
628 1857 397 41 lönegradsplaceringen
1051 1868 42 21 av
1117 1857 171 32 lärarinna
1311 1857 10 31 i
1346 1857 316 41 hushållsgöromål.

308 1948 286 30 Icke-ordinarie
616 1947 129 31 lärare.

353 2009 219 32 Beträffande
604 2008 157 42 gällande
795 2008 255 32 bestämmelser
1074 2009 62 31 och
1160 2008 144 41 tidigare
1328 2009 127 41 förslag
1478 2008 50 32 till
1553 2008 252 41 löneplacering

308 2063 162 32 hänvisar
495 2063 162 31 utskottet
681 2062 51 31 till
756 2061 368 42 statsrådsprotokollet
1147 2062 61 31 sid.
1237 2063 70 31 139.

352 2116 487 40 Läroverkslönesakkunniga
851 2116 89 31 hava
952 2132 44 3 —
1011 2115 11 31 i
1039 2115 150 41 enlighet
1205 2116 79 31 med
1300 2116 52 31 sin
1371 2115 236 42 uppläggning
1623 2126 42 21 av
1682 2116 122 40 frågan

309 2181 55 21 om
394 2169 255 33 icke-ordinarie
673 2169 125 32 lärares
822 2168 209 42 anställning
1055 2169 62 31 och
1141 2169 316 32 löneförhållanden
1480 2186 43 3 —
1547 2168 183 42 föreslagit,
1757 2172 48 28 att

309 2227 93 28 extra
437 2223 169 32 ordinarie
641 2223 63 31 och
740 2226 93 28 extra
856 2223 106 31 lärare
987 2222 58 32 vid
1069 2222 277 32 läroanstalterna
1371 2224 53 30 för
1447 2222 126 39 blinda,
1599 2223 10 30 i
1633 2222 66 32 den
1724 2224 80 29 mån

305 2277 130 32 sådana
470 2276 338 41 befattningshavare
843 2276 139 32 komma
1006 2279 49 28 att
1078 2276 169 39 anställas,
1272 2276 149 41 placeras
1445 2276 11 31 i
1480 2276 152 40 följande
1655 2276 150 41 lönegra-

308 2331 68 37 der,
400 2330 176 40 nämligen
600 2329 105 32 lärare
729 2329 11 31 i
764 2330 289 40 kunskapsämne,
1078 2329 113 31 musik
1215 2329 80 32 eller
1317 2330 198 40 gymnastik
1542 2330 39 31 18
1598 2329 206 41 lönegraden

308 2387 89 29 samt
424 2383 221 32 arbetslärare
669 2388 164 27 ävensom
856 2382 172 32 lärarinna
1051 2382 11 31 i
1086 2382 306 42 hushållsgöromål
1419 2385 40 29 14
1482 2383 215 41 lönegraden.
1739 2383 66 31 För

308 2437 172 32 timlärare
508 2437 11 31 i
548 2437 113 31 musik
685 2436 63 32 och
772 2436 195 45 gymnastik
992 2436 58 32 vid
1074 2436 168 32 institutet
1266 2436 62 32 och
1352 2436 172 32 förskolan
1551 2439 20 29 å
1594 2435 211 33 Tomteboda

308 2490 63 31 har
397 2490 195 41 föreslagits
620 2500 133 22 samma
777 2489 162 42 avlöning
962 2500 74 21 som
1060 2489 51 32 till
1135 2490 128 31 sådana
1286 2489 106 32 lärare
1416 2489 58 33 vid
1498 2490 41 32 de
1564 2489 135 41 statliga
1722 2488 83 32 läro-
