1884 2820
299 141 63 32 186
738 143 258 34 Statsutskottets
1018 145 169 32 utlåtande
1210 146 54 31 Nr
1287 148 75 30 189.

341 218 120 43 (under
492 222 112 41 punkt
636 220 53 43 50)
722 225 49 30 att
803 223 184 42 godkänna
1021 224 66 32 den
1123 235 42 23 av
1201 225 375 42 departementschefen
1610 227 182 33 förordade

295 275 417 43 personalförteckningen
737 277 54 32 för
814 277 280 33 läroanstalterna
1117 279 54 32 för
1194 278 128 40 blinda,
1340 283 48 29 att
1404 279 171 43 tillämpas
1592 281 67 32 tills
1676 281 116 33 vidare

296 328 77 32 från
407 329 63 31 och
504 329 79 32 med
616 329 65 32 den
716 331 16 31 1
767 330 136 41 januari
937 332 95 38 1938,
1065 332 86 32 dock
1175 333 78 32 med
1276 333 220 42 iakttagande
1520 345 43 21 av
1586 334 66 32 den
1677 345 42 22 av
1743 338 49 29 ut-

296 382 125 32 skottet
445 382 179 33 förordade
648 383 151 33 ändrade
822 383 152 42 lydelsen
998 395 43 23 av
1065 386 242 32 ovannämnda
1327 386 357 43 tjänsteförteckning;
1703 391 89 29 samt

342 433 119 42 (under
484 436 113 41 punkt
620 434 53 42 52)
697 440 49 29 att
770 437 51 32 till
846 438 248 33 Läroanstalter
1109 439 60 41 för
1192 440 132 32 blinda:
1348 440 205 42 Avlöningar
1575 442 54 31 för
1652 441 139 42 budget-

297 490 71 31 året
394 488 188 35 1937/1938
608 490 118 33 anvisa
749 493 47 30 ett
812 491 264 42 förslagsanslag
1100 503 42 23 av
1168 494 143 38 184,200
1334 493 134 33 kronor.

342 586 31 32 3.
420 587 58 32 Ett
512 587 96 33 bifall
643 588 50 32 till
728 589 180 33 utskottets
943 590 128 42 förslag
1094 591 78 32 med
1196 593 113 31 enbart
1333 591 65 33 den
1423 592 154 42 ändring,
1602 603 73 22 som
1700 592 92 33 inne-

296 641 104 31 fattas
423 640 11 32 i
457 642 236 32 reservationen
716 641 36 40 5)
777 642 48 40 A)
850 643 211 33 beträffande
1084 644 339 42 parallellavdelning
1444 645 59 33 vid
1526 646 267 32 folkskolesemi-

295 693 110 32 nariet
427 694 11 31 i
462 694 115 39 Luleå,
602 695 134 33 medför
760 696 213 33 beträffande
997 697 300 43 förslagsanslaget
1320 698 51 32 till
1394 698 395 34 Folkskoleseminarier:

296 746 213 43 Avlöningar
532 748 67 32 den
622 749 256 42 förändringen,
903 753 48 29 att
974 750 182 42 riksdagen
1180 751 61 33 bör
1264 751 133 33 besluta

340 797 121 43 (under
495 802 112 41 punkt
641 800 53 43 31)
729 805 49 30 att
813 803 51 32 till
887 804 377 33 Folkskoleseminarier:
1287 805 205 42 Avlöningar
1514 807 54 32 för
1591 806 201 42 budgetåret

299 853 188 41 1937/1938
513 855 119 33 anvisa
655 859 46 29 ett
717 856 264 43 förslagsanslag
1006 868 43 22 av
1076 859 175 38 1,915,000
1274 859 136 33 kronor.
