2222 2636
710 221 259 33 Statsuwtskottets
1002 218 177 35 Utlåtande
1206 218 66 32 N:o
1303 221 29 29 5.
1721 214 46 31 49

228 305 174 50 skjutfält
442 306 59 36 för
537 304 166 47 artilleri,
739 303 1 36 i
772 303 145 36 hvilket
946 301 216 49 hänseende
1192 298 180 38 särskildt
1402 298 115 37 borde
1545 296 192 49 tilläggas,
1766 299 56 33 att

228 358 72 37 den
328 362 170 32 närmast
526 356 179 38 stranden
733 355 162 49 belägna
925 354 111 37 delen
1064 353 41 37 af
1131 352 200 49 Östersjön
1359 351 13 36 i
1392 349 241 38 skottliniens
1655 348 167 48 förläng-

228 410 93 48 ning
349 423 89 24 vore
467 409 124 49 grund
619 409 71 37 och
719 407 252 47 stenbunden,
1001 409 41 33 så
1069 410 54 32 att
1152 405 130 48 fartyg
1309 403 123 48 aldrig
1461 402 71 37 och
1551 400 146 37 mindre
1716 401 107 36 båtar

229 462 135 37 endast
403 461 277 49 undantagsvis
708 460 68 37 der
803 458 219 51 passerade,
1052 458 72 36 och
1153 461 54 32 att
1236 456 64 37 det
1327 454 242 49 följaktligen
1597 452 149 38 bildade
1776 465 47 23 en

230 514 168 53 särdeles
427 514 157 48 lämplig
611 512 201 49 bakgrund
841 514 36 33 åt
904 510 120 37 fältet.

333 560 126 43 Åfven
488 566 13 36 i
530 564 241 38 ekonomiskt
803 562 217 38 hänseende
1051 574 88 23 vore
1169 560 64 37 det
1260 559 219 49 föreslagna
1508 556 213 51 skjutfältet
1747 556 77 37 för-

229 618 197 49 delaktigt,
454 619 12 36 i
495 618 64 36 det
595 622 56 32 att
684 617 210 36 detsamma
921 614 117 37 borde
1067 614 128 36 kunna
1222 612 214 37 förvärfvas
1465 611 59 36 för
1552 614 55 33 ett
1629 608 195 49 jemförel-

230 672 100 36 sevis
372 671 125 48 billigt
538 669 90 50 pris.
684 669 233 37 Jordmånen
957 666 159 37 bestode
1157 664 205 49 nemligen,
1393 667 123 33 såsom
1544 662 213 48 framginge
1787 661 41 36 af

228 726 63 34 två
333 723 180 49 bifogade
557 721 144 48 förslag
737 720 57 37 till
823 718 467 49 värderingsinstrument,
1319 716 12 36 i
1358 716 120 37 likhet
1506 714 86 37 med
1621 727 45 24 en
1694 713 130 37 äfven-

228 775 106 37 ledes
362 775 195 36 närsluten
585 774 119 46 karta,
733 772 225 50 upprättade
988 771 40 36 af
1053 770 81 36 vice
1151 767 548 39 kommissionslandtmätaren
1719 765 43 36 A.
1780 765 43 35 E.

231 827 232 47 Andersson,
500 826 56 37 till
592 831 140 31 största
760 824 110 37 delen
899 824 42 36 af
967 822 209 47 ofruktbar,
1204 821 59 36 lös
1294 819 181 50 sandjord
1504 819 41 36 af
1570 818 150 37 relativt
1746 817 81 49 lågt

230 879 127 37 värde.
412 879 61 37 En
514 878 60 36 del
615 878 41 36 af
694 877 154 36 marken
889 888 89 24 vore
1020 873 228 48 visserligen
1282 873 174 36 bevuxen
1484 871 87 36 med
1600 870 110 49 skog,
1740 882 86 23 men

230 931 124 37 denna
381 931 137 47 kunde,
549 933 123 34 såsom
702 929 164 37 varande
895 927 135 37 endast
1057 926 206 37 halfvuxen
1292 924 92 37 eller
1418 923 198 46 derunder,
1646 923 33 47 ej
1709 921 119 37 heller

230 984 157 48 betinga
428 984 96 47 högt
564 982 90 49 pris.
710 981 54 37 Af
794 981 46 36 de
868 980 71 36 hus
968 979 71 37 och
1067 978 239 49 byggnader,
1336 989 82 24 som
1448 976 84 47 låge
1560 977 49 46 på
1637 974 62 37 det
1728 973 99 37 före-

232 1035 134 48 slagna
409 1035 233 48 skjutfältets
685 1033 164 47 område,
891 1045 91 24 vore
1016 1036 140 31 tvenne
1185 1029 138 48 gårdar
1351 1028 62 37 väl
1440 1026 246 38 underhållna
1716 1026 72 36 och
1816 1025 11 36 i

230 1088 95 49 godt
354 1087 120 49 skick,
504 1087 195 36 hvaremot
727 1086 46 36 de
803 1084 124 50 öfriga
954 1096 93 24 vore
1076 1083 41 36 af
1142 1081 102 49 dålig
1271 1080 264 38 beskaffenhet
1555 1079 70 37 och
1645 1077 182 49 temligen

231 1140 210 37 värdelösa.
497 1139 57 37 De
596 1138 96 37 båda
731 1136 504 49 värderingsinstrumenten
1263 1133 71 37 och
1363 1131 382 38 landtmätarekartan
1775 1130 53 36 vi-

234 1193 89 36 sade
364 1192 61 37 för
466 1191 128 48 öfrigt,
637 1196 54 30 att
718 1190 139 49 jorden
885 1202 91 23 vore
1005 1188 153 49 mycket
1185 1184 302 50 sönderstyckad
1516 1184 71 37 och
1615 1184 212 36 hemmans-

233 1244 153 37 delarne
429 1246 90 34 små.
576 1243 171 47 Egarnes
790 1241 98 37 antal
923 1240 195 49 uppginge
1160 1238 57 36 till
1259 1238 116 35 minst
1401 1236 143 46 femtio,
1573 1235 155 37 hvarför
1757 1234 71 37 och

233 1297 85 36 med
360 1296 150 48 hänsyn
551 1294 56 37 till
641 1294 245 48 svårigheten
914 1297 55 31 att
995 1291 64 37 vid
1086 1290 147 48 vanligt
1262 1290 74 48 köp
1367 1288 120 37 befria
1515 1288 46 36 de
1591 1290 136 44 många
1756 1287 72 35 och

234 1352 80 33 små
350 1347 274 50 jordstyckena
655 1346 83 36 från
766 1344 265 48 inteckningar
1059 1341 228 51 uppgörelse
1316 1341 120 36 under
1463 1340 101 36 hand
1591 1339 82 36 icke
1701 1339 126 36 kunde

234 1401 134 36 tänkas
396 1400 117 36 varda
540 1398 144 50 möjlig,
713 1403 90 31 utan
831 1395 281 51 expropriation
1142 1394 124 36 blefve
1296 1392 271 49 oundgänglig.

338 1452 133 49 Enligt
511 1451 46 37 de
595 1450 210 50 åberopade
832 1448 502 49 värderingsinstrumenten
1365 1458 92 24 voro
1485 1443 257 37 kostnaderna
1770 1443 60 36 för

234 1505 117 49 inköp
381 1505 41 36 af
448 1505 64 36 det
540 1503 218 48 föreslagna
787 1500 212 50 skjutfältet
1026 1498 216 38 beräknade
1270 1497 57 37 till
1355 1496 168 49 följande
1553 1495 152 49 belopp,
1725 1507 104 24 nem-

236 1557 119 48 ligen:

237 1661 82 48 JOrd
356 1692 118 5 iso
539 1691 49 5 fniss
665 1691 49 4 sänka
825 1689 38 5 Brr
976 1686 128 6 GE
1125 1650 43 57 na
1183 1686 25 5 Ok
1261 1685 16 6 KSO
1298 1684 48 5 [I00N
1514 1651 45 37 kr.
1601 1652 149 45 91,783:
1780 1671 50 6 —

237 1713 171 36 växande
438 1712 97 47 skog
592 1741 128 6 oo...
774 1741 60 4 fd
868 1742 12 2 dkatt
889 1700 16 58 ss
915 1740 47 4 bre,
962 1700 73 58 säsEer
1050 1738 50 5 låren
1154 1737 49 5 dbRridår
1234 1737 72 4 error
1337 1735 142 6 acsäöorrrårnnn
1527 1716 17 23 DD
1599 1704 151 45 433200:
1782 1724 47 6 —

236 1764 249 50 åbyggnader
536 1795 3 4 oc
638 1793 39 5 oscs
766 1793 37 4 mess
846 1792 118 4 secs
1006 1790 108 5 see
1201 1787 280 6 een
1528 1768 18 23 »
1604 1756 147 44 11,650:
1780 1776 51 5 —

342 1970 72 36 Till
442 1969 104 37 detta
573 1969 60 36 för
661 1968 137 49 sjelfva
825 1967 127 37 fältets
981 1965 268 38 förvärfvande
1279 1963 250 48 erforderliga
1557 1962 137 49 belopp
1716 1961 114 37 borde

242 2022 210 36 emellertid
486 2021 135 48 läggas
655 2020 80 36 dels
765 2019 269 37 omkostnader
1062 2019 59 35 för
1150 2016 283 49 expropriation
1463 2016 70 35 och
1562 2014 271 48 kartläggning

240 2074 41 35 af
307 2073 214 48 skjutfältet
549 2077 98 31 samt
675 2072 89 35 derå
791 2071 191 47 behöfliga
1002 2069 267 47 anordningar,
1290 2067 128 36 hvilka
1437 2066 206 37 kostnader
1662 2066 41 35 af
1719 2078 109 35 rege-

240 2124 264 37 mentschefen
537 2123 201 36 beräknats
768 2122 57 36 till
854 2123 138 45 20,169
1022 2121 150 44 kronor,
1202 2119 80 36 dels
1311 2119 59 36 för
1399 2117 245 37 oförutsedda
1671 2117 159 47 utgifter

240 2190 46 23 en
329 2189 156 33 summa,
528 2188 81 23 som
651 2174 85 37 med
778 2174 75 36 fäst
895 2172 180 37 afseende
1117 2174 48 46 på
1194 2170 244 48 svårigheten
1467 2175 54 30 att
1549 2174 190 42 noggrant
1767 2168 63 36 be-

242 2229 116 36 räkna
399 2228 90 49 pris,
532 2240 80 23 som
656 2226 214 36 sedermera
899 2225 120 35 skulle
1048 2224 230 36 bestämmas
1308 2222 42 35 af
1374 2221 457 50 expropriationsnämnd,

239 2281 83 36 icke
356 2280 106 36 torde
497 2279 90 36 böra
616 2283 116 31 sättas
761 2278 105 47 lägre
896 2281 47 31 än
973 2276 52 36 till
1057 2275 175 47 omkring
1261 2277 20 32 2
1314 2279 148 43 procent
1495 2274 41 35 af
1561 2273 63 35 det
1651 2272 181 48 uppskat-

240 2333 86 36 tade
355 2331 258 49 inköpspriset
642 2330 58 36 för
729 2329 137 49 sjelfva
895 2327 224 50 skjutfältet,
1149 2326 104 47 eller,
1281 2326 60 36 för
1355 2325 206 50 jemnande
1582 2325 40 35 af
1638 2323 195 48 anslagets

325 2392 65 28 Bih.
414 2392 46 28 till
481 2391 96 28 Riksd.
601 2392 76 27 Prot.
703 2389 90 29 18697.
840 2388 19 29 4
882 2389 86 28 Saml.
1014 2387 17 29 I
1054 2389 70 34 Afd.
1170 2386 21 29 3
1213 2387 85 36 Häft.
1773 2384 16 27 1
