2220 2626
457 219 46 32 48
880 222 259 34 Statsutskottets
1172 224 177 34 Utlåtande
1375 226 66 32 N:o
1471 229 29 29 5.

404 305 76 31 tets
523 300 215 50 utbildning
779 302 11 36 i
832 303 122 38 denna
996 305 144 49 vigtiga
1180 306 238 50 tjenstegren
1455 320 93 24 voro
1590 308 247 50 synnerligen
1879 323 121 36 ogyn-

406 365 155 24 samma.
616 353 144 38 Fältets
800 355 109 49 ringa
952 356 254 38 dimensioner
1235 365 97 30 samt
1360 358 335 50 nödvändigheten
1724 366 65 42 att,
1820 361 59 36 för
1907 362 93 36 und-

404 404 163 37 vikande
595 405 42 36 af
661 406 81 36 fara
770 407 59 37 för
856 407 262 50 kringboende
1147 409 232 51 befolkning,
1410 411 144 49 afgifva
1582 412 111 37 elden
1721 413 82 36 från
1833 426 47 24 en
1899 414 99 49 plats

404 455 10 36 i
457 455 91 38 eller
590 457 233 38 omedelbert
864 459 102 38 invid
1004 461 133 48 sjelfva
1165 462 222 37 skottlinien
1415 464 70 36 och
1513 463 11 36 i
1554 477 47 23 en
1629 465 86 36 med
1744 465 124 37 denna
1895 467 12 35 i
1935 466 64 36 det

404 512 189 33 närmaste
621 509 156 49 parallel
805 511 170 50 rigtning
1003 513 222 37 föranledde
1262 515 202 48 nemligen,
1495 515 82 37 dels
1606 522 56 31 att
1691 516 198 50 skjutning
1916 517 83 38 icke

404 559 125 37 kunde
573 560 66 37 ske
682 564 47 47 på
759 568 121 31 större
909 564 150 37 afstånd
1087 570 46 32 än
1163 566 177 49 omkring
1371 569 110 44 1,800
1510 573 131 42 meter,
1671 568 81 37 dels
1781 574 55 31 att
1865 570 135 48 öfning

403 611 11 36 i
458 611 316 52 skarpskjutning
815 615 135 37 endast
978 616 86 37 med
1093 622 141 33 största
1263 618 194 50 svårighet
1484 619 126 38 kunde
1638 620 145 38 utföras
1812 621 41 36 af
1879 627 119 31 större

404 663 132 49 styrka
580 668 47 33 än
673 671 54 31 ett
772 666 147 49 batteri,
966 668 70 37 och
1081 669 80 37 dels
1203 670 180 49 slutligen
1424 675 55 33 att
1520 671 65 37 det
1626 672 200 49 skjutande
1868 679 130 44 trupp-

402 715 201 37 förbandet
631 717 129 37 städse
789 722 117 34 måste
943 725 89 44 taga
1061 720 182 50 ställning
1270 725 49 47 på
1346 736 47 23 en
1422 723 71 37 och
1523 736 143 25 samma
1695 731 219 43 noggrannt
1941 730 57 32 ut-

403 767 156 37 stakade
588 768 110 49 plats.

506 820 74 36 Det
607 821 107 37 torde
742 821 85 37 icke
856 822 162 38 behöfva
1048 824 230 49 framhållas,
1308 831 54 31 att
1388 825 12 37 i
1429 825 95 50 följd
1553 828 42 36 af
1611 828 114 37 ofvan
1745 828 157 49 angifna
1921 843 77 23 om-

403 871 262 49 ständigheter
692 875 20 34 å
741 887 70 23 ena
840 874 107 37 sidan
974 875 65 37 det
1066 877 166 37 taktiska
1261 883 179 47 moment,
1475 892 80 23 som
1585 879 86 50 låge
1699 880 13 36 i
1739 881 61 36 val
1829 881 41 37 af
1895 881 102 37 ställ-

401 923 94 48 ning
523 929 97 31 samt
648 925 40 36 af
714 930 76 31 sätt
818 927 70 36 och
915 932 76 43 väg
1020 928 59 36 för
1106 928 230 50 inryckning
1363 930 134 47 deruti,
1527 931 63 37 vid
1615 945 45 23 en
1682 932 135 49 öfning
1836 932 10 36 i
1867 933 130 50 skarp-

401 974 200 50 skjutning
628 979 20 34 å
675 976 134 50 Näsby
837 978 68 36 fält
932 979 119 49 ginge
1080 980 79 36 helt
1187 981 72 36 och
1288 981 115 37 hållet
1432 982 197 49 förloradt,
1658 984 71 36 och
1757 990 55 31 att
1840 987 20 34 å
1879 985 118 37 andra

401 1026 107 37 sidan
550 1027 48 37 all
638 1028 216 50 utbildning
888 1030 197 38 derstädes
1114 1045 91 24 vore
1237 1033 191 37 utesluten
1455 1034 13 37 i
1497 1035 215 48 eldgifning
1741 1036 105 37 såväl
1874 1040 47 46 på
1950 1037 46 36 de

400 1078 161 47 afstånd,
605 1081 19 34 å
663 1080 130 37 hvilka
834 1081 306 38 artilleriduellen
1180 1084 12 36 i
1229 1084 47 36 de
1308 1085 108 37 flesta
1446 1086 65 37 fall
1539 1087 108 37 torde
1675 1088 154 37 komma
1858 1094 55 31 att
1939 1095 57 31 ut-

399 1130 169 50 kämpas,
598 1144 80 23 som
710 1131 72 37 ock
809 1132 11 36 i
849 1133 163 37 division
1041 1134 75 49 (om
1144 1140 57 32 tre
1222 1136 207 49 batterier),
1449 1138 146 37 hvilket
1612 1140 279 49 truppförband
1911 1154 85 23 man

395 1182 41 48 ju
479 1195 156 24 numera
675 1182 113 49 eljest
829 1185 191 37 sträfvade
1062 1191 54 31 att
1157 1188 174 37 använda
1360 1192 125 34 såsom
1514 1190 288 38 fältartilleriets
1831 1192 165 37 taktiska

399 1234 125 36 enhet.
568 1233 81 38 Öch
677 1240 47 31 än
754 1235 144 38 mindre
928 1237 108 37 torde
1065 1238 165 37 behöfva
1254 1239 159 38 betonas
1435 1242 46 36 de
1501 1243 215 48 väsentliga
1735 1243 260 49 olägenheter,

394 1284 52 48 ja,
490 1286 127 46 vådor,
662 1299 81 24 som
774 1288 123 36 kunde
938 1289 118 37 vållas
1093 1290 41 37 af
1158 1290 46 37 de
1233 1304 44 23 ur
1306 1293 113 36 ofvan
1448 1293 162 38 berörda
1638 1295 358 38 missförhållanden

398 1337 235 49 härflytande
675 1338 187 38 bristerna
901 1341 53 36 uti
995 1341 288 50 ifrågavarande
1325 1351 240 42 regementes
1606 1346 217 50 utbildning
1862 1348 12 36 i
1910 1347 86 38 fält-

399 1389 145 48 messig
572 1390 206 49 skjutning.

503 1441 87 37 Med
632 1442 207 50 anledning
880 1444 42 36 af
956 1445 276 38 ofvanberörda
1262 1446 260 40 förhållanden
1551 1449 97 38 hade
1677 1450 318 51 generalfälttyg-

399 1497 188 33 mästaren
627 1493 82 37 låtit
750 1495 159 37 anställa
951 1497 340 49 undersökningar,
1333 1500 184 38 huruvida
1550 1501 64 37 det
1642 1515 91 24 vore
1762 1502 152 50 möjligt
1941 1509 55 31 att

399 1543 33 49 ej
462 1544 68 37 allt
556 1545 61 36 för
643 1545 107 50 långt
774 1547 83 37 från
885 1547 256 39 Kristianstad
1159 1550 101 37 finna
1279 1556 54 32 ett
1356 1552 163 48 område,
1545 1566 82 24 som
1648 1554 208 50 lämpligen
1875 1555 119 37 skulle

397 1596 128 37 kunna
565 1598 193 36 användas
800 1599 56 36 till
898 1600 172 49 skjutfält
1110 1602 60 36 för
1211 1602 65 36 det
1302 1603 13 37 i
1341 1605 164 36 nämnda
1533 1610 59 32 ort
1620 1605 175 50 förlagda
1823 1607 172 37 artilleri-

397 1653 248 44 regementet,
674 1650 72 36 och
775 1650 97 38 hade
900 1651 123 38 dettas
1052 1652 89 38 chef
1163 1653 12 37 i
1204 1653 135 39 sådant
1367 1656 217 38 hänseende
1614 1658 202 49 föreslagit
1843 1664 54 31 ett
1917 1672 77 23 om-

397 1700 101 48 råde,
541 1700 151 49 beläget
732 1704 49 47 på
822 1703 134 37 endast
1002 1706 44 34 12
1089 1705 217 38 kilometers
1348 1708 150 37 afstånd
1540 1709 83 36 från
1663 1711 330 47 garnisonsorten,

397 1751 137 49 mellan
562 1753 174 50 Rinkaby
765 1755 139 36 station
931 1758 48 47 på
1008 1750 416 46 Kristianstad—Åhus
1454 1760 165 49 jernväg
1647 1761 71 37 och
1747 1762 180 37 stranden
1956 1764 42 35 af

432 1804 177 48 stersjön,
651 1807 47 46 på
740 1810 76 32 sätt
856 1819 82 24 som
980 1807 214 50 framginge
1236 1809 43 38 af
1316 1814 63 34 två
1420 1811 181 50 bifogade
1639 1812 141 47 kartor,
1819 1814 74 37 den
1922 1828 71 24 ena

395 1855 312 48 generalstabens
737 1857 377 51 Kristianstadsblad,
1144 1861 74 37 den
1246 1862 117 38 andra
1390 1864 202 49 upprättad
1620 1864 43 38 af
1688 1865 213 49 löjtnanten
1929 1866 62 49 Hj.

397 1906 236 38 Nordenfelt.

575 1959 123 38 denna
740 1974 132 24 senare
914 1962 108 37 karta
1061 1963 135 38 funnes
1239 1966 166 37 utmärkt
1446 1967 81 37 dels
1563 1967 64 38 det
1655 1969 208 49 egentliga,
1892 1969 101 38 före-

397 2009 134 50 slagna
572 2011 225 49 skjuotfältet,
840 2013 85 37 med
968 2028 46 23 en
1048 2014 117 39 bredd
1194 2017 42 36 af
1261 2019 74 36 600
1363 2024 134 43 meter,
1527 2019 82 37 dels
1637 2023 48 46 på
1712 2020 98 38 båda
1839 2021 154 37 sidorna

397 2061 128 38 derom
566 2063 161 50 belägna
770 2077 29 24 s.
841 2065 35 36 k.
920 2065 418 52 kulfångareområden,
1379 2070 203 38 hvartdera
1624 2072 62 36 vid
1729 2072 262 50 nollpunkten,

396 2113 34 37 d.
460 2128 34 22 v.
526 2128 28 23 8.
584 2115 62 36 vid
681 2116 223 38 nordvestra
944 2119 245 49 gränslinien,
1234 2122 47 35 50
1324 2127 121 31 meter
1478 2122 111 38 bredt
1617 2124 69 36 och
1717 2124 167 37 derefter
1911 2124 81 37 vid-

393 2166 126 48 gande
549 2166 59 49 sig
636 2172 102 32 emot
765 2168 139 37 hafvet.

496 2218 136 48 Fältet,
673 2220 114 36 hvars
828 2220 116 49 längd
984 2221 85 37 från
1108 2223 249 50 nollpunkten
1393 2224 57 37 till
1484 2225 179 38 stranden
1692 2240 91 24 vore
1813 2227 178 50 omkring

394 2270 115 46 4,100
551 2275 129 44 meter,
722 2276 133 44 syntes
891 2273 11 35 1
931 2272 181 39 afseende
1140 2278 21 34 å
1189 2276 103 36 såväl
1320 2277 264 49 utsträckning
1613 2291 81 24 som
1723 2278 124 50 öfriga
1875 2293 115 35 egen-

394 2321 139 49 skaper
560 2328 191 31 motsvara
779 2323 47 37 de
854 2324 227 50 fordringar,
1123 2340 80 24 som
1234 2340 86 24 man
1348 2328 116 37 borde
1493 2330 111 37 ställa
1631 2332 48 47 på
1708 2335 54 32 ett
1789 2330 201 50 tidsenligt
