2101 2655
298 212 36 28 10
498 209 110 30 Andra
633 207 207 32 Kammarens
866 206 169 43 Tillfälliga
1062 205 128 32 Utskotts
1214 205 75 38 (N:o
1312 206 36 35 2)
1377 204 157 31 Utlåtande
1557 203 63 32 N:o
1644 204 52 30 26.

296 289 69 36 och
395 289 245 47 tillverkning
669 287 39 36 af
734 287 200 48 margarin,
963 286 157 36 hvarvid
1150 285 40 37 af
1214 299 67 23 sex
1309 283 428 48 hushållningssällskap
1762 283 140 47 jemväl

294 340 205 48 tillstyrkts
528 340 248 48 obligatorisk
804 339 285 46 undersökning
1117 338 40 35 af
1181 338 57 35 till
1267 337 128 36 landet
1423 335 143 37 infördt
1594 342 101 29 smör
1729 334 70 36 och
1827 333 75 36 fem

295 391 429 48 hushållningssällskap
766 390 196 48 föreslagit
1002 390 138 35 förbud
1176 396 102 29 emot
1307 388 155 36 införsel
1492 387 70 36 och
1591 386 247 47 tillverkning
1867 384 39 37 af

296 443 296 48 oleomargarin;

395 501 55 30 att
491 502 44 28 ett
574 493 410 50 hushållningssällskap
1014 488 335 50 (Vesterbottens),
1379 497 90 30 utan
1498 496 56 30 att
1580 496 104 42 yttra
1712 489 57 48 sig
1798 487 106 36 öfver

296 547 64 36 det
400 545 244 37 remitterade
685 545 193 48 förslaget,
920 545 139 35 uttalat
1100 544 72 35 den
1201 544 163 47 mening,
1395 548 55 30 att
1482 545 39 32 så
1552 542 60 34 väl
1641 540 154 36 införsel
1824 553 79 22 som

296 597 247 48 tillverkning
571 597 40 36 af
635 597 187 47 margarin
852 599 156 45 ansåges
1037 595 146 48 skadlig
1211 594 57 36 för
1296 594 146 36 landets
1471 592 357 48 smörproduktion;

396 654 55 31 att
492 656 45 29 ett
577 647 410 48 hushållningssällskap
1017 644 230 49 (Göteborgs
1276 646 69 35 och
1374 645 129 35 Bohus
1532 641 109 48 läns),
1671 656 80 23 som
1780 647 125 31 ansett

295 699 155 36 införsel
492 699 39 36 af
568 700 189 46 margarin
799 699 90 35 böra
928 697 210 48 förbjudas,
1180 698 183 46 tillstyrkt
1397 696 192 46 förslaget,
1619 695 96 34 dock
1745 694 85 34 med
1859 693 45 35 de

296 751 219 47 ändringar,
557 763 79 23 som
679 749 40 36 af
755 756 55 29 ett
850 749 135 36 sådant
1020 747 138 37 förbud
1188 747 230 48 påkallades,
1448 747 208 46 hvarjemte
1686 745 104 35 detta
1820 744 85 35 hus-

296 802 353 48 hållningssällskap
679 802 139 35 uttalat
844 801 58 48 sig
929 800 59 36 för
1017 813 140 23 samma
1185 799 139 36 förbud
1353 797 237 37 beträffande
1615 796 188 48 färgning,
1824 808 80 23 som

295 854 69 35 här
392 852 111 37 ofvan
532 860 103 41 sägs;

396 910 56 31 att
487 911 44 29 ett
558 903 410 49 hushållningssällskap
985 898 268 51 (Gefleborgs)
1282 902 11 34 i
1322 900 106 49 fråga
1457 913 60 22 om
1547 898 201 48 förslagets
1777 903 128 42 antag-

296 957 121 47 lighet
457 961 97 30 samt
595 955 333 47 nödvändigheten
971 953 40 36 af
1048 960 55 29 att
1142 952 198 36 förhindra
1382 952 253 47 uppkomsten
1668 949 40 36 af
1732 962 73 36 nya
1834 949 71 35 och

297 1008 228 47 utvidgning
553 1006 39 36 af
617 1007 116 35 redan
762 1006 195 47 befintliga
986 1003 357 50 margarinfabriker
1371 1003 139 36 uttalat
1537 1014 140 24 samma
1698 1001 107 47 åsigt,
1826 1013 78 22 som

297 1059 73 35 den
399 1058 231 48 Konungens
672 1055 418 49 befallningshafvande
1126 1057 9 34 i
1170 1056 115 43 länet,
1321 1054 96 36 efter
1446 1054 98 35 hvad
1574 1052 112 36 ofvan
1715 1060 40 27 är
1783 1051 122 47 sagdt,

299 1110 188 44 omfattat,
517 1115 96 30 samt

399 1166 55 30 att
490 1161 60 35 två
586 1159 412 48 hushållningssällskap
1028 1156 353 47 (Vesternorrlands
1410 1157 70 35 och
1508 1152 228 47 Jemtlands)
1766 1155 141 35 lemnat

299 1211 256 36 komiterades
596 1211 141 47 förslag
777 1216 92 29 utan
911 1222 120 23 annan
1073 1209 249 46 anmärkning
1364 1215 45 27 än
1439 1207 84 43 den,
1553 1212 55 30 att
1636 1205 140 36 förbud
1805 1211 102 28 emot

299 1263 114 36 sådan
457 1262 174 48 färgning
672 1261 39 36 af
749 1262 200 46 margarin,
979 1266 55 30 att
1062 1260 72 35 den
1164 1259 124 36 kunde
1318 1258 217 36 förblandas
1564 1257 85 35 med
1679 1262 227 37 natursmör,

300 1314 117 35 borde
446 1314 162 47 stadgas.

400 1364 99 36 Från
539 1364 269 48 länsstyrelsen
851 1364 10 34 i
903 1362 152 36 Kalmar
1095 1363 61 34 län
1194 1367 96 30 samt
1324 1361 45 35 de
1402 1361 121 47 begge
1554 1358 354 47 hushållningssäll-

300 1417 140 46 skapen
482 1417 10 34 i
529 1428 141 23 samma
703 1415 60 34 län
794 1413 109 36 hafva
932 1413 260 48 underdåniga
1219 1412 206 49 yttranden
1454 1419 98 27 ännu
1583 1410 81 36 icke
1696 1409 209 36 inkommit.

403 1620 65 36 Uti
505 1620 64 36 det
606 1619 40 36 af
675 1618 235 37 komiterade
939 1617 159 36 sålunda
1126 1616 210 49 framlagda
1365 1616 140 46 förslag
1535 1613 109 37 hafva
1673 1612 235 37 komiterade

304 1675 126 45 utgått
462 1670 81 36 från
574 1671 71 35 den
675 1670 285 47 förutsättning,
989 1675 56 29 att
1073 1681 44 22 en
1146 1668 239 49 lagstiftning
1414 1670 47 45 på
1489 1667 64 34 det
1580 1678 50 22 nu
1659 1663 248 37 förevarande

304 1722 173 36 området
513 1722 118 35 borde
661 1720 189 48 medgifva
879 1724 39 32 så
948 1721 59 34 väl
1037 1719 154 36 införsel
1221 1720 56 35 till
1308 1719 69 35 och
1406 1717 246 45 tillverkning
1680 1717 102 34 inom
1811 1715 99 34 riket

304 1787 80 22 som
414 1774 70 35 ock
514 1772 158 36 utförsel
701 1772 39 36 af
766 1772 186 47 margarin
983 1771 91 35 eller
1104 1771 223 35 konstsmör.
1382 1769 68 35 Att
1477 1768 133 46 stadga
1639 1766 138 36 förbud
1808 1772 102 29 emot

304 1825 155 35 införsel
501 1824 70 36 och
613 1823 246 48 tillverkning
900 1821 40 37 af
969 1822 121 35 denna
1123 1835 89 22 vara
1241 1820 111 37 hafva
1380 1818 236 37 komiterade
1649 1823 125 30 ansett
1805 1818 104 34 inne-

304 1876 91 35 bära
436 1889 45 21 en
523 1876 182 34 orättvisa
748 1881 78 28 mot
866 1874 46 35 de
950 1873 144 35 mindre
1125 1873 220 35 bemedlade
1374 1870 448 47 befolkningsklasserna,
1850 1866 59 36 för

306 1927 126 35 hvilka
475 1926 248 47 margarinen,
766 1938 60 22 om
866 1925 73 35 den
981 1927 47 44 på
1068 1929 77 30 rätt
1185 1930 75 29 sätt
1301 1922 195 42 bereddes,
1526 1924 47 44 på
1601 1920 122 48 grund
1752 1919 40 35 af
1816 1919 92 46 pris-

305 1978 175 47 billighet
509 1978 69 34 och
608 1976 282 47 näringsvärde,
921 1975 117 48 enligt
1066 1974 254 36 komiterades
1342 1974 108 46 åsigt,
1471 1972 176 48 utgjorde
1669 1976 55 30 ett
1743 1970 167 35 särdeles

305 2029 175 47 lämpligt
515 2027 215 36 födoämne.
785 2027 54 35 En
885 2026 115 35 sådan
1042 2026 132 47 åtgärd
1217 2032 138 41 antogo
1393 2023 234 36 komiterade
1652 2022 140 46 jemväl
1821 2033 89 22 vara

306 2092 45 22 ur
388 2079 219 35 ekonomisk
645 2078 194 48 synpunkt
873 2078 125 34 oklok.
1054 2076 242 35 Komiterade
1331 2075 94 35 hade
1454 2074 158 36 sålunda
1640 2073 125 35 funnit
1794 2072 116 46 lämp-

306 2131 70 46 ligt
412 2130 138 35 föreslå
587 2130 153 46 skärpta
767 2128 284 36 bestämmelser
1084 2128 10 34 i
1128 2128 173 35 ändamål
1335 2131 54 30 att
1426 2124 207 43 förhindra,
1666 2123 65 36 det
1768 2135 143 35 marga-

306 2182 60 34 rin
407 2181 175 47 utbjödes
611 2180 69 35 och
709 2179 185 36 försåldes
923 2182 121 32 såsom
1074 2184 226 29 natursmör.
1354 2177 66 35 Ett
1455 2176 190 35 verksamt
1677 2173 123 49 skydd
1831 2179 79 29 mot

309 2232 128 48 dylika
478 2230 396 47 smörförfalskningar
915 2229 96 36 hade
1054 2230 233 34 komiterade
1329 2233 94 30 trott
1463 2228 128 34 kunna
1632 2225 278 36 åstadkommas

309 2283 233 46 derigenom,
584 2288 55 29 att
680 2285 47 44 på
767 2287 143 30 statens
952 2280 209 36 bekostnad
1200 2293 44 22 en
1273 2278 161 37 särskild
1464 2276 364 47 smörkontrollbyrå
1858 2275 52 34 in-
