2099 2654
296 214 37 28 22
503 209 111 32 Andra
636 208 207 32 Kammarens
869 208 168 43 Tillfälliga
1064 207 129 32 Utskotts
1216 207 77 40 (N:o
1316 208 35 39 2)
1379 207 160 32 Utlåtande
1562 207 62 32 N:o
1646 208 53 31 26.

294 290 111 49 följas
434 289 40 37 af
498 288 84 38 utaf
606 289 160 49 behörig
793 288 224 50 myndighet
1045 288 196 37 utfärdadt
1269 288 104 36 bevis
1409 288 143 44 derom,
1581 294 55 30 att
1664 288 72 36 den
1765 288 134 45 fabrik,

296 343 110 36 hvars
435 342 128 36 märke
591 342 120 36 finnes
739 341 123 36 kärlet
890 344 108 41 åsatt,
1027 343 78 33 står
1133 340 121 36 under
1282 339 173 50 offentlig
1482 340 185 44 kontroll;

396 399 56 30 att
479 394 63 36 vid
571 398 139 43 export
737 393 40 35 af
801 393 216 35 konstsmör
1052 405 115 23 varan
1203 392 94 36 skall
1326 393 11 34 i
1366 392 290 48 utskeppnings-
1685 391 70 36 och
1785 391 114 36 frakt-

295 445 274 48 handlingarna
597 444 170 47 angifvas
795 447 122 33 såsom
946 444 204 48 margarin;

397 502 55 31 att
479 495 197 50 uppgifter
702 508 138 36 genom
868 495 159 36 svenska
1055 494 224 37 konsulaten
1308 495 11 35 i
1348 493 175 37 utlandet
1542 490 126 49 skola,
1681 494 68 36 der
1768 494 133 37 sådant

297 556 41 28 är
378 548 158 48 möjligt,
578 548 142 46 årligen
761 547 176 36 insändas
980 546 84 36 med
1106 545 151 50 uppgift
1292 549 46 45 på
1368 546 45 35 de
1442 546 202 36 utländska
1672 546 229 36 konstsmör-

295 599 219 37 fabrikerna
542 599 70 36 och
641 599 109 36 deras
777 599 215 48 respektive
1020 598 171 44 märken;

393 656 56 31 att
476 650 167 37 fabriker
670 649 57 37 för
755 650 215 36 konstsmör
999 649 66 36 här
1085 650 12 35 i
1116 649 128 36 landet
1263 649 129 36 ställas
1412 648 121 36 under
1552 652 141 32 statens
1714 648 185 46 kontroll;

393 707 56 30 att
489 702 12 34 i
543 702 126 46 hvarje
711 700 354 48 försäljningslokal,
1107 701 67 34 der
1209 701 214 34 konstsmör
1451 700 110 46 säljes
1589 700 91 34 eller
1708 700 191 46 utbjudes,

293 753 94 36 skall
416 756 39 32 så
483 752 60 36 väl
573 750 153 38 utanför
749 764 79 23 som
857 751 97 36 inuti
983 751 149 35 lokalen
1161 751 83 35 med
1274 756 101 31 stora
1402 749 232 44 bokstäfver,
1668 749 232 49 anbringade

293 807 47 45 på
369 810 56 30 ett
452 810 131 42 genast
611 804 11 34 i
651 810 148 40 ögonen
828 802 162 36 fallande
1018 806 86 41 sätt,
1133 815 87 23 vara
1249 800 320 49 tillkännagifvet,
1606 807 55 30 att
1694 801 103 47 dylik
1826 800 75 37 för-

292 854 162 49 säljning
482 855 66 36 der
576 853 205 46 bedrifves;

394 912 56 30 att
491 906 144 47 omslag
675 906 110 47 kring
822 906 227 41 konstsmör,
1078 916 81 23 som
1190 904 187 36 utlemnas
1407 904 56 35 till
1493 903 153 48 köpare,
1675 903 105 35 skola
1810 903 91 36 bära

293 958 278 48 beteckningen
600 958 224 45 »margarin»
849 957 117 47 jemte
994 956 183 47 säljarens
1205 968 110 22 namn
1345 955 68 35 och
1445 954 139 36 adress.
1632 953 135 37 Likaså
1795 954 107 36 skola

293 1009 73 36 alla
407 1007 251 49 regelbundet
697 1007 170 37 formade
908 1006 158 50 stycken
1109 1007 224 44 konstsmör,
1370 1019 80 23 som
1478 1006 122 47 säljas,
1630 1005 90 36 bära
1748 1012 151 30 namnet

294 1072 242 37 »margarin»;

394 1117 56 30 att
478 1112 11 35 i
517 1111 73 36 alla
617 1110 188 49 skriftliga
834 1109 102 45 aftal,
965 1109 191 44 kontrakt,
1185 1109 204 48 räkningar
1418 1108 70 36 och
1517 1108 116 36 andra
1662 1108 236 48 handlingar,

293 1176 81 22 som
403 1162 77 35 afse
508 1161 235 48 försäljning,
773 1163 85 45 köp,
887 1161 248 46 försändning
1163 1161 92 34 eller
1283 1161 171 34 leverans
1483 1159 40 36 af
1538 1160 226 43 konstsmör,
1785 1173 113 21 varan

295 1212 262 49 uttryckligen
586 1213 94 35 skall
709 1211 170 49 angifvas
907 1215 123 33 såsom
1058 1212 205 47 margarin;

394 1270 56 31 att
490 1263 284 37 vederbörande
816 1264 137 35 allmän
987 1263 175 48 åklagare
1191 1263 105 44 skall,
1326 1262 67 36 der
1421 1261 202 36 misstanke
1653 1263 158 46 uppstår
1839 1274 60 22 om

294 1315 229 48 förbrytelse
552 1320 79 30 mot
658 1315 129 47 lagens
816 1313 250 44 föreskrifter,
1087 1315 75 34 låta
1182 1314 160 35 anställa
1362 1313 285 47 undersökning
1667 1312 70 36 och
1758 1312 140 48 analys.

295 1366 261 36 Kostnaderna
597 1364 128 37 härför
765 1365 249 36 förskotteras
1048 1364 40 36 af
1112 1365 186 35 allmänna
1329 1364 133 44 medel,
1491 1377 85 22 men
1606 1368 150 42 uttagas
1784 1363 114 36 sedan

295 1417 39 36 af
359 1417 259 48 lagbrytaren;

395 1474 56 30 att
478 1467 58 36 för
563 1467 247 49 förbrytelser
843 1472 79 31 mot
950 1467 109 47 lagen
1088 1466 150 48 stadgas
1267 1465 110 36 böter
1405 1466 57 34 till
1493 1465 89 47 högt
1610 1464 154 48 belopp,
1793 1463 110 37 deraf

295 1522 64 33 två
387 1519 230 47 tredjedelar
645 1518 148 37 tillfalla
823 1518 201 47 åklagaren
1053 1517 69 35 och
1153 1530 45 22 en
1227 1516 187 47 tredjedel
1444 1516 155 43 kronan,
1637 1515 261 36 hvarförutom

295 1583 114 23 varan
452 1569 183 36 förklaras
675 1568 199 36 förbruten
903 1569 59 35 till
991 1568 75 35 lika
1094 1567 215 47 fördelning
1337 1567 86 35 med
1451 1567 175 44 böterna;

396 1621 69 35 och
495 1620 56 36 får
574 1621 66 47 jag
669 1620 85 36 med
783 1620 204 46 anledning
1015 1618 110 36 häraf
1149 1619 210 43 hemställa,

396 1677 56 30 att
480 1671 212 49 Riksdagen
721 1671 88 35 ville
839 1671 10 34 i
878 1669 196 36 skrifvelse
1104 1670 56 35 till
1190 1669 133 48 Kongl.
1353 1669 104 47 Maj:t
1484 1669 160 43 anhålla,
1674 1673 55 30 att
1756 1680 49 34 ny
1825 1666 75 36 för-

295 1722 165 48 fattning
500 1721 193 48 angående
735 1721 166 36 kontroll
941 1720 106 36 öfver
1080 1720 242 46 tillverkning
1359 1720 69 35 och
1458 1719 222 48 försäljning
1709 1717 39 36 af
1773 1718 126 35 konst-

296 1780 101 29 smör
426 1777 116 32 måtte
570 1773 116 36 varda
714 1775 47 45 på
789 1786 49 22 nu
867 1772 167 49 antydda
1062 1771 166 47 grunder
1257 1770 207 37 utfärdad.»
