2103 2648
405 210 110 30 Andra
541 210 204 33 Kommarens
770 213 168 43 Tillfälliga
964 214 128 32 Utskotts
1116 217 77 39 (N:o
1216 219 35 36 2)
1280 218 159 34 Utlåtande
1462 220 62 33 N:o
1547 222 54 32 26.
1773 228 32 28 11

202 288 182 46 rättades,
412 302 80 23 som
521 292 241 37 uteslutande
791 295 214 46 sysselsatte
1025 297 57 48 sig
1100 297 85 36 med
1207 298 325 52 undersökningar
1552 303 40 36 af
1608 305 198 47 smörprof.

202 338 134 37 Denna
376 341 94 47 byrå
511 342 129 46 borde,
671 345 117 47 enligt
816 346 252 37 komiterades
1096 348 258 47 förmenande,
1382 351 190 50 förläggas
1600 356 57 35 till
1696 354 111 39 Göte-

202 390 107 48 borg,
348 391 106 37 öfver
492 393 150 37 hvilken
681 396 83 35 stad
801 396 72 36 den
902 405 137 29 största
1068 407 289 41 smörexporten
1388 404 94 45 egde
1511 419 95 23 rum.
1662 407 144 48 Byråns

202 441 261 38 föreståndare
506 445 118 35 borde
666 446 129 36 vidare
838 461 69 34 ega
947 450 186 49 rättighet
1174 458 55 29 att
1269 456 39 32 så
1333 454 60 34 val
1422 455 10 34 i
1463 453 196 52 Göteborg
1685 460 120 34 som
1777 449 31 60 i

201 492 117 36 andra
355 493 104 37 delar
500 494 40 36 af
563 496 99 36 riket
691 500 46 44 på
765 498 130 49 längre
925 500 91 35 eller
1044 502 151 35 kortare
1225 503 53 35 tid
1308 510 136 43 antaga
1472 506 179 50 lämpliga
1681 522 125 34 perso-

201 556 79 31 ner,
310 544 128 36 hvilka
466 546 299 50 tillhandaginge
795 549 138 36 honom
963 552 84 35 med
1077 558 55 30 att
1160 554 203 36 verkställa
1384 556 298 51 proftagningar.
1721 559 84 37 Sär-

201 594 119 36 skildt
364 609 89 23 vore
496 597 167 47 önskligt
708 618 47 4 —
796 604 138 44 ansågo
972 603 180 47 slutligen
1191 604 234 38 komiterade
1462 627 47 4 —
1544 615 55 30 att
1629 610 10 35 i
1667 610 136 36 Malmö

201 646 191 36 anstäldes
434 653 55 30 ett
529 648 148 37 biträde
719 651 83 35 med
842 652 198 49 åliggande
1082 660 55 30 att
1166 655 58 36 till
1255 656 116 48 byrån
1401 657 225 39 öfversända
1655 661 88 48 prof
1768 662 40 36 af

200 696 65 36 det
293 705 111 37 smör,
433 711 79 23 som
542 701 271 46 exporterades
841 702 106 37 öfver
975 705 161 36 nämnda
1165 707 93 35 stad.

300 747 55 37 Då
397 749 45 35 de
484 749 329 51 förutsättningar,
855 754 82 35 från
976 756 125 36 hvilka
1129 756 234 38 komiterade
1393 760 157 36 sålunda
1580 766 137 45 utgått,
1746 768 56 32 stå

200 799 55 34 uti
284 799 172 36 bestämd
486 808 156 30 motsats
671 803 58 35 till
751 805 256 36 motionärens
1027 807 248 48 ståndpunkt,
1297 823 108 22 anser
1426 812 187 36 utskottet
1634 814 57 48 sig
1710 815 92 36 böra

199 849 58 35 till
298 858 170 29 närmare
510 852 280 38 skärskådande
819 862 167 42 upptaga
1015 857 161 37 berörda
1210 858 327 52 förutsättningar,
1569 864 97 36 helst
1694 865 108 37 dessa

197 899 190 38 föranledt
428 903 234 36 komiterade
703 905 59 35 till
803 913 55 29 ett
898 906 139 50 förslag
1078 910 9 34 i
1130 915 156 31 motsatt
1321 912 170 49 rigtning
1526 921 101 30 emot
1668 916 63 36 det
1765 917 40 35 af

198 953 237 36 motionären
465 953 219 50 framlagda.

298 1003 78 36 Den
414 1004 118 37 första
568 1005 322 51 förutsättningen
925 1010 91 35 eller
1045 1013 220 47 antagandet
1292 1020 52 29 att
1363 1014 141 48 förbud
1531 1024 89 29 emot
1648 1018 152 36 tillverk-

196 1054 85 46 ning
321 1056 61 35 och
409 1055 226 49 försäljning
676 1057 45 48 af
758 1061 187 46 margarin
985 1061 111 37 skulle
1137 1064 175 36 innebära
1353 1079 42 22 en
1429 1068 172 35 orättvisa
1640 1076 90 29 emot
1758 1071 41 35 de

195 1104 138 38 mindre
361 1107 206 36 bemedlade
593 1109 370 47 samhällsklasserna,
993 1113 142 48 stödjer
1163 1115 56 47 sig
1247 1115 128 48 derpå,
1404 1123 56 29 att
1488 1120 236 47 margarinen
1752 1125 46 43 på

194 1157 123 43 grund
347 1157 40 36 af
412 1158 255 49 prisbillighet
695 1160 69 36 och
795 1162 271 49 näringsvärde
1095 1165 121 36 skulle
1245 1172 135 43 utgöra
1410 1173 54 31 ett
1491 1170 166 36 särdeles
1681 1172 118 48 lämp-

194 1207 71 47 ligt
293 1207 214 38 födoämne.

295 1258 17 36 I
352 1258 107 49 fråga
497 1274 59 22 om
595 1262 304 48 prisbilligheten
928 1265 98 36 visar
1054 1267 67 47 sig,
1151 1273 65 41 att,
1246 1268 46 35 då
1321 1269 71 35 den
1424 1273 15 33 1
1472 1271 10 34 i
1512 1272 122 36 denna
1662 1274 134 35 månad

195 1311 188 46 margarin
426 1311 67 35 här
534 1313 10 34 i
590 1311 221 38 Stockholm
848 1315 203 49 betingade
1090 1324 55 29 ett
1173 1319 362 50 minuthandelspris
1564 1323 40 35 af
1631 1326 15 33 1
1678 1324 119 36 krona

195 1362 45 34 20
269 1367 63 29 öre
363 1375 43 34 pr
434 1362 196 48 kilogram,
660 1365 401 49 minuthandelspriset
1086 1371 20 32 å
1126 1375 254 32 natursmöret
1400 1374 200 35 noterades
1621 1375 174 37 sålunda:

397 1424 93 33 I:ma
519 1423 234 47 mejerismör
774 1456 26 4 ,..
975 1458 114 4 a
1189 1442 43 34 pr
1260 1430 185 48 kilogram
1475 1435 32 33 2:
1540 1436 54 33 10.

395 1472 82 36 2:da
631 1486 13 18 »
798 1508 179 4 tessrerersear
1007 1510 48 2 keser
1075 1510 60 4 aren
1204 1492 14 17 ND
1346 1494 14 17 »
1475 1486 30 33 1:
1537 1485 56 35 90.

392 1522 226 38 Landtsmör
640 1558 34 2 ..
808 1558 201 6 SSF
1119 1562 38 4 mn
1345 1544 15 19 »
1474 1537 31 33 1:
1536 1537 56 33 75.

291 1589 96 45 Men,
416 1590 121 37 fastän
567 1593 64 35 det
659 1594 158 35 sålunda
845 1595 99 35 visar
969 1597 68 47 sig,
1059 1603 53 30 att
1134 1600 237 46 margarinen
1393 1601 66 35 här
1479 1602 11 34 i
1513 1602 280 39 hufvudstaden

191 1643 77 32 står
295 1641 11 34 1
335 1642 103 47 lägre
468 1643 76 47 pris
573 1650 44 29 än
648 1645 54 35 till
735 1645 70 35 och
834 1647 86 35 med
949 1647 258 46 landtsmöret,
1229 1650 141 37 hvilket
1391 1652 109 36 torde
1520 1667 88 22 vara
1629 1654 64 37 det
1713 1656 81 48 slag

191 1690 39 36 af
254 1698 113 38 smör,
396 1705 78 23 som
496 1694 45 35 de
562 1695 145 36 mindre
728 1696 222 38 bemedlade
971 1700 367 37 samhällsklasserna
1356 1703 10 35 i
1387 1703 205 38 allmänhet
1611 1703 182 53 använda,

190 1743 131 35 ställer
348 1744 56 47 sig
433 1744 95 36 dock
558 1746 276 47 prisskilnaden
863 1750 158 35 emellan
1051 1753 236 44 margarinen
1317 1754 69 35 och
1416 1761 255 32 natursmöret
1692 1765 99 28 ännu

190 1805 148 35 ringare
379 1795 10 34 i
432 1794 120 49 öfriga
593 1797 104 35 delar
738 1797 39 36 af
813 1801 83 33 vårt
937 1801 99 43 land,
1066 1801 144 37 hvilket
1247 1803 165 49 framgår
1441 1805 39 36 af
1504 1807 288 38 nedannämnda

189 1844 327 50 markegångspris
543 1846 59 36 för
630 1855 100 29 smör
757 1850 121 35 under
906 1854 39 32 år
976 1854 114 35 1888:

391 1921 239 38 Stockholms
659 1925 60 35 län
848 1958 26 4 -
1027 1959 92 5 eve
1186 1943 42 34 pr
1257 1931 182 48 kilogram
1471 1936 31 33 1:
1533 1937 56 33 53.

389 1972 139 48 Upsala
557 1975 181 37 d:o......
836 2008 46 4 SENT
1037 2010 70 5 DN
1198 1994 15 16 I
1342 1995 13 17 »
1470 1987 31 32 1:
1533 1987 57 34 60.

389 2023 317 51 Södermanlands
736 2027 59 35 d:0
834 2058 205 6 sv..ovvo
1149 2044 63 22 MN
1341 2047 14 14 »
1470 2038 31 32 1:
1532 2038 57 34 33.

389 2074 291 49 Östergötlands
709 2078 60 35 d:o
816 2110 2 2 ..
938 2112 181 4 an
1341 2096 14 17 »
1471 2088 30 32 1:
1531 2089 58 33 41.

387 2125 243 49 Jönköpings
658 2128 80 36 d:o.
782 2160 24 2 ....
938 2162 213 6 aa
1342 2147 14 17 »
1470 2139 30 32 1:
1530 2141 58 31 41.

388 2176 242 50 Kronobergs
659 2179 59 35 d:0...
836 2212 60 4 ov.
1105 2214 36 4 ue
1199 2196 14 17 DM
1342 2197 14 19 »
1470 2190 30 32 1:
1531 2190 56 33 24.

389 2227 150 36 Kalmar
567 2229 60 35 län
658 2230 69 35 och
759 2223 120 43 Öland
979 2264 2 2 sank
1069 2265 70 4 smsa
1341 2248 13 18 »
1469 2241 30 32 1:
1529 2241 58 33 41.

389 2276 183 39 Gotlands
600 2281 61 34 lån
704 2312 12 4 ss
750 2312 114 6 mamsen
894 2314 214 6 smsa
1199 2297 13 18 DI
1342 2301 14 14 »
1469 2292 29 32 1:
1530 2291 57 34 18.
