2087 2645
386 203 110 30 Andra
520 202 204 34 Kammarens
749 205 166 44 Tillfälliga
943 206 126 35 Utskotts
1092 209 77 35 (N:o
1192 213 33 38 2)
1254 212 158 34 Utlåtande
1435 215 63 32 N:o
1521 218 52 30 26.
1760 223 15 28 7

178 286 55 30 att
274 283 476 48 margarinproduktionen
791 287 164 50 skadligt
986 290 173 37 inverkat
1187 295 19 32 å
1235 294 428 52 mejerihandteringen;
1693 313 83 23 men

175 338 100 29 ännu
304 332 239 39 bestämdare
572 336 67 35 har
667 337 103 36 detta
799 338 125 38 blifvit
952 341 262 39 konstateradt
1241 357 136 35 genom
1406 353 54 30 ett
1487 349 56 35 till
1569 351 206 37 utskottets

174 381 224 50 förfogande
427 386 116 36 stäldt
584 387 249 39 meddelande
861 390 81 37 från
971 394 157 36 svenska
1157 395 68 36 och
1255 397 137 36 norska
1420 401 316 45 generalkonsuln
1765 404 10 34 i

173 430 245 40 Amsterdam
446 436 169 48 Egidius,
644 451 79 23 som
752 440 113 36 bland
895 449 114 30 annat
1036 444 108 36 anför
1171 441 181 58 följande:

273 527 86 37 »Att
387 529 110 36 häraf
530 530 115 49 draga
686 533 71 35 den
799 534 202 38 slutsatsen
1027 556 49 6 —
1103 557 48 4 —
1181 558 49 5 —
1261 559 48 5 —
1341 547 56 31 att
1421 544 353 48 margarinfabrika-

173 577 143 46 tionen,
353 579 12 35 i
405 581 129 36 stället
575 581 58 37 för
665 589 55 30 att
748 597 87 23 vara
864 587 427 51 mejerihandteringens
1319 592 135 46 fiende,
1484 602 41 28 är
1553 609 45 22 en
1626 596 39 36 af
1689 598 85 36 dess

172 628 107 37 bästa
320 637 141 29 vänner
501 632 70 36 och
601 632 201 48 afnämare,
832 635 193 38 förefaller
1052 640 78 47 mig
1158 642 211 36 emellertid
1399 657 89 24 vara
1516 659 45 22 en
1591 648 180 46 paradox.

170 678 16 36 I
215 680 72 35 alla
317 680 200 38 händelser
545 684 72 35 kan
646 685 64 36 det
737 687 60 35 väl
826 690 226 48 näppeligen
1081 692 190 48 tillämpas
1299 697 48 44 på
1374 694 172 49 England
1575 699 83 35 med
1688 700 84 36 dess

170 731 154 36 relativt
353 732 220 50 obetydliga
603 738 365 46 margarinindustri,
997 754 85 23 men
1108 741 109 38 äfven
1238 744 56 36 för
1314 751 54 30 ett
1387 747 87 35 land
1494 761 80 23 som
1595 745 175 56 Holland,

172 781 150 36 hvarest
350 783 123 36 denna
500 786 162 36 industri
691 789 10 33 i
732 788 172 49 betydlig
931 792 93 46 grad
1054 794 192 36 utvecklat
1274 796 68 47 sig,
1371 796 191 38 förefaller
1590 801 65 35 det
1682 803 88 46 mig,

169 844 78 23 som
270 846 59 22 om
351 834 45 35 de
415 834 168 38 fördelar
610 838 469 48 margarinfabrikationen
1109 845 225 49 tillskyndar
1362 849 406 51 mejerihandteringen

168 886 121 33 såsom
320 884 189 38 afnämare
551 887 41 36 af
629 902 44 22 en
703 890 60 35 del
792 893 343 47 mejeriprodukter
1164 897 30 47 ej
1224 897 127 36 kunna
1373 899 181 47 jemföras
1582 903 86 35 med
1697 904 72 36 den

168 939 101 31 stora
309 936 127 44 skada,
477 951 80 23 som
599 941 170 36 orsakats
811 943 69 35 och
923 945 150 36 orsakas
1114 960 133 34 genom
1290 948 297 52 förfalskningen
1628 954 40 35 af
1705 956 64 34 det

168 985 222 38 holländska
430 995 267 41 natursmöret,
739 993 70 35 och
852 1000 55 30 att
944 995 64 36 det
1039 997 82 35 icke
1149 998 72 36 kan
1251 999 182 47 betviflas,
1462 1008 56 30 att
1546 1004 63 36 det
1636 1006 132 35 neder-

167 1036 156 37 ländska
351 1039 247 38 landtbruket
626 1041 10 36 i
666 1044 409 39 nationalekonomiskt
1103 1048 176 38 afseende
1305 1051 67 36 har
1391 1053 85 36 lidit
1496 1054 115 37 skada
1630 1065 137 39 genom

166 1090 434 46 margarinindustrien.»

263 1209 72 34 d:0.
389 1209 63 35 Att
479 1210 13 34 i
510 1210 115 49 fråga
654 1225 56 23 om
739 1214 42 35 de
809 1217 309 46 omständigheter,
1146 1231 76 23 som
1250 1220 193 38 inverkade
1458 1219 27 60 då
1501 1225 115 47 priset
1634 1226 14 35 i
1668 1226 97 49 Eng-

163 1256 87 36 land
274 1258 55 48 på
354 1260 137 36 svenskt
519 1269 217 40 natursmör,
766 1271 147 31 smörets
933 1267 198 49 jemngoda
1169 1271 154 48 qvalitet,
1361 1274 139 35 hvilken
1527 1276 181 48 häntydde
1736 1279 32 47 ej

162 1307 82 36 blott
267 1308 55 48 på
348 1323 42 22 en
417 1324 99 23 mera
545 1313 152 37 allmänt
722 1315 184 49 iakttagen
933 1324 113 30 större
1074 1332 138 37 omsorg
1239 1322 62 36 vid
1328 1324 246 48 beredningen,
1595 1334 89 29 utan
1704 1330 61 34 ock

162 1371 40 22 en
242 1365 189 43 strängare
472 1366 244 46 noggrannhet
754 1367 61 35 vid
855 1368 310 51 klassificeringen,
1206 1385 82 23 vore
1328 1374 46 48 af
1408 1381 131 32 största
1568 1378 84 48 vigt,
1680 1379 86 36 helst

157 1422 128 35 genom
313 1413 249 48 margarinens
590 1418 258 45 uppträdande
875 1419 14 35 i
914 1420 154 37 handeln
1087 1421 266 50 fordringarne
1376 1428 217 47 väsentligen
1612 1436 152 42 stegrats

158 1461 52 46 på
249 1468 258 32 natursmörets
547 1467 139 47 qvalité,
724 1468 61 36 och
821 1470 154 37 lönande
999 1477 81 42 pris
1108 1473 124 49 derför
1258 1489 49 21 nu
1335 1476 13 35 i
1373 1477 103 49 högre
1501 1481 95 45 grad
1623 1485 49 31 än
1699 1483 65 34 nå-

156 1512 129 46 gonsin
327 1526 80 23 vore
448 1516 170 36 beroende
653 1518 57 47 på
741 1519 308 50 frambringande
1076 1524 46 47 af
1137 1526 127 47 prima
1293 1540 100 34 vara,
1422 1537 92 27 samt
1543 1537 50 29 att
1621 1538 44 28 ett
1694 1539 69 29 ute-

158 1565 200 45 stängande
391 1565 96 48 från
527 1566 143 49 Sverige
711 1569 45 48 af
790 1573 200 46 margarin,
1027 1587 85 23 vare
1148 1576 53 48 sig
1229 1576 45 49 af
1296 1577 157 37 inhemsk
1481 1580 85 36 eller
1593 1582 169 37 utländsk

158 1613 237 50 tillverkning,
424 1617 73 35 icke
533 1618 112 36 skulle
671 1620 142 37 komma
842 1629 50 29 att
919 1623 14 35 i
959 1624 157 47 ringaste
1144 1627 85 36 mån
1256 1628 84 48 höja
1362 1630 115 47 priset
1505 1632 24 35 å
1556 1632 83 37 vårt
1665 1640 97 29 smör

158 1663 84 37 eller
269 1665 167 48 befordra
465 1669 80 35 dess
572 1670 231 49 afsättlighet.

259 1757 207 48 Utskottet,
499 1774 79 23 som
614 1763 157 37 alldeles
799 1766 223 50 obetingadt
1050 1773 118 33 måste
1197 1771 198 38 instämma
1424 1775 9 34 i
1463 1775 71 36 den
1563 1776 196 39 förutsätt-

156 1808 153 48 ningen,
338 1816 55 30 att
421 1811 307 51 frambringande
757 1816 41 35 af
822 1831 44 21 en
895 1821 179 42 utmärkt,
1100 1822 181 48 jemngod
1306 1825 71 35 och
1397 1826 57 35 till
1475 1826 117 37 första
1611 1828 146 38 klassen

156 1859 190 49 hänförlig
381 1875 99 32 vara,
509 1865 244 48 naturligtvis
781 1868 95 35 skall
904 1868 157 38 framför
1089 1873 65 35 allt
1184 1880 112 30 annat
1325 1875 156 49 bidraga
1509 1878 59 35 till
1597 1879 161 48 höjande

155 1908 40 36 af
232 1914 85 33 vårt
357 1915 254 45 mejerismörs
653 1916 237 50 afsättlighet
930 1922 57 34 till
1028 1922 94 47 högt
1163 1925 88 46 pris,
1290 1925 71 36 kan
1391 1927 170 38 deremot
1589 1930 82 36 icke
1699 1930 59 37 för

155 1959 115 49 öfrigt
297 1962 150 38 biträda
476 1966 92 35 eller
596 1966 84 37 dela
700 1968 64 36 det
784 1969 66 36 här
870 1970 111 37 ofvan
1002 1974 186 47 återgifna
1208 1977 240 46 antagandet.
1476 1978 73 37 För
1569 1981 188 37 utskottet

154 2023 110 34 synes
292 2013 64 36 det
384 2015 155 37 alldeles
569 2019 226 46 uppenbart,
824 2026 56 30 att
908 2022 72 35 den
1009 2023 152 48 köpare,
1185 2038 79 24 som
1293 2028 65 34 vill
1378 2028 111 37 hafva
1508 2029 70 37 full
1597 2033 158 46 garanti,

154 2068 56 29 att
238 2062 72 37 den
338 2078 88 23 vara
456 2068 70 34 han
557 2068 170 48 inköper,
757 2076 113 42 utgör
898 2072 205 38 oblandadt
1124 2077 243 47 mejerismör,
1387 2079 94 36 skall
1513 2081 99 36 finna
1634 2083 121 37 denna

153 2115 150 44 garanti
345 2121 133 39 större,
522 2131 101 24 mera
659 2120 350 40 tillfredsställande
1045 2126 70 35 och
1143 2134 132 29 nästan
1304 2129 150 37 absolut
1481 2127 272 58 betryggande,

152 2164 48 34 då
241 2164 72 36 den
355 2167 154 47 inköpta
541 2182 116 23 varan
695 2170 221 39 förskrifver
952 2175 56 46 sig
1041 2175 80 37 från
1152 2183 54 30 ett
1234 2178 99 44 land,
1362 2181 67 35 der
1457 2185 186 46 margarin
1672 2185 81 36 icke

151 2214 207 46 tillverkas,
400 2218 55 35 dit
489 2219 70 35 den
590 2221 32 47 ej
664 2220 56 37 får
758 2222 140 38 införas
939 2226 70 35 och
1039 2227 67 35 der
1134 2228 72 36 den
1234 2230 158 37 sålunda
1419 2232 82 36 icke
1530 2236 223 36 annorledes

151 2271 46 28 än
238 2278 137 34 genom
413 2269 196 37 underslef
640 2272 71 35 kan
744 2272 243 40 förekomma.
1041 2277 130 37 Under
1199 2280 107 36 dessa
1333 2281 261 39 förhållanden
1623 2286 131 37 vinnas
