1882 2810
300 153 18 29 6
745 160 276 31 Statsutskottets
1045 160 176 31 utlåtande
1241 170 42 22 nr
1310 162 68 29 107.

970 348 59 40 Nr
1059 349 83 40 107.

710 462 124 27 Ankom
857 462 46 26 till
925 463 179 34 riksdagens
1127 463 98 27 kansli
1248 464 59 26 den
1330 463 39 26 26
1393 463 77 34 april
1498 463 78 27 1946
1601 464 41 26 kl.
1666 464 17 26 4
1709 472 57 22 em.

528 570 183 32 Utlåtande
732 572 10 29 i
762 572 186 37 anledning
967 582 42 20 av
1030 572 124 36 Kungl.
1177 572 117 36 Maj:ts
1318 574 214 37 proposition
1553 574 176 35 angående
1750 583 59 21 an-

749 622 74 37 slag
850 622 56 38 för
935 622 200 37 budgetåret
1168 618 136 43 1946/47
1336 624 49 29 till
1413 624 268 36 Krigsrätterna:
1711 625 99 30 Avlö-

748 674 133 36 ningar,
908 683 45 22 m.
978 683 45 21 m.

1586 724 67 40 (3:e
1671 722 91 34 avd.)

352 823 13 29 I
388 822 259 40 propositionen
665 832 42 21 nr
730 824 14 28 1
771 823 64 30 har
857 824 121 36 Kungl.
1000 823 102 37 Maj:t
1124 824 109 30 under
1254 825 109 30 andra
1387 825 219 30 huvudtiteln
1635 825 174 37 (punkter-

306 882 46 21 na
372 873 40 30 25
430 873 64 30 och
512 870 57 40 26)
591 873 176 36 föreslagit
784 874 185 36 riksdagen
986 877 49 27 att
1052 874 10 30 i
1080 874 150 31 avbidan
1248 874 44 37 på
1312 875 148 30 särskild
1478 876 215 38 proposition
1709 876 11 30 i
1739 877 71 29 äm-

305 927 58 26 net
386 923 54 31 för
461 923 202 36 budgetåret
688 919 138 37 1946/47
853 924 114 31 såsom
994 924 268 37 förslagsanslag
1288 925 154 30 beräkna
1465 926 51 30 till
1543 926 265 36 Krigsrätterna:

306 974 209 36 Avlöningar
539 975 62 29 367
618 975 63 29 300
705 975 131 30 kronor
860 975 65 30 och
948 975 49 30 till
1021 975 265 37 Krigsrätterna:
1312 975 256 31 Omkostnader
1590 977 42 30 30
1646 978 63 29 000
1732 978 77 29 kro-

307 1034 73 20 nor.

352 1075 157 30 Därefter
526 1075 64 31 har
612 1075 121 36 Kungl.
754 1075 102 37 Maj:t
873 1075 10 30 i
903 1076 259 36 propositionen
1179 1086 42 21 nr
1240 1077 71 34 181,
1331 1077 111 29 under
1457 1076 220 40 åberopande
1699 1087 41 20 av
1761 1077 48 30 bi-

305 1126 71 35 lagt
397 1125 123 36 utdrag
541 1135 42 21 av
608 1125 375 37 statsrådsprotokollet
1007 1127 80 30 över
1109 1126 538 37 justitiedepartementsärenden
1667 1128 56 30 för
1744 1128 66 30 den

309 1176 13 29 1
350 1185 91 21 mars
467 1176 94 35 1946,
586 1176 175 36 föreslagit
787 1176 184 36 riksdagen
994 1179 49 28 att
1070 1177 71 30 dels
1171 1176 168 31 fastställa
1363 1186 43 21 av
1429 1177 381 37 departementschefen

307 1225 164 30 förordad
491 1226 250 36 avlöningsstat
761 1226 56 30 för
834 1226 247 36 krigsrätterna
1103 1229 49 28 att
1171 1227 173 39 tillämpas
1364 1227 110 31 under
1492 1227 201 38 budgetåret
1715 1226 95 39 1946/

306 1277 51 34 47,
380 1276 70 30 dels
473 1277 66 29 ock
560 1276 120 31 anvisa
701 1276 230 31 förenämnda
950 1276 91 31 båda
1063 1277 268 36 förslagsanslag
1354 1277 79 30 med
1456 1278 191 36 respektive
1669 1279 63 30 336
1746 1279 64 30 400

305 1328 130 28 kronor
457 1327 65 30 och
545 1328 41 29 30
600 1327 64 30 000
686 1327 139 30 kronor.

350 1424 66 40 1:0o)
441 1425 274 38 Krigsrätterna:
737 1425 225 37 Avlöningar.
986 1425 274 37 Ifrågavarande
1284 1428 120 36 anslag
1427 1428 39 29 är
1491 1427 56 31 för
1571 1428 239 31 innevarande

305 1476 167 37 budgetår
491 1478 137 30 anvisat
650 1478 79 30 med
753 1478 62 30 367
831 1478 64 30 300
916 1478 139 31 kronor.

347 1550 129 31 Genom
495 1551 420 37 justitiedepartementets
937 1552 135 37 försorg
1089 1552 65 31 har
1177 1552 241 31 införskaffats
1439 1552 83 31 visst
1545 1553 266 31 rättsstatistiskt

305 1602 166 36 material,
502 1603 170 30 avseende
700 1603 265 30 verksamheten
996 1603 57 31 vid
1085 1608 204 31 regements-
1321 1604 65 30 och
1416 1604 394 36 stationskrigsrätterna

305 1653 110 30 under
436 1652 37 31 år
495 1654 94 30 1945.
622 1653 190 31 Materialet
831 1654 65 30 har
913 1654 191 30 redovisats
1124 1654 11 30 i
1155 1654 57 30 vid
1235 1654 258 37 propositionen
1513 1655 124 35 fogade
1658 1655 150 30 tabeller.

349 1702 387 39 Departementschefen
759 1704 65 30 har
846 1704 51 30 till
923 1714 42 20 en
989 1704 126 37 början
1138 1704 136 36 erinrat,
1303 1708 49 27 att
1376 1704 114 37 någon
1512 1705 214 37 lagstiftning
1752 1715 57 21 om

305 1753 350 36 krigsdomstolarnas
681 1754 230 30 avskaffande
936 1754 10 30 i
972 1754 156 36 fredstid,
1156 1764 119 21 varom
1303 1755 183 37 utredning
1513 1756 54 30 för
1592 1756 217 30 närvarande

304 1802 116 38 pågår,
454 1803 76 31 icke
561 1804 119 30 kunde
711 1804 172 31 beräknas
920 1805 98 30 träda
1052 1804 11 30 i
1096 1804 95 33 kraft
1222 1805 74 30 före
1328 1805 171 37 utgången
1532 1816 43 20 av
1608 1806 202 37 budgetåret

310 1849 147 43 1946/47.

350 1905 157 30 Därefter
527 1905 65 30 har
612 1905 379 39 departementschefen
1009 1905 11 30 i
1040 1905 99 37 fråga
1158 1915 57 21 om
1251 1906 217 30 arvoden
1504 1906 45 31 åt
1587 1907 221 36 krigsdo-

305 1965 137 25 mare,
483 1955 265 31 auditörer
790 1956 87 30 och
917 1956 371 36 krigsfiskaler
1331 1956 117 30 anfört
1469 1956 165 37 följande.

351 2013 14 30 I
390 2013 162 31 skrivelse
575 2015 66 29 den
669 2015 37 29 14
733 2015 88 36 april
848 2015 93 35 1945,
965 2024 40 21 nr
1031 2016 72 34 134,
1128 2015 116 30 anhöll
1268 2015 193 36 riksdagen,
1487 2019 49 27 att
1561 2016 121 36 Kungl.
1708 2015 101 37 Maj:t

302 2055 80 30 ville
404 2055 68 31 låta
495 2057 187 29 verkställa
706 2057 185 36 utredning
916 2066 56 21 om
995 2057 350 36 krigsdomstolarnas
1371 2057 232 31 avskaffande
1628 2058 11 30 i
1663 2058 145 30 fredstid

304 2100 89 27 samt
414 2097 54 30 för
488 2097 185 36 riksdagen
697 2102 134 27 snarast
853 2098 133 37 möjligt
1008 2099 193 36 framlägga
1223 2099 55 31 det
1304 2099 137 37 förslag,
1465 2110 74 20 som
1562 2101 107 29 därav
1691 2101 117 29 kunde

303 2138 207 32 föranledas.
545 2140 79 30 Med
646 2140 187 37 anledning
852 2141 108 30 härav
981 2141 157 30 tillsattes
1164 2142 82 29 1945
1271 2141 54 31 års
1349 2142 458 36 krigsdomstolsutredning.

304 2181 53 29 En
377 2181 160 31 blivande
558 2182 214 36 lagstiftning
792 2182 11 30 i
828 2184 116 29 ämnet
966 2184 70 29 kan
1057 2184 189 29 emellertid
1270 2184 74 30 icke
1368 2184 170 30 beräknas
1561 2185 100 30 träda
1682 2185 10 29 i
1714 2184 94 30 kraft

304 2222 74 31 före
400 2223 171 37 utgången
593 2234 43 20 av
661 2224 201 37 budgetåret
888 2220 150 38 1946/47.
1075 2222 94 33 Även
1190 2226 55 30 för
1269 2226 152 30 nämnda
1443 2226 168 37 budgetår
1633 2227 175 30 erfordras

303 2264 130 31 således
456 2267 120 35 anslag
598 2266 50 30 till
669 2266 256 36 krigsrätterna.

348 2306 120 32 Såsom
490 2307 154 36 framgår
667 2318 42 20 av
728 2308 41 30 de
793 2312 114 27 senast
929 2308 256 32 införskaffade
1205 2309 220 37 uppgifterna
1447 2311 147 30 rörande
1615 2311 191 31 arbetsbör-

304 2348 69 30 dan
398 2348 56 30 vid
477 2352 206 33 regements-
709 2350 67 30 och
802 2350 404 38 stationskrigsrätterna,
1232 2352 64 30 har
1322 2351 65 31 den
1417 2353 106 29 sedan
1547 2353 261 35 krigsutbrottet

306 2391 83 29 1939
413 2391 244 31 konstaterade
681 2392 192 36 stegringen
897 2402 42 20 av
961 2393 131 30 antalet
1115 2393 71 30 mål
1208 2394 65 30 och
1296 2394 151 30 ärenden
1468 2394 82 31 från
1574 2395 65 30 och
1665 2395 80 30 med
1769 2394 39 31 år

306 2432 83 30 1944
405 2432 151 37 upphört
571 2433 68 31 och
656 2433 147 37 förbytts
823 2434 11 30 i
853 2443 42 21 en
911 2435 110 30 under
1039 2434 40 30 år
1100 2436 83 29 1945
1200 2436 133 30 alltmer
1353 2437 185 29 markerad
1555 2436 166 36 nedgång.
1740 2437 66 30 An-

304 2474 80 30 talet
404 2473 69 31 mål
492 2475 66 30 och
578 2476 160 35 ärenden,
759 2485 75 21 som
855 2477 110 29 under
986 2476 39 31 år
1047 2477 83 29 1945
1152 2477 182 37 handlagts
1354 2478 57 30 vid
1430 2478 172 36 krigsrätt,
1624 2479 184 36 understeg
