2088 2645
623 165 262 42 Lag-Utskottets
914 164 168 32 Utlåtande
1106 164 64 31 N:o
1194 166 52 29 23.
1719 164 14 29 1

848 773 41 26 Av.
991 779 10 13 s

831 780 92 39 N:o
952 777 89 43 23.

840 934 68 22 Ank.
928 935 42 21 till
994 933 88 23 Riksd.
1106 933 91 23 Kansli
1218 933 50 22 den
1291 933 10 22 7
1323 932 69 23 Mars
1414 931 71 30 1881,
1505 931 36 24 kl.
1563 932 9 23 1
1595 938 21 16 e.
1637 939 31 15 m.

335 1073 97 47 Lag-
443 1072 186 36 Utskottets
676 1071 202 45 Utlåtande,
921 1071 12 34 i
973 1070 194 49 anledning
1196 1070 45 49 af
1253 1069 147 48 förslag
1429 1081 56 23 om
1504 1068 235 49 förändrade

539 1141 226 47 stadganden
805 1141 156 34 rörande
993 1139 195 47 skyldighet
1217 1145 49 28 att
1294 1139 113 46 bygga
1436 1138 60 34 och
1523 1136 215 36 underhålla

538 1208 160 48 tingshus
726 1208 59 35 och
814 1207 310 49 häradsfängelse.

234 1310 72 37 Vid
333 1309 258 37 innevarande
613 1309 158 47 riksdag
798 1309 115 36 hafva
935 1308 123 36 blifvit
1078 1308 98 36 inom
1199 1307 131 36 Andra
1349 1306 230 37 Kammaren
1602 1306 137 36 väckta

138 1362 67 36 och
235 1361 56 37 till
318 1360 299 49 Lag-Utskottet
645 1359 207 37 hänvisade
880 1362 64 33 två
973 1358 195 48 motioner,
1199 1358 73 36 den
1301 1370 81 35 ena,
1413 1357 70 36 N:o
1513 1359 33 47 2,
1577 1356 40 37 af
1642 1356 97 37 Herr

136 1414 42 35 A.
228 1413 49 36 W.
326 1413 175 48 Wigardt,
543 1411 70 36 och
655 1410 72 36 den
770 1410 129 45 andra,
933 1409 70 37 N:o
1033 1412 57 45 29,
1121 1409 40 36 af
1186 1408 97 37 Herr
1311 1409 97 35 Lars
1436 1409 221 47 Andersson,
1686 1407 52 36 uti

136 1463 127 37 hvilka
305 1463 184 37 motioner
516 1461 237 49 framläggas
782 1461 55 37 till
864 1460 241 49 Riksdagens
1135 1459 215 49 antagande
1380 1459 187 37 särskilda
1595 1458 146 48 förslag

135 1514 57 37 till
219 1513 226 48 förordning
473 1512 198 48 angående
701 1511 219 49 skyldighet
949 1517 54 31 att
1031 1511 155 48 deltaga
1213 1511 10 34 i
1252 1510 214 36 kostnaden
1482 1509 58 37 för
1555 1509 182 49 byggnad

137 1565 69 36 och
234 1564 200 36 underhåll
464 1563 41 37 af
529 1563 177 48 tingshus
735 1562 70 37 och
833 1561 327 49 häradsfängelse.

237 1667 73 35 Det
339 1666 41 36 af
404 1666 98 36 Herr
539 1666 158 47 Wigardt
724 1664 216 48 framlagda
970 1663 185 48 förslaget
1183 1668 40 31 är
1253 1663 40 36 af
1318 1662 169 50 följande
1514 1661 161 49 lydelse:

235 1750 107 37 »Med
376 1750 162 47 ändring
567 1749 41 37 af
633 1749 99 36 hvad
762 1750 46 34 26
835 1749 86 47 kap.
951 1750 22 33 4
1002 1745 19 49 &
1050 1748 374 48 Byggningabalken
1453 1747 70 36 och
1554 1745 188 38 särskilda

137 1801 271 48 författningar
449 1800 148 49 stadga,
640 1799 199 49 angående
881 1798 219 49 skyldighet
1142 1804 54 31 att
1230 1797 155 49 deltaga
1411 1798 12 35 i
1451 1796 225 50 byggandet
1705 1795 41 37 af

136 1852 178 49 tingshus
355 1852 70 36 och
466 1850 327 49 häradsfängelse,
828 1849 199 37 förordnas
1056 1849 234 48 härigenom,
1321 1854 55 31 att
1402 1849 12 35 1
1441 1847 214 38 kostnaden
1683 1847 59 36 för

136 1902 240 50 uppförande
405 1902 70 36 och
503 1901 200 37 underhåll
732 1901 41 36 af
798 1901 117 36 sådan
945 1900 183 48 byggnad
1159 1900 107 36 skola
1295 1899 73 36 alla
1396 1899 58 47 de,
1484 1898 127 37 hvilka
1638 1897 102 36 inom

136 1953 211 49 tingslaget
388 1952 160 49 erlägga
587 1950 432 49 kommunalutskylder,
1062 1950 154 49 deltaga
1257 1950 98 36 efter
1392 1950 73 37 den
1493 1948 137 50 grund,
1661 1961 78 23 som

137 2004 59 37 för
223 2004 213 49 utgörande
465 2004 42 36 af
531 2003 111 37 dessa
672 2002 197 49 utskylder
898 2002 120 36 finnes
1047 2001 195 49 stadgad.»

238 2105 99 37 Herr
364 2107 97 34 Lars
491 2106 205 35 Andersson
726 2107 79 33 åter
833 2103 159 37 föreslår
1021 2116 46 23 en
1089 2105 41 34 så
1150 2102 164 49 lydande
1330 2101 251 49 förordning
1565 2097 19 59 i
1598 2106 143 31 ämnet:

238 2189 106 36 »Med
379 2188 162 48 ändring
570 2189 41 36 af
636 2188 99 36 hvad
765 2190 45 34 26
839 2188 86 48 kap.
955 2190 22 33 4
1006 2184 20 49 $
1056 2186 372 49 Byggningabalken
1457 2186 71 36 och
1554 2185 185 37 särskilda

138 2239 272 48 författningar
451 2239 138 48 stadga
630 2239 198 47 angående
870 2237 220 49 skyldighet
1132 2243 53 31 att
1226 2236 154 49 deltaga
1413 2236 11 36 i
1452 2235 224 50 byggandet
1706 2235 40 37 af

183 2296 75 30 Bih.
285 2295 48 30 till
358 2296 110 30 Riksd.
495 2295 87 31 Prot.
607 2296 90 29 1881.
742 2296 18 28 7
785 2295 95 30 Saml.
911 2296 33 28 14
971 2294 91 42 Häft.
