2221 2692
395 217 40 31 14
851 216 235 44 Lagutskottets
1114 215 169 35 Utlåtande
1305 216 62 33 N:o
1390 218 53 32 23.

350 309 104 24 mera
489 295 256 49 summariskt,
775 296 69 38 bör
872 297 167 49 regleras
1068 310 139 37 genom
1236 296 250 50 fullständiga
1515 297 71 37 och
1615 297 86 38 fullt
1728 298 106 38 klara
1863 313 87 37 pro-

351 348 381 39 cessbestämmelser.
789 349 139 51 Många
969 350 213 37 fastställda
1224 349 417 51 skiftesförrättningar
1669 356 64 32 äro
1762 352 187 50 felaktiga

350 402 13 36 i
392 402 176 36 afseende
606 405 21 33 å
662 403 349 37 sammanträdenas
1039 403 260 50 kungörande,
1330 402 200 50 delägares
1558 404 177 37 kallande
1764 405 91 37 eller
1882 406 66 36 be-

350 454 136 50 höriga
526 455 314 49 representation,
883 456 172 36 formella
1097 455 304 50 oegentligheter
1434 456 86 37 med
1548 470 103 23 mera
1679 457 132 50 dylikt.
1869 457 81 38 Och

351 507 87 37 med
478 507 178 49 gällande
699 508 163 48 ordning
903 508 113 37 hafva
1056 522 79 24 mer
1176 513 48 32 än
1258 521 46 24 en
1332 511 106 46 gång
1465 522 139 36 genom
1633 509 197 38 oförstånd
1859 511 91 37 eller

351 560 239 37 förbiseende
619 560 170 37 enskilde
818 560 177 50 delägare
1024 562 72 36 fått
1124 567 122 31 sämre
1275 561 90 36 eller
1392 561 148 37 mindre
1569 562 146 49 ägolott
1743 568 49 31 än
1816 564 132 37 veder-

349 613 88 37 bort
465 613 92 36 eller
586 613 110 48 eljest
725 613 162 37 kommit
913 614 13 36 1
946 614 230 49 oförmånlig
1195 613 195 50 ställning.
1436 612 131 39 Såsom
1588 619 53 32 ett
1660 615 98 37 enda
1777 617 173 49 exempel

349 665 92 50 vilja
483 665 39 37 vi
564 670 213 44 omnämna,
820 666 182 38 hurusom
1042 667 12 36 i
1097 672 55 32 ett
1188 667 78 47 fall,
1297 666 67 38 där
1390 667 286 37 vederbörande
1705 668 179 49 delägare
1913 669 34 49 ej

351 717 155 37 förstått
547 718 120 36 saken
707 718 71 37 och
815 718 83 37 icke
926 719 178 49 upplysts
1133 720 130 35 därom
1292 719 42 36 af
1356 718 291 49 landtmätaren,
1677 720 272 37 skiftesanord-

350 769 187 49 ningarne
578 769 274 50 oundvikligen
895 770 204 50 medförde,
1130 776 54 32 att
1213 770 165 37 nämnda
1406 770 178 50 delägare
1611 771 176 49 påfördes
1815 772 12 36 i
1854 786 95 36 upp-

351 822 362 49 odlingskostnader
747 825 41 34 så
817 823 169 49 orimligt
1015 828 101 32 stora
1145 837 178 34 summor,
1354 828 55 31 att
1437 823 106 37 deras
1571 825 219 48 påstående,
1820 829 55 33 att
1903 825 46 37 de

351 877 122 34 måste
515 877 49 46 gå
606 874 84 37 från
731 874 70 37 hus
844 875 69 37 och
955 876 136 49 grund,
1135 880 131 44 syntes
1303 876 33 48 ej
1366 875 183 37 innebära
1577 879 129 46 någon
1735 877 213 37 öfverdrift.

351 926 74 37 Det
453 926 107 37 torde
588 927 113 37 också
729 927 92 37 böra
849 932 110 43 tagas
992 928 11 36 i
1024 928 296 49 öfvervägande,
1342 941 61 23 om
1423 928 32 49 ej
1477 930 128 47 någon
1625 929 326 49 omorganisation

353 979 40 36 af
431 979 403 50 ägodelningsrättens
876 981 345 49 sammansättning
1261 981 69 36 bör
1371 985 74 44 äga
1485 994 92 22 rum.
1634 980 136 38 Säkert
1812 987 52 43 är,
1896 987 56 32 att

349 1032 240 36 beträffande
619 1035 140 46 många
788 1033 268 49 skiftesfrågor
1080 1034 219 36 densamma
1320 1034 32 49 ej
1375 1037 92 44 äger
1486 1033 205 50 tillräcklig
1709 1034 239 50 kompetens.

351 1083 49 38 Då
428 1090 26 30 t.
486 1097 58 24 ex.
575 1087 57 34 stå
661 1085 206 49 delägarne
888 1091 90 31 nära
999 1099 78 36 nog
1096 1087 177 36 rättslösa
1293 1091 197 44 gentemot
1509 1086 440 49 förrättningsmannens

351 1136 294 50 ägogradering.
702 1137 310 49 Landtmätarne,
1042 1152 82 23 som
1152 1138 172 37 växelvis
1351 1138 216 50 tjänstgöra
1596 1141 123 35 såsom
1744 1139 149 37 biträde
1912 1142 38 34 åt

350 1194 126 31 rätten
504 1189 64 36 vid
596 1190 236 36 hvarandras
861 1191 290 48 förrättningar,
1180 1191 116 35 hafva
1325 1190 132 36 därvid
1486 1191 32 48 ej
1550 1191 304 48 domareansvar,
1881 1192 69 36 och

351 1240 402 50 ägodelningsrättens
794 1242 221 47 ledamöter,
1059 1256 81 23 som
1172 1243 62 36 väl
1261 1242 128 37 kunna
1419 1242 171 37 meddela
1617 1243 155 37 rättelse
1800 1244 12 36 i
1841 1244 109 48 fråga

350 1306 61 23 om
453 1297 55 32 ett
550 1293 70 37 och
663 1299 115 31 annat
804 1294 215 49 uppenbart
1046 1295 295 49 graderingsfel,
1371 1295 117 36 sakna
1516 1295 97 37 dock
1640 1295 225 49 kompetens
1894 1300 56 32 att

349 1345 89 36 öfva
480 1345 73 37 den
594 1347 291 48 genomgående
920 1347 167 37 kontroll
1115 1350 20 34 å
1163 1347 278 49 graderingens
1465 1347 177 48 jämnhet
1670 1347 107 37 öfver
1804 1347 147 37 hufvud

349 1402 120 44 taget,
499 1411 79 23 som
607 1398 65 36 vid
701 1398 158 37 klander
888 1404 41 31 är
956 1399 12 36 i
988 1399 109 49 regel
1115 1399 233 49 nödvändig.
1387 1399 217 49 Delägarne
1623 1400 118 36 sakna
1760 1400 12 36 i
1793 1400 157 36 allmän-

349 1449 66 37 het
456 1449 228 50 erforderlig
713 1451 206 36 fackinsikt
947 1451 59 37 för
1035 1457 55 31 att
1117 1452 138 48 själfva
1283 1452 129 36 kunna
1440 1451 133 49 påvisa
1602 1451 45 37 de
1675 1452 176 49 verkliga
1880 1452 70 37 och

349 1502 218 49 betydande
607 1502 324 50 felaktigheterna
959 1503 70 38 och
1058 1503 91 38 böra
1178 1503 127 37 därför
1333 1503 157 38 beredas
1519 1508 75 32 rätt
1624 1508 67 44 att,
1721 1518 61 23 om
1811 1504 45 37 de
1884 1509 65 32 äro

350 1554 246 37 missbelåtna
637 1555 86 37 med
765 1555 257 50 graderingen
1056 1556 90 37 eller
1174 1556 96 49 hysa
1298 1556 252 37 misstroende
1579 1556 183 47 däremot,
1791 1557 39 36 få
1858 1557 91 36 den-

351 1619 143 23 samma
534 1609 50 46 på
625 1612 54 31 ett
722 1607 86 36 fullt
840 1608 269 49 betryggande
1138 1613 76 32 sätt
1242 1608 211 36 öfversedd.
1511 1607 150 37 Genom
1690 1608 258 49 ofullkomlig-

350 1658 108 37 heter
485 1658 12 36 i
526 1659 417 49 graderingssystemet
971 1660 220 49 äfventyras
1219 1661 13 35 i
1259 1660 80 49 hög
1367 1660 97 49 grad
1491 1661 340 37 rättssäkerheten.
1883 1660 66 38 Uti

350 1710 197 37 Danmark
588 1715 41 32 är
657 1711 361 50 jordboniteringen
1047 1712 143 37 ordnad
1218 1715 49 47 på
1294 1713 63 36 det
1385 1717 87 43 sätt,
1503 1717 55 32 att
1586 1712 204 49 delägarne
1819 1713 130 36 kunna

350 1762 180 49 påfordra
570 1777 53 35 ny
663 1764 210 49 gradering
902 1764 41 36 af
966 1778 76 36 nya
1070 1765 320 49 graderingsmän
1417 1764 58 37 till
1504 1764 139 37 dubbla
1672 1766 153 36 antalet.
1868 1767 81 34 Den

351 1815 299 48 omständighet,
693 1821 55 31 att
788 1816 363 50 graderingsfrågor
1190 1817 70 36 hos
1302 1830 62 23 oss
1405 1820 61 33 må
1507 1817 183 47 fullföljas
1722 1818 58 36 till
1807 1818 139 48 högsta

351 1866 225 49 domstolen,
606 1867 92 37 ökar
722 1868 209 49 ingalunda
950 1869 248 49 tryggheten,
1219 1869 47 36 då
1285 1874 94 32 utan
1398 1882 98 36 egen
1516 1868 222 50 besiktning
1757 1872 20 34 å
1792 1869 157 37 marken

351 1918 137 38 saknas
529 1919 203 50 möjlighet
765 1925 54 32 att
848 1921 159 37 allenast
1035 1921 97 38 efter
1161 1921 136 37 andras
1324 1921 196 37 utlåtande
1547 1926 77 32 rätt
1651 1921 160 37 bedöma
1839 1922 109 37 dessa

351 1971 275 37 förhållanden.
685 1971 122 38 Också
849 1973 56 36 lär
946 1973 64 37 det
1047 1974 33 49 ej
1118 1976 48 47 på
1194 1974 202 36 decennier
1424 1973 116 37 hafva
1567 1973 130 49 händt,
1729 1979 55 32 att
1811 1975 138 48 högsta

351 2023 213 37 domstolen
602 2029 125 32 ansett
768 2025 61 48 sig
856 2026 129 35 kunna
1013 2026 172 36 meddela
1213 2026 165 48 ändring
1405 2026 12 36 i
1445 2026 352 48 ägodelningsrätts
1826 2026 124 37 beslut

352 2075 199 49 angående
579 2076 219 50 gradering.
837 2077 243 38 Beträffande
1109 2077 484 49 skiftesförrättningarnas
1614 2079 161 46 billighet
1794 2078 59 37 för
1872 2077 76 37 del-

352 2132 141 45 ägarne
521 2128 138 37 saknas
688 2129 32 49 ej
751 2129 119 37 heller
898 2130 67 49 fog
993 2130 58 37 för
1080 2130 310 50 anmärkningar.
1432 2130 70 36 Att
1521 2130 350 38 skifteskostnaden
1891 2130 59 36 för

352 2180 237 37 närvarande
632 2185 41 32 är
715 2181 170 50 orimligt
926 2188 79 30 stor
1032 2182 13 36 i
1073 2182 233 37 förhållande
1346 2182 58 37 till
1432 2187 137 44 nyttan
1598 2182 42 36 af
1663 2183 287 48 förrättningen

350 2231 113 37 beror
491 2232 95 37 dock
614 2233 13 36 i
655 2233 176 37 afsevärd
860 2237 88 34 mån
976 2237 48 47 på
1052 2234 189 37 bristerna
1265 2235 69 37 hos
1354 2234 445 50 skifteslagstiftningen,
1820 2234 130 37 hvilka

351 2288 141 44 ytterst
519 2289 64 32 äro
612 2285 161 37 skulden
802 2286 57 37 till
887 2286 177 49 ständiga
1092 2287 342 50 återförvisningar
1462 2286 91 38 eller
1580 2286 209 51 ändringar
1815 2287 41 37 af
1867 2286 82 37 vid-

352 2343 118 41 tagna
512 2337 324 49 skiftesåtgärder.
899 2339 68 36 Att
1008 2339 278 37 landtmätarne
1327 2338 302 38 understundom
1670 2340 60 36 för
1770 2339 179 48 felaktig-
