2236 2632
430 195 19 30 4
934 190 248 33 Statsutskoltets
1203 190 173 35 Memorial
1399 189 63 33 N:o
1482 193 51 29 81.

530 276 26 42 f)
584 278 48 30 att
666 275 191 41 utlåningen
895 275 105 32 skulle
1029 274 36 32 af
1100 274 220 41 Fullmäktige
1355 274 10 31 i
1392 273 337 41 Riksgäldskontoret
1760 272 199 33 verkställas
1983 283 55 21 en-

427 327 63 41 ligt
514 326 40 33 de
577 330 163 35 närmare,
763 326 60 32 här
847 326 96 32 ofvan
968 326 29 41 ej
1023 325 135 41 angifna
1184 324 262 39 bestämmelser,
1471 335 82 29 som,
1585 324 85 32 efter
1698 324 57 32 det
1777 323 126 42 förslag
1928 323 110 32 dertill

429 377 36 34 af
484 377 219 41 Fullmäktige
728 376 157 42 afgifvits,
908 376 35 33 af
963 376 120 41 Kongl.
1107 376 93 42 Maj:t
1224 375 130 33 komme
1379 378 49 30 att
1450 374 203 40 fastställas;
1677 378 82 29 samt

531 431 35 39 g)
604 431 49 29 att
685 428 40 32 de
760 427 141 33 sålunda
931 427 132 33 utlånta
1102 426 130 33 medlen
1262 426 86 33 efter
1376 426 99 32 deras
1499 425 248 41 återbetalning
1769 425 50 32 till
1841 424 198 42 Riksgälds-

429 479 158 33 kontoret
609 478 115 40 skulle,
748 478 113 33 derest
884 478 41 32 de
950 478 44 32 då
1017 478 29 41 ej
1069 477 119 33 funnes
1213 477 218 41 erforderliga
1443 487 78 22 vare
1537 477 50 40 sig
1601 476 51 33 för
1664 476 215 40 fortsättning
1892 476 35 32 af
1938 479 101 29 stam-

429 529 332 43 banebyggnaderna
788 529 82 33 eller
891 529 52 32 för
964 528 238 43 nybyggnader
1224 528 54 32 vid
1301 528 317 42 statsjernvägarne,
1641 527 171 33 användas
1833 526 51 32 till
1897 526 142 43 påskyn-

435 581 112 33 dande
571 580 36 34 af
625 580 247 41 amorteringen
895 580 34 32 af
951 583 129 29 statens
1102 579 106 33 skuld.

555 904 238 51 Angående
820 903 452 52 Riksgäldskontoret
1299 902 240 52 åliggande
1566 901 355 52 utbetalningar.

491 1023 66 33 1:0.
600 1013 241 42 Återstående
865 1021 159 42 utgifter
1047 1021 62 34 till
1131 1021 92 42 följd
1246 1021 42 33 af
1307 1020 122 34 beslut
1453 1020 61 33 vid
1537 1019 221 41 föregående
1782 1018 212 42 riksdagar.

1201 1118 16 42 $
1231 1118 37 42 8.

567 1204 190 39 Riksdagen
792 1204 61 32 har
887 1205 38 31 år
961 1206 91 37 1885,
1085 1203 108 32 under
1224 1202 240 40 förutsättning
1493 1204 50 29 att
1571 1201 40 32 de
1636 1201 9 31 i
1672 1200 369 42 statsrådsprotokollet

432 1255 94 32 öfver
561 1254 223 33 civilärenden
823 1254 52 32 för
914 1254 65 32 den
1020 1257 39 29 25
1102 1254 159 32 Februari
1304 1263 126 22 samma
1470 1254 38 30 år
1550 1251 229 39 omförmälda,
1815 1251 74 32 utaf
1922 1251 118 33 staden

434 1305 195 33 Hudiksvall
665 1305 62 32 och
764 1304 212 33 Hudiksvalls
1022 1304 329 40 trävaruaktiebolag
1385 1303 164 41 erbjudna
1576 1302 204 41 upplåtelser
1802 1302 50 31 till
1876 1305 109 30 staten
2009 1302 36 33 af

435 1355 93 34 mark
552 1356 62 32 och
638 1356 35 32 af
692 1356 176 32 flottleden
896 1355 122 32 mellan
1043 1355 173 42 Hybosjön
1241 1354 62 32 och
1329 1355 71 40 sjön
1426 1354 153 41 Gryttjen
1603 1353 130 32 komma
1756 1353 49 31 till
1832 1353 109 39 stånd,

568 1408 64 32 dels
674 1406 175 41 medgifvit,
883 1408 49 31 att
966 1406 204 33 Hudiksvalls
1198 1408 97 39 jernv
1303 1405 242 43 ägsaktiebolags
1568 1405 134 41 jernväg
1724 1404 112 33 mellan
1858 1405 186 32 Hudiksvall

435 1460 53 32 och
514 1459 158 32 Näsviken
700 1457 75 32 med
810 1457 66 32 alla
909 1456 248 41 tillhörigheter
1191 1457 11 31 i
1225 1456 66 32 fast
1316 1455 62 32 och
1403 1455 51 31 lös
1480 1454 176 41 egendom,
1680 1454 172 32 deribland
1878 1455 165 40 ångbåtar

437 1509 63 32 och
534 1511 133 39 pråmar
696 1509 103 41 jemte
835 1508 217 41 sjöstationer
1085 1507 74 32 med
1189 1506 218 43 åbyggnader
1430 1508 88 30 samt
1540 1504 190 41 fordringar
1753 1505 101 40 enligt
1876 1505 79 39 bok,
1988 1505 54 31 vid

436 1559 95 33 tiden
554 1559 52 32 för
629 1559 245 38 öfverlåtelsen,
898 1560 52 30 må
978 1558 53 32 för
1055 1561 126 29 statens
1205 1557 142 41 räkning
1369 1557 155 40 inköpas,
1548 1559 50 29 att
1620 1559 95 38 tagas
1738 1556 10 31 i
1772 1556 182 40 besittning
1978 1555 64 33 den

438 1614 13 28 1
478 1610 190 32 November
694 1612 90 37 1887,
808 1613 69 29 mot
904 1620 39 21 en
968 1608 222 42 köpeskilling
1213 1609 35 31 af
1269 1610 137 37 536,488
1430 1607 126 33 kronor
1581 1610 37 29 15
1642 1610 69 36 öre,
1737 1607 131 32 hvilken
1889 1607 154 40 erlägges

436 1661 154 38 sålunda,
613 1664 49 29 att
684 1664 111 29 staten

575 1713 63 40 1:0)
680 1711 191 40 eftergifver
903 1710 87 32 hvad
1013 1709 34 33 af
1070 1710 58 32 det
1151 1709 138 42 bolaget
1310 1708 164 42 beviljade
1498 1707 140 33 statslån

437 1764 146 31 återstår
606 1762 135 39 oguldet
764 1762 62 32 den
851 1764 36 29 31
913 1760 190 33 December
1130 1763 89 36 1887,
1234 1759 189 33 beräknadt
1441 1762 50 29 att
1505 1762 119 38 utgöra
1673 1759 123 32 kronor
1821 1760 144 38 185,677:
1989 1760 40 30 97

573 1812 63 33 och
683 1815 65 39 2:0)
784 1812 207 32 sistnämnda
1017 1811 64 41 dag
1104 1811 128 32 betalar
1255 1811 49 31 till
1319 1810 140 40 bolaget
1474 1810 72 32 dels
1562 1813 69 28 mot

437 1863 193 33 erhållande
654 1863 34 33 af
708 1863 156 40 bolagets
889 1863 159 41 oguldna,
1064 1862 205 42 ijernvägen
1284 1860 200 33 intecknade
1499 1860 129 41 obliga-

437 1915 112 32 tioner
583 1918 48 29 ett
662 1914 151 32 deremot
851 1913 163 33 svarande
1044 1913 134 41 belopp,
1203 1912 189 32 beräknadt
1414 1911 50 32 till
1492 1913 134 37 105,624

437 1965 127 32 kronor
586 1968 18 29 7
629 1968 68 35 öre,
726 1965 73 32 dels
823 1964 62 33 ock
907 1964 196 43 ytterligare
1127 1965 135 38 245,186
1278 1963 124 32 kronor
1419 1965 34 28 11
1471 1965 58 29 öre
1547 1962 82 32 eller

438 2016 143 33 sålunda
602 2016 141 41 tillhOpa
778 2045 62 7 ess
856 2042 759 10 sessessresrssssrseresrsrrrnarsrrs
1240 2012 55 54 rskr
1308 2012 28 54 ers
1341 2012 28 54 nen
1375 2012 4 54 e
1385 2012 18 54 nn
1409 2012 28 54 enn
1443 2012 17 54 nn
1463 2012 92 54 tronen
1564 2012 18 54 er
1591 2012 28 54 nn
1723 2036 15 13 >»
1779 2010 21 54 —
1822 2014 145 36 350,810:
1994 2014 36 29 18

1517 2072 132 32 Summa
1671 2072 133 32 Kronor
1826 2074 145 37 536,488:
1997 2074 36 29 15

572 2158 64 33 dels
670 2157 167 33 öfverlåtit
871 2159 35 31 åt
938 2158 121 41 Kongl.
1096 2158 91 42 Maj:t
1222 2161 50 30 att
1300 2158 166 33 fastställa
1495 2157 41 33 de
1560 2161 150 29 närmare
1735 2157 116 38 vilkor,
1880 2155 165 33 förbehåll

439 2209 64 33 och
540 2208 260 40 bestämmelser,
839 2219 70 22 som
945 2209 54 31 vid
1040 2209 212 42 uppgörande
1283 2209 35 33 af
1343 2208 119 33 aftalet
1493 2208 72 33 med
1585 2207 386 44 jernvägsaktiebolaget
1993 2207 52 32 må

439 2260 107 32 finnas
571 2258 232 44 erforderliga;
