1880 2806
589 162 263 30 Statsutskottets
876 165 166 28 utlåtande
1067 175 35 18 nr
1127 164 68 31 181.
1625 167 19 31 3

189 232 239 32 Förevarande
451 234 126 32 ärende
599 235 177 32 företedde
800 236 11 31 i
834 236 277 43 huvudfrågorna
1135 241 72 29 stor
1230 239 107 32 likhet
1361 240 78 32 med
1464 252 40 20 en
1522 242 120 32 ansök-

136 274 83 42 ning
251 286 40 20 av
324 276 90 31 förre
447 278 336 31 reservstatsfuriren
806 279 58 31 vid
888 279 172 33 Gotlands
1084 283 143 39 trupper
1249 282 168 42 Henning
1438 283 202 33 Johansson

136 316 53 41 (jfr
218 319 99 29 nästa
349 317 131 42 punkt).
525 319 90 31 Från
649 321 148 31 nämnda
819 321 127 32 ärende
969 322 89 41 finge
1082 324 194 38 antecknas,
1301 327 50 29 att
1374 325 107 41 enligt
1503 327 138 41 uppgift

134 358 199 33 Johansson
368 360 64 31 och
455 360 168 33 Eriksson
648 362 109 32 skulle
780 374 80 20 vara
883 363 42 32 de
949 365 88 31 enda
1059 365 248 43 fastlänningar
1330 366 70 42 (det
1422 367 107 32 borde
1553 369 87 31 dock

135 401 200 33 observeras
369 405 51 29 att
452 403 169 32 Eriksson
655 416 79 20 vore
768 405 83 32 född
885 408 45 39 på
963 406 171 43 Gotland),
1170 419 73 21 som
1272 409 100 31 blivit
1394 412 146 39 antagna
1564 422 75 21 som

133 445 330 31 reservstatsfurirer
483 446 78 31 med
576 446 357 40 jordbrukskontrakt.
958 449 169 32 Eriksson
1144 453 117 39 syntes
1279 451 153 42 skäligen
1448 452 85 32 böra
1548 453 92 32 bliva

134 486 131 32 befriad
298 487 74 31 från
407 488 54 30 sin
496 489 409 43 ersättningsskyldighet
932 493 71 30 mot
1025 492 220 33 inbetalande
1268 505 41 20 av
1331 494 72 31 viss
1426 495 133 32 mindre
1583 496 56 31 del

134 539 40 20 av
208 529 53 31 sin
296 530 110 31 skuld.
453 530 133 32 Härvid
619 543 80 20 vore
733 533 192 32 emellertid
959 536 49 29 att
1042 535 115 31 märka
1190 538 49 29 att
1266 536 189 33 Erikssons
1479 538 159 32 ekonomi

133 571 206 42 näppeligen
374 572 162 41 medgåve
569 574 127 31 honom
731 577 50 28 att
813 575 94 32 inom
941 578 104 39 något
1073 578 83 31 eller
1178 580 104 39 några
1305 580 36 30 år
1364 579 114 31 betala
1500 591 72 20 mer
1595 582 42 31 än

133 613 155 42 omkring
322 614 54 34 !/20
409 625 40 20 av
482 615 149 32 kronans
665 616 149 38 fordran,
849 618 115 31 vilken
999 630 192 21 sommaren
1227 621 82 31 1945
1331 621 115 32 kunde
1470 622 167 32 beräknas

132 657 115 39 uppgå
269 656 54 31 till
346 657 157 41 omkring
525 658 19 31 5
558 658 61 31 825
641 658 134 33 kronor.
801 660 121 31 Under
945 661 217 41 åberopande
1186 673 40 20 av
1248 662 66 32 vad
1338 664 145 31 sålunda
1505 665 132 32 anförts

131 697 189 42 föresloges
342 699 162 32 befrielse
527 700 53 31 för
601 700 170 32 Eriksson
794 704 73 29 mot
890 702 219 33 inbetalande
1132 704 93 32 inom
1251 716 40 20 en
1316 705 51 31 tid
1391 717 40 20 av
1447 706 102 41 högst
1566 708 18 30 2
1601 709 37 29 år

130 740 74 31 från
227 740 127 42 Kungl.
379 741 117 41 Maj:ts
519 742 116 32 beslut
658 754 40 20 av
720 743 202 42 förslagsvis
946 745 62 32 300
1029 746 136 32 kronor.

182 808 18 31 I
233 809 142 31 ärendet
407 809 62 31 har
501 810 197 38 inhämtats,
733 813 50 30 att
805 812 131 32 kronan
959 813 56 31 vid
1040 814 157 31 exekutiv
1222 815 141 32 auktion
1387 817 19 30 å
1428 816 209 42 fastigheten

130 860 36 29 år
190 859 81 31 1934
293 860 145 31 bevakat
461 861 53 30 sin
534 861 204 32 intecknade
754 862 139 32 fordran
910 875 77 20 men
1004 866 50 30 att
1069 865 149 31 kronans
1236 865 140 32 fordran
1394 867 29 40 ej
1441 867 88 31 fallit
1544 868 94 31 inom

128 909 110 41 lägsta
261 910 107 31 budet
392 913 88 29 samt
503 913 49 29 att
575 912 130 31 kronan
729 915 43 39 på
795 914 112 40 grund
930 925 40 20 av
993 915 118 31 värdet
1134 917 18 29 å
1175 916 153 38 fordran,
1354 928 73 20 som
1450 918 92 41 legat
1565 919 72 31 före

128 959 159 37 kronans,
310 960 75 32 icke
409 961 73 31 haft
508 963 104 40 något
635 964 50 30 att
708 963 128 32 erhålla
858 964 58 31 vid
939 965 297 42 köpeskillingens
1259 967 205 42 fördelning.
1510 968 127 33 Vidare

127 1010 170 32 inhämtas
331 1013 51 29 att
407 1012 217 41 fastigheten,
650 1024 73 20 som
747 1016 44 39 på
815 1014 53 31 sin
893 1015 51 31 tid
967 1026 40 20 av
1030 1016 172 32 Eriksson
1226 1017 218 33 förvärvades
1467 1019 53 31 för
1543 1020 18 31 8
1575 1020 61 31 300

126 1061 135 38 kronor,
284 1061 58 32 vid
366 1061 66 32 den
456 1063 178 31 exekutiva
658 1064 187 32 auktionen
870 1065 170 33 försåldes
1063 1067 53 31 för
1138 1068 96 31 5000
1256 1068 136 32 kronor.

180 1111 188 32 Försvarets
401 1112 276 42 civilförvaltning
711 1115 60 31 har
805 1116 168 41 tillstyrkt
996 1117 161 32 befrielse
1178 1118 56 31 för
1256 1118 171 32 Eriksson
1450 1122 72 29 mot
1544 1120 93 32 inbe-

127 1161 136 32 talande
296 1162 94 32 inom
424 1163 60 39 tid,
510 1174 72 21 som
617 1175 40 20 av
691 1165 125 41 Kungl.
841 1166 98 41 Maj:t
972 1166 206 40 bestämdes,
1203 1179 42 20 av
1268 1169 63 32 300
1353 1170 135 32 kronor.
1536 1172 100 31 Stats-

127 1213 141 31 kontoret
291 1213 62 31 har
376 1214 29 40 ej
429 1214 90 31 velat
542 1217 163 29 motsätta
729 1216 53 41 sig
804 1216 98 32 bifall
926 1217 52 31 till
1001 1218 64 31 vad
1089 1218 335 43 civilförvaltningen
1446 1221 188 41 föreslagit.

127 1262 399 34 Militteombudsmannen
559 1265 61 31 har
653 1268 44 39 på
730 1267 143 31 anförda
907 1268 73 31 skäl
1014 1269 114 31 funnit
1151 1269 52 42 sig
1225 1270 116 32 kunna
1364 1271 69 31 låta
1455 1271 57 32 vid
1534 1272 65 32 vad
1622 1273 11 31 i

127 1313 142 32 ärendet
290 1314 219 32 förekommit
531 1316 93 31 bero.

181 1363 356 43 Departementschefen
559 1366 62 31 har
643 1367 11 30 i
678 1368 141 31 ärendet
841 1369 113 31 anfört
976 1370 160 41 följande.

179 1423 52 30 Av
253 1424 229 41 utredningen
507 1436 103 30 synes
632 1426 137 41 framgå,
783 1429 50 29 att
849 1427 169 33 Eriksson
1035 1429 121 31 saknat
1171 1430 285 42 förutsättningar
1472 1433 50 30 att
1537 1432 96 32 driva

127 1467 49 29 ett
196 1464 167 42 jordbruk
385 1477 40 20 av
449 1468 145 40 angiven
617 1470 61 29 art.
703 1468 266 33 Vederbörande
992 1471 148 31 militära
1162 1472 203 41 myndighet
1388 1484 102 30 synes
1514 1474 28 41 ej
1568 1475 64 31 till-

125 1506 143 42 räckligt
300 1508 44 30 ha
377 1508 139 32 beaktat
550 1509 94 31 detta
678 1510 63 31 och
775 1511 29 41 ej
840 1512 109 31 heller
971 1513 57 31 vid
1050 1513 290 43 fastighetsköpet
1362 1516 79 30 med
1464 1512 167 51 tillbörlig

125 1550 237 40 noggrannhet
394 1550 160 42 iakttagit
576 1552 157 41 gällande
756 1553 222 33 föreskrifter.
1023 1555 49 31 På
1095 1556 110 41 grund
1228 1556 103 32 härav
1354 1557 62 31 har
1438 1558 192 42 fastighets-

124 1591 105 42 köpet
253 1591 28 42 ej
306 1592 145 32 kommit
474 1596 50 28 att
546 1595 216 40 genomföras
786 1596 111 31 under
919 1597 232 41 betryggande
1174 1599 233 41 förprövning.
1446 1600 82 31 Med
1551 1601 79 31 hän-

125 1644 63 31 syn
205 1634 52 30 till
270 1634 66 31 den
348 1634 231 43 köpeskilling
592 1647 72 20 som
680 1637 126 41 erlagts
818 1638 53 31 för
882 1639 207 40 fastigheten
1102 1640 57 31 vid
1171 1640 66 32 den
1251 1641 180 32 exekutiva
1443 1642 185 33 auktionen

125 1677 37 29 år
186 1676 81 31 1934
289 1687 103 31 synes
417 1677 59 32 det
498 1679 204 41 uppenbart,
726 1682 50 29 att
799 1680 67 31 den
890 1692 40 20 av
953 1681 169 32 Eriksson
1146 1684 43 40 på
1213 1683 54 32 sin
1291 1683 51 32 tid
1370 1684 137 42 erlagda
1529 1685 100 42 köpe-

125 1718 183 41 skillingen
332 1730 59 20 var
413 1723 156 28 avsevärt
591 1721 52 31 för
659 1722 75 41 hög.
760 1722 127 32 Oaktat
903 1724 168 31 Eriksson
1089 1725 84 40 själv
1189 1725 11 30 i
1216 1726 71 31 viss
1304 1728 79 29 mån
1399 1727 98 31 torde
1513 1727 117 32 kunna

123 1760 106 31 lastas
252 1761 52 31 för
327 1761 416 43 händelseutvecklingen,
768 1776 101 20 anser
890 1766 56 41 jag
961 1767 70 40 mig
1046 1769 44 39 på
1105 1767 110 40 grund
1232 1779 40 19 av
1289 1769 340 41 omständigheterna

123 1802 57 31 vid
203 1803 123 40 köpets
354 1805 267 40 genomförande
644 1806 84 31 böra
750 1807 136 38 föreslå,
910 1810 50 29 att
983 1808 168 32 Eriksson
1176 1811 71 30 mot
1269 1810 222 33 inbetalande
1514 1823 40 20 av
1571 1812 58 31 det

122 1855 41 20 av
196 1845 285 42 myndigheterna
514 1847 194 41 föreslagna
742 1849 166 41 beloppet
935 1850 125 32 befrias
1083 1851 74 31 från
1181 1853 217 31 återstående
1421 1853 207 42 betalnings-

123 1886 196 41 skyldighet
343 1887 52 31 till
418 1888 140 32 kronan.

176 1987 117 32 Under
315 1988 105 40 punkt
443 1989 18 30 2
484 1989 10 30 i
519 1990 56 30 det
598 1988 146 42 följande
769 1991 58 31 har
850 1992 125 41 Kungl.
1000 1993 97 41 Maj:t
1121 1994 170 32 hemställt
1316 2005 53 21 om
1393 1996 158 33 befrielse
1577 1998 51 30 för

122 2037 88 31 förre
233 2039 327 32 reservstatsfuriren
583 2040 43 31 H.
650 2041 191 32 Johansson
864 2043 72 31 från
958 2043 123 32 honom
1104 2045 122 31 ådömd
1248 2046 381 42 betalningsskyldighet

122 2087 52 31 till
192 2088 134 31 kronan.
357 2089 104 31 Detta
480 2091 121 30 ärende
624 2092 123 31 företer
768 2093 28 40 ej
819 2093 119 31 endast
959 2095 10 30 i
989 2095 269 41 huvudfrågorna
1278 2100 79 29 utan
1378 2100 82 29 även
1480 2099 76 31 med
1578 2109 48 20 av-

122 2139 124 31 seende
262 2141 18 29 å
296 2141 325 41 omständigheterna
640 2142 11 30 i
669 2143 106 40 övrigt
793 2146 89 29 stora
899 2144 141 31 likheter
1056 2146 76 31 med
1149 2146 57 31 det
1223 2147 105 31 under
1346 2159 45 19 nu
1409 2149 217 31 förevarande

121 2189 104 41 punkt
250 2190 152 31 anmälda
425 2192 145 30 ärendet.
605 2192 94 31 Även
724 2205 52 19 om
801 2194 191 31 Johansson
1017 2195 156 41 möjligen
1200 2197 63 32 kan
1288 2209 97 20 anses
1410 2199 82 31 hava
1517 2201 108 39 någon

121 2239 128 30 mindre
271 2240 97 31 skuld
389 2241 50 30 till
461 2241 56 31 det
537 2242 178 31 inträffade
737 2245 40 29 än
799 2245 62 29 vad
882 2245 94 30 fallet
996 2246 84 30 varit
1100 2246 209 32 beträffande
1331 2248 171 38 Eriksson,
1525 2260 100 30 synes

121 2288 161 31 utskottet
308 2290 84 30 dock
416 2292 186 39 avgörande
628 2292 68 32 vikt
722 2293 79 31 böra
827 2295 103 30 fästas
955 2295 55 30 vid
1036 2297 327 38 omständigheterna
1390 2298 55 32 vid
1473 2300 40 30 de
1540 2300 85 31 båda

119 2338 127 42 köpens
267 2341 267 38 genomförande.
568 2342 211 31 Härutinnan
801 2344 67 37 har,
892 2346 110 29 såsom
1024 2345 367 41 departementschefen
1413 2349 98 32 också
1532 2350 92 31 fram-

122 2388 106 38 hållit,
249 2389 226 40 utredningen
496 2390 8 30 i
527 2391 168 31 ärendena
715 2392 135 38 utvisat,
871 2395 49 28 att
940 2394 10 29 i
971 2393 87 32 båda
1078 2395 103 30 fallen
1202 2396 41 30 de
1263 2396 146 32 militära
1430 2398 192 42 myndighe-

120 2441 109 29 ternas
250 2439 216 42 förprövning
485 2452 39 19 av
544 2442 286 42 fastighetsköpen
853 2443 30 41 ej
906 2444 82 31 varit
1009 2445 190 42 tillräckligt
1220 2447 225 41 betryggande
1467 2451 156 31 ävensom

1685 2009 129 24 Utskottet.
