1876 2796
236 157 18 30 2
679 155 262 29 Statsutskottets
965 153 165 29 utlåtande
1153 161 38 19 nr
1217 152 70 28 181.

285 233 97 31 Furir
401 234 43 39 på
463 231 188 36 reservstat,
673 239 73 22 som
767 228 181 33 anställdes
970 228 76 30 med
1067 224 342 43 egnahemskontrakt,
1432 223 125 33 erhölle
1579 234 41 20 en
1642 233 93 30 egna-

232 282 223 42 bemspremie
478 293 39 21 av
539 282 18 30 6
570 281 59 31 000
651 280 131 37 kronor,
807 279 124 32 avsedd
954 280 46 31 att
1023 279 117 38 utgöra
1162 277 119 40 bidrag
1304 276 50 30 till
1379 274 216 31 förvärvande
1620 284 39 21 av
1682 273 54 30 be-

233 334 113 41 byggd
367 333 80 31 eller
468 331 174 42 obebyggd
663 330 189 42 jordbruks-
874 330 80 31 eller
974 327 308 41 bostadsfastighet.

286 383 18 31 I
336 394 42 20 en
412 383 66 31 den
512 383 40 30 23
585 381 186 32 november
806 380 80 31 1942
921 377 212 43 dagtecknad
1161 377 101 32 skrift
1284 377 61 30 har
1368 374 366 32 landstormsfänriken

232 434 104 40 Helge
356 433 122 41 Birger
499 432 160 32 Emanuel
681 432 161 31 Eriksson
868 429 181 38 meddelat,
1074 430 49 29 att
1146 427 221 32 Stockholms
1390 426 198 30 rådhusrätt
1611 435 123 30 genom

232 484 305 41 lagakraftvunnen
567 483 79 31 dom
670 482 67 31 den
761 482 41 31 30
825 479 195 43 september
1043 479 80 31 1942
1146 478 91 41 ålagt
1260 478 127 30 honom
1412 478 58 34 att,
1494 477 45 39 på
1562 474 110 42 grund
1696 485 40 20 av

235 534 205 32 skuldebrev
473 552 41 3 —
548 535 54 29 två
635 544 39 20 av
710 532 66 31 den
804 532 39 31 26
867 530 143 32 oktober
1035 530 78 31 1941
1138 528 64 32 och
1226 529 50 30 ett
1298 539 40 19 av
1361 527 66 31 den
1451 527 18 30 2
1493 536 90 21 mars
1608 525 80 31 1942
1719 526 20 29 å

233 585 148 41 tillhopa
410 584 94 32 5824
536 584 125 31 kronor
684 601 41 4 —
748 582 139 41 utgivna
908 581 12 30 i
943 580 167 32 samband
1133 579 77 31 med
1234 578 152 32 erhållen
1410 575 327 43 egnahemspremie,

232 635 56 31 till
320 636 129 30 kronan
477 634 150 31 inbetala
649 632 218 32 återstående
891 631 101 32 skuld
1015 631 93 31 4984
1130 630 127 31 kronor
1282 629 39 30 10
1344 629 57 30 öre
1424 628 104 40 jämte
1550 627 99 30 ränta
1673 625 65 31 och

233 684 393 42 rättegångskostnader,
661 685 89 30 samt
774 682 142 32 anhållit
938 683 50 29 att
1010 681 92 31 bliva
1124 679 133 32 befriad
1280 679 73 30 från
1377 678 66 31 den
1468 676 146 32 ådömda
1636 675 103 32 betal-

234 735 354 42 ningsskyldigheten.
632 734 52 30 Av
708 733 189 32 skrivelsen
921 732 155 40 framgår,
1093 730 104 32 bland
1214 731 113 36 annat,
1346 730 49 30 att
1411 728 58 31 det
1485 739 40 20 av
1541 726 196 32 domstolen

236 786 166 31 utdömda
432 786 164 41 beloppet
628 784 88 31 hade
750 783 168 32 Eriksson
952 782 103 31 utfått
1082 783 112 30 såsom
1219 778 317 43 egnahemspremie
1559 777 52 31 för
1633 776 107 41 inköp

237 848 40 20 av
301 848 41 20 en
366 836 83 42 gård
472 846 74 21 som
568 833 292 33 reservstatsfurir
882 833 57 30 vid
963 831 170 33 Gotlands
1156 834 144 38 trupper
1322 829 109 31 under
1455 829 39 31 15
1517 830 36 28 år
1576 828 73 30 från
1673 826 66 31 den

238 888 16 30 1
290 887 184 31 november
509 886 88 30 1931.
643 885 173 41 Beloppet
849 883 110 32 skulle
991 882 165 31 avräknas
1179 881 79 31 med
1280 880 63 31 400
1365 879 126 31 kronor
1514 878 52 31 för
1589 877 92 41 varje
1704 879 36 28 år

237 938 168 30 Eriksson
440 937 80 31 stod
552 936 11 31 i
596 936 107 41 tjänst
737 935 64 31 och
828 945 100 20 anses
952 933 73 31 helt
1046 933 107 31 betalt
1176 932 87 31 efter
1287 931 38 31 15
1348 932 45 29 år.
1438 929 168 31 Eriksson
1630 929 110 29 måste

237 987 191 32 emellertid
461 989 45 39 på
539 986 109 41 grund
682 997 40 20 av
756 985 82 31 flera
865 984 138 31 orsaker
1025 984 113 30 lämna
1159 981 203 42 jordbruket
1384 980 105 31 redan
1514 979 84 31 efter
1621 980 50 29 ett
1694 979 47 30 år.

289 1038 99 31 Inom
422 1037 392 38 advokatfiskalskontoret
846 1036 54 30 vid
926 1034 183 41 försvarets
1141 1031 280 42 civilförvaltning
1455 1030 61 31 har
1542 1028 199 32 verkställts

238 1089 184 40 utredning
444 1087 174 42 angående
642 1087 66 31 den
733 1086 178 32 sannolika
934 1084 254 42 dispositionen
1212 1094 40 20 av
1275 1083 43 30 de
1341 1081 122 38 medel,
1485 1080 148 41 tillhopa
1650 1079 17 30 6
1680 1078 63 32 000

238 1139 136 38 kronor,
409 1149 74 21 som
517 1138 168 31 Eriksson
720 1136 167 42 uppburit
920 1138 114 29 såsom
1059 1132 324 44 egnahemspremie.
1428 1131 172 40 Beloppet
1623 1131 121 39 syntes

239 1190 44 31 ha
306 1190 219 41 disponerats
549 1188 106 41 enligt
676 1187 165 41 följande:
875 1187 107 31 insatt
1004 1186 12 30 i
1038 1185 207 40 fastigheten
1269 1183 92 31 2800
1383 1182 135 36 kronor,
1541 1179 203 41 bosättning

241 1240 65 31 och
338 1238 409 41 inventarieanskaffning
780 1237 92 32 2500
894 1237 135 37 kronor,
1053 1235 106 31 insatt
1191 1236 9 29 å
1223 1233 92 32 bank
1337 1233 52 30 för
1411 1233 116 30 räntor
1550 1241 41 20 m.
1617 1241 41 20 m.
1683 1230 62 31 600

239 1291 136 38 kronor,
409 1291 117 30 räntor
558 1291 44 39 på
635 1287 112 42 grund
781 1298 40 20 av
853 1286 154 41 fördröjd
1040 1285 176 40 betalning
1245 1283 64 32 och
1331 1280 327 43 lagfartskostnader
1683 1280 61 31 100

239 1341 135 31 kronor.
418 1340 19 31 I
461 1338 165 33 samband
648 1337 144 32 härmed
815 1338 61 30 har
898 1336 205 32 framhållits
1125 1334 161 41 följande.

294 1398 177 32 Särskilda
498 1397 211 42 svårigheter
732 1398 119 40 syntes
874 1396 44 31 ha
939 1394 219 42 uppkommit
1180 1394 53 30 för
1255 1392 168 31 Eriksson
1448 1391 74 31 dels
1545 1400 123 31 genom
1692 1391 51 29 att

239 1441 228 42 fastighetens
500 1440 102 31 värde
635 1439 172 41 betydligt
839 1437 207 41 understigit
1072 1437 57 31 det
1151 1436 83 41 pris,
1258 1435 53 31 för
1333 1434 105 31 vilket
1459 1432 208 41 fastigheten
1691 1432 53 30 för

241 1484 188 31 Erikssons
451 1482 144 41 räkning
617 1492 123 31 genom
764 1479 414 42 militärmyndigheterna
1200 1478 197 36 förvärvats,
1422 1475 73 31 dels
1520 1474 72 35 ock,
1609 1475 134 30 oavsett

241 1526 96 31 detta
369 1524 223 38 förhållande,
626 1534 124 30 genom
784 1525 49 29 att
855 1522 227 41 fastighetens
1105 1519 198 43 byggnader
1325 1518 151 31 befunno
1501 1517 52 41 sig
1575 1516 11 31 i
1610 1515 134 32 mindre

241 1570 76 39 gott
340 1568 94 31 skick
457 1567 65 31 och
545 1566 113 31 därför
680 1565 127 31 krävde
830 1566 109 30 större
962 1563 140 41 utgifter
1123 1563 53 31 för
1198 1560 195 43 reparation
1417 1560 64 31 och
1503 1558 181 32 underhåll
1700 1559 43 29 än

242 1610 167 31 Eriksson
434 1609 153 40 skäligen
610 1608 73 31 haft
706 1607 186 41 anledning
914 1608 50 29 att
986 1606 105 31 räkna
1113 1604 87 32 med.
1224 1603 129 32 Härtill
1369 1603 134 30 komme
1519 1602 50 30 att
1584 1600 161 31 markens

241 1652 204 41 lämplighet
467 1651 53 31 för
540 1650 167 42 jordbruk
729 1649 115 32 kunde
865 1649 217 40 ifrågasättas
1105 1648 88 30 samt
1209 1648 50 29 att
1275 1644 132 32 hävden
1423 1644 87 30 varit
1526 1642 218 42 synnerligen

244 1695 100 40 dålig.
379 1712 39 4 —
446 1693 68 32 Vid
548 1693 65 31 den
636 1693 96 30 ålder
755 1692 64 31 och
841 1691 78 31 med
942 1691 66 31 den
1030 1689 199 39 utbildning
1251 1699 74 20 som
1348 1685 255 33 vederbörande
1626 1685 121 30 under-

244 1737 91 31 befäl
367 1736 11 31 i
411 1735 186 31 allmänhet
618 1753 41 3 —
682 1734 65 31 och
782 1736 82 29 även
898 1733 168 31 Eriksson
1089 1750 40 3 —
1152 1731 89 31 hade
1275 1729 57 32 vid
1355 1728 251 40 anställningen
1631 1728 113 30 såsom

244 1777 407 33 reservstatsunderbefäl
684 1776 115 31 kunde
823 1776 64 31 den
911 1775 169 31 anställde
1103 1773 208 41 näppeligen
1334 1773 62 39 äga
1419 1772 108 30 större
1551 1769 193 31 erfarenhet

243 1821 12 31 i
277 1820 176 42 jordbruk.
499 1820 51 31 Av
573 1818 440 32 militieombudsmannens
1040 1816 159 41 yttrande
1222 1814 54 41 (jfr
1292 1814 59 31 det
1373 1811 160 43 följande)
1556 1811 188 40 framginge

244 1863 63 31 ock
330 1864 49 30 att
402 1861 255 32 militärbefälet
672 1860 213 31 beträffande
901 1858 228 41 utredningen
1146 1856 176 41 angående
1339 1855 187 32 Erikssons
1543 1852 202 42 lämplighet

243 1905 54 31 för
328 1904 167 42 jordbruk
528 1903 127 41 åtnöjts
687 1902 79 31 med
790 1904 49 29 ett
860 1902 96 41 intyg
979 1900 168 32 avseende
1169 1899 189 31 Erikssons
1381 1898 140 40 gosseår
1544 1896 63 31 och
1632 1895 116 31 därför

243 1948 79 40 föga
354 1946 226 41 upplysande.
615 1964 38 3 —
688 1944 127 32 Vidare
848 1955 79 20 vore
955 1945 50 29 att
1028 1942 115 32 märka
1165 1943 50 29 att
1237 1937 446 45 jordbruksförhållandena
1706 1954 38 5 —

245 1990 65 30 och
333 1989 94 31 detta
448 1988 74 31 icke
545 1988 106 31 minst
672 1986 12 32 i
706 1987 96 41 fråga
824 1997 54 20 om
901 1985 157 42 priserna
1080 1986 43 40 på
1144 1981 390 43 jordbruksfastigheter
1549 1999 40 3 —
1605 1981 43 40 på
1666 1979 82 31 Got-

244 2031 82 31 land
348 2032 155 30 avsevärt
525 2030 124 31 avveke
672 2029 75 31 från
771 2028 238 31 motsvarande
1032 2025 238 33 förhållanden
1292 2025 12 30 i
1321 2024 116 40 övriga
1453 2023 94 31 delar
1563 2033 40 20 av
1619 2021 126 32 landet.

244 2092 42 4 —
318 2073 77 31 Den
429 2074 37 29 år
501 2072 79 31 1932
613 2071 136 32 alltmer
781 2070 192 32 förvärrade
1006 2067 302 43 jordbrukskrisen
1341 2066 88 31 hade
1451 2064 194 41 naturligen
1668 2063 81 31 ökat

246 2115 256 41 svårigheterna
536 2115 52 30 för
620 2114 170 31 Eriksson
824 2115 49 29 att
906 2112 129 31 erhålla
1057 2111 125 40 nödiga
1205 2108 275 43 penningmedel,
1504 2107 105 31 innan
1632 2105 116 41 fastig-

244 2158 104 31 beten
381 2168 63 30 gav
477 2158 112 39 någon
613 2153 489 43 avkastning.
855 2143 23 59 —
900 2153 202 43 Framhållas
1124 2153 90 41 finge
1238 2152 59 31 det
1319 2162 40 20 av
1381 2150 166 31 Eriksson
1573 2147 174 43 uppgivna

244 2200 65 31 och
343 2210 39 21 av
416 2198 254 32 militärbefälet
703 2199 45 39 på
771 2196 151 33 Gotland
945 2196 30 41 ej
999 2195 178 32 bestridda
1198 2193 239 37 förhållandet,
1461 2193 50 30 att
1534 2191 109 31 under
1666 2192 81 28 åren

246 2241 208 33 1928—1935
476 2240 188 32 anställdes
688 2240 147 31 allenast
857 2240 40 30 20
919 2239 11 30 i
954 2238 116 32 stället
1092 2238 52 30 för
1156 2235 194 33 beräknade
1369 2235 40 31 80
1424 2234 123 31 furirer
1562 2235 44 39 på
1621 2242 126 21 reserv-

246 2286 69 29 stat
347 2286 44 39 på
424 2283 152 32 Gotland
610 2282 64 31 och
708 2284 50 29 att
792 2282 44 30 all
869 2280 211 40 anställning
1114 2290 39 20 av
1177 2279 95 31 detta
1296 2278 73 40 slag
1391 2275 180 42 upphörde
1595 2277 36 28 år
1656 2273 89 32 1935.

247 2325 182 32 Sannolikt
451 2325 89 32 hade
563 2325 94 31 detta
679 2324 11 31 i
714 2324 29 41 ej
768 2324 95 40 ringa
879 2323 82 41 grad
977 2323 114 31 berott
1107 2323 43 39 på
1167 2320 216 41 svårigheten
1400 2321 49 29 att
1464 2318 57 31 vid
1537 2315 211 39 anställning

246 2379 41 20 av
310 2368 201 31 underbefäl
534 2369 43 39 på
599 2366 256 41 ifrågavarande
878 2365 123 31 villkor
1023 2364 118 31 förena
1162 2363 119 31 kravet
1303 2363 44 39 på
1369 2361 127 31 militär
1518 2357 230 44 tjänstbarhet

247 2410 78 31 med
347 2410 117 31 kravet
486 2411 45 40 på
552 2410 152 40 förmåga
726 2410 51 29 att
800 2408 98 31 sköta
917 2406 166 42 jordbruk
1099 2405 64 32 och
1179 2404 141 32 därmed
1336 2403 171 42 jämförlig
1522 2399 226 34 verksamhet.

248 2452 175 41 Systemet
447 2454 119 39 syntes
587 2452 74 31 icke
684 2450 45 32 ha
752 2450 102 41 slagit
876 2450 53 31 väl
952 2452 39 28 ut
1012 2449 12 31 i
1047 2447 189 42 praktiken.
