1894 2846
550 137 274 31 Statsutskottets
851 138 174 31 utlåtande
1050 139 49 31 Nr
1123 141 70 29 148.
1603 136 18 31 7

156 221 361 36 Huvudanledningen
548 222 117 29 härtill
696 223 47 35 är,
776 226 49 27 att
855 222 237 32 förekomsten
1124 233 42 21 av
1196 224 119 36 dylika
1346 226 158 36 uppdrag
1538 226 84 30 eller

108 263 251 36 anställningar
381 264 39 29 är
441 263 37 31 så
499 265 180 35 växlande,
703 268 48 27 att
774 274 43 22 en
838 265 208 38 indragning
1067 267 81 30 eller
1170 267 200 38 minskning
1393 277 41 21 av
1457 269 67 29 den
1548 269 69 29 sär-

108 306 112 30 skilda
243 306 233 36 ersättningen
496 306 56 31 för
573 306 104 37 något
699 308 80 30 eller
802 307 107 37 några
931 318 42 20 av
994 309 203 36 uppdragen
1219 310 111 30 skulle
1353 311 104 30 verka
1480 311 138 35 mycket

108 347 134 36 ojämnt
267 348 46 37 på
338 348 431 32 inkomstförhållandena.
809 346 94 35 Även
929 361 57 20 om
1012 351 148 31 flertalet
1185 352 310 36 provinsialläkare
1521 353 95 30 inne-

108 390 90 31 hava
223 390 104 37 något
351 392 73 36 slag
448 401 42 21 av
514 392 65 30 här
603 393 149 30 avsedda
778 394 260 35 anställningar,
1066 395 39 29 är
1130 395 87 29 dock
1242 396 173 29 storleken
1440 405 42 21 av
1509 396 108 30 därav

106 432 214 32 härrörande
339 434 152 30 inkomst
509 451 45 4 —
571 435 125 30 liksom
715 436 143 35 givetvis
878 436 104 31 också
1002 436 254 38 omfattningen
1275 447 43 21 av
1337 438 130 31 arbetet
1485 438 10 30 i
1516 439 100 30 dessa

105 476 251 36 anställningar
375 494 44 3 —
438 476 38 31 så
496 477 202 31 varierande
717 479 129 30 mellan
867 479 93 31 olika
979 479 128 36 läkare,
1130 483 48 27 att
1200 490 42 20 en
1262 480 354 37 inkomstutjämning

106 518 82 30 eller
212 519 202 30 överhuvud
442 522 91 33 taget
561 529 42 21 en
631 521 118 30 rättvis
776 521 350 38 inkomstavvägning
1152 531 123 28 genom
1304 524 200 37 minskning
1533 525 83 29 eller

105 560 207 39 indragning
345 571 43 21 av
421 562 41 30 de
494 563 171 30 särskilda
698 564 275 36 ersättningarna
1006 565 57 30 för
1095 565 266 37 ifrågavarande
1394 567 220 30 verksamhet

105 604 204 36 näppeligen
331 603 71 31 står
423 608 48 26 att
494 605 115 31 vinna.
644 606 125 30 Härtill
792 607 166 36 kommer,
983 611 50 27 att
1055 609 266 30 statsmakterna
1343 609 57 30 vid
1423 610 112 30 beslut
1556 619 58 21 om

104 646 279 35 organisationen
411 657 41 20 av
480 647 265 35 ifrågavarande
773 650 308 30 vårdverksamhet
1108 651 170 35 förutsatt,
1308 655 49 27 att
1386 653 147 29 särskild
1562 662 49 20 er-

104 688 149 37 sättning
280 689 111 30 skulle
416 689 81 36 utgå
523 690 51 30 till
598 691 337 35 provinsialläkarna
961 692 56 31 för
1042 693 99 31 deras
1167 693 146 31 insatser
1338 695 10 29 i
1375 695 113 30 denna
1514 696 98 29 verk-

103 731 142 30 samhet.
281 731 79 30 Med
381 732 113 31 denna
517 732 248 39 förutsättning
786 743 102 28 synes
910 735 64 30 ock
998 736 354 36 medicinalstyrelsen
1373 737 89 30 hava
1486 738 126 30 räknat

103 773 57 29 vid
186 774 225 35 uppgörande
436 784 42 21 av
503 775 56 30 det
583 776 130 37 förslag
738 777 50 29 till
814 786 47 27 ny
886 778 178 37 indelning
1089 787 42 21 av
1156 779 88 31 riket
1268 779 11 29 i
1305 780 305 35 provinsialläkar-

101 815 147 35 distrikt,
275 825 74 21 som
375 816 10 30 i
413 817 55 30 det
494 816 157 37 följande
676 819 235 31 omförmäles.

151 857 56 31 Ett
230 858 212 31 beträdande
463 869 42 21 av
528 862 66 28 den
617 862 63 35 väg
701 862 10 29 i
736 863 168 30 avseende
926 862 19 31 å
968 864 188 36 ersättning
1179 864 54 30 för
1255 864 285 32 socialvårdande
1561 867 48 29 lä-

104 899 296 37 karverksamhet,
417 911 75 20 som
507 903 64 29 här
588 913 89 21 ovan
695 904 225 31 framkastats
938 905 115 30 såsom
1069 907 158 35 tänkbar,
1247 907 175 31 försvåras
1442 908 105 31 också
1565 918 43 21 av

98 945 49 26 att
163 942 54 30 för
235 943 91 30 vissa
343 953 42 21 av
403 944 41 30 de
461 945 152 30 avsedda
630 954 168 28 grenarna
816 956 42 20 av
877 947 191 30 socialvård
1080 948 67 29 den
1160 957 41 21 av
1216 949 267 30 statsmakterna
1496 950 113 30 beslu-

103 984 80 31 tade
204 986 279 34 organisationen
506 988 94 29 ännu
622 988 157 31 befinner
801 989 50 36 sig
875 989 44 37 på
941 993 46 27 ett
1011 991 371 36 utbyggnadsstadium
1406 993 65 30 och
1494 996 49 28 att
1565 993 43 31 de

103 1027 137 36 slutliga
265 1028 255 36 verkningarna
545 1038 42 21 av
611 1031 297 34 organisationens
933 1033 271 35 genomförande
1231 1033 148 32 sålunda
1403 1035 55 30 för
1483 1037 124 29 närva-

102 1069 108 30 rande
231 1070 60 30 äro
313 1069 101 32 svåra
434 1074 48 27 att
503 1072 207 31 överblicka.
756 1074 64 29 Det
843 1075 37 28 är
904 1073 143 38 möjligt,
1073 1078 48 27 att
1148 1076 5 29 i
1174 1085 42 21 en
1236 1076 145 31 framtid
1404 1079 108 29 större
1536 1078 69 30 för-

102 1112 232 35 utsättningar
352 1113 119 30 kunna
491 1114 144 31 komma
653 1118 48 26 att
719 1114 167 37 föreligga
906 1116 54 30 för
978 1120 58 32 att,
1058 1118 113 30 därest
1189 1117 37 31 så
1248 1119 111 30 skulle
1378 1129 98 21 anses
1495 1120 110 37 lämp-

102 1153 70 35 ligt,
206 1155 204 35 genomföra
443 1165 42 20 en
520 1156 221 37 omläggning
775 1158 11 29 i
820 1158 63 30 här
920 1159 129 30 avsedd
1083 1160 152 36 riktning
1261 1170 43 21 av
1329 1162 197 35 grunderna
1551 1163 56 30 för

100 1196 190 36 ersättning
307 1197 51 29 till
375 1197 335 36 provinsialläkarna
730 1199 56 30 för
802 1201 159 36 uppdrag
978 1202 57 29 vid
1053 1202 99 30 sidan
1174 1212 41 21 av
1233 1203 67 30 den
1319 1202 285 37 sjukvårdsverk-

101 1238 144 36 samhet,
265 1248 76 21 som
360 1239 120 31 hittills
499 1241 11 29 i
528 1241 190 31 allmänhet
738 1241 130 37 utgjort
888 1243 99 30 deras
1006 1244 253 36 huvudsakliga
1279 1246 147 36 uppgift.
1471 1247 133 30 Härvid

101 1279 92 37 finge
213 1290 82 21 man
315 1282 89 30 dock
423 1282 110 30 under
551 1284 68 30 alla
641 1283 243 32 förhållanden
907 1285 134 36 framgå
1061 1286 79 30 med
1160 1288 206 30 varsamhet.
1411 1289 63 30 Det
1493 1288 111 32 måste

99 1322 142 35 givetvis
272 1323 107 31 bland
408 1328 106 26 annat
542 1325 212 37 förutsättas,
785 1330 49 27 att
864 1327 250 31 arbetsbördan
1142 1329 64 30 och
1234 1329 198 32 inkomsten
1464 1341 42 21 av
1537 1332 67 30 den

99 1365 230 36 verksamhet,
357 1375 75 21 som
458 1367 110 30 skulle
596 1366 257 37 ifrågakomma
878 1373 49 27 att
953 1368 145 38 pålägga
1124 1372 336 35 provinsialläkarna
1487 1373 116 31 såsom

99 1406 216 38 tjänsteplikt
335 1411 83 27 utan
440 1409 149 30 särskild
609 1411 213 35 gottgörelse,
844 1421 80 21 vore
947 1411 216 37 någorlunda
1185 1414 70 30 lika
1275 1414 178 32 fördelade
1473 1416 129 31 mellan

99 1449 145 31 läkarna
263 1451 10 28 i
295 1451 42 29 de
357 1451 168 30 särskilda
549 1451 191 36 distrikten,
762 1453 105 30 vilket
886 1453 114 30 såsom
1021 1464 82 27 nyss
1123 1454 166 37 påpekats
1310 1457 55 30 för
1384 1458 218 31 närvarande

98 1491 189 35 ingalunda
308 1493 38 29 är
364 1492 105 30 fallet.

140 1558 65 30 Om
238 1557 146 31 sålunda
428 1568 43 21 en
501 1560 221 38 omläggning
754 1570 43 21 av
828 1561 404 38 ersättningsgrunderna
1264 1563 56 31 för
1353 1566 252 36 anställningar

92 1609 81 29 eller
196 1610 159 36 uppdrag
375 1611 57 28 vid
454 1610 100 30 sidan
578 1620 42 20 av
642 1611 66 30 den
731 1612 168 36 egentliga
921 1613 555 35 provinsialläkarverksamheten
1497 1617 106 36 enligt

91 1659 304 31 lönekommitténs
420 1660 140 37 mening
586 1660 209 33 åtminstone
821 1662 56 31 för
903 1664 218 31 närvarande
1146 1665 207 37 näppeligen
1379 1667 70 30 kan
1474 1667 127 37 ifråga-

93 1710 150 35 komma,
271 1711 65 30 har
364 1711 57 30 det
446 1710 19 31 å
492 1712 112 30 andra
632 1713 99 30 sidan
759 1716 97 33 synts
883 1715 221 35 kommittén,
1131 1719 50 27 att
1208 1716 67 31 den
1303 1718 204 30 nuvarande
1536 1719 65 30 tid-

91 1762 159 34 punkten
278 1761 32 36 ej
339 1762 110 30 heller
477 1763 38 29 är
543 1763 144 36 lämplig
714 1764 57 30 för
797 1765 210 36 vidtagande
1035 1776 43 20 av
1105 1766 114 37 någon
1246 1768 150 36 egentlig
1423 1769 178 37 rubbning

91 1820 43 21 av
162 1812 354 36 provinsialläkarnas
546 1813 91 31 fasta
666 1814 171 31 lönenivå.

136 1878 156 31 Orsaken
312 1880 117 29 härtill
452 1881 38 29 är
513 1880 10 30 i
547 1880 145 32 främsta
716 1886 151 27 rummet
890 1883 76 36 den,
991 1887 49 27 att
1061 1883 123 37 frågan
1207 1895 56 20 om
1287 1895 47 28 ny
1357 1886 178 38 indelning
1557 1898 42 20 av

89 1920 88 30 riket
203 1921 10 29 i
241 1922 430 35 provinsialläkardistrikt
698 1924 70 31 helt
796 1925 139 36 nyligen
962 1926 97 30 blivit
1085 1927 152 35 uppförd
1265 1927 46 37 på
1339 1929 261 37 dagordningen

88 1963 76 34 och,
190 1966 48 27 att
263 1964 104 30 döma
392 1973 41 21 av
458 1965 204 30 uttalanden
687 1966 10 29 i
726 1967 84 29 1938
835 1966 56 31 års
917 1969 412 37 statsverksproposition,
1356 1972 96 29 torde
1479 1972 121 30 kunna

88 2006 122 29 väntas
232 2005 96 30 inom
352 2015 42 21 en
416 2007 85 29 nära
525 2007 143 30 framtid
691 2008 92 31 bliva
807 2009 172 31 framförd
1003 2011 49 29 till
1078 2020 43 21 en
1143 2012 144 36 lösning.
1323 2013 13 29 I
1360 2013 164 31 skrivelse
1547 2015 51 29 till

89 2047 123 35 Kungl.
238 2047 101 36 Maj:t
364 2048 67 30 den
456 2049 38 29 21
522 2048 155 32 februari
706 2052 83 29 1938
814 2052 65 29 har
904 2052 352 37 medicinalstyrelsen
1280 2054 163 38 framlagt
1467 2056 132 36 förslag

89 2098 58 20 om
175 2089 202 31 inrältande
405 2100 42 20 av
476 2091 78 31 icke
583 2092 137 31 mindre
750 2094 45 29 än
828 2095 60 28 185
919 2095 19 29 å
971 2096 59 28 192
1062 2105 66 27 nya
1157 2097 440 35 provinsialläkardistrikt.

88 2131 120 30 Ehuru
232 2135 47 27 ett
303 2133 106 30 30-tal
434 2143 41 20 av
500 2134 42 30 de
567 2134 195 37 föreslagna
787 2145 68 28 nya
880 2137 182 31 distrikten
1085 2141 191 29 motsvaras
1301 2150 43 20 av
1368 2150 46 21 nu
1439 2141 159 31 förefint-

86 2173 68 35 liga
197 2177 94 27 extra
333 2175 429 35 provinsialläkardistrikt
806 2180 65 28 och
903 2179 171 36 därjämte
1106 2182 160 37 omkring
1297 2183 41 29 45
1370 2183 228 31 kommunala

86 2214 465 39 tjänsteläkarbefattningar
574 2228 97 21 avses
697 2221 97 30 skola
819 2221 171 36 indragas,
1018 2224 110 29 skulle
1153 2225 87 29 dock
1266 2225 57 29 vid
1350 2229 45 26 ett
1421 2226 99 30 bifall
1545 2227 51 30 till

86 2258 183 35 styrelsens
289 2259 130 36 förslag
439 2261 269 36 nettoökningen
730 2272 42 20 av
792 2264 128 30 antalet
942 2265 307 34 provinsialläkare
1270 2267 93 30 bliva
1385 2267 36 31 så
1445 2272 79 32 stor,
1547 2272 49 27 att

86 2300 42 30 de
154 2301 202 29 nuvarande
382 2303 187 34 gränserna
594 2303 55 30 för
675 2304 148 31 flertalet
849 2306 428 35 provinsialläkardistrikt
1304 2309 9 29 i
1342 2310 87 30 riket
1456 2311 141 30 komme

86 2345 49 27 att
166 2342 128 30 rubbas
325 2343 66 29 och
423 2344 346 32 distriktsområdena
801 2350 49 27 att
882 2348 164 30 minskas.
1091 2349 73 30 Den
1196 2351 277 36 genomsnittliga
1505 2352 90 30 folk-

85 2385 172 35 mängden
284 2394 62 26 per
373 2385 136 30 distrikt
538 2387 110 29 skulle
676 2389 103 34 enligt
807 2389 163 36 förslaget
998 2391 155 30 minskas
1181 2391 78 31 från
1288 2394 159 36 omkring
1476 2396 119 34 12,700

84 2426 50 29 till
156 2426 159 37 omkring
338 2427 96 34 8,150
457 2427 176 32 invånare.
