1896 2848
252 164 41 32 26
684 163 275 32 Statsutskottets
976 160 177 32 utlåtande
1172 160 48 30 Nr
1240 161 73 29 148.

257 259 67 29 gon
349 250 232 37 anmärkning
607 252 48 27 att
680 247 203 31 framställa.
921 247 13 29 I
959 245 151 36 enlighet
1134 244 78 30 med
1238 244 68 29 vad
1333 241 253 36 föredragande
1609 240 153 36 departe-

257 301 239 32 mentschefen
522 300 177 30 hemställt
727 299 98 30 torde
855 297 122 35 Kungl.
1009 296 102 35 Maj:t
1139 295 84 30 böra
1251 303 43 21 av
1324 293 184 35 riksdagen
1538 291 226 37 bemyndigas

256 357 50 27 att
331 353 11 30 i
364 351 234 37 huvudsaklig
623 348 339 32 överensstämmelse
986 347 81 30 med
1092 345 153 31 nämnda
1270 344 131 36 förslag
1425 343 178 34 förordna,
1628 340 43 38 på
1697 341 68 30 vad

257 405 68 30 sätt
347 401 268 38 ifrågavarande
636 398 441 38 avlöningsbestämmelser
1101 397 96 30 skola
1221 395 167 30 inordnas
1411 394 11 30 i
1445 393 102 30 civila
1571 391 194 36 avlönings-

257 455 230 36 reglementet,
512 452 128 30 liksom
664 451 64 30 ock
752 453 49 27 att
826 449 139 30 utförda
990 447 224 36 erforderliga
1237 443 451 38 övergångsbestämmelser
1712 443 53 29 rö-

258 505 109 30 rande
389 502 353 38 provinsialläkarnas
766 501 66 30 och
858 498 429 32 distriktsveterinärernas
1312 494 173 38 övergång
1507 495 52 30 till
1584 494 100 30 civila
1708 502 58 21 av-

259 555 369 36 löningsreglementet.

305 605 164 36 Slutligen
493 603 57 32 får
574 603 163 30 utskottet
761 601 181 36 tillstyrka,
968 603 50 28 att
1042 599 207 36 barntillägg
1271 597 47 37 på
1342 598 67 29 sätt
1432 595 335 37 departementsche-

262 658 60 30 fen
361 656 155 31 förordat
566 653 241 37 övergångsvis
845 652 58 31 må
939 651 83 36 utgå
1059 651 51 29 till
1138 650 203 29 nuvarande
1365 647 310 37 provinsialläkare
1701 646 68 30 och

262 706 369 32 distriktsveterinärer
652 705 103 35 enligt
780 705 42 29 de
846 704 10 29 i
880 703 202 35 riksdagens
1106 700 164 31 skrivelse
1291 709 43 20 nr
1356 700 64 29 388
1444 698 39 30 år
1511 698 85 30 1938
1620 697 149 36 angivna

263 760 207 35 grunderna.

307 808 123 36 Kungl.
454 806 120 37 Maj:ts
595 806 128 37 förslag
746 805 10 30 i
781 806 43 29 de
848 804 102 35 delar,
974 812 76 21 som
1072 803 66 29 här
1160 810 91 22 ovan
1272 801 77 30 icke
1372 799 138 31 särskilt
1533 799 141 35 berörts,
1698 798 70 30 för-

261 860 142 30 anleder
421 859 31 36 ej
474 857 104 37 något
597 857 158 37 yttrande
775 854 81 31 från
875 854 165 30 utskottet
1059 853 84 30 sida.

310 935 115 31 Under
450 932 222 37 åberopande
697 941 42 20 av
765 931 69 30 vad
859 928 145 31 sålunda
1032 927 133 31 anförts
1191 926 54 31 får
1271 927 166 30 utskottet
1463 924 193 36 hemställa,

620 1020 48 27 att
688 1016 185 35 riksdagen
894 1013 57 31 må

623 1074 27 40 1)
680 1075 144 35 besluta,
853 1076 47 28 att
926 1072 102 31 civila
1055 1071 401 36 avlöningsreglementet
1483 1069 89 30 skall
1600 1066 79 32 från
1706 1067 66 30 och

575 1126 80 30 med
677 1126 66 30 den
769 1126 14 28 1
808 1124 64 36 juli
898 1124 82 30 1939
1003 1124 65 34 äga
1090 1121 220 37 tillämpning
1331 1120 21 31 å
1374 1119 310 38 provinsialläkare
1706 1117 66 31 och

577 1175 376 34 distriktsveterinärer;

621 1226 30 39 2)
683 1226 186 36 godkänna
910 1225 56 30 det
1007 1224 130 36 förslag
1165 1223 51 30 till
1246 1220 442 38 avlöningsbestämmelser
1719 1219 56 31 för

576 1276 267 38 ifrågavarande
861 1274 350 36 befattningshavare,
1233 1282 76 21 som
1328 1272 188 31 innefattas
1535 1271 11 30 i
1566 1271 138 36 bilagan
1722 1270 53 30 till

578 1329 56 30 det
659 1328 57 29 vid
742 1325 261 38 propositionen
1031 1324 125 36 fogade
1180 1322 390 36 statsrådsprotokollet;

624 1377 29 39 3)
684 1376 208 37 bemyndiga
925 1375 124 36 Kungl.
1084 1373 99 36 Maj:t
1216 1377 58 32 att,
1315 1373 5 30 i
1352 1372 234 37 huvudsaklig
1619 1373 156 29 överens-

579 1428 195 31 stämmelse
797 1427 80 30 med
899 1426 66 30 vad
985 1426 11 29 i
1020 1423 375 36 statsrådsprotokolet
1417 1423 158 35 angivits,
1599 1422 176 34 förordna,

579 1478 45 37 på
646 1479 65 30 vad
735 1479 66 29 sätt
825 1478 42 29 de
893 1477 5 29 i
921 1476 155 30 nämnda
1098 1475 112 36 bilaga
1232 1474 216 30 innefattade
1469 1473 308 30 bestämmelserna

581 1530 96 30 skola
705 1529 167 30 inordnas
900 1528 10 29 i
939 1527 102 30 civila
1068 1525 414 36 avlöningsreglementet;

626 1579 30 39 4)
686 1578 210 38 bemyndiga
927 1577 124 36 Kungl.
1083 1576 100 36 Maj:t
1214 1579 50 27 att
1294 1575 140 31 utfärda
1465 1574 221 37 erforderliga
1719 1574 58 31 be-

582 1630 214 32 stämmelser
824 1629 147 30 rörande
1000 1627 328 37 provinsialläkares
1358 1626 64 30 och
1453 1625 324 31 distriktsveterinä-

581 1691 71 21 rers
673 1679 173 37 övergång
865 1680 49 29 till
935 1679 102 30 civila
1059 1677 414 35 avlöningsreglementet;
1497 1680 91 27 samt

627 1731 31 40 5)
687 1732 144 34 besluta,
860 1733 49 28 att
934 1729 207 36 barntillägg
1169 1728 96 30 skola
1294 1726 243 37 övergångsvis
1566 1726 81 37 utgå
1674 1726 106 37 snligt

582 1784 42 29 de
648 1792 41 21 av
712 1779 382 38 departementschefen
1117 1778 186 31 förordade
1326 1778 206 36 grunderna.

321 1870 199 31 Stockholm
543 1870 66 28 den
633 1869 18 28 2
673 1866 70 36 maj
772 1866 94 30 1939.

771 1949 50 31 På
845 1949 268 30 statsutskottets
1136 1947 143 36 vägnar:

824 2032 175 31 ANDERS
1020 2026 212 36 RÅSTOCK.

311 2197 54 24 Vid
387 2194 182 26 förestående
591 2193 118 25 ärendes
731 2191 231 31 slutbehandling
983 2190 80 24 inom
1083 2189 136 25 utskottet
1240 2189 75 24 hava
1337 2188 133 25 närvarit:

312 2246 65 25 från
400 2246 136 24 första
559 2244 177 24 kammaren:
760 2242 100 24 herrar
883 2241 167 25 Johansson
1072 2240 8 24 i
1106 2239 213 30 Fredrikslund,
1343 2238 114 25 Nilsson
1482 2238 9 24 i
1514 2237 158 32 Landeryd,
1696 2238 85 29 Berg-

277 2289 98 29 ström,
398 2289 93 24 Ström
514 2287 8 24 i
544 2285 167 32 Lidköping,
735 2285 124 24 Larsson
882 2284 5 23 i
912 2283 133 31 Varberg,
1068 2281 155 29 Bäcklund,
1250 2289 55 16 von
1328 2279 118 29 Heland,
1468 2280 106 30 Nisser,
1595 2280 110 24 Boman
1726 2277 56 26 och

277 2331 152 30 Bergman;
454 2332 74 22 samt

314 2388 65 26 från
397 2396 45 17 an
482 2396 40 16 dra
541 2388 176 24 kammaren:
737 2386 99 24 herrar
855 2383 131 30 Råstock,
1008 2383 126 25 Jansson
1153 2382 8 24 i
1182 2381 99 29 Falun,
1301 2382 143 24 Svensson
1462 2380 7 24 i
1488 2379 135 30 Grönvik,
1643 2378 139 24 Eriksson

278 2432 8 24 i
310 2430 173 29 Stockholm,
509 2431 123 24 Persson
654 2429 7 24 i
684 2428 87 28 Falla,
796 2426 141 31 Lindberg
958 2426 8 24 i
990 2423 97 30 Umeå,
1111 2423 163 25 Andersson
1299 2423 8 24 i
1331 2420 164 32 Södergård,
1520 2421 123 24 Persson
1667 2420 7 24 i
1698 2418 84 24 Tida-

279 2474 88 28 holm,
388 2469 104 35 Åqvist,
515 2472 105 25 Olsson
640 2471 6 24 i
668 2470 131 31 Staxäng,
820 2469 162 24 Andersson
1009 2468 4 23 i
1035 2466 105 24 Malmö
1164 2465 53 25 och
1239 2465 189 24 Mårtensson.
