1884 2846
537 150 275 32 Statsutskottets
838 152 175 31 utlåtande
1037 153 49 31 Nr
1108 154 71 31 148.
1574 151 39 30 23

105 233 356 37 löningsreglementet
490 234 159 31 befinnes
677 236 159 36 lämpligt
868 240 48 27 att
948 237 78 37 giva
1058 238 247 36 löneplanerna
1337 240 109 30 andra
1475 240 136 30 beteck-

104 276 131 36 ningar,
258 277 65 29 bör
348 277 121 36 Kungl.
496 276 102 37 Maj:t
622 287 81 21 vara
727 278 231 31 oförhindrad
980 280 127 30 härtill.
1140 281 6 29 I
1169 280 125 31 sådant
1317 281 61 31 fall
1399 282 65 30 bör
1487 283 123 35 Kungl.

105 317 99 37 Maj:t
233 318 131 36 jämväl
391 320 64 36 äga
482 320 138 36 vidtaga
649 320 108 30 härav
787 320 184 37 påkallade
999 323 188 36 ändringar
1214 324 10 29 i
1252 325 257 30 vederbörande
1536 334 74 27 per-

105 361 367 37 sonalförteckningar.
499 362 124 37 Kungl.
647 362 100 37 Maj:t
771 364 98 30 torde
891 365 85 30 böra
1002 364 126 31 föreslå
1153 366 185 37 riksdagen
1364 370 48 28 att
1435 367 72 30 dels
1529 368 81 35 god-

104 404 116 30 känna
247 405 56 29 det
330 404 129 38 förslag
486 405 51 30 till
566 405 442 37 avlöningsbestämmelser
1032 407 57 30 för
1114 408 307 36 provinsialläkare
1449 411 66 29 och
1544 410 66 30 dis-

103 446 321 37 triktsveterinärer,
448 457 74 20 som
545 447 186 31 innefattas
753 448 9 30 i
783 448 148 37 bilagan,
955 449 73 31 dels
1049 450 64 30 ock
1132 451 208 37 bemyndiga
1364 452 122 37 Kungl.
1510 452 101 37 Maj:t

104 492 48 27 att
179 489 10 30 i
214 490 234 37 huvudsaklig
472 491 343 31 överensstämmelse
838 493 80 29 med
945 494 156 29 nämnda
1127 493 129 38 förslag
1283 494 165 31 förordna
1474 495 45 37 på
1543 496 66 31 vad

104 532 65 30 sätt
190 533 100 30 dessa
312 533 259 30 bestämmelser
587 533 99 31 skola
707 534 166 31 inordnas
895 535 10 30 i
928 535 101 31 civila
1050 536 409 37 avlöningsreglementet.

623 684 217 31 Utskottets
862 682 235 35 utlåtande.

146 775 357 31 Provinsialläkarnas
538 777 427 36 avlöningsförhållanden
1000 780 61 30 äro
1095 779 55 31 för
1183 781 218 31 närvarande
1434 782 175 37 reglerade

104 834 122 28 genom
255 828 307 30 bestämmelserna
589 828 11 30 i
628 828 403 38 avlöningsreglementet
1060 831 65 30 den
1154 832 38 30 21
1223 832 72 37 maj
1328 833 82 30 1926
1446 832 54 40 (nr
1531 832 72 41 177)

102 876 55 31 för
184 876 108 32 förste
320 878 310 36 provinsialläkare
658 879 64 30 och
752 880 321 37 provinsialläkare,
1102 882 103 31 vilket
1236 883 206 36 reglemente
1470 884 51 30 till
1551 884 58 31 sitt

100 927 176 32 allmänna
298 927 154 31 innehåll
477 929 154 30 ansluter
653 930 49 36 sig
726 930 52 30 till
803 931 158 36 gällande
984 932 414 37 avlöningsreglementen
1420 935 97 30 inom
1541 935 68 30 den

103 979 115 36 övriga
240 980 223 37 nyreglerade
485 980 101 31 civila
607 981 350 37 statsförvaltningen.
1005 983 419 33 Distriktsveterinärerna
1447 987 61 29 äro
1532 987 76 29 där-

104 1033 90 26 emot
219 1030 192 30 inordnade
435 1031 111 30 under
569 1032 402 36 avlöningsreglementet
995 1034 67 30 den
1088 1035 39 29 22
1153 1034 75 37 juni
1257 1036 80 30 1921
1371 1035 52 40 (nr
1447 1035 76 40 451)
1554 1036 57 31 för

101 1080 322 36 statsdepartement
447 1090 44 20 m.
517 1081 36 30 fl.
580 1081 92 36 verk,
697 1083 121 29 varvid
843 1084 189 31 emellertid
1056 1085 40 30 är
1119 1088 48 27 att
1191 1086 134 36 märka,
1351 1089 48 29 att
1423 1087 11 29 i
1458 1087 149 31 särskild

100 1130 205 36 kungörelse
325 1131 69 30 den
415 1132 38 29 10
475 1132 187 30 november
686 1133 84 30 1933
799 1132 53 39 (nr
874 1133 74 40 606)
976 1136 176 30 meddelas
1172 1136 92 31 vissa
1286 1137 55 30 för
1362 1137 244 32 distriktsvete-

99 1180 178 32 rinärerna
300 1181 151 30 avsedda
474 1182 317 32 särbestämmelser
813 1184 11 30 i
848 1184 287 32 lönehänseende.
1182 1187 50 30 De
1254 1187 11 30 i
1289 1187 148 37 enlighet
1460 1189 147 30 härmed

99 1231 55 30 för
173 1230 266 38 ifrågavarande
458 1231 92 32 båda
571 1241 148 28 grupper
738 1234 211 36 tjänstemän
969 1237 160 35 gällande
1149 1238 384 32 lönebestämmelserna
1555 1239 50 31 fö-

100 1285 69 27 rete
197 1282 92 31 vissa
317 1283 191 31 avvikelser
537 1283 81 31 från
648 1285 41 30 de
715 1284 57 31 för
802 1286 101 30 civila
932 1286 213 37 tjänstemän
1174 1288 10 30 i
1215 1289 191 32 allmänhet
1435 1291 169 36 gällande,

99 1333 123 30 främst
242 1333 212 31 därutinnan
474 1337 49 27 att
543 1335 143 31 lönerna
704 1335 182 32 fastställts
906 1340 49 28 att
975 1337 82 37 utgå
1079 1339 102 36 enligt
1203 1340 171 31 särskilda
1394 1342 211 36 löneplaner,

99 1393 74 20 som
195 1385 196 35 upprättats
414 1385 104 36 enligt
540 1385 11 30 i
575 1385 67 31 viss
664 1385 81 32 mån
771 1388 109 30 andra
903 1388 177 37 principer
1102 1390 45 29 än
1170 1391 42 29 de
1236 1391 58 30 vid
1318 1392 43 30 de
1383 1393 223 35 nyreglerade

98 1434 127 30 verken
248 1435 202 36 tillämpade
471 1436 178 30 allmänna
672 1437 257 35 löneplanerna.
977 1439 109 32 Dessa
1109 1441 192 31 avvikelser
1323 1443 60 29 äro
1406 1443 199 30 huvudsak-

98 1485 89 36 ligen
212 1485 185 36 betingade
422 1495 42 21 av
490 1486 67 30 den
582 1486 58 30 vid
664 1487 426 37 avlöningsförmånernas
1116 1491 262 33 bestämmande
1404 1493 202 36 tillämpade

99 1535 189 35 principen,
314 1539 50 26 att
389 1536 232 36 ersättningen
645 1536 55 31 för
725 1538 131 30 arbetet
882 1540 87 29 skall
995 1539 82 37 utgå
1102 1541 71 30 dels
1198 1543 80 29 med
1303 1552 43 21 en
1369 1543 167 36 bestämd,
1563 1554 42 21 av

99 1586 196 29 statsmedel
321 1585 168 37 utgående
512 1587 171 36 avlöning,
709 1589 72 30 dels
806 1589 64 30 ock
894 1590 11 29 i
929 1589 93 31 form
1048 1600 42 21 av
1112 1593 128 29 arvode
1264 1593 104 36 enligt
1392 1597 88 28 taxa.
1531 1595 73 31 Den

99 1636 88 30 fasta
211 1637 294 36 statsavlöningen
528 1637 66 31 har
616 1638 123 31 härvid
765 1640 141 35 avvägts
931 1641 81 30 med
1037 1641 136 37 hänsyn
1198 1646 102 33 tagen
1325 1644 50 30 till
1400 1646 204 35 provinsial-

98 1686 299 31 läkardistriktens
419 1688 64 29 och
504 1688 373 33 veterinärdistriktens
898 1691 93 31 olika
1014 1691 231 33 svårskötthet
1267 1695 65 29 och
1355 1696 41 30 de
1415 1696 10 30 i
1448 1697 42 30 de
1512 1697 93 30 olika

98 1737 182 30 distrikten
302 1737 224 37 påräkneliga
549 1739 201 31 varierande
775 1741 388 36 praktikinkomsterna.

142 1787 122 36 Kungl.
293 1788 119 36 Maj:ts
437 1788 234 37 föreliggande
695 1791 225 36 proposition,
948 1802 75 21 som
1049 1794 10 29 i
1085 1795 59 29 allt
1170 1796 182 36 väsentligt
1377 1798 153 34 grundar
1554 1798 50 36 sig

98 1836 45 37 på
163 1838 41 30 de
222 1839 225 36 utredningar
467 1840 65 29 och
554 1840 128 37 förslag
701 1841 10 29 i
733 1842 127 35 ämnet,
881 1852 74 21 som
977 1843 180 37 framlagts
1178 1854 42 21 av
1244 1846 85 30 1936
1350 1845 55 32 års
1426 1848 177 30 lönekom-

97 1888 105 36 mitté,
227 1888 62 36 går
312 1892 38 27 ut
374 1888 45 37 på
442 1893 48 27 att
512 1889 266 37 ifrågavarande
801 1900 149 28 grupper
972 1894 211 35 tjänstemän
1209 1896 99 31 skola
1332 1896 78 31 från
1435 1899 65 29 och
1524 1900 80 29 med

97 1939 66 29 den
188 1939 13 29 1
227 1938 64 36 juli
319 1940 84 29 1939
426 1940 165 30 inordnas
615 1941 110 30 under
749 1942 102 30 civila
875 1943 412 37 avlöningsreglementet.
1336 1947 122 36 Kungl.
1485 1948 119 36 Maj:ts

97 1989 128 37 förslag
251 1988 134 37 åsyftar
411 1990 188 30 emellertid
625 1991 75 30 icke
727 1991 104 36 något
858 1992 214 37 frångående
1097 1994 79 31 från
1203 1997 43 29 de
1273 1997 176 31 allmänna
1477 2000 126 35 grund-

97 2041 106 28 satser
224 2039 56 30 för
302 2040 353 36 provinsialläkarnas
675 2042 65 30 och
762 2042 429 34 distriktsveterinärernas
1213 2047 203 37 avlönande,
1440 2059 75 20 som
1539 2050 64 30 hit-

97 2090 68 29 tills
191 2090 199 36 tillämpats.
441 2091 175 36 Förslaget
642 2092 155 36 innebär,
826 2096 48 27 att
901 2093 265 38 ifrågavarande
1193 2097 211 36 tjänstemän
1431 2101 61 30 allt
1519 2100 84 31 fort-

97 2140 145 30 farande
264 2141 99 30 skola
384 2141 55 30 för
460 2142 56 29 sitt
539 2142 115 30 arbete
676 2143 72 30 dels
771 2144 159 35 uppbära
951 2146 58 30 lön
1033 2145 81 31 från
1136 2148 212 37 statsverket,
1373 2150 71 31 dels
1466 2150 137 37 åtnjuta

98 2191 126 30 arvode
246 2192 105 35 enligt
373 2192 195 30 fastställda
591 2193 240 36 praktiktaxor
853 2196 164 29 ävensom
1041 2200 48 27 att
1111 2201 161 33 systemet
1294 2201 78 29 med
1395 2201 120 31 lönens
1537 2203 66 30 dif-

96 2240 221 38 ferentiering
339 2241 85 31 efter
445 2242 199 30 distriktens
665 2242 231 33 svårskötthet
917 2246 65 29 och
1004 2247 42 29 de
1067 2246 221 38 beräkneliga
1310 2251 292 35 praktikinkoms-

97 2294 50 26 ter
168 2291 10 29 i
201 2291 42 30 de
267 2291 94 31 olika
385 2292 179 30 distrikten
588 2292 147 36 alltjämt
760 2294 87 29 skall
870 2294 203 32 bibehållas.
1121 2297 48 30 De
1191 2298 132 38 förslag
1345 2300 48 30 till
1418 2311 67 26 nya
1510 2303 92 31 löne-

98 2342 117 35 planer
241 2341 56 30 för
323 2342 310 35 provinsialläkare
657 2343 63 29 och
747 2344 376 38 distriktsveterinärer,
1150 2357 74 20 som
1251 2348 209 38 framläggas
1488 2353 10 29 i
1525 2363 76 26 pro-

96 2392 203 35 positionen,
325 2392 136 30 ansluta
487 2392 50 36 sig
563 2392 216 36 följaktligen
805 2394 9 29 i
840 2396 168 30 avseende
1034 2395 20 31 å
1080 2397 288 33 konstruktionen
1392 2402 49 29 till
1467 2403 56 30 det
1548 2403 55 30 för

97 2443 78 29 dem
202 2451 47 21 nu
276 2442 160 36 gällande
462 2443 354 36 löneplanssystemet,
845 2445 79 30 med
951 2446 251 37 lönebeloppen
1230 2449 179 33 fördelade
1435 2451 45 38 på
1509 2454 93 31 olika
