1882 2838
595 175 232 29 Statsutskottets
849 175 147 28 utlåtande
1019 175 48 27 Nr
1091 176 47 27 68.
1607 171 15 30 1

806 383 62 40 Nr
899 382 68 40 68.

524 486 126 27 Ankom
674 485 49 29 till
747 485 188 37 riksdagens
959 485 105 27 kansli
1088 484 61 28 den
1174 484 16 28 9
1215 483 80 37 april
1322 483 78 28 1937
1425 482 41 28 kl.
1492 482 16 28 2
1532 490 25 19 e.
1583 491 40 18 m.

437 578 194 36 Utlåtande
667 578 14 36 i
718 578 195 48 anledning
951 590 44 23 av
1031 577 136 48 Kungl.
1206 576 130 48 Maj:ts
1371 575 14 36 1
1420 574 205 37 statsverks-

528 638 269 49 propositionen
830 638 221 49 framlagda
1069 637 146 50 förslag
1243 649 56 23 om
1327 635 225 49 nedsättning
1581 647 44 23 av

531 703 136 31 räntan
697 698 67 49 för
801 698 62 36 lån
892 698 93 49 från
1014 699 97 34 vissa
1138 703 131 30 statens
1296 695 327 49 utldmingsfonder.

1401 753 62 42 (4:e
1486 753 86 41 avd.)

169 833 19 32 I
216 833 270 42 propositionen,
516 844 39 19 nr
584 833 27 38 1,
641 833 174 41 angående
844 831 223 33 statsverkets
1096 831 157 32 tillstånd
1281 831 64 31 och
1373 830 112 32 behov
1513 824 130 37 under

114 883 205 42 budgetåret
343 883 176 42 1937/1938
542 883 61 31 har
625 883 127 41 Kungl.
778 883 101 42 Maj:t
906 882 76 42 (sid.
1009 883 100 31 1—11
1134 893 40 21 av
1198 882 57 31 det
1278 881 59 32 vid
1359 880 262 43 propositionen

114 935 112 31 under
246 934 117 32 rubrik
386 934 173 42 »Utgifter
579 934 53 31 för
654 934 275 42 kapitalökning»
954 933 123 42 fogade
1099 933 158 41 utdraget
1279 943 40 20 av
1341 931 281 42 statsrådsproto-

115 985 109 32 kollet
241 986 80 31 över
337 985 266 31 finansärenden
621 985 55 31 för
693 984 66 32 den
776 985 20 30 4
813 984 134 42 januari
965 984 93 41 1937)
1082 983 178 42 föreslagit
1277 982 182 42 riksdagen
1477 984 48 29 att
1543 981 78 42 god-

115 1036 122 37 känna,
261 1035 78 32 med
361 1035 219 42 tillämpning
603 1034 76 32 från
703 1035 64 31 och
790 1035 76 31 med
889 1035 67 31 den
981 1035 16 30 1
1022 1034 64 42 juli
1111 1034 91 37 1937,
1227 1034 41 31 de
1293 1044 40 20 av
1358 1033 264 42 departements-

116 1086 123 31 chefen
256 1086 12 31 i
287 1085 378 42 statsrådsprotokollet
684 1085 181 32 förordade
884 1085 229 41 ändringarna
1131 1085 11 30 i
1161 1084 167 31 villkoren
1348 1084 53 31 för
1419 1083 202 41 åtnjutande

117 1148 42 20 av
186 1136 66 39 lån,
281 1147 73 20 som
382 1136 160 42 beviljats
570 1136 85 31 eller
681 1138 54 29 må
762 1136 134 31 komma
923 1138 48 29 att
999 1135 145 41 beviljas
1174 1135 75 31 från
1277 1137 131 29 statens
1436 1133 185 42 utlånings-

115 1187 133 31 fonder.

169 1272 19 31 I
211 1271 164 32 skrivelse
400 1271 55 32 till
478 1271 120 32 chefen
622 1271 54 31 för
700 1271 386 42 finansdepartementet
1110 1270 66 32 den
1200 1270 40 31 22
1264 1269 143 32 oktober
1432 1269 80 32 1936
1535 1269 85 32 hava

115 1321 215 42 fullmäktige
350 1322 13 31 i
381 1322 331 41 riksgäldskontoret
733 1321 108 32 under
860 1321 207 42 hänvisning
1085 1320 54 32 till
1160 1320 66 32 den
1246 1319 191 43 sjunkande
1458 1319 164 32 effektiva

116 1372 308 32 medelräntefoten
451 1374 19 30 å
497 1372 234 31 statsskulden
757 1371 175 32 hemställt
958 1371 54 32 till
1039 1371 146 32 nämnde
1213 1370 331 42 departementschef
1571 1372 50 29 att

116 1426 80 39 taga
214 1423 109 32 under
342 1422 233 42 övervägande
594 1423 120 41 frågan
734 1433 54 20 om
808 1433 41 20 en
869 1421 169 42 sänkning
1057 1422 75 31 från
1152 1421 64 32 och
1234 1421 78 31 med
1332 1421 66 31 den
1419 1421 15 30 1
1456 1420 63 42 juli
1539 1420 81 31 1937

115 1485 43 20 av
180 1473 296 41 utlåningsräntan
498 1475 19 29 å
539 1472 41 32 de
602 1474 132 30 statens
756 1472 307 41 utlåningsfonder,
1086 1471 109 32 vilkas
1218 1473 96 29 ränta
1336 1471 54 31 för
1411 1470 209 32 närvarande

116 1525 102 41 utgör
236 1525 48 30 4.5
307 1525 150 40 procent,
479 1523 74 31 från
574 1522 112 32 denna
705 1522 149 31 räntefot
874 1522 54 31 till
948 1523 19 29 4
987 1524 152 39 procent;
1161 1521 214 42 fullmäktige
1394 1520 86 32 hava
1500 1520 121 32 härvid

116 1574 197 37 framhållit,
347 1576 49 29 att
430 1573 306 31 medelräntefoten
770 1575 18 29 å
822 1573 65 31 den
921 1572 186 31 fonderade
1142 1571 243 38 statsskulden,
1420 1571 114 31 vilken
1567 1571 55 31 för

115 1624 204 42 budgetåret
338 1623 175 42 1935/1936
530 1623 159 42 utgjorde
706 1624 69 30 4.15
795 1625 140 39 procent
952 1622 77 31 med
1045 1622 133 41 hänsyn
1196 1622 54 31 till
1267 1621 108 32 under
1392 1620 229 32 innevarande

114 1675 170 41 budgetår
310 1674 202 31 inträdande
537 1672 441 43 konverteringsmöjlighet
1004 1672 216 32 beträffande
1247 1671 200 39 statsskuld,
1474 1671 146 42 löpande

116 1725 80 31 med
220 1725 250 41 jämförelsevis
496 1724 68 42 hög
589 1726 106 35 ränta,
722 1723 217 32 förväntades
965 1723 134 31 komma
1125 1725 49 29 att
1200 1722 200 42 understiga
1424 1723 21 30 4
1470 1724 149 40 procent.

117 1774 369 41 Kommerskollegium
507 1775 61 31 har
590 1775 54 31 för
666 1774 54 32 sin
743 1774 54 31 del
819 1774 11 31 i
853 1774 164 31 skrivelse
1040 1773 66 32 den
1129 1773 39 31 19
1191 1773 142 31 oktober
1356 1773 82 31 1936
1459 1772 97 42 yrkat
1578 1774 44 40 på

117 1837 43 20 en
181 1826 94 41 dylik
296 1825 266 41 räntesänkning
580 1825 218 31 beträffande
819 1824 163 41 utlåning,
1004 1835 74 20 som
1098 1823 72 32 helt
1191 1823 83 32 eller
1294 1823 110 32 delvis
1424 1823 196 31 handhaves

115 1888 43 19 av
177 1876 194 41 kollegium.
402 1875 222 32 Beträffande
645 1875 189 31 statslånen
852 1875 54 31 till
926 1875 41 31 de
987 1874 155 31 enskilda
1161 1874 223 41 järnvägarna
1403 1873 61 31 har
1476 1872 144 31 svenska

115 1926 366 41 järnvägsföreningen
507 1926 11 30 i
544 1937 42 20 en
611 1925 55 31 till
690 1925 127 41 Kungl.
845 1924 100 42 Maj:t
971 1924 113 37 ställd,
1111 1924 66 31 den
1203 1924 40 31 20
1269 1923 143 31 oktober
1439 1923 80 31 1936
1545 1923 76 41 dag-

118 1977 145 31 tecknad
291 1976 101 32 skrift
420 1976 173 31 hemställt
623 1987 54 20 om
706 1975 272 41 räntesänkning.
1020 1975 187 30 Dessutom
1235 1974 86 31 hava
1349 1973 272 31 kommerskolle-

118 2027 93 41 gium
238 2027 62 31 och
326 2026 145 31 svenska
496 2025 362 42 järnvägsföreningen
884 2024 186 42 föreslagit,
1098 2027 49 28 att
1173 2024 124 41 jämväl
1323 2024 66 31 den
1415 2025 104 35 ränta,
1547 2034 75 21 som

119 2079 99 39 utgår
236 2079 18 29 å
273 2076 160 38 förfallet,
455 2076 71 31 icke
546 2076 11 30 i
575 2076 144 41 behörig
738 2075 50 31 tid
807 2075 144 31 inbetalt
970 2075 136 41 belopp,
1127 2085 25 20 s.
1173 2074 29 31 k.
1224 2073 289 42 dröjsmålsränta,
1534 2073 87 32 skall

119 2128 132 31 sänkas.

171 2178 19 31 I
212 2178 60 30 sitt
295 2177 65 31 den
383 2177 18 31 8
424 2177 176 30 december
624 2177 80 30 1936
728 2176 228 39 dagtecknade
980 2175 175 31 utlåtande
1178 2175 10 30 i
1211 2175 139 31 ärendet
1372 2175 61 30 har
1455 2174 167 31 statskon-

121 2231 97 34 toret,
248 2239 53 19 om
329 2227 61 31 ock
419 2227 106 31 under
554 2226 245 31 framhållande
827 2237 40 20 av
895 2228 49 28 att
972 2225 165 41 förslaget
1164 2236 39 19 ur
1231 2225 90 30 vissa
1350 2224 169 31 allmänna
1547 2235 74 30 syn-

119 2278 147 41 punkter
288 2278 112 30 kunde
426 2277 102 31 väcka
550 2276 268 37 betänksamhet,
843 2276 162 30 förklarat
1029 2275 53 40 sig
1105 2275 87 31 intet
1215 2275 85 30 hava
1324 2277 49 28 att
1397 2275 111 30 erinra
1531 2277 91 28 emot

119 2330 50 28 att
192 2328 11 30 i
225 2327 194 31 nuvarande
443 2327 73 40 läge
540 2338 41 19 en
605 2326 265 40 räntesänkning
892 2325 225 40 genomföres,
1141 2327 87 28 samt
1251 2324 11 30 i
1285 2324 199 40 anslutning
1505 2324 113 31 härtill

120 2377 158 40 framlagt
298 2377 128 40 förslag
446 2376 214 31 beträffande
682 2375 379 39 räntenedsättningens
1084 2374 128 31 storlek
1233 2374 62 31 och
1316 2376 152 29 närmare
1490 2375 131 30 omfatt-

120 2427 91 39 ning.
244 2427 163 30 Däremot
428 2427 60 30 har
508 2426 246 31 statskontoret
774 2427 111 29 ansett
907 2424 202 41 tillräckliga
1131 2424 73 31 skäl
1226 2424 71 30 icke
1320 2424 164 41 föreligga
1507 2424 51 30 för
1580 2435 41 20 en

120 2477 169 41 sänkning
313 2488 39 20 av
377 2476 313 41 dröjsmålsräntan.

173 2538 113 36 Bihang
310 2538 44 27 till
377 2538 169 35 riksdagens
565 2537 146 37 protokoll
736 2535 87 29 1937.
870 2534 21 30 6
910 2536 79 27 saml.
1036 2536 47 27 Nr
1107 2533 133 31 68—70.
1461 2543 39 19 857
1517 2543 24 18 87
1570 2537 11 26 1
