2220 2612
445 163 41 31 24
835 160 394 34 Jordbruksutskottets
1261 158 188 34 utlåtande
1481 158 51 32 Nr
1556 158 30 31 9.

529 241 120 36 Dessa
677 239 168 50 grunder
885 239 96 36 hava
1016 236 224 50 visserligen
1269 241 108 45 synts
1406 234 417 50 departementschefen
1853 233 151 49 avgjort

404 293 121 36 bättre
553 297 48 31 än
628 292 45 36 de
702 297 126 31 senast
856 288 220 39 fastställda.
1133 289 84 36 Med
1251 289 149 48 hänsyn
1428 287 205 37 emellertid
1663 287 56 35 till
1748 286 58 36 för
1835 285 101 36 olika
1965 288 39 33 år

403 344 186 37 växlande
617 343 259 37 förhållanden
904 342 66 36 har
998 340 418 50 departementschefen
1445 339 95 37 dock
1570 343 123 32 ansett
1720 338 184 47 förslaget
1923 337 81 36 icke

402 397 127 36 lämna
556 396 110 36 säker
692 394 184 50 trygghet
904 394 57 36 för
989 399 53 30 att
1069 392 63 36 vid
1161 392 237 48 grundernas
1426 390 195 50 praktiska
1649 389 246 49 tillämpning
1914 389 90 48 giva

403 448 62 37 det
506 448 107 37 bästa
655 447 69 36 och
753 446 220 49 lämpligast
1002 444 173 49 avvägda
1200 444 210 36 resultatet.
1466 442 66 36 Ett
1559 441 232 37 fastslående
1820 454 46 23 av
1894 440 110 36 dessa

402 499 405 49 fördelningsgrunder
837 499 57 35 för
923 496 201 37 framtiden
1152 508 137 36 genom
1320 501 54 30 ett
1410 493 234 38 utverkande
1687 507 46 22 av
1773 492 226 48 riksdagens

403 551 277 50 godkännande
717 564 46 22 av
804 550 191 36 desamma
1035 553 130 44 syntes
1201 546 419 51 departementschefen
1649 545 126 37 därför
1803 544 82 37 icke
1914 544 91 36 böra

401 603 289 49 ifrågakomma.

531 655 194 37 Utskottet
754 653 102 37 delar
885 651 438 51 departementschefens
1353 649 259 49 uppfattning,
1642 653 55 31 att
1732 648 144 47 Kungl.
1898 647 106 49 Maj:t

403 707 82 37 icke
513 707 68 36 bör
608 707 12 36 i
649 705 249 37 förevarande
926 703 188 37 avseende
1140 702 134 37 bindas
1302 702 63 35 vid
1393 702 103 35 vissa
1524 700 213 48 fastslagna
1759 699 138 48 regler.
1928 698 74 37 Vid

403 759 135 36 sådant
566 757 235 37 förhållande
839 757 70 36 och
950 756 46 36 då
1024 758 125 34 såsom
1178 752 417 51 departementschefen
1624 751 208 37 framhållit
1861 750 141 49 Kungl.

404 811 107 49 Maj:t
552 815 91 43 äger
689 809 143 37 fördela
877 808 57 36 till
978 807 225 36 statsverket
1247 805 211 49 inflytande
1504 802 501 49 skogsvårdsavgiftsmedel

403 872 90 27 utan
521 861 116 37 andra
666 861 162 36 direktiv
856 865 48 31 än
932 864 53 31 att
1013 858 268 48 fördelningen
1311 856 96 37 skall
1435 856 65 36 ske
1528 856 12 36 i
1569 858 86 33 mån
1684 868 46 23 av
1759 854 247 36 förefallande

406 914 134 47 behov,
584 926 110 23 anser
735 913 186 35 utskottet
965 911 12 36 i
1005 910 119 36 likhet
1151 909 84 37 med
1265 907 416 50 departementschefen
1709 906 64 36 det
1800 906 85 36 icke
1912 905 94 37 böra

404 971 101 32 möta
532 968 121 45 några
679 964 302 48 betänkligheter
1009 968 56 30 att
1092 961 214 37 överlämna
1335 963 36 33 åt
1387 960 139 47 Kungl.
1548 959 108 48 Maj:t
1675 964 55 30 att
1749 958 92 36 efter
1861 970 145 23 samma

405 1031 106 24 norm
532 1017 145 36 fördela
696 1015 287 49 ifrågavarande
1016 1014 144 48 anslag,
1190 1026 78 23 som
1300 1012 122 48 enligt
1448 1011 73 36 vad
1550 1011 12 36 i
1592 1009 414 49 statsrådsprotokollet

404 1070 196 49 uppgivits
628 1069 58 36 till
712 1067 179 50 beloppet
919 1066 135 36 hittills
1079 1065 88 36 vida
1195 1063 232 48 understigit
1454 1063 45 36 de
1518 1062 222 37 redovisade
1755 1061 250 48 skogsvårds-

406 1121 220 49 avgifterna.

534 1173 196 37 Utskottet
770 1169 166 38 biträder
977 1170 107 36 alltså
1124 1168 140 48 Kungl.
1307 1167 127 48 Maj:ts
1464 1165 145 49 förslag
1638 1165 136 47 jämväl
1802 1165 13 35 i
1842 1164 73 36 vad
1943 1163 63 37 det

407 1238 106 23 avser
540 1229 76 32 rätt
643 1224 57 36 för
727 1223 143 47 Kungl.
901 1221 105 50 Maj:t
1033 1226 55 31 att
1123 1221 3 35 i
1154 1222 87 34 mån
1270 1233 47 23 av
1347 1217 246 38 förefallande
1622 1217 122 37 behov
1770 1215 145 38 fördela
1939 1229 66 22 an-

407 1277 123 48 slaget
557 1276 11 36 i
598 1276 116 48 fråga.

535 1327 130 38 Under
693 1325 239 50 åberopande
960 1339 46 22 av
1033 1325 64 36 det
1123 1323 158 37 anförda
1310 1322 217 37 hemställer
1554 1321 199 47 utskottet,

936 1418 54 30 att
1021 1411 207 48 riksdagen
1261 1412 60 33 må
1350 1409 56 36 till
1438 1407 280 49 skogsvårdens
1745 1405 260 49 befrämjande

807 1465 58 36 för
893 1469 55 31 att
975 1477 45 22 av
1052 1462 141 48 Kungl.
1228 1461 110 48 Maj:t
1356 1461 12 35 i
1388 1463 86 33 mån
1489 1473 47 22 av
1552 1458 245 38 förefallande
1811 1458 123 36 behov
1949 1458 58 35 för

806 1515 258 37 kalenderåret
1095 1515 94 34 1923
1219 1512 165 37 fördelas
1413 1512 136 36 mellan
1577 1510 281 37 vederbörande
1874 1509 132 48 skogs-

806 1566 292 49 vårdsstyrelser
1139 1565 131 36 anvisa
1311 1564 61 36 för
1405 1562 226 50 budgetåret
1667 1563 253 35 1923—1924
1953 1566 54 31 ett

804 1624 106 32 extra
936 1616 393 48 reservationsanslag
1357 1628 46 23 av
1435 1615 161 47 150,000
1624 1614 148 37 kronor.

538 1724 219 38 Stockholm
786 1723 73 37 den
891 1725 43 34 19
965 1721 163 38 februari
1160 1722 107 35 1923.

870 1826 52 36 På
944 1824 413 51 jordbruksutskottets
1386 1827 161 44 vägnar:

1060 1929 43 37 O.
1132 1927 229 38 NILSSON.
