2234 2620
648 150 398 34 Jordbruksutskottets
1078 149 189 33 utlåtande
1298 149 53 32 Nr
1374 151 30 30 9.
1738 146 37 32 11

216 236 108 31 extra
351 235 73 32 stat
452 230 57 36 för
537 235 85 31 vart
650 229 72 37 och
750 233 54 32 ett
824 240 45 24 av
889 230 88 34 åren
1000 228 252 36 1919—1922
1273 227 149 36 anvisat
1437 232 53 31 ett
1509 225 311 49 förslagsanslag,

217 282 127 49 högst,
389 283 137 47 15,000
567 281 152 37 kronor.
776 279 86 37 Med
903 279 149 48 hänsyn
1094 279 58 37 till
1193 279 104 36 tiden
1340 278 59 37 för
1439 278 260 48 utanordning
1737 277 84 37 från

217 334 175 49 anslaget
419 333 235 38 erfordrades
683 332 85 37 icke
796 334 117 45 något
940 332 135 48 anslag
1103 331 59 37 för
1190 331 119 37 första
1336 330 170 37 halvåret
1536 331 109 35 1923.

348 454 133 50 Enligt
525 455 69 36 vad
632 468 47 23 av
711 453 415 50 statsrådsprotokollet
1153 451 13 36 i
1194 456 127 32 ämnet
1348 451 190 36 inhämtas
1566 451 69 36 har
1663 449 159 38 medels-
1844 445 12 63 =
1880 458 132 24 Utskottet.

219 507 163 37 behovet
422 507 59 36 för
521 509 90 34 åren
654 507 254 35 1920—1922
952 504 82 38 icke
1076 503 202 49 överstigit
1308 504 137 46 10,000
1473 503 141 36 kronor
1642 502 59 37 för
1729 504 52 44 år,
1811 502 9 36 i

222 558 210 49 anledning
472 571 118 24 varav
631 558 175 48 anslaget
847 562 144 31 ansetts
1032 556 130 37 kunna
1203 555 168 37 minskas
1414 554 84 37 med
1529 555 112 47 5,000
1670 554 150 36 kronor.

220 610 140 37 Tillika
393 611 68 36 har
495 609 229 49 föreslagits,
754 615 54 31 att
837 608 174 49 anslaget
1038 608 12 36 i
1077 607 119 37 likhet
1223 607 85 37 med
1337 606 118 37 andra
1483 606 145 49 anslag,
1658 605 165 37 avsedda

219 668 56 32 att
302 662 121 50 enligt
450 661 198 38 enahanda
670 662 124 48 regler
823 661 192 36 användas
1044 660 58 36 till
1136 658 236 49 statsbidrag
1400 661 38 34 åt
1465 657 357 49 hushållningssäll-

220 715 94 49 skap
344 715 57 36 för
428 714 104 37 vissa
560 713 188 46 ändamål,
777 713 69 37 bör
873 713 183 49 uppföras
1085 714 124 34 såsom
1239 710 400 48 reservationsanslag.

348 766 58 37 Då
446 766 187 37 utskottet
660 767 96 35 intet
783 764 83 37 haft
894 770 55 31 att
977 764 122 37 erinra
1127 769 79 31 mot
1235 762 340 49 framställningen,
1605 761 218 37 hemställer

221 818 196 47 utskottet,

750 908 54 30 att
840 902 206 48 riksdagen
1088 903 60 34 må
1183 901 56 36 till
1272 900 200 36 utrotande
1499 899 119 37 under
1648 900 97 35 1923
1777 912 46 22 av

619 953 318 39 berberisbusken
965 954 13 35 i
1006 953 44 37 de
1091 952 144 37 trakter
1276 965 47 23 av
1363 951 141 48 landet,
1534 951 67 36 där
1629 951 72 36 den
1729 950 94 37 före-

619 1007 171 36 kommer
817 1006 12 36 i
857 1011 120 31 större
1017 1004 156 49 mängd,
1215 1004 131 36 anvisa
1385 1003 56 37 för
1468 1002 225 50 budgetåret
1725 1003 97 35 1923

620 1059 154 36 —1924
807 1063 54 31 ett
889 1063 106 32 extra
1023 1056 393 48 reservationsanslag
1445 1069 46 23 av
1514 1056 137 46 10,000
1671 1054 149 36 kronor.

977 1179 93 35 13:60;

350 1266 127 37 Under
504 1265 125 49 punkt
659 1266 72 36 103
761 1265 69 35 har
858 1264 142 47 Kungl.
1031 1262 109 49 Maj:t
1168 1262 199 49 föreslagit
1394 1262 204 48 riksdagen
1629 1266 55 31 att
1699 1264 124 33 såsom
1865 1268 165 24 Lantbruks-

218 1318 221 50 ytterligare
480 1317 137 48 bidrag
657 1316 59 37 till
758 1315 243 37 bestridande
1042 1328 47 22 av
1125 1314 255 37 kostnaderna
1408 1314 59 36 för
1494 1313 232 49 tjuguandra
1760 1312 65 36 all-
1912 1304 75 23 mp

220 1375 140 32 männa
400 1368 166 37 svenska
606 1367 321 38 lantbruksmötet
961 1367 11 36 i
1009 1365 200 49 Göteborg
1253 1367 95 35 1923
1393 1365 128 37 anvisa
1562 1365 60 36 för
1662 1364 163 48 budget-
1843 1355 215 71 öar

220 1424 80 35 året
344 1422 253 35 1923—1924
639 1426 53 30 ett
734 1424 105 32 extra
879 1418 393 49 reservationsanslag
1313 1430 46 24 av
1401 1418 139 46 40,000
1582 1417 153 47 kronor,
1771 1421 55 31 att
1894 1393 108 42 [08

220 1476 95 47 utgå
355 1473 120 36 under
516 1472 137 36 villkor
690 1477 54 31 att
777 1471 207 37 eventuellt
1010 1470 237 49 uppstående
1276 1469 194 37 överskott
1498 1471 21 33 å
1547 1473 117 32 mötet
1692 1468 135 36 varder

221 1526 96 36 efter
357 1524 141 49 Kungl.
541 1524 128 49 Maj:ts
711 1522 286 38 bestämmande
1038 1522 79 36 helt
1149 1522 90 36 eller
1268 1521 117 37 delvis
1415 1520 189 37 återburet
1632 1520 56 36 till
1716 1526 110 31 stats-

219 1577 133 37 verket
379 1576 89 37 eller
495 1581 210 32 reserverat
733 1575 60 36 för
822 1580 54 31 ett
904 1587 131 24 senare
1064 1574 157 36 allmänt
1250 1573 158 37 svenskt
1437 1572 313 37 lantbruksmöte.

351 1626 441 50 (Statsrådsprotokollet
821 1626 66 37 sid.
923 1625 228 48 199—203.)

352 1680 72 35 Till
465 1678 243 37 bestridande
738 1692 46 22 av
812 1677 255 36 kostnaderna
1096 1677 60 35 för
1183 1676 234 49 tjuguandra
1446 1676 191 35 allmänna
1666 1675 162 36 svenska

222 1731 328 46 lantbruksmötet,
594 1734 123 32 avsett
759 1734 54 31 att
854 1729 119 35 hållas
1001 1728 12 36 i
1043 1727 198 49 Göteborg
1285 1729 110 45 1923,
1434 1731 98 32 samt
1560 1726 57 36 till
1646 1726 182 49 prisbelö-

222 1784 139 47 ningar
401 1781 63 37 vid
507 1786 117 32 mötet
664 1782 124 35 finnas
830 1780 245 49 tillgängliga
1112 1793 47 22 av
1196 1779 206 49 riksdagen
1430 1778 56 37 till
1515 1777 191 37 allmänna
1733 1778 96 35 lant-

222 1835 248 36 bruksmöten
504 1834 59 35 för
591 1839 85 31 vart
704 1832 71 37 och
803 1837 54 32 ett
886 1845 45 23 av
960 1834 89 33 åren
1081 1832 252 35 1912—1915
1364 1833 20 34 å
1412 1835 105 32 extra
1544 1834 75 31 stat
1648 1828 180 37 anvisade

223 1887 136 47 anslag
400 1889 20 32 å
452 1885 161 49 tillhopa
646 1885 139 47 95,000
815 1885 150 45 kronor,
995 1896 116 23 varav
1141 1883 58 36 för
1228 1882 61 37 det
1318 1883 100 36 förra
1446 1881 214 37 ändamålet
1690 1882 138 46 30,000

223 1938 139 36 kronor
390 1937 69 36 och
489 1938 58 35 för
576 1937 64 36 det
668 1949 133 24 senare
832 1936 137 47 65,000
998 1934 149 37 kronor.
1201 1934 136 36 Härtill
1365 1934 170 36 kommer
1563 1946 47 23 av
1642 1934 94 35 1921
1769 1935 59 33 års

223 1988 156 49 riksdag
408 1989 57 35 för
493 1989 166 35 nämnda
687 1988 302 37 lantbruksmöte
1019 1989 20 33 å
1067 1991 107 31 extra
1200 1991 75 31 stat
1295 1986 57 35 för
1375 1987 96 34 1922
1492 1985 148 36 anvisat
1660 1997 168 23 reserva-

224 2040 238 48 tionsanslag
491 2053 45 22 av
568 2040 163 47 100,000
761 2039 139 36 kronor
930 2043 54 31 att
1011 2040 93 46 utgå
1132 2037 119 37 under
1275 2037 136 36 villkor
1431 2042 54 30 att
1505 2036 207 36 eventuellt
1731 2049 97 35 upp-

225 2091 154 37 stående
421 2091 195 36 överskott
644 2093 20 33 å
692 2095 119 31 mötet
847 2089 109 37 bleve
988 2089 94 35 efter
1109 2089 143 48 Kungl.
1282 2088 126 48 Maj:ts
1437 2086 286 38 bestämmande
1752 2086 78 36 helt

225 2143 90 35 eller
356 2142 118 36 delvis
512 2141 190 37 återburet
731 2141 57 36 till
816 2140 228 37 statsverket
1071 2140 89 36 eller
1188 2145 209 31 reserverat
1427 2139 57 35 för
1512 2151 133 23 senare
1674 2137 157 36 allmänt

226 2193 157 37 svenskt
424 2192 314 37 lantbruksmöte.
794 2192 73 36 Till
909 2191 318 37 lantbruksmötet
1256 2191 8 35 i
1292 2191 106 48 fråga
1426 2190 68 36 har
1528 2189 158 37 sålunda
1714 2188 116 37 redan

227 2245 166 37 anvisats
421 2243 230 49 statsbidrag
680 2244 56 36 till
765 2243 137 49 belopp
932 2257 47 22 av
1000 2243 255 47 sammanlagt
1287 2243 162 45 195,000
1478 2242 149 35 kronor.
