1916 2852
282 147 38 29 10
694 147 114 29 Första
830 147 222 34 lagutskottets
1073 146 165 30 utlåtande
1262 147 47 29 Nr
1327 151 48 26 51.

286 233 102 32 stolen
408 233 80 32 eller
508 233 73 32 dess
602 233 200 32 ordförande
823 233 107 33 skulle
950 245 39 20 ex
1009 233 118 33 officio
1147 233 114 33 kunna
1281 233 126 32 inkalla
1429 233 191 38 sakkunnig
1641 236 51 29 att
1712 238 73 28 när-

285 295 80 20 vara
390 283 105 32 under
521 283 302 39 förhandlingarna
848 284 11 31 i
886 283 149 34 militära
1061 283 78 33 mål.
1190 283 19 32 I
1237 283 100 38 fråga
1364 295 50 21 om
1442 284 38 31 de
1509 296 25 20 s.
1562 283 33 33 k.
1622 283 162 39 persedel-

284 332 117 39 målen,
426 345 42 20 av
493 333 195 32 kommittén
713 333 184 33 benämnda
922 333 421 39 undersökningsärenden,
1370 333 162 39 föreslogs
1560 333 160 39 slutligen
1746 345 39 21 en

285 383 194 39 anordning,
497 383 105 38 enligt
617 383 114 32 vilken
749 384 95 32 dessa
862 383 109 33 skulle
987 386 168 36 upptagas
1174 396 42 20 av
1234 396 39 20 en
1290 384 132 38 nämnd,
1441 384 176 33 bestående
1635 396 42 20 av
1695 384 91 32 audi-

285 438 89 28 tören
390 433 60 33 och
465 434 57 31 två
536 433 149 33 militära
700 433 189 33 ledamöter.
927 434 176 38 Förslaget
1118 434 106 38 avsåg
1240 437 50 29 att
1306 434 214 32 beträffande
1536 434 149 34 militära
1700 434 85 32 måls

284 483 253 39 handläggning
553 484 12 31 i
583 483 146 33 fredstid
747 483 219 39 fullständigt
982 487 125 29 ersätta
1125 483 98 39 lagen
1242 496 50 20 om
1311 483 278 39 krigsdomstolar
1607 484 61 32 och
1686 487 99 30 rätte-

285 534 129 38 gången
440 533 184 33 därstädes.

329 582 233 33 Betänkandet
582 582 230 34 remitterades
833 583 106 32 under
960 583 78 32 åren
1060 583 85 32 1924
1166 583 61 32 och
1251 584 83 32 1925
1355 583 54 32 till
1430 584 150 33 militära
1601 584 61 32 och
1684 584 101 33 civila

285 632 233 39 myndigheter
545 636 87 29 samt
659 633 105 33 rikets
791 633 172 33 hovrätter
989 633 60 33 och
1074 633 273 39 krigshovrätten
1375 633 55 33 för
1456 634 169 38 yttrande.
1677 633 107 34 Samt-

285 683 69 38 higa
371 683 177 38 avstyrkte
564 683 215 33 kommitténs
798 684 139 38 förslag.
977 684 102 32 Detta
1096 684 77 32 blev
1189 684 185 33 sedermera
1390 684 30 39 ej
1439 684 141 34 föremål
1598 685 55 32 för
1669 685 117 32 vidare

283 733 214 39 behandling.

328 784 49 32 På
396 785 109 38 grund
526 796 42 21 av
587 796 40 21 en
646 788 84 29 utav
747 786 86 31 1922
855 786 54 31 års
931 785 141 39 riksdag
1092 785 134 32 avlåten
1248 785 162 32 skrivelse
1430 785 208 33 tillkallades
1660 797 127 21 samma

284 835 38 31 år
344 834 213 39 sakkunniga
579 838 51 29 att
651 835 90 32 inom
762 835 395 39 justitiedepartementet
1178 835 135 33 biträda
1335 835 57 33 vid
1415 836 181 38 utredning
1619 836 61 32 och
1701 847 84 28 upp-

285 885 153 32 rättande
456 897 43 20 av
516 885 130 38 förslag
663 885 216 33 beträffande
898 897 39 21 en
954 885 205 39 fullständig
1178 886 231 38 omarbetning
1428 898 41 20 av
1488 886 158 39 gällande
1665 886 120 32 straff-

283 937 57 38 lag
360 937 53 32 för
432 936 241 40 krigsmakten,
697 937 118 32 därvid
836 937 139 33 särskilt
996 937 107 33 skulle
1122 941 100 34 tagas
1244 937 105 33 under
1369 937 229 39 övervägande
1619 936 168 33 huruvida

284 986 60 32 och
365 986 12 31 1
397 986 66 32 vad
485 986 76 32 mån
581 998 41 20 en
644 986 252 38 humanisering
918 998 42 20 av
982 986 294 33 bestämmelserna
1298 987 12 31 i
1333 987 144 32 nämnda
1500 987 58 38 lag
1579 986 112 33 kunde
1714 987 70 32 vid-

285 1040 107 35 tagas.
436 1035 108 34 Sedan
564 1048 41 20 av
626 1036 130 39 Kungl.
777 1036 102 39 Maj:t
896 1036 193 33 meddelade
1109 1036 264 39 förelägganden
1394 1037 12 31 i
1426 1037 101 38 fråga
1546 1049 52 20 om
1619 1036 92 33 tiden
1732 1037 54 32 för

284 1087 207 38 uppdragets
520 1086 214 39 fullgörande
763 1087 227 38 framtvungit
1016 1099 39 20 en
1082 1087 227 38 begränsning
1337 1099 42 20 av
1406 1087 38 33 de
1473 1087 231 38 sakkunnigas
1734 1099 50 21 ar-

284 1137 81 38 bete,
385 1137 184 33 framlades
588 1138 38 31 år
646 1138 85 32 1923
750 1141 49 29 ett
816 1137 209 33 betänkande
1044 1137 74 33 med
1136 1137 93 33 vissa
1248 1137 131 38 förslag
1398 1137 54 33 till
1471 1137 144 38 ändring
1633 1137 13 32 i
1665 1137 120 33 straff-

284 1187 97 39 lagen
403 1188 54 32 för
477 1187 243 39 krigsmakten,
743 1188 160 32 avseende
924 1188 103 32 bland
1049 1191 103 29 annat
1172 1187 193 39 förenkling
1387 1188 60 32 och
1468 1187 253 39 humanisering
1743 1199 43 21 av

283 1238 90 32 vissa
397 1238 367 32 straffbestämmelser.
799 1238 66 32 Det
887 1238 184 38 viktigaste
1096 1250 42 20 av
1162 1238 98 32 dessa
1284 1238 139 38 förslag,
1447 1237 107 33 vilket
1578 1238 95 32 rörde
1696 1250 89 26 rym-

284 1288 241 39 ningsbrotten,
551 1288 92 33 lades
669 1288 55 32 till
749 1289 109 38 grund
883 1289 54 32 för
963 1289 62 32 den
1051 1288 214 40 lagändring,
1293 1300 69 21 som
1387 1288 86 33 efter
1499 1288 207 39 proposition
1730 1288 55 33 till

286 1339 179 38 riksdagen
487 1339 76 32 kom
585 1339 54 32 till
662 1339 99 32 stånd
784 1340 38 31 år
845 1340 94 31 1924.
983 1340 18 32 I
1024 1340 111 38 övrigt
1156 1339 63 32 har
1241 1339 39 33 de
1303 1338 231 40 sakkunnigas
1558 1339 131 38 förslag
1711 1338 74 33 icke

283 1389 98 32 blivit
399 1389 148 39 förelagt
564 1389 192 39 riksdagen.

328 1441 18 31 I
366 1440 181 39 anledning
566 1453 43 20 av
627 1441 162 32 motioner
807 1441 58 32 vid
884 1442 87 31 1932
991 1442 55 31 års
1067 1441 137 38 riksdag
1228 1441 93 32 avlät
1341 1440 180 39 riksdagen
1541 1460 43 3 -—
1604 1440 12 31 1
1636 1445 149 27 överens-

285 1491 186 33 stämmelse
494 1492 73 32 med
590 1492 201 32 hemställan
814 1504 41 20 av
879 1492 108 32 första
1010 1492 223 38 lagutskottet
1256 1492 12 31 i
1290 1491 173 33 utlåtande
1486 1503 39 20 nr
1550 1492 39 30 15
1613 1509 45 4 —
1681 1490 61 32 den
1767 1490 19 32 8

285 1554 86 21 mars
394 1543 83 31 1932
499 1554 38 20 en
559 1542 161 32 skrivelse
742 1542 52 32 till
816 1541 128 39 Kungl.
965 1542 101 38 Maj:t
1087 1542 73 32 med
1182 1541 158 33 anhållan
1362 1544 51 29 att
1433 1541 129 38 Kungl.
1584 1540 102 39 Maj:t
1706 1540 80 33 ville

285 1592 201 32 föranstalta
508 1604 50 21 om
580 1592 250 39 undersökning
852 1592 70 33 dels
944 1592 166 32 huruvida
1134 1592 58 32 och
1214 1592 13 31 i
1249 1592 65 33 vad
1336 1592 76 31 mån
1435 1604 38 20 en
1497 1591 246 38 överflyttning
1767 1591 19 31 å

285 1644 38 31 de
346 1642 168 33 allmänna
536 1643 225 32 domstolarna
783 1655 41 20 av
845 1642 77 39 mål,
946 1654 68 21 som
1037 1643 100 32 hörde
1159 1642 55 33 till
1235 1641 339 39 krigsdomstolarnas
1596 1644 189 36 upptagan-

284 1693 48 38 de,
349 1693 109 32 kunde
476 1693 100 32 redan
593 1693 106 32 under
715 1693 190 32 nuvarande
924 1693 323 38 rättegångssystem
1267 1692 68 38 ske,
1355 1692 70 32 dels
1443 1692 59 32 ock
1523 1691 139 33 rörande
1681 1691 104 33 sådan

284 1743 141 32 revision
445 1755 42 20 av
506 1743 206 38 strafflagen
732 1743 54 32 för
803 1742 242 39 krigsmakten,
1065 1755 68 20 som
1153 1742 111 33 kunde
1284 1742 211 39 genomföras
1514 1745 82 29 utan
1617 1742 168 32 avvaktan

284 1794 43 38 på
352 1805 38 20 en
417 1793 124 32 allmän
568 1793 144 33 revision
739 1806 42 20 av
808 1793 59 32 den
895 1793 169 33 allmänna
1091 1792 217 39 strafflagen,
1337 1796 85 29 samt
1449 1796 51 29 att
1527 1792 129 38 Kungl.
1684 1792 103 38 Maj:t

283 1844 101 32 måtte
405 1844 54 31 för
477 1843 180 39 riksdagen
678 1843 192 39 framlägga
890 1843 38 32 de
949 1843 139 39 förslag,
1110 1855 68 21 som
1200 1843 103 32 därav
1323 1842 110 33 kunde
1454 1842 203 33 föranledas.

328 1919 135 38 Frågan
489 1930 51 21 om
565 1918 339 39 krigsdomstolarnas
932 1918 227 33 avskaffande
1185 1918 63 32 har
1275 1918 148 32 därefter
1448 1918 177 38 upptagits
1652 1917 55 33 till
1733 1917 52 32 be-

283 1969 162 38 handling
467 1969 87 32 inom
577 1969 394 38 justitiedepartementet
993 1969 59 32 och
1075 1981 38 20 en
1137 1968 179 39 utredning
1338 1967 208 33 verkställts.
1590 1967 49 33 På
1663 1967 121 39 grund-

283 2019 55 32 val
360 2031 41 20 av
423 2019 106 32 denna
551 2019 59 32 har
631 2019 88 32 inom
744 2019 259 38 departementet
1024 2022 194 35 upprättats
1242 2031 38 20 en
1304 2018 217 39 promemoria
1543 2018 103 38 jämte
1668 2018 118 32 utkast

284 2069 53 32 till
359 2069 56 38 lag
438 2081 51 20 om
511 2069 216 39 upphörande
750 2081 41 20 av
812 2069 92 32 vissa
925 2068 289 39 krigsdomstolar,
1237 2068 107 33 vilket
1365 2068 117 33 utkast
1505 2069 202 32 remitterats
1732 2068 54 32 för

284 2119 154 39 yttrande
460 2119 55 32 till
536 2120 225 37 hovrätterna,
784 2118 424 40 processlagberedningen,
1231 2118 400 32 militieombudsmannen
1656 2118 60 33 och
1739 2119 47 31 ett

285 2173 81 29 stort
385 2169 93 33 antal
495 2169 104 33 andra
616 2169 102 33 civila
737 2170 59 32 och
814 2169 149 32 militära
981 2169 244 39 myndigheter.
1261 2169 76 32 Med
1356 2169 135 38 ledning
1511 2180 40 21 av
1571 2169 39 32 de
1629 2168 157 32 inkomna

283 2220 200 38 yttrandena
504 2220 62 31 har
584 2219 151 33 utkastet
757 2219 147 32 därefter
924 2219 187 33 bearbetats
1133 2219 88 32 inom
1245 2219 268 40 departementet,
1535 2219 119 32 varvid
1676 2219 108 31 såsom

282 2270 138 38 särskilt
449 2269 170 33 tillkallad
649 2269 192 39 sakkunnig
868 2269 119 33 biträtt
1017 2269 239 32 förutvarande
1286 2269 411 38 militieombudsmannen,
1728 2269 56 32 hä-

284 2320 264 38 radshövdingen
572 2319 127 33 Gustaf
722 2319 186 33 Lindstedt.

327 2370 64 32 Det
414 2370 209 33 remitterade
645 2369 210 39 lagutkastet
875 2370 62 31 har
959 2370 106 32 såsom
1088 2369 301 38 huvudstadgande
1411 2369 168 39 upptagit,
1604 2372 51 29 att
1676 2368 108 40 krigs-

284 2423 146 30 rätterna
457 2425 153 28 ävensom
636 2419 273 39 krigshovrätten
937 2419 107 33 skulle
1070 2419 164 39 upphöra,
1262 2423 86 29 samt
1375 2423 51 29 att
1450 2420 68 31 mål
1545 2418 60 33 och
1632 2419 152 38 ärenden,
