1912 2852
299 173 40 30 34
712 176 114 28 Första
849 177 221 33 lagutskottets
1092 177 163 29 utlåtande
1279 178 48 28 Nr
1346 183 48 26 51.

305 259 215 32 Härutinnan
543 261 53 31 må
619 261 87 32 först
727 261 138 40 erinras,
889 265 51 29 att
961 263 171 38 lagrådets
1154 264 160 38 yttrande
1335 264 73 32 icke
1430 265 125 32 vänder
1578 265 53 38 sig
1652 270 68 28 mot
1743 266 61 32 den

303 309 13 31 1
330 310 248 38 propositionen
592 311 152 33 uttalade
759 312 185 40 meningen,
961 317 52 28 att
1026 313 86 33 intet
1125 326 42 20 av
1183 314 38 32 de
1238 315 397 41 grundlagsstadganden
1653 328 69 20 som
1739 328 65 20 om-

304 359 146 33 förmäla
467 360 326 39 krigsdomstolarna
813 367 60 34 gör
894 363 92 32 detta
1005 364 44 38 på
1070 368 48 28 ett
1139 364 121 33 sådant
1280 369 78 35 sätt,
1382 369 51 29 att
1453 366 97 32 dessa
1570 367 235 39 myndigheter

303 409 114 33 kunna
436 415 100 33 sägas
555 423 83 20 vara
656 424 42 20 av
717 413 170 38 grundlag
907 413 212 34 föreskrivna
1137 415 80 32 eller
1237 415 185 42 skyddade,
1444 417 37 32 så
1501 421 51 28 att
1572 417 39 32 de
1630 418 72 32 icke
1722 422 82 28 utan

303 460 333 40 grundlagsändring
668 462 114 33 kunna
816 463 191 33 avskaffas.
1051 465 188 38 Lagrådets
1271 466 134 32 erinran
1437 467 12 31 i
1471 467 108 33 denna
1600 468 52 32 del
1674 480 96 21 avser
1792 470 12 31 i

303 510 116 33 stället
435 511 56 32 det
507 512 237 41 förhållandet,
764 517 52 28 att
832 515 256 38 användningen
1106 516 12 31 i
1136 516 60 32 den
1215 516 195 39 föreslagna
1426 518 170 38 lagtexten
1615 531 42 20 av
1672 519 130 33 beteck-

301 560 124 39 ningen
442 561 279 39 krigsdomstolar
739 564 128 38 jämväl
887 565 43 38 på
950 565 169 33 allmänna
1139 566 191 41 domstolar,
1351 579 69 21 som
1440 568 195 40 handlägga
1654 570 150 33 militära

302 611 77 38 mål,
401 611 109 33 skulle
531 612 176 34 föranleda
726 614 125 32 tvekan
871 615 218 33 beträffande
1110 617 196 39 tolkningen
1328 630 43 20 av
1393 619 40 32 de
1453 616 348 47 grundlagsparagra-

302 661 62 39 fer,
386 662 73 31 vari
479 662 280 39 krigsdomstolar
781 669 150 29 nämnas.
975 666 73 32 Den
1071 667 141 33 anförda
1232 668 218 39 olägenheten
1472 670 115 33 kunna
1607 672 34 31 vi
1665 672 84 32 dock
1771 673 30 38 ej

302 711 98 32 finna
417 713 164 32 avsevärd
599 714 59 32 och
677 714 63 32 den
757 716 95 32 torde
870 716 53 32 för
940 717 112 38 övrigt
1070 717 37 33 få
1126 730 94 21 anses
1239 724 177 34 uppvägas
1436 732 42 20 av
1497 721 40 32 de
1555 722 157 40 fördelar,
1732 734 69 21 som

300 773 41 20 ur
362 762 113 39 andra,
496 764 127 37 jämväl
644 777 41 19 av
706 765 156 38 lagrådet
883 766 205 34 framhållna
1108 769 211 38 synpunkter
1338 771 119 32 vinnas
1479 783 116 26 genom
1618 773 61 32 den
1701 774 11 31 i
1735 773 66 32 för-

301 812 110 38 slaget
426 813 197 39 begagnade
637 816 264 38 terminologien.
940 818 118 32 Denna
1075 830 98 27 synes
1191 831 52 21 oss
1260 821 170 38 nämligen
1447 823 111 37 ägnad
1575 826 51 29 att
1641 824 12 31 i
1669 828 131 29 väsent-

300 862 50 38 lig
370 863 84 38 grad
474 864 188 39 undanröja
683 866 39 32 de
742 867 219 41 svårigheter,
983 880 70 21 som
1074 869 149 34 befarats
1244 871 93 33 bliva
1358 883 39 21 en
1419 872 86 39 följd
1527 885 42 20 av
1590 874 61 32 den
1673 875 126 39 teknik,

300 924 71 21 som
392 913 87 33 först
499 914 140 33 kommit
660 916 53 33 till
734 918 217 38 användning
971 919 58 32 vid
1050 919 242 40 lagförslagets
1315 923 230 34 utarbetande.
1590 924 125 33 Genom
1739 926 62 32 den

300 963 232 40 omarbetning
553 965 165 39 förslaget
736 967 13 31 i
768 967 150 33 formellt
938 970 162 32 avseende
1118 971 183 39 undergått
1320 973 87 32 efter
1427 974 250 40 granskningen
1698 977 12 31 i
1730 977 70 38 lag-

300 1013 96 33 rådet
419 1014 92 33 torde
535 1016 200 39 ytterligare
756 1029 85 21 vara
864 1019 83 38 sörjt
970 1020 54 32 för
1047 1024 52 28 att
1121 1022 153 37 reglerna
1297 1034 52 21 om
1373 1026 220 38 rättegången
1616 1027 12 31 i
1651 1027 150 33 militära

299 1064 68 31 mål
392 1065 128 32 erhålla
544 1066 320 35 tillfredsställande
888 1069 171 40 tydlighet
1083 1072 60 31 och
1168 1072 273 40 fullständighet.
1489 1076 67 33 För
1580 1078 113 38 övrigt
1715 1079 86 38 vilja

298 1114 35 31 vi
357 1114 191 41 framhålla,
573 1120 51 29 att
646 1122 82 28 även
750 1118 156 39 lagrådet
926 1121 135 39 uttalat,
1086 1125 52 29 att
1159 1123 40 32 de
1219 1135 42 20 ur
1283 1124 195 38 lagteknisk
1499 1128 174 38 synpunkt
1697 1129 102 32 fram-

299 1164 100 33 förda
418 1165 313 40 betänkligheterna
750 1170 177 40 måhända,
947 1171 12 32 i
977 1171 221 34 betraktande
1217 1186 43 20 av
1279 1178 52 29 att
1351 1175 56 33 det
1425 1177 113 37 gällde
1557 1190 39 20 en
1616 1191 91 21 mera
1725 1192 73 26 pro-

297 1214 147 33 visorisk
461 1217 178 39 reglering,
656 1218 75 33 icke
748 1219 101 33 borde
866 1221 162 33 tillmätas
1048 1224 189 37 avgörande
1254 1225 85 40 vikt,
1359 1226 113 33 därest
1489 1228 56 33 det
1561 1241 42 20 av
1621 1231 177 38 rättsprin-

298 1265 135 38 cipiella
454 1267 81 32 eller
559 1268 285 34 statsfinansiella
866 1272 145 37 grunder
1035 1285 95 21 anses
1156 1275 179 39 angeläget
1359 1281 51 28 att
1431 1279 204 33 omedelbart
1658 1281 142 39 vidtaga

298 1327 39 20 en
358 1316 133 40 reform,
513 1329 117 27 genom
651 1319 113 33 vilken
786 1321 62 32 den
869 1322 149 33 militära
1038 1325 291 39 rättsskipningen
1350 1328 11 31 i
1383 1332 85 29 stort
1488 1334 66 28 sett
1574 1331 224 39 underlägges

298 1365 39 33 de
361 1366 169 34 allmänna
554 1368 236 34 domstolarna.
839 1371 44 32 Vi
906 1372 88 33 hava
1017 1374 115 33 funnit
1155 1376 56 32 det
1233 1378 190 37 uppenbart
1446 1383 51 29 att
1520 1381 191 41 riksdagen,
1737 1388 62 27 när

297 1416 63 32 den
376 1417 155 38 påkallat
546 1419 180 39 utredning
743 1433 53 20 om
812 1421 262 39 ifrågavarande
1091 1426 133 40 reform,
1243 1428 106 32 måste
1367 1429 44 32 ha
1427 1434 110 29 ansett
1552 1432 128 33 sådana
1697 1437 100 29 rätts-

296 1466 214 39 principiella
533 1468 76 33 skäl
634 1470 179 41 föreligga,
839 1484 39 20 en
902 1474 225 40 uppfattning
1152 1489 69 20 som
1245 1478 34 32 vi
1305 1479 54 32 för
1383 1481 60 31 vår
1469 1481 52 32 del
1546 1482 148 38 alltjämt
1718 1496 79 21 anse

295 1516 173 40 obetingat
487 1519 116 39 riktig.

340 1567 71 32 Mot
429 1568 61 32 den
509 1574 152 29 närmare
680 1572 252 40 utformningen
952 1587 42 20 av
1012 1576 165 39 förslaget
1195 1579 62 32 har
1276 1580 166 34 utskottet
1459 1582 12 31 i
1491 1583 144 33 främsta
1655 1590 142 28 rummet

295 1618 165 39 anmärkt,
487 1623 51 29 att
562 1620 166 40 förslaget
752 1623 75 32 med
852 1626 161 32 avseende
1037 1627 20 32 å
1083 1627 268 40 disciplinmålen
1377 1632 109 33 skulle
1510 1634 80 38 giva
1615 1636 181 39 anledning

295 1667 54 31 till
370 1668 181 40 allvarliga
573 1671 200 39 erinringar.
817 1674 173 34 Utskottet
1010 1677 179 34 betecknar
1211 1692 71 20 som
1303 1693 39 20 en
1366 1682 159 40 allvarlig
1546 1685 177 38 olägenhet
1744 1691 53 29 att

293 1717 106 32 under
415 1719 69 33 viss
505 1720 247 41 förutsättning
770 1735 40 21 en
829 1725 74 33 icke
921 1726 98 39 ringa
1037 1728 53 32 del
1110 1729 336 39 disciplinförseelser
1466 1734 109 33 skulle
1592 1735 133 34 komma
1744 1741 52 29 att

295 1767 123 40 dragas
442 1769 91 33 inför
557 1771 39 32 de
618 1772 171 34 allmänna
812 1775 235 35 domstolarna.
1094 1778 67 34 Det
1183 1781 94 32 torde
1299 1783 200 40 visserligen
1521 1798 82 20 vara
1627 1799 39 20 en
1690 1788 105 33 under

294 1818 68 32 alla
385 1819 233 35 förhållanden
641 1824 201 40 oundviklig
864 1826 85 39 följd
972 1840 42 20 av
1037 1829 40 32 de
1099 1831 170 33 särskilda
1291 1832 341 40 krigsdomstolarnas
1656 1839 138 32 avskaf-

293 1868 113 41 fande,
432 1874 51 28 att
506 1871 11 31 i
540 1872 69 33 viss
634 1875 239 39 utsträckning
894 1889 26 21 s.
945 1878 33 33 k.
1004 1879 252 35 skolförseelser
1279 1883 94 33 bliva
1396 1886 248 34 underkastade
1669 1890 125 32 allmän

294 1918 159 34 domstols
474 1921 213 42 bedömande,
708 1926 170 38 nämligen
897 1927 12 32 i
929 1929 128 33 sådana
1077 1931 63 32 fall
1161 1932 42 32 då
1224 1934 103 32 målet
1346 1946 42 21 av
1406 1947 41 20 en
1466 1937 81 32 eller
1565 1950 109 22 annan
1694 1940 100 32 orsak

292 1973 39 27 är
353 1981 42 20 av
416 1982 89 21 mera
529 1973 198 33 svårutredd
750 1976 239 35 beskaffenhet
1010 1980 81 32 eller
1113 1993 39 21 en
1175 1985 311 40 ersättningsfråga
1508 1989 177 39 samtidigt
1708 1991 85 32 före-

292 2019 120 38 ligger.
457 2021 83 33 Ofta
564 2024 92 32 torde
678 2029 49 28 ett
750 2027 84 32 måls
858 2029 256 35 överlämnande
1134 2033 52 31 till
1211 2034 143 33 domstol
1376 2036 191 36 föranledas
1592 2051 42 21 av
1656 2045 52 29 att
1731 2042 61 32 den

292 2069 168 34 tilltalade
476 2072 30 38 ej
524 2072 123 40 vidgår
661 2075 66 32 vad
745 2088 70 20 som
834 2078 116 39 lägges
967 2080 119 33 honom
1104 2083 53 32 till
1174 2084 76 32 last.
1291 2085 67 33 Det
1375 2088 94 32 torde
1486 2090 184 33 emellertid
1688 2092 104 39 knap-

291 2123 79 34 past
392 2120 114 34 kunna
529 2127 141 35 antagas
695 2129 51 29 att
768 2127 297 42 handläggningen
1089 2145 42 20 av
1155 2134 119 38 dylika
1297 2137 67 31 mål
1388 2137 91 34 inför
1502 2140 125 33 allmän
1651 2142 141 33 domstol

291 2169 110 33 skulle
419 2171 163 40 tilldraga
598 2174 53 39 sig
668 2187 39 20 en
724 2176 54 33 för
797 2178 62 32 den
877 2179 168 35 tilltalade
1061 2184 125 39 menlig
1203 2187 300 37 uppmärksamhet
1520 2191 80 32 eller
1618 2195 51 30 att
1688 2194 105 31 denne

290 2231 118 26 genom
429 2221 209 35 inställelsen
659 2226 109 33 skulle
790 2228 205 40 tillskyndas
1018 2236 49 29 ett
1088 2234 164 40 oförtjänt
1273 2237 146 34 lidande.
1463 2241 68 32 Det
1551 2246 92 29 stora
1664 2244 128 32 antalet

289 2271 56 32 vid
373 2272 38 31 de
437 2273 168 35 allmänna
633 2276 224 36 domstolarna
885 2281 98 33 redan
1010 2296 44 19 nu
1083 2284 270 37 förekommande
1380 2290 217 39 bagatellmål
1625 2294 104 38 pläga
1755 2295 37 38 ju

289 2320 74 32 icke
381 2322 108 33 väcka
507 2326 190 39 synnerligt
714 2327 143 35 intresse
874 2331 58 32 hos
951 2332 234 36 allmänheten.
1226 2337 19 32 I
1263 2338 93 33 detta
1374 2342 163 33 avseende
1554 2343 114 32 kunna
1683 2345 34 31 vi
1737 2345 55 32 för

289 2371 113 38 övrigt
421 2372 142 35 hänvisa
584 2376 54 32 till
657 2378 66 31 vad
745 2378 110 34 första
876 2381 224 38 lagutskottet
1120 2386 56 32 vid
1200 2388 84 33 1920
1307 2390 54 32 års
1384 2391 140 40 riksdag
1545 2394 134 38 yttrade
1700 2396 12 31 i
1734 2408 55 20 an-

288 2420 138 40 ledning
449 2435 42 21 av
514 2424 42 33 då
579 2426 124 34 väckta
725 2430 161 33 motioner
910 2434 139 32 rörande
1072 2435 341 39 krigsdomstolarnas
1438 2443 237 42 avskaffande,
1699 2451 90 28 näm-

289 2470 89 39 ligen
397 2476 51 29 att
463 2474 78 33 »det
556 2476 11 31 i
584 2477 81 32 vida
679 2477 133 34 kretsar
830 2481 59 32 och
907 2482 140 34 allmänt
1063 2485 102 33 bland
1183 2488 39 32 de
1238 2490 235 40 värnpliktiga
1490 2493 109 37 själva
1616 2495 11 31 i
1646 2496 62 33 allt
1725 2498 64 31 fall
