1918 2856
547 181 113 29 Första
682 179 223 35 lagutskottets
926 177 165 30 utlåtande
1115 177 48 29 Nr
1189 182 48 29 51.
1577 174 40 31 33

157 267 171 34 Utskottet
351 267 55 32 får
428 266 103 33 alltså
552 266 188 39 hemställa,

466 341 36 41 a)
531 345 51 29 att
604 341 220 33 förevarande
846 340 208 39 proposition
1076 339 73 33 icke
1172 340 103 32 måtte
1298 351 42 20 av
1362 338 182 38 riksdagen
1566 337 48 32 bi-

422 392 120 40 fallas;
565 396 88 29 samt

464 442 39 41 b)
525 446 52 30 att
590 441 264 40 ifrågavarande
870 441 162 33 motioner
1048 441 34 33 I:
1100 441 74 39 299,
1191 440 34 33 I:
1243 441 74 38 311,
1333 439 34 33 I:
1385 440 74 39 314,
1478 439 54 33 IT:
1550 439 64 33 468

421 494 61 32 och
504 494 54 32 II:
581 494 62 32 519
666 493 104 32 måtte
791 503 96 22 anses
909 491 184 33 besvarade
1115 502 118 28 genom
1254 490 181 33 utskottets
1458 489 157 33 hemstäl-

422 545 57 32 lan
499 544 105 33 under
623 542 53 41 a).

153 645 193 35 Stockholm
369 645 62 33 den
454 645 40 32 22
518 645 66 38 maj
609 645 96 32 1933.

553 737 49 33 På
626 737 110 32 första
760 735 241 40 lagutskottets
1025 740 146 34 vägnar:

699 803 43 33 A.
766 799 254 36 ÅKERMAN.

195 1032 64 29 Vid
282 1032 85 29 detta
389 1031 130 29 ärendes
541 1030 192 35 behandling
756 1030 78 28 hava
855 1029 160 29 närvarit:

155 1091 75 28 från
265 1090 152 29 första
454 1090 192 28 kammaren:
676 1089 109 28 herrar
813 1086 166 36 Åkerman,
1005 1087 165 29 Anderson
1198 1087 10 28 i
1236 1086 190 34 Hägelåkra,
1453 1084 165 36 Klefbeck,

109 1134 120 29 Larson
251 1134 11 28 i
284 1133 142 33 Lerdala,
448 1131 142 29 Svenson
612 1132 10 27 i
645 1131 146 34 Eskhult,
813 1130 162 29 Bissmark
996 1130 58 28 och
1075 1129 199 34 Ehrnberg”;
1297 1132 80 25 samt

155 1184 74 29 från
259 1184 138 28 andra
427 1183 193 28 kammaren:
643 1182 109 28 herrar
773 1180 130 29 Nilsson
926 1181 10 28 i
957 1181 133 33 Antnäs,
1111 1179 153 29 Hedlund
1285 1180 10 28 i
1315 1177 183 35 Östersund,
1519 1177 39 30 K.
1581 1177 36 28 A.

113 1226 167 34 Westman,
306 1226 54 28 fru
386 1224 145 35 Östlund,
555 1226 72 28 herr
655 1223 112 30 Olsson
794 1224 10 28 i
832 1223 184 34 Mellerud",
1043 1222 113 29 fröken
1183 1220 126 35 Wellin,
1333 1222 110 28 herrar
1469 1219 148 35 Björling

115 1270 57 28 och
190 1268 160 29 Johnsson
370 1268 10 28 i
399 1267 142 29 Kalmar.

150 1348 14 14 +
183 1347 30 33 Ej
233 1346 159 25 närvarande
409 1346 44 25 vid
471 1345 158 25 utlåtandets
644 1345 135 32 justering.

713 1561 297 35 Reservation

158 1670 45 21 av
224 1658 116 32 herrar
359 1653 183 43 Åkerman,
566 1656 170 39 Klefbeck
758 1656 60 33 och
841 1655 160 33 Hedlund
1024 1655 12 31 i
1059 1651 196 41 Östersund,
1283 1653 56 32 fru
1364 1648 146 37 Östlund
1534 1654 87 30 samt

112 1708 117 32 herrar
248 1707 119 33 Olsson
388 1707 12 32 i
422 1706 163 34 Mellerud
607 1706 60 33 och
688 1706 170 33 Johnsson
880 1705 12 32 i
914 1705 154 38 Kalmar,
1090 1703 95 34 vilka
1207 1703 127 33 anfört:

161 1766 233 33 Förevarande
412 1766 207 39 proposition
636 1777 97 21 avser
750 1769 52 29 att
818 1765 181 38 tillgodose
1015 1768 49 29 ett
1082 1763 164 40 gammalt
1263 1760 245 35 demokratiskt
1524 1760 95 38 krav,

117 1829 70 21 som
206 1821 113 29 senast
336 1817 178 32 framförts
534 1829 42 20 av
593 1816 182 39 riksdagen
793 1816 38 32 år
851 1817 96 31 1932.
988 1815 19 33 I
1025 1815 110 33 första
1151 1813 240 39 lagutskottets
1412 1812 41 33 då
1475 1812 146 38 avgivna

116 1868 175 32 utlåtande
316 1867 178 33 framhölls
521 1867 73 32 med
619 1867 122 38 styrka
766 1866 269 33 önskvärdheten
1061 1877 42 21 av
1129 1868 51 29 att
1205 1863 265 40 ifrågavarande
1493 1862 126 33 undan-

117 1917 301 40 tagslagstiftning
439 1917 233 40 avskaffades,
694 1917 61 32 och
775 1917 180 38 påkallade
975 1916 167 32 utskottet
1161 1915 189 38 utredning,
1372 1914 168 32 huruvida
1561 1913 60 32 och

117 1968 12 32 i
148 1968 67 32 vad
235 1968 77 31 mån
331 1979 39 20 en
389 1967 249 39 överflyttning
656 1968 20 31 å
697 1967 41 32 de
757 1967 170 32 allmänna
947 1966 227 33 domstolarna
1193 1978 42 20 av
1256 1965 76 38 mål,
1355 1977 70 20 som
1445 1965 102 32 hörde
1567 1964 54 32 till

117 2017 343 39 krigsdomstolarnas
480 2018 228 39 upptagande,
729 2017 102 33 redan
851 2017 107 32 under
977 2016 193 33 nuvarande
1192 2017 327 37 rättegångssystem
1538 2015 82 32 kun-

119 2069 40 32 de
175 2068 69 33 ske.

163 2118 46 32 Vi
230 2119 135 32 ansluta
386 2130 53 21 oss
461 2118 70 33 helt
549 2118 55 33 till
624 2118 62 34 den
707 2118 275 39 uppfattningen,
1007 2122 51 28 att
1078 2130 40 21 en
1139 2118 105 32 sådan
1266 2117 249 39 överflyttning
1537 2117 86 32 låter

119 2169 54 38 sig
206 2169 57 32 väl
297 2169 196 38 genomföra
527 2169 100 32 redan
650 2169 105 32 under
779 2169 56 32 det
857 2169 195 32 nuvarande
1075 2169 372 38 rättegångssystemet.
1494 2169 70 32 Och
1588 2168 35 32 vi

119 2219 93 32 hålla
232 2219 81 38 före,
334 2223 51 28 att
403 2219 301 38 processreformen
724 2219 108 32 skulle
850 2219 211 38 väsentligen
1082 2220 142 37 främjas
1245 2231 51 20 om
1317 2219 108 32 denna
1444 2219 177 38 överflytt-

120 2270 82 37 ning
222 2273 133 28 snarast
375 2269 135 39 skedde,
531 2270 37 31 så
589 2273 51 28 att
659 2270 74 32 dess
753 2269 206 38 verkningar
979 2270 109 32 hunne
1110 2269 207 33 överblickas
1338 2270 103 32 innan
1460 2270 62 32 den
1543 2274 79 28 vän-

121 2320 78 31 tade
221 2331 68 26 nya
311 2319 234 38 processlagen
568 2319 220 38 framlägges.

166 2369 71 32 Mot
256 2369 55 32 det
331 2369 195 37 föreslagna
545 2372 102 29 sättet
667 2369 54 32 för
739 2369 249 38 överflyttning
1008 2381 43 20 av
1071 2370 38 31 de
1130 2370 150 32 militära
1299 2370 107 32 målen
1428 2371 54 31 till
1503 2371 39 32 de
1563 2371 59 31 all-

121 2422 123 28 männa
263 2418 228 33 domstolarna
510 2419 62 31 har
592 2419 185 32 emellertid
800 2431 42 20 av
863 2419 157 38 lagrådet
1040 2420 177 32 framförts
1241 2420 93 32 vissa
1355 2420 268 39 betänkligheter

121 2481 41 20 ur
181 2468 268 33 konstitutionell
470 2469 60 32 och
551 2469 193 38 lagteknisk
763 2469 185 40 synpunkt,
969 2469 94 33 vilka
1084 2475 84 27 även
1188 2470 175 39 åberopats
1386 2483 41 20 av
1449 2471 174 33 utskottet.

157 2524 125 36 Bihang
304 2526 50 28 till
374 2525 185 35 riksdagens
578 2526 158 34 protokoll
756 2528 85 27 1983.
886 2535 17 25 9
927 2533 85 27 saml.
1060 2536 14 25 1
1101 2533 64 28 avd.
1190 2533 44 28 Nr
1258 2536 48 26 561.
1568 2529 18 29 3
