<?xml version="1.0" encoding="UTF-8"?>
<alto xmlns="http://www.loc.gov/standards/alto/ns-v3#" xmlns:xlink="http://www.w3.org/1999/xlink" xmlns:xsi="http://www.w3.org/2001/XMLSchema-instance" xsi:schemaLocation="http://www.loc.gov/standards/alto/ns-v3# http://www.loc.gov/alto/v3/alto-3-0.xsd">
	<Description>
		<MeasurementUnit>pixel</MeasurementUnit>
		<sourceImageInformation>
			<fileName>/tmp/tess_r3snynqu_input.PNG</fileName>
		</sourceImageInformation>
		<OCRProcessing ID="OCR_0">
			<ocrProcessingStep>
				<processingSoftware>
					<softwareName>tesseract 5.3.0</softwareName>
				</processingSoftware>
			</ocrProcessingStep>
		</OCRProcessing>
	</Description>
	<Layout>
		<Page WIDTH="1913" HEIGHT="2827" PHYSICAL_IMG_NR="0" ID="page_0">
			<PrintSpace HPOS="0" VPOS="0" WIDTH="1913" HEIGHT="2827">
				<ComposedBlock ID="cblock_0" HPOS="455" VPOS="128" WIDTH="1189" HEIGHT="39">
					<TextBlock ID="block_0" HPOS="455" VPOS="128" WIDTH="1189" HEIGHT="39">
						<TextLine ID="line_0" HPOS="455" VPOS="128" WIDTH="1189" HEIGHT="39">
							<String ID="string_0" HPOS="455" VPOS="129" WIDTH="124" HEIGHT="29" WC="0.93" CONTENT="Första"/><SP WIDTH="22" VPOS="129" HPOS="579"/>
							<String ID="string_1" HPOS="601" VPOS="129" WIDTH="246" HEIGHT="38" WC="0.92" CONTENT="lagutskottets"/><SP WIDTH="22" VPOS="129" HPOS="847"/>
							<String ID="string_2" HPOS="869" VPOS="128" WIDTH="179" HEIGHT="30" WC="0.96" CONTENT="utlåtande"/><SP WIDTH="20" VPOS="128" HPOS="1048"/>
							<String ID="string_3" HPOS="1068" VPOS="137" WIDTH="44" HEIGHT="20" WC="0.96" CONTENT="nr"/><SP WIDTH="20" VPOS="137" HPOS="1112"/>
							<String ID="string_4" HPOS="1132" VPOS="129" WIDTH="42" HEIGHT="29" WC="0.96" CONTENT="32"/><SP WIDTH="21" VPOS="129" HPOS="1174"/>
							<String ID="string_5" HPOS="1195" VPOS="128" WIDTH="39" HEIGHT="29" WC="0.96" CONTENT="år"/><SP WIDTH="23" VPOS="128" HPOS="1234"/>
							<String ID="string_6" HPOS="1257" VPOS="128" WIDTH="84" HEIGHT="30" WC="0.96" CONTENT="1970"/><SP WIDTH="285" VPOS="128" HPOS="1341"/>
							<String ID="string_7" HPOS="1626" VPOS="130" WIDTH="18" HEIGHT="29" WC="0.95" CONTENT="7"/>
						</TextLine>
					</TextBlock>
				</ComposedBlock>
				<ComposedBlock ID="cblock_1" HPOS="158" VPOS="208" WIDTH="1488" HEIGHT="392">
					<TextBlock ID="block_1" HPOS="158" VPOS="208" WIDTH="1488" HEIGHT="392">
						<TextLine ID="line_1" HPOS="159" VPOS="208" WIDTH="1487" HEIGHT="41">
							<String ID="string_8" HPOS="159" VPOS="211" WIDTH="172" HEIGHT="38" WC="0.96" CONTENT="noggrant"/><SP WIDTH="23" VPOS="211" HPOS="331"/>
							<String ID="string_9" HPOS="354" VPOS="210" WIDTH="201" HEIGHT="39" WC="0.96" CONTENT="analyseras"/><SP WIDTH="24" VPOS="210" HPOS="555"/>
							<String ID="string_10" HPOS="579" VPOS="209" WIDTH="65" HEIGHT="31" WC="0.96" CONTENT="och"/><SP WIDTH="23" VPOS="209" HPOS="644"/>
							<String ID="string_11" HPOS="667" VPOS="210" WIDTH="51" HEIGHT="29" WC="0.96" CONTENT="att"/><SP WIDTH="22" VPOS="210" HPOS="718"/>
							<String ID="string_12" HPOS="740" VPOS="208" WIDTH="132" HEIGHT="41" WC="0.96" CONTENT="förslag"/><SP WIDTH="22" VPOS="208" HPOS="872"/>
							<String ID="string_13" HPOS="894" VPOS="218" WIDTH="57" HEIGHT="21" WC="0.96" CONTENT="om"/><SP WIDTH="24" VPOS="218" HPOS="951"/>
							<String ID="string_14" HPOS="975" VPOS="208" WIDTH="160" HEIGHT="41" WC="0.96" CONTENT="åtgärder"/><SP WIDTH="24" VPOS="208" HPOS="1135"/>
							<String ID="string_15" HPOS="1159" VPOS="209" WIDTH="55" HEIGHT="30" WC="0.96" CONTENT="för"/><SP WIDTH="24" VPOS="209" HPOS="1214"/>
							<String ID="string_16" HPOS="1238" VPOS="210" WIDTH="50" HEIGHT="29" WC="0.96" CONTENT="att"/><SP WIDTH="23" VPOS="210" HPOS="1288"/>
							<String ID="string_17" HPOS="1311" VPOS="209" WIDTH="144" HEIGHT="30" WC="0.96" CONTENT="komma"/><SP WIDTH="21" VPOS="209" HPOS="1455"/>
							<String ID="string_18" HPOS="1476" VPOS="208" WIDTH="54" HEIGHT="30" WC="0.96" CONTENT="till"/><SP WIDTH="23" VPOS="208" HPOS="1530"/>
							<String ID="string_19" HPOS="1553" VPOS="208" WIDTH="93" HEIGHT="30" WC="0.96" CONTENT="rätta"/>
						</TextLine>
						<TextLine ID="line_2" HPOS="160" VPOS="253" WIDTH="1485" HEIGHT="41">
							<String ID="string_20" HPOS="160" VPOS="256" WIDTH="80" HEIGHT="28" WC="0.96" CONTENT="med"/><SP WIDTH="26" VPOS="256" HPOS="240"/>
							<String ID="string_21" HPOS="266" VPOS="255" WIDTH="78" HEIGHT="29" WC="0.96" CONTENT="dem"/><SP WIDTH="26" VPOS="255" HPOS="344"/>
							<String ID="string_22" HPOS="370" VPOS="255" WIDTH="63" HEIGHT="29" WC="0.96" CONTENT="bör"/><SP WIDTH="26" VPOS="255" HPOS="433"/>
							<String ID="string_23" HPOS="459" VPOS="255" WIDTH="188" HEIGHT="29" WC="0.96" CONTENT="utarbetas."/><SP WIDTH="28" VPOS="255" HPOS="647"/>
							<String ID="string_24" HPOS="675" VPOS="255" WIDTH="103" HEIGHT="29" WC="0.96" CONTENT="Detta"/><SP WIDTH="27" VPOS="255" HPOS="778"/>
							<String ID="string_25" HPOS="805" VPOS="255" WIDTH="117" HEIGHT="29" WC="0.96" CONTENT="arbete"/><SP WIDTH="25" VPOS="255" HPOS="922"/>
							<String ID="string_26" HPOS="947" VPOS="255" WIDTH="62" HEIGHT="28" WC="0.96" CONTENT="bör"/><SP WIDTH="27" VPOS="255" HPOS="1009"/>
							<String ID="string_27" HPOS="1036" VPOS="254" WIDTH="160" HEIGHT="30" WC="0.96" CONTENT="bedrivas"/><SP WIDTH="27" VPOS="254" HPOS="1196"/>
							<String ID="string_28" HPOS="1223" VPOS="254" WIDTH="45" HEIGHT="40" WC="0.96" CONTENT="på"/><SP WIDTH="27" VPOS="254" HPOS="1268"/>
							<String ID="string_29" HPOS="1295" VPOS="254" WIDTH="88" HEIGHT="29" WC="0.96" CONTENT="både"/><SP WIDTH="27" VPOS="254" HPOS="1383"/>
							<String ID="string_30" HPOS="1410" VPOS="254" WIDTH="141" HEIGHT="29" WC="0.96" CONTENT="kortare"/><SP WIDTH="28" VPOS="254" HPOS="1551"/>
							<String ID="string_31" HPOS="1579" VPOS="253" WIDTH="66" HEIGHT="30" WC="0.95" CONTENT="och"/>
						</TextLine>
						<TextLine ID="line_3" HPOS="160" VPOS="298" WIDTH="1484" HEIGHT="41">
							<String ID="string_32" HPOS="160" VPOS="300" WIDTH="120" HEIGHT="39" WC="0.96" CONTENT="längre"/><SP WIDTH="19" VPOS="300" HPOS="280"/>
							<String ID="string_33" HPOS="299" VPOS="299" WIDTH="70" HEIGHT="30" WC="0.96" CONTENT="sikt"/><SP WIDTH="18" VPOS="299" HPOS="369"/>
							<String ID="string_34" HPOS="387" VPOS="299" WIDTH="73" HEIGHT="35" WC="0.96" CONTENT="och,"/><SP WIDTH="21" VPOS="299" HPOS="460"/>
							<String ID="string_35" HPOS="481" VPOS="299" WIDTH="211" HEIGHT="30" WC="0.96" CONTENT="åtminstone"/><SP WIDTH="17" VPOS="299" HPOS="692"/>
							<String ID="string_36" HPOS="709" VPOS="299" WIDTH="12" HEIGHT="30" WC="0.96" CONTENT="i"/><SP WIDTH="20" VPOS="299" HPOS="721"/>
							<String ID="string_37" HPOS="741" VPOS="299" WIDTH="56" HEIGHT="29" WC="0.97" CONTENT="det"/><SP WIDTH="20" VPOS="299" HPOS="797"/>
							<String ID="string_38" HPOS="817" VPOS="308" WIDTH="120" HEIGHT="21" WC="0.96" CONTENT="senare"/><SP WIDTH="19" VPOS="308" HPOS="937"/>
							<String ID="string_39" HPOS="956" VPOS="299" WIDTH="107" HEIGHT="34" WC="0.95" CONTENT="fallet,"/><SP WIDTH="21" VPOS="299" HPOS="1063"/>
							<String ID="string_40" HPOS="1084" VPOS="299" WIDTH="45" HEIGHT="40" WC="0.96" CONTENT="på"/><SP WIDTH="17" VPOS="299" HPOS="1129"/>
							<String ID="string_41" HPOS="1146" VPOS="299" WIDTH="85" HEIGHT="30" WC="0.96" CONTENT="bred"/><SP WIDTH="18" VPOS="299" HPOS="1231"/>
							<String ID="string_42" HPOS="1249" VPOS="299" WIDTH="72" HEIGHT="29" WC="0.95" CONTENT="bas."/><SP WIDTH="20" VPOS="299" HPOS="1321"/>
							<String ID="string_43" HPOS="1341" VPOS="299" WIDTH="79" HEIGHT="29" WC="0.95" CONTENT="Med"/><SP WIDTH="19" VPOS="299" HPOS="1420"/>
							<String ID="string_44" HPOS="1439" VPOS="298" WIDTH="68" HEIGHT="30" WC="0.91" CONTENT="den"/><SP WIDTH="20" VPOS="298" HPOS="1507"/>
							<String ID="string_45" HPOS="1527" VPOS="298" WIDTH="117" HEIGHT="30" WC="0.91" CONTENT="stånd-"/>
						</TextLine>
						<TextLine ID="line_4" HPOS="159" VPOS="343" WIDTH="1485" HEIGHT="41">
							<String ID="string_46" HPOS="159" VPOS="344" WIDTH="114" HEIGHT="40" WC="0.96" CONTENT="punkt"/><SP WIDTH="19" VPOS="344" HPOS="273"/>
							<String ID="string_47" HPOS="292" VPOS="353" WIDTH="75" HEIGHT="21" WC="0.96" CONTENT="som"/><SP WIDTH="16" VPOS="353" HPOS="367"/>
							<String ID="string_48" HPOS="383" VPOS="345" WIDTH="172" HEIGHT="29" WC="0.96" CONTENT="utskottet"/><SP WIDTH="16" VPOS="345" HPOS="555"/>
							<String ID="string_49" HPOS="571" VPOS="344" WIDTH="147" HEIGHT="30" WC="0.96" CONTENT="härmed"/><SP WIDTH="16" VPOS="344" HPOS="718"/>
							<String ID="string_50" HPOS="734" VPOS="344" WIDTH="125" HEIGHT="39" WC="0.96" CONTENT="intagit"/><SP WIDTH="17" VPOS="344" HPOS="859"/>
							<String ID="string_51" HPOS="876" VPOS="344" WIDTH="117" HEIGHT="29" WC="0.96" CONTENT="finner"/><SP WIDTH="19" VPOS="344" HPOS="993"/>
							<String ID="string_52" HPOS="1012" VPOS="344" WIDTH="51" HEIGHT="39" WC="0.96" CONTENT="sig"/><SP WIDTH="17" VPOS="344" HPOS="1063"/>
							<String ID="string_53" HPOS="1080" VPOS="344" WIDTH="171" HEIGHT="29" WC="0.96" CONTENT="utskottet"/><SP WIDTH="17" VPOS="344" HPOS="1251"/>
							<String ID="string_54" HPOS="1268" VPOS="344" WIDTH="73" HEIGHT="29" WC="0.96" CONTENT="inte"/><SP WIDTH="16" VPOS="344" HPOS="1341"/>
							<String ID="string_55" HPOS="1357" VPOS="344" WIDTH="85" HEIGHT="29" WC="0.96" CONTENT="böra"/><SP WIDTH="20" VPOS="344" HPOS="1442"/>
							<String ID="string_56" HPOS="1462" VPOS="344" WIDTH="82" HEIGHT="39" WC="0.93" CONTENT="göra"/><SP WIDTH="18" VPOS="344" HPOS="1544"/>
							<String ID="string_57" HPOS="1562" VPOS="343" WIDTH="82" HEIGHT="39" WC="0.92" CONTENT="någ-"/>
						</TextLine>
						<TextLine ID="line_5" HPOS="158" VPOS="388" WIDTH="1486" HEIGHT="41">
							<String ID="string_58" HPOS="158" VPOS="399" WIDTH="41" HEIGHT="20" WC="0.95" CONTENT="ra"/><SP WIDTH="18" VPOS="399" HPOS="199"/>
							<String ID="string_59" HPOS="217" VPOS="389" WIDTH="203" HEIGHT="40" WC="0.96" CONTENT="ytterligare"/><SP WIDTH="18" VPOS="389" HPOS="420"/>
							<String ID="string_60" HPOS="438" VPOS="389" WIDTH="206" HEIGHT="30" WC="0.96" CONTENT="uttalanden"/><SP WIDTH="22" VPOS="389" HPOS="644"/>
							<String ID="string_61" HPOS="666" VPOS="398" WIDTH="57" HEIGHT="20" WC="0.96" CONTENT="om"/><SP WIDTH="22" VPOS="398" HPOS="723"/>
							<String ID="string_62" HPOS="745" VPOS="389" WIDTH="41" HEIGHT="30" WC="0.95" CONTENT="de"/><SP WIDTH="21" VPOS="389" HPOS="786"/>
							<String ID="string_63" HPOS="807" VPOS="389" WIDTH="94" HEIGHT="30" WC="0.92" CONTENT="olika"/><SP WIDTH="21" VPOS="389" HPOS="901"/>
							<String ID="string_64" HPOS="922" VPOS="389" WIDTH="242" HEIGHT="39" WC="0.91" CONTENT="detaljförslag"/><SP WIDTH="22" VPOS="389" HPOS="1164"/>
							<String ID="string_65" HPOS="1186" VPOS="398" WIDTH="75" HEIGHT="20" WC="0.96" CONTENT="som"/><SP WIDTH="21" VPOS="398" HPOS="1261"/>
							<String ID="string_66" HPOS="1282" VPOS="388" WIDTH="183" HEIGHT="40" WC="0.86" CONTENT="framlagts"/><SP WIDTH="22" VPOS="388" HPOS="1465"/>
							<String ID="string_67" HPOS="1487" VPOS="388" WIDTH="11" HEIGHT="30" WC="0.93" CONTENT="i"/><SP WIDTH="23" VPOS="388" HPOS="1498"/>
							<String ID="string_68" HPOS="1521" VPOS="388" WIDTH="123" HEIGHT="29" WC="0.91" CONTENT="motio-"/>
						</TextLine>
						<TextLine ID="line_6" HPOS="160" VPOS="433" WIDTH="1481" HEIGHT="40">
							<String ID="string_69" HPOS="160" VPOS="443" WIDTH="110" HEIGHT="21" WC="0.96" CONTENT="nerna"/><SP WIDTH="19" VPOS="443" HPOS="270"/>
							<String ID="string_70" HPOS="289" VPOS="434" WIDTH="55" HEIGHT="30" WC="0.96" CONTENT="för"/><SP WIDTH="20" VPOS="434" HPOS="344"/>
							<String ID="string_71" HPOS="364" VPOS="436" WIDTH="49" HEIGHT="28" WC="0.96" CONTENT="att"/><SP WIDTH="19" VPOS="436" HPOS="413"/>
							<String ID="string_72" HPOS="432" VPOS="434" WIDTH="72" HEIGHT="30" WC="0.96" CONTENT="inte"/><SP WIDTH="20" VPOS="434" HPOS="504"/>
							<String ID="string_73" HPOS="524" VPOS="434" WIDTH="176" HEIGHT="39" WC="0.96" CONTENT="föregripa"/><SP WIDTH="20" VPOS="434" HPOS="700"/>
							<String ID="string_74" HPOS="720" VPOS="434" WIDTH="41" HEIGHT="30" WC="0.96" CONTENT="de"/><SP WIDTH="21" VPOS="434" HPOS="761"/>
							<String ID="string_75" HPOS="782" VPOS="434" WIDTH="272" HEIGHT="39" WC="0.95" CONTENT="överväganden,"/><SP WIDTH="24" VPOS="434" HPOS="1054"/>
							<String ID="string_76" HPOS="1078" VPOS="443" WIDTH="74" HEIGHT="20" WC="0.96" CONTENT="som"/><SP WIDTH="21" VPOS="443" HPOS="1152"/>
							<String ID="string_77" HPOS="1173" VPOS="434" WIDTH="171" HEIGHT="29" WC="0.96" CONTENT="utskottet"/><SP WIDTH="21" VPOS="434" HPOS="1344"/>
							<String ID="string_78" HPOS="1365" VPOS="433" WIDTH="167" HEIGHT="30" WC="0.96" CONTENT="förutsatt"/><SP WIDTH="23" VPOS="433" HPOS="1532"/>
							<String ID="string_79" HPOS="1555" VPOS="433" WIDTH="86" HEIGHT="30" WC="0.96" CONTENT="skall"/>
						</TextLine>
						<TextLine ID="line_7" HPOS="160" VPOS="477" WIDTH="1482" HEIGHT="41">
							<String ID="string_80" HPOS="160" VPOS="480" WIDTH="144" HEIGHT="29" WC="0.96" CONTENT="komma"/><SP WIDTH="22" VPOS="480" HPOS="304"/>
							<String ID="string_81" HPOS="326" VPOS="479" WIDTH="53" HEIGHT="30" WC="0.95" CONTENT="till"/><SP WIDTH="26" VPOS="479" HPOS="379"/>
							<String ID="string_82" HPOS="405" VPOS="479" WIDTH="112" HEIGHT="30" WC="0.96" CONTENT="stånd."/><SP WIDTH="26" VPOS="479" HPOS="517"/>
							<String ID="string_83" HPOS="543" VPOS="479" WIDTH="175" HEIGHT="30" WC="0.95" CONTENT="Utskottet"/><SP WIDTH="27" VPOS="479" HPOS="718"/>
							<String ID="string_84" HPOS="745" VPOS="478" WIDTH="147" HEIGHT="30" WC="0.96" CONTENT="föreslår"/><SP WIDTH="26" VPOS="478" HPOS="892"/>
							<String ID="string_85" HPOS="918" VPOS="480" WIDTH="50" HEIGHT="28" WC="0.96" CONTENT="att"/><SP WIDTH="25" VPOS="480" HPOS="968"/>
							<String ID="string_86" HPOS="993" VPOS="479" WIDTH="188" HEIGHT="39" WC="0.96" CONTENT="riksdagen"/><SP WIDTH="24" VPOS="479" HPOS="1181"/>
							<String ID="string_87" HPOS="1205" VPOS="479" WIDTH="13" HEIGHT="29" WC="0.96" CONTENT="i"/><SP WIDTH="27" VPOS="479" HPOS="1218"/>
							<String ID="string_88" HPOS="1245" VPOS="478" WIDTH="166" HEIGHT="30" WC="0.95" CONTENT="skrivelse"/><SP WIDTH="26" VPOS="478" HPOS="1411"/>
							<String ID="string_89" HPOS="1437" VPOS="478" WIDTH="53" HEIGHT="30" WC="0.95" CONTENT="till"/><SP WIDTH="26" VPOS="478" HPOS="1490"/>
							<String ID="string_90" HPOS="1516" VPOS="477" WIDTH="126" HEIGHT="40" WC="0.96" CONTENT="Kungl."/>
						</TextLine>
						<TextLine ID="line_8" HPOS="160" VPOS="523" WIDTH="1484" HEIGHT="41">
							<String ID="string_91" HPOS="160" VPOS="525" WIDTH="106" HEIGHT="39" WC="0.96" CONTENT="Maj:t"/><SP WIDTH="19" VPOS="525" HPOS="266"/>
							<String ID="string_92" HPOS="285" VPOS="533" WIDTH="74" HEIGHT="21" WC="0.96" CONTENT="som"/><SP WIDTH="19" VPOS="533" HPOS="359"/>
							<String ID="string_93" HPOS="378" VPOS="525" WIDTH="54" HEIGHT="29" WC="0.96" CONTENT="sin"/><SP WIDTH="17" VPOS="525" HPOS="432"/>
							<String ID="string_94" HPOS="449" VPOS="524" WIDTH="142" HEIGHT="39" WC="0.96" CONTENT="mening"/><SP WIDTH="18" VPOS="524" HPOS="591"/>
							<String ID="string_95" HPOS="609" VPOS="531" WIDTH="58" HEIGHT="32" WC="0.95" CONTENT="ger"/><SP WIDTH="17" VPOS="531" HPOS="667"/>
							<String ID="string_96" HPOS="684" VPOS="524" WIDTH="53" HEIGHT="29" WC="0.96" CONTENT="till"/><SP WIDTH="18" VPOS="524" HPOS="737"/>
							<String ID="string_97" HPOS="755" VPOS="524" WIDTH="118" HEIGHT="29" WC="0.96" CONTENT="känna"/><SP WIDTH="18" VPOS="524" HPOS="873"/>
							<String ID="string_98" HPOS="891" VPOS="524" WIDTH="67" HEIGHT="29" WC="0.96" CONTENT="vad"/><SP WIDTH="18" VPOS="524" HPOS="958"/>
							<String ID="string_99" HPOS="976" VPOS="524" WIDTH="169" HEIGHT="29" WC="0.96" CONTENT="utskottet"/><SP WIDTH="20" VPOS="524" HPOS="1145"/>
							<String ID="string_100" HPOS="1165" VPOS="523" WIDTH="118" HEIGHT="30" WC="0.96" CONTENT="anfört"/><SP WIDTH="18" VPOS="523" HPOS="1283"/>
							<String ID="string_101" HPOS="1301" VPOS="524" WIDTH="12" HEIGHT="29" WC="0.96" CONTENT="i"/><SP WIDTH="19" VPOS="524" HPOS="1313"/>
							<String ID="string_102" HPOS="1332" VPOS="523" WIDTH="188" HEIGHT="39" WC="0.95" CONTENT="anledning"/><SP WIDTH="20" VPOS="523" HPOS="1520"/>
							<String ID="string_103" HPOS="1540" VPOS="532" WIDTH="42" HEIGHT="21" WC="0.96" CONTENT="av"/><SP WIDTH="20" VPOS="532" HPOS="1582"/>
							<String ID="string_104" HPOS="1602" VPOS="523" WIDTH="42" HEIGHT="29" WC="0.96" CONTENT="de"/>
						</TextLine>
						<TextLine ID="line_9" HPOS="160" VPOS="569" WIDTH="814" HEIGHT="31">
							<String ID="string_105" HPOS="160" VPOS="570" WIDTH="11" HEIGHT="30" WC="0.96" CONTENT="i"/><SP WIDTH="21" VPOS="570" HPOS="171"/>
							<String ID="string_106" HPOS="192" VPOS="571" WIDTH="95" HEIGHT="29" WC="0.96" CONTENT="detta"/><SP WIDTH="18" VPOS="571" HPOS="287"/>
							<String ID="string_107" HPOS="305" VPOS="569" WIDTH="182" HEIGHT="31" WC="0.96" CONTENT="utlåtande"/><SP WIDTH="19" VPOS="569" HPOS="487"/>
							<String ID="string_108" HPOS="506" VPOS="569" WIDTH="220" HEIGHT="30" WC="0.96" CONTENT="behandlade"/><SP WIDTH="19" VPOS="569" HPOS="726"/>
							<String ID="string_109" HPOS="745" VPOS="569" WIDTH="229" HEIGHT="30" WC="0.96" CONTENT="motionerna."/>
						</TextLine>
					</TextBlock>
				</ComposedBlock>
				<ComposedBlock ID="cblock_2" HPOS="205" VPOS="640" WIDTH="855" HEIGHT="40">
					<TextBlock ID="block_2" HPOS="205" VPOS="640" WIDTH="855" HEIGHT="40">
						<TextLine ID="line_10" HPOS="205" VPOS="640" WIDTH="855" HEIGHT="40">
							<String ID="string_110" HPOS="205" VPOS="641" WIDTH="199" HEIGHT="39" WC="0.95" CONTENT="Riksdagen"/><SP WIDTH="12" VPOS="641" HPOS="404"/>
							<String ID="string_111" HPOS="416" VPOS="641" WIDTH="66" HEIGHT="29" WC="0.92" CONTENT="har"/><SP WIDTH="12" VPOS="641" HPOS="482"/>
							<String ID="string_112" HPOS="494" VPOS="640" WIDTH="129" HEIGHT="30" WC="0.92" CONTENT="bifallit"/><SP WIDTH="14" VPOS="640" HPOS="623"/>
							<String ID="string_113" HPOS="637" VPOS="641" WIDTH="188" HEIGHT="29" WC="0.96" CONTENT="utskottets"/><SP WIDTH="14" VPOS="641" HPOS="825"/>
							<String ID="string_114" HPOS="839" VPOS="640" WIDTH="221" HEIGHT="30" WC="0.96" CONTENT="hemställan."/>
						</TextLine>
					</TextBlock>
				</ComposedBlock>
				<ComposedBlock ID="cblock_3" HPOS="810" VPOS="859" WIDTH="179" HEIGHT="33">
					<TextBlock ID="block_3" HPOS="810" VPOS="859" WIDTH="179" HEIGHT="33">
						<TextLine ID="line_11" HPOS="810" VPOS="859" WIDTH="179" HEIGHT="33">
							<String ID="string_115" HPOS="810" VPOS="859" WIDTH="179" HEIGHT="33" WC="0.96" CONTENT="Utskottet"/>
						</TextLine>
					</TextBlock>
				</ComposedBlock>
				<ComposedBlock ID="cblock_4" HPOS="156" VPOS="961" WIDTH="1492" HEIGHT="1438">
					<TextBlock ID="block_4" HPOS="158" VPOS="961" WIDTH="1487" HEIGHT="311">
						<TextLine ID="line_12" HPOS="205" VPOS="961" WIDTH="1440" HEIGHT="42">
							<String ID="string_116" HPOS="205" VPOS="965" WIDTH="13" HEIGHT="28" WC="0.96" CONTENT="I"/><SP WIDTH="22" VPOS="965" HPOS="218"/>
							<String ID="string_117" HPOS="240" VPOS="965" WIDTH="222" HEIGHT="29" WC="0.96" CONTENT="motionerna"/><SP WIDTH="20" VPOS="965" HPOS="462"/>
							<String ID="string_118" HPOS="482" VPOS="963" WIDTH="121" HEIGHT="30" WC="0.96" CONTENT="anförs"/><SP WIDTH="22" VPOS="963" HPOS="603"/>
							<String ID="string_119" HPOS="625" VPOS="965" WIDTH="50" HEIGHT="28" WC="0.96" CONTENT="att"/><SP WIDTH="21" VPOS="965" HPOS="675"/>
							<String ID="string_120" HPOS="696" VPOS="963" WIDTH="57" HEIGHT="29" WC="0.96" CONTENT="det"/><SP WIDTH="21" VPOS="963" HPOS="753"/>
							<String ID="string_121" HPOS="774" VPOS="963" WIDTH="140" HEIGHT="40" WC="0.96" CONTENT="nyligen"/><SP WIDTH="22" VPOS="963" HPOS="914"/>
							<String ID="string_122" HPOS="936" VPOS="963" WIDTH="225" HEIGHT="29" WC="0.96" CONTENT="förekommit"/><SP WIDTH="23" VPOS="963" HPOS="1161"/>
							<String ID="string_123" HPOS="1184" VPOS="964" WIDTH="49" HEIGHT="28" WC="0.96" CONTENT="att"/><SP WIDTH="23" VPOS="964" HPOS="1233"/>
							<String ID="string_124" HPOS="1256" VPOS="972" WIDTH="42" HEIGHT="20" WC="0.97" CONTENT="en"/><SP WIDTH="21" VPOS="972" HPOS="1298"/>
							<String ID="string_125" HPOS="1319" VPOS="963" WIDTH="113" HEIGHT="29" WC="0.96" CONTENT="lärare"/><SP WIDTH="21" VPOS="963" HPOS="1432"/>
							<String ID="string_126" HPOS="1453" VPOS="962" WIDTH="115" HEIGHT="29" WC="0.96" CONTENT="dömts"/><SP WIDTH="22" VPOS="962" HPOS="1568"/>
							<String ID="string_127" HPOS="1590" VPOS="961" WIDTH="55" HEIGHT="30" WC="0.96" CONTENT="för"/>
						</TextLine>
						<TextLine ID="line_13" HPOS="159" VPOS="1017" WIDTH="1486" HEIGHT="41">
							<String ID="string_128" HPOS="159" VPOS="1019" WIDTH="192" HEIGHT="39" WC="0.96" CONTENT="övergrepp"/><SP WIDTH="17" VPOS="1019" HPOS="351"/>
							<String ID="string_129" HPOS="368" VPOS="1019" WIDTH="73" HEIGHT="28" WC="0.93" CONTENT="mot"/><SP WIDTH="18" VPOS="1019" HPOS="441"/>
							<String ID="string_130" HPOS="459" VPOS="1018" WIDTH="176" HEIGHT="29" WC="0.91" CONTENT="elev-trots"/><SP WIDTH="17" VPOS="1018" HPOS="635"/>
							<String ID="string_131" HPOS="652" VPOS="1019" WIDTH="51" HEIGHT="27" WC="0.96" CONTENT="att"/><SP WIDTH="15" VPOS="1019" HPOS="703"/>
							<String ID="string_132" HPOS="718" VPOS="1017" WIDTH="72" HEIGHT="29" WC="0.96" CONTENT="han"/><SP WIDTH="16" VPOS="1017" HPOS="790"/>
							<String ID="string_133" HPOS="806" VPOS="1017" WIDTH="99" HEIGHT="29" WC="0.96" CONTENT="blivit"/><SP WIDTH="16" VPOS="1017" HPOS="905"/>
							<String ID="string_134" HPOS="921" VPOS="1018" WIDTH="98" HEIGHT="38" WC="0.96" CONTENT="grovt"/><SP WIDTH="16" VPOS="1018" HPOS="1019"/>
							<String ID="string_135" HPOS="1035" VPOS="1017" WIDTH="212" HEIGHT="39" WC="0.96" CONTENT="provocerad"/><SP WIDTH="18" VPOS="1017" HPOS="1247"/>
							<String ID="string_136" HPOS="1265" VPOS="1024" WIDTH="123" HEIGHT="32" WC="0.96" CONTENT="genom"/><SP WIDTH="19" VPOS="1024" HPOS="1388"/>
							<String ID="string_137" HPOS="1407" VPOS="1017" WIDTH="134" HEIGHT="29" WC="0.93" CONTENT="elevens"/><SP WIDTH="18" VPOS="1017" HPOS="1541"/>
							<String ID="string_138" HPOS="1559" VPOS="1024" WIDTH="86" HEIGHT="31" WC="0.91" CONTENT="upp-"/>
						</TextLine>
						<TextLine ID="line_14" HPOS="160" VPOS="1069" WIDTH="1485" HEIGHT="41">
							<String ID="string_139" HPOS="160" VPOS="1072" WIDTH="181" HEIGHT="29" WC="0.91" CONTENT="trädande."/><SP WIDTH="26" VPOS="1072" HPOS="341"/>
							<String ID="string_140" HPOS="367" VPOS="1071" WIDTH="93" HEIGHT="30" WC="0.96" CONTENT="Från"/><SP WIDTH="25" VPOS="1071" HPOS="460"/>
							<String ID="string_141" HPOS="485" VPOS="1071" WIDTH="115" HEIGHT="30" WC="0.96" CONTENT="denna"/><SP WIDTH="24" VPOS="1071" HPOS="600"/>
							<String ID="string_142" HPOS="624" VPOS="1071" WIDTH="263" HEIGHT="39" WC="0.96" CONTENT="utgångspunkt"/><SP WIDTH="25" VPOS="1071" HPOS="887"/>
							<String ID="string_143" HPOS="912" VPOS="1070" WIDTH="132" HEIGHT="30" WC="0.96" CONTENT="hävdar"/><SP WIDTH="25" VPOS="1070" HPOS="1044"/>
							<String ID="string_144" HPOS="1069" VPOS="1071" WIDTH="261" HEIGHT="29" WC="0.96" CONTENT="motionärerna"/><SP WIDTH="25" VPOS="1071" HPOS="1330"/>
							<String ID="string_145" HPOS="1355" VPOS="1072" WIDTH="50" HEIGHT="27" WC="0.96" CONTENT="att"/><SP WIDTH="26" VPOS="1072" HPOS="1405"/>
							<String ID="string_146" HPOS="1431" VPOS="1079" WIDTH="42" HEIGHT="20" WC="0.96" CONTENT="en"/><SP WIDTH="24" VPOS="1079" HPOS="1473"/>
							<String ID="string_147" HPOS="1497" VPOS="1070" WIDTH="113" HEIGHT="29" WC="0.96" CONTENT="lärare"/><SP WIDTH="24" VPOS="1070" HPOS="1610"/>
							<String ID="string_148" HPOS="1634" VPOS="1069" WIDTH="11" HEIGHT="29" WC="0.96" CONTENT="i"/>
						</TextLine>
						<TextLine ID="line_15" HPOS="160" VPOS="1123" WIDTH="1484" HEIGHT="40">
							<String ID="string_149" HPOS="160" VPOS="1126" WIDTH="94" HEIGHT="29" WC="0.96" CONTENT="vissa"/><SP WIDTH="14" VPOS="1126" HPOS="254"/>
							<String ID="string_150" HPOS="268" VPOS="1125" WIDTH="62" HEIGHT="30" WC="0.95" CONTENT="fall"/><SP WIDTH="14" VPOS="1125" HPOS="330"/>
							<String ID="string_151" HPOS="344" VPOS="1126" WIDTH="63" HEIGHT="29" WC="0.96" CONTENT="bör"/><SP WIDTH="14" VPOS="1126" HPOS="407"/>
							<String ID="string_152" HPOS="421" VPOS="1126" WIDTH="122" HEIGHT="29" WC="0.93" CONTENT="kunna"/><SP WIDTH="14" VPOS="1126" HPOS="543"/>
							<String ID="string_153" HPOS="557" VPOS="1125" WIDTH="184" HEIGHT="29" WC="0.91" CONTENT="frikännas"/><SP WIDTH="16" VPOS="1125" HPOS="741"/>
							<String ID="string_154" HPOS="757" VPOS="1124" WIDTH="44" HEIGHT="30" WC="0.96" CONTENT="då"/><SP WIDTH="13" VPOS="1124" HPOS="801"/>
							<String ID="string_155" HPOS="814" VPOS="1124" WIDTH="71" HEIGHT="30" WC="0.96" CONTENT="han"/><SP WIDTH="15" VPOS="1124" HPOS="885"/>
							<String ID="string_156" HPOS="900" VPOS="1133" WIDTH="42" HEIGHT="21" WC="0.96" CONTENT="av"/><SP WIDTH="14" VPOS="1133" HPOS="942"/>
							<String ID="string_157" HPOS="956" VPOS="1124" WIDTH="151" HEIGHT="29" WC="0.92" CONTENT="domstol"/><SP WIDTH="14" VPOS="1124" HPOS="1107"/>
							<String ID="string_158" HPOS="1121" VPOS="1124" WIDTH="160" HEIGHT="30" WC="0.92" CONTENT="befinnes"/><SP WIDTH="15" VPOS="1124" HPOS="1281"/>
							<String ID="string_159" HPOS="1296" VPOS="1124" WIDTH="137" HEIGHT="39" WC="0.96" CONTENT="skyldig"/><SP WIDTH="14" VPOS="1124" HPOS="1433"/>
							<String ID="string_160" HPOS="1447" VPOS="1123" WIDTH="53" HEIGHT="30" WC="0.95" CONTENT="till"/><SP WIDTH="15" VPOS="1123" HPOS="1500"/>
							<String ID="string_161" HPOS="1515" VPOS="1123" WIDTH="129" HEIGHT="39" WC="0.96" CONTENT="fysiskt"/>
						</TextLine>
						<TextLine ID="line_16" HPOS="158" VPOS="1177" WIDTH="1487" HEIGHT="42">
							<String ID="string_162" HPOS="158" VPOS="1180" WIDTH="191" HEIGHT="39" WC="0.96" CONTENT="övergrepp"/><SP WIDTH="21" VPOS="1180" HPOS="349"/>
							<String ID="string_163" HPOS="370" VPOS="1181" WIDTH="73" HEIGHT="27" WC="0.96" CONTENT="mot"/><SP WIDTH="21" VPOS="1181" HPOS="443"/>
							<String ID="string_164" HPOS="464" VPOS="1179" WIDTH="82" HEIGHT="29" WC="0.96" CONTENT="elev."/><SP WIDTH="29" VPOS="1179" HPOS="546"/>
							<String ID="string_165" HPOS="575" VPOS="1179" WIDTH="5" HEIGHT="28" WC="0.93" CONTENT="I"/><SP WIDTH="21" VPOS="1179" HPOS="580"/>
							<String ID="string_166" HPOS="601" VPOS="1178" WIDTH="327" HEIGHT="39" WC="0.91" CONTENT="motionsyrkandet"/><SP WIDTH="19" VPOS="1178" HPOS="928"/>
							<String ID="string_167" HPOS="947" VPOS="1177" WIDTH="182" HEIGHT="30" WC="0.91" CONTENT="hemställs"/><SP WIDTH="22" VPOS="1177" HPOS="1129"/>
							<String ID="string_168" HPOS="1151" VPOS="1187" WIDTH="56" HEIGHT="20" WC="0.96" CONTENT="om"/><SP WIDTH="22" VPOS="1187" HPOS="1207"/>
							<String ID="string_169" HPOS="1229" VPOS="1177" WIDTH="160" HEIGHT="40" WC="0.96" CONTENT="åtgärder"/><SP WIDTH="21" VPOS="1177" HPOS="1389"/>
							<String ID="string_170" HPOS="1410" VPOS="1177" WIDTH="80" HEIGHT="29" WC="0.93" CONTENT="från"/><SP WIDTH="20" VPOS="1177" HPOS="1490"/>
							<String ID="string_171" HPOS="1510" VPOS="1177" WIDTH="135" HEIGHT="29" WC="0.91" CONTENT="riksda-"/>
						</TextLine>
						<TextLine ID="line_17" HPOS="160" VPOS="1230" WIDTH="1299" HEIGHT="42">
							<String ID="string_172" HPOS="160" VPOS="1241" WIDTH="85" HEIGHT="31" WC="0.96" CONTENT="gens"/><SP WIDTH="18" VPOS="1241" HPOS="245"/>
							<String ID="string_173" HPOS="263" VPOS="1233" WIDTH="75" HEIGHT="29" WC="0.96" CONTENT="sida"/><SP WIDTH="17" VPOS="1233" HPOS="338"/>
							<String ID="string_174" HPOS="355" VPOS="1233" WIDTH="55" HEIGHT="29" WC="0.96" CONTENT="för"/><SP WIDTH="17" VPOS="1233" HPOS="410"/>
							<String ID="string_175" HPOS="427" VPOS="1234" WIDTH="50" HEIGHT="28" WC="0.96" CONTENT="att"/><SP WIDTH="18" VPOS="1234" HPOS="477"/>
							<String ID="string_176" HPOS="495" VPOS="1232" WIDTH="245" HEIGHT="30" WC="0.96" CONTENT="åstadkomma"/><SP WIDTH="18" VPOS="1232" HPOS="740"/>
							<String ID="string_177" HPOS="758" VPOS="1241" WIDTH="42" HEIGHT="20" WC="0.95" CONTENT="en"/><SP WIDTH="17" VPOS="1241" HPOS="800"/>
							<String ID="string_178" HPOS="817" VPOS="1232" WIDTH="148" HEIGHT="39" WC="0.96" CONTENT="översyn"/><SP WIDTH="17" VPOS="1232" HPOS="965"/>
							<String ID="string_179" HPOS="982" VPOS="1241" WIDTH="42" HEIGHT="20" WC="0.96" CONTENT="av"/><SP WIDTH="16" VPOS="1241" HPOS="1024"/>
							<String ID="string_180" HPOS="1040" VPOS="1231" WIDTH="265" HEIGHT="40" WC="0.95" CONTENT="lagstiftningen"/><SP WIDTH="16" VPOS="1231" HPOS="1305"/>
							<String ID="string_181" HPOS="1321" VPOS="1231" WIDTH="12" HEIGHT="29" WC="0.96" CONTENT="i"/><SP WIDTH="17" VPOS="1231" HPOS="1333"/>
							<String ID="string_182" HPOS="1350" VPOS="1230" WIDTH="109" HEIGHT="40" WC="0.96" CONTENT="fråga."/>
						</TextLine>
					</TextBlock>
					<TextBlock ID="block_5" HPOS="156" VPOS="1284" WIDTH="1492" HEIGHT="1115">
						<TextLine ID="line_18" HPOS="207" VPOS="1284" WIDTH="1439" HEIGHT="42">
							<String ID="string_183" HPOS="207" VPOS="1288" WIDTH="52" HEIGHT="28" WC="0.97" CONTENT="En"/><SP WIDTH="18" VPOS="1288" HPOS="259"/>
							<String ID="string_184" HPOS="277" VPOS="1286" WIDTH="284" HEIGHT="40" WC="0.96" CONTENT="grundläggande"/><SP WIDTH="17" VPOS="1286" HPOS="561"/>
							<String ID="string_185" HPOS="578" VPOS="1286" WIDTH="93" HEIGHT="39" WC="0.95" CONTENT="regel"/><SP WIDTH="17" VPOS="1286" HPOS="671"/>
							<String ID="string_186" HPOS="688" VPOS="1286" WIDTH="55" HEIGHT="29" WC="0.96" CONTENT="för"/><SP WIDTH="17" VPOS="1286" HPOS="743"/>
							<String ID="string_187" HPOS="760" VPOS="1285" WIDTH="226" HEIGHT="40" WC="0.96" CONTENT="rättegången"/><SP WIDTH="17" VPOS="1285" HPOS="986"/>
							<String ID="string_188" HPOS="1003" VPOS="1285" WIDTH="12" HEIGHT="29" WC="0.96" CONTENT="i"/><SP WIDTH="17" VPOS="1285" HPOS="1015"/>
							<String ID="string_189" HPOS="1032" VPOS="1285" WIDTH="166" HEIGHT="30" WC="0.96" CONTENT="brottmål"/><SP WIDTH="18" VPOS="1285" HPOS="1198"/>
							<String ID="string_190" HPOS="1216" VPOS="1285" WIDTH="38" HEIGHT="29" WC="0.96" CONTENT="är"/><SP WIDTH="19" VPOS="1285" HPOS="1254"/>
							<String ID="string_191" HPOS="1273" VPOS="1286" WIDTH="50" HEIGHT="28" WC="0.96" CONTENT="att"/><SP WIDTH="19" VPOS="1286" HPOS="1323"/>
							<String ID="string_192" HPOS="1342" VPOS="1285" WIDTH="195" HEIGHT="29" WC="0.96" CONTENT="domstolen"/><SP WIDTH="19" VPOS="1285" HPOS="1537"/>
							<String ID="string_193" HPOS="1556" VPOS="1284" WIDTH="90" HEIGHT="30" WC="0.96" CONTENT="skall"/>
						</TextLine>
						<TextLine ID="line_19" HPOS="161" VPOS="1338" WIDTH="1482" HEIGHT="42">
							<String ID="string_194" HPOS="161" VPOS="1343" WIDTH="37" HEIGHT="28" WC="0.96" CONTENT="ta"/><SP WIDTH="13" VPOS="1343" HPOS="198"/>
							<String ID="string_195" HPOS="211" VPOS="1341" WIDTH="139" HEIGHT="39" WC="0.96" CONTENT="hänsyn"/><SP WIDTH="16" VPOS="1341" HPOS="350"/>
							<String ID="string_196" HPOS="366" VPOS="1341" WIDTH="53" HEIGHT="29" WC="0.96" CONTENT="till"/><SP WIDTH="16" VPOS="1341" HPOS="419"/>
							<String ID="string_197" HPOS="435" VPOS="1340" WIDTH="162" HEIGHT="40" WC="0.96" CONTENT="samtliga"/><SP WIDTH="16" VPOS="1340" HPOS="597"/>
							<String ID="string_198" HPOS="613" VPOS="1339" WIDTH="297" HEIGHT="40" WC="0.96" CONTENT="omständigheter"/><SP WIDTH="15" VPOS="1339" HPOS="910"/>
							<String ID="string_199" HPOS="925" VPOS="1339" WIDTH="58" HEIGHT="30" WC="0.96" CONTENT="vid"/><SP WIDTH="16" VPOS="1339" HPOS="983"/>
							<String ID="string_200" HPOS="999" VPOS="1339" WIDTH="67" HEIGHT="30" WC="0.96" CONTENT="den"/><SP WIDTH="16" VPOS="1339" HPOS="1066"/>
							<String ID="string_201" HPOS="1082" VPOS="1339" WIDTH="137" HEIGHT="30" WC="0.93" CONTENT="åtalade"/><SP WIDTH="16" VPOS="1339" HPOS="1219"/>
							<String ID="string_202" HPOS="1235" VPOS="1338" WIDTH="208" HEIGHT="41" WC="0.92" CONTENT="gärningens"/><SP WIDTH="16" VPOS="1338" HPOS="1443"/>
							<String ID="string_203" HPOS="1459" VPOS="1338" WIDTH="184" HEIGHT="40" WC="0.91" CONTENT="begående,"/>
						</TextLine>
						<TextLine ID="line_20" HPOS="162" VPOS="1392" WIDTH="1483" HEIGHT="40">
							<String ID="string_204" HPOS="162" VPOS="1395" WIDTH="131" HEIGHT="30" WC="0.96" CONTENT="sådana"/><SP WIDTH="23" VPOS="1395" HPOS="293"/>
							<String ID="string_205" HPOS="316" VPOS="1395" WIDTH="42" HEIGHT="29" WC="0.96" CONTENT="de"/><SP WIDTH="23" VPOS="1395" HPOS="358"/>
							<String ID="string_206" HPOS="381" VPOS="1394" WIDTH="245" HEIGHT="30" WC="0.96" CONTENT="framkommit"/><SP WIDTH="22" VPOS="1394" HPOS="626"/>
							<String ID="string_207" HPOS="648" VPOS="1394" WIDTH="58" HEIGHT="29" WC="0.96" CONTENT="vid"/><SP WIDTH="24" VPOS="1394" HPOS="706"/>
							<String ID="string_208" HPOS="730" VPOS="1393" WIDTH="235" HEIGHT="39" WC="0.96" CONTENT="rättegången."/><SP WIDTH="23" VPOS="1393" HPOS="965"/>
							<String ID="string_209" HPOS="988" VPOS="1393" WIDTH="67" HEIGHT="30" WC="0.96" CONTENT="Vid"/><SP WIDTH="22" VPOS="1393" HPOS="1055"/>
							<String ID="string_210" HPOS="1077" VPOS="1393" WIDTH="265" HEIGHT="30" WC="0.95" CONTENT="bestämmande"/><SP WIDTH="23" VPOS="1393" HPOS="1342"/>
							<String ID="string_211" HPOS="1365" VPOS="1402" WIDTH="42" HEIGHT="20" WC="0.96" CONTENT="av"/><SP WIDTH="22" VPOS="1402" HPOS="1407"/>
							<String ID="string_212" HPOS="1429" VPOS="1392" WIDTH="137" HEIGHT="40" WC="0.96" CONTENT="påföljd"/><SP WIDTH="24" VPOS="1392" HPOS="1566"/>
							<String ID="string_213" HPOS="1590" VPOS="1392" WIDTH="55" HEIGHT="29" WC="0.96" CONTENT="för"/>
						</TextLine>
						<TextLine ID="line_21" HPOS="161" VPOS="1446" WIDTH="1485" HEIGHT="40">
							<String ID="string_214" HPOS="161" VPOS="1448" WIDTH="332" HEIGHT="30" WC="0.91" CONTENT="misshandelsbrott"/><SP WIDTH="18" VPOS="1448" HPOS="493"/>
							<String ID="string_215" HPOS="511" VPOS="1447" WIDTH="112" HEIGHT="30" WC="0.96" CONTENT="måste"/><SP WIDTH="18" VPOS="1447" HPOS="623"/>
							<String ID="string_216" HPOS="641" VPOS="1448" WIDTH="57" HEIGHT="29" WC="0.96" CONTENT="det"/><SP WIDTH="20" VPOS="1448" HPOS="698"/>
							<String ID="string_217" HPOS="718" VPOS="1447" WIDTH="188" HEIGHT="39" WC="0.96" CONTENT="självfallet"/><SP WIDTH="19" VPOS="1447" HPOS="906"/>
							<String ID="string_218" HPOS="925" VPOS="1447" WIDTH="169" HEIGHT="29" WC="0.95" CONTENT="tillmätas"/><SP WIDTH="18" VPOS="1447" HPOS="1094"/>
							<String ID="string_219" HPOS="1112" VPOS="1446" WIDTH="176" HEIGHT="40" WC="0.96" CONTENT="betydelse"/><SP WIDTH="19" VPOS="1446" HPOS="1288"/>
							<String ID="string_220" HPOS="1307" VPOS="1455" WIDTH="56" HEIGHT="21" WC="0.96" CONTENT="om"/><SP WIDTH="18" VPOS="1455" HPOS="1363"/>
							<String ID="string_221" HPOS="1381" VPOS="1446" WIDTH="129" HEIGHT="30" WC="0.93" CONTENT="brottet"/><SP WIDTH="19" VPOS="1446" HPOS="1510"/>
							<String ID="string_222" HPOS="1529" VPOS="1446" WIDTH="117" HEIGHT="29" WC="0.92" CONTENT="föran-"/>
						</TextLine>
						<TextLine ID="line_22" HPOS="160" VPOS="1500" WIDTH="1486" HEIGHT="41">
							<String ID="string_223" HPOS="160" VPOS="1503" WIDTH="80" HEIGHT="29" WC="0.96" CONTENT="letts"/><SP WIDTH="26" VPOS="1503" HPOS="240"/>
							<String ID="string_224" HPOS="266" VPOS="1512" WIDTH="41" HEIGHT="20" WC="0.93" CONTENT="av"/><SP WIDTH="25" VPOS="1512" HPOS="307"/>
							<String ID="string_225" HPOS="332" VPOS="1501" WIDTH="268" HEIGHT="40" WC="0.91" CONTENT="målsägandens"/><SP WIDTH="27" VPOS="1501" HPOS="600"/>
							<String ID="string_226" HPOS="627" VPOS="1503" WIDTH="73" HEIGHT="38" WC="0.96" CONTENT="eget"/><SP WIDTH="26" VPOS="1503" HPOS="700"/>
							<String ID="string_227" HPOS="726" VPOS="1500" WIDTH="253" HEIGHT="41" WC="0.96" CONTENT="uppträdande."/><SP WIDTH="27" VPOS="1500" HPOS="979"/>
							<String ID="string_228" HPOS="1006" VPOS="1501" WIDTH="58" HEIGHT="29" WC="0.96" CONTENT="Ett"/><SP WIDTH="24" VPOS="1501" HPOS="1064"/>
							<String ID="string_229" HPOS="1088" VPOS="1500" WIDTH="221" HEIGHT="40" WC="0.96" CONTENT="provokativt"/><SP WIDTH="26" VPOS="1500" HPOS="1309"/>
							<String ID="string_230" HPOS="1335" VPOS="1500" WIDTH="243" HEIGHT="40" WC="0.96" CONTENT="uppträdande"/><SP WIDTH="26" VPOS="1500" HPOS="1578"/>
							<String ID="string_231" HPOS="1604" VPOS="1508" WIDTH="42" HEIGHT="21" WC="0.96" CONTENT="av"/>
						</TextLine>
						<TextLine ID="line_23" HPOS="162" VPOS="1553" WIDTH="1484" HEIGHT="42">
							<String ID="string_232" HPOS="162" VPOS="1556" WIDTH="250" HEIGHT="39" WC="0.96" CONTENT="målsäganden"/><SP WIDTH="19" VPOS="1556" HPOS="412"/>
							<String ID="string_233" HPOS="431" VPOS="1556" WIDTH="12" HEIGHT="29" WC="0.96" CONTENT="i"/><SP WIDTH="21" VPOS="1556" HPOS="443"/>
							<String ID="string_234" HPOS="464" VPOS="1555" WIDTH="170" HEIGHT="30" WC="0.95" CONTENT="samband"/><SP WIDTH="19" VPOS="1555" HPOS="634"/>
							<String ID="string_235" HPOS="653" VPOS="1555" WIDTH="79" HEIGHT="29" WC="0.96" CONTENT="med"/><SP WIDTH="19" VPOS="1555" HPOS="732"/>
							<String ID="string_236" HPOS="751" VPOS="1555" WIDTH="129" HEIGHT="29" WC="0.96" CONTENT="brottet"/><SP WIDTH="20" VPOS="1555" HPOS="880"/>
							<String ID="string_237" HPOS="900" VPOS="1555" WIDTH="70" HEIGHT="29" WC="0.95" CONTENT="kan"/><SP WIDTH="20" VPOS="1555" HPOS="970"/>
							<String ID="string_238" HPOS="990" VPOS="1554" WIDTH="119" HEIGHT="30" WC="0.96" CONTENT="därför"/><SP WIDTH="20" VPOS="1554" HPOS="1109"/>
							<String ID="string_239" HPOS="1129" VPOS="1554" WIDTH="160" HEIGHT="30" WC="0.96" CONTENT="medföra"/><SP WIDTH="20" VPOS="1554" HPOS="1289"/>
							<String ID="string_240" HPOS="1309" VPOS="1556" WIDTH="50" HEIGHT="27" WC="0.96" CONTENT="att"/><SP WIDTH="19" VPOS="1556" HPOS="1359"/>
							<String ID="string_241" HPOS="1378" VPOS="1553" WIDTH="182" HEIGHT="40" WC="0.95" CONTENT="påföljden"/><SP WIDTH="19" VPOS="1553" HPOS="1560"/>
							<String ID="string_242" HPOS="1579" VPOS="1553" WIDTH="67" HEIGHT="30" WC="0.96" CONTENT="blir"/>
						</TextLine>
						<TextLine ID="line_24" HPOS="161" VPOS="1607" WIDTH="1485" HEIGHT="41">
							<String ID="string_243" HPOS="161" VPOS="1610" WIDTH="186" HEIGHT="38" WC="0.95" CONTENT="väsentligt"/><SP WIDTH="15" VPOS="1610" HPOS="347"/>
							<String ID="string_244" HPOS="362" VPOS="1609" WIDTH="148" HEIGHT="29" WC="0.96" CONTENT="mildare"/><SP WIDTH="15" VPOS="1609" HPOS="510"/>
							<String ID="string_245" HPOS="525" VPOS="1609" WIDTH="45" HEIGHT="30" WC="0.96" CONTENT="än"/><SP WIDTH="17" VPOS="1609" HPOS="570"/>
							<String ID="string_246" HPOS="587" VPOS="1618" WIDTH="74" HEIGHT="20" WC="0.96" CONTENT="som"/><SP WIDTH="17" VPOS="1618" HPOS="661"/>
							<String ID="string_247" HPOS="678" VPOS="1609" WIDTH="114" HEIGHT="29" WC="0.96" CONTENT="skulle"/><SP WIDTH="14" VPOS="1609" HPOS="792"/>
							<String ID="string_248" HPOS="806" VPOS="1608" WIDTH="47" HEIGHT="30" WC="0.96" CONTENT="ha"/><SP WIDTH="13" VPOS="1608" HPOS="853"/>
							<String ID="string_249" HPOS="866" VPOS="1608" WIDTH="100" HEIGHT="29" WC="0.96" CONTENT="blivit"/><SP WIDTH="15" VPOS="1608" HPOS="966"/>
							<String ID="string_250" HPOS="981" VPOS="1608" WIDTH="98" HEIGHT="29" WC="0.96" CONTENT="fallet"/><SP WIDTH="16" VPOS="1608" HPOS="1079"/>
							<String ID="string_251" HPOS="1095" VPOS="1617" WIDTH="57" HEIGHT="20" WC="0.96" CONTENT="om"/><SP WIDTH="17" VPOS="1617" HPOS="1152"/>
							<String ID="string_252" HPOS="1169" VPOS="1608" WIDTH="67" HEIGHT="29" WC="0.96" CONTENT="den"/><SP WIDTH="15" VPOS="1608" HPOS="1236"/>
							<String ID="string_253" HPOS="1251" VPOS="1608" WIDTH="170" HEIGHT="29" WC="0.96" CONTENT="tilltalade"/><SP WIDTH="15" VPOS="1608" HPOS="1421"/>
							<String ID="string_254" HPOS="1436" VPOS="1607" WIDTH="73" HEIGHT="30" WC="0.93" CONTENT="inte"/><SP WIDTH="14" VPOS="1607" HPOS="1509"/>
							<String ID="string_255" HPOS="1523" VPOS="1616" WIDTH="123" HEIGHT="31" WC="0.92" CONTENT="provo-"/>
						</TextLine>
						<TextLine ID="line_25" HPOS="162" VPOS="1661" WIDTH="1484" HEIGHT="40">
							<String ID="string_256" HPOS="162" VPOS="1665" WIDTH="111" HEIGHT="28" WC="0.90" CONTENT="cerats"/><SP WIDTH="19" VPOS="1665" HPOS="273"/>
							<String ID="string_257" HPOS="292" VPOS="1663" WIDTH="55" HEIGHT="29" WC="0.96" CONTENT="till"/><SP WIDTH="20" VPOS="1663" HPOS="347"/>
							<String ID="string_258" HPOS="367" VPOS="1663" WIDTH="59" HEIGHT="29" WC="0.95" CONTENT="sitt"/><SP WIDTH="19" VPOS="1663" HPOS="426"/>
							<String ID="string_259" HPOS="445" VPOS="1662" WIDTH="210" HEIGHT="30" WC="0.95" CONTENT="handlande."/><SP WIDTH="21" VPOS="1662" HPOS="655"/>
							<String ID="string_260" HPOS="676" VPOS="1662" WIDTH="131" HEIGHT="30" WC="0.96" CONTENT="Genom"/><SP WIDTH="20" VPOS="1662" HPOS="807"/>
							<String ID="string_261" HPOS="827" VPOS="1662" WIDTH="67" HEIGHT="29" WC="0.96" CONTENT="den"/><SP WIDTH="20" VPOS="1662" HPOS="894"/>
							<String ID="string_262" HPOS="914" VPOS="1661" WIDTH="183" HEIGHT="40" WC="0.96" CONTENT="möjlighet"/><SP WIDTH="21" VPOS="1661" HPOS="1097"/>
							<String ID="string_263" HPOS="1118" VPOS="1671" WIDTH="74" HEIGHT="20" WC="0.96" CONTENT="som"/><SP WIDTH="20" VPOS="1671" HPOS="1192"/>
							<String ID="string_264" HPOS="1212" VPOS="1662" WIDTH="240" HEIGHT="29" WC="0.96" CONTENT="brottsbalken"/><SP WIDTH="20" VPOS="1662" HPOS="1452"/>
							<String ID="string_265" HPOS="1472" VPOS="1669" WIDTH="58" HEIGHT="31" WC="0.92" CONTENT="ger"/><SP WIDTH="20" VPOS="1669" HPOS="1530"/>
							<String ID="string_266" HPOS="1550" VPOS="1661" WIDTH="96" HEIGHT="30" WC="0.92" CONTENT="dom-"/>
						</TextLine>
						<TextLine ID="line_26" HPOS="163" VPOS="1714" WIDTH="1483" HEIGHT="42">
							<String ID="string_267" HPOS="163" VPOS="1718" WIDTH="111" HEIGHT="29" WC="0.96" CONTENT="stolen"/><SP WIDTH="19" VPOS="1718" HPOS="274"/>
							<String ID="string_268" HPOS="293" VPOS="1718" WIDTH="50" HEIGHT="28" WC="0.96" CONTENT="att"/><SP WIDTH="17" VPOS="1718" HPOS="343"/>
							<String ID="string_269" HPOS="360" VPOS="1716" WIDTH="161" HEIGHT="30" WC="0.93" CONTENT="meddela"/><SP WIDTH="16" VPOS="1716" HPOS="521"/>
							<String ID="string_270" HPOS="537" VPOS="1715" WIDTH="314" HEIGHT="41" WC="0.90" CONTENT="påföljdseftergift"/><SP WIDTH="18" VPOS="1715" HPOS="851"/>
							<String ID="string_271" HPOS="869" VPOS="1716" WIDTH="71" HEIGHT="29" WC="0.96" CONTENT="kan"/><SP WIDTH="18" VPOS="1716" HPOS="940"/>
							<String ID="string_272" HPOS="958" VPOS="1715" WIDTH="87" HEIGHT="30" WC="0.96" CONTENT="även"/><SP WIDTH="18" VPOS="1715" HPOS="1045"/>
							<String ID="string_273" HPOS="1063" VPOS="1715" WIDTH="12" HEIGHT="29" WC="0.96" CONTENT="i"/><SP WIDTH="18" VPOS="1715" HPOS="1075"/>
							<String ID="string_274" HPOS="1093" VPOS="1715" WIDTH="263" HEIGHT="39" WC="0.96" CONTENT="undantagsfall"/><SP WIDTH="17" VPOS="1715" HPOS="1356"/>
							<String ID="string_275" HPOS="1373" VPOS="1714" WIDTH="183" HEIGHT="40" WC="0.96" CONTENT="påföljden"/><SP WIDTH="17" VPOS="1714" HPOS="1556"/>
							<String ID="string_276" HPOS="1573" VPOS="1714" WIDTH="73" HEIGHT="30" WC="0.96" CONTENT="helt"/>
						</TextLine>
						<TextLine ID="line_27" HPOS="161" VPOS="1768" WIDTH="1484" HEIGHT="40">
							<String ID="string_277" HPOS="161" VPOS="1771" WIDTH="175" HEIGHT="29" WC="0.90" CONTENT="bortfalla."/><SP WIDTH="19" VPOS="1771" HPOS="336"/>
							<String ID="string_278" HPOS="355" VPOS="1770" WIDTH="120" HEIGHT="29" WC="0.95" CONTENT="Såsom"/><SP WIDTH="17" VPOS="1770" HPOS="475"/>
							<String ID="string_279" HPOS="492" VPOS="1769" WIDTH="155" HEIGHT="39" WC="0.96" CONTENT="framgår"/><SP WIDTH="17" VPOS="1769" HPOS="647"/>
							<String ID="string_280" HPOS="664" VPOS="1778" WIDTH="42" HEIGHT="20" WC="0.96" CONTENT="av"/><SP WIDTH="16" VPOS="1778" HPOS="706"/>
							<String ID="string_281" HPOS="722" VPOS="1769" WIDTH="67" HEIGHT="29" WC="0.96" CONTENT="den"/><SP WIDTH="16" VPOS="1769" HPOS="789"/>
							<String ID="string_282" HPOS="805" VPOS="1778" WIDTH="89" HEIGHT="20" WC="0.96" CONTENT="ovan"/><SP WIDTH="15" VPOS="1778" HPOS="894"/>
							<String ID="string_283" HPOS="909" VPOS="1769" WIDTH="163" HEIGHT="29" WC="0.96" CONTENT="lämnade"/><SP WIDTH="16" VPOS="1769" HPOS="1072"/>
							<String ID="string_284" HPOS="1088" VPOS="1768" WIDTH="242" HEIGHT="39" WC="0.96" CONTENT="redogörelsen"/><SP WIDTH="15" VPOS="1768" HPOS="1330"/>
							<String ID="string_285" HPOS="1345" VPOS="1768" WIDTH="65" HEIGHT="30" WC="0.93" CONTENT="har"/><SP WIDTH="15" VPOS="1768" HPOS="1410"/>
							<String ID="string_286" HPOS="1425" VPOS="1768" WIDTH="220" HEIGHT="29" WC="0.90" CONTENT="bestämmel-"/>
						</TextLine>
						<TextLine ID="line_28" HPOS="163" VPOS="1822" WIDTH="1482" HEIGHT="39">
							<String ID="string_287" HPOS="163" VPOS="1833" WIDTH="60" HEIGHT="20" WC="0.96" CONTENT="sen"/><SP WIDTH="18" VPOS="1833" HPOS="223"/>
							<String ID="string_288" HPOS="241" VPOS="1824" WIDTH="125" HEIGHT="29" WC="0.91" CONTENT="härom"/><SP WIDTH="17" VPOS="1824" HPOS="366"/>
							<String ID="string_289" HPOS="383" VPOS="1841" WIDTH="45" HEIGHT="3" WC="0.88" CONTENT="—"/><SP WIDTH="17" VPOS="1841" HPOS="428"/>
							<String ID="string_290" HPOS="445" VPOS="1823" WIDTH="87" HEIGHT="30" WC="0.96" CONTENT="även"/><SP WIDTH="19" VPOS="1823" HPOS="532"/>
							<String ID="string_291" HPOS="551" VPOS="1832" WIDTH="57" HEIGHT="20" WC="0.96" CONTENT="om"/><SP WIDTH="18" VPOS="1832" HPOS="608"/>
							<String ID="string_292" HPOS="626" VPOS="1823" WIDTH="67" HEIGHT="29" WC="0.96" CONTENT="den"/><SP WIDTH="20" VPOS="1823" HPOS="693"/>
							<String ID="string_293" HPOS="713" VPOS="1823" WIDTH="89" HEIGHT="29" WC="0.96" CONTENT="skall"/><SP WIDTH="18" VPOS="1823" HPOS="802"/>
							<String ID="string_294" HPOS="820" VPOS="1822" WIDTH="175" HEIGHT="39" WC="0.93" CONTENT="utnyttjas"/><SP WIDTH="18" VPOS="1822" HPOS="995"/>
							<String ID="string_295" HPOS="1013" VPOS="1822" WIDTH="194" HEIGHT="29" WC="0.91" CONTENT="restriktivt"/><SP WIDTH="18" VPOS="1822" HPOS="1207"/>
							<String ID="string_296" HPOS="1225" VPOS="1840" WIDTH="45" HEIGHT="2" WC="0.91" CONTENT="—"/><SP WIDTH="16" VPOS="1840" HPOS="1270"/>
							<String ID="string_297" HPOS="1286" VPOS="1822" WIDTH="12" HEIGHT="29" WC="0.71" CONTENT="1"/><SP WIDTH="18" VPOS="1822" HPOS="1298"/>
							<String ID="string_298" HPOS="1316" VPOS="1822" WIDTH="118" HEIGHT="39" WC="0.96" CONTENT="praxis"/><SP WIDTH="19" VPOS="1822" HPOS="1434"/>
							<String ID="string_299" HPOS="1453" VPOS="1822" WIDTH="192" HEIGHT="39" WC="0.96" CONTENT="tillämpats"/>
						</TextLine>
						<TextLine ID="line_29" HPOS="160" VPOS="1875" WIDTH="1486" HEIGHT="42">
							<String ID="string_300" HPOS="160" VPOS="1877" WIDTH="46" HEIGHT="40" WC="0.96" CONTENT="på"/><SP WIDTH="19" VPOS="1877" HPOS="206"/>
							<String ID="string_301" HPOS="225" VPOS="1877" WIDTH="63" HEIGHT="30" WC="0.95" CONTENT="fall"/><SP WIDTH="20" VPOS="1877" HPOS="288"/>
							<String ID="string_302" HPOS="308" VPOS="1886" WIDTH="75" HEIGHT="21" WC="0.95" CONTENT="som"/><SP WIDTH="19" VPOS="1886" HPOS="383"/>
							<String ID="string_303" HPOS="402" VPOS="1877" WIDTH="38" HEIGHT="29" WC="0.95" CONTENT="är"/><SP WIDTH="20" VPOS="1877" HPOS="440"/>
							<String ID="string_304" HPOS="460" VPOS="1877" WIDTH="143" HEIGHT="29" WC="0.96" CONTENT="likartat"/><SP WIDTH="19" VPOS="1877" HPOS="603"/>
							<String ID="string_305" HPOS="622" VPOS="1876" WIDTH="80" HEIGHT="30" WC="0.96" CONTENT="med"/><SP WIDTH="20" VPOS="1876" HPOS="702"/>
							<String ID="string_306" HPOS="722" VPOS="1876" WIDTH="41" HEIGHT="29" WC="0.96" CONTENT="de"/><SP WIDTH="20" VPOS="1876" HPOS="763"/>
							<String ID="string_307" HPOS="783" VPOS="1885" WIDTH="42" HEIGHT="20" WC="0.96" CONTENT="av"/><SP WIDTH="18" VPOS="1885" HPOS="825"/>
							<String ID="string_308" HPOS="843" VPOS="1876" WIDTH="262" HEIGHT="29" WC="0.96" CONTENT="motionärerna"/><SP WIDTH="19" VPOS="1876" HPOS="1105"/>
							<String ID="string_309" HPOS="1124" VPOS="1875" WIDTH="169" HEIGHT="40" WC="0.95" CONTENT="åsyftade."/><SP WIDTH="20" VPOS="1875" HPOS="1293"/>
							<String ID="string_310" HPOS="1313" VPOS="1875" WIDTH="78" HEIGHT="30" WC="0.96" CONTENT="Med"/><SP WIDTH="19" VPOS="1875" HPOS="1391"/>
							<String ID="string_311" HPOS="1410" VPOS="1875" WIDTH="139" HEIGHT="39" WC="0.93" CONTENT="hänsyn"/><SP WIDTH="18" VPOS="1875" HPOS="1549"/>
							<String ID="string_312" HPOS="1567" VPOS="1875" WIDTH="79" HEIGHT="29" WC="0.92" CONTENT="här-"/>
						</TextLine>
						<TextLine ID="line_30" HPOS="160" VPOS="1928" WIDTH="1486" HEIGHT="42">
							<String ID="string_313" HPOS="160" VPOS="1931" WIDTH="53" HEIGHT="29" WC="0.95" CONTENT="till"/><SP WIDTH="23" VPOS="1931" HPOS="213"/>
							<String ID="string_314" HPOS="236" VPOS="1939" WIDTH="58" HEIGHT="31" WC="0.96" CONTENT="ger"/><SP WIDTH="24" VPOS="1939" HPOS="294"/>
							<String ID="string_315" HPOS="318" VPOS="1931" WIDTH="106" HEIGHT="38" WC="0.96" CONTENT="enligt"/><SP WIDTH="22" VPOS="1931" HPOS="424"/>
							<String ID="string_316" HPOS="446" VPOS="1930" WIDTH="190" HEIGHT="29" WC="0.96" CONTENT="utskottets"/><SP WIDTH="22" VPOS="1930" HPOS="636"/>
							<String ID="string_317" HPOS="658" VPOS="1929" WIDTH="142" HEIGHT="40" WC="0.96" CONTENT="mening"/><SP WIDTH="22" VPOS="1929" HPOS="800"/>
							<String ID="string_318" HPOS="822" VPOS="1930" WIDTH="67" HEIGHT="29" WC="0.96" CONTENT="den"/><SP WIDTH="22" VPOS="1930" HPOS="889"/>
							<String ID="string_319" HPOS="911" VPOS="1929" WIDTH="205" HEIGHT="29" WC="0.96" CONTENT="nuvarande"/><SP WIDTH="21" VPOS="1929" HPOS="1116"/>
							<String ID="string_320" HPOS="1137" VPOS="1928" WIDTH="266" HEIGHT="40" WC="0.96" CONTENT="lagstiftningen"/><SP WIDTH="22" VPOS="1928" HPOS="1403"/>
							<String ID="string_321" HPOS="1425" VPOS="1928" WIDTH="221" HEIGHT="40" WC="0.95" CONTENT="möjligheter"/>
						</TextLine>
						<TextLine ID="line_31" HPOS="162" VPOS="1982" WIDTH="1484" HEIGHT="40">
							<String ID="string_322" HPOS="162" VPOS="1984" WIDTH="56" HEIGHT="30" WC="0.96" CONTENT="för"/><SP WIDTH="22" VPOS="1984" HPOS="218"/>
							<String ID="string_323" HPOS="240" VPOS="1985" WIDTH="241" HEIGHT="29" WC="0.96" CONTENT="domstolarna"/><SP WIDTH="22" VPOS="1985" HPOS="481"/>
							<String ID="string_324" HPOS="503" VPOS="1985" WIDTH="50" HEIGHT="28" WC="0.96" CONTENT="att"/><SP WIDTH="20" VPOS="1985" HPOS="553"/>
							<String ID="string_325" HPOS="573" VPOS="1983" WIDTH="59" HEIGHT="30" WC="0.96" CONTENT="vid"/><SP WIDTH="22" VPOS="1983" HPOS="632"/>
							<String ID="string_326" HPOS="654" VPOS="1983" WIDTH="62" HEIGHT="30" WC="0.95" CONTENT="fall"/><SP WIDTH="23" VPOS="1983" HPOS="716"/>
							<String ID="string_327" HPOS="739" VPOS="1993" WIDTH="42" HEIGHT="20" WC="0.96" CONTENT="av"/><SP WIDTH="22" VPOS="1993" HPOS="781"/>
							<String ID="string_328" HPOS="803" VPOS="1983" WIDTH="189" HEIGHT="39" WC="0.95" CONTENT="övergrepp"/><SP WIDTH="24" VPOS="1983" HPOS="992"/>
							<String ID="string_329" HPOS="1016" VPOS="1992" WIDTH="42" HEIGHT="20" WC="0.96" CONTENT="av"/><SP WIDTH="22" VPOS="1992" HPOS="1058"/>
							<String ID="string_330" HPOS="1080" VPOS="1983" WIDTH="113" HEIGHT="29" WC="0.96" CONTENT="lärare"/><SP WIDTH="20" VPOS="1983" HPOS="1193"/>
							<String ID="string_331" HPOS="1213" VPOS="1982" WIDTH="46" HEIGHT="40" WC="0.96" CONTENT="på"/><SP WIDTH="23" VPOS="1982" HPOS="1259"/>
							<String ID="string_332" HPOS="1282" VPOS="1983" WIDTH="73" HEIGHT="29" WC="0.96" CONTENT="elev"/><SP WIDTH="20" VPOS="1983" HPOS="1355"/>
							<String ID="string_333" HPOS="1375" VPOS="1984" WIDTH="37" HEIGHT="28" WC="0.96" CONTENT="ta"/><SP WIDTH="21" VPOS="1984" HPOS="1412"/>
							<String ID="string_334" HPOS="1433" VPOS="1982" WIDTH="138" HEIGHT="40" WC="0.96" CONTENT="hänsyn"/><SP WIDTH="22" VPOS="1982" HPOS="1571"/>
							<String ID="string_335" HPOS="1593" VPOS="1982" WIDTH="53" HEIGHT="29" WC="0.96" CONTENT="till"/>
						</TextLine>
						<TextLine ID="line_32" HPOS="163" VPOS="2035" WIDTH="1483" HEIGHT="42">
							<String ID="string_336" HPOS="163" VPOS="2038" WIDTH="132" HEIGHT="30" WC="0.96" CONTENT="sådana"/><SP WIDTH="18" VPOS="2038" HPOS="295"/>
							<String ID="string_337" HPOS="313" VPOS="2037" WIDTH="298" HEIGHT="40" WC="0.96" CONTENT="omständigheter"/><SP WIDTH="19" VPOS="2037" HPOS="611"/>
							<String ID="string_338" HPOS="630" VPOS="2046" WIDTH="75" HEIGHT="21" WC="0.96" CONTENT="som"/><SP WIDTH="19" VPOS="2046" HPOS="705"/>
							<String ID="string_339" HPOS="724" VPOS="2036" WIDTH="184" HEIGHT="30" WC="0.96" CONTENT="framhålls"/><SP WIDTH="19" VPOS="2036" HPOS="908"/>
							<String ID="string_340" HPOS="927" VPOS="2046" WIDTH="42" HEIGHT="20" WC="0.96" CONTENT="av"/><SP WIDTH="17" VPOS="2046" HPOS="969"/>
							<String ID="string_341" HPOS="986" VPOS="2036" WIDTH="270" HEIGHT="30" WC="0.96" CONTENT="motionärerna."/><SP WIDTH="20" VPOS="2036" HPOS="1256"/>
							<String ID="string_342" HPOS="1276" VPOS="2036" WIDTH="176" HEIGHT="30" WC="0.96" CONTENT="Utskottet"/><SP WIDTH="18" VPOS="2036" HPOS="1452"/>
							<String ID="string_343" HPOS="1470" VPOS="2036" WIDTH="38" HEIGHT="29" WC="0.96" CONTENT="är"/><SP WIDTH="19" VPOS="2036" HPOS="1508"/>
							<String ID="string_344" HPOS="1527" VPOS="2035" WIDTH="119" HEIGHT="30" WC="0.96" CONTENT="därför"/>
						</TextLine>
						<TextLine ID="line_33" HPOS="162" VPOS="2089" WIDTH="1486" HEIGHT="42">
							<String ID="string_345" HPOS="162" VPOS="2092" WIDTH="73" HEIGHT="30" WC="0.96" CONTENT="inte"/><SP WIDTH="14" VPOS="2092" HPOS="235"/>
							<String ID="string_346" HPOS="249" VPOS="2092" WIDTH="111" HEIGHT="30" WC="0.96" CONTENT="berett"/><SP WIDTH="17" VPOS="2092" HPOS="360"/>
							<String ID="string_347" HPOS="377" VPOS="2093" WIDTH="50" HEIGHT="28" WC="0.96" CONTENT="att"/><SP WIDTH="17" VPOS="2093" HPOS="427"/>
							<String ID="string_348" HPOS="444" VPOS="2091" WIDTH="178" HEIGHT="40" WC="0.95" CONTENT="tillstyrka"/><SP WIDTH="14" VPOS="2091" HPOS="622"/>
							<String ID="string_349" HPOS="636" VPOS="2090" WIDTH="100" HEIGHT="31" WC="0.96" CONTENT="bifall"/><SP WIDTH="16" VPOS="2090" HPOS="736"/>
							<String ID="string_350" HPOS="752" VPOS="2091" WIDTH="54" HEIGHT="29" WC="0.96" CONTENT="till"/><SP WIDTH="16" VPOS="2091" HPOS="806"/>
							<String ID="string_351" HPOS="822" VPOS="2090" WIDTH="230" HEIGHT="31" WC="0.96" CONTENT="motionerna."/><SP WIDTH="18" VPOS="2090" HPOS="1052"/>
							<String ID="string_352" HPOS="1070" VPOS="2091" WIDTH="49" HEIGHT="29" WC="0.96" CONTENT="De"/><SP WIDTH="17" VPOS="2091" HPOS="1119"/>
							<String ID="string_353" HPOS="1136" VPOS="2089" WIDTH="213" HEIGHT="41" WC="0.96" CONTENT="svårigheter"/><SP WIDTH="18" VPOS="2089" HPOS="1349"/>
							<String ID="string_354" HPOS="1367" VPOS="2099" WIDTH="74" HEIGHT="21" WC="0.96" CONTENT="som"/><SP WIDTH="17" VPOS="2099" HPOS="1441"/>
							<String ID="string_355" HPOS="1458" VPOS="2089" WIDTH="45" HEIGHT="41" WC="0.96" CONTENT="på"/><SP WIDTH="17" VPOS="2089" HPOS="1503"/>
							<String ID="string_356" HPOS="1520" VPOS="2089" WIDTH="128" HEIGHT="40" WC="0.96" CONTENT="många"/>
						</TextLine>
						<TextLine ID="line_34" HPOS="162" VPOS="2144" WIDTH="1485" HEIGHT="41">
							<String ID="string_357" HPOS="162" VPOS="2146" WIDTH="73" HEIGHT="29" WC="0.96" CONTENT="håll"/><SP WIDTH="17" VPOS="2146" HPOS="235"/>
							<String ID="string_358" HPOS="252" VPOS="2145" WIDTH="238" HEIGHT="40" WC="0.96" CONTENT="otvivelaktigt"/><SP WIDTH="17" VPOS="2145" HPOS="490"/>
							<String ID="string_359" HPOS="507" VPOS="2145" WIDTH="184" HEIGHT="39" WC="0.96" CONTENT="föreligger"/><SP WIDTH="17" VPOS="2145" HPOS="691"/>
							<String ID="string_360" HPOS="708" VPOS="2145" WIDTH="54" HEIGHT="29" WC="0.96" CONTENT="för"/><SP WIDTH="17" VPOS="2145" HPOS="762"/>
							<String ID="string_361" HPOS="779" VPOS="2144" WIDTH="204" HEIGHT="30" WC="0.96" CONTENT="lärarkåren"/><SP WIDTH="15" VPOS="2144" HPOS="983"/>
							<String ID="string_362" HPOS="998" VPOS="2144" WIDTH="12" HEIGHT="29" WC="0.94" CONTENT="i"/><SP WIDTH="18" VPOS="2144" HPOS="1010"/>
							<String ID="string_363" HPOS="1028" VPOS="2144" WIDTH="210" HEIGHT="30" WC="0.96" CONTENT="skolarbetet"/><SP WIDTH="17" VPOS="2144" HPOS="1238"/>
							<String ID="string_364" HPOS="1255" VPOS="2144" WIDTH="64" HEIGHT="29" WC="0.96" CONTENT="och"/><SP WIDTH="18" VPOS="2144" HPOS="1319"/>
							<String ID="string_365" HPOS="1337" VPOS="2153" WIDTH="74" HEIGHT="20" WC="0.96" CONTENT="som"/><SP WIDTH="17" VPOS="2153" HPOS="1411"/>
							<String ID="string_366" HPOS="1428" VPOS="2144" WIDTH="150" HEIGHT="29" WC="0.96" CONTENT="kommit"/><SP WIDTH="15" VPOS="2144" HPOS="1578"/>
							<String ID="string_367" HPOS="1593" VPOS="2144" WIDTH="54" HEIGHT="29" WC="0.96" CONTENT="till"/>
						</TextLine>
						<TextLine ID="line_35" HPOS="163" VPOS="2197" WIDTH="1484" HEIGHT="41">
							<String ID="string_368" HPOS="163" VPOS="2200" WIDTH="142" HEIGHT="38" WC="0.96" CONTENT="uttryck"/><SP WIDTH="13" VPOS="2200" HPOS="305"/>
							<String ID="string_369" HPOS="318" VPOS="2199" WIDTH="11" HEIGHT="29" WC="0.96" CONTENT="i"/><SP WIDTH="14" VPOS="2199" HPOS="329"/>
							<String ID="string_370" HPOS="343" VPOS="2199" WIDTH="221" HEIGHT="30" WC="0.96" CONTENT="motionerna"/><SP WIDTH="13" VPOS="2199" HPOS="564"/>
							<String ID="string_371" HPOS="577" VPOS="2199" WIDTH="39" HEIGHT="29" WC="0.96" CONTENT="är"/><SP WIDTH="16" VPOS="2199" HPOS="616"/>
							<String ID="string_372" HPOS="632" VPOS="2198" WIDTH="191" HEIGHT="30" WC="0.96" CONTENT="emellertid"/><SP WIDTH="16" VPOS="2198" HPOS="823"/>
							<String ID="string_373" HPOS="839" VPOS="2198" WIDTH="106" HEIGHT="39" WC="0.96" CONTENT="enligt"/><SP WIDTH="14" VPOS="2198" HPOS="945"/>
							<String ID="string_374" HPOS="959" VPOS="2198" WIDTH="188" HEIGHT="29" WC="0.96" CONTENT="utskottets"/><SP WIDTH="15" VPOS="2198" HPOS="1147"/>
							<String ID="string_375" HPOS="1162" VPOS="2197" WIDTH="142" HEIGHT="40" WC="0.96" CONTENT="mening"/><SP WIDTH="15" VPOS="2197" HPOS="1304"/>
							<String ID="string_376" HPOS="1319" VPOS="2197" WIDTH="171" HEIGHT="40" WC="0.96" CONTENT="förtjänta"/><SP WIDTH="15" VPOS="2197" HPOS="1490"/>
							<String ID="string_377" HPOS="1505" VPOS="2207" WIDTH="42" HEIGHT="20" WC="0.93" CONTENT="av"/><SP WIDTH="14" VPOS="2207" HPOS="1547"/>
							<String ID="string_378" HPOS="1561" VPOS="2206" WIDTH="86" HEIGHT="31" WC="0.91" CONTENT="upp-"/>
						</TextLine>
						<TextLine ID="line_36" HPOS="163" VPOS="2251" WIDTH="1484" HEIGHT="32">
							<String ID="string_379" HPOS="163" VPOS="2253" WIDTH="250" HEIGHT="30" WC="0.90" CONTENT="märksamhet."/><SP WIDTH="19" VPOS="2253" HPOS="413"/>
							<String ID="string_380" HPOS="432" VPOS="2252" WIDTH="80" HEIGHT="30" WC="0.96" CONTENT="Som"/><SP WIDTH="18" VPOS="2252" HPOS="512"/>
							<String ID="string_381" HPOS="530" VPOS="2253" WIDTH="260" HEIGHT="29" WC="0.96" CONTENT="statsutskottet"/><SP WIDTH="17" VPOS="2253" HPOS="790"/>
							<String ID="string_382" HPOS="807" VPOS="2252" WIDTH="127" HEIGHT="30" WC="0.95" CONTENT="uttalat"/><SP WIDTH="15" VPOS="2252" HPOS="934"/>
							<String ID="string_383" HPOS="949" VPOS="2252" WIDTH="12" HEIGHT="29" WC="0.96" CONTENT="i"/><SP WIDTH="17" VPOS="2252" HPOS="961"/>
							<String ID="string_384" HPOS="978" VPOS="2252" WIDTH="60" HEIGHT="29" WC="0.96" CONTENT="sitt"/><SP WIDTH="16" VPOS="2252" HPOS="1038"/>
							<String ID="string_385" HPOS="1054" VPOS="2251" WIDTH="182" HEIGHT="30" WC="0.96" CONTENT="utlåtande"/><SP WIDTH="16" VPOS="2251" HPOS="1236"/>
							<String ID="string_386" HPOS="1252" VPOS="2261" WIDTH="41" HEIGHT="20" WC="0.96" CONTENT="nr"/><SP WIDTH="17" VPOS="2261" HPOS="1293"/>
							<String ID="string_387" HPOS="1310" VPOS="2251" WIDTH="41" HEIGHT="30" WC="0.96" CONTENT="49"/><SP WIDTH="16" VPOS="2251" HPOS="1351"/>
							<String ID="string_388" HPOS="1367" VPOS="2251" WIDTH="58" HEIGHT="30" WC="0.92" CONTENT="vid"/><SP WIDTH="16" VPOS="2251" HPOS="1425"/>
							<String ID="string_389" HPOS="1441" VPOS="2251" WIDTH="206" HEIGHT="30" WC="0.92" CONTENT="innevaran-"/>
						</TextLine>
						<TextLine ID="line_37" HPOS="156" VPOS="2305" WIDTH="1492" HEIGHT="41">
							<String ID="string_390" HPOS="156" VPOS="2307" WIDTH="50" HEIGHT="29" WC="0.60" CONTENT="de"/><SP WIDTH="16" VPOS="2307" HPOS="206"/>
							<String ID="string_391" HPOS="222" VPOS="2307" WIDTH="143" HEIGHT="39" WC="0.96" CONTENT="riksdag"/><SP WIDTH="17" VPOS="2307" HPOS="365"/>
							<String ID="string_392" HPOS="382" VPOS="2307" WIDTH="38" HEIGHT="29" WC="0.96" CONTENT="är"/><SP WIDTH="18" VPOS="2307" HPOS="420"/>
							<String ID="string_393" HPOS="438" VPOS="2306" WIDTH="56" HEIGHT="30" WC="0.96" CONTENT="det"/><SP WIDTH="18" VPOS="2306" HPOS="494"/>
							<String ID="string_394" HPOS="512" VPOS="2306" WIDTH="168" HEIGHT="30" WC="0.96" CONTENT="önskvärt"/><SP WIDTH="17" VPOS="2306" HPOS="680"/>
							<String ID="string_395" HPOS="697" VPOS="2306" WIDTH="79" HEIGHT="29" WC="0.96" CONTENT="med"/><SP WIDTH="19" VPOS="2306" HPOS="776"/>
							<String ID="string_396" HPOS="795" VPOS="2315" WIDTH="42" HEIGHT="20" WC="0.96" CONTENT="en"/><SP WIDTH="19" VPOS="2315" HPOS="837"/>
							<String ID="string_397" HPOS="856" VPOS="2306" WIDTH="130" HEIGHT="29" WC="0.96" CONTENT="allmän"/><SP WIDTH="18" VPOS="2306" HPOS="986"/>
							<String ID="string_398" HPOS="1004" VPOS="2306" WIDTH="148" HEIGHT="38" WC="0.96" CONTENT="översyn"/><SP WIDTH="18" VPOS="2306" HPOS="1152"/>
							<String ID="string_399" HPOS="1170" VPOS="2314" WIDTH="42" HEIGHT="20" WC="0.96" CONTENT="av"/><SP WIDTH="17" VPOS="2314" HPOS="1212"/>
							<String ID="string_400" HPOS="1229" VPOS="2305" WIDTH="42" HEIGHT="30" WC="0.96" CONTENT="de"/><SP WIDTH="17" VPOS="2305" HPOS="1271"/>
							<String ID="string_401" HPOS="1288" VPOS="2305" WIDTH="157" HEIGHT="39" WC="0.96" CONTENT="problem"/><SP WIDTH="19" VPOS="2305" HPOS="1445"/>
							<String ID="string_402" HPOS="1464" VPOS="2314" WIDTH="74" HEIGHT="21" WC="0.93" CONTENT="som"/><SP WIDTH="20" VPOS="2314" HPOS="1538"/>
							<String ID="string_403" HPOS="1558" VPOS="2314" WIDTH="90" HEIGHT="20" WC="0.92" CONTENT="sam-"/>
						</TextLine>
						<TextLine ID="line_38" HPOS="162" VPOS="2358" WIDTH="1485" HEIGHT="41">
							<String ID="string_404" HPOS="162" VPOS="2360" WIDTH="217" HEIGHT="39" WC="0.90" CONTENT="manhänger"/><SP WIDTH="16" VPOS="2360" HPOS="379"/>
							<String ID="string_405" HPOS="395" VPOS="2360" WIDTH="79" HEIGHT="29" WC="0.96" CONTENT="med"/><SP WIDTH="17" VPOS="2360" HPOS="474"/>
							<String ID="string_406" HPOS="491" VPOS="2359" WIDTH="243" HEIGHT="40" WC="0.95" CONTENT="arbetsmiljön"/><SP WIDTH="14" VPOS="2359" HPOS="734"/>
							<String ID="string_407" HPOS="748" VPOS="2360" WIDTH="12" HEIGHT="29" WC="0.96" CONTENT="i"/><SP WIDTH="16" VPOS="2360" HPOS="760"/>
							<String ID="string_408" HPOS="776" VPOS="2359" WIDTH="129" HEIGHT="39" WC="0.96" CONTENT="dagens"/><SP WIDTH="16" VPOS="2359" HPOS="905"/>
							<String ID="string_409" HPOS="921" VPOS="2359" WIDTH="108" HEIGHT="30" WC="0.95" CONTENT="skola."/><SP WIDTH="17" VPOS="2359" HPOS="1029"/>
							<String ID="string_410" HPOS="1046" VPOS="2359" WIDTH="103" HEIGHT="29" WC="0.95" CONTENT="Detta"/><SP WIDTH="16" VPOS="2359" HPOS="1149"/>
							<String ID="string_411" HPOS="1165" VPOS="2358" WIDTH="190" HEIGHT="35" WC="0.96" CONTENT="önskemål,"/><SP WIDTH="18" VPOS="2358" HPOS="1355"/>
							<String ID="string_412" HPOS="1373" VPOS="2368" WIDTH="75" HEIGHT="20" WC="0.96" CONTENT="som"/><SP WIDTH="15" VPOS="2368" HPOS="1448"/>
							<String ID="string_413" HPOS="1463" VPOS="2359" WIDTH="73" HEIGHT="29" WC="0.92" CONTENT="inte"/><SP WIDTH="14" VPOS="2359" HPOS="1536"/>
							<String ID="string_414" HPOS="1550" VPOS="2359" WIDTH="97" HEIGHT="29" WC="0.91" CONTENT="inne-"/>
						</TextLine>
					</TextBlock>
				</ComposedBlock>
			</PrintSpace>
		</Page>
	</Layout>
</alto>
