2224 2667
655 203 338 42 Bevillningsutskottets
1015 207 194 32 Betänkande
1231 207 65 33 N:o
1320 210 48 31 14.
1801 218 15 28 7

211 278 266 38 förhållanden
520 282 143 36 erhölle
706 283 120 37 ökade
863 283 191 39 förmåner
1088 286 58 37 för
1173 288 56 36 sin
1258 289 297 49 arbetsprodukt
1582 292 11 36 i
1623 295 84 34 mån
1736 307 81 24 som

211 331 342 47 egendomsvärdet
582 334 69 35 och
682 334 10 35 i
721 334 93 48 följd
844 336 109 36 häraf
978 337 313 50 förmögenheten
1320 341 187 38 tillväxte.

310 382 59 36 Af
393 383 71 36 den
495 384 84 36 utaf
604 386 238 36 motionären
871 386 213 51 föreslagna
1113 390 255 49 bevillningen
1397 393 121 36 skulle
1545 395 146 37 således
1712 400 19 33 5
1750 404 64 30 öre

211 438 138 43 utgöra
377 433 303 49 fastighetsskatt
709 437 70 36 och
810 441 18 33 5
859 445 63 30 öre
952 440 285 47 inkomstskatt;
1267 444 69 35 och
1358 457 89 22 vore
1468 446 346 50 sammanföringen

210 483 40 36 af
275 484 108 36 dessa
411 486 58 35 till
499 499 44 22 en
571 487 211 36 skattetitel
810 487 213 51 föreslagen
1053 491 84 36 med
1168 492 144 50 hänsyn
1341 494 59 36 till
1417 495 71 36 den
1506 496 144 37 lättnad
1668 499 62 35 vid
1752 499 64 36 de-

209 534 177 50 bitering,
420 537 176 48 uppbörd
626 538 69 36 och
725 539 256 51 redovisning,
1010 555 80 23 som
1119 542 40 37 af
1184 557 44 23 en
1257 545 115 36 sådan
1400 547 295 50 sammanföring
1723 563 90 24 vore

209 591 56 31 att
293 587 125 37 vinna.

308 688 398 50 Jordbruksfastighet
735 692 66 37 har
830 693 175 38 hitintills
1034 697 11 34 i
1064 695 106 50 fråga
1191 710 59 23 om
1272 697 470 54 bevillningsbeskattning
1759 703 53 37 in-

208 740 96 47 tagit
332 753 43 23 en
405 741 396 50 undantagsställning
821 745 19 51 i
867 744 236 39 förhållande
1132 748 59 36 till
1219 762 121 23 annan
1369 749 190 50 fastighet.
1612 752 38 37 Å
1674 754 136 47 jorden

206 791 112 47 lagda
346 792 272 46 grundskatter
651 795 69 35 och
750 796 116 35 andra
895 797 153 37 dermed
1074 799 217 49 jemförliga
1319 801 184 37 särskilda
1531 803 141 37 bördor
1701 805 110 37 hafva

206 842 322 48 nödvändiggjort
569 857 45 23 en
654 845 104 47 dylik
793 848 223 48 anordning.
1070 849 65 36 Ett
1165 852 214 47 antagande
1408 852 39 36 af
1470 866 49 23 nu
1549 850 261 58 föreliggande

205 891 142 49 förslag
390 907 61 23 om
489 894 205 49 aflyftande
723 897 39 36 af
787 897 108 37 dessa
922 900 145 36 skatter
1096 901 69 36 bör
1192 903 216 48 naturligen
1437 905 167 37 medföra
1635 912 54 30 ett
1717 920 93 35 upp-

207 943 167 37 hörande
417 945 39 36 af
494 946 121 37 denna
657 948 394 51 undantagsställning
1079 952 70 36 och
1180 966 44 22 en
1253 953 244 49 beskattning
1524 956 40 35 af
1584 957 226 47 jordbruks-

205 994 181 49 fastighet
427 995 96 37 efter
559 1010 140 24 samma
740 1000 135 47 grund,
904 1013 79 24 som
1012 1003 118 46 gäller
1156 1003 59 36 för
1243 1005 49 34 all
1320 1018 119 23 annan
1470 1006 191 49 fastighet.
1714 1008 95 37 Haär-

205 1044 168 38 förutom
390 1047 150 36 kräfver
560 1050 212 36 emellertid
789 1057 55 30 ett
859 1053 153 35 rättvist
1028 1053 415 50 beskattningssystem,
1460 1063 57 30 att
1534 1058 274 47 jordbrukaren

204 1096 135 36 liksom
370 1098 128 48 hvarje
527 1112 121 23 annan
675 1101 245 48 yrkesidkare
950 1104 173 48 erlägger
1153 1105 101 37 skatt
1282 1106 58 36 för
1367 1107 212 37 inkomsten
1608 1109 40 36 af
1668 1110 63 36 det
1750 1118 59 29 rö-

204 1148 254 49 relsekapital,
489 1150 71 36 han
589 1151 11 35 i
629 1151 55 36 sin
714 1153 133 48 näring
876 1155 201 43 använder,
1105 1156 136 36 liksom
1270 1158 70 36 ock
1369 1158 40 36 af
1433 1159 71 36 den
1534 1161 176 45 inkomst,
1727 1175 80 23 som

203 1197 167 47 framgår
398 1203 121 33 såsom
548 1202 169 48 produkt
745 1203 40 36 af
811 1204 90 36 hans
930 1211 85 42 eget
1044 1206 142 37 arbete.

304 1249 84 37 Men
409 1250 57 36 för
495 1252 72 35 den
596 1266 262 35 noggrannare
886 1256 160 48 afvägda
1075 1257 95 37 form
1200 1257 40 37 af
1263 1259 279 47 inkomstskatt,
1572 1275 78 23 som
1680 1271 41 28 är
1748 1264 59 36 för

203 1299 122 49 öfriga
358 1303 179 48 näringar
558 1304 157 48 stadgad
746 1306 69 36 och
845 1320 78 22 som
953 1311 111 45 utgår
1093 1309 96 36 efter
1218 1324 45 22 en
1293 1310 56 36 för
1378 1312 128 48 hvarje
1534 1314 179 37 särskildt
1740 1314 66 37 fall

203 1353 148 35 anstäld
370 1355 187 48 taxering,
577 1362 100 29 möta
703 1357 101 35 inom
827 1358 407 51 jordbruksnäringen,
1262 1363 179 36 särskildt
1469 1364 67 36 hos
1565 1365 83 36 dess
1668 1366 138 37 talrika

206 1403 145 36 mindre
381 1404 142 45 idkare,
553 1406 110 36 hardt
691 1415 91 28 nära
811 1407 322 52 oöfvervinneliga
1162 1412 144 36 hinder.
1343 1413 69 36 Att
1440 1427 64 23 ens
1528 1414 58 37 för
1602 1422 85 40 eget
1703 1417 102 36 hem-

202 1454 205 36 mansbruk
436 1456 203 37 verkställa
668 1471 44 22 en
741 1459 115 36 sådan
886 1462 274 49 uppskattning
1187 1463 39 35 af
1251 1464 174 45 inkomst,
1454 1466 109 36 torde
1593 1466 109 37 äfven
1720 1469 84 36 med

201 1504 107 36 bästa
349 1506 88 47 vilja
477 1506 58 36 för
576 1508 70 36 den
688 1510 146 35 mindre
861 1511 280 46 jordbrukaren
1175 1514 109 36 ställa
1324 1516 58 46 sig
1421 1518 240 47 synnerligen
1690 1523 113 33 svårt.

201 1554 80 37 Den
311 1556 228 50 afkastning,
569 1572 44 22 en
638 1560 391 50 jordbruksfastighet
1056 1564 154 44 lemnar,
1239 1565 73 36 blir
1340 1568 188 48 nemligen
1558 1569 9 35 i
1597 1570 208 37 allmänhet

201 1606 40 35 af
248 1606 281 46 jordbrukaren
546 1610 57 34 till
622 1611 31 46 ej
676 1611 195 48 obetydlig
891 1613 60 35 del
975 1615 235 36 omedelbart
1221 1617 147 35 använd
1384 1617 58 35 för
1454 1618 349 39 tillfredsställande

200 1656 40 35 af
275 1657 90 36 hans
406 1672 107 34 egna,
543 1660 92 36 hans
664 1661 136 48 familjs
829 1663 70 35 och
929 1664 162 47 tjenares
1121 1666 118 36 behof
1263 1672 90 31 utan
1382 1671 115 46 något
1524 1670 98 47 slags
1650 1672 152 35 anteck-

200 1707 91 49 ning
331 1722 60 22 om
439 1710 274 48 myckenheten
759 1713 40 35 af
836 1714 65 35 det
942 1716 174 36 använda
1167 1718 92 35 eller
1299 1721 123 45 någon
1466 1721 274 49 uppskattning
1767 1722 41 37 af

200 1758 65 36 det
305 1760 128 44 värde,
472 1762 151 35 hvartill
661 1763 45 35 de
747 1765 171 35 använda
946 1768 399 47 naturaprodukterna
1372 1769 40 36 af
1437 1770 256 48 hvarjehanda
1721 1774 81 47 slag

199 1810 205 47 rätteligen
446 1811 88 36 bort
562 1818 197 44 upptagas.
813 1814 74 37 Det
915 1817 109 35 torde
1053 1817 182 48 derjemte
1264 1819 100 48 ligga
1392 1821 11 34 i
1431 1821 133 36 sakens
1593 1828 124 39 natur,
1746 1831 56 30 att

198 1867 164 40 gränsen
404 1863 135 35 mellan
582 1864 96 36 hvad
720 1878 80 23 som
828 1867 200 47 rätteligen
1058 1868 70 36 bör
1156 1869 175 37 hänföras
1359 1872 58 35 till
1446 1873 270 37 omkostnader
1744 1874 57 37 för

194 1911 157 46 jordens
391 1912 97 36 bruk
530 1914 70 36 och
643 1915 98 36 hvad
782 1929 80 23 som
904 1919 189 36 användes
1121 1920 59 36 till
1203 1921 300 47 jordbrukarens
1532 1924 199 37 underhåll
1760 1933 41 29 är

198 1963 180 46 temligen
407 1964 209 37 obestämd.

299 2013 53 36 På
380 2016 123 46 grund
532 2016 110 37 häraf
667 2018 70 36 och
767 2018 46 36 då
842 2032 44 23 en
916 2019 57 37 för
1001 2021 129 48 hvarje
1159 2025 41 33 år
1224 2024 320 47 återkommande,
1560 2025 39 37 af
1611 2028 187 36 vexlande

198 2064 403 39 skördeförhållanden
643 2068 190 37 beroende
874 2071 275 49 uppskattning
1190 2074 84 36 utaf
1311 2075 286 48 ifrågavarande
1633 2079 167 37 inkomst

199 2119 118 32 måste
354 2129 108 24 anses
502 2117 154 37 förenad
699 2120 86 36 med
813 2123 218 46 synnerliga
1058 2124 269 37 omkostnader
1355 2127 70 35 och
1452 2128 255 48 olägenheter,
1736 2144 62 22 an-

198 2178 59 23 ser
285 2167 200 46 utskottet,
515 2169 9 35 i
554 2170 121 36 likhet
704 2171 84 36 med
817 2172 135 49 Kongl.
981 2173 115 48 Maj:t,
1113 2175 130 49 frågan
1273 2190 60 23 om
1363 2191 44 22 en
1436 2180 160 35 särskild
1617 2181 182 36 inkomst-

197 2216 243 50 beskattning
482 2218 40 37 af
548 2221 353 47 jordbruksrörelse
930 2224 81 36 icke
1040 2226 127 36 kunna
1194 2228 98 35 lösas
1322 2234 90 30 utan
1440 2243 136 34 genom
1604 2237 56 30 att
1687 2233 110 36 ställa

197 2267 148 37 skatten
375 2269 10 35 i
417 2275 54 30 ett
498 2271 70 36 fixt
601 2272 253 47 lagbestämdt
881 2274 236 38 förhållande
1144 2278 56 35 till
1215 2279 458 50 Jordbruksfastighetens
1693 2289 104 30 taxe-

196 2319 236 48 ringsvärde.
485 2321 232 50 Visserligen
755 2325 108 35 torde
905 2326 72 35 den
1012 2327 40 35 af
1081 2327 133 50 Kongl.
1244 2329 104 48 Maj:t
1376 2330 213 51 föreslagna
1616 2334 181 37 inkomst-
