<?xml version="1.0" encoding="UTF-8"?>
<alto xmlns="http://www.loc.gov/standards/alto/ns-v3#" xmlns:xlink="http://www.w3.org/1999/xlink" xmlns:xsi="http://www.w3.org/2001/XMLSchema-instance" xsi:schemaLocation="http://www.loc.gov/standards/alto/ns-v3# http://www.loc.gov/alto/v3/alto-3-0.xsd">
	<Description>
		<MeasurementUnit>pixel</MeasurementUnit>
		<sourceImageInformation>
			<fileName>/tmp/tess_xfqga8pe_input.PNG</fileName>
		</sourceImageInformation>
		<OCRProcessing ID="OCR_0">
			<ocrProcessingStep>
				<processingSoftware>
					<softwareName>tesseract 5.3.0</softwareName>
				</processingSoftware>
			</ocrProcessingStep>
		</OCRProcessing>
	</Description>
	<Layout>
		<Page WIDTH="2217" HEIGHT="2688" PHYSICAL_IMG_NR="0" ID="page_0">
			<PrintSpace HPOS="0" VPOS="0" WIDTH="2217" HEIGHT="2688">
				<ComposedBlock ID="cblock_0" HPOS="404" VPOS="239" WIDTH="1163" HEIGHT="44">
					<TextBlock ID="block_0" HPOS="404" VPOS="239" WIDTH="1163" HEIGHT="44">
						<TextLine ID="line_0" HPOS="404" VPOS="239" WIDTH="1163" HEIGHT="44">
							<String ID="string_0" HPOS="404" VPOS="246" WIDTH="37" HEIGHT="29" WC="0.95" CONTENT="10"/><SP WIDTH="407" VPOS="246" HPOS="441"/>
							<String ID="string_1" HPOS="848" VPOS="241" WIDTH="338" HEIGHT="42" WC="0.91" CONTENT="Bevillningsutskottets"/><SP WIDTH="24" VPOS="241" HPOS="1186"/>
							<String ID="string_2" HPOS="1210" VPOS="240" WIDTH="199" HEIGHT="32" WC="0.96" CONTENT="Betänkande"/><SP WIDTH="23" VPOS="240" HPOS="1409"/>
							<String ID="string_3" HPOS="1432" VPOS="239" WIDTH="64" HEIGHT="32" WC="0.93" CONTENT="N:o"/><SP WIDTH="23" VPOS="239" HPOS="1496"/>
							<String ID="string_4" HPOS="1519" VPOS="241" WIDTH="48" HEIGHT="30" WC="0.70" CONTENT="12."/>
						</TextLine>
					</TextBlock>
				</ComposedBlock>
				<ComposedBlock ID="cblock_1" HPOS="402" VPOS="320" WIDTH="1618" HEIGHT="1787">
					<TextBlock ID="block_1" HPOS="402" VPOS="320" WIDTH="1615" HEIGHT="206">
						<TextLine ID="line_1" HPOS="402" VPOS="320" WIDTH="1610" HEIGHT="50">
							<String ID="string_5" HPOS="402" VPOS="324" WIDTH="58" HEIGHT="36" WC="0.96" CONTENT="för"/><SP WIDTH="29" VPOS="324" HPOS="460"/>
							<String ID="string_6" HPOS="489" VPOS="337" WIDTH="44" HEIGHT="23" WC="0.96" CONTENT="en"/><SP WIDTH="30" VPOS="337" HPOS="533"/>
							<String ID="string_7" HPOS="563" VPOS="323" WIDTH="211" HEIGHT="47" WC="0.96" CONTENT="beräkning"/><SP WIDTH="29" VPOS="323" HPOS="774"/>
							<String ID="string_8" HPOS="803" VPOS="323" WIDTH="11" HEIGHT="34" WC="0.96" CONTENT="i"/><SP WIDTH="29" VPOS="323" HPOS="814"/>
							<String ID="string_9" HPOS="843" VPOS="323" WIDTH="106" HEIGHT="35" WC="0.96" CONTENT="detta"/><SP WIDTH="28" VPOS="323" HPOS="949"/>
							<String ID="string_10" HPOS="977" VPOS="322" WIDTH="228" HEIGHT="43" WC="0.96" CONTENT="hänseende,"/><SP WIDTH="29" VPOS="322" HPOS="1205"/>
							<String ID="string_11" HPOS="1234" VPOS="324" WIDTH="39" HEIGHT="32" WC="0.96" CONTENT="så"/><SP WIDTH="28" VPOS="324" HPOS="1273"/>
							<String ID="string_12" HPOS="1301" VPOS="321" WIDTH="94" HEIGHT="35" WC="0.96" CONTENT="skall"/><SP WIDTH="29" VPOS="321" HPOS="1395"/>
							<String ID="string_13" HPOS="1424" VPOS="320" WIDTH="72" HEIGHT="36" WC="0.92" CONTENT="den"/><SP WIDTH="29" VPOS="320" HPOS="1496"/>
							<String ID="string_14" HPOS="1525" VPOS="320" WIDTH="390" HEIGHT="47" WC="0.90" CONTENT="inkomstbevillning,"/><SP WIDTH="16" VPOS="320" HPOS="1915"/>
							<String ID="string_15" HPOS="1931" VPOS="332" WIDTH="81" HEIGHT="23" WC="0.95" CONTENT="som"/>
						</TextLine>
						<TextLine ID="line_2" HPOS="403" VPOS="372" WIDTH="1608" HEIGHT="51">
							<String ID="string_16" HPOS="403" VPOS="376" WIDTH="120" HEIGHT="47" WC="0.96" CONTENT="enligt"/><SP WIDTH="28" VPOS="376" HPOS="523"/>
							<String ID="string_17" HPOS="551" VPOS="375" WIDTH="137" HEIGHT="48" WC="0.77" CONTENT="Kongl."/><SP WIDTH="30" VPOS="375" HPOS="688"/>
							<String ID="string_18" HPOS="718" VPOS="374" WIDTH="124" HEIGHT="47" WC="0.95" CONTENT="Maj:ts"/><SP WIDTH="29" VPOS="374" HPOS="842"/>
							<String ID="string_19" HPOS="871" VPOS="373" WIDTH="141" HEIGHT="48" WC="0.96" CONTENT="förslag"/><SP WIDTH="20" VPOS="373" HPOS="1012"/>
							<String ID="string_20" HPOS="1032" VPOS="373" WIDTH="68" HEIGHT="36" WC="0.96" CONTENT="bör"/><SP WIDTH="20" VPOS="373" HPOS="1100"/>
							<String ID="string_21" HPOS="1120" VPOS="372" WIDTH="39" HEIGHT="36" WC="0.90" CONTENT="af"/><SP WIDTH="12" VPOS="372" HPOS="1159"/>
							<String ID="string_22" HPOS="1171" VPOS="372" WIDTH="396" HEIGHT="48" WC="0.90" CONTENT="jordbruksnäringen"/><SP WIDTH="20" VPOS="372" HPOS="1567"/>
							<String ID="string_23" HPOS="1587" VPOS="374" WIDTH="124" HEIGHT="34" WC="0.96" CONTENT="såsom"/><SP WIDTH="18" VPOS="374" HPOS="1711"/>
							<String ID="string_24" HPOS="1729" VPOS="372" WIDTH="94" HEIGHT="47" WC="0.96" CONTENT="yrke"/><SP WIDTH="21" VPOS="372" HPOS="1823"/>
							<String ID="string_25" HPOS="1844" VPOS="377" WIDTH="167" HEIGHT="40" WC="0.96" CONTENT="utgöras,"/>
						</TextLine>
						<TextLine ID="line_3" HPOS="404" VPOS="421" WIDTH="1613" HEIGHT="54">
							<String ID="string_26" HPOS="404" VPOS="428" WIDTH="31" HEIGHT="46" WC="0.96" CONTENT="ej"/><SP WIDTH="32" VPOS="428" HPOS="435"/>
							<String ID="string_27" HPOS="467" VPOS="430" WIDTH="128" HEIGHT="45" WC="0.96" CONTENT="uppgå"/><SP WIDTH="28" VPOS="430" HPOS="595"/>
							<String ID="string_28" HPOS="623" VPOS="427" WIDTH="59" HEIGHT="36" WC="0.96" CONTENT="till"/><SP WIDTH="29" VPOS="427" HPOS="682"/>
							<String ID="string_29" HPOS="711" VPOS="439" WIDTH="80" HEIGHT="23" WC="0.96" CONTENT="mer"/><SP WIDTH="30" VPOS="439" HPOS="791"/>
							<String ID="string_30" HPOS="821" VPOS="433" WIDTH="45" HEIGHT="28" WC="0.92" CONTENT="än"/><SP WIDTH="31" VPOS="433" HPOS="866"/>
							<String ID="string_31" HPOS="897" VPOS="427" WIDTH="159" HEIGHT="43" WC="0.91" CONTENT="220,000"/><SP WIDTH="26" VPOS="427" HPOS="1056"/>
							<String ID="string_32" HPOS="1082" VPOS="425" WIDTH="152" HEIGHT="43" WC="0.96" CONTENT="kronor,"/><SP WIDTH="17" VPOS="425" HPOS="1234"/>
							<String ID="string_33" HPOS="1251" VPOS="425" WIDTH="120" HEIGHT="35" WC="0.96" CONTENT="under"/><SP WIDTH="12" VPOS="425" HPOS="1371"/>
							<String ID="string_34" HPOS="1383" VPOS="424" WIDTH="64" HEIGHT="35" WC="0.96" CONTENT="det"/><SP WIDTH="15" VPOS="424" HPOS="1447"/>
							<String ID="string_35" HPOS="1462" VPOS="430" WIDTH="56" HEIGHT="30" WC="0.92" CONTENT="att"/><SP WIDTH="16" VPOS="430" HPOS="1518"/>
							<String ID="string_36" HPOS="1534" VPOS="423" WIDTH="426" HEIGHT="47" WC="0.88" CONTENT="inkomstbevillningen"/><SP WIDTH="17" VPOS="423" HPOS="1960"/>
							<String ID="string_37" HPOS="1977" VPOS="421" WIDTH="40" HEIGHT="37" WC="0.96" CONTENT="af"/>
						</TextLine>
						<TextLine ID="line_4" HPOS="404" VPOS="475" WIDTH="1331" HEIGHT="51">
							<String ID="string_38" HPOS="404" VPOS="479" WIDTH="72" HEIGHT="36" WC="0.96" CONTENT="alla"/><SP WIDTH="29" VPOS="479" HPOS="476"/>
							<String ID="string_39" HPOS="505" VPOS="478" WIDTH="122" HEIGHT="48" WC="0.96" CONTENT="öfriga"/><SP WIDTH="28" VPOS="478" HPOS="627"/>
							<String ID="string_40" HPOS="655" VPOS="478" WIDTH="167" HEIGHT="36" WC="0.96" CONTENT="rörelser"/><SP WIDTH="28" VPOS="478" HPOS="822"/>
							<String ID="string_41" HPOS="850" VPOS="478" WIDTH="71" HEIGHT="35" WC="0.96" CONTENT="och"/><SP WIDTH="28" VPOS="478" HPOS="921"/>
							<String ID="string_42" HPOS="949" VPOS="477" WIDTH="120" HEIGHT="48" WC="0.96" CONTENT="yrken"/><SP WIDTH="32" VPOS="477" HPOS="1069"/>
							<String ID="string_43" HPOS="1101" VPOS="479" WIDTH="110" HEIGHT="45" WC="0.96" CONTENT="utgår"/><SP WIDTH="29" VPOS="479" HPOS="1211"/>
							<String ID="string_44" HPOS="1240" VPOS="476" WIDTH="86" HEIGHT="35" WC="0.92" CONTENT="med"/><SP WIDTH="30" VPOS="476" HPOS="1326"/>
							<String ID="string_45" HPOS="1356" VPOS="477" WIDTH="197" HEIGHT="45" WC="0.90" CONTENT="2,252,000"/><SP WIDTH="29" VPOS="477" HPOS="1553"/>
							<String ID="string_46" HPOS="1582" VPOS="475" WIDTH="153" HEIGHT="35" WC="0.96" CONTENT="kronor."/>
						</TextLine>
					</TextBlock>
					<TextBlock ID="block_2" HPOS="403" VPOS="525" WIDTH="1613" HEIGHT="410">
						<TextLine ID="line_5" HPOS="503" VPOS="525" WIDTH="1509" HEIGHT="48">
							<String ID="string_47" HPOS="503" VPOS="530" WIDTH="204" HEIGHT="36" WC="0.96" CONTENT="Dessutom"/><SP WIDTH="28" VPOS="530" HPOS="707"/>
							<String ID="string_48" HPOS="735" VPOS="529" WIDTH="110" HEIGHT="36" WC="0.96" CONTENT="torde"/><SP WIDTH="28" VPOS="529" HPOS="845"/>
							<String ID="string_49" HPOS="873" VPOS="541" WIDTH="156" HEIGHT="23" WC="0.96" CONTENT="numera"/><SP WIDTH="29" VPOS="541" HPOS="1029"/>
							<String ID="string_50" HPOS="1058" VPOS="528" WIDTH="128" HEIGHT="35" WC="0.96" CONTENT="kunna"/><SP WIDTH="27" VPOS="528" HPOS="1186"/>
							<String ID="string_51" HPOS="1213" VPOS="526" WIDTH="37" HEIGHT="37" WC="0.96" CONTENT="få"/><SP WIDTH="28" VPOS="526" HPOS="1250"/>
							<String ID="string_52" HPOS="1278" VPOS="527" WIDTH="193" HEIGHT="35" WC="0.96" CONTENT="betraktas"/><SP WIDTH="28" VPOS="527" HPOS="1471"/>
							<String ID="string_53" HPOS="1499" VPOS="539" WIDTH="79" HEIGHT="23" WC="0.92" CONTENT="som"/><SP WIDTH="24" VPOS="539" HPOS="1578"/>
							<String ID="string_54" HPOS="1602" VPOS="538" WIDTH="51" HEIGHT="23" WC="0.88" CONTENT="&#39;en"/><SP WIDTH="26" VPOS="538" HPOS="1653"/>
							<String ID="string_55" HPOS="1679" VPOS="525" WIDTH="141" HEIGHT="37" WC="0.96" CONTENT="erkänd"/><SP WIDTH="21" VPOS="525" HPOS="1820"/>
							<String ID="string_56" HPOS="1841" VPOS="525" WIDTH="171" HEIGHT="48" WC="0.96" CONTENT="sanning,"/>
						</TextLine>
						<TextLine ID="line_6" HPOS="403" VPOS="577" WIDTH="1612" HEIGHT="52">
							<String ID="string_57" HPOS="403" VPOS="588" WIDTH="56" HEIGHT="30" WC="0.93" CONTENT="att"/><SP WIDTH="28" VPOS="588" HPOS="459"/>
							<String ID="string_58" HPOS="487" VPOS="581" WIDTH="329" HEIGHT="48" WC="0.89" CONTENT="skattebeloppets"/><SP WIDTH="29" VPOS="581" HPOS="816"/>
							<String ID="string_59" HPOS="845" VPOS="580" WIDTH="189" HEIGHT="48" WC="0.95" CONTENT="utgående"/><SP WIDTH="29" VPOS="580" HPOS="1034"/>
							<String ID="string_60" HPOS="1063" VPOS="580" WIDTH="11" HEIGHT="35" WC="0.96" CONTENT="i"/><SP WIDTH="30" VPOS="580" HPOS="1074"/>
							<String ID="string_61" HPOS="1104" VPOS="593" WIDTH="46" HEIGHT="22" WC="0.96" CONTENT="en"/><SP WIDTH="20" VPOS="593" HPOS="1150"/>
							<String ID="string_62" HPOS="1170" VPOS="578" WIDTH="212" HEIGHT="37" WC="0.96" CONTENT="aritmetisk"/><SP WIDTH="22" VPOS="578" HPOS="1382"/>
							<String ID="string_63" HPOS="1404" VPOS="578" WIDTH="223" HEIGHT="48" WC="0.95" CONTENT="proportion"/><SP WIDTH="22" VPOS="578" HPOS="1627"/>
							<String ID="string_64" HPOS="1649" VPOS="578" WIDTH="58" HEIGHT="35" WC="0.96" CONTENT="till"/><SP WIDTH="21" VPOS="578" HPOS="1707"/>
							<String ID="string_65" HPOS="1728" VPOS="577" WIDTH="120" HEIGHT="37" WC="0.93" CONTENT="ökade"/><SP WIDTH="22" VPOS="577" HPOS="1848"/>
							<String ID="string_66" HPOS="1870" VPOS="577" WIDTH="145" HEIGHT="36" WC="0.91" CONTENT="inkom-"/>
						</TextLine>
						<TextLine ID="line_7" HPOS="403" VPOS="629" WIDTH="1612" HEIGHT="51">
							<String ID="string_67" HPOS="403" VPOS="639" WIDTH="78" HEIGHT="31" WC="0.91" CONTENT="ster"/><SP WIDTH="37" VPOS="639" HPOS="481"/>
							<String ID="string_68" HPOS="518" VPOS="633" WIDTH="82" HEIGHT="36" WC="0.95" CONTENT="icke"/><SP WIDTH="38" VPOS="633" HPOS="600"/>
							<String ID="string_69" HPOS="638" VPOS="633" WIDTH="147" HEIGHT="35" WC="0.96" CONTENT="medför"/><SP WIDTH="34" VPOS="633" HPOS="785"/>
							<String ID="string_70" HPOS="819" VPOS="632" WIDTH="71" HEIGHT="35" WC="0.96" CONTENT="den"/><SP WIDTH="30" VPOS="632" HPOS="890"/>
							<String ID="string_71" HPOS="920" VPOS="631" WIDTH="170" HEIGHT="49" WC="0.96" CONTENT="åsyftade"/><SP WIDTH="28" VPOS="631" HPOS="1090"/>
							<String ID="string_72" HPOS="1118" VPOS="630" WIDTH="154" HEIGHT="45" WC="0.96" CONTENT="verkan,"/><SP WIDTH="28" VPOS="630" HPOS="1272"/>
							<String ID="string_73" HPOS="1300" VPOS="636" WIDTH="56" HEIGHT="30" WC="0.93" CONTENT="att"/><SP WIDTH="28" VPOS="636" HPOS="1356"/>
							<String ID="string_74" HPOS="1384" VPOS="629" WIDTH="318" HEIGHT="36" WC="0.92" CONTENT="skattebördorna"/><SP WIDTH="28" VPOS="629" HPOS="1702"/>
							<String ID="string_75" HPOS="1730" VPOS="629" WIDTH="105" HEIGHT="35" WC="0.96" CONTENT="skola"/><SP WIDTH="28" VPOS="629" HPOS="1835"/>
							<String ID="string_76" HPOS="1863" VPOS="629" WIDTH="152" HEIGHT="34" WC="0.95" CONTENT="komma"/>
						</TextLine>
						<TextLine ID="line_8" HPOS="405" VPOS="679" WIDTH="1609" HEIGHT="52">
							<String ID="string_77" HPOS="405" VPOS="692" WIDTH="55" HEIGHT="29" WC="0.96" CONTENT="att"/><SP WIDTH="41" VPOS="692" HPOS="460"/>
							<String ID="string_78" HPOS="501" VPOS="686" WIDTH="11" HEIGHT="34" WC="0.96" CONTENT="i"/><SP WIDTH="42" VPOS="686" HPOS="512"/>
							<String ID="string_79" HPOS="554" VPOS="685" WIDTH="148" HEIGHT="46" WC="0.96" CONTENT="verklig"/><SP WIDTH="38" VPOS="685" HPOS="702"/>
							<String ID="string_80" HPOS="740" VPOS="684" WIDTH="154" HEIGHT="46" WC="0.96" CONTENT="mening"/><SP WIDTH="35" VPOS="684" HPOS="894"/>
							<String ID="string_81" HPOS="929" VPOS="683" WIDTH="134" HEIGHT="47" WC="0.96" CONTENT="trycka"/><SP WIDTH="37" VPOS="683" HPOS="1063"/>
							<String ID="string_82" HPOS="1100" VPOS="682" WIDTH="73" HEIGHT="35" WC="0.95" CONTENT="alla"/><SP WIDTH="27" VPOS="682" HPOS="1173"/>
							<String ID="string_83" HPOS="1200" VPOS="683" WIDTH="89" HEIGHT="42" WC="0.95" CONTENT="lika,"/><SP WIDTH="30" VPOS="683" HPOS="1289"/>
							<String ID="string_84" HPOS="1319" VPOS="687" WIDTH="91" HEIGHT="30" WC="0.96" CONTENT="utan"/><SP WIDTH="29" VPOS="687" HPOS="1410"/>
							<String ID="string_85" HPOS="1439" VPOS="687" WIDTH="56" HEIGHT="29" WC="0.96" CONTENT="att"/><SP WIDTH="27" VPOS="687" HPOS="1495"/>
							<String ID="string_86" HPOS="1522" VPOS="680" WIDTH="59" HEIGHT="36" WC="0.93" CONTENT="för"/><SP WIDTH="27" VPOS="680" HPOS="1581"/>
							<String ID="string_87" HPOS="1608" VPOS="681" WIDTH="208" HEIGHT="35" WC="0.91" CONTENT="vinnandet"/><SP WIDTH="27" VPOS="681" HPOS="1816"/>
							<String ID="string_88" HPOS="1843" VPOS="679" WIDTH="41" HEIGHT="36" WC="0.96" CONTENT="af"/><SP WIDTH="24" VPOS="679" HPOS="1884"/>
							<String ID="string_89" HPOS="1908" VPOS="680" WIDTH="106" HEIGHT="35" WC="0.96" CONTENT="detta"/>
						</TextLine>
						<TextLine ID="line_9" HPOS="403" VPOS="731" WIDTH="1612" HEIGHT="50">
							<String ID="string_90" HPOS="403" VPOS="737" WIDTH="73" HEIGHT="33" WC="0.91" CONTENT="mål"/><SP WIDTH="30" VPOS="737" HPOS="476"/>
							<String ID="string_91" HPOS="506" VPOS="735" WIDTH="310" HEIGHT="46" WC="0.91" CONTENT="skattebeloppet"/><SP WIDTH="27" VPOS="735" HPOS="816"/>
							<String ID="string_92" HPOS="843" VPOS="734" WIDTH="69" HEIGHT="34" WC="0.96" CONTENT="bör"/><SP WIDTH="28" VPOS="734" HPOS="912"/>
							<String ID="string_93" HPOS="940" VPOS="737" WIDTH="93" HEIGHT="43" WC="0.96" CONTENT="utgå"/><SP WIDTH="30" VPOS="737" HPOS="1033"/>
							<String ID="string_94" HPOS="1063" VPOS="734" WIDTH="10" HEIGHT="33" WC="0.96" CONTENT="i"/><SP WIDTH="30" VPOS="734" HPOS="1073"/>
							<String ID="string_95" HPOS="1103" VPOS="746" WIDTH="45" HEIGHT="21" WC="0.96" CONTENT="en"/><SP WIDTH="29" VPOS="746" HPOS="1148"/>
							<String ID="string_96" HPOS="1177" VPOS="732" WIDTH="172" HEIGHT="46" WC="0.96" CONTENT="stigande"/><SP WIDTH="30" VPOS="732" HPOS="1349"/>
							<String ID="string_97" HPOS="1379" VPOS="732" WIDTH="225" HEIGHT="46" WC="0.96" CONTENT="proportion"/><SP WIDTH="28" VPOS="732" HPOS="1604"/>
							<String ID="string_98" HPOS="1632" VPOS="732" WIDTH="59" HEIGHT="34" WC="0.96" CONTENT="till"/><SP WIDTH="28" VPOS="732" HPOS="1691"/>
							<String ID="string_99" HPOS="1719" VPOS="731" WIDTH="73" HEIGHT="35" WC="0.96" CONTENT="den"/><SP WIDTH="29" VPOS="731" HPOS="1792"/>
							<String ID="string_100" HPOS="1821" VPOS="731" WIDTH="120" HEIGHT="34" WC="0.88" CONTENT="ökade"/><SP WIDTH="20" VPOS="731" HPOS="1941"/>
							<String ID="string_101" HPOS="1961" VPOS="731" WIDTH="54" HEIGHT="33" WC="0.88" CONTENT="in-"/>
						</TextLine>
						<TextLine ID="line_10" HPOS="403" VPOS="780" WIDTH="1613" HEIGHT="52">
							<String ID="string_102" HPOS="403" VPOS="786" WIDTH="186" HEIGHT="36" WC="0.86" CONTENT="komsten."/><SP WIDTH="55" VPOS="786" HPOS="589"/>
							<String ID="string_103" HPOS="644" VPOS="784" WIDTH="88" HEIGHT="37" WC="0.96" CONTENT="Icke"/><SP WIDTH="29" VPOS="784" HPOS="732"/>
							<String ID="string_104" HPOS="761" VPOS="784" WIDTH="120" HEIGHT="36" WC="0.95" CONTENT="heller"/><SP WIDTH="29" VPOS="784" HPOS="881"/>
							<String ID="string_105" HPOS="910" VPOS="787" WIDTH="47" HEIGHT="45" WC="0.96" CONTENT="på"/><SP WIDTH="29" VPOS="787" HPOS="957"/>
							<String ID="string_106" HPOS="986" VPOS="784" WIDTH="123" HEIGHT="36" WC="0.93" CONTENT="denna"/><SP WIDTH="28" VPOS="784" HPOS="1109"/>
							<String ID="string_107" HPOS="1137" VPOS="783" WIDTH="145" HEIGHT="48" WC="0.93" CONTENT="vigtiga"/><SP WIDTH="28" VPOS="783" HPOS="1282"/>
							<String ID="string_108" HPOS="1310" VPOS="782" WIDTH="161" HEIGHT="48" WC="0.96" CONTENT="princip,"/><SP WIDTH="30" VPOS="782" HPOS="1471"/>
							<String ID="string_109" HPOS="1501" VPOS="794" WIDTH="80" HEIGHT="23" WC="0.91" CONTENT="som"/><SP WIDTH="28" VPOS="794" HPOS="1581"/>
							<String ID="string_110" HPOS="1609" VPOS="780" WIDTH="292" HEIGHT="48" WC="0.91" CONTENT="mångenstädes"/><SP WIDTH="25" VPOS="780" HPOS="1901"/>
							<String ID="string_111" HPOS="1926" VPOS="781" WIDTH="11" HEIGHT="35" WC="0.93" CONTENT="i"/><SP WIDTH="20" VPOS="781" HPOS="1937"/>
							<String ID="string_112" HPOS="1957" VPOS="786" WIDTH="59" HEIGHT="30" WC="0.92" CONTENT="ut-"/>
						</TextLine>
						<TextLine ID="line_11" HPOS="403" VPOS="831" WIDTH="1613" HEIGHT="53">
							<String ID="string_113" HPOS="403" VPOS="837" WIDTH="129" HEIGHT="36" WC="0.96" CONTENT="landet"/><SP WIDTH="49" VPOS="837" HPOS="532"/>
							<String ID="string_114" HPOS="581" VPOS="837" WIDTH="117" HEIGHT="35" WC="0.96" CONTENT="redan"/><SP WIDTH="42" VPOS="837" HPOS="698"/>
							<String ID="string_115" HPOS="740" VPOS="837" WIDTH="111" HEIGHT="47" WC="0.95" CONTENT="länge"/><SP WIDTH="45" VPOS="837" HPOS="851"/>
							<String ID="string_116" HPOS="896" VPOS="836" WIDTH="99" HEIGHT="35" WC="0.95" CONTENT="varit"/><SP WIDTH="44" VPOS="836" HPOS="995"/>
							<String ID="string_117" HPOS="1039" VPOS="834" WIDTH="238" HEIGHT="49" WC="0.96" CONTENT="genomförd,"/><SP WIDTH="47" VPOS="834" HPOS="1277"/>
							<String ID="string_118" HPOS="1324" VPOS="834" WIDTH="67" HEIGHT="35" WC="0.96" CONTENT="har"/><SP WIDTH="40" VPOS="834" HPOS="1391"/>
							<String ID="string_119" HPOS="1431" VPOS="833" WIDTH="136" HEIGHT="47" WC="0.95" CONTENT="Kongl."/><SP WIDTH="42" VPOS="833" HPOS="1567"/>
							<String ID="string_120" HPOS="1609" VPOS="832" WIDTH="104" HEIGHT="48" WC="0.81" CONTENT="Maj:t"/><SP WIDTH="28" VPOS="832" HPOS="1713"/>
							<String ID="string_121" HPOS="1741" VPOS="833" WIDTH="11" HEIGHT="35" WC="0.96" CONTENT="i"/><SP WIDTH="28" VPOS="833" HPOS="1752"/>
							<String ID="string_122" HPOS="1780" VPOS="833" WIDTH="67" HEIGHT="35" WC="0.96" CONTENT="sitt"/><SP WIDTH="27" VPOS="833" HPOS="1847"/>
							<String ID="string_123" HPOS="1874" VPOS="831" WIDTH="142" HEIGHT="48" WC="0.96" CONTENT="förslag"/>
						</TextLine>
						<TextLine ID="line_12" HPOS="403" VPOS="887" WIDTH="631" HEIGHT="48">
							<String ID="string_124" HPOS="403" VPOS="888" WIDTH="75" HEIGHT="36" WC="0.96" CONTENT="fäst"/><SP WIDTH="27" VPOS="888" HPOS="478"/>
							<String ID="string_125" HPOS="505" VPOS="891" WIDTH="117" HEIGHT="44" WC="0.96" CONTENT="något"/><SP WIDTH="28" VPOS="891" HPOS="622"/>
							<String ID="string_126" HPOS="650" VPOS="887" WIDTH="187" HEIGHT="36" WC="0.95" CONTENT="afseende."/><SP WIDTH="195" VPOS="887" HPOS="837"/>
							<String ID="string_127" HPOS="1032" VPOS="894" WIDTH="2" HEIGHT="2" WC="0.49" CONTENT="|"/>
						</TextLine>
					</TextBlock>
					<TextBlock ID="block_3" HPOS="404" VPOS="933" WIDTH="1616" HEIGHT="400">
						<TextLine ID="line_13" HPOS="504" VPOS="933" WIDTH="1512" HEIGHT="49">
							<String ID="string_128" HPOS="504" VPOS="938" WIDTH="85" HEIGHT="36" WC="0.96" CONTENT="Med"/><SP WIDTH="43" VPOS="938" HPOS="589"/>
							<String ID="string_129" HPOS="632" VPOS="938" WIDTH="177" HEIGHT="36" WC="0.93" CONTENT="afseende"/><SP WIDTH="42" VPOS="938" HPOS="809"/>
							<String ID="string_130" HPOS="851" VPOS="941" WIDTH="20" HEIGHT="32" WC="0.90" CONTENT="å"/><SP WIDTH="42" VPOS="941" HPOS="871"/>
							<String ID="string_131" HPOS="913" VPOS="938" WIDTH="65" HEIGHT="35" WC="0.96" CONTENT="det"/><SP WIDTH="37" VPOS="938" HPOS="978"/>
							<String ID="string_132" HPOS="1015" VPOS="936" WIDTH="117" HEIGHT="36" WC="0.92" CONTENT="andra"/><SP WIDTH="27" VPOS="936" HPOS="1132"/>
							<String ID="string_133" HPOS="1159" VPOS="936" WIDTH="165" HEIGHT="35" WC="0.92" CONTENT="vilkoret"/><SP WIDTH="27" VPOS="936" HPOS="1324"/>
							<String ID="string_134" HPOS="1351" VPOS="935" WIDTH="59" HEIGHT="36" WC="0.96" CONTENT="för"/><SP WIDTH="29" VPOS="935" HPOS="1410"/>
							<String ID="string_135" HPOS="1439" VPOS="941" WIDTH="55" HEIGHT="30" WC="0.93" CONTENT="ett"/><SP WIDTH="27" VPOS="941" HPOS="1494"/>
							<String ID="string_136" HPOS="1521" VPOS="935" WIDTH="287" HEIGHT="47" WC="0.91" CONTENT="skattesystems"/><SP WIDTH="28" VPOS="935" HPOS="1808"/>
							<String ID="string_137" HPOS="1836" VPOS="933" WIDTH="180" HEIGHT="37" WC="0.91" CONTENT="tillfreds-"/>
						</TextLine>
						<TextLine ID="line_14" HPOS="404" VPOS="986" WIDTH="1612" HEIGHT="47">
							<String ID="string_138" HPOS="404" VPOS="990" WIDTH="187" HEIGHT="36" WC="0.96" CONTENT="ställande"/><SP WIDTH="29" VPOS="990" HPOS="591"/>
							<String ID="string_139" HPOS="620" VPOS="988" WIDTH="274" HEIGHT="43" WC="0.96" CONTENT="beskaffenhet,"/><SP WIDTH="30" VPOS="988" HPOS="894"/>
							<String ID="string_140" HPOS="924" VPOS="988" WIDTH="92" HEIGHT="36" WC="0.96" CONTENT="eller"/><SP WIDTH="29" VPOS="988" HPOS="1016"/>
							<String ID="string_141" HPOS="1045" VPOS="988" WIDTH="123" HEIGHT="35" WC="0.96" CONTENT="dettas"/><SP WIDTH="28" VPOS="988" HPOS="1168"/>
							<String ID="string_142" HPOS="1196" VPOS="987" WIDTH="171" HEIGHT="46" WC="0.96" CONTENT="förmåga"/><SP WIDTH="29" VPOS="987" HPOS="1367"/>
							<String ID="string_143" HPOS="1396" VPOS="992" WIDTH="56" HEIGHT="30" WC="0.95" CONTENT="att"/><SP WIDTH="15" VPOS="992" HPOS="1452"/>
							<String ID="string_144" HPOS="1467" VPOS="986" WIDTH="140" HEIGHT="35" WC="0.92" CONTENT="bereda"/><SP WIDTH="20" VPOS="986" HPOS="1607"/>
							<String ID="string_145" HPOS="1627" VPOS="986" WIDTH="228" HEIGHT="35" WC="0.89" CONTENT="statsverket"/><SP WIDTH="15" VPOS="986" HPOS="1855"/>
							<String ID="string_146" HPOS="1870" VPOS="986" WIDTH="146" HEIGHT="35" WC="0.89" CONTENT="inkom-"/>
						</TextLine>
						<TextLine ID="line_15" HPOS="405" VPOS="1037" WIDTH="1610" HEIGHT="52">
							<String ID="string_147" HPOS="405" VPOS="1047" WIDTH="89" HEIGHT="38" WC="0.92" CONTENT="ster,"/><SP WIDTH="37" VPOS="1047" HPOS="494"/>
							<String ID="string_148" HPOS="531" VPOS="1044" WIDTH="40" HEIGHT="33" WC="0.96" CONTENT="så"/><SP WIDTH="28" VPOS="1044" HPOS="571"/>
							<String ID="string_149" HPOS="599" VPOS="1054" WIDTH="111" HEIGHT="35" WC="0.96" CONTENT="synes"/><SP WIDTH="29" VPOS="1054" HPOS="710"/>
							<String ID="string_150" HPOS="739" VPOS="1041" WIDTH="77" HEIGHT="47" WC="0.96" CONTENT="mig"/><SP WIDTH="28" VPOS="1041" HPOS="816"/>
							<String ID="string_151" HPOS="844" VPOS="1040" WIDTH="64" HEIGHT="35" WC="0.96" CONTENT="det"/><SP WIDTH="27" VPOS="1040" HPOS="908"/>
							<String ID="string_152" HPOS="935" VPOS="1039" WIDTH="216" HEIGHT="47" WC="0.96" CONTENT="föreslagna"/><SP WIDTH="27" VPOS="1039" HPOS="1151"/>
							<String ID="string_153" HPOS="1178" VPOS="1043" WIDTH="116" HEIGHT="31" WC="0.96" CONTENT="sättet"/><SP WIDTH="27" VPOS="1043" HPOS="1294"/>
							<String ID="string_154" HPOS="1321" VPOS="1037" WIDTH="59" HEIGHT="36" WC="0.93" CONTENT="för"/><SP WIDTH="28" VPOS="1037" HPOS="1380"/>
							<String ID="string_155" HPOS="1408" VPOS="1038" WIDTH="278" HEIGHT="47" WC="0.91" CONTENT="bevillningens"/><SP WIDTH="28" VPOS="1038" HPOS="1686"/>
							<String ID="string_156" HPOS="1714" VPOS="1037" WIDTH="190" HEIGHT="47" WC="0.96" CONTENT="utgående"/><SP WIDTH="29" VPOS="1037" HPOS="1904"/>
							<String ID="string_157" HPOS="1933" VPOS="1037" WIDTH="82" HEIGHT="35" WC="0.96" CONTENT="icke"/>
						</TextLine>
						<TextLine ID="line_16" HPOS="405" VPOS="1088" WIDTH="1611" HEIGHT="51">
							<String ID="string_158" HPOS="405" VPOS="1100" WIDTH="191" HEIGHT="29" WC="0.95" CONTENT="motsvara"/><SP WIDTH="37" VPOS="1100" HPOS="596"/>
							<String ID="string_159" HPOS="633" VPOS="1105" WIDTH="65" HEIGHT="23" WC="0.95" CONTENT="ens"/><SP WIDTH="38" VPOS="1105" HPOS="698"/>
							<String ID="string_160" HPOS="736" VPOS="1092" WIDTH="131" HEIGHT="46" WC="0.96" CONTENT="billiga"/><SP WIDTH="28" VPOS="1092" HPOS="867"/>
							<String ID="string_161" HPOS="895" VPOS="1090" WIDTH="228" HEIGHT="49" WC="0.95" CONTENT="fordringar."/><SP WIDTH="55" VPOS="1090" HPOS="1123"/>
							<String ID="string_162" HPOS="1178" VPOS="1089" WIDTH="81" HEIGHT="36" WC="0.95" CONTENT="Den"/><SP WIDTH="29" VPOS="1089" HPOS="1259"/>
							<String ID="string_163" HPOS="1288" VPOS="1093" WIDTH="48" HEIGHT="44" WC="0.95" CONTENT="på"/><SP WIDTH="28" VPOS="1093" HPOS="1336"/>
							<String ID="string_164" HPOS="1364" VPOS="1089" WIDTH="106" HEIGHT="36" WC="0.96" CONTENT="detta"/><SP WIDTH="27" VPOS="1089" HPOS="1470"/>
							<String ID="string_165" HPOS="1497" VPOS="1094" WIDTH="74" HEIGHT="30" WC="0.96" CONTENT="sätt"/><SP WIDTH="28" VPOS="1094" HPOS="1571"/>
							<String ID="string_166" HPOS="1599" VPOS="1101" WIDTH="126" HEIGHT="23" WC="0.93" CONTENT="vunna"/><SP WIDTH="28" VPOS="1101" HPOS="1725"/>
							<String ID="string_167" HPOS="1753" VPOS="1088" WIDTH="263" HEIGHT="36" WC="0.88" CONTENT="statsinkomst"/>
						</TextLine>
						<TextLine ID="line_17" HPOS="406" VPOS="1138" WIDTH="1609" HEIGHT="51">
							<String ID="string_168" HPOS="406" VPOS="1151" WIDTH="41" HEIGHT="28" WC="0.96" CONTENT="är"/><SP WIDTH="27" VPOS="1151" HPOS="447"/>
							<String ID="string_169" HPOS="474" VPOS="1144" WIDTH="84" HEIGHT="36" WC="0.96" CONTENT="icke"/><SP WIDTH="30" VPOS="1144" HPOS="558"/>
							<String ID="string_170" HPOS="588" VPOS="1156" WIDTH="64" HEIGHT="23" WC="0.96" CONTENT="ens"/><SP WIDTH="29" VPOS="1156" HPOS="652"/>
							<String ID="string_171" HPOS="681" VPOS="1143" WIDTH="207" HEIGHT="46" WC="0.96" CONTENT="tillräcklig"/><SP WIDTH="28" VPOS="1143" HPOS="888"/>
							<String ID="string_172" HPOS="916" VPOS="1147" WIDTH="54" HEIGHT="31" WC="0.96" CONTENT="att"/><SP WIDTH="28" VPOS="1147" HPOS="970"/>
							<String ID="string_173" HPOS="998" VPOS="1141" WIDTH="140" HEIGHT="36" WC="0.93" CONTENT="bereda"/><SP WIDTH="28" VPOS="1141" HPOS="1138"/>
							<String ID="string_174" HPOS="1166" VPOS="1140" WIDTH="229" HEIGHT="37" WC="0.90" CONTENT="statsverket"/><SP WIDTH="28" VPOS="1140" HPOS="1395"/>
							<String ID="string_175" HPOS="1423" VPOS="1140" WIDTH="211" HEIGHT="47" WC="0.96" CONTENT="ersättning"/><SP WIDTH="20" VPOS="1140" HPOS="1634"/>
							<String ID="string_176" HPOS="1654" VPOS="1138" WIDTH="58" HEIGHT="37" WC="0.96" CONTENT="för"/><SP WIDTH="20" VPOS="1138" HPOS="1712"/>
							<String ID="string_177" HPOS="1732" VPOS="1140" WIDTH="45" HEIGHT="35" WC="0.96" CONTENT="de"/><SP WIDTH="18" VPOS="1140" HPOS="1777"/>
							<String ID="string_178" HPOS="1795" VPOS="1139" WIDTH="220" HEIGHT="44" WC="0.94" CONTENT="inkomster,"/>
						</TextLine>
						<TextLine ID="line_18" HPOS="405" VPOS="1189" WIDTH="1611" HEIGHT="53">
							<String ID="string_179" HPOS="405" VPOS="1207" WIDTH="81" HEIGHT="23" WC="0.96" CONTENT="som"/><SP WIDTH="29" VPOS="1207" HPOS="486"/>
							<String ID="string_180" HPOS="515" VPOS="1207" WIDTH="140" HEIGHT="35" WC="0.92" CONTENT="genom"/><SP WIDTH="29" VPOS="1207" HPOS="655"/>
							<String ID="string_181" HPOS="684" VPOS="1193" WIDTH="318" HEIGHT="37" WC="0.91" CONTENT="skattereformen"/><SP WIDTH="27" VPOS="1193" HPOS="1002"/>
							<String ID="string_182" HPOS="1029" VPOS="1196" WIDTH="47" HEIGHT="44" WC="0.96" CONTENT="gå"/><SP WIDTH="27" VPOS="1196" HPOS="1076"/>
							<String ID="string_183" HPOS="1103" VPOS="1192" WIDTH="204" HEIGHT="42" WC="0.96" CONTENT="förlorade,"/><SP WIDTH="30" VPOS="1192" HPOS="1307"/>
							<String ID="string_184" HPOS="1337" VPOS="1199" WIDTH="46" HEIGHT="27" WC="0.96" CONTENT="än"/><SP WIDTH="20" VPOS="1199" HPOS="1383"/>
							<String ID="string_185" HPOS="1403" VPOS="1191" WIDTH="147" HEIGHT="35" WC="0.92" CONTENT="mindre"/><SP WIDTH="21" VPOS="1191" HPOS="1550"/>
							<String ID="string_186" HPOS="1571" VPOS="1189" WIDTH="211" HEIGHT="48" WC="0.91" CONTENT="medgifver"/><SP WIDTH="20" VPOS="1189" HPOS="1782"/>
							<String ID="string_187" HPOS="1802" VPOS="1191" WIDTH="72" HEIGHT="35" WC="0.96" CONTENT="den"/><SP WIDTH="16" VPOS="1191" HPOS="1874"/>
							<String ID="string_188" HPOS="1890" VPOS="1194" WIDTH="126" HEIGHT="43" WC="0.95" CONTENT="någon"/>
						</TextLine>
						<TextLine ID="line_19" HPOS="406" VPOS="1239" WIDTH="1614" HEIGHT="53">
							<String ID="string_189" HPOS="406" VPOS="1246" WIDTH="162" HEIGHT="46" WC="0.95" CONTENT="tillgång"/><SP WIDTH="27" VPOS="1246" HPOS="568"/>
							<String ID="string_190" HPOS="595" VPOS="1245" WIDTH="58" HEIGHT="35" WC="0.96" CONTENT="för"/><SP WIDTH="29" VPOS="1245" HPOS="653"/>
							<String ID="string_191" HPOS="682" VPOS="1250" WIDTH="56" HEIGHT="30" WC="0.96" CONTENT="att"/><SP WIDTH="29" VPOS="1250" HPOS="738"/>
							<String ID="string_192" HPOS="767" VPOS="1250" WIDTH="101" HEIGHT="30" WC="0.96" CONTENT="möta"/><SP WIDTH="29" VPOS="1250" HPOS="868"/>
							<String ID="string_193" HPOS="897" VPOS="1244" WIDTH="46" HEIGHT="35" WC="0.96" CONTENT="de"/><SP WIDTH="29" VPOS="1244" HPOS="943"/>
							<String ID="string_194" HPOS="972" VPOS="1243" WIDTH="174" HEIGHT="35" WC="0.92" CONTENT="växande"/><SP WIDTH="28" VPOS="1243" HPOS="1146"/>
							<String ID="string_195" HPOS="1174" VPOS="1242" WIDTH="86" HEIGHT="36" WC="0.91" CONTENT="kraf"/><SP WIDTH="16" VPOS="1242" HPOS="1260"/>
							<String ID="string_196" HPOS="1276" VPOS="1245" WIDTH="48" HEIGHT="45" WC="0.95" CONTENT="på"/><SP WIDTH="19" VPOS="1245" HPOS="1324"/>
							<String ID="string_197" HPOS="1343" VPOS="1242" WIDTH="243" HEIGHT="44" WC="0.95" CONTENT="statskassan,"/><SP WIDTH="20" VPOS="1242" HPOS="1586"/>
							<String ID="string_198" HPOS="1606" VPOS="1254" WIDTH="80" HEIGHT="23" WC="0.96" CONTENT="som"/><SP WIDTH="20" VPOS="1254" HPOS="1686"/>
							<String ID="string_199" HPOS="1706" VPOS="1240" WIDTH="179" HEIGHT="37" WC="0.92" CONTENT="framtida"/><SP WIDTH="16" VPOS="1240" HPOS="1885"/>
							<String ID="string_200" HPOS="1901" VPOS="1239" WIDTH="119" HEIGHT="37" WC="0.91" CONTENT="behof"/>
						</TextLine>
						<TextLine ID="line_20" HPOS="405" VPOS="1295" WIDTH="666" HEIGHT="38">
							<String ID="string_201" HPOS="405" VPOS="1302" WIDTH="93" HEIGHT="31" WC="0.92" CONTENT="utan"/><SP WIDTH="28" VPOS="1302" HPOS="498"/>
							<String ID="string_202" HPOS="526" VPOS="1296" WIDTH="134" HEIGHT="36" WC="0.91" CONTENT="tvifvel"/><SP WIDTH="28" VPOS="1296" HPOS="660"/>
							<String ID="string_203" HPOS="688" VPOS="1296" WIDTH="151" HEIGHT="35" WC="0.96" CONTENT="komma"/><SP WIDTH="28" VPOS="1296" HPOS="839"/>
							<String ID="string_204" HPOS="867" VPOS="1300" WIDTH="55" HEIGHT="31" WC="0.96" CONTENT="att"/><SP WIDTH="28" VPOS="1300" HPOS="922"/>
							<String ID="string_205" HPOS="950" VPOS="1295" WIDTH="121" HEIGHT="35" WC="0.96" CONTENT="ställa."/>
						</TextLine>
					</TextBlock>
					<TextBlock ID="block_4" HPOS="406" VPOS="1343" WIDTH="1612" HEIGHT="253">
						<TextLine ID="line_21" HPOS="507" VPOS="1343" WIDTH="1511" HEIGHT="50">
							<String ID="string_206" HPOS="507" VPOS="1347" WIDTH="131" HEIGHT="36" WC="0.95" CONTENT="Redan"/><SP WIDTH="29" VPOS="1347" HPOS="638"/>
							<String ID="string_207" HPOS="667" VPOS="1346" WIDTH="118" HEIGHT="37" WC="0.95" CONTENT="första"/><SP WIDTH="29" VPOS="1346" HPOS="785"/>
							<String ID="string_208" HPOS="814" VPOS="1349" WIDTH="94" HEIGHT="41" WC="0.96" CONTENT="året,"/><SP WIDTH="29" VPOS="1349" HPOS="908"/>
							<String ID="string_209" HPOS="937" VPOS="1346" WIDTH="47" HEIGHT="35" WC="0.96" CONTENT="då"/><SP WIDTH="29" VPOS="1346" HPOS="984"/>
							<String ID="string_210" HPOS="1013" VPOS="1345" WIDTH="65" HEIGHT="36" WC="0.96" CONTENT="det"/><SP WIDTH="28" VPOS="1345" HPOS="1078"/>
							<String ID="string_211" HPOS="1106" VPOS="1358" WIDTH="72" HEIGHT="35" WC="0.96" CONTENT="nya"/><SP WIDTH="29" VPOS="1358" HPOS="1178"/>
							<String ID="string_212" HPOS="1207" VPOS="1345" WIDTH="307" HEIGHT="46" WC="0.96" CONTENT="skattesystemet"/><SP WIDTH="28" VPOS="1345" HPOS="1514"/>
							<String ID="string_213" HPOS="1542" VPOS="1343" WIDTH="95" HEIGHT="36" WC="0.95" CONTENT="skall"/><SP WIDTH="15" VPOS="1343" HPOS="1637"/>
							<String ID="string_214" HPOS="1652" VPOS="1343" WIDTH="190" HEIGHT="48" WC="0.96" CONTENT="tillämpas"/><SP WIDTH="21" VPOS="1343" HPOS="1842"/>
							<String ID="string_215" HPOS="1863" VPOS="1343" WIDTH="70" HEIGHT="35" WC="0.92" CONTENT="och"/><SP WIDTH="17" VPOS="1343" HPOS="1933"/>
							<String ID="string_216" HPOS="1950" VPOS="1355" WIDTH="68" HEIGHT="23" WC="0.92" CONTENT="un-"/>
						</TextLine>
						<TextLine ID="line_22" HPOS="407" VPOS="1394" WIDTH="1611" HEIGHT="50">
							<String ID="string_217" HPOS="407" VPOS="1399" WIDTH="67" HEIGHT="35" WC="0.96" CONTENT="der"/><SP WIDTH="28" VPOS="1399" HPOS="474"/>
							<String ID="string_218" HPOS="502" VPOS="1398" WIDTH="146" HEIGHT="35" WC="0.96" CONTENT="hvilket"/><SP WIDTH="29" VPOS="1398" HPOS="648"/>
							<String ID="string_219" HPOS="677" VPOS="1398" WIDTH="135" HEIGHT="35" WC="0.91" CONTENT="endast"/><SP WIDTH="27" VPOS="1398" HPOS="812"/>
							<String ID="string_220" HPOS="839" VPOS="1395" WIDTH="41" HEIGHT="47" WC="0.84" CONTENT="”/;"/><SP WIDTH="28" VPOS="1395" HPOS="880"/>
							<String ID="string_221" HPOS="908" VPOS="1397" WIDTH="40" HEIGHT="35" WC="0.93" CONTENT="af"/><SP WIDTH="24" VPOS="1397" HPOS="948"/>
							<String ID="string_222" HPOS="972" VPOS="1396" WIDTH="320" HEIGHT="48" WC="0.91" CONTENT="grundskatterna"/><SP WIDTH="28" VPOS="1396" HPOS="1292"/>
							<String ID="string_223" HPOS="1320" VPOS="1396" WIDTH="106" HEIGHT="34" WC="0.93" CONTENT="skola"/><SP WIDTH="20" VPOS="1396" HPOS="1426"/>
							<String ID="string_224" HPOS="1446" VPOS="1394" WIDTH="210" HEIGHT="44" WC="0.92" CONTENT="afskrifvas,"/><SP WIDTH="20" VPOS="1394" HPOS="1656"/>
							<String ID="string_225" HPOS="1676" VPOS="1397" WIDTH="159" HEIGHT="45" WC="0.96" CONTENT="uppstår"/><SP WIDTH="20" VPOS="1397" HPOS="1835"/>
							<String ID="string_226" HPOS="1855" VPOS="1407" WIDTH="45" HEIGHT="22" WC="0.96" CONTENT="en"/><SP WIDTH="21" VPOS="1407" HPOS="1900"/>
							<String ID="string_227" HPOS="1921" VPOS="1394" WIDTH="97" HEIGHT="35" WC="0.96" CONTENT="brist"/>
						</TextLine>
						<TextLine ID="line_23" HPOS="407" VPOS="1445" WIDTH="1608" HEIGHT="52">
							<String ID="string_228" HPOS="407" VPOS="1453" WIDTH="47" HEIGHT="44" WC="0.96" CONTENT="på"/><SP WIDTH="30" VPOS="1453" HPOS="454"/>
							<String ID="string_229" HPOS="484" VPOS="1450" WIDTH="30" HEIGHT="47" WC="0.96" CONTENT="ej"/><SP WIDTH="32" VPOS="1450" HPOS="514"/>
							<String ID="string_230" HPOS="546" VPOS="1449" WIDTH="146" HEIGHT="36" WC="0.96" CONTENT="mindre"/><SP WIDTH="30" VPOS="1449" HPOS="692"/>
							<String ID="string_231" HPOS="722" VPOS="1456" WIDTH="44" HEIGHT="28" WC="0.93" CONTENT="än"/><SP WIDTH="32" VPOS="1456" HPOS="766"/>
							<String ID="string_232" HPOS="798" VPOS="1450" WIDTH="198" HEIGHT="43" WC="0.91" CONTENT="2,652,000"/><SP WIDTH="29" VPOS="1450" HPOS="996"/>
							<String ID="string_233" HPOS="1025" VPOS="1447" WIDTH="153" HEIGHT="35" WC="0.96" CONTENT="kronor."/><SP WIDTH="52" VPOS="1447" HPOS="1178"/>
							<String ID="string_234" HPOS="1230" VPOS="1446" WIDTH="131" HEIGHT="35" WC="0.96" CONTENT="Denna"/><SP WIDTH="28" VPOS="1446" HPOS="1361"/>
							<String ID="string_235" HPOS="1389" VPOS="1446" WIDTH="96" HEIGHT="35" WC="0.96" CONTENT="brist"/><SP WIDTH="28" VPOS="1446" HPOS="1485"/>
							<String ID="string_236" HPOS="1513" VPOS="1453" WIDTH="41" HEIGHT="28" WC="0.96" CONTENT="är"/><SP WIDTH="29" VPOS="1453" HPOS="1554"/>
							<String ID="string_237" HPOS="1583" VPOS="1446" WIDTH="30" HEIGHT="47" WC="0.93" CONTENT="ej"/><SP WIDTH="23" VPOS="1446" HPOS="1613"/>
							<String ID="string_238" HPOS="1636" VPOS="1445" WIDTH="266" HEIGHT="47" WC="0.90" CONTENT="öfvergående,"/><SP WIDTH="21" VPOS="1445" HPOS="1902"/>
							<String ID="string_239" HPOS="1923" VPOS="1451" WIDTH="92" HEIGHT="29" WC="0.96" CONTENT="utan"/>
						</TextLine>
						<TextLine ID="line_24" HPOS="407" VPOS="1495" WIDTH="1610" HEIGHT="49">
							<String ID="string_240" HPOS="407" VPOS="1501" WIDTH="172" HEIGHT="35" WC="0.96" CONTENT="kommer"/><SP WIDTH="40" VPOS="1501" HPOS="579"/>
							<String ID="string_241" HPOS="619" VPOS="1505" WIDTH="57" HEIGHT="30" WC="0.96" CONTENT="att"/><SP WIDTH="40" VPOS="1505" HPOS="676"/>
							<String ID="string_242" HPOS="716" VPOS="1499" WIDTH="122" HEIGHT="36" WC="0.96" CONTENT="under"/><SP WIDTH="40" VPOS="1499" HPOS="838"/>
							<String ID="string_243" HPOS="878" VPOS="1505" WIDTH="189" HEIGHT="29" WC="0.94" CONTENT="närmaste"/><SP WIDTH="33" VPOS="1505" HPOS="1067"/>
							<String ID="string_244" HPOS="1100" VPOS="1498" WIDTH="54" HEIGHT="35" WC="0.96" CONTENT="tio"/><SP WIDTH="30" VPOS="1498" HPOS="1154"/>
							<String ID="string_245" HPOS="1184" VPOS="1501" WIDTH="40" HEIGHT="32" WC="0.96" CONTENT="år"/><SP WIDTH="28" VPOS="1501" HPOS="1224"/>
							<String ID="string_246" HPOS="1252" VPOS="1498" WIDTH="89" HEIGHT="35" WC="0.96" CONTENT="ökas"/><SP WIDTH="20" VPOS="1498" HPOS="1341"/>
							<String ID="string_247" HPOS="1361" VPOS="1496" WIDTH="74" HEIGHT="36" WC="0.96" CONTENT="fem"/><SP WIDTH="28" VPOS="1496" HPOS="1435"/>
							<String ID="string_248" HPOS="1463" VPOS="1500" WIDTH="156" HEIGHT="44" WC="0.96" CONTENT="gånger,"/><SP WIDTH="29" VPOS="1500" HPOS="1619"/>
							<String ID="string_249" HPOS="1648" VPOS="1496" WIDTH="127" HEIGHT="48" WC="0.96" CONTENT="hvarje"/><SP WIDTH="29" VPOS="1496" HPOS="1775"/>
							<String ID="string_250" HPOS="1804" VPOS="1499" WIDTH="99" HEIGHT="45" WC="0.96" CONTENT="gång"/><SP WIDTH="28" VPOS="1499" HPOS="1903"/>
							<String ID="string_251" HPOS="1931" VPOS="1495" WIDTH="86" HEIGHT="36" WC="0.96" CONTENT="med"/>
						</TextLine>
						<TextLine ID="line_25" HPOS="406" VPOS="1548" WIDTH="900" HEIGHT="48">
							<String ID="string_252" HPOS="406" VPOS="1548" WIDTH="41" HEIGHT="48" WC="0.39" CONTENT="!/;"/><SP WIDTH="28" VPOS="1548" HPOS="447"/>
							<String ID="string_253" HPOS="475" VPOS="1551" WIDTH="40" HEIGHT="35" WC="0.93" CONTENT="af"/><SP WIDTH="24" VPOS="1551" HPOS="515"/>
							<String ID="string_254" HPOS="539" VPOS="1551" WIDTH="341" HEIGHT="45" WC="0.81" CONTENT="grundskatternas"/><SP WIDTH="30" VPOS="1551" HPOS="880"/>
							<String ID="string_255" HPOS="910" VPOS="1549" WIDTH="216" HEIGHT="36" WC="0.96" CONTENT="nuvarande"/><SP WIDTH="29" VPOS="1549" HPOS="1126"/>
							<String ID="string_256" HPOS="1155" VPOS="1549" WIDTH="151" HEIGHT="47" WC="0.96" CONTENT="belopp."/>
						</TextLine>
					</TextBlock>
					<TextBlock ID="block_5" HPOS="406" VPOS="1597" WIDTH="1613" HEIGHT="510">
						<TextLine ID="line_26" HPOS="508" VPOS="1597" WIDTH="1510" HEIGHT="49">
							<String ID="string_257" HPOS="508" VPOS="1602" WIDTH="58" HEIGHT="35" WC="0.95" CONTENT="Då"/><SP WIDTH="41" VPOS="1602" HPOS="566"/>
							<String ID="string_258" HPOS="607" VPOS="1602" WIDTH="46" HEIGHT="35" WC="0.95" CONTENT="de"/><SP WIDTH="37" VPOS="1602" HPOS="653"/>
							<String ID="string_259" HPOS="690" VPOS="1601" WIDTH="150" HEIGHT="36" WC="0.95" CONTENT="direkta"/><SP WIDTH="41" VPOS="1601" HPOS="840"/>
							<String ID="string_260" HPOS="881" VPOS="1601" WIDTH="194" HEIGHT="35" WC="0.96" CONTENT="skatterna"/><SP WIDTH="28" VPOS="1601" HPOS="1075"/>
							<String ID="string_261" HPOS="1103" VPOS="1599" WIDTH="157" HEIGHT="36" WC="0.96" CONTENT="sålunda"/><SP WIDTH="30" VPOS="1599" HPOS="1260"/>
							<String ID="string_262" HPOS="1290" VPOS="1599" WIDTH="31" HEIGHT="47" WC="0.96" CONTENT="ej"/><SP WIDTH="30" VPOS="1599" HPOS="1321"/>
							<String ID="string_263" HPOS="1351" VPOS="1599" WIDTH="150" HEIGHT="35" WC="0.96" CONTENT="komma"/><SP WIDTH="29" VPOS="1599" HPOS="1501"/>
							<String ID="string_264" HPOS="1530" VPOS="1604" WIDTH="55" HEIGHT="30" WC="0.93" CONTENT="att"/><SP WIDTH="28" VPOS="1604" HPOS="1585"/>
							<String ID="string_265" HPOS="1613" VPOS="1597" WIDTH="191" HEIGHT="49" WC="0.91" CONTENT="medgifva"/><SP WIDTH="27" VPOS="1597" HPOS="1804"/>
							<String ID="string_266" HPOS="1831" VPOS="1597" WIDTH="187" HEIGHT="48" WC="0.91" CONTENT="fyllandet"/>
						</TextLine>
						<TextLine ID="line_27" HPOS="408" VPOS="1648" WIDTH="1610" HEIGHT="50">
							<String ID="string_267" HPOS="408" VPOS="1652" WIDTH="39" HEIGHT="36" WC="0.92" CONTENT="af"/><SP WIDTH="33" VPOS="1652" HPOS="447"/>
							<String ID="string_268" HPOS="480" VPOS="1652" WIDTH="285" HEIGHT="36" WC="0.86" CONTENT="statsbehofven"/><SP WIDTH="29" VPOS="1652" HPOS="765"/>
							<String ID="string_269" HPOS="794" VPOS="1665" WIDTH="65" HEIGHT="22" WC="0.96" CONTENT="ens"/><SP WIDTH="36" VPOS="1665" HPOS="859"/>
							<String ID="string_270" HPOS="895" VPOS="1651" WIDTH="118" HEIGHT="36" WC="0.96" CONTENT="första"/><SP WIDTH="35" VPOS="1651" HPOS="1013"/>
							<String ID="string_271" HPOS="1048" VPOS="1653" WIDTH="161" HEIGHT="45" WC="0.96" CONTENT="gången,"/><SP WIDTH="30" VPOS="1653" HPOS="1209"/>
							<String ID="string_272" HPOS="1239" VPOS="1650" WIDTH="46" HEIGHT="35" WC="0.96" CONTENT="då"/><SP WIDTH="29" VPOS="1650" HPOS="1285"/>
							<String ID="string_273" HPOS="1314" VPOS="1650" WIDTH="72" HEIGHT="35" WC="0.96" CONTENT="den"/><SP WIDTH="31" VPOS="1650" HPOS="1386"/>
							<String ID="string_274" HPOS="1417" VPOS="1662" WIDTH="71" HEIGHT="34" WC="0.92" CONTENT="nya"/><SP WIDTH="28" VPOS="1662" HPOS="1488"/>
							<String ID="string_275" HPOS="1516" VPOS="1648" WIDTH="502" HEIGHT="49" WC="0.90" CONTENT="bevillningsförordningen"/>
						</TextLine>
						<TextLine ID="line_28" HPOS="407" VPOS="1699" WIDTH="1612" HEIGHT="51">
							<String ID="string_276" HPOS="407" VPOS="1704" WIDTH="96" HEIGHT="35" WC="0.96" CONTENT="skall"/><SP WIDTH="42" VPOS="1704" HPOS="503"/>
							<String ID="string_277" HPOS="545" VPOS="1704" WIDTH="202" HEIGHT="46" WC="0.95" CONTENT="tillämpas,"/><SP WIDTH="30" VPOS="1704" HPOS="747"/>
							<String ID="string_278" HPOS="777" VPOS="1703" WIDTH="71" HEIGHT="35" WC="0.96" CONTENT="och"/><SP WIDTH="40" VPOS="1703" HPOS="848"/>
							<String ID="string_279" HPOS="888" VPOS="1709" WIDTH="45" HEIGHT="28" WC="0.96" CONTENT="än"/><SP WIDTH="30" VPOS="1709" HPOS="933"/>
							<String ID="string_280" HPOS="963" VPOS="1702" WIDTH="146" HEIGHT="35" WC="0.96" CONTENT="mindre"/><SP WIDTH="29" VPOS="1702" HPOS="1109"/>
							<String ID="string_281" HPOS="1138" VPOS="1701" WIDTH="98" HEIGHT="36" WC="0.96" CONTENT="hvad"/><SP WIDTH="29" VPOS="1701" HPOS="1236"/>
							<String ID="string_282" HPOS="1265" VPOS="1700" WIDTH="202" HEIGHT="36" WC="0.96" CONTENT="framtiden"/><SP WIDTH="30" VPOS="1700" HPOS="1467"/>
							<String ID="string_283" HPOS="1497" VPOS="1699" WIDTH="191" HEIGHT="44" WC="0.96" CONTENT="beträffar,"/><SP WIDTH="29" VPOS="1699" HPOS="1688"/>
							<String ID="string_284" HPOS="1717" VPOS="1703" WIDTH="40" HEIGHT="32" WC="0.93" CONTENT="så"/><SP WIDTH="27" VPOS="1703" HPOS="1757"/>
							<String ID="string_285" HPOS="1784" VPOS="1699" WIDTH="235" HEIGHT="48" WC="0.92" CONTENT="nödvändig-"/>
						</TextLine>
						<TextLine ID="line_29" HPOS="406" VPOS="1750" WIDTH="1613" HEIGHT="51">
							<String ID="string_286" HPOS="406" VPOS="1761" WIDTH="112" HEIGHT="40" WC="0.93" CONTENT="göres"/><SP WIDTH="29" VPOS="1761" HPOS="518"/>
							<String ID="string_287" HPOS="547" VPOS="1754" WIDTH="221" HEIGHT="47" WC="0.91" CONTENT="derigenom"/><SP WIDTH="29" VPOS="1754" HPOS="768"/>
							<String ID="string_288" HPOS="797" VPOS="1752" WIDTH="267" HEIGHT="49" WC="0.92" CONTENT="uppsökandet"/><SP WIDTH="28" VPOS="1752" HPOS="1064"/>
							<String ID="string_289" HPOS="1092" VPOS="1752" WIDTH="40" HEIGHT="35" WC="0.96" CONTENT="af"/><SP WIDTH="25" VPOS="1752" HPOS="1132"/>
							<String ID="string_290" HPOS="1157" VPOS="1765" WIDTH="73" HEIGHT="35" WC="0.93" CONTENT="nya"/><SP WIDTH="28" VPOS="1765" HPOS="1230"/>
							<String ID="string_291" HPOS="1258" VPOS="1752" WIDTH="258" HEIGHT="42" WC="0.92" CONTENT="skattekällor,"/><SP WIDTH="30" VPOS="1752" HPOS="1516"/>
							<String ID="string_292" HPOS="1546" VPOS="1751" WIDTH="126" HEIGHT="35" WC="0.96" CONTENT="hvilka"/><SP WIDTH="20" VPOS="1751" HPOS="1672"/>
							<String ID="string_293" HPOS="1692" VPOS="1754" WIDTH="48" HEIGHT="44" WC="0.96" CONTENT="på"/><SP WIDTH="19" VPOS="1754" HPOS="1740"/>
							<String ID="string_294" HPOS="1759" VPOS="1750" WIDTH="168" HEIGHT="36" WC="0.96" CONTENT="indirekt"/><SP WIDTH="19" VPOS="1750" HPOS="1927"/>
							<String ID="string_295" HPOS="1946" VPOS="1758" WIDTH="73" HEIGHT="39" WC="0.96" CONTENT="väg"/>
						</TextLine>
						<TextLine ID="line_30" HPOS="407" VPOS="1801" WIDTH="1611" HEIGHT="51">
							<String ID="string_296" HPOS="407" VPOS="1805" WIDTH="107" HEIGHT="35" WC="0.96" CONTENT="skola"/><SP WIDTH="41" VPOS="1805" HPOS="514"/>
							<String ID="string_297" HPOS="555" VPOS="1805" WIDTH="226" HEIGHT="47" WC="0.93" CONTENT="möjliggöra"/><SP WIDTH="41" VPOS="1805" HPOS="781"/>
							<String ID="string_298" HPOS="822" VPOS="1804" WIDTH="248" HEIGHT="48" WC="0.92" CONTENT="uppnåendet"/><SP WIDTH="42" VPOS="1804" HPOS="1070"/>
							<String ID="string_299" HPOS="1112" VPOS="1802" WIDTH="39" HEIGHT="36" WC="0.96" CONTENT="af"/><SP WIDTH="35" VPOS="1802" HPOS="1151"/>
							<String ID="string_300" HPOS="1186" VPOS="1804" WIDTH="72" HEIGHT="34" WC="0.92" CONTENT="den"/><SP WIDTH="24" VPOS="1804" HPOS="1258"/>
							<String ID="string_301" HPOS="1282" VPOS="1803" WIDTH="163" HEIGHT="47" WC="0.92" CONTENT="jemvigt"/><SP WIDTH="27" VPOS="1803" HPOS="1445"/>
							<String ID="string_302" HPOS="1472" VPOS="1803" WIDTH="11" HEIGHT="34" WC="0.96" CONTENT="i"/><SP WIDTH="30" VPOS="1803" HPOS="1483"/>
							<String ID="string_303" HPOS="1513" VPOS="1801" WIDTH="205" HEIGHT="48" WC="0.96" CONTENT="budgeten,"/><SP WIDTH="29" VPOS="1801" HPOS="1718"/>
							<String ID="string_304" HPOS="1747" VPOS="1815" WIDTH="81" HEIGHT="22" WC="0.96" CONTENT="som"/><SP WIDTH="28" VPOS="1815" HPOS="1828"/>
							<String ID="string_305" HPOS="1856" VPOS="1814" WIDTH="85" HEIGHT="22" WC="0.38" CONTENT="man"/><SP WIDTH="29" VPOS="1814" HPOS="1941"/>
							<String ID="string_306" HPOS="1970" VPOS="1804" WIDTH="48" HEIGHT="44" WC="0.95" CONTENT="på"/>
						</TextLine>
						<TextLine ID="line_31" HPOS="408" VPOS="1852" WIDTH="1609" HEIGHT="51">
							<String ID="string_307" HPOS="408" VPOS="1856" WIDTH="127" HEIGHT="35" WC="0.95" CONTENT="direkt"/><SP WIDTH="40" VPOS="1856" HPOS="535"/>
							<String ID="string_308" HPOS="575" VPOS="1863" WIDTH="73" HEIGHT="40" WC="0.96" CONTENT="väg"/><SP WIDTH="41" VPOS="1863" HPOS="648"/>
							<String ID="string_309" HPOS="689" VPOS="1856" WIDTH="32" HEIGHT="46" WC="0.96" CONTENT="ej"/><SP WIDTH="44" VPOS="1856" HPOS="721"/>
							<String ID="string_310" HPOS="765" VPOS="1856" WIDTH="147" HEIGHT="34" WC="0.96" CONTENT="kunnat"/><SP WIDTH="39" VPOS="1856" HPOS="912"/>
							<String ID="string_311" HPOS="951" VPOS="1855" WIDTH="124" HEIGHT="35" WC="0.96" CONTENT="vinna."/><SP WIDTH="54" VPOS="1855" HPOS="1075"/>
							<String ID="string_312" HPOS="1129" VPOS="1853" WIDTH="85" HEIGHT="36" WC="0.96" CONTENT="Men"/><SP WIDTH="38" VPOS="1853" HPOS="1214"/>
							<String ID="string_313" HPOS="1252" VPOS="1860" WIDTH="56" HEIGHT="29" WC="0.96" CONTENT="att"/><SP WIDTH="28" VPOS="1860" HPOS="1308"/>
							<String ID="string_314" HPOS="1336" VPOS="1857" WIDTH="47" HEIGHT="44" WC="0.96" CONTENT="på"/><SP WIDTH="29" VPOS="1857" HPOS="1383"/>
							<String ID="string_315" HPOS="1412" VPOS="1854" WIDTH="106" HEIGHT="34" WC="0.96" CONTENT="detta"/><SP WIDTH="27" VPOS="1854" HPOS="1518"/>
							<String ID="string_316" HPOS="1545" VPOS="1858" WIDTH="87" HEIGHT="38" WC="0.96" CONTENT="sätt,"/><SP WIDTH="36" VPOS="1858" HPOS="1632"/>
							<String ID="string_317" HPOS="1668" VPOS="1854" WIDTH="4" HEIGHT="34" WC="0.96" CONTENT="i"/><SP WIDTH="30" VPOS="1854" HPOS="1672"/>
							<String ID="string_318" HPOS="1702" VPOS="1853" WIDTH="118" HEIGHT="45" WC="0.96" CONTENT="högre"/><SP WIDTH="28" VPOS="1853" HPOS="1820"/>
							<String ID="string_319" HPOS="1848" VPOS="1852" WIDTH="93" HEIGHT="47" WC="0.96" CONTENT="grad"/><SP WIDTH="30" VPOS="1852" HPOS="1941"/>
							<String ID="string_320" HPOS="1971" VPOS="1859" WIDTH="46" HEIGHT="27" WC="0.96" CONTENT="än"/>
						</TextLine>
						<TextLine ID="line_32" HPOS="408" VPOS="1902" WIDTH="1609" HEIGHT="47">
							<String ID="string_321" HPOS="408" VPOS="1907" WIDTH="101" HEIGHT="35" WC="0.96" CONTENT="hvad"/><SP WIDTH="35" VPOS="1907" HPOS="509"/>
							<String ID="string_322" HPOS="544" VPOS="1906" WIDTH="116" HEIGHT="36" WC="0.96" CONTENT="redan"/><SP WIDTH="37" VPOS="1906" HPOS="660"/>
							<String ID="string_323" HPOS="697" VPOS="1920" WIDTH="51" HEIGHT="22" WC="0.96" CONTENT="nu"/><SP WIDTH="34" VPOS="1920" HPOS="748"/>
							<String ID="string_324" HPOS="782" VPOS="1914" WIDTH="40" HEIGHT="28" WC="0.96" CONTENT="är"/><SP WIDTH="32" VPOS="1914" HPOS="822"/>
							<String ID="string_325" HPOS="854" VPOS="1905" WIDTH="119" HEIGHT="44" WC="0.93" CONTENT="fallet,"/><SP WIDTH="29" VPOS="1905" HPOS="973"/>
							<String ID="string_326" HPOS="1002" VPOS="1904" WIDTH="190" HEIGHT="36" WC="0.92" CONTENT="öfverföra"/><SP WIDTH="27" VPOS="1904" HPOS="1192"/>
							<String ID="string_327" HPOS="1219" VPOS="1905" WIDTH="194" HEIGHT="35" WC="0.96" CONTENT="skatterna"/><SP WIDTH="27" VPOS="1905" HPOS="1413"/>
							<String ID="string_328" HPOS="1440" VPOS="1903" WIDTH="82" HEIGHT="36" WC="0.96" CONTENT="från"/><SP WIDTH="30" VPOS="1903" HPOS="1522"/>
							<String ID="string_329" HPOS="1552" VPOS="1904" WIDTH="149" HEIGHT="35" WC="0.96" CONTENT="direkta"/><SP WIDTH="28" VPOS="1904" HPOS="1701"/>
							<String ID="string_330" HPOS="1729" VPOS="1904" WIDTH="58" HEIGHT="35" WC="0.96" CONTENT="till"/><SP WIDTH="29" VPOS="1904" HPOS="1787"/>
							<String ID="string_331" HPOS="1816" VPOS="1902" WIDTH="201" HEIGHT="47" WC="0.96" CONTENT="indirekta,"/>
						</TextLine>
						<TextLine ID="line_33" HPOS="408" VPOS="1954" WIDTH="1609" HEIGHT="49">
							<String ID="string_332" HPOS="408" VPOS="1957" WIDTH="66" HEIGHT="36" WC="0.96" CONTENT="det"/><SP WIDTH="28" VPOS="1957" HPOS="474"/>
							<String ID="string_333" HPOS="502" VPOS="1965" WIDTH="41" HEIGHT="28" WC="0.96" CONTENT="är"/><SP WIDTH="28" VPOS="1965" HPOS="543"/>
							<String ID="string_334" HPOS="571" VPOS="1963" WIDTH="56" HEIGHT="30" WC="0.96" CONTENT="att"/><SP WIDTH="27" VPOS="1963" HPOS="627"/>
							<String ID="string_335" HPOS="654" VPOS="1956" WIDTH="124" HEIGHT="37" WC="0.96" CONTENT="införa"/><SP WIDTH="29" VPOS="1956" HPOS="778"/>
							<String ID="string_336" HPOS="807" VPOS="1963" WIDTH="56" HEIGHT="30" WC="0.92" CONTENT="ett"/><SP WIDTH="28" VPOS="1963" HPOS="863"/>
							<String ID="string_337" HPOS="891" VPOS="1957" WIDTH="418" HEIGHT="46" WC="0.90" CONTENT="beskattningssystem,"/><SP WIDTH="30" VPOS="1957" HPOS="1309"/>
							<String ID="string_338" HPOS="1339" VPOS="1968" WIDTH="81" HEIGHT="23" WC="0.96" CONTENT="som"/><SP WIDTH="27" VPOS="1968" HPOS="1420"/>
							<String ID="string_339" HPOS="1447" VPOS="1955" WIDTH="136" HEIGHT="35" WC="0.96" CONTENT="verkar"/><SP WIDTH="28" VPOS="1955" HPOS="1583"/>
							<String ID="string_340" HPOS="1611" VPOS="1954" WIDTH="208" HEIGHT="49" WC="0.93" CONTENT="tryckande"/><SP WIDTH="25" VPOS="1954" HPOS="1819"/>
							<String ID="string_341" HPOS="1844" VPOS="1966" WIDTH="173" HEIGHT="36" WC="0.92" CONTENT="progres-"/>
						</TextLine>
						<TextLine ID="line_34" HPOS="409" VPOS="2005" WIDTH="1610" HEIGHT="50">
							<String ID="string_342" HPOS="409" VPOS="2009" WIDTH="74" HEIGHT="35" WC="0.91" CONTENT="sivt"/><SP WIDTH="35" VPOS="2009" HPOS="483"/>
							<String ID="string_343" HPOS="518" VPOS="2008" WIDTH="127" HEIGHT="44" WC="0.96" CONTENT="nedåt,"/><SP WIDTH="37" VPOS="2008" HPOS="645"/>
							<String ID="string_344" HPOS="682" VPOS="2009" WIDTH="92" HEIGHT="35" WC="0.95" CONTENT="eller"/><SP WIDTH="33" VPOS="2009" HPOS="774"/>
							<String ID="string_345" HPOS="807" VPOS="2009" WIDTH="81" HEIGHT="46" WC="0.96" CONTENT="just"/><SP WIDTH="36" VPOS="2009" HPOS="888"/>
							<String ID="string_346" HPOS="924" VPOS="2013" WIDTH="207" HEIGHT="30" WC="0.91" CONTENT="motsatsen"/><SP WIDTH="37" VPOS="2013" HPOS="1131"/>
							<String ID="string_347" HPOS="1168" VPOS="2013" WIDTH="79" HEIGHT="30" WC="0.96" CONTENT="mot"/><SP WIDTH="36" VPOS="2013" HPOS="1247"/>
							<String ID="string_348" HPOS="1283" VPOS="2006" WIDTH="98" HEIGHT="37" WC="0.95" CONTENT="hvad"/><SP WIDTH="30" VPOS="2006" HPOS="1381"/>
							<String ID="string_349" HPOS="1411" VPOS="2019" WIDTH="84" HEIGHT="23" WC="0.96" CONTENT="man"/><SP WIDTH="29" VPOS="2019" HPOS="1495"/>
							<String ID="string_350" HPOS="1524" VPOS="2005" WIDTH="40" HEIGHT="37" WC="0.95" CONTENT="af"/><SP WIDTH="25" VPOS="2005" HPOS="1564"/>
							<String ID="string_351" HPOS="1589" VPOS="2011" WIDTH="54" HEIGHT="31" WC="0.96" CONTENT="ett"/><SP WIDTH="27" VPOS="2011" HPOS="1643"/>
							<String ID="string_352" HPOS="1670" VPOS="2006" WIDTH="153" HEIGHT="36" WC="0.92" CONTENT="rättvist"/><SP WIDTH="31" VPOS="2006" HPOS="1823"/>
							<String ID="string_353" HPOS="1854" VPOS="2005" WIDTH="165" HEIGHT="36" WC="0.92" CONTENT="beskatt-"/>
						</TextLine>
						<TextLine ID="line_35" HPOS="408" VPOS="2059" WIDTH="469" HEIGHT="48">
							<String ID="string_354" HPOS="408" VPOS="2059" WIDTH="255" HEIGHT="48" WC="0.92" CONTENT="ningssystem"/><SP WIDTH="28" VPOS="2059" HPOS="663"/>
							<String ID="string_355" HPOS="691" VPOS="2059" WIDTH="186" HEIGHT="44" WC="0.93" CONTENT="fordrar»;"/>
						</TextLine>
					</TextBlock>
				</ComposedBlock>
				<ComposedBlock ID="cblock_2" HPOS="509" VPOS="2158" WIDTH="432" HEIGHT="44">
					<TextBlock ID="block_6" HPOS="509" VPOS="2158" WIDTH="432" HEIGHT="44">
						<TextLine ID="line_36" HPOS="509" VPOS="2158" WIDTH="432" HEIGHT="44">
							<String ID="string_356" HPOS="509" VPOS="2158" WIDTH="40" HEIGHT="37" WC="0.96" CONTENT="af"/><SP WIDTH="25" VPOS="2158" HPOS="549"/>
							<String ID="string_357" HPOS="574" VPOS="2160" WIDTH="87" HEIGHT="35" WC="0.93" CONTENT="herr"/><SP WIDTH="29" VPOS="2160" HPOS="661"/>
							<String ID="string_358" HPOS="690" VPOS="2158" WIDTH="43" HEIGHT="38" WC="0.78" CONTENT="G."/><SP WIDTH="30" VPOS="2158" HPOS="733"/>
							<String ID="string_359" HPOS="763" VPOS="2159" WIDTH="178" HEIGHT="43" WC="0.96" CONTENT="Jansson;"/>
						</TextLine>
					</TextBlock>
				</ComposedBlock>
				<ComposedBlock ID="cblock_3" HPOS="408" VPOS="2259" WIDTH="1610" HEIGHT="101">
					<TextBlock ID="block_7" HPOS="408" VPOS="2259" WIDTH="1610" HEIGHT="101">
						<TextLine ID="line_37" HPOS="509" VPOS="2259" WIDTH="1507" HEIGHT="50">
							<String ID="string_360" HPOS="509" VPOS="2261" WIDTH="39" HEIGHT="35" WC="0.96" CONTENT="af"/><SP WIDTH="26" VPOS="2261" HPOS="548"/>
							<String ID="string_361" HPOS="574" VPOS="2261" WIDTH="87" HEIGHT="36" WC="0.93" CONTENT="herr"/><SP WIDTH="28" VPOS="2261" HPOS="661"/>
							<String ID="string_362" HPOS="689" VPOS="2261" WIDTH="37" HEIGHT="36" WC="0.90" CONTENT="J."/><SP WIDTH="28" VPOS="2261" HPOS="726"/>
							<String ID="string_363" HPOS="754" VPOS="2261" WIDTH="206" HEIGHT="36" WC="0.0" CONTENT="Johansson"/><SP WIDTH="15" VPOS="2261" HPOS="960"/>
							<String ID="string_364" HPOS="975" VPOS="2262" WIDTH="11" HEIGHT="35" WC="0.0" CONTENT="i"/><SP WIDTH="17" VPOS="2262" HPOS="986"/>
							<String ID="string_365" HPOS="1003" VPOS="2261" WIDTH="214" HEIGHT="48" WC="0.91" CONTENT="Noraskog:"/><SP WIDTH="34" VPOS="2261" HPOS="1217"/>
							<String ID="string_366" HPOS="1251" VPOS="2260" WIDTH="74" HEIGHT="36" WC="0.92" CONTENT="»Då"/><SP WIDTH="23" VPOS="2260" HPOS="1325"/>
							<String ID="string_367" HPOS="1348" VPOS="2261" WIDTH="66" HEIGHT="47" WC="0.97" CONTENT="jag"/><SP WIDTH="19" VPOS="2261" HPOS="1414"/>
							<String ID="string_368" HPOS="1433" VPOS="2259" WIDTH="58" HEIGHT="37" WC="0.96" CONTENT="för"/><SP WIDTH="19" VPOS="2259" HPOS="1491"/>
							<String ID="string_369" HPOS="1510" VPOS="2261" WIDTH="76" HEIGHT="34" WC="0.96" CONTENT="min"/><SP WIDTH="21" VPOS="2261" HPOS="1586"/>
							<String ID="string_370" HPOS="1607" VPOS="2260" WIDTH="60" HEIGHT="35" WC="0.95" CONTENT="del"/><SP WIDTH="21" VPOS="2260" HPOS="1667"/>
							<String ID="string_371" HPOS="1688" VPOS="2259" WIDTH="82" HEIGHT="36" WC="0.93" CONTENT="icke"/><SP WIDTH="22" VPOS="2259" HPOS="1770"/>
							<String ID="string_372" HPOS="1792" VPOS="2259" WIDTH="224" HEIGHT="47" WC="0.92" CONTENT="obetingadt"/>
						</TextLine>
						<TextLine ID="line_38" HPOS="408" VPOS="2310" WIDTH="1610" HEIGHT="50">
							<String ID="string_373" HPOS="408" VPOS="2312" WIDTH="73" HEIGHT="36" WC="0.96" CONTENT="kan"/><SP WIDTH="28" VPOS="2312" HPOS="481"/>
							<String ID="string_374" HPOS="509" VPOS="2313" WIDTH="90" HEIGHT="47" WC="0.93" CONTENT="gilla"/><SP WIDTH="29" VPOS="2313" HPOS="599"/>
							<String ID="string_375" HPOS="628" VPOS="2313" WIDTH="168" HEIGHT="35" WC="0.92" CONTENT="hvarken"/><SP WIDTH="28" VPOS="2313" HPOS="796"/>
							<String ID="string_376" HPOS="824" VPOS="2313" WIDTH="73" HEIGHT="35" WC="0.90" CONTENT="den"/><SP WIDTH="19" VPOS="2313" HPOS="897"/>
							<String ID="string_377" HPOS="916" VPOS="2312" WIDTH="322" HEIGHT="48" WC="0.90" CONTENT="»förutsättning»,"/><SP WIDTH="23" VPOS="2312" HPOS="1238"/>
							<String ID="string_378" HPOS="1261" VPOS="2311" WIDTH="215" HEIGHT="37" WC="0.92" CONTENT="hvarunder"/><SP WIDTH="20" VPOS="2311" HPOS="1476"/>
							<String ID="string_379" HPOS="1496" VPOS="2310" WIDTH="72" HEIGHT="37" WC="0.92" CONTENT="den"/><SP WIDTH="17" VPOS="2310" HPOS="1568"/>
							<String ID="string_380" HPOS="1585" VPOS="2311" WIDTH="125" HEIGHT="47" WC="0.86" CONTENT="kongl."/><SP WIDTH="19" VPOS="2311" HPOS="1710"/>
							<String ID="string_381" HPOS="1729" VPOS="2310" WIDTH="289" HEIGHT="48" WC="0.95" CONTENT="propositionen"/>
						</TextLine>
					</TextBlock>
				</ComposedBlock>
			</PrintSpace>
		</Page>
	</Layout>
</alto>
