2176 2624
605 174 363 44 Bevillningsutskottets
993 172 206 36 Betänkande
1223 173 60 35 N:o
1308 176 50 34 49.
1714 171 16 35 i

895 951 77 42 N:o
1001 951 79 44 49.

763 1110 83 30 Ank.
872 1110 46 29 till
941 1110 108 30 Riksd.
1074 1110 99 30 kansli
1196 1110 56 30 den
1277 1111 41 30 28
1342 1111 76 37 april
1443 1110 95 38 1908,
1562 1112 44 31 kl.
1633 1112 39 29 12
1696 1111 88 31 midd.

386 1256 250 44 Betänkande,
666 1257 184 46 angående
878 1268 44 26 en
950 1258 251 37 inkomstskatt
1222 1257 69 45 för
1318 1260 43 35 år
1387 1261 111 36 1904.

317 1410 131 38 Under
485 1411 238 50 åberopande
761 1411 42 37 af
835 1411 147 50 bilagdt
1019 1411 138 50 utdrag
1186 1412 40 37 af
1254 1413 230 49 protokollet
1512 1414 106 38 öfver
1645 1415 139 38 finans-

186 1463 170 37 ärenden
399 1464 58 36 för
496 1463 74 37 den
612 1465 47 35 30
702 1463 171 38 sistlidne
903 1464 153 49 januari
1086 1464 70 37 har
1182 1464 13 37 i
1223 1477 48 25 en
1299 1466 58 37 till
1385 1466 188 38 utskottet
1600 1468 185 38 hänvisad

187 1515 248 50 proposition,
468 1529 62 23 n:o
558 1516 62 47 42,
649 1515 141 49 Kungl.
823 1516 111 49 Maj:t
961 1515 198 51 föreslagit
1186 1516 223 50 Riksdagen

316 1567 81 37 dels
437 1572 57 31 att
534 1567 61 36 för
636 1570 40 33 år
720 1569 98 35 1904
849 1568 60 36 till
937 1568 245 50 upptagande
1209 1568 13 37 i
1249 1569 208 38 riksstaten
1485 1571 60 37 för
1573 1585 143 24 samma
1745 1575 41 35 år

187 1621 113 47 åtaga
337 1619 62 48 sig
440 1632 47 23 en
529 1620 164 36 särskild
720 1619 214 50 bevillning
963 1621 42 36 af
1033 1622 226 46 11,000,000
1287 1621 141 38 kronor
1455 1623 121 37 under
1603 1637 117 24 namn
1748 1625 42 37 af

186 1671 282 47 inkomstskatt,
511 1675 56 32 att
608 1674 47 46 på
692 1671 199 37 enahanda
920 1676 76 31 sätt
1024 1685 80 23 som
1132 1672 267 50 bevillningen
1427 1675 42 36 af
1493 1676 75 36 fast
1596 1676 188 49 egendom

187 1727 100 31 samt
313 1722 41 36 af
391 1722 169 37 inkomst
592 1722 62 36 vid
683 1722 45 37 de
758 1725 41 34 år
829 1724 97 35 1905
955 1722 206 38 infallande
1191 1724 378 49 uppbördsstämmor
1596 1727 189 50 uppbäras

187 1774 70 37 och
286 1774 11 36 1
326 1773 162 50 behörig
517 1774 166 49 ordning
710 1774 205 48 redovisas,

316 1825 82 37 dels
426 1826 70 36 ock
526 1830 54 32 att
608 1826 160 48 besluta,
790 1831 55 32 att
873 1826 166 37 nämnda
1058 1826 274 39 inkomstskatt
1351 1828 97 37 skall
1467 1832 93 46 utgå
1580 1829 12 39 i
1613 1831 173 49 enlighet

187 1877 83 37 med
300 1877 86 48 den,
411 1877 155 49 jämlikt
598 1879 96 36 1902
723 1881 60 34 års
811 1878 192 49 Riksdags
1030 1878 136 48 beslut,
1196 1879 73 37 den
1299 1882 46 35 21
1371 1880 85 49 juni
1485 1894 143 25 samma
1657 1886 41 33 år
1726 1889 58 31 ut-

185 1929 168 48 färdade,
383 1929 59 37 för
470 1929 259 38 innevarande
759 1933 41 34 år
827 1930 178 49 gällande
1036 1930 227 50 förordning
1291 1945 62 23 om
1380 1932 286 50 inkomstskatt,
1688 1935 97 37 dock

187 1985 55 31 att
273 1982 45 34 10
348 1980 21 49 $
397 1981 13 36 i
438 1981 275 49 förordningen
742 1987 96 31 samt
867 1982 46 37 de
942 1981 184 37 särskilda
1146 1983 299 49 anvisningarna
1464 1986 59 36 för
1542 1986 159 49 ledning
1720 1987 64 36 vid

186 2032 525 49 inkomstskattetaxeringen
735 2034 122 48 jämte
887 2034 64 35 det
978 2033 62 36 vid
1071 2033 277 50 förordningen
1368 2036 138 48 fogade
1526 2037 181 37 formulär
1726 2038 59 37 till

186 2083 316 48 taxeringslängd
545 2084 107 36 skola
694 2085 142 36 erhålla
878 2085 74 35 den
992 2084 226 37 förändrade
1260 2087 158 48 lydelse,
1461 2101 81 23 som
1572 2090 40 35 af
1637 2094 55 31 ett
1720 2089 62 36 vid

185 2135 291 48 propositionen
509 2135 137 48 fogadt
674 2135 145 49 förslag
847 2135 155 37 utvisas.

314 2185 135 49 Enligt
487 2186 103 36 detta
630 2186 144 50 förslag
815 2187 121 36 skulle
979 2188 218 37 nuvarande
1243 2189 123 49 punkt
1396 2192 58 34 6:0
1483 2191 12 35 i
1523 2191 46 36 de
1598 2191 187 37 särskilda

189 2237 300 49 anvisningarna
536 2238 205 37 betecknas
788 2239 85 36 med
919 2241 57 33 7:o
1023 2239 68 37 och
1122 2239 11 36 i
1161 2240 124 49 punkt
1327 2244 59 34 6:o
1428 2242 171 37 däremot
1640 2243 144 36 lämnas

275 2297 74 32 Bih.
375 2298 49 32 till
448 2297 111 32 RBiksd.
585 2298 78 32 Prot
688 2300 94 32 1903.
828 2301 20 29 5
872 2299 98 32 Saml.
998 2300 17 30 1
1042 2299 76 41 Afd.
1144 2303 41 30 40
1208 2301 95 40 Häft.
1350 2301 76 40 (N:o
1451 2303 64 40 49)
1724 2305 13 31 1
