<?xml version="1.0" encoding="UTF-8"?>
<alto xmlns="http://www.loc.gov/standards/alto/ns-v3#" xmlns:xlink="http://www.w3.org/1999/xlink" xmlns:xsi="http://www.w3.org/2001/XMLSchema-instance" xsi:schemaLocation="http://www.loc.gov/standards/alto/ns-v3# http://www.loc.gov/alto/v3/alto-3-0.xsd">
	<Description>
		<MeasurementUnit>pixel</MeasurementUnit>
		<sourceImageInformation>
			<fileName>/tmp/tess_mntz1sif_input.PNG</fileName>
		</sourceImageInformation>
		<OCRProcessing ID="OCR_0">
			<ocrProcessingStep>
				<processingSoftware>
					<softwareName>tesseract 5.3.0</softwareName>
				</processingSoftware>
			</ocrProcessingStep>
		</OCRProcessing>
	</Description>
	<Layout>
		<Page WIDTH="2208" HEIGHT="2660" PHYSICAL_IMG_NR="0" ID="page_0">
			<PrintSpace HPOS="0" VPOS="0" WIDTH="2208" HEIGHT="2660">
				<ComposedBlock ID="cblock_0" HPOS="744" VPOS="223" WIDTH="1052" HEIGHT="41">
					<TextBlock ID="block_0" HPOS="744" VPOS="223" WIDTH="1052" HEIGHT="41">
						<TextLine ID="line_0" HPOS="744" VPOS="223" WIDTH="1052" HEIGHT="41">
							<String ID="string_0" HPOS="744" VPOS="223" WIDTH="235" HEIGHT="41" WC="0.92" CONTENT="Lagutskottets"/><SP WIDTH="29" VPOS="223" HPOS="979"/>
							<String ID="string_1" HPOS="1008" VPOS="223" WIDTH="174" HEIGHT="34" WC="0.96" CONTENT="Utlåtande"/><SP WIDTH="26" VPOS="223" HPOS="1182"/>
							<String ID="string_2" HPOS="1208" VPOS="225" WIDTH="62" HEIGHT="32" WC="0.90" CONTENT="N:o"/><SP WIDTH="24" VPOS="225" HPOS="1270"/>
							<String ID="string_3" HPOS="1294" VPOS="227" WIDTH="29" HEIGHT="31" WC="0.96" CONTENT="9."/><SP WIDTH="454" VPOS="227" HPOS="1323"/>
							<String ID="string_4" HPOS="1777" VPOS="229" WIDTH="19" HEIGHT="31" WC="0.96" CONTENT="3"/>
						</TextLine>
					</TextBlock>
				</ComposedBlock>
				<ComposedBlock ID="cblock_1" HPOS="222" VPOS="300" WIDTH="1619" HEIGHT="2081">
					<TextBlock ID="block_1" HPOS="231" VPOS="300" WIDTH="1610" HEIGHT="579">
						<TextLine ID="line_1" HPOS="233" VPOS="300" WIDTH="1606" HEIGHT="57">
							<String ID="string_5" HPOS="233" VPOS="300" WIDTH="122" HEIGHT="38" WC="0.96" CONTENT="delats"/><SP WIDTH="18" VPOS="300" HPOS="355"/>
							<String ID="string_6" HPOS="373" VPOS="300" WIDTH="166" HEIGHT="49" WC="0.96" CONTENT="följande"/><SP WIDTH="21" VPOS="300" HPOS="539"/>
							<String ID="string_7" HPOS="560" VPOS="302" WIDTH="304" HEIGHT="38" WC="0.91" CONTENT="bestämmelser:"/><SP WIDTH="21" VPOS="302" HPOS="864"/>
							<String ID="string_8" HPOS="885" VPOS="304" WIDTH="133" HEIGHT="37" WC="0.91" CONTENT="»Visar"/><SP WIDTH="19" VPOS="304" HPOS="1018"/>
							<String ID="string_9" HPOS="1037" VPOS="304" WIDTH="236" HEIGHT="38" WC="0.91" CONTENT="embetsman"/><SP WIDTH="20" VPOS="304" HPOS="1273"/>
							<String ID="string_10" HPOS="1293" VPOS="306" WIDTH="249" HEIGHT="49" WC="0.96" CONTENT="vårdslöshet,"/><SP WIDTH="22" VPOS="306" HPOS="1542"/>
							<String ID="string_11" HPOS="1564" VPOS="308" WIDTH="275" HEIGHT="49" WC="0.95" CONTENT="försummelse,"/>
						</TextLine>
						<TextLine ID="line_2" HPOS="233" VPOS="353" WIDTH="1608" HEIGHT="55">
							<String ID="string_12" HPOS="233" VPOS="353" WIDTH="196" HEIGHT="37" WC="0.91" CONTENT="oförstånd"/><SP WIDTH="41" VPOS="353" HPOS="429"/>
							<String ID="string_13" HPOS="470" VPOS="353" WIDTH="93" HEIGHT="38" WC="0.92" CONTENT="eller"/><SP WIDTH="40" VPOS="353" HPOS="563"/>
							<String ID="string_14" HPOS="603" VPOS="355" WIDTH="255" HEIGHT="50" WC="0.91" CONTENT="oskicklighet"/><SP WIDTH="40" VPOS="355" HPOS="858"/>
							<String ID="string_15" HPOS="898" VPOS="356" WIDTH="12" HEIGHT="37" WC="0.95" CONTENT="i"/><SP WIDTH="42" VPOS="356" HPOS="910"/>
							<String ID="string_16" HPOS="952" VPOS="357" WIDTH="65" HEIGHT="36" WC="0.92" CONTENT="sitt"/><SP WIDTH="43" VPOS="357" HPOS="1017"/>
							<String ID="string_17" HPOS="1060" VPOS="358" WIDTH="162" HEIGHT="47" WC="0.91" CONTENT="embete,"/><SP WIDTH="38" VPOS="358" HPOS="1222"/>
							<String ID="string_18" HPOS="1260" VPOS="359" WIDTH="71" HEIGHT="36" WC="0.96" CONTENT="och"/><SP WIDTH="28" VPOS="359" HPOS="1331"/>
							<String ID="string_19" HPOS="1359" VPOS="364" WIDTH="41" HEIGHT="31" WC="0.96" CONTENT="är"/><SP WIDTH="28" VPOS="364" HPOS="1400"/>
							<String ID="string_20" HPOS="1428" VPOS="360" WIDTH="34" HEIGHT="48" WC="0.96" CONTENT="ej"/><SP WIDTH="32" VPOS="360" HPOS="1462"/>
							<String ID="string_21" HPOS="1494" VPOS="360" WIDTH="181" HEIGHT="37" WC="0.96" CONTENT="särskildt"/><SP WIDTH="26" VPOS="360" HPOS="1675"/>
							<String ID="string_22" HPOS="1701" VPOS="374" WIDTH="140" HEIGHT="24" WC="0.96" CONTENT="ansvar"/>
						</TextLine>
						<TextLine ID="line_3" HPOS="233" VPOS="405" WIDTH="1605" HEIGHT="56">
							<String ID="string_23" HPOS="233" VPOS="405" WIDTH="88" HEIGHT="37" WC="0.92" CONTENT="derå"/><SP WIDTH="29" VPOS="405" HPOS="321"/>
							<String ID="string_24" HPOS="350" VPOS="413" WIDTH="92" HEIGHT="38" WC="0.93" CONTENT="satt;"/><SP WIDTH="30" VPOS="413" HPOS="442"/>
							<String ID="string_25" HPOS="472" VPOS="407" WIDTH="151" HEIGHT="37" WC="0.90" CONTENT="straffes"/><SP WIDTH="30" VPOS="407" HPOS="623"/>
							<String ID="string_26" HPOS="653" VPOS="408" WIDTH="85" HEIGHT="36" WC="0.96" CONTENT="med"/><SP WIDTH="29" VPOS="408" HPOS="738"/>
							<String ID="string_27" HPOS="767" VPOS="409" WIDTH="105" HEIGHT="35" WC="0.96" CONTENT="böter"/><SP WIDTH="27" VPOS="409" HPOS="872"/>
							<String ID="string_28" HPOS="899" VPOS="409" WIDTH="92" HEIGHT="37" WC="0.93" CONTENT="eller"/><SP WIDTH="28" VPOS="409" HPOS="991"/>
							<String ID="string_29" HPOS="1019" VPOS="410" WIDTH="184" HEIGHT="49" WC="0.91" CONTENT="mistning"/><SP WIDTH="28" VPOS="410" HPOS="1203"/>
							<String ID="string_30" HPOS="1231" VPOS="411" WIDTH="42" HEIGHT="35" WC="0.93" CONTENT="af"/><SP WIDTH="25" VPOS="411" HPOS="1273"/>
							<String ID="string_31" HPOS="1298" VPOS="412" WIDTH="165" HEIGHT="36" WC="0.91" CONTENT="embetet"/><SP WIDTH="21" VPOS="412" HPOS="1463"/>
							<String ID="string_32" HPOS="1484" VPOS="415" WIDTH="49" HEIGHT="46" WC="0.96" CONTENT="på"/><SP WIDTH="19" VPOS="415" HPOS="1533"/>
							<String ID="string_33" HPOS="1552" VPOS="413" WIDTH="77" HEIGHT="36" WC="0.96" CONTENT="viss"/><SP WIDTH="19" VPOS="413" HPOS="1629"/>
							<String ID="string_34" HPOS="1648" VPOS="413" WIDTH="65" HEIGHT="37" WC="0.93" CONTENT="tid."/><SP WIDTH="48" VPOS="413" HPOS="1713"/>
							<String ID="string_35" HPOS="1761" VPOS="407" WIDTH="77" HEIGHT="44" WC="0.91" CONTENT="Åro"/>
						</TextLine>
						<TextLine ID="line_4" HPOS="233" VPOS="457" WIDTH="1605" HEIGHT="56">
							<String ID="string_36" HPOS="233" VPOS="457" WIDTH="377" HEIGHT="50" WC="0.95" CONTENT="omständigheterna"/><SP WIDTH="42" VPOS="457" HPOS="610"/>
							<String ID="string_37" HPOS="652" VPOS="460" WIDTH="244" HEIGHT="48" WC="0.95" CONTENT="synnerligen"/><SP WIDTH="41" VPOS="460" HPOS="896"/>
							<String ID="string_38" HPOS="937" VPOS="461" WIDTH="254" HEIGHT="48" WC="0.95" CONTENT="försvårande,"/><SP WIDTH="45" VPOS="461" HPOS="1191"/>
							<String ID="string_39" HPOS="1236" VPOS="465" WIDTH="61" HEIGHT="34" WC="0.95" CONTENT="må"/><SP WIDTH="42" VPOS="465" HPOS="1297"/>
							<String ID="string_40" HPOS="1339" VPOS="463" WIDTH="58" HEIGHT="37" WC="0.93" CONTENT="till"/><SP WIDTH="37" VPOS="463" HPOS="1397"/>
							<String ID="string_41" HPOS="1434" VPOS="464" WIDTH="212" HEIGHT="49" WC="0.90" CONTENT="afsättning"/><SP WIDTH="28" VPOS="464" HPOS="1646"/>
							<String ID="string_42" HPOS="1674" VPOS="466" WIDTH="164" HEIGHT="36" WC="0.93" CONTENT="dömas.»"/>
						</TextLine>
						<TextLine ID="line_5" HPOS="232" VPOS="510" WIDTH="1607" HEIGHT="57">
							<String ID="string_43" HPOS="232" VPOS="510" WIDTH="54" HEIGHT="36" WC="0.96" CONTENT="Af"/><SP WIDTH="38" VPOS="510" HPOS="286"/>
							<String ID="string_44" HPOS="324" VPOS="523" WIDTH="47" HEIGHT="24" WC="0.92" CONTENT="en"/><SP WIDTH="29" VPOS="523" HPOS="371"/>
							<String ID="string_45" HPOS="400" VPOS="510" WIDTH="222" HEIGHT="48" WC="0.92" CONTENT="jemförelse"/><SP WIDTH="30" VPOS="510" HPOS="622"/>
							<String ID="string_46" HPOS="652" VPOS="512" WIDTH="163" HEIGHT="37" WC="0.96" CONTENT="emellan"/><SP WIDTH="30" VPOS="512" HPOS="815"/>
							<String ID="string_47" HPOS="845" VPOS="515" WIDTH="21" HEIGHT="34" WC="0.93" CONTENT="3"/><SP WIDTH="30" VPOS="515" HPOS="866"/>
							<String ID="string_48" HPOS="896" VPOS="512" WIDTH="20" HEIGHT="50" WC="0.38" CONTENT="$"/><SP WIDTH="30" VPOS="512" HPOS="916"/>
							<String ID="string_49" HPOS="946" VPOS="513" WIDTH="70" HEIGHT="37" WC="0.96" CONTENT="och"/><SP WIDTH="31" VPOS="513" HPOS="1016"/>
							<String ID="string_50" HPOS="1047" VPOS="515" WIDTH="45" HEIGHT="35" WC="0.92" CONTENT="18"/><SP WIDTH="32" VPOS="515" HPOS="1092"/>
							<String ID="string_51" HPOS="1124" VPOS="513" WIDTH="21" HEIGHT="50" WC="0.89" CONTENT="$"/><SP WIDTH="30" VPOS="513" HPOS="1145"/>
							<String ID="string_52" HPOS="1175" VPOS="514" WIDTH="121" HEIGHT="50" WC="0.96" CONTENT="tredje"/><SP WIDTH="29" VPOS="514" HPOS="1296"/>
							<String ID="string_53" HPOS="1325" VPOS="516" WIDTH="171" HEIGHT="48" WC="0.96" CONTENT="punkten"/><SP WIDTH="28" VPOS="516" HPOS="1496"/>
							<String ID="string_54" HPOS="1524" VPOS="517" WIDTH="12" HEIGHT="36" WC="0.96" CONTENT="i"/><SP WIDTH="30" VPOS="517" HPOS="1536"/>
							<String ID="string_55" HPOS="1566" VPOS="517" WIDTH="273" HEIGHT="50" WC="0.96" CONTENT="förordningen"/>
						</TextLine>
						<TextLine ID="line_6" HPOS="233" VPOS="562" WIDTH="1603" HEIGHT="56">
							<String ID="string_56" HPOS="233" VPOS="575" WIDTH="61" HEIGHT="23" WC="0.90" CONTENT="om"/><SP WIDTH="30" VPOS="575" HPOS="294"/>
							<String ID="string_57" HPOS="324" VPOS="562" WIDTH="240" HEIGHT="50" WC="0.53" CONTENT="strafflagens"/><SP WIDTH="28" VPOS="562" HPOS="564"/>
							<String ID="string_58" HPOS="592" VPOS="563" WIDTH="199" HEIGHT="38" WC="0.93" CONTENT="införande"/><SP WIDTH="29" VPOS="563" HPOS="791"/>
							<String ID="string_59" HPOS="820" VPOS="564" WIDTH="215" HEIGHT="50" WC="0.92" CONTENT="framginge"/><SP WIDTH="29" VPOS="564" HPOS="1035"/>
							<String ID="string_60" HPOS="1064" VPOS="566" WIDTH="223" HEIGHT="46" WC="0.95" CONTENT="emellertid,"/><SP WIDTH="28" VPOS="566" HPOS="1287"/>
							<String ID="string_61" HPOS="1315" VPOS="573" WIDTH="55" HEIGHT="30" WC="0.96" CONTENT="att"/><SP WIDTH="27" VPOS="573" HPOS="1370"/>
							<String ID="string_62" HPOS="1397" VPOS="581" WIDTH="91" HEIGHT="35" WC="0.96" CONTENT="nyss"/><SP WIDTH="26" VPOS="581" HPOS="1488"/>
							<String ID="string_63" HPOS="1514" VPOS="569" WIDTH="155" HEIGHT="36" WC="0.96" CONTENT="anförda"/><SP WIDTH="20" VPOS="569" HPOS="1669"/>
							<String ID="string_64" HPOS="1689" VPOS="570" WIDTH="147" HEIGHT="48" WC="0.96" CONTENT="lagrum"/>
						</TextLine>
						<TextLine ID="line_7" HPOS="231" VPOS="613" WIDTH="1606" HEIGHT="57">
							<String ID="string_65" HPOS="231" VPOS="614" WIDTH="12" HEIGHT="36" WC="0.94" CONTENT="i"/><SP WIDTH="42" VPOS="614" HPOS="243"/>
							<String ID="string_66" HPOS="285" VPOS="613" WIDTH="228" HEIGHT="50" WC="0.53" CONTENT="strafflagen,"/><SP WIDTH="43" VPOS="613" HPOS="513"/>
							<String ID="string_67" HPOS="556" VPOS="615" WIDTH="118" HEIGHT="37" WC="0.96" CONTENT="ehuru"/><SP WIDTH="43" VPOS="615" HPOS="674"/>
							<String ID="string_68" HPOS="717" VPOS="616" WIDTH="86" HEIGHT="38" WC="0.96" CONTENT="dess"/><SP WIDTH="45" VPOS="616" HPOS="803"/>
							<String ID="string_69" HPOS="848" VPOS="617" WIDTH="164" HEIGHT="37" WC="0.95" CONTENT="innehåll"/><SP WIDTH="33" VPOS="617" HPOS="1012"/>
							<String ID="string_70" HPOS="1045" VPOS="618" WIDTH="246" HEIGHT="49" WC="0.96" CONTENT="synnerligen"/><SP WIDTH="31" VPOS="618" HPOS="1291"/>
							<String ID="string_71" HPOS="1322" VPOS="619" WIDTH="60" HEIGHT="36" WC="0.96" CONTENT="väl"/><SP WIDTH="28" VPOS="619" HPOS="1382"/>
							<String ID="string_72" HPOS="1410" VPOS="620" WIDTH="124" HEIGHT="37" WC="0.96" CONTENT="kunde"/><SP WIDTH="31" VPOS="620" HPOS="1534"/>
							<String ID="string_73" HPOS="1565" VPOS="634" WIDTH="112" HEIGHT="36" WC="0.96" CONTENT="passa"/><SP WIDTH="27" VPOS="634" HPOS="1677"/>
							<String ID="string_74" HPOS="1704" VPOS="622" WIDTH="59" HEIGHT="36" WC="0.96" CONTENT="för"/><SP WIDTH="28" VPOS="622" HPOS="1763"/>
							<String ID="string_75" HPOS="1791" VPOS="635" WIDTH="46" HEIGHT="24" WC="0.96" CONTENT="en"/>
						</TextLine>
						<TextLine ID="line_8" HPOS="231" VPOS="666" WIDTH="1605" HEIGHT="53">
							<String ID="string_76" HPOS="231" VPOS="666" WIDTH="265" HEIGHT="37" WC="0.96" CONTENT="försummelse"/><SP WIDTH="43" VPOS="666" HPOS="496"/>
							<String ID="string_77" HPOS="539" VPOS="667" WIDTH="41" HEIGHT="36" WC="0.96" CONTENT="af"/><SP WIDTH="37" VPOS="667" HPOS="580"/>
							<String ID="string_78" HPOS="617" VPOS="668" WIDTH="72" HEIGHT="37" WC="0.96" CONTENT="den"/><SP WIDTH="40" VPOS="668" HPOS="689"/>
							<String ID="string_79" HPOS="729" VPOS="669" WIDTH="14" HEIGHT="36" WC="0.93" CONTENT="i"/><SP WIDTH="39" VPOS="669" HPOS="743"/>
							<String ID="string_80" HPOS="782" VPOS="668" WIDTH="129" HEIGHT="50" WC="0.86" CONTENT="kongl."/><SP WIDTH="43" VPOS="668" HPOS="911"/>
							<String ID="string_81" HPOS="954" VPOS="669" WIDTH="148" HEIGHT="38" WC="0.92" CONTENT="brefvet"/><SP WIDTH="33" VPOS="669" HPOS="1102"/>
							<String ID="string_82" HPOS="1135" VPOS="670" WIDTH="73" HEIGHT="37" WC="0.96" CONTENT="den"/><SP WIDTH="34" VPOS="670" HPOS="1208"/>
							<String ID="string_83" HPOS="1242" VPOS="673" WIDTH="48" HEIGHT="34" WC="0.96" CONTENT="22"/><SP WIDTH="37" VPOS="673" HPOS="1290"/>
							<String ID="string_84" HPOS="1327" VPOS="672" WIDTH="73" HEIGHT="47" WC="0.96" CONTENT="maj"/><SP WIDTH="35" VPOS="672" HPOS="1400"/>
							<String ID="string_85" HPOS="1435" VPOS="674" WIDTH="97" HEIGHT="35" WC="0.91" CONTENT="1816"/><SP WIDTH="30" VPOS="674" HPOS="1532"/>
							<String ID="string_86" HPOS="1562" VPOS="674" WIDTH="274" HEIGHT="38" WC="0.91" CONTENT="underdomare"/>
						</TextLine>
						<TextLine ID="line_9" HPOS="232" VPOS="718" WIDTH="1604" HEIGHT="51">
							<String ID="string_87" HPOS="232" VPOS="718" WIDTH="138" HEIGHT="49" WC="0.90" CONTENT="ålagda"/><SP WIDTH="29" VPOS="718" HPOS="370"/>
							<String ID="string_88" HPOS="399" VPOS="719" WIDTH="233" HEIGHT="49" WC="0.96" CONTENT="skyldighet,"/><SP WIDTH="25" VPOS="719" HPOS="632"/>
							<String ID="string_89" HPOS="657" VPOS="720" WIDTH="117" HEIGHT="37" WC="0.96" CONTENT="likväl"/><SP WIDTH="29" VPOS="720" HPOS="774"/>
							<String ID="string_90" HPOS="803" VPOS="721" WIDTH="84" HEIGHT="37" WC="0.93" CONTENT="icke"/><SP WIDTH="28" VPOS="721" HPOS="887"/>
							<String ID="string_91" HPOS="915" VPOS="722" WIDTH="112" HEIGHT="47" WC="0.92" CONTENT="gälde"/><SP WIDTH="29" VPOS="722" HPOS="1027"/>
							<String ID="string_92" HPOS="1056" VPOS="723" WIDTH="60" HEIGHT="36" WC="0.97" CONTENT="för"/><SP WIDTH="28" VPOS="723" HPOS="1116"/>
							<String ID="string_93" HPOS="1144" VPOS="723" WIDTH="120" HEIGHT="36" WC="0.96" CONTENT="sådan"/><SP WIDTH="27" VPOS="723" HPOS="1264"/>
							<String ID="string_94" HPOS="1291" VPOS="723" WIDTH="276" HEIGHT="39" WC="0.96" CONTENT="försummelse."/><SP WIDTH="43" VPOS="723" HPOS="1567"/>
							<String ID="string_95" HPOS="1610" VPOS="726" WIDTH="18" HEIGHT="36" WC="0.96" CONTENT="I"/><SP WIDTH="27" VPOS="726" HPOS="1628"/>
							<String ID="string_96" HPOS="1655" VPOS="726" WIDTH="181" HEIGHT="37" WC="0.96" CONTENT="händelse"/>
						</TextLine>
						<TextLine ID="line_10" HPOS="232" VPOS="770" WIDTH="1603" HEIGHT="50">
							<String ID="string_97" HPOS="232" VPOS="771" WIDTH="117" HEIGHT="36" WC="0.96" CONTENT="sådan"/><SP WIDTH="28" VPOS="771" HPOS="349"/>
							<String ID="string_98" HPOS="377" VPOS="770" WIDTH="214" HEIGHT="50" WC="0.95" CONTENT="inträffade,"/><SP WIDTH="30" VPOS="770" HPOS="591"/>
							<String ID="string_99" HPOS="621" VPOS="786" WIDTH="88" HEIGHT="23" WC="0.96" CONTENT="vore"/><SP WIDTH="30" VPOS="786" HPOS="709"/>
							<String ID="string_100" HPOS="739" VPOS="773" WIDTH="126" HEIGHT="37" WC="0.96" CONTENT="derför"/><SP WIDTH="27" VPOS="773" HPOS="865"/>
							<String ID="string_101" HPOS="892" VPOS="773" WIDTH="45" HEIGHT="36" WC="0.96" CONTENT="de"/><SP WIDTH="28" VPOS="773" HPOS="937"/>
							<String ID="string_102" HPOS="965" VPOS="774" WIDTH="12" HEIGHT="36" WC="0.96" CONTENT="i"/><SP WIDTH="26" VPOS="774" HPOS="977"/>
							<String ID="string_103" HPOS="1003" VPOS="774" WIDTH="46" HEIGHT="37" WC="0.96" CONTENT="de"/><SP WIDTH="20" VPOS="774" HPOS="1049"/>
							<String ID="string_104" HPOS="1069" VPOS="774" WIDTH="103" HEIGHT="37" WC="0.96" CONTENT="äldre"/><SP WIDTH="21" VPOS="774" HPOS="1172"/>
							<String ID="string_105" HPOS="1193" VPOS="775" WIDTH="286" HEIGHT="38" WC="0.96" CONTENT="föreskrifterna"/><SP WIDTH="22" VPOS="775" HPOS="1479"/>
							<String ID="string_106" HPOS="1501" VPOS="777" WIDTH="221" HEIGHT="38" WC="0.93" CONTENT="meddelade"/><SP WIDTH="20" VPOS="777" HPOS="1722"/>
							<String ID="string_107" HPOS="1742" VPOS="778" WIDTH="93" HEIGHT="37" WC="0.91" CONTENT="tids-"/>
						</TextLine>
						<TextLine ID="line_11" HPOS="231" VPOS="823" WIDTH="1551" HEIGHT="56">
							<String ID="string_108" HPOS="231" VPOS="823" WIDTH="71" HEIGHT="36" WC="0.93" CONTENT="och"/><SP WIDTH="29" VPOS="823" HPOS="302"/>
							<String ID="string_109" HPOS="331" VPOS="823" WIDTH="450" HEIGHT="39" WC="0.92" CONTENT="straffbestämmelserna"/><SP WIDTH="27" VPOS="823" HPOS="781"/>
							<String ID="string_110" HPOS="808" VPOS="826" WIDTH="120" HEIGHT="37" WC="0.96" CONTENT="under"/><SP WIDTH="27" VPOS="826" HPOS="928"/>
							<String ID="string_111" HPOS="955" VPOS="826" WIDTH="72" HEIGHT="37" WC="0.96" CONTENT="alla"/><SP WIDTH="32" VPOS="826" HPOS="1027"/>
							<String ID="string_112" HPOS="1059" VPOS="826" WIDTH="261" HEIGHT="37" WC="0.96" CONTENT="förhållanden"/><SP WIDTH="30" VPOS="826" HPOS="1320"/>
							<String ID="string_113" HPOS="1350" VPOS="827" WIDTH="45" HEIGHT="37" WC="0.96" CONTENT="de"/><SP WIDTH="29" VPOS="827" HPOS="1395"/>
							<String ID="string_114" HPOS="1424" VPOS="828" WIDTH="96" HEIGHT="38" WC="0.96" CONTENT="enda"/><SP WIDTH="28" VPOS="828" HPOS="1520"/>
							<String ID="string_115" HPOS="1548" VPOS="829" WIDTH="234" HEIGHT="50" WC="0.96" CONTENT="tillämpliga."/>
						</TextLine>
					</TextBlock>
					<TextBlock ID="block_2" HPOS="227" VPOS="874" WIDTH="1608" HEIGHT="817">
						<TextLine ID="line_12" HPOS="360" VPOS="874" WIDTH="1475" HEIGHT="55">
							<String ID="string_116" HPOS="360" VPOS="874" WIDTH="121" HEIGHT="38" WC="0.95" CONTENT="Dessa"/><SP WIDTH="42" VPOS="874" HPOS="481"/>
							<String ID="string_117" HPOS="523" VPOS="876" WIDTH="250" HEIGHT="49" WC="0.95" CONTENT="föreskrifter,"/><SP WIDTH="43" VPOS="876" HPOS="773"/>
							<String ID="string_118" HPOS="816" VPOS="877" WIDTH="128" HEIGHT="37" WC="0.96" CONTENT="hvilka"/><SP WIDTH="42" VPOS="877" HPOS="944"/>
							<String ID="string_119" HPOS="986" VPOS="878" WIDTH="159" HEIGHT="38" WC="0.96" CONTENT="sålunda"/><SP WIDTH="41" VPOS="878" HPOS="1145"/>
							<String ID="string_120" HPOS="1186" VPOS="879" WIDTH="231" HEIGHT="38" WC="0.96" CONTENT="fortfarande"/><SP WIDTH="28" VPOS="879" HPOS="1417"/>
							<String ID="string_121" HPOS="1445" VPOS="881" WIDTH="150" HEIGHT="48" WC="0.96" CONTENT="reglera"/><SP WIDTH="30" VPOS="881" HPOS="1595"/>
							<String ID="string_122" HPOS="1625" VPOS="882" WIDTH="45" HEIGHT="37" WC="0.91" CONTENT="de"/><SP WIDTH="28" VPOS="882" HPOS="1670"/>
							<String ID="string_123" HPOS="1698" VPOS="883" WIDTH="137" HEIGHT="37" WC="0.91" CONTENT="under-"/>
						</TextLine>
						<TextLine ID="line_13" HPOS="234" VPOS="926" WIDTH="1600" HEIGHT="58">
							<String ID="string_124" HPOS="234" VPOS="926" WIDTH="175" HEIGHT="37" WC="0.91" CONTENT="domares"/><SP WIDTH="30" VPOS="926" HPOS="409"/>
							<String ID="string_125" HPOS="439" VPOS="927" WIDTH="220" HEIGHT="50" WC="0.96" CONTENT="skyldighet"/><SP WIDTH="28" VPOS="927" HPOS="659"/>
							<String ID="string_126" HPOS="687" VPOS="934" WIDTH="56" HEIGHT="32" WC="0.93" CONTENT="att"/><SP WIDTH="28" VPOS="934" HPOS="743"/>
							<String ID="string_127" HPOS="771" VPOS="929" WIDTH="162" HEIGHT="37" WC="0.91" CONTENT="aflemna"/><SP WIDTH="27" VPOS="929" HPOS="933"/>
							<String ID="string_128" HPOS="960" VPOS="930" WIDTH="354" HEIGHT="51" WC="0.87" CONTENT="protokollsutdrag"/><SP WIDTH="27" VPOS="930" HPOS="1314"/>
							<String ID="string_129" HPOS="1341" VPOS="933" WIDTH="159" HEIGHT="36" WC="0.96" CONTENT="rörande"/><SP WIDTH="20" VPOS="933" HPOS="1500"/>
							<String ID="string_130" HPOS="1520" VPOS="934" WIDTH="142" HEIGHT="37" WC="0.96" CONTENT="häktad"/><SP WIDTH="22" VPOS="934" HPOS="1662"/>
							<String ID="string_131" HPOS="1684" VPOS="948" WIDTH="150" HEIGHT="36" WC="0.96" CONTENT="person,"/>
						</TextLine>
						<TextLine ID="line_14" HPOS="232" VPOS="978" WIDTH="1601" HEIGHT="55">
							<String ID="string_132" HPOS="232" VPOS="978" WIDTH="87" HEIGHT="37" WC="0.94" CONTENT="med"/><SP WIDTH="40" VPOS="978" HPOS="319"/>
							<String ID="string_133" HPOS="359" VPOS="979" WIDTH="155" HEIGHT="37" WC="0.94" CONTENT="hvilken"/><SP WIDTH="43" VPOS="979" HPOS="514"/>
							<String ID="string_134" HPOS="557" VPOS="980" WIDTH="156" HEIGHT="37" WC="0.93" CONTENT="fortsatt"/><SP WIDTH="39" VPOS="980" HPOS="713"/>
							<String ID="string_135" HPOS="752" VPOS="982" WIDTH="237" HEIGHT="49" WC="0.91" CONTENT="ransakning"/><SP WIDTH="41" VPOS="982" HPOS="989"/>
							<String ID="string_136" HPOS="1030" VPOS="983" WIDTH="121" HEIGHT="37" WC="0.93" CONTENT="skulle"/><SP WIDTH="38" VPOS="983" HPOS="1151"/>
							<String ID="string_137" HPOS="1189" VPOS="997" WIDTH="74" HEIGHT="35" WC="0.92" CONTENT="ega"/><SP WIDTH="34" VPOS="997" HPOS="1263"/>
							<String ID="string_138" HPOS="1297" VPOS="997" WIDTH="82" HEIGHT="23" WC="0.96" CONTENT="rum"/><SP WIDTH="31" VPOS="997" HPOS="1379"/>
							<String ID="string_139" HPOS="1410" VPOS="985" WIDTH="60" HEIGHT="35" WC="0.96" CONTENT="vid"/><SP WIDTH="31" VPOS="985" HPOS="1470"/>
							<String ID="string_140" HPOS="1501" VPOS="999" WIDTH="127" HEIGHT="23" WC="0.96" CONTENT="annan"/><SP WIDTH="29" VPOS="999" HPOS="1628"/>
							<String ID="string_141" HPOS="1657" VPOS="986" WIDTH="176" HEIGHT="47" WC="0.96" CONTENT="domstol,"/>
						</TextLine>
						<TextLine ID="line_15" HPOS="229" VPOS="1030" WIDTH="1605" HEIGHT="55">
							<String ID="string_142" HPOS="229" VPOS="1030" WIDTH="107" HEIGHT="37" WC="0.96" CONTENT="torde"/><SP WIDTH="43" VPOS="1030" HPOS="336"/>
							<String ID="string_143" HPOS="379" VPOS="1031" WIDTH="94" HEIGHT="38" WC="0.96" CONTENT="dock"/><SP WIDTH="42" VPOS="1031" HPOS="473"/>
							<String ID="string_144" HPOS="515" VPOS="1046" WIDTH="157" HEIGHT="23" WC="0.96" CONTENT="numera"/><SP WIDTH="43" VPOS="1046" HPOS="672"/>
							<String ID="string_145" HPOS="715" VPOS="1033" WIDTH="188" HEIGHT="49" WC="0.96" CONTENT="knappast"/><SP WIDTH="34" VPOS="1033" HPOS="903"/>
							<String ID="string_146" HPOS="937" VPOS="1035" WIDTH="127" HEIGHT="36" WC="0.96" CONTENT="kunna"/><SP WIDTH="33" VPOS="1035" HPOS="1064"/>
							<String ID="string_147" HPOS="1097" VPOS="1048" WIDTH="112" HEIGHT="24" WC="0.96" CONTENT="anses"/><SP WIDTH="29" VPOS="1048" HPOS="1209"/>
							<String ID="string_148" HPOS="1238" VPOS="1038" WIDTH="127" HEIGHT="34" WC="0.95" CONTENT="såsom"/><SP WIDTH="28" VPOS="1038" HPOS="1365"/>
							<String ID="string_149" HPOS="1393" VPOS="1036" WIDTH="217" HEIGHT="49" WC="0.95" CONTENT="tidsenliga."/><SP WIDTH="58" VPOS="1036" HPOS="1610"/>
							<String ID="string_150" HPOS="1668" VPOS="1038" WIDTH="47" HEIGHT="37" WC="0.73" CONTENT="Så"/><SP WIDTH="27" VPOS="1038" HPOS="1715"/>
							<String ID="string_151" HPOS="1742" VPOS="1052" WIDTH="92" HEIGHT="24" WC="0.96" CONTENT="vore"/>
						</TextLine>
						<TextLine ID="line_16" HPOS="231" VPOS="1082" WIDTH="1600" HEIGHT="55">
							<String ID="string_152" HPOS="231" VPOS="1082" WIDTH="63" HEIGHT="37" WC="0.96" CONTENT="det"/><SP WIDTH="28" VPOS="1082" HPOS="294"/>
							<String ID="string_153" HPOS="322" VPOS="1083" WIDTH="61" HEIGHT="36" WC="0.93" CONTENT="väl"/><SP WIDTH="28" VPOS="1083" HPOS="383"/>
							<String ID="string_154" HPOS="411" VPOS="1083" WIDTH="295" HEIGHT="51" WC="0.92" CONTENT="otvifvelaktigt,"/><SP WIDTH="30" VPOS="1083" HPOS="706"/>
							<String ID="string_155" HPOS="736" VPOS="1091" WIDTH="56" HEIGHT="31" WC="0.96" CONTENT="att"/><SP WIDTH="28" VPOS="1091" HPOS="792"/>
							<String ID="string_156" HPOS="820" VPOS="1086" WIDTH="73" HEIGHT="37" WC="0.96" CONTENT="den"/><SP WIDTH="29" VPOS="1086" HPOS="893"/>
							<String ID="string_157" HPOS="922" VPOS="1087" WIDTH="94" HEIGHT="47" WC="0.96" CONTENT="frist,"/><SP WIDTH="29" VPOS="1087" HPOS="1016"/>
							<String ID="string_158" HPOS="1045" VPOS="1087" WIDTH="99" HEIGHT="36" WC="0.96" CONTENT="inom"/><SP WIDTH="21" VPOS="1087" HPOS="1144"/>
							<String ID="string_159" HPOS="1165" VPOS="1087" WIDTH="155" HEIGHT="38" WC="0.93" CONTENT="hvilken"/><SP WIDTH="20" VPOS="1087" HPOS="1320"/>
							<String ID="string_160" HPOS="1340" VPOS="1088" WIDTH="255" HEIGHT="38" WC="0.91" CONTENT="aflemnandet"/><SP WIDTH="21" VPOS="1088" HPOS="1595"/>
							<String ID="string_161" HPOS="1616" VPOS="1090" WIDTH="120" HEIGHT="37" WC="0.96" CONTENT="skulle"/><SP WIDTH="16" VPOS="1090" HPOS="1736"/>
							<String ID="string_162" HPOS="1752" VPOS="1091" WIDTH="79" HEIGHT="46" WC="0.96" CONTENT="ske,"/>
						</TextLine>
						<TextLine ID="line_17" HPOS="230" VPOS="1136" WIDTH="1601" HEIGHT="45">
							<String ID="string_163" HPOS="230" VPOS="1148" WIDTH="158" HEIGHT="24" WC="0.96" CONTENT="numera"/><SP WIDTH="32" VPOS="1148" HPOS="388"/>
							<String ID="string_164" HPOS="420" VPOS="1136" WIDTH="63" HEIGHT="36" WC="0.96" CONTENT="vid"/><SP WIDTH="33" VPOS="1136" HPOS="483"/>
							<String ID="string_165" HPOS="516" VPOS="1136" WIDTH="233" HEIGHT="38" WC="0.92" CONTENT="förbättrade"/><SP WIDTH="29" VPOS="1136" HPOS="749"/>
							<String ID="string_166" HPOS="778" VPOS="1138" WIDTH="487" HEIGHT="39" WC="0.91" CONTENT="samfärdselförhållanden"/><SP WIDTH="31" VPOS="1138" HPOS="1265"/>
							<String ID="string_167" HPOS="1296" VPOS="1140" WIDTH="121" HEIGHT="37" WC="0.96" CONTENT="skulle"/><SP WIDTH="29" VPOS="1140" HPOS="1417"/>
							<String ID="string_168" HPOS="1446" VPOS="1141" WIDTH="126" HEIGHT="37" WC="0.96" CONTENT="kunna"/><SP WIDTH="31" VPOS="1141" HPOS="1572"/>
							<String ID="string_169" HPOS="1603" VPOS="1143" WIDTH="228" HEIGHT="38" WC="0.95" CONTENT="åtminstone"/>
						</TextLine>
						<TextLine ID="line_18" HPOS="230" VPOS="1187" WIDTH="1601" HEIGHT="56">
							<String ID="string_170" HPOS="230" VPOS="1187" WIDTH="11" HEIGHT="36" WC="0.90" CONTENT="i"/><SP WIDTH="29" VPOS="1187" HPOS="241"/>
							<String ID="string_171" HPOS="270" VPOS="1190" WIDTH="128" HEIGHT="46" WC="0.96" CONTENT="någon"/><SP WIDTH="28" VPOS="1190" HPOS="398"/>
							<String ID="string_172" HPOS="426" VPOS="1191" WIDTH="88" HEIGHT="34" WC="0.96" CONTENT="mån"/><SP WIDTH="27" VPOS="1191" HPOS="514"/>
							<String ID="string_173" HPOS="541" VPOS="1188" WIDTH="200" HEIGHT="49" WC="0.94" CONTENT="förkortas,"/><SP WIDTH="30" VPOS="1188" HPOS="741"/>
							<String ID="string_174" HPOS="771" VPOS="1194" WIDTH="55" HEIGHT="33" WC="0.96" CONTENT="ett"/><SP WIDTH="28" VPOS="1194" HPOS="826"/>
							<String ID="string_175" HPOS="854" VPOS="1191" WIDTH="226" HEIGHT="49" WC="0.95" CONTENT="antagande,"/><SP WIDTH="31" VPOS="1191" HPOS="1080"/>
							<String ID="string_176" HPOS="1111" VPOS="1205" WIDTH="81" HEIGHT="23" WC="0.97" CONTENT="som"/><SP WIDTH="28" VPOS="1205" HPOS="1192"/>
							<String ID="string_177" HPOS="1220" VPOS="1192" WIDTH="111" HEIGHT="37" WC="0.96" CONTENT="torde"/><SP WIDTH="28" VPOS="1192" HPOS="1331"/>
							<String ID="string_178" HPOS="1359" VPOS="1192" WIDTH="115" HEIGHT="38" WC="0.95" CONTENT="vinna"/><SP WIDTH="29" VPOS="1192" HPOS="1474"/>
							<String ID="string_179" HPOS="1503" VPOS="1194" WIDTH="86" HEIGHT="36" WC="0.96" CONTENT="stöd"/><SP WIDTH="27" VPOS="1194" HPOS="1589"/>
							<String ID="string_180" HPOS="1616" VPOS="1208" WIDTH="137" HEIGHT="35" WC="0.96" CONTENT="genom"/><SP WIDTH="31" VPOS="1208" HPOS="1753"/>
							<String ID="string_181" HPOS="1784" VPOS="1209" WIDTH="47" HEIGHT="23" WC="0.96" CONTENT="en"/>
						</TextLine>
						<TextLine ID="line_19" HPOS="227" VPOS="1238" WIDTH="1603" HEIGHT="58">
							<String ID="string_182" HPOS="227" VPOS="1238" WIDTH="222" HEIGHT="49" WC="0.61" CONTENT="Jemförelse"/><SP WIDTH="29" VPOS="1238" HPOS="449"/>
							<String ID="string_183" HPOS="478" VPOS="1240" WIDTH="84" HEIGHT="36" WC="0.95" CONTENT="med"/><SP WIDTH="30" VPOS="1240" HPOS="562"/>
							<String ID="string_184" HPOS="592" VPOS="1241" WIDTH="115" HEIGHT="36" WC="0.96" CONTENT="ofvan"/><SP WIDTH="27" VPOS="1241" HPOS="707"/>
							<String ID="string_185" HPOS="734" VPOS="1242" WIDTH="158" HEIGHT="48" WC="0.96" CONTENT="intagna"/><SP WIDTH="28" VPOS="1242" HPOS="892"/>
							<String ID="string_186" HPOS="920" VPOS="1243" WIDTH="191" HEIGHT="37" WC="0.96" CONTENT="föreskrift"/><SP WIDTH="27" VPOS="1243" HPOS="1111"/>
							<String ID="string_187" HPOS="1138" VPOS="1244" WIDTH="12" HEIGHT="36" WC="0.97" CONTENT="i"/><SP WIDTH="23" VPOS="1244" HPOS="1150"/>
							<String ID="string_188" HPOS="1173" VPOS="1244" WIDTH="275" HEIGHT="49" WC="0.96" CONTENT="förordningen"/><SP WIDTH="16" VPOS="1244" HPOS="1448"/>
							<String ID="string_189" HPOS="1464" VPOS="1247" WIDTH="197" HEIGHT="48" WC="0.93" CONTENT="angående"/><SP WIDTH="16" VPOS="1247" HPOS="1661"/>
							<String ID="string_190" HPOS="1677" VPOS="1248" WIDTH="153" HEIGHT="48" WC="0.92" CONTENT="expedi-"/>
						</TextLine>
						<TextLine ID="line_20" HPOS="230" VPOS="1290" WIDTH="1600" HEIGHT="57">
							<String ID="string_191" HPOS="230" VPOS="1290" WIDTH="222" HEIGHT="38" WC="0.92" CONTENT="tionslösen."/><SP WIDTH="57" VPOS="1290" HPOS="452"/>
							<String ID="string_192" HPOS="509" VPOS="1291" WIDTH="80" HEIGHT="37" WC="0.73" CONTENT="Och"/><SP WIDTH="35" VPOS="1291" HPOS="589"/>
							<String ID="string_193" HPOS="624" VPOS="1298" WIDTH="56" HEIGHT="31" WC="0.96" CONTENT="att"/><SP WIDTH="28" VPOS="1298" HPOS="680"/>
							<String ID="string_194" HPOS="708" VPOS="1307" WIDTH="45" HEIGHT="23" WC="0.96" CONTENT="en"/><SP WIDTH="30" VPOS="1307" HPOS="753"/>
							<String ID="string_195" HPOS="783" VPOS="1294" WIDTH="117" HEIGHT="36" WC="0.96" CONTENT="sådan"/><SP WIDTH="28" VPOS="1294" HPOS="900"/>
							<String ID="string_196" HPOS="928" VPOS="1295" WIDTH="244" HEIGHT="49" WC="0.96" CONTENT="förkortning"/><SP WIDTH="27" VPOS="1295" HPOS="1172"/>
							<String ID="string_197" HPOS="1199" VPOS="1310" WIDTH="90" HEIGHT="22" WC="0.96" CONTENT="vore"/><SP WIDTH="30" VPOS="1310" HPOS="1289"/>
							<String ID="string_198" HPOS="1319" VPOS="1297" WIDTH="202" HEIGHT="46" WC="0.96" CONTENT="önskvärd,"/><SP WIDTH="31" VPOS="1297" HPOS="1521"/>
							<String ID="string_199" HPOS="1552" VPOS="1304" WIDTH="132" HEIGHT="43" WC="0.96" CONTENT="syntes"/><SP WIDTH="29" VPOS="1304" HPOS="1684"/>
							<String ID="string_200" HPOS="1713" VPOS="1300" WIDTH="117" HEIGHT="47" WC="0.96" CONTENT="deraf,"/>
						</TextLine>
						<TextLine ID="line_21" HPOS="231" VPOS="1342" WIDTH="1601" HEIGHT="55">
							<String ID="string_201" HPOS="231" VPOS="1347" WIDTH="57" HEIGHT="31" WC="0.96" CONTENT="att"/><SP WIDTH="28" VPOS="1347" HPOS="288"/>
							<String ID="string_202" HPOS="316" VPOS="1343" WIDTH="43" HEIGHT="36" WC="0.95" CONTENT="af"/><SP WIDTH="24" VPOS="1343" HPOS="359"/>
							<String ID="string_203" HPOS="383" VPOS="1342" WIDTH="45" HEIGHT="38" WC="0.96" CONTENT="de"/><SP WIDTH="30" VPOS="1342" HPOS="428"/>
							<String ID="string_204" HPOS="458" VPOS="1346" WIDTH="39" HEIGHT="34" WC="0.96" CONTENT="så"/><SP WIDTH="27" VPOS="1346" HPOS="497"/>
							<String ID="string_205" HPOS="524" VPOS="1344" WIDTH="158" HEIGHT="49" WC="0.91" CONTENT="rymligt"/><SP WIDTH="14" VPOS="1344" HPOS="682"/>
							<String ID="string_206" HPOS="696" VPOS="1345" WIDTH="180" HEIGHT="37" WC="0.91" CONTENT="tillmätta"/><SP WIDTH="16" VPOS="1345" HPOS="876"/>
							<String ID="string_207" HPOS="892" VPOS="1347" WIDTH="385" HEIGHT="48" WC="0.91" CONTENT="expeditionstiderna"/><SP WIDTH="17" VPOS="1347" HPOS="1277"/>
							<String ID="string_208" HPOS="1294" VPOS="1354" WIDTH="99" HEIGHT="31" WC="0.96" CONTENT="samt"/><SP WIDTH="14" VPOS="1354" HPOS="1393"/>
							<String ID="string_209" HPOS="1407" VPOS="1349" WIDTH="176" HEIGHT="48" WC="0.96" CONTENT="gällande"/><SP WIDTH="17" VPOS="1349" HPOS="1583"/>
							<String ID="string_210" HPOS="1600" VPOS="1350" WIDTH="232" HEIGHT="38" WC="0.96" CONTENT="föreskrifter"/>
						</TextLine>
						<TextLine ID="line_22" HPOS="231" VPOS="1394" WIDTH="1598" HEIGHT="56">
							<String ID="string_211" HPOS="231" VPOS="1407" WIDTH="60" HEIGHT="23" WC="0.96" CONTENT="om"/><SP WIDTH="30" VPOS="1407" HPOS="291"/>
							<String ID="string_212" HPOS="321" VPOS="1394" WIDTH="72" HEIGHT="37" WC="0.95" CONTENT="den"/><SP WIDTH="29" VPOS="1394" HPOS="393"/>
							<String ID="string_213" HPOS="422" VPOS="1395" WIDTH="67" HEIGHT="45" WC="0.96" CONTENT="tid,"/><SP WIDTH="29" VPOS="1395" HPOS="489"/>
							<String ID="string_214" HPOS="518" VPOS="1396" WIDTH="103" HEIGHT="36" WC="0.96" CONTENT="inom"/><SP WIDTH="29" VPOS="1396" HPOS="621"/>
							<String ID="string_215" HPOS="650" VPOS="1397" WIDTH="153" HEIGHT="37" WC="0.93" CONTENT="hvilken"/><SP WIDTH="28" VPOS="1397" HPOS="803"/>
							<String ID="string_216" HPOS="831" VPOS="1399" WIDTH="234" HEIGHT="48" WC="0.92" CONTENT="ransakning"/><SP WIDTH="19" VPOS="1399" HPOS="1065"/>
							<String ID="string_217" HPOS="1084" VPOS="1400" WIDTH="84" HEIGHT="36" WC="0.96" CONTENT="med"/><SP WIDTH="17" VPOS="1400" HPOS="1168"/>
							<String ID="string_218" HPOS="1185" VPOS="1400" WIDTH="141" HEIGHT="37" WC="0.96" CONTENT="häktad"/><SP WIDTH="18" VPOS="1400" HPOS="1326"/>
							<String ID="string_219" HPOS="1344" VPOS="1400" WIDTH="119" HEIGHT="38" WC="0.96" CONTENT="skulle"/><SP WIDTH="16" VPOS="1400" HPOS="1463"/>
							<String ID="string_220" HPOS="1479" VPOS="1401" WIDTH="208" HEIGHT="49" WC="0.96" CONTENT="företagas,"/><SP WIDTH="17" VPOS="1401" HPOS="1687"/>
							<String ID="string_221" HPOS="1704" VPOS="1403" WIDTH="125" HEIGHT="37" WC="0.96" CONTENT="kunde"/>
						</TextLine>
						<TextLine ID="line_23" HPOS="229" VPOS="1445" WIDTH="1600" HEIGHT="57">
							<String ID="string_222" HPOS="229" VPOS="1445" WIDTH="12" HEIGHT="36" WC="0.96" CONTENT="i"/><SP WIDTH="29" VPOS="1445" HPOS="241"/>
							<String ID="string_223" HPOS="270" VPOS="1446" WIDTH="45" HEIGHT="36" WC="0.96" CONTENT="de"/><SP WIDTH="30" VPOS="1446" HPOS="315"/>
							<String ID="string_224" HPOS="345" VPOS="1446" WIDTH="76" HEIGHT="48" WC="0.96" CONTENT="fall,"/><SP WIDTH="29" VPOS="1446" HPOS="421"/>
							<String ID="string_225" HPOS="450" VPOS="1447" WIDTH="47" HEIGHT="37" WC="0.96" CONTENT="då"/><SP WIDTH="29" VPOS="1447" HPOS="497"/>
							<String ID="string_226" HPOS="526" VPOS="1448" WIDTH="118" HEIGHT="37" WC="0.93" CONTENT="sådan"/><SP WIDTH="27" VPOS="1448" HPOS="644"/>
							<String ID="string_227" HPOS="671" VPOS="1449" WIDTH="233" HEIGHT="50" WC="0.91" CONTENT="ransakning"/><SP WIDTH="27" VPOS="1449" HPOS="904"/>
							<String ID="string_228" HPOS="931" VPOS="1451" WIDTH="210" HEIGHT="37" WC="0.95" CONTENT="förvisades"/><SP WIDTH="28" VPOS="1451" HPOS="1141"/>
							<String ID="string_229" HPOS="1169" VPOS="1451" WIDTH="58" HEIGHT="37" WC="0.95" CONTENT="till"/><SP WIDTH="29" VPOS="1451" HPOS="1227"/>
							<String ID="string_230" HPOS="1256" VPOS="1465" WIDTH="125" HEIGHT="24" WC="0.96" CONTENT="annan"/><SP WIDTH="28" VPOS="1465" HPOS="1381"/>
							<String ID="string_231" HPOS="1409" VPOS="1453" WIDTH="176" HEIGHT="49" WC="0.96" CONTENT="domstol,"/><SP WIDTH="30" VPOS="1453" HPOS="1585"/>
							<String ID="string_232" HPOS="1615" VPOS="1454" WIDTH="214" HEIGHT="37" WC="0.96" CONTENT="förorsakas"/>
						</TextLine>
						<TextLine ID="line_24" HPOS="230" VPOS="1498" WIDTH="1597" HEIGHT="57">
							<String ID="string_233" HPOS="230" VPOS="1498" WIDTH="167" HEIGHT="50" WC="0.96" CONTENT="oskäligt"/><SP WIDTH="26" VPOS="1498" HPOS="397"/>
							<String ID="string_234" HPOS="423" VPOS="1499" WIDTH="107" HEIGHT="49" WC="0.96" CONTENT="långt"/><SP WIDTH="27" VPOS="1499" HPOS="530"/>
							<String ID="string_235" HPOS="557" VPOS="1500" WIDTH="182" HEIGHT="50" WC="0.95" CONTENT="dröjsmål"/><SP WIDTH="28" VPOS="1500" HPOS="739"/>
							<String ID="string_236" HPOS="767" VPOS="1502" WIDTH="85" HEIGHT="36" WC="0.93" CONTENT="med"/><SP WIDTH="28" VPOS="1502" HPOS="852"/>
							<String ID="string_237" HPOS="880" VPOS="1503" WIDTH="302" HEIGHT="49" WC="0.91" CONTENT="ransakningens"/><SP WIDTH="28" VPOS="1503" HPOS="1182"/>
							<String ID="string_238" HPOS="1210" VPOS="1505" WIDTH="343" HEIGHT="48" WC="0.89" CONTENT="återföretagande."/><SP WIDTH="59" VPOS="1505" HPOS="1553"/>
							<String ID="string_239" HPOS="1612" VPOS="1506" WIDTH="49" HEIGHT="37" WC="0.63" CONTENT="Så"/><SP WIDTH="28" VPOS="1506" HPOS="1661"/>
							<String ID="string_240" HPOS="1689" VPOS="1507" WIDTH="138" HEIGHT="48" WC="0.96" CONTENT="kunde,"/>
						</TextLine>
						<TextLine ID="line_25" HPOS="229" VPOS="1549" WIDTH="1597" HEIGHT="59">
							<String ID="string_241" HPOS="229" VPOS="1549" WIDTH="67" HEIGHT="38" WC="0.93" CONTENT="der"/><SP WIDTH="26" VPOS="1549" HPOS="296"/>
							<String ID="string_242" HPOS="322" VPOS="1551" WIDTH="283" HEIGHT="50" WC="0.90" CONTENT="ransakningen"/><SP WIDTH="28" VPOS="1551" HPOS="605"/>
							<String ID="string_243" HPOS="633" VPOS="1553" WIDTH="210" HEIGHT="38" WC="0.96" CONTENT="förvisades"/><SP WIDTH="29" VPOS="1553" HPOS="843"/>
							<String ID="string_244" HPOS="872" VPOS="1554" WIDTH="82" HEIGHT="37" WC="0.96" CONTENT="från"/><SP WIDTH="28" VPOS="1554" HPOS="954"/>
							<String ID="string_245" HPOS="982" VPOS="1569" WIDTH="47" HEIGHT="23" WC="0.96" CONTENT="en"/><SP WIDTH="30" VPOS="1569" HPOS="1029"/>
							<String ID="string_246" HPOS="1059" VPOS="1555" WIDTH="163" HEIGHT="37" WC="0.96" CONTENT="domstol"/><SP WIDTH="27" VPOS="1555" HPOS="1222"/>
							<String ID="string_247" HPOS="1249" VPOS="1559" WIDTH="50" HEIGHT="47" WC="0.96" CONTENT="på"/><SP WIDTH="27" VPOS="1559" HPOS="1299"/>
							<String ID="string_248" HPOS="1326" VPOS="1557" WIDTH="130" HEIGHT="37" WC="0.96" CONTENT="landet"/><SP WIDTH="27" VPOS="1557" HPOS="1456"/>
							<String ID="string_249" HPOS="1483" VPOS="1558" WIDTH="59" HEIGHT="36" WC="0.96" CONTENT="till"/><SP WIDTH="30" VPOS="1558" HPOS="1542"/>
							<String ID="string_250" HPOS="1572" VPOS="1572" WIDTH="123" HEIGHT="24" WC="0.96" CONTENT="annan"/><SP WIDTH="16" VPOS="1572" HPOS="1695"/>
							<String ID="string_251" HPOS="1711" VPOS="1559" WIDTH="115" HEIGHT="49" WC="0.96" CONTENT="dylik,"/>
						</TextLine>
						<TextLine ID="line_26" HPOS="229" VPOS="1602" WIDTH="1597" HEIGHT="58">
							<String ID="string_252" HPOS="229" VPOS="1602" WIDTH="72" HEIGHT="37" WC="0.96" CONTENT="den"/><SP WIDTH="28" VPOS="1602" HPOS="301"/>
							<String ID="string_253" HPOS="329" VPOS="1602" WIDTH="182" HEIGHT="38" WC="0.96" CONTENT="tilltalade"/><SP WIDTH="30" VPOS="1602" HPOS="511"/>
							<String ID="string_254" HPOS="541" VPOS="1604" WIDTH="37" HEIGHT="37" WC="0.96" CONTENT="få"/><SP WIDTH="28" VPOS="1604" HPOS="578"/>
							<String ID="string_255" HPOS="606" VPOS="1604" WIDTH="12" HEIGHT="36" WC="0.96" CONTENT="i"/><SP WIDTH="29" VPOS="1604" HPOS="618"/>
							<String ID="string_256" HPOS="647" VPOS="1618" WIDTH="101" HEIGHT="24" WC="0.96" CONTENT="mera"/><SP WIDTH="29" VPOS="1618" HPOS="748"/>
							<String ID="string_257" HPOS="777" VPOS="1611" WIDTH="48" HEIGHT="31" WC="0.96" CONTENT="än"/><SP WIDTH="28" VPOS="1611" HPOS="825"/>
							<String ID="string_258" HPOS="853" VPOS="1607" WIDTH="58" HEIGHT="48" WC="0.96" CONTENT="sju"/><SP WIDTH="31" VPOS="1607" HPOS="911"/>
							<String ID="string_259" HPOS="942" VPOS="1608" WIDTH="137" HEIGHT="36" WC="0.96" CONTENT="veckor"/><SP WIDTH="27" VPOS="1608" HPOS="1079"/>
							<String ID="string_260" HPOS="1106" VPOS="1608" WIDTH="12" HEIGHT="36" WC="0.96" CONTENT="i"/><SP WIDTH="28" VPOS="1608" HPOS="1118"/>
							<String ID="string_261" HPOS="1146" VPOS="1608" WIDTH="113" HEIGHT="37" WC="0.93" CONTENT="häkte"/><SP WIDTH="30" VPOS="1608" HPOS="1259"/>
							<String ID="string_262" HPOS="1289" VPOS="1609" WIDTH="131" HEIGHT="37" WC="0.93" CONTENT="afbida"/><SP WIDTH="28" VPOS="1609" HPOS="1420"/>
							<String ID="string_263" HPOS="1448" VPOS="1609" WIDTH="65" HEIGHT="37" WC="0.96" CONTENT="sitt"/><SP WIDTH="27" VPOS="1609" HPOS="1513"/>
							<String ID="string_264" HPOS="1540" VPOS="1610" WIDTH="176" HEIGHT="38" WC="0.93" CONTENT="fortsatta"/><SP WIDTH="28" VPOS="1610" HPOS="1716"/>
							<String ID="string_265" HPOS="1744" VPOS="1611" WIDTH="82" HEIGHT="49" WC="0.92" CONTENT="lag-"/>
						</TextLine>
						<TextLine ID="line_27" HPOS="229" VPOS="1649" WIDTH="709" HEIGHT="58">
							<String ID="string_266" HPOS="229" VPOS="1649" WIDTH="168" HEIGHT="58" WC="0.96" CONTENT="förande."/><SP WIDTH="538" VPOS="1649" HPOS="397"/>
							<String ID="string_267" HPOS="935" VPOS="1659" WIDTH="3" HEIGHT="3" WC="0.81" CONTENT="|"/>
						</TextLine>
					</TextBlock>
					<TextBlock ID="block_3" HPOS="222" VPOS="1706" WIDTH="1604" HEIGHT="675">
						<TextLine ID="line_28" HPOS="356" VPOS="1706" WIDTH="1470" HEIGHT="56">
							<String ID="string_268" HPOS="356" VPOS="1706" WIDTH="74" HEIGHT="37" WC="0.96" CONTENT="Det"/><SP WIDTH="16" VPOS="1706" HPOS="430"/>
							<String ID="string_269" HPOS="446" VPOS="1707" WIDTH="56" HEIGHT="36" WC="0.96" CONTENT="för"/><SP WIDTH="15" VPOS="1707" HPOS="502"/>
							<String ID="string_270" HPOS="517" VPOS="1708" WIDTH="264" HEIGHT="38" WC="0.96" CONTENT="försummelse"/><SP WIDTH="16" VPOS="1708" HPOS="781"/>
							<String ID="string_271" HPOS="797" VPOS="1710" WIDTH="12" HEIGHT="35" WC="0.96" CONTENT="i"/><SP WIDTH="19" VPOS="1710" HPOS="809"/>
							<String ID="string_272" HPOS="828" VPOS="1709" WIDTH="106" HEIGHT="49" WC="0.96" CONTENT="fråga"/><SP WIDTH="15" VPOS="1709" HPOS="934"/>
							<String ID="string_273" HPOS="949" VPOS="1724" WIDTH="58" HEIGHT="22" WC="0.93" CONTENT="om"/><SP WIDTH="17" VPOS="1724" HPOS="1007"/>
							<String ID="string_274" HPOS="1024" VPOS="1711" WIDTH="555" HEIGHT="51" WC="0.91" CONTENT="ransakningshandlingarnas"/><SP WIDTH="12" VPOS="1711" HPOS="1579"/>
							<String ID="string_275" HPOS="1591" VPOS="1715" WIDTH="235" HEIGHT="36" WC="0.91" CONTENT="aflemnande"/>
						</TextLine>
						<TextLine ID="line_29" HPOS="228" VPOS="1758" WIDTH="1597" HEIGHT="57">
							<String ID="string_276" HPOS="228" VPOS="1758" WIDTH="185" HEIGHT="48" WC="0.96" CONTENT="stadgade"/><SP WIDTH="30" VPOS="1758" HPOS="413"/>
							<String ID="string_277" HPOS="443" VPOS="1772" WIDTH="136" HEIGHT="24" WC="0.96" CONTENT="ansvar"/><SP WIDTH="27" VPOS="1772" HPOS="579"/>
							<String ID="string_278" HPOS="606" VPOS="1773" WIDTH="89" HEIGHT="23" WC="0.95" CONTENT="vore"/><SP WIDTH="30" VPOS="1773" HPOS="695"/>
							<String ID="string_279" HPOS="725" VPOS="1761" WIDTH="126" HEIGHT="36" WC="0.95" CONTENT="vidare"/><SP WIDTH="31" VPOS="1761" HPOS="851"/>
							<String ID="string_280" HPOS="882" VPOS="1761" WIDTH="65" HEIGHT="37" WC="0.96" CONTENT="allt"/><SP WIDTH="28" VPOS="1761" HPOS="947"/>
							<String ID="string_281" HPOS="975" VPOS="1763" WIDTH="58" HEIGHT="36" WC="0.96" CONTENT="för"/><SP WIDTH="27" VPOS="1763" HPOS="1033"/>
							<String ID="string_282" HPOS="1060" VPOS="1763" WIDTH="120" HEIGHT="48" WC="0.95" CONTENT="ringa."/><SP WIDTH="57" VPOS="1763" HPOS="1180"/>
							<String ID="string_283" HPOS="1237" VPOS="1764" WIDTH="59" HEIGHT="36" WC="0.93" CONTENT="En"/><SP WIDTH="29" VPOS="1764" HPOS="1296"/>
							<String ID="string_284" HPOS="1325" VPOS="1765" WIDTH="166" HEIGHT="48" WC="0.92" CONTENT="dagabot"/><SP WIDTH="28" VPOS="1765" HPOS="1491"/>
							<String ID="string_285" HPOS="1519" VPOS="1767" WIDTH="43" HEIGHT="35" WC="0.11" CONTENT="af"/><SP WIDTH="10" VPOS="1767" HPOS="1562"/>
							<String ID="string_286" HPOS="1572" VPOS="1771" WIDTH="57" HEIGHT="32" WC="0.11" CONTENT="tre"/><SP WIDTH="16" VPOS="1771" HPOS="1629"/>
							<String ID="string_287" HPOS="1645" VPOS="1766" WIDTH="103" HEIGHT="37" WC="0.95" CONTENT="daler"/><SP WIDTH="16" VPOS="1766" HPOS="1748"/>
							<String ID="string_288" HPOS="1764" VPOS="1767" WIDTH="61" HEIGHT="48" WC="0.95" CONTENT="(en"/>
						</TextLine>
						<TextLine ID="line_30" HPOS="227" VPOS="1809" WIDTH="1597" HEIGHT="57">
							<String ID="string_289" HPOS="227" VPOS="1809" WIDTH="118" HEIGHT="37" WC="0.96" CONTENT="krona"/><SP WIDTH="29" VPOS="1809" HPOS="345"/>
							<String ID="string_290" HPOS="374" VPOS="1810" WIDTH="128" HEIGHT="37" WC="0.96" CONTENT="femtio"/><SP WIDTH="30" VPOS="1810" HPOS="502"/>
							<String ID="string_291" HPOS="532" VPOS="1812" WIDTH="77" HEIGHT="49" WC="0.96" CONTENT="öre)"/><SP WIDTH="29" VPOS="1812" HPOS="609"/>
							<String ID="string_292" HPOS="638" VPOS="1812" WIDTH="124" HEIGHT="37" WC="0.96" CONTENT="kunde"/><SP WIDTH="30" VPOS="1812" HPOS="762"/>
							<String ID="string_293" HPOS="792" VPOS="1826" WIDTH="88" HEIGHT="23" WC="0.96" CONTENT="vara"/><SP WIDTH="21" VPOS="1826" HPOS="880"/>
							<String ID="string_294" HPOS="901" VPOS="1819" WIDTH="54" HEIGHT="31" WC="0.96" CONTENT="ett"/><SP WIDTH="19" VPOS="1819" HPOS="955"/>
							<String ID="string_295" HPOS="974" VPOS="1814" WIDTH="219" HEIGHT="50" WC="0.93" CONTENT="tillräckligt"/><SP WIDTH="17" VPOS="1814" HPOS="1193"/>
							<String ID="string_296" HPOS="1210" VPOS="1816" WIDTH="175" HEIGHT="49" WC="0.92" CONTENT="äfventyr"/><SP WIDTH="15" VPOS="1816" HPOS="1385"/>
							<String ID="string_297" HPOS="1400" VPOS="1816" WIDTH="58" HEIGHT="37" WC="0.96" CONTENT="för"/><SP WIDTH="13" VPOS="1816" HPOS="1458"/>
							<String ID="string_298" HPOS="1471" VPOS="1817" WIDTH="181" HEIGHT="49" WC="0.96" CONTENT="dröjsmål"/><SP WIDTH="16" VPOS="1817" HPOS="1652"/>
							<String ID="string_299" HPOS="1668" VPOS="1818" WIDTH="84" HEIGHT="37" WC="0.91" CONTENT="med"/><SP WIDTH="16" VPOS="1818" HPOS="1752"/>
							<String ID="string_300" HPOS="1768" VPOS="1819" WIDTH="56" HEIGHT="36" WC="0.91" CONTENT="in-"/>
						</TextLine>
						<TextLine ID="line_31" HPOS="227" VPOS="1861" WIDTH="1597" HEIGHT="56">
							<String ID="string_301" HPOS="227" VPOS="1861" WIDTH="192" HEIGHT="37" WC="0.96" CONTENT="sändande"/><SP WIDTH="29" VPOS="1861" HPOS="419"/>
							<String ID="string_302" HPOS="448" VPOS="1862" WIDTH="57" HEIGHT="36" WC="0.92" CONTENT="till"/><SP WIDTH="28" VPOS="1862" HPOS="505"/>
							<String ID="string_303" HPOS="533" VPOS="1863" WIDTH="144" HEIGHT="37" WC="0.92" CONTENT="hofrätt"/><SP WIDTH="28" VPOS="1863" HPOS="677"/>
							<String ID="string_304" HPOS="705" VPOS="1864" WIDTH="42" HEIGHT="36" WC="0.96" CONTENT="af"/><SP WIDTH="23" VPOS="1864" HPOS="747"/>
							<String ID="string_305" HPOS="770" VPOS="1866" WIDTH="229" HEIGHT="37" WC="0.93" CONTENT="renoverade"/><SP WIDTH="30" VPOS="1866" HPOS="999"/>
							<String ID="string_306" HPOS="1029" VPOS="1867" WIDTH="284" HEIGHT="50" WC="0.91" CONTENT="småprotokoll,"/><SP WIDTH="31" VPOS="1867" HPOS="1313"/>
							<String ID="string_307" HPOS="1344" VPOS="1882" WIDTH="85" HEIGHT="23" WC="0.96" CONTENT="men"/><SP WIDTH="28" VPOS="1882" HPOS="1429"/>
							<String ID="string_308" HPOS="1457" VPOS="1869" WIDTH="125" HEIGHT="37" WC="0.96" CONTENT="kunde"/><SP WIDTH="29" VPOS="1869" HPOS="1582"/>
							<String ID="string_309" HPOS="1611" VPOS="1870" WIDTH="83" HEIGHT="37" WC="0.96" CONTENT="icke"/><SP WIDTH="21" VPOS="1870" HPOS="1694"/>
							<String ID="string_310" HPOS="1715" VPOS="1883" WIDTH="109" HEIGHT="24" WC="0.95" CONTENT="anses"/>
						</TextLine>
						<TextLine ID="line_32" HPOS="227" VPOS="1915" WIDTH="1598" HEIGHT="51">
							<String ID="string_311" HPOS="227" VPOS="1926" WIDTH="89" HEIGHT="23" WC="0.95" CONTENT="vara"/><SP WIDTH="29" VPOS="1926" HPOS="316"/>
							<String ID="string_312" HPOS="345" VPOS="1919" WIDTH="77" HEIGHT="31" WC="0.93" CONTENT="rätt"/><SP WIDTH="29" VPOS="1919" HPOS="422"/>
							<String ID="string_313" HPOS="451" VPOS="1915" WIDTH="194" HEIGHT="48" WC="0.90" CONTENT="afpassadt"/><SP WIDTH="30" VPOS="1915" HPOS="645"/>
							<String ID="string_314" HPOS="675" VPOS="1917" WIDTH="109" HEIGHT="36" WC="0.95" CONTENT="straff"/><SP WIDTH="24" VPOS="1917" HPOS="784"/>
							<String ID="string_315" HPOS="808" VPOS="1917" WIDTH="59" HEIGHT="36" WC="0.96" CONTENT="för"/><SP WIDTH="27" VPOS="1917" HPOS="867"/>
							<String ID="string_316" HPOS="894" VPOS="1923" WIDTH="54" HEIGHT="30" WC="0.93" CONTENT="ett"/><SP WIDTH="29" VPOS="1923" HPOS="948"/>
							<String ID="string_317" HPOS="977" VPOS="1918" WIDTH="208" HEIGHT="48" WC="0.90" CONTENT="embetsfel,"/><SP WIDTH="22" VPOS="1918" HPOS="1185"/>
							<String ID="string_318" HPOS="1207" VPOS="1933" WIDTH="81" HEIGHT="23" WC="0.92" CONTENT="som"/><SP WIDTH="22" VPOS="1933" HPOS="1288"/>
							<String ID="string_319" HPOS="1310" VPOS="1920" WIDTH="181" HEIGHT="38" WC="0.90" CONTENT="innebure"/><SP WIDTH="16" VPOS="1920" HPOS="1491"/>
							<String ID="string_320" HPOS="1507" VPOS="1921" WIDTH="241" HEIGHT="38" WC="0.96" CONTENT="oaktsamhet"/><SP WIDTH="16" VPOS="1921" HPOS="1748"/>
							<String ID="string_321" HPOS="1764" VPOS="1936" WIDTH="61" HEIGHT="23" WC="0.96" CONTENT="om"/>
						</TextLine>
						<TextLine ID="line_33" HPOS="225" VPOS="1965" WIDTH="1597" HEIGHT="55">
							<String ID="string_322" HPOS="225" VPOS="1965" WIDTH="73" HEIGHT="36" WC="0.95" CONTENT="den"/><SP WIDTH="28" VPOS="1965" HPOS="298"/>
							<String ID="string_323" HPOS="326" VPOS="1966" WIDTH="218" HEIGHT="48" WC="0.95" CONTENT="personliga"/><SP WIDTH="30" VPOS="1966" HPOS="544"/>
							<String ID="string_324" HPOS="574" VPOS="1967" WIDTH="162" HEIGHT="37" WC="0.96" CONTENT="friheten"/><SP WIDTH="29" VPOS="1967" HPOS="736"/>
							<String ID="string_325" HPOS="765" VPOS="1969" WIDTH="67" HEIGHT="36" WC="0.96" CONTENT="och"/><SP WIDTH="33" VPOS="1969" HPOS="832"/>
							<String ID="string_326" HPOS="865" VPOS="1969" WIDTH="216" HEIGHT="38" WC="0.96" CONTENT="föranledde"/><SP WIDTH="29" VPOS="1969" HPOS="1081"/>
							<String ID="string_327" HPOS="1110" VPOS="1971" WIDTH="176" HEIGHT="49" WC="0.93" CONTENT="förlängd"/><SP WIDTH="29" VPOS="1971" HPOS="1286"/>
							<String ID="string_328" HPOS="1315" VPOS="1972" WIDTH="264" HEIGHT="46" WC="0.92" CONTENT="häktningstid"/><SP WIDTH="28" VPOS="1972" HPOS="1579"/>
							<String ID="string_329" HPOS="1607" VPOS="1974" WIDTH="58" HEIGHT="36" WC="0.96" CONTENT="för"/><SP WIDTH="20" VPOS="1974" HPOS="1665"/>
							<String ID="string_330" HPOS="1685" VPOS="1974" WIDTH="44" HEIGHT="36" WC="0.92" CONTENT="de"/><SP WIDTH="17" VPOS="1974" HPOS="1729"/>
							<String ID="string_331" HPOS="1746" VPOS="1974" WIDTH="76" HEIGHT="37" WC="0.91" CONTENT="till-"/>
						</TextLine>
						<TextLine ID="line_34" HPOS="225" VPOS="2017" WIDTH="1597" HEIGHT="58">
							<String ID="string_332" HPOS="225" VPOS="2017" WIDTH="135" HEIGHT="36" WC="0.56" CONTENT="talade."/><SP WIDTH="59" VPOS="2017" HPOS="360"/>
							<String ID="string_333" HPOS="419" VPOS="2017" WIDTH="188" HEIGHT="37" WC="0.56" CONTENT=" Särskildt"/><SP WIDTH="40" VPOS="2017" HPOS="607"/>
							<String ID="string_334" HPOS="647" VPOS="2020" WIDTH="229" HEIGHT="37" WC="0.96" CONTENT="framträdde"/><SP WIDTH="42" VPOS="2020" HPOS="876"/>
							<String ID="string_335" HPOS="918" VPOS="2021" WIDTH="115" HEIGHT="48" WC="0.96" CONTENT="detta,"/><SP WIDTH="35" VPOS="2021" HPOS="1033"/>
							<String ID="string_336" HPOS="1068" VPOS="2022" WIDTH="48" HEIGHT="36" WC="0.93" CONTENT="då"/><SP WIDTH="35" VPOS="2022" HPOS="1116"/>
							<String ID="string_337" HPOS="1151" VPOS="2023" WIDTH="290" HEIGHT="38" WC="0.90" CONTENT="försummelsen"/><SP WIDTH="29" VPOS="2023" HPOS="1441"/>
							<String ID="string_338" HPOS="1470" VPOS="2025" WIDTH="124" HEIGHT="36" WC="0.93" CONTENT="blifvit"/><SP WIDTH="28" VPOS="2025" HPOS="1594"/>
							<String ID="string_339" HPOS="1622" VPOS="2026" WIDTH="200" HEIGHT="49" WC="0.90" CONTENT="begången"/>
						</TextLine>
						<TextLine ID="line_35" HPOS="225" VPOS="2069" WIDTH="1598" HEIGHT="57">
							<String ID="string_340" HPOS="225" VPOS="2069" WIDTH="41" HEIGHT="35" WC="0.96" CONTENT="af"/><SP WIDTH="36" VPOS="2069" HPOS="266"/>
							<String ID="string_341" HPOS="302" VPOS="2082" WIDTH="47" HEIGHT="23" WC="0.93" CONTENT="en"/><SP WIDTH="28" VPOS="2082" HPOS="349"/>
							<String ID="string_342" HPOS="377" VPOS="2069" WIDTH="288" HEIGHT="48" WC="0.91" CONTENT="rådstufvurätt,"/><SP WIDTH="30" VPOS="2069" HPOS="665"/>
							<String ID="string_343" HPOS="695" VPOS="2077" WIDTH="99" HEIGHT="30" WC="0.95" CONTENT="samt"/><SP WIDTH="28" VPOS="2077" HPOS="794"/>
							<String ID="string_344" HPOS="822" VPOS="2072" WIDTH="63" HEIGHT="36" WC="0.95" CONTENT="det"/><SP WIDTH="27" VPOS="2072" HPOS="885"/>
							<String ID="string_345" HPOS="912" VPOS="2073" WIDTH="85" HEIGHT="47" WC="0.93" CONTENT="låga"/><SP WIDTH="29" VPOS="2073" HPOS="997"/>
							<String ID="string_346" HPOS="1026" VPOS="2075" WIDTH="293" HEIGHT="48" WC="0.92" CONTENT="bötesbeloppet"/><SP WIDTH="29" VPOS="2075" HPOS="1319"/>
							<String ID="string_347" HPOS="1348" VPOS="2076" WIDTH="158" HEIGHT="37" WC="0.96" CONTENT="sålunda"/><SP WIDTH="27" VPOS="2076" HPOS="1506"/>
							<String ID="string_348" HPOS="1533" VPOS="2077" WIDTH="213" HEIGHT="37" WC="0.96" CONTENT="fördelades"/><SP WIDTH="28" VPOS="2077" HPOS="1746"/>
							<String ID="string_349" HPOS="1774" VPOS="2081" WIDTH="49" HEIGHT="45" WC="0.96" CONTENT="på"/>
						</TextLine>
						<TextLine ID="line_36" HPOS="227" VPOS="2119" WIDTH="1594" HEIGHT="56">
							<String ID="string_350" HPOS="227" VPOS="2119" WIDTH="88" HEIGHT="36" WC="0.79" CONTENT="flera"/><SP WIDTH="28" VPOS="2119" HPOS="315"/>
							<String ID="string_351" HPOS="343" VPOS="2120" WIDTH="218" HEIGHT="38" WC="0.96" CONTENT="ledamöter."/><SP WIDTH="58" VPOS="2120" HPOS="561"/>
							<String ID="string_352" HPOS="619" VPOS="2122" WIDTH="17" HEIGHT="35" WC="0.95" CONTENT="I"/><SP WIDTH="29" VPOS="2122" HPOS="636"/>
							<String ID="string_353" HPOS="665" VPOS="2123" WIDTH="134" HEIGHT="36" WC="0.95" CONTENT="sådant"/><SP WIDTH="30" VPOS="2123" HPOS="799"/>
							<String ID="string_354" HPOS="829" VPOS="2125" WIDTH="177" HEIGHT="35" WC="0.96" CONTENT="afseende"/><SP WIDTH="30" VPOS="2125" HPOS="1006"/>
							<String ID="string_355" HPOS="1036" VPOS="2126" WIDTH="206" HEIGHT="36" WC="0.93" CONTENT="hänvisade"/><SP WIDTH="25" VPOS="2126" HPOS="1242"/>
							<String ID="string_356" HPOS="1267" VPOS="2127" WIDTH="480" HEIGHT="48" WC="0.52" CONTENT="justitieombudgmannen"/><SP WIDTH="17" VPOS="2127" HPOS="1747"/>
							<String ID="string_357" HPOS="1764" VPOS="2130" WIDTH="57" HEIGHT="35" WC="0.96" CONTENT="till"/>
						</TextLine>
						<TextLine ID="line_37" HPOS="223" VPOS="2172" WIDTH="1598" HEIGHT="55">
							<String ID="string_358" HPOS="223" VPOS="2185" WIDTH="47" HEIGHT="22" WC="0.96" CONTENT="en"/><SP WIDTH="29" VPOS="2185" HPOS="270"/>
							<String ID="string_359" HPOS="299" VPOS="2175" WIDTH="49" HEIGHT="44" WC="0.96" CONTENT="på"/><SP WIDTH="29" VPOS="2175" HPOS="348"/>
							<String ID="string_360" HPOS="377" VPOS="2172" WIDTH="67" HEIGHT="36" WC="0.92" CONTENT="sid."/><SP WIDTH="32" VPOS="2172" HPOS="444"/>
							<String ID="string_361" HPOS="476" VPOS="2173" WIDTH="152" HEIGHT="36" WC="0.91" CONTENT="51—54"/><SP WIDTH="29" VPOS="2173" HPOS="628"/>
							<String ID="string_362" HPOS="657" VPOS="2174" WIDTH="11" HEIGHT="35" WC="0.93" CONTENT="i"/><SP WIDTH="33" VPOS="2174" HPOS="668"/>
							<String ID="string_363" HPOS="701" VPOS="2175" WIDTH="378" HEIGHT="38" WC="0.91" CONTENT="embetsberättelsen"/><SP WIDTH="31" VPOS="2175" HPOS="1079"/>
							<String ID="string_364" HPOS="1110" VPOS="2177" WIDTH="309" HEIGHT="38" WC="0.96" CONTENT="förekommande"/><SP WIDTH="15" VPOS="2177" HPOS="1419"/>
							<String ID="string_365" HPOS="1434" VPOS="2179" WIDTH="244" HEIGHT="48" WC="0.94" CONTENT="redogörelse"/><SP WIDTH="16" VPOS="2179" HPOS="1678"/>
							<String ID="string_366" HPOS="1694" VPOS="2181" WIDTH="57" HEIGHT="35" WC="0.96" CONTENT="för"/><SP WIDTH="15" VPOS="2181" HPOS="1751"/>
							<String ID="string_367" HPOS="1766" VPOS="2186" WIDTH="55" HEIGHT="31" WC="0.96" CONTENT="ett"/>
						</TextLine>
						<TextLine ID="line_38" HPOS="224" VPOS="2223" WIDTH="1596" HEIGHT="57">
							<String ID="string_368" HPOS="224" VPOS="2223" WIDTH="87" HEIGHT="35" WC="0.88" CONTENT="åtal."/><SP WIDTH="57" VPOS="2223" HPOS="311"/>
							<String ID="string_369" HPOS="368" VPOS="2223" WIDTH="115" HEIGHT="36" WC="0.78" CONTENT="Detta"/><SP WIDTH="29" VPOS="2223" HPOS="483"/>
							<String ID="string_370" HPOS="512" VPOS="2225" WIDTH="111" HEIGHT="49" WC="0.90" CONTENT="afsåg"/><SP WIDTH="27" VPOS="2225" HPOS="623"/>
							<String ID="string_371" HPOS="650" VPOS="2230" WIDTH="55" HEIGHT="31" WC="0.96" CONTENT="ett"/><SP WIDTH="29" VPOS="2230" HPOS="705"/>
							<String ID="string_372" HPOS="734" VPOS="2226" WIDTH="76" HEIGHT="46" WC="0.96" CONTENT="fall,"/><SP WIDTH="23" VPOS="2226" HPOS="810"/>
							<String ID="string_373" HPOS="833" VPOS="2227" WIDTH="45" HEIGHT="36" WC="0.96" CONTENT="då"/><SP WIDTH="20" VPOS="2227" HPOS="878"/>
							<String ID="string_374" HPOS="898" VPOS="2241" WIDTH="46" HEIGHT="22" WC="0.93" CONTENT="en"/><SP WIDTH="20" VPOS="2241" HPOS="944"/>
							<String ID="string_375" HPOS="964" VPOS="2228" WIDTH="290" HEIGHT="48" WC="0.91" CONTENT="rådstufvurätt,"/><SP WIDTH="22" VPOS="2228" HPOS="1254"/>
							<String ID="string_376" HPOS="1276" VPOS="2230" WIDTH="205" HEIGHT="37" WC="0.96" CONTENT="bestående"/><SP WIDTH="21" VPOS="2230" HPOS="1481"/>
							<String ID="string_377" HPOS="1502" VPOS="2232" WIDTH="41" HEIGHT="35" WC="0.96" CONTENT="af"/><SP WIDTH="15" VPOS="2232" HPOS="1543"/>
							<String ID="string_378" HPOS="1558" VPOS="2232" WIDTH="262" HEIGHT="48" WC="0.96" CONTENT="borgmästare"/>
						</TextLine>
						<TextLine ID="line_39" HPOS="224" VPOS="2274" WIDTH="1595" HEIGHT="53">
							<String ID="string_379" HPOS="224" VPOS="2274" WIDTH="69" HEIGHT="36" WC="0.96" CONTENT="och"/><SP WIDTH="34" VPOS="2274" HPOS="293"/>
							<String ID="string_380" HPOS="327" VPOS="2279" WIDTH="57" HEIGHT="31" WC="0.96" CONTENT="tre"/><SP WIDTH="28" VPOS="2279" HPOS="384"/>
							<String ID="string_381" HPOS="412" VPOS="2275" WIDTH="169" HEIGHT="48" WC="0.96" CONTENT="rådmän,"/><SP WIDTH="30" VPOS="2275" HPOS="581"/>
							<String ID="string_382" HPOS="611" VPOS="2277" WIDTH="9" HEIGHT="35" WC="0.81" CONTENT="i"/><SP WIDTH="31" VPOS="2277" HPOS="620"/>
							<String ID="string_383" HPOS="651" VPOS="2277" WIDTH="52" HEIGHT="35" WC="0.95" CONTENT="tio"/><SP WIDTH="29" VPOS="2277" HPOS="703"/>
							<String ID="string_384" HPOS="732" VPOS="2278" WIDTH="118" HEIGHT="47" WC="0.96" CONTENT="dagar"/><SP WIDTH="29" VPOS="2278" HPOS="850"/>
							<String ID="string_385" HPOS="879" VPOS="2279" WIDTH="104" HEIGHT="35" WC="0.96" CONTENT="öfver"/><SP WIDTH="28" VPOS="2279" HPOS="983"/>
							<String ID="string_386" HPOS="1011" VPOS="2280" WIDTH="73" HEIGHT="36" WC="0.96" CONTENT="den"/><SP WIDTH="31" VPOS="2280" HPOS="1084"/>
							<String ID="string_387" HPOS="1115" VPOS="2281" WIDTH="182" HEIGHT="46" WC="0.96" CONTENT="stadgade"/><SP WIDTH="29" VPOS="2281" HPOS="1297"/>
							<String ID="string_388" HPOS="1326" VPOS="2281" WIDTH="100" HEIGHT="37" WC="0.93" CONTENT="tiden"/><SP WIDTH="30" VPOS="2281" HPOS="1426"/>
							<String ID="string_389" HPOS="1456" VPOS="2283" WIDTH="197" HEIGHT="36" WC="0.92" CONTENT="uraktlåtit"/><SP WIDTH="28" VPOS="2283" HPOS="1653"/>
							<String ID="string_390" HPOS="1681" VPOS="2289" WIDTH="56" HEIGHT="31" WC="0.93" CONTENT="att"/><SP WIDTH="28" VPOS="2289" HPOS="1737"/>
							<String ID="string_391" HPOS="1765" VPOS="2285" WIDTH="54" HEIGHT="35" WC="0.90" CONTENT="af-"/>
						</TextLine>
						<TextLine ID="line_40" HPOS="222" VPOS="2326" WIDTH="1596" HEIGHT="55">
							<String ID="string_392" HPOS="222" VPOS="2326" WIDTH="126" HEIGHT="37" WC="0.96" CONTENT="lemna"/><SP WIDTH="28" VPOS="2326" HPOS="348"/>
							<String ID="string_393" HPOS="376" VPOS="2327" WIDTH="228" HEIGHT="49" WC="0.95" CONTENT="handlingar"/><SP WIDTH="29" VPOS="2327" HPOS="604"/>
							<String ID="string_394" HPOS="633" VPOS="2330" WIDTH="196" HEIGHT="48" WC="0.96" CONTENT="angående"/><SP WIDTH="30" VPOS="2330" HPOS="829"/>
							<String ID="string_395" HPOS="859" VPOS="2331" WIDTH="138" HEIGHT="37" WC="0.96" CONTENT="häktad"/><SP WIDTH="31" VPOS="2331" HPOS="997"/>
							<String ID="string_396" HPOS="1028" VPOS="2346" WIDTH="152" HEIGHT="35" WC="0.95" CONTENT="person,"/><SP WIDTH="31" VPOS="2346" HPOS="1180"/>
							<String ID="string_397" HPOS="1211" VPOS="2333" WIDTH="84" HEIGHT="37" WC="0.95" CONTENT="med"/><SP WIDTH="20" VPOS="2333" HPOS="1295"/>
							<String ID="string_398" HPOS="1315" VPOS="2333" WIDTH="154" HEIGHT="39" WC="0.96" CONTENT="hvilken"/><SP WIDTH="19" VPOS="2333" HPOS="1469"/>
							<String ID="string_399" HPOS="1488" VPOS="2335" WIDTH="156" HEIGHT="37" WC="0.93" CONTENT="fortsatt"/><SP WIDTH="18" VPOS="2335" HPOS="1644"/>
							<String ID="string_400" HPOS="1662" VPOS="2336" WIDTH="156" HEIGHT="37" WC="0.89" CONTENT="ransak-"/>
						</TextLine>
					</TextBlock>
				</ComposedBlock>
			</PrintSpace>
		</Page>
	</Layout>
</alto>
