2200 2620
612 162 385 34 Konstitutionsutskottets
1020 165 163 32 utlåtande
1207 166 53 31 Nr
1286 167 54 30 20.
1689 169 38 30 17

318 246 139 41 (Kungl.
483 247 123 40 Maj:ts
629 247 148 41 förslag.)
1196 249 195 42 (Utskottets
1413 250 156 41 förslag.)

297 330 320 43 Stadsfullmäktige
653 331 92 40 eller,
780 332 61 32 där
874 333 127 32 sådana
1028 334 28 41 ej
1082 334 117 39 finnas,
1223 334 173 32 allmänna
1419 335 189 41 rådstugan
1631 336 63 38 må,
1719 346 52 21 om

162 370 60 43 fog
245 371 116 33 därtill
385 383 96 21 anses
505 373 163 38 förevara,
693 374 59 31 hos
775 374 129 42 Kungl.
928 374 100 43 Maj:t
1051 381 79 26 över
1152 376 129 41 vägrad
1304 376 222 33 fastställelse
1543 377 75 32 föra
1634 377 136 41 klagan.

295 472 120 32 Denna
440 473 52 41 lag
517 474 113 31 träder
654 474 12 30 i
690 474 91 39 kraft
804 474 61 32 den
888 477 17 28 1
930 476 177 38 september
1128 478 99 30 1923.

159 687 65 34 3:0.
856 694 218 40 Förslag

937 751 58 33 till

916 817 96 42 Lag

160 889 58 24 om
246 882 158 41 ändring
427 883 13 32 i
463 883 94 33 vissa
580 883 101 33 delar
704 894 42 23 av
769 884 266 41 förordningen
1059 894 59 24 om
1143 886 369 41 kommunalstyrelse
1529 888 13 31 i
1559 886 211 35 Stockholm

706 934 69 33 den
798 934 40 33 23
861 934 73 42 maj
960 935 82 33 1862
1067 937 60 42 (nr
1149 936 67 44 33).

295 1000 208 43 Härigenom
539 1002 187 39 förordnas,
759 1005 51 30 att
843 1006 18 38 $
895 1005 49 36 31,
979 1006 18 39 $
1021 1005 41 31 34
1084 1015 97 21 mom.
1206 1006 16 30 1
1247 1005 60 32 och
1331 1007 19 30 2
1372 1007 90 30 samt
1486 1008 38 38 $$
1548 1007 39 31 37
1611 1006 59 33 och
1695 1008 39 31 38
1758 1007 12 31 i

159 1042 241 43 förordningen
433 1055 52 21 om
518 1044 344 44 kommunalstyrelse
891 1046 13 31 i
938 1046 196 32 Stockholm
1167 1046 63 33 den
1259 1048 39 31 23
1322 1047 66 43 maj
1415 1049 80 32 1862
1519 1048 97 32 skola
1638 1049 132 32 erhålla

157 1085 150 43 följande
330 1085 149 33 ändrade
501 1086 146 43 lydelse:

916 1158 18 39 8
958 1157 48 31 31.

298 1207 447 39 Överståthållarämbetets
776 1215 218 33 stadfästelse
1027 1215 173 33 erfordras
1236 1217 53 32 för
1312 1219 55 30 att
1389 1216 81 43 giva
1492 1218 160 42 gällande
1675 1219 95 31 kraft

161 1254 37 32 åt
231 1254 337 34 stadsfullmäktiges
602 1255 112 33 beslut
735 1257 13 31 i
770 1256 71 33 alla
864 1258 118 31 övriga
1006 1263 117 27 ämnen
1146 1259 75 31 med
1243 1258 177 43 undantag
1442 1271 43 21 av
1506 1259 163 44 följande,
1693 1272 75 21 var-

159 1297 53 31 uti
236 1297 210 42 avgörandet
469 1308 195 23 ankommer
685 1298 121 33 endast
828 1300 43 42 på
893 1300 229 42 fullmäktige,
1146 1300 187 43 nämligen:

295 1343 33 38 a)
351 1339 236 43 underdåniga
609 1340 295 43 framställningar
925 1342 58 31 till
1004 1341 127 43 Kungl.
1156 1342 113 43 Maj:t;

291 1381 36 41 b)
351 1380 112 33 beslut
485 1382 12 31 i
520 1383 100 41 fråga
642 1393 52 21 om
717 1383 194 42 beviljande
933 1394 42 21 av
1002 1384 239 42 skattebidrag
1261 1386 56 30 till
1338 1385 135 32 stadens
1486 1385 175 33 allmänna
1676 1397 92 32 gagn

159 1422 83 32 eller
264 1422 171 33 särskilda
457 1424 76 32 dess
556 1424 116 39 behov,
696 1426 38 31 så
756 1425 80 32 vida
859 1425 74 33 icke
956 1425 154 33 besluten
1133 1432 59 26 äro
1215 1437 43 22 av
1274 1427 63 32 den
1353 1427 243 39 beskaffenhet,
1613 1431 53 29 att
1678 1429 89 32 stad-

161 1464 127 42 gandet
319 1465 13 31 i
365 1466 278 42 nästföregående
665 1466 167 43 paragraf
852 1478 94 21 mom.
972 1469 30 40 e)
1025 1468 61 32 bör
1108 1468 186 43 tillämpas,
1319 1469 84 32 eller
1426 1469 98 43 eljest
1548 1481 80 21 avse
1651 1471 115 43 påläg-

159 1506 110 42 gande
302 1517 45 23 av
380 1508 161 40 avgifter,
565 1509 96 32 vilka
684 1509 150 33 erfordra
856 1510 200 42 uttaxering
1079 1511 50 32 för
1151 1510 118 43 längre
1290 1511 53 33 tid
1366 1516 43 28 än
1432 1512 65 33 fem
1519 1513 47 39 år,
1590 1512 81 33 eller
1691 1516 78 29 röra

156 1550 110 39 fråga,
288 1559 112 22 varom
422 1561 13 21 2
456 1552 23 40 $
501 1553 46 30 38
568 1561 93 22 mom.
684 1554 25 29 2
730 1552 171 40 förmåles;

293 1593 30 41 c)
347 1592 112 32 beslut
491 1593 14 32 i
537 1593 186 43 anledning
755 1605 43 21 av
822 1594 39 32 de
883 1595 44 42 på
949 1594 241 44 fullmäktiges
1213 1596 168 43 prövning
1403 1596 162 33 beroende
1588 1598 179 33 revisions-

158 1633 279 43 anmärkningar;

212 1717 23 33 i
292 1676 36 41 d)
351 1677 343 34 överenskommelser
716 1678 61 33 och
799 1678 111 33 beslut
932 1679 143 33 rörande
1095 1679 187 44 ordningen
1299 1680 59 33 och
1376 1682 222 32 arbetssättet
1613 1681 60 34 hos
1689 1682 78 32 full-

156 1717 167 41 mäktige;
900 1741 4 4 .

345 1761 224 44 tillämpning
591 1773 42 22 av
656 1763 41 32 de
720 1763 12 32 i
754 1766 19 38 8
796 1765 39 31 22
860 1764 163 42 stadgade
1047 1764 361 43 bötesbestämmelser;

292 1804 32 39 f)
347 1803 101 42 fråga
470 1816 51 21 om
546 1805 200 42 behörighet
769 1808 54 30 att
845 1809 72 29 säte
940 1807 60 32 och
1024 1809 143 30 stämma
1190 1807 104 33 bland
1317 1807 221 43 fullmäktige
1561 1809 132 43 intaga;

291 1847 37 40 g)
350 1847 192 41 antagande
565 1847 61 32 och
648 1847 237 43 entledigande
908 1853 157 28 ävensom
1088 1849 189 33 avlönande
1300 1861 43 21 av
1366 1851 196 40 borgarråd;

292 1887 37 43 h)
352 1889 193 42 antagande
568 1889 61 33 och
652 1889 237 43 entledigande
912 1896 158 28 ävensom
1093 1891 189 34 avlönande
1297 1903 43 22 av
1356 1892 61 33 den
1459 1904 35 21 hos
1510 1893 256 33 stadsfullmäk-

157 1929 75 42 tige
255 1930 171 33 anställde
448 1931 210 33 sekreterare
682 1932 60 32 och
765 1933 274 43 vaktbetjäning;
1064 1936 88 30 samt

291 1972 26 42 i)
341 1972 121 40 beslut,
498 1974 195 43 varigenom
723 1974 311 45 stadsfullmäktige
1057 1979 114 30 ansett
1193 1987 39 21 en
1256 1976 59 33 hos
1339 1976 75 34 dem
1437 1977 205 33 omedelbart
1663 1978 104 33 väckt

156 2013 84 33 eller
272 2013 92 33 ifrån
397 2015 261 43 stadskollegiet
691 2016 84 33 eller
807 2018 111 41 någon
951 2029 43 21 av
1015 2019 208 32 nämnderna
1247 2019 205 44 hänskjuten
1475 2020 99 42 fråga
1596 2020 83 33 böra
1701 2021 65 32 för-

155 2055 88 33 falla
266 2056 81 33 eller
370 2057 71 32 icke
463 2058 54 32 för
539 2059 211 33 närvarande
772 2059 117 33 kunna
910 2060 58 32 till
991 2060 100 33 bifall
1113 2061 187 33 föranleda.

916 2138 20 39 8
958 2139 50 30 34.

291 2184 104 32 Mom.
418 2186 29 31 1.
492 2183 265 45 Stadskollegiet
780 2189 136 40 utgöres
939 2197 43 21 av

290 2227 34 42 a)
347 2226 333 44 stadsfullmäktiges
703 2228 198 34 ordförande
924 2230 59 32 och
1008 2229 89 33 båda
1118 2230 72 33 vice
1214 2230 214 40 ordförande,

198 2285 128 43 Bihang
350 2286 49 32 till
420 2287 179 42 riksdagens
620 2288 157 43 protokoll
801 2289 93 32 1923.
939 2290 21 30 5
980 2290 91 31 saml.
1138 2291 42 30 12
1201 2289 82 45 häft.
1328 2290 70 42 (Nr
1420 2291 67 41 20.)
1704 2292 19 31 3
