1888 2810
461 148 422 38 Bevillningsutskottets
902 146 224 33 betänkande
1144 145 53 31 Nr
1221 144 51 31 43.
1559 141 18 30 3

111 239 184 33 anlitande
318 247 46 21 av
388 235 284 35 kommissionär,
697 234 86 31 dock
807 233 79 31 med
902 231 230 37 iakttagande
1148 241 45 20 av
1211 229 68 32 vad
1297 229 13 31 i
1335 229 9 31 3
1362 238 102 21 mom.
1481 227 142 36 stadgas

112 303 56 21 om
192 292 74 31 viss
290 290 117 36 lägsta
431 288 128 37 avgift.

157 345 29 30 5.
233 342 132 32 Värdet
397 343 20 30 å
452 341 40 31 de
526 339 184 32 överlåtna
745 338 263 36 fondpapperen
1030 335 93 31 skall
1148 334 60 31 vid
1233 334 66 36 köp
1323 342 100 22 anses
1446 333 178 30 motsvara

112 395 286 37 köpeskillingen
421 393 63 31 och
508 393 59 29 må
590 391 61 31 vid
675 391 82 36 byte
780 390 76 30 icke
880 389 173 36 upptagas
1076 387 58 31 till
1158 387 99 35 lägre
1280 386 123 35 belopp
1427 387 46 27 än
1489 384 57 30 det
1563 383 61 30 vid

112 448 99 31 tiden
234 447 55 31 för
313 444 235 38 bytesavtalet
572 443 12 30 i
608 442 196 31 allmänhet
828 440 174 37 gällande.

836 528 19 30 4
879 524 28 37 $.

156 603 31 30 2.
233 600 71 32 Vid
329 620 39 4 —
394 619 39 4 —
460 618 38 4 —
523 607 119 22 namn.

156 654 53 30 Då
244 651 257 33 fondhandlare
536 649 161 31 avslutar
731 648 179 36 köpavtal,
945 647 76 30 icke
1056 646 54 30 för
1144 654 87 27 egen
1266 643 152 35 räkning
1452 643 88 30 utan
1572 643 52 28 så-

113 715 74 22 som
222 704 284 35 kommissionär,
541 701 92 32 skall
660 700 72 31 han
755 700 92 31 förse
870 698 305 36 avräkningsnota
1199 696 77 31 med
1300 694 167 37 påskrift:
1492 694 12 30 i
1529 693 95 31 kom-

113 758 149 31 mission
286 754 320 37 (avräkningsnota
629 753 13 31 i
665 749 263 37 kommission);
952 750 62 32 där
1036 749 146 38 jämlikt
1207 749 18 31 3
1259 745 8 38 $
1291 748 82 30 2—4
1398 756 103 21 mom.
1519 747 106 29 stäm-

113 811 82 36 peln
220 811 144 35 utgöres
387 807 79 32 med
489 806 140 32 nedsatt
652 805 125 36 belopp
801 805 86 30 eller
910 802 245 37 stämpelplikt
1178 801 76 31 icke
1277 803 81 33 äger
1382 808 90 26 rum,
1496 797 92 32 skall
1612 797 13 30 i

114 862 335 35 avräkningsnotan
473 859 121 31 tillika
617 857 191 31 antecknas
833 855 163 37 grunden
1019 855 59 30 till
1094 852 275 36 nedsättningen
1385 851 84 30 eller
1485 848 141 33 befriel-

113 923 72 26 sen,
221 913 124 31 såvida
380 911 67 32 den
481 911 76 31 icke
590 909 102 36 eljest
716 909 158 35 framgår
897 918 46 20 av
967 905 347 36 avräkningsnotans
1338 902 169 31 innehåll.
1553 901 72 30 Av-

114 966 115 31 slutar
253 973 120 22 annan
397 966 46 28 än
466 961 257 32 fondhandlare
747 959 169 36 köpavtal
940 959 53 30 för
1016 967 138 22 annans
1177 956 166 35 räkning,
1360 954 91 31 skall
1469 954 11 30 i
1498 952 125 31 avräk-

114 1018 219 35 ningsnotan
356 1016 153 30 utsättas
532 1014 55 30 för
611 1022 97 21 vems
733 1012 155 35 räkning
911 1009 228 32 avslutandet
1162 1008 104 31 skett.

158 1068 319 36 Avräkningsnota
502 1085 39 3 —
567 1084 39 4 —
632 1083 39 4 —
696 1064 270 31 underskriven.

828 1130 82 54 65.

158 1225 86 35 Den,
269 1242 40 4 —
335 1242 39 4 —
399 1241 40 4 —
463 1221 160 36 stämpel.

159 1276 68 32 För
261 1274 214 38 utgörandet
508 1283 45 21 av
588 1272 223 31 föreskriven
839 1270 149 36 stämpel
1012 1278 101 23 svare
1137 1267 114 32 likväl
1276 1267 12 30 i
1312 1266 98 36 varje
1433 1265 63 30 fall
1521 1264 101 31 såväl

116 1328 148 32 vardera
280 1326 260 32 kontrahenten
555 1325 54 31 för
625 1324 56 36 sig
698 1333 73 21 som
788 1323 64 31 ock
868 1321 221 36 förmedlare,
1106 1320 79 31 med
1201 1319 66 31 den
1283 1317 261 36 inskränkning
1558 1317 64 33 att,

115 1390 57 21 om
206 1380 82 35 köp-
322 1379 86 30 eller
438 1376 234 37 bytesavtalet
696 1375 176 31 avslutats
896 1375 13 30 i
932 1373 172 35 utlandet,
1128 1372 167 31 ansvaret
1318 1370 115 36 ligger
1455 1368 122 31 endast
1601 1368 21 29 å

117 1432 64 31 här
205 1432 12 30 i
252 1431 93 30 riket
372 1430 117 31 bosatt
512 1427 213 32 kontrahent
747 1426 64 31 och
834 1425 220 32 förmedlare.
1099 1423 122 31 Såsom
1244 1422 157 31 avslutat
1424 1421 12 30 i
1460 1419 162 32 utlandet

115 1493 102 21 anses
252 1481 127 32 härvid
413 1480 135 37 jämväl
583 1479 125 31 sådant
742 1478 110 35 avtal,
876 1487 74 21 som
973 1476 150 32 kommit
1146 1475 58 31 till
1227 1473 103 32 stånd
1353 1472 145 31 medelst
1522 1472 100 35 post-,

116 1535 145 31 telefon-
295 1534 87 31 eller
414 1530 359 38 telegrafförbindelse
806 1530 132 30 mellan
966 1529 54 31 ort
1045 1528 12 30 i
1080 1527 147 36 Sverige
1251 1525 63 31 och
1337 1526 54 29 ort
1415 1525 13 29 i
1451 1522 170 32 utlandet.

837 1612 71 37 7$.

161 1691 30 30 2.
237 1689 74 31 När
346 1688 59 31 till
440 1687 303 36 avräkningsnota
778 1683 175 33 erfordras
976 1683 148 36 stämpel
1148 1682 59 31 till
1231 1683 109 29 större
1364 1679 123 36 belopp
1511 1680 46 28 än
1580 1687 44 21 en

117 1741 151 37 stämpel
303 1740 212 36 innehåller,
550 1739 58 30 må
641 1738 62 31 två
727 1737 85 31 eller
836 1736 84 31 flera
943 1735 170 36 stämplar
1136 1735 188 35 begagnas.
1368 1731 71 31 Där
1461 1729 163 37 stämpel-

118 1794 161 36 beloppet
317 1792 147 32 utfaller
488 1792 12 30 i
523 1790 126 32 sådant
683 1790 61 35 tal,
780 1789 86 30 varå
900 1787 146 36 stämpel
1081 1786 31 37 ej
1146 1786 114 31 finnes
1283 1785 84 30 eller
1390 1782 125 32 vartill
1539 1781 85 31 flera

118 1845 172 37 stämplar
323 1845 21 30 å
378 1843 138 32 mindre
544 1842 131 31 värden
699 1841 32 36 ej
755 1841 124 30 kunna
902 1838 310 36 sammanjämkas,
1238 1836 91 32 skall
1352 1834 148 36 stämpel
1523 1834 22 30 å
1567 1833 58 31 det

118 1898 99 36 lägre
241 1896 118 36 värde,
383 1905 75 22 som
482 1897 39 29 är
544 1893 109 38 sagda
676 1893 51 31 tal
751 1892 169 35 närmast,
943 1892 188 35 begagnas.

163 1951 30 29 4.
238 1948 68 32 För
329 1947 161 37 stämpel,
514 1956 75 21 som
612 1956 45 21 av
682 1944 237 32 förmedlaren
941 1944 110 30 åsatts
1074 1941 314 36 avräkningsnota,
1412 1941 84 34 äger
1512 1937 112 32 denne

118 2001 227 31 utbekomma
377 1999 198 35 ersättning
603 1998 62 30 hos
688 1997 123 30 vilken
834 2006 46 20 av
904 1994 299 32 kontrahenterna
1226 2003 74 21 som
1323 1992 100 30 helst.
1469 1988 156 36 Stämpel

118 2054 21 30 å
162 2052 316 35 avräkningsnota,
502 2060 85 25 som,
611 2049 87 31 efter
716 2048 215 36 försäljning
953 2057 44 20 av
1015 2046 217 36 fondpapper
1247 2045 21 30 å
1283 2043 167 32 exekutiv
1467 2041 159 34 auktion,

118 2115 46 20 av
189 2103 384 32 auktionsförrättaren
598 2101 196 36 upprättas,
818 2099 93 31 skall
935 2098 122 37 gäldas
1080 2098 44 35 på
1146 2098 71 30 sätt
1241 2097 12 30 i
1277 2096 61 30 198
1362 2092 18 37 $
1402 2093 224 34 utsöknings-

119 2157 105 35 lagen
247 2165 56 22 om
327 2154 149 32 kostnad
499 2154 55 31 för
577 2153 131 31 utmätt
731 2151 189 37 egendoms
943 2149 216 37 försäljning
1183 2148 152 36 stadgas.

163 2312 124 31 Denna
310 2310 207 36 förordning
541 2309 118 32 träder
684 2309 11 30 i
718 2308 98 31 kraft
839 2307 66 31 den
928 2307 19 30 1
971 2305 143 37 januari
1139 2304 98 34 1928;
1261 2302 86 32 dock
1371 2302 98 30 skola
1486 2300 40 32 de
1546 2300 11 31 i
1574 2300 18 31 3
1610 2296 18 37 $

121 2365 19 30 3
179 2373 104 22 mom.
318 2362 200 31 meddelade
552 2360 222 32 föreskrifter
807 2359 181 35 tillämpas
1020 2358 88 30 först
1143 2356 80 30 från
1257 2354 63 31 och
1351 2353 76 31 med
1451 2353 79 35 dag,
1554 2361 74 21 som

121 2416 203 36 Konungen
346 2414 90 31 efter
458 2412 152 32 särskild
633 2411 178 38 prövning
834 2411 218 30 bestämmer.

164 2467 103 31 Intill
301 2466 66 32 den
392 2467 18 29 1
434 2465 142 37 januari
600 2464 83 31 1928
708 2463 92 31 skall
824 2462 66 31 den
914 2459 277 38 stämpelavgift,
1217 2468 120 21 varom
1360 2456 140 36 stadgas
1526 2456 11 30 i
1560 2455 69 31 för-
