2246 2638
713 149 245 31 Statsutskottets
981 147 162 30 utlåtande
1166 146 52 30 Nr
1242 149 49 28 57.
1731 148 37 30 19

195 246 41 20 en
271 233 104 32 sådan
402 232 210 43 adjungerad
636 232 149 32 ledamot
808 231 11 31 i
841 229 335 43 järnvägsstyrelsen
1200 230 116 31 kunna
1340 232 170 29 motsvara
1534 231 102 29 minst
1660 230 38 30 de
1722 229 87 31 ford-

196 277 126 40 ringar,
347 276 39 30 de
410 276 213 40 sakkunnige
647 275 125 38 ansåge
796 274 54 39 sig
875 274 79 30 böra
978 272 104 31 ställa
1104 273 42 41 på
1169 283 39 20 en
1232 271 157 32 blivande
1413 271 228 40 chefingenjör
1665 271 57 31 vid
1746 274 65 28 sta-

196 323 76 26 tens
293 317 373 42 järnvägsbyggnader,
691 316 58 31 och
776 316 100 31 borde
897 315 113 31 därför
1026 315 84 30 hans
1126 313 164 42 avlöning
1307 314 72 31 icke
1396 313 106 32 heller
1518 313 160 42 rimligen
1695 314 117 30 kunna

196 362 112 29 sättas
331 359 56 31 till
411 362 51 29 ett
485 360 161 30 avsevärt
670 358 94 40 lägre
788 357 119 42 belopp
931 362 42 26 än
997 357 62 30 den
1084 367 143 20 senares.

333 401 101 31 Emot
472 399 357 43 järnvägsstyrelsens
871 399 109 31 beslut
1018 398 155 31 anmälde
1209 397 286 31 tillförordnande
1533 397 277 32 överdirektören
1822 396 188 41 Reservation

196 444 201 39 Klemming
420 443 52 30 sin
497 442 202 42 skiljaktiga
722 442 146 40 mening.
913 441 78 31 Han
1016 441 114 39 ansåg,
1155 442 55 28 att
1228 439 355 72 järnvägsstyrelsens
1605 439 111 31 kritik
1732 444 80 25 över
1833 431 64 57 mot
1918 439 86 51 rel

196 486 41 30 de
271 484 231 41 sakkunniges
536 484 130 40 förslag
696 483 77 31 bort
795 485 169 39 utmynna
986 482 12 30 i
1022 483 50 29 ett
1096 482 232 40 avstyrkande
1352 492 43 20 av
1418 485 196 27 detsamma.
1660 480 54 31 En
1738 480 76 31 chef
1830 472 64 51 sens
1912 468 99 60 beslut.

199 528 50 30 för
283 525 408 43 byggnadsavdelningen
726 525 75 30 med
836 524 38 31 de
908 523 287 37 kvalifikationer,
1230 534 69 20 som
1327 522 40 31 de
1391 522 218 41 sakkunnige
1632 523 102 30 tänkt
1758 522 53 41 sig

196 570 54 29 för
277 579 39 21 en
341 568 105 31 sådan
469 567 350 40 befattningshavare,
844 565 101 31 borde
970 565 134 41 mycket
1127 565 55 30 väl
1206 564 116 31 kunna
1345 564 160 31 inordnas
1528 563 89 32 inom
1632 564 178 41 järnvägs-

197 609 183 43 styrelsen,
404 609 115 31 därest
542 609 37 30 åt
602 608 109 31 denna
735 607 259 42 byggnadschef
1014 607 11 29 i
1050 605 70 32 alla
1142 606 126 41 frågor,
1294 617 68 20 som
1386 605 73 32 icke
1482 616 81 20 voro
1580 617 43 20 av
1641 606 52 30 för
1709 608 100 28 stats-

198 651 214 32 banedriften
447 650 242 42 betydelsefull
724 654 116 33 natur,
876 650 104 39 gåves
1015 648 62 31 den
1112 647 335 38 bestämmanderätt,
1482 649 54 29 att
1564 647 62 31 den
1652 647 159 41 verkliga

196 693 184 41 ledningen
415 702 42 22 av
491 693 161 31 arbetena
685 691 131 31 komme
850 694 52 28 att
935 690 97 41 ligga
1065 691 12 30 i
1113 690 82 31 hans
1230 689 98 38 hand,
1365 689 58 32 och
1458 700 52 20 om
1534 689 277 41 föredragning
1791 685 25 53 i

196 735 171 41 styrelsen
402 746 42 20 av
477 733 296 43 byggnadschefen
808 732 123 32 skedde
955 733 122 30 endast
1100 731 12 31 i
1135 731 126 32 sådana
1284 731 125 42 frågor,
1434 742 69 21 som
1528 732 11 29 i
1562 731 176 32 fastställd
1762 732 47 29 in-

197 776 176 32 struktion
397 777 172 31 bestämts.
615 776 123 40 Någon
762 775 134 41 verklig
919 774 180 41 olägenhet
1122 773 52 32 för
1198 774 295 42 överingenjörens
1509 773 303 42 tjänsteutövning

196 830 45 20 av
276 818 84 31 hans
395 818 161 32 samband
580 817 73 32 med
673 816 341 43 järnvägsstyrelsen
1038 815 113 32 kunde
1174 815 74 32 icke
1272 816 144 41 påvisas,
1442 819 83 28 utan
1550 817 152 29 tvärtom
1725 814 85 32 hade

198 861 66 31 han
300 860 194 41 därigenom
528 859 145 32 tillfälle
710 861 63 34 att,
801 864 62 26 när
887 859 66 30 han
977 859 37 30 så
1038 858 157 37 önskade,
1220 857 117 32 rådslå
1359 858 74 31 med
1454 857 357 42 järnvägsstyrelsens

196 903 122 41 övriga
352 902 185 32 ledamöter
571 901 59 32 och
665 900 140 43 påkalla
835 900 134 31 biträde
993 900 12 30 i
1030 900 122 40 många
1175 899 95 31 olika
1293 899 134 32 former.
1473 899 76 31 Den
1573 900 141 36 förmån,
1740 910 69 20 som

197 944 112 42 enligt
344 944 39 31 de
410 943 232 42 sakkunniges
666 943 129 40 förslag
819 942 112 31 skulle
955 942 121 31 vinnas
1100 952 119 31 genom
1244 941 196 32 inrättande
1464 952 43 20 av
1531 951 40 21 en
1595 941 153 41 styrelse,
1773 941 38 31 så

197 988 222 30 sammansatt
443 997 69 20 som
536 985 40 32 de
600 985 214 42 sakkunnige
837 984 191 40 föreslagit,
1052 982 113 33 skulle
1188 983 73 31 lika
1284 984 58 30 väl
1358 983 116 31 kunna
1491 984 106 37 ernås,
1616 983 116 31 därest
1747 982 63 32 den

197 1028 234 41 anordningen
464 1027 168 41 vidtoges,
667 1029 52 30 att
742 1026 131 42 Kungl.
897 1026 99 41 Maj:t
1018 1025 150 32 tillsatte
1191 1025 172 41 skickliga
1386 1024 61 33 och
1470 1025 136 31 erfarna
1629 1029 87 32 män,
1741 1035 66 20 som

197 1082 44 20 av
266 1070 117 32 chefen
406 1070 53 31 för
479 1069 340 43 järnvägsstyrelsen
844 1068 112 32 skulle
980 1067 265 32 sammankallas
1268 1067 59 32 till
1350 1067 248 41 överläggning
1621 1066 59 32 och
1696 1066 114 32 beslut

197 1113 12 31 i
233 1114 91 30 vissa
348 1111 267 44 betydelsefulla
637 1112 130 40 frågor.
813 1110 128 32 Genom
964 1121 40 20 en
1028 1109 105 32 sådan
1157 1109 191 42 anordning
1371 1109 110 32 skulle
1505 1110 53 30 för
1574 1111 129 29 statens
1717 1108 92 41 järn-

197 1154 290 43 vägsbyggnader
510 1154 116 31 kunna
648 1153 247 42 tillgodogöras
919 1152 61 32 den
1005 1151 202 39 erfarenhet,
1232 1151 63 32 den
1313 1151 219 42 sakkunskap
1548 1151 58 31 och
1625 1151 39 31 de
1682 1151 127 31 arbets-

196 1197 143 37 krafter,
363 1207 69 21 som
454 1196 120 31 funnes
597 1196 12 32 i
632 1196 60 31 och
716 1195 107 32 under
843 1194 346 42 järnvägsstyrelsen,
1215 1194 59 31 och
1298 1194 40 31 de
1362 1195 125 39 många
1510 1193 226 41 anledningar
1752 1193 57 31 till

197 1239 189 41 slitningar
419 1239 180 37 undvikas,
634 1249 78 26 som,
749 1237 111 41 enligt
893 1239 234 29 reservantens
1161 1237 43 41 på
1238 1236 194 31 erfarenhet
1460 1236 77 30 från
1560 1237 139 40 gångna
1721 1235 88 31 tider

197 1280 177 42 grundade
398 1280 224 42 övertygelse,
647 1279 114 32 skulle
776 1279 161 42 medfölja
953 1278 64 32 den
1035 1289 43 21 av
1095 1278 39 31 de
1151 1277 216 43 sakkunnige
1382 1277 177 32 förordade
1577 1277 231 42 anordningen

198 1323 75 31 med
296 1334 40 20 en
359 1322 148 32 särskild
531 1321 338 43 byggnadsstyrelse.

333 1364 67 32 Vid
434 1363 247 42 föredragning
714 1363 94 31 inför
841 1362 131 41 Kungl.
1007 1362 98 42 Maj:t
1139 1362 64 31 den
1231 1363 19 29 4
1274 1361 139 42 augusti
1438 1362 81 31 1906
1542 1372 44 20 av
1609 1361 122 41 frågan
1755 1372 51 20 om
1846 1367 72 26 1906
1944 1366 50 27 års

196 1406 185 32 förändrad
404 1405 234 41 organisation
662 1416 43 20 av
726 1403 336 43 järnvägsstyrelsen
1086 1403 73 32 med
1184 1403 171 32 därunder
1377 1403 151 41 lydande
1551 1402 257 42 förvaltningar
1818 1400 191 38 Jjärnvägsor-

197 1449 88 31 fäste
318 1448 188 32 statsrådet
540 1447 59 32 och
633 1447 117 32 chefen
784 1447 53 32 för
868 1446 352 43 civildepartementet
1254 1445 346 43 uppmärksamheten
1632 1445 93 38 därå,
1754 1447 52 29 abb
1820 1442 9 26 I
1849 1441 66 53 oeR

197 1490 129 42 Kungl.
361 1489 98 43 Maj:t
493 1490 64 32 den
591 1491 38 30 22
665 1489 172 32 december
871 1489 80 31 1905
978 1487 219 44 bemyndigat
1220 1487 193 32 dåvarande
1436 1487 370 42 departementschefen
1837 1500 115 27 yttrande
1977 1504 45 23 rö-

306 1533 5 5 ;
637 1532 5 5 s
1115 1530 6 6 s
1815 1510 18 26 y

196 1535 56 30 att
285 1532 155 32 tillkalla
473 1532 214 41 sakkunniga
709 1541 159 33 personer
890 1531 54 31 för
967 1532 54 30 att
1043 1541 127 30 avgiva
1191 1529 165 43 yttrande
1378 1530 61 32 och
1463 1529 138 42 förslag,
1626 1529 89 32 huru
1739 1529 67 32 led-
1825 1534 89 27 rande
1928 1534 85 34 järn-

197 1576 125 41 ningen
347 1585 42 21 av
412 1574 58 32 och
495 1574 166 43 tillsynen
685 1578 80 27 över
787 1584 71 32 nya
877 1572 420 43 järnvägsanläggningar
1319 1572 53 31 för
1395 1574 130 29 statens
1541 1572 149 41 räkning
1704 1572 104 31 borde
1818 1568 195 35 vägsbyggna-

197 1617 54 32 för
284 1617 183 31 framtiden
501 1616 200 43 lämpligast
735 1615 130 33 ordnas.
910 1615 17 32 I
958 1614 243 42 sammanhang
1224 1614 138 32 därmed
1385 1614 139 32 anförde
1547 1614 260 42 departements-
1820 1602 102 60 dernas
1935 1610 80 52 orgar

196 1659 120 33 chefen
349 1658 126 39 vidare,
511 1661 54 29 att
597 1659 63 31 den
695 1669 42 20 av
771 1658 121 31 honom
927 1658 51 31 för
1001 1657 188 42 avgivande
1213 1666 42 22 av
1277 1657 166 42 yttrande
1465 1656 145 32 rörande
1630 1656 179 42 järnvägs-
1988 1656 4 5 |

196 1701 187 43 styrelsens
417 1701 233 41 organisation
685 1712 41 19 m.
761 1712 42 19 m.
838 1699 204 42 ifrågasatta
1075 1698 203 32 kommittén
1305 1699 102 32 borde
1430 1698 59 31 vid
1512 1698 232 42 fullgörandet
1768 1709 42 20 av

199 1743 64 32 sitt
284 1742 155 43 uppdrag
461 1746 82 38 taga
562 1742 133 43 jämväl
719 1742 110 32 denna
851 1742 99 41 fråga
973 1741 12 31 i
1008 1744 195 39 noggrannt
1218 1740 243 42 övervägande,
1480 1745 80 27 enär
1576 1739 235 33 ovannämnda

197 1785 233 41 sakkunniges
454 1785 129 42 förslag
605 1795 80 21 vore
708 1784 176 42 uppgjort,
908 1784 107 31 under
1032 1783 248 41 förutsättning
1296 1784 52 30 att
1364 1783 28 42 ej
1411 1784 111 40 någon
1539 1793 92 21 mera
1646 1782 165 42 ingående

197 1826 288 42 omorganisation
508 1838 44 21 av
571 1826 341 43 järnvägsstyrelsen
936 1825 111 32 skulle
1070 1825 67 31 ske.

333 1869 148 32 Berörda
514 1869 177 32 kommitté
725 1878 115 31 avgav
874 1868 64 32 sitt
971 1867 213 33 betänkande
1218 1867 64 32 den
1316 1868 18 31 8
1369 1877 89 21 mars
1483 1868 79 30 1907
1587 1866 62 32 och
1672 1867 138 31 anförde

197 1911 125 32 därvid
345 1912 9 30 i
379 1911 221 32 förevarande
624 1916 96 27 ämne
743 1909 161 43 följande.

332 1953 214 33 Kommittén
583 1953 85 32 ville
705 1952 123 32 därvid
864 1952 75 32 icke
973 1951 161 40 bestrida,
1169 1954 53 29 att
1256 1951 258 32 förhållandena
1547 1951 13 31 i
1594 1950 164 33 avseende
1792 1952 20 30 å

198 1995 443 43 byggnadsverksamheten
675 1994 60 33 och
769 1994 145 32 trafiken
945 1994 84 32 eller
1052 1994 124 32 endera
1198 1993 113 32 kunde
1334 1994 11 31 i
1368 1993 186 32 framtiden
1577 1992 159 33 utveckla
1759 1993 53 41 sig

199 2039 47 38 så,
281 2040 54 29 att
370 2038 56 32 det
459 2038 111 32 kunde
603 2038 134 31 komma
771 2038 54 31 att
852 2047 94 22 anses
969 2036 223 42 nödvändigt,
1216 2038 53 29 att
1291 2035 182 42 ledningen
1496 2047 42 20 av
1561 2035 60 33 och
1644 2035 168 42 tillsynen

199 2085 81 36 över
303 2082 132 30 statens
455 2079 373 44 järnvägsbyggnader
851 2079 192 42 uppdroges
1066 2079 37 31 åt
1126 2089 40 21 en
1183 2078 152 32 särskild
1351 2078 115 31 därför
1481 2077 155 32 inrättad
1654 2077 157 43 styrelse.

198 2123 34 32 ÅA
255 2122 107 32 andra
385 2122 97 32 sidan
505 2123 108 30 måste
659 2091 62 62 och
743 2121 190 38 fasthållas,
959 2121 71 31 dels
1054 2123 51 29 att
1127 2120 107 32 under
1257 2120 191 32 dåvarande
1464 2119 238 32 förhållanden
1718 2130 93 21 avse-

198 2167 79 29 värt
300 2164 138 42 mycket
461 2165 114 31 arbete
598 2163 153 33 utfördes
768 2164 52 31 för
833 2163 432 43 järnvägsbyggnadernas
1280 2162 150 42 räkning
1453 2173 44 20 av
1514 2162 104 32 andra
1631 2161 180 43 järnvägs-

197 2205 190 45 styrelsens
409 2207 124 42 byråer
555 2206 60 32 och
637 2206 123 32 kontor
783 2210 43 27 än
848 2205 63 32 den
934 2205 53 32 för
1000 2205 411 43 järnvägsbyggnaderna
1426 2204 174 32 inrättade
1619 2204 191 42 byggnads-
