2230 2634
444 155 40 31 30
899 152 244 31 Statsutskottets
1167 152 160 30 utlåtande
1350 151 54 31 Nr
1425 152 47 31 57.

402 240 21 29 a
453 237 38 31 de
515 236 207 32 trafikerade
744 236 151 31 banorna
917 234 59 32 och
998 234 299 42 nödvändigheten
1321 244 43 21 av
1388 233 95 32 dessa
1506 234 158 32 arbetens
1687 231 181 33 utförande
1891 243 118 31 genom

399 277 349 45 järnvägsstyrelsen.

486 320 70 32 Att
579 320 96 32 dessa
697 318 377 43 nybyggnadsarbeten,
1098 318 98 31 vilka
1219 317 111 42 enligt
1347 317 187 42 styrelsens
1550 316 217 33 förmenande
1783 315 105 32 alltid
1904 317 106 30 måste

402 362 199 32 handhavas
636 373 44 20 av
704 361 351 42 järnvägsstyrelsen,
1079 360 13 31 i
1115 365 90 27 ännu
1228 359 104 42 högre
1354 359 86 41 grad
1463 364 42 26 än
1529 360 161 31 arbetena
1713 360 19 30 å
1755 358 39 31 de
1817 368 70 31 nya
1910 360 100 29 stats-

402 406 150 31 banorna
573 405 108 30 måste
704 404 109 31 kräva
836 405 51 29 ett
910 403 117 31 intimt
1052 402 188 32 samarbete
1264 400 74 33 med
1362 401 96 31 dessa
1480 401 124 32 banors
1620 400 91 33 befäl
1727 411 99 32 synes
1843 400 166 42 styrelsen

403 458 85 21 vara
510 446 201 42 uppenbart.

571 490 73 30 etta
667 487 94 32 torde
786 488 83 30 utan
892 487 116 31 vidare
1030 496 85 21 vara
1139 486 94 31 klart
1256 484 215 33 beträffande
1494 484 216 41 anläggande
1734 496 42 20 av
1793 482 216 43 dubbelspår,

403 531 62 31 där
488 530 284 41 dispositionerna
794 529 54 32 för
871 529 174 32 arbetenas
1068 528 181 31 utförande
1273 528 97 30 snart
1394 529 78 40 sagt
1494 528 43 41 på
1559 525 96 43 varje
1681 527 111 41 punkt
1807 525 145 32 inverka
1967 526 44 41 på

403 572 318 32 trafiksäkerheten.

536 614 72 32 Till
641 613 183 43 belysande
859 624 42 20 av
935 614 54 30 att
1023 613 95 30 detta
1152 617 84 26 även
1270 616 39 26 är
1337 610 102 32 fallet
1462 609 211 33 beträffande
1696 610 211 41 utvidgning
1928 608 83 32 eller

403 656 215 43 ombyggnad
642 667 43 20 av
708 655 194 42 bangårdar
925 655 54 31 må
1002 654 171 32 härnedan
1196 653 181 42 redogöras
1400 653 62 38 för,
1486 653 91 30 huru
1601 651 121 43 dylika
1744 652 265 41 bangårdsären-

403 700 62 31 den
489 698 215 42 handläggas
727 698 91 31 inom
840 696 176 43 styrelsen.

536 740 78 33 Vad
648 740 43 31 då
723 741 86 30 först
841 739 164 31 beträffar
1038 737 249 43 upprättandet
1320 748 44 21 av
1390 735 320 43 förslagsritningar
1732 735 58 31 till
1814 737 109 30 större
1946 746 65 21 om-

402 782 198 43 byggnader
623 782 83 31 eller
730 780 249 43 utvidgningar
1002 791 43 21 av
1071 779 190 42 bangårdar
1282 784 171 37 uppgöras
1476 778 98 32 dessa
1597 778 12 31 i
1626 777 92 42 regel
1734 777 91 31 inom
1841 777 170 42 styrelsen

403 826 21 30 å
446 824 312 43 byggnadsbyråns
781 821 374 44 bangårdsavdelning.
1193 821 67 32 För
1282 832 41 21 en
1347 822 70 30 viss
1440 820 155 42 bangård
1617 824 169 38 uppgöres
1803 819 125 31 sådant
1943 819 67 32 för-

403 867 75 42 slag
511 866 160 42 vanligen
693 865 13 32 i
732 868 124 29 tvenne
881 864 321 42 byggnadsstadier,
1227 865 49 29 ett
1299 864 118 37 första,
1441 864 113 30 avsett
1577 863 55 30 att
1655 862 172 31 motsvara
1850 860 63 32 den
1936 866 74 26 när-

403 911 106 29 maste
543 908 114 31 tidens
692 908 86 31 krav
801 909 20 30 å
844 906 214 33 förbättrade
1082 905 231 41 anordningar
1336 904 60 33 och
1419 904 190 42 utgörande
1632 906 51 29 ett
1705 903 110 32 första
1836 902 56 32 led
1914 903 12 30 i
1949 903 63 31 den

403 950 143 42 slutliga
579 950 256 41 utbyggnaden,
870 951 88 29 samt
995 951 50 29 ett
1068 948 144 41 slutligt
1233 947 181 32 utvisande
1437 946 87 32 huru
1548 945 198 42 bangården
1768 945 12 31 i
1804 955 41 21 en
1867 944 145 32 framtid

402 993 67 31 kan
493 993 124 31 tänkas
640 991 168 43 utbyggd.
854 991 133 31 Härvid
1009 991 109 31 måste
1142 991 70 30 ofta
1233 989 136 32 samråd
1386 989 11 31 i
1414 990 71 30 stor
1508 987 243 41 utsträckning
1767 993 66 35 äga
1848 998 74 20 rum
1938 986 74 32 med

403 1034 107 33 andra
534 1045 43 21 av
600 1034 187 42 styrelsens
811 1034 123 41 byråer
958 1032 141 32 särskilt
1122 1031 255 42 maskinbyrån,
1402 1030 42 32 då
1466 1031 13 31 i
1501 1030 132 41 förslag
1655 1029 59 31 till
1734 1029 217 42 ombyggnad
1968 1039 43 21 av

403 1079 106 29 större
544 1075 195 42 bangårdar
772 1076 109 31 oftast
908 1074 83 42 ingå
1013 1073 193 43 betydande
1228 1073 229 41 anordningar
1478 1073 54 31 för
1555 1071 207 42 kolgivning
1786 1071 61 31 och
1870 1071 140 42 kolupp-

402 1119 177 41 läggning,
603 1117 198 33 lokomotiv-
826 1117 59 32 och
908 1116 290 33 vattenstationer
1220 1127 41 20 m.
1285 1127 42 19 m.
1352 1114 60 33 och
1428 1114 97 32 vilka
1541 1114 247 41 anordningars
1805 1113 206 41 omfattning

403 1160 60 33 och
485 1160 169 42 lämpliga
676 1159 200 42 placerande
899 1164 39 26 är
961 1170 42 20 av
1026 1162 71 28 stor
1119 1157 174 43 betydelse
1316 1157 51 32 för
1389 1156 257 42 utformningen
1670 1167 42 20 av
1734 1154 168 42 förslaget
1923 1155 13 31 i
1958 1154 54 32 sin

403 1203 125 32 helhet.
574 1202 111 32 Sedan
719 1200 340 43 bangårdsförslaget
1082 1199 107 33 blivit
1211 1200 177 31 utarbetat
1410 1199 130 31 lämnas
1563 1196 250 34 vederbörande
1836 1196 175 32 distrikts-

402 1244 214 43 förvaltning
648 1243 146 32 tillfälle
818 1245 54 30 att
894 1245 100 40 yttra
1017 1242 55 42 sig
1094 1248 79 26 över
1196 1242 194 37 detsamma,
1413 1240 151 32 varefter
1587 1239 170 43 styrelsen
1780 1239 75 31 med
1878 1239 133 42 hänsyn

402 1287 62 31 till
497 1287 40 31 de
571 1286 202 41 erinringar,
809 1296 70 21 som
903 1284 189 33 eventuellt
1115 1283 123 33 härvid
1262 1283 106 32 blivit
1390 1282 226 38 framställda,
1640 1281 158 42 vidtager
1820 1280 65 32 den
1907 1291 104 21 omar-

403 1328 142 42 betning
568 1339 43 21 av
634 1328 176 41 förslaget,
835 1338 69 21 som
929 1327 145 31 befinnes
1099 1325 168 41 behövlig.
1312 1324 368 41 Kostnadsberäkning
1701 1324 182 42 upprättas
1906 1323 106 41 därpå

401 1371 55 32 för
479 1369 263 43 genomförande
766 1380 43 21 av
832 1369 183 42 förslagets
1040 1370 51 30 1:a
1106 1366 385 45 utbyggnadsstadium,
1508 1367 152 31 varefter
1677 1366 157 41 åtgärder
1850 1364 162 42 vidtagas

403 1424 42 21 av
466 1412 173 75 styrelsen
662 1412 52 31 för
736 1411 215 32 utverkande
974 1422 43 21 av
1041 1410 124 42 anslag
1187 1410 58 31 till
1268 1408 209 43 utvidgning
1501 1420 41 20 av
1566 1408 64 32 den
1653 1407 265 42 ifrågavarande
1934 1407 77 31 ban-

427 1466 113 21 ården.

398 1463 26 81 ji
536 1495 223 33 Beträffande
783 1495 199 32 utförandet
1005 1505 42 21 av
1070 1495 160 31 arbetena
1252 1494 55 31 för
1330 1492 258 43 ombyggnaden
1605 1492 83 32 eller
1704 1491 250 42 utvidgningen
1970 1501 42 20 av

403 1538 196 42 bangården
632 1538 133 31 lämnar
798 1537 179 42 styrelsen,
1001 1536 104 32 sedan
1129 1535 226 42 erforderliga
1379 1534 106 33 medel
1508 1534 117 32 ställts
1648 1533 59 32 till
1730 1533 206 41 förfogande,
1960 1533 51 31 be-

403 1580 229 43 myndigande
657 1582 37 30 åt
716 1579 253 32 vederbörande
992 1577 376 42 distriktsförvaltning
1391 1579 53 29 att
1467 1597 38 2 —
1529 1576 12 31 i
1565 1576 95 32 vissa
1681 1575 65 32 fall
1769 1586 120 30 genom
1905 1586 40 20 en
1961 1574 52 31 för

403 1622 196 33 ändamålet
615 1622 200 43 upprättad,
833 1621 60 31 till
910 1620 425 41 distriktsförvaltningen
1351 1619 159 32 ansluten
1526 1617 150 33 särskild
1692 1616 321 44 byggnadsledning

402 1685 41 3 —
469 1666 117 30 härom
610 1665 108 40 draga
741 1664 134 41 försorg
896 1662 13 32 i
933 1662 154 42 enlighet
1109 1663 76 31 med
1208 1673 42 20 av
1273 1662 170 42 styrelsen
1466 1660 119 32 härför
1607 1659 201 32 fastställda
1830 1659 181 41 ritningar.

538 1706 65 32 Ett
636 1705 251 43 överflyttande
920 1705 75 31 från
1026 1703 340 44 järnvägsstyrelsen
1400 1703 57 31 till
1481 1714 111 20 annan
1618 1701 202 42 myndighet
1843 1711 43 21 av
1909 1700 103 32 hand-

404 1748 212 43 läggningen
639 1759 43 21 av
705 1749 97 30 dessa
824 1747 293 42 bangårdsfrågor
1139 1757 100 32 synes
1262 1746 173 42 knappast
1457 1756 86 20 vara
1565 1744 157 38 tänkbar,
1746 1744 43 31 då
1814 1742 198 32 förbehand-

402 1791 117 41 lingen
553 1801 42 21 av
629 1790 96 32 dessa
756 1790 145 31 ärenden
925 1789 73 32 med
1021 1788 255 42 nödvändighet
1298 1790 107 29 mäste
1427 1787 94 42 ligga
1543 1786 61 32 hos
1628 1786 62 32 den
1713 1784 208 41 myndighet,
1944 1795 69 21 som

404 1838 80 36 äger
507 1832 190 32 kännedom
720 1843 52 20 om
795 1831 40 32 de
859 1830 126 33 brister
1007 1831 12 31 i
1043 1830 177 42 befintliga
1244 1829 237 42 anordningar,
1506 1840 71 20 som
1601 1827 176 33 föranleda
1800 1826 214 42 svårigheter

404 1875 53 31 för
491 1874 145 31 driftens
670 1873 162 42 behöriga
866 1873 128 32 skötsel
1027 1872 60 32 och
1121 1883 70 21 som
1224 1872 116 31 därför
1375 1872 62 30 har
1464 1870 178 43 möjlighet
1676 1870 55 31 att
1752 1868 95 32 tillse
1871 1870 55 30 att
1948 1879 65 21 om-

405 1916 192 43 hyggnads-
619 1916 59 32 och
703 1914 396 43 utvidgningsförslagen
1122 1914 96 32 bliva
1241 1913 204 43 upprättade
1467 1912 76 32 med
1566 1911 213 42 vederbörlig
1802 1911 132 42 hänsyn
1957 1909 56 31 till

405 1962 52 28 att
490 1958 196 42 föreslagna
719 1957 229 41 anordningar
981 1957 95 31 bliva
1108 1962 86 26 även
1227 1956 54 31 för
1314 1954 181 33 framtiden
1529 1954 40 32 de
1596 1953 217 43 lämpligaste
1836 1952 59 32 och
1918 1952 96 31 bästa

404 2000 149 43 möjliga.
598 1999 348 43 Järnvägsstyrelsen
978 2000 105 30 måste
1117 1997 212 33 fördenskull
1363 1997 107 32 under
1502 1996 70 32 alla
1607 1994 293 42 omständigheter
1927 1994 12 31 i
1961 1994 53 41 sig

404 2042 175 32 innesluta
613 2044 50 30 ett
696 2052 104 31 organ
834 2041 54 32 för
922 2040 226 42 beredningen
1178 2051 43 21 av
1244 2040 98 31 dessa
1365 2039 153 32 ärenden.
1568 2038 66 32 Vid
1657 2038 121 31 sådant
1799 2035 214 33 förhållande

405 2084 95 32 torde
535 2084 57 31 det
627 2084 60 31 ock
711 2094 83 21 vara
816 2083 185 42 påtagligt,
1026 2085 52 29 att
1101 2083 56 31 det
1180 2087 39 26 är
1241 2082 57 31 till
1321 2092 102 31 gagn,
1447 2083 52 29 att
1521 2082 53 30 ett
1598 2081 37 30 så
1658 2081 87 30 stort
1769 2078 60 33 och
1853 2077 160 32 fullstän-

404 2126 76 42 digt
513 2126 250 32 arbetsområde
797 2136 70 21 som
890 2124 138 43 möjligt
1051 2124 137 32 beredes
1212 2123 63 32 den
1297 2124 53 31 för
1373 2122 148 43 angivna
1543 2121 226 42 utredningar
1793 2119 221 42 erforderliga

404 2168 200 42 personalen
638 2169 43 41 på
714 2167 57 32 det
798 2169 54 30 att
874 2169 39 30 så
958 2166 132 42 dugande
1114 2165 212 43 specialister
1349 2176 70 21 som
1442 2164 136 43 möjligt
1601 2164 92 32 inom
1715 2163 94 32 detta
1834 2162 179 32 arbetsom-

405 2209 81 33 råde
509 2211 54 30 må
585 2210 117 32 kunna
724 2209 152 32 utbildas
899 2209 60 32 och
982 2207 188 34 bibehållas
1193 2209 11 30 i
1228 2210 131 30 statens
1379 2207 204 42 järnvägars
1606 2206 117 42 tjänst.
