2234 2642
737 148 245 31 Statsutskottets
1007 148 161 30 utlåtande
1193 148 51 30 Nr
1266 149 48 30 57.
1744 150 39 28 33

216 231 107 31 relsen
359 231 183 31 berörande
566 232 48 30 in-
638 230 60 33 och
722 231 170 41 utgående
915 230 228 43 expeditioner
1166 230 225 32 förekommit.
1437 231 128 31 Härtill
1592 233 158 37 kommer,
1775 234 51 29 att

214 273 261 31 kommissionen
510 273 170 31 förklarat
714 274 52 39 sig
801 273 73 31 icke
910 273 114 31 kunna
1056 274 148 40 godtaga
1238 273 58 31 och
1329 273 172 31 likvidera
1524 274 44 41 på
1588 273 236 43 järnvägssty-

214 315 128 31 relsens
377 314 182 42 bokföring
591 315 175 41 grundade
801 325 90 21 mera
924 315 224 31 summariska
1170 315 186 41 räkningar
1378 316 53 30 för
1454 315 144 37 arbeten,
1623 327 69 20 som
1714 315 111 42 enligt

212 356 323 32 överenskommelse
572 358 133 30 utföras
742 368 44 20 av
817 356 338 43 järnvägsstyrelsen
1189 357 51 31 för
1273 357 276 32 kommissionens
1583 357 149 41 räkning
1764 357 61 32 och

211 398 142 38 fordrat,
389 400 54 30 att
477 399 96 30 dessa
606 399 184 41 räkningar
812 399 96 31 skola
932 399 137 42 åtföljas
1093 409 43 21 av
1158 402 226 28 transsumter
1407 410 42 20 ur
1471 399 39 31 de
1534 400 150 41 primära
1705 399 118 32 räken-

213 440 368 42 skapshandlingarna,
605 440 185 42 detaljerat
814 441 193 40 angivande
1029 441 95 41 varje
1147 440 228 42 utbetalning,
1396 442 103 38 något
1515 452 69 20 som
1602 441 222 40 naturligtvis

212 482 196 31 förorsakar
430 493 39 20 en
494 481 54 32 hel
564 482 52 31 del
633 482 239 31 dubbelarbete
889 483 11 30 i
916 482 469 42 räkenskapsbehandlingen.
1422 483 97 30 Hade
1536 484 134 29 arbetet
1687 486 9 27 i
1714 482 109 32 likhet

213 524 74 30 med
321 524 108 30 andra
462 526 107 28 större
605 524 368 41 nybyggnadsarbeten
1007 524 127 31 utförts
1158 534 118 30 genom
1299 526 131 29 statens
1451 525 206 41 järnvägars
1680 524 142 41 försorg,

212 564 85 32 hade
331 567 108 29 större
472 565 95 31 delen
602 576 43 20 av
679 576 84 20 ovan
800 566 150 39 angivna
983 565 143 31 ärenden
1151 565 73 31 icke
1248 565 123 31 behövt
1394 565 44 31 bli
1464 566 142 31 föremål
1630 566 53 31 för
1707 566 115 31 skrift-

213 606 151 31 växling.

332 631 87 48 Den
444 649 207 41 ifrågasatta
673 660 71 30 nya
766 648 190 41 ordningen
979 648 110 32 skulle
1112 648 157 38 medföra,
1294 651 51 29 att
1368 649 60 31 två
1452 649 197 31 beslutande
1666 650 155 42 myndig-

210 689 99 32 heter
343 692 11 28 i
386 701 128 21 samma
536 691 117 41 frågor
675 690 161 38 infördes,
861 690 110 31 vilket
993 690 150 41 givetvis
1166 690 110 32 skulle
1299 690 122 32 orsaka
1444 691 173 41 tyngande
1640 692 147 41 omgång
1810 692 12 30 i

208 732 143 31 arbetet.

345 774 17 31 I
397 774 95 32 detta
526 774 241 41 sammanhang
801 775 55 30 må
889 774 130 32 erinras
1052 776 55 29 att
1141 794 39 3 —
1213 775 110 31 såsom
1351 775 61 30 ock
1435 775 101 32 redan
1560 775 13 31 i
1596 775 226 42 nyssberörda

207 816 168 40 yttrande
409 815 210 32 framhållits
647 835 41 4 —
711 817 108 30 såsom
844 816 207 42 bidragande
1075 816 99 31 orsak
1197 816 58 31 till
1275 816 428 42 järnvägsbyggnadernas
1727 823 93 26 över-

209 856 171 42 flyttande
405 859 38 29 år
467 859 80 31 1888
570 858 58 31 till
648 858 337 42 järnvägsstyrelsen
1008 869 66 30 nog
1096 870 61 19 var
1179 858 129 31 önskan
1332 860 55 29 att
1409 858 104 32 vinna
1536 859 253 41 gemensamhet
1812 865 8 25 i

209 898 181 43 ledningen
424 909 43 21 av
501 902 131 29 statens
659 900 369 41 järnvägsbyggnader
1050 900 59 31 och
1133 902 128 29 statens
1282 900 269 41 järnvägstrafik
1575 906 155 26 ävensom
1753 901 66 31 för-

206 940 143 43 enkling
372 941 12 31 i
407 941 274 32 administration
705 942 59 31 och
788 942 105 31 därav
915 941 174 32 föranledd
1112 942 181 41 besparing
1316 943 12 29 i
1345 942 189 31 kostnader.
1573 942 246 32 Erfarenheten

208 982 86 32 hade
328 984 99 37 visat,
463 986 52 29 att
548 984 107 31 under
688 984 40 31 de
762 983 100 38 tider,
898 984 43 31 då
971 986 127 28 statens
1118 983 366 43 järnvägsbyggnader
1506 984 112 32 leddes
1642 995 43 20 av
1708 996 111 20 annan

208 1025 202 42 myndighet
443 1031 41 26 än
514 1025 341 43 järnvägsstyrelsen
888 1026 171 31 förefanns
1083 1026 88 31 brist
1193 1027 43 40 på
1260 1026 187 31 samarbete
1470 1026 61 31 och
1555 1026 86 32 hade
1665 1026 57 32 det
1744 1026 75 33 ofta

208 1067 93 31 visat
324 1068 64 40 sig,
412 1070 62 34 att,
498 1069 37 30 så
558 1072 95 27 snart
677 1079 40 20 en
737 1067 328 43 järnvägsbyggnad
1088 1079 60 20 var
1171 1067 195 32 fullbordad
1389 1068 59 31 och
1465 1072 142 38 öppnats
1623 1069 53 31 för
1690 1068 129 32 allmän

208 1109 110 38 trafik,
353 1120 71 21 mer
457 1109 83 32 eller
574 1110 130 31 mindre
738 1110 150 42 dyrbara
921 1110 184 42 ändringar
1138 1111 87 30 måst
1258 1110 158 41 vidtagas
1439 1110 54 31 för
1516 1114 53 28 att
1592 1110 227 33 trafikkravet

208 1150 113 33 skulle
344 1162 97 21 anses
464 1152 262 32 tillfredsställt.

341 1194 68 31 Det
443 1206 42 19 av
519 1194 247 32 motionärerna
800 1194 206 32 framhållna
1034 1194 112 31 skälet
1168 1194 57 31 till
1248 1195 231 41 nyssnämnda
1502 1194 250 42 överflyttande
1774 1206 45 20 av

202 1234 419 44 järnvägsbyggnaderna
655 1237 37 30 år
720 1238 90 36 1888,
835 1237 169 40 nämligen
1029 1239 51 28 att
1102 1247 76 20 man
1202 1238 106 39 ansåg
1331 1237 355 41 byggnadsarbetenas
1709 1237 108 32 bedri-

206 1277 109 32 vande
349 1279 12 30 i
394 1281 107 29 större
535 1278 210 42 omfattning
778 1279 136 31 dåmera
948 1278 82 32 eller
1063 1279 203 31 åtminstone
1293 1278 90 32 inom
1408 1290 40 20 en
1471 1289 79 21 snar
1574 1279 141 32 framtid
1737 1290 80 21 voro

207 1319 96 38 förbi,
338 1320 77 31 kom
448 1321 11 29 i
493 1320 96 42 varje
622 1320 64 31 fall
719 1320 71 31 inte
824 1322 54 29 att
901 1323 187 29 motsvaras
1111 1331 42 20 av
1177 1321 38 30 de
1238 1321 155 40 verkliga
1416 1320 268 39 förhållandena,
1707 1321 111 32 vilket

206 1361 150 42 framgår
386 1373 43 20 av
451 1362 247 32 nedanstående
720 1362 219 41 förteckning
962 1363 19 30 å
1005 1362 38 31 de
1067 1373 42 20 av
1132 1362 184 41 riksdagen
1339 1362 107 31 under
1468 1363 81 31 åren
1572 1365 152 29 närmast
1746 1364 70 31 före

206 1403 60 31 och
301 1407 150 28 närmast
477 1404 88 32 efter
588 1405 38 30 år
649 1405 81 31 1888
753 1404 170 42 beviljade
946 1404 161 42 anslagen
1130 1404 57 31 till
1210 1406 128 29 statens
1358 1404 373 43 järnvägsbyggnader.

207 1463 105 31 1883.
391 1489 5 4 co
433 1489 131 5 cococc
602 1490 4 4 -
644 1490 4 4 -o
686 1490 4 4 -
727 1490 5 4 -
769 1489 5 5 .
809 1464 167 37 6,347,000
1005 1466 2 40 |
1047 1464 105 30 1889.
1231 1489 131 5 0000
1400 1489 4 5 cv
1442 1490 46 4 vc
1526 1490 4 4 >
1568 1490 47 5 >.
1649 1465 167 37 4,000,000

207 1505 105 31 1884.
391 1531 47 5 oc
476 1531 46 5 co
602 1531 46 5 oc
686 1532 46 4 vv
770 1532 4 4 >
809 1506 167 37 3,754,000
1005 1507 2 38 |
1047 1505 104 31 1890.
1189 1532 46 4 oc
1273 1531 88 5 cc
1441 1532 47 4 cv
1526 1532 46 5 cv
1610 1532 5 5 >
1647 1507 169 37 4,665,000

207 1547 105 31 18805
309 1543 29 50 so
350 1573 46 5 sv
434 1573 4 4 :
478 1574 2 4 8
560 1574 4 4 «
602 1574 4 4 5
643 1574 5 4 &
727 1574 5 4 s
769 1574 5 5 «
809 1548 167 37 2,000,000
1006 1551 1 28 |
1047 1548 105 31 1891;
1189 1574 46 4 ss
1273 1574 46 4 ss
1358 1573 46 5 s&
1484 1574 5 4 «
1526 1574 4 4 &
1568 1574 5 5 «
1610 1574 5 5 +
1649 1549 167 38 H4823,000

207 1590 105 30 1886.
349 1615 5 5 .
391 1615 5 5 .
438 1615 1 5 .
475 1616 173 5 oo...
686 1616 4 4 .
728 1616 4 5 .
770 1616 4 5 .
810 1591 166 37 1,750,000
1005 1586 3 44 |
1048 1591 104 30 1892.
1231 1616 215 4 000000
1484 1616 4 5 0
1526 1616 4 4 co
1568 1617 4 4 2
1610 1616 5 5 >
1650 1592 165 36 6,800,000

206 1632 105 30 1887.
391 1657 5 5 oo.
433 1657 215 6 co.cc...
685 1658 5 4 -
727 1658 5 5 -
769 1658 5 5 +»
809 1633 166 37 2,000,000
1007 1654 1 4 >
1047 1632 105 32 1898.
1231 1658 89 4 ccs
1357 1657 46 5 cc
1441 1658 5 4 cv
1483 1658 5 4 cv
1525 1658 4 4 >
1568 1658 4 5 -
1610 1658 5 5 >
1649 1634 166 37 3,700,000

206 1674 80 31 1888
306 1699 5 5 .
808 1675 166 37 2,500,000
1005 1693 2 8 |

337 1741 85 32 Just
455 1740 60 32 vid
549 1741 62 32 den
645 1741 172 43 tidpunkt,
852 1741 43 31 då
922 1741 290 42 överflyttningen
1239 1740 58 32 till
1317 1740 338 44 järnvägsstyrelsen
1679 1742 133 38 skedde,

203 1782 126 32 ökades
362 1784 152 30 tvärtom
548 1784 40 30 de
621 1784 111 40 årliga
766 1783 304 43 anslagsbeloppen
1093 1783 59 31 och
1175 1783 87 32 hava
1285 1783 187 32 sedermera
1494 1784 76 31 från
1595 1784 60 31 och
1679 1784 74 31 med
1775 1785 39 31 år

206 1825 80 31 1889
320 1824 56 32 till
412 1825 60 31 och
506 1826 74 31 med
614 1825 226 32 innevarande
874 1826 38 31 år
938 1825 54 32 för
1014 1836 69 31 nya
1105 1825 195 32 statsbanor
1322 1826 94 31 varit
1437 1826 160 31 anvisade
1620 1825 13 32 i
1656 1826 154 32 medeltal

205 1867 166 37 2,800,000
394 1866 125 32 kronor
541 1878 41 32 pr
598 1868 37 31 år
657 1868 106 31 under
786 1867 57 32 det
866 1870 52 29 att
940 1867 120 32 endast
1080 1868 167 37 4,400,000
1270 1867 124 32 kronor
1416 1879 80 20 voro
1517 1868 12 31 i
1545 1868 159 32 medeltal
1720 1880 40 31 pr
1775 1869 38 31 år

203 1908 163 32 anvisade
388 1909 54 31 för
465 1909 63 31 den
551 1910 62 38 tid,
636 1910 170 32 varunder
830 1909 179 42 ledningen
1035 1921 42 20 av
1093 1911 128 30 statens
1234 1909 368 43 järnvägsbyggnader
1617 1910 195 32 handhades

202 1961 44 20 av
268 1956 80 36 väg-
372 1951 61 32 och
455 1952 478 42 vattenbyggnadsstyrelsen.

337 1993 18 31 I
388 1993 163 32 samband
584 1996 73 30 med
682 1995 194 40 erinringar
899 1995 71 31 mot
989 1993 353 43 järnvägsstyrelsens
1364 1994 152 42 förmåga
1538 1997 55 30 att
1615 1996 70 30 rätt
1707 1994 103 32 hand-

205 2034 89 32 hava
327 2035 418 42 banbyggnadsärendena
778 2036 88 32 hava
899 2036 11 31 i
945 2037 207 31 motionerna
1184 2036 57 31 till
1265 2036 183 43 belysande
1470 2036 107 32 härav
1599 2036 213 33 framhållits

204 2077 93 32 vissa
333 2078 238 32 förhållanden
605 2080 107 30 såsom
745 2078 265 32 överskridande
1037 2089 42 20 av
1105 2077 282 43 kostnadsanslag
1415 2078 60 32 och
1497 2081 93 29 vissa
1613 2079 197 42 olyckshän-

204 2119 110 32 delser
337 2120 83 31 eller
442 2120 127 32 tillbud
593 2120 129 40 därtill,
745 2132 70 20 som
838 2123 63 38 ägt
924 2132 81 20 rum.

338 2161 76 33 Vad
448 2163 104 41 angår
585 2162 348 41 kostnadsanslagens
965 2162 258 32 överskridande
1255 2162 12 31 i
1290 2163 94 31 vissa
1407 2162 65 32 fall
1495 2162 62 32 har
1576 2162 234 44 järnvägssty-

203 2202 110 33 relsen
337 2204 12 30 i
372 2204 62 31 sitt
455 2205 218 31 förenämnda
694 2204 165 43 yttrande
882 2205 63 31 den
969 2206 39 30 23
1031 2204 91 42 april
1145 2205 80 31 1906
1248 2204 165 42 ingående
1438 2204 128 33 bemött
1581 2205 231 42 påståendena

337 2263 130 42 Bihang
484 2264 47 31 till
545 2265 180 41 riksdagens
739 2264 153 43 protokoll
908 2265 92 31 1915.
1042 2265 22 30 6
1077 2264 88 32 saml.
1203 2264 43 32 36
1262 2264 81 43 häft.
1383 2265 68 38 (Nr
1465 2266 65 37 57.)
1748 2266 18 30 5

1847 2006 153 34 Angående

1853 2040 143 27 "örmenta

1854 2074 105 27 brister
1976 2076 12 26 i

1817 2107 203 38 järnvägssty-

1829 2141 109 28 relsens
1957 2144 54 26 led-

1858 2175 72 35 ning
1948 2186 35 17 av

1842 2211 158 33 byggnads-

1845 2244 149 30 ärendena.
