2192 2622
376 141 19 29 2
585 141 120 31 Första
731 142 203 32 kammarens
959 144 116 32 första
1100 144 169 41 tillfälliga
1293 145 132 32 utskotts
1449 145 165 32 utlåtande
1638 146 53 31 Nr
1716 150 53 28 16.

375 230 62 35 fall
479 230 57 35 till
579 231 246 35 motionärens
867 233 145 47 förslag.
1071 234 18 35 I
1127 235 114 35 första
1269 235 210 35 kammaren
1508 235 123 36 bifölls
1659 237 201 36 utskottets
1890 239 96 34 hem-

374 283 132 35 ställan
549 285 82 35 med
675 288 48 32 80
767 290 118 31 röster
914 292 74 31 mot
1017 290 62 41 41,
1110 300 75 23 som
1216 291 155 44 avgåvos
1401 289 55 35 för
1484 290 283 35 reservationen.
1825 292 19 34 I
1874 294 112 33 andra

374 337 211 36 kammaren
627 338 121 36 bifölls
791 340 272 36 reservationen
1101 342 82 34 med
1215 345 46 32 93
1293 345 116 33 röster
1438 347 74 31 mot
1542 346 60 41 86,
1634 356 78 23 som
1743 347 156 44 avgåvos
1929 346 58 35 för

373 390 198 36 utskottets
600 392 145 46 förslag.
805 393 159 36 Sålunda
993 395 121 34 förföll
1144 395 140 47 frågan.

480 444 75 36 Vid
587 447 99 33 1913
718 449 58 33 års
804 447 150 47 riksdag
984 448 213 36 hemställde
1227 450 85 34 herr
1340 449 178 47 Hellberg
1548 450 148 46 (motion
1725 463 45 23 nr
1800 452 74 44 21),
1911 457 75 32 »att

372 496 200 49 riksdagen
600 498 13 35 i
642 499 177 37 skrivelse
848 500 57 35 till
934 501 137 47 Kungl.
1106 502 108 47 Maj:t
1234 503 86 35 ville
1340 503 153 43 anhålla,
1515 508 53 31 att
1587 504 138 46 Kungl.
1747 505 108 48 Maj:t
1875 508 110 33 måtte

372 551 73 35 låta
482 552 199 36 verkställa
719 554 208 47 utredning,
964 555 182 36 huruvida
1175 561 94 30 samt
1297 557 116 34 under
1441 556 101 36 vilka
1571 557 135 35 former
1734 559 67 34 och
1831 559 154 35 bestäm-

372 605 129 35 melser
531 607 289 36 statsunderstöd
850 611 57 31 må
936 607 126 36 kunna
1090 609 137 36 lämnas
1256 609 57 36 till
1342 610 417 48 byggnadsföreningar,
1791 612 100 35 vilka
1920 612 65 36 bil-

372 658 80 35 dats
495 659 56 35 för
584 663 53 32 att
664 661 157 46 uppföra
850 662 191 44 allmänna,
1071 663 148 35 utanför
1247 663 338 46 partimotsatserna
1613 665 142 44 ställda,
1787 666 57 34 till
1872 666 113 48 tjänst

372 712 55 35 för
460 712 135 36 folkets
624 715 249 47 samhälleliga
902 715 117 36 behov
1048 717 65 34 och
1143 716 194 36 kulturella
1366 719 222 34 strävanden
1618 719 159 35 avsedda
1797 720 187 47 samlings-

371 765 137 36 lokaler
540 766 13 35 i
586 767 151 47 bygder,
767 781 74 24 som
872 768 75 36 lida
975 769 93 35 brist
1097 772 44 44 på
1171 771 136 35 sådana
1334 771 138 35 lokaler
1501 772 68 35 och
1597 784 165 23 resurser
1791 777 54 31 att
1873 773 112 47 själva

371 819 248 36 åstadkomma
662 821 93 44 dem,
801 826 93 32 samt
936 822 56 35 för
1033 823 200 47 riksdagen
1277 825 201 46 framlägga
1516 826 61 34 det
1605 825 148 47 förslag,
1785 827 122 35 vartill
1930 834 55 28 ut-

370 872 201 48 redningen
601 876 58 33 må
679 875 224 36 föranleda».
961 869 107 43 Även
1088 878 120 35 denna
1228 877 137 36 motion
1384 877 218 37 hänvisades
1622 879 57 35 till
1699 880 282 45 statsutskottet,

370 938 75 23 som
488 927 122 35 denna
652 931 98 44 gång
779 929 13 35 i
821 929 64 36 sitt
913 930 188 35 utlåtande
1129 943 45 22 nr
1206 934 73 32 117
1311 932 217 35 hemställde
1556 944 57 23 om
1642 933 104 35 bifall
1775 933 57 35 till
1861 934 123 35 motio-

370 985 132 30 närens
531 980 145 48 förslag.
735 982 240 37 Reservation
1005 996 133 35 avgavs
1167 997 45 23 av
1241 985 87 34 herr
1354 997 110 34 greve
1492 986 39 35 F.
1557 985 123 37 Cl:son
1699 987 286 36 Wachtmeister

370 1046 46 22 m.
447 1033 48 44 £l.,
528 1046 74 24 som
631 1035 139 47 yrkade
799 1037 124 46 avslag
952 1039 20 32 å
1001 1037 194 36 motionen.
1253 1038 19 35 I
1301 1039 112 35 första
1442 1039 212 35 kammaren
1683 1040 124 35 bifölls
1827 1053 156 23 reserva-

369 1086 125 36 tionen
523 1091 89 32 utan
642 1090 177 46 votering.
877 1091 19 34 I
924 1090 114 35 andra
1066 1091 212 35 kammaren
1298 1092 120 35 bifölls
1437 1093 200 35 utskottets
1657 1094 218 35 hemställan
1895 1098 88 32 utan

370 1140 177 48 votering.
607 1141 159 37 Sålunda
796 1143 121 36 förföll
946 1144 129 47 frågan
1104 1150 93 30 även
1226 1147 122 33 denna
1375 1148 107 44 gång.

480 1194 72 35 Vid
584 1197 101 33 1914
715 1198 58 33 års
803 1197 96 35 förra
927 1197 150 47 riksdag
1105 1199 215 35 hemställde
1349 1200 83 34 herr
1460 1199 179 47 Hellberg
1668 1200 151 46 (motion
1839 1213 45 22 nr
1907 1203 73 45 57),

375 1249 73 34 »att
477 1247 200 48 riksdagen
706 1251 112 35 måtte
848 1250 134 48 bevilja
1011 1255 52 32 ett
1092 1255 105 32 extra
1227 1253 127 46 anslag
1383 1265 44 24 av
1448 1255 145 42 25,000
1614 1253 135 37 kronor
1769 1258 53 31 att
1841 1255 141 35 utdelas

369 1300 11 34 i
423 1301 93 35 form
552 1314 44 23 av
625 1304 293 36 statsunderstöd
947 1305 57 34 för
1033 1306 323 35 åstadkommande
1385 1319 44 23 av
1458 1307 181 34 allmänna
1668 1308 315 46 samlingslokaler

369 1356 45 43 på
454 1354 291 49 landsbygden».
804 1350 108 43 Även
950 1359 119 34 denna
1098 1359 138 35 motion
1266 1359 217 36 hänvisades
1511 1361 57 34 till
1598 1362 272 35 statsutskottet
1901 1374 81 23 men

369 1411 79 32 vart
477 1411 46 43 på
551 1410 121 45 grund
700 1423 45 23 av
773 1411 218 47 riksdagens
1020 1413 223 47 upplösning
1272 1413 82 35 icke
1383 1414 219 35 behandlad.

475 1461 75 36 Vid
583 1465 98 33 1919
713 1467 58 32 års
800 1465 148 46 lagtima
976 1465 150 47 riksdag
1152 1471 160 43 upptogs
1341 1467 128 47 frågan
1498 1470 94 44 ånyo
1621 1480 44 23 av
1686 1468 84 35 herr
1789 1468 193 36 Anderson

367 1514 12 34 i
407 1515 199 48 Knapasjö,
637 1516 128 37 vilken
794 1518 14 35 i
836 1518 138 36 motion
993 1532 45 22 nr
1054 1521 75 34 260
1150 1520 13 35 i
1183 1521 114 34 andra
1316 1520 213 36 kammaren
1549 1521 219 44 hemställer,
1797 1525 74 32 »att
1891 1522 90 35 riks-

367 1568 117 47 dagen
527 1569 86 36 ville
654 1571 12 35 i
700 1571 177 36 skrivelse
907 1572 56 36 till
991 1573 136 47 Kungl.
1158 1573 109 48 Maj:t
1295 1574 153 44 anhålla,
1480 1577 54 32 att
1562 1575 138 46 Kungl.
1732 1575 109 47 Maj:t
1871 1577 111 34 måtte

366 1622 72 34 låta
479 1623 198 36 verkställa
718 1625 211 48 utredning,
960 1627 182 35 huruvida
1172 1631 93 32 samt
1294 1628 117 35 under
1438 1628 101 36 vilka
1569 1628 133 35 former
1731 1629 67 34 och
1828 1628 154 36 bestäm-

366 1676 128 34 melser
523 1676 130 48 bidrag
681 1678 120 36 skulle
831 1679 125 35 kunna
984 1680 139 36 lämnas
1153 1682 56 34 för
1238 1681 323 36 åstadkommande
1587 1694 43 23 av
1651 1681 327 47 samlingslokaler,

367 1730 158 34 avsedda
569 1733 54 32 att
656 1743 120 35 gagna
805 1732 134 37 folkets
969 1734 249 47 samhälleliga
1247 1735 118 35 behov
1393 1736 66 34 och
1490 1735 197 36 kulturella
1716 1736 223 35 strävanden
1967 1737 13 34 i

366 1783 134 34 sådana
528 1784 221 44 landsdelar,
781 1786 65 35 där
874 1786 93 36 brist
995 1788 88 34 härå
1111 1788 128 44 finnes,
1272 1800 74 24 som
1376 1788 31 47 ej
1434 1789 229 35 annorlunda
1683 1789 74 35 kan
1777 1789 200 48 avhjälpas,

365 1840 93 31 samt
487 1836 57 35 för
562 1838 198 47 riksdagen
780 1839 199 48 framlägga
999 1842 61 34 det
1080 1841 146 48 förslag,
1248 1841 122 36 vartill
1389 1842 247 47 utredningen
1656 1842 75 35 kan
1751 1842 225 36 föranleda».

473 1890 190 37 Motionen
705 1893 218 36 hänvisades
965 1894 55 35 till
1062 1895 112 35 andra
1203 1895 230 35 kammarens
1462 1896 118 47 fjärde
1608 1895 186 48 tillfälliga
1822 1896 154 44 utskott,

365 1955 73 23 som
468 1943 13 35 i
510 1943 65 37 sitt
603 1946 188 35 utlåtande
820 1959 44 23 nr
896 1950 17 32 1
946 1947 49 36 bl.
1026 1960 31 23 a.
1087 1948 135 36 uttalar
1251 1948 177 48 följande:

478 2011 13 18 »
499 1997 193 37 Utskottet
720 2000 122 35 finner
871 2001 244 36 motionärens
1144 2002 273 47 framställning
1435 2003 60 36 väl
1514 2003 178 46 grundad.
1741 2003 19 35 TI
1780 2015 46 23 en
1845 2003 65 43 tid,
1933 2004 44 34 då

364 2050 169 47 samtliga
567 2052 237 48 medborgare
833 2058 89 31 utan
951 2054 198 37 åtskillnad
1177 2055 48 35 ha
1253 2056 177 46 rättighet
1459 2059 54 32 att
1533 2061 67 30 öva
1619 2056 204 47 inflytande
1844 2059 46 43 på
1909 2056 68 35 alla

364 2105 211 35 samhällets
604 2107 319 46 angelägenheter,
955 2112 40 31 är
1023 2109 61 34 det
1111 2112 90 32 utan
1230 2109 113 36 tvivel
1372 2113 52 32 ett
1448 2110 152 35 allmänt
1619 2109 159 36 intresse
1799 2122 44 22 av
1863 2109 114 36 första

363 2169 91 35 rang
495 2161 55 33 att
590 2159 173 47 lämpliga
806 2161 318 47 samlingslokaler
1166 2162 125 36 ställas
1337 2163 56 35 till
1434 2163 284 47 medborgarnas
1747 2163 227 46 förfogande.

363 2210 101 36 Både
506 2212 71 35 den
619 2213 182 36 allmänna
844 2214 241 37 kulturnivån
1113 2216 67 35 och
1209 2216 306 36 ansvarskänslan
1543 2221 89 42 gent
1661 2220 96 32 emot
1786 2216 191 36 samhället

364 2266 113 33 måste
506 2265 115 36 hållas
650 2269 39 33 så
717 2267 90 47 högt
835 2280 75 24 som
940 2268 152 48 möjligt,
1124 2270 67 35 och
1220 2270 105 35 dessa
1353 2270 221 36 strävanden
1603 2270 127 35 kunna
1758 2269 13 36 i
1800 2271 176 35 avsevärd
