2182 2640
397 158 19 30 2
569 157 118 32 Första
710 157 215 32 Kammarens
952 157 182 42 Tillfälliga
1169 158 134 33 Utskotts
1327 159 84 40 (N:o
1435 159 34 40 1)
1501 159 169 33 Utlåtande
1694 159 64 33 N:o
1782 162 29 28 1.

396 247 57 36 till
494 250 53 33 att
588 250 116 32 såsom
743 247 54 47 sig
836 248 65 35 bör
933 248 124 36 utöfva
1085 247 149 47 uppsigt
1262 248 100 36 öfver
1391 249 150 35 fromma
1570 248 183 36 stiftelser.
1812 250 111 34 Detta
1952 250 40 35 af

396 301 87 35 flera
511 300 90 45 skäl,
633 313 81 23 men
743 301 66 35 ock
837 301 113 35 redan
977 304 46 43 på
1052 301 72 35 den
1152 302 129 46 grund,
1312 305 54 32 att
1394 304 109 45 några
1532 302 182 35 allmänna
1748 303 239 44 föreskrifter,

397 355 137 46 egnade
563 356 53 33 att
644 354 129 47 bringa
801 354 242 47 uppkomsten
1071 355 41 34 af
1137 367 72 35 nya
1237 355 174 36 stiftelser
1439 356 56 35 till
1523 355 304 36 konsistoriernas
1856 356 133 35 känne-

398 408 92 43 dom,
533 407 81 36 icke
656 407 120 36 blifvit
816 407 112 47 gifna.
986 408 227 46 Konungens
1254 408 404 48 befallningshafvande
1700 410 128 43 lemna,
1874 412 115 33 såsom

397 461 115 35 kändt
549 466 40 29 är
631 462 66 34 och
738 461 112 35 redan
889 461 165 44 erinrats,
1098 461 226 47 redogörelse
1365 462 56 35 för
1449 462 151 35 fromma
1629 462 183 45 stiftelser,
1844 475 83 23 men
1955 463 39 34 af

397 515 188 34 enahanda
627 515 119 46 grund
778 519 60 31 äro
868 515 103 35 dessa
997 515 259 47 myndigheter
1282 516 246 35 urståndsatta
1557 518 54 33 att
1640 515 82 36 öfva
1749 528 45 22 en
1823 515 166 37 verksam

397 568 66 35 och
505 568 106 35 säker
647 567 167 36 kontroll.
873 567 119 36 Också
1025 569 122 34 lemna
1180 569 43 34 de
1259 569 206 35 statistiska
1499 569 236 46 uppgifterna
1762 569 13 34 i
1803 569 103 47 fråga
1934 582 55 23 om

397 621 276 46 tillförlitlighet
714 621 13 35 i
768 622 99 35 detta
909 622 169 35 afseende
1114 622 146 47 mycket
1296 622 112 47 öfrigt
1436 625 53 33 att
1517 623 126 44 önska,
1673 626 52 32 ett
1752 622 236 44 förhållande,

398 687 74 23 som
501 674 108 36 äfven
638 674 40 35 af
702 674 163 36 officiella
893 675 212 35 uttalanden
1133 675 200 48 bestyrkes.
1393 676 45 35 Så
1465 678 116 44 yttras
1611 675 12 36 i
1653 676 68 35 den
1750 675 96 36 inom
1876 676 114 35 eckle-

398 728 414 46 siastikdepartementet
854 729 210 34 utarbetade
1106 728 216 36 berättelsen
1364 741 56 23 om
1457 729 250 36 folkskolorna
1735 729 54 35 för
1818 733 40 31 år
1890 731 98 33 1885

398 781 93 47 (pag.
524 781 34 47 3)
589 781 174 47 följande:
793 777 18 56 >»
821 782 231 35 Beträffande
1081 782 78 35 åter
1187 782 260 36 donationerna
1474 788 40 29 är
1542 786 54 32 att
1624 782 138 45 märka,
1791 785 53 33 att
1862 782 128 36 visser-

397 835 99 47 ligen
523 834 295 36 skoldistriktens
846 835 187 48 uppgifter
1061 840 62 30 äro
1152 836 139 47 ganska
1315 835 273 47 ofullständiga,
1620 848 81 23 men
1721 838 53 33 att
1794 836 197 34 detsamma

399 910 49 3 —
491 888 218 36 åtminstone
750 888 96 36 inom
890 888 149 47 somliga
1080 889 61 35 län
1170 911 50 3 —
1248 895 39 29 är
1320 889 242 35 förhållandet
1590 889 82 35 med
1700 889 132 46 Kongl.
1865 889 125 47 Maj:ts

396 941 422 47 befallningshafvandes
860 942 233 35 omförmälda
1135 942 149 36 tabeller
1326 942 101 36 öfver
1459 942 179 36 ”Fromma
1673 941 197 46 stiftelser',
1905 948 86 29 enär

397 995 63 35 vid
483 995 233 48 jemförelsen
743 996 133 34 mellan
904 996 103 35 dessa
1034 995 94 36 båda
1156 995 115 36 källor
1298 996 187 46 påträffats
1513 1008 45 22 en
1598 996 133 45 mängd
1761 1016 50 4 —
1840 995 57 35 till
1926 996 65 35 och

397 1048 81 35 med
506 1049 107 46 högst
641 1048 183 47 betydliga
854 1070 51 4 —
934 1049 222 44 donationer,
1186 1061 73 23 som
1288 1054 60 30 äro
1376 1052 188 43 upptagna
1587 1049 111 35 bland
1718 1049 43 34 de
1781 1049 107 43 förra,
1909 1061 82 23 men

397 1102 31 47 ej
459 1101 111 36 bland
599 1102 44 34 de
672 1114 157 23 senare.»

503 1155 128 46 Enligt
673 1155 107 36 ofvan
821 1155 201 46 åberopade
1058 1155 252 46 sammandrag
1338 1155 42 35 af
1404 1155 392 35 femårsberättelserna
1825 1155 166 48 utgjorde

398 1208 134 36 antalet
573 1208 152 35 fromma
766 1208 173 36 stiftelser
966 1208 61 36 vid
1056 1211 186 44 utgången
1270 1208 40 35 af
1334 1211 41 32 år
1407 1210 97 33 1885
1535 1208 117 46 enligt
1680 1209 69 34 den
1779 1209 44 34 då
1851 1209 140 46 afgifna

396 1262 218 35 berättelsen
656 1264 128 43 4,594,
828 1274 83 22 men
953 1262 159 35 deremot
1146 1261 115 47 enligt
1296 1262 44 35 de
1365 1261 91 35 efter
1489 1264 99 33 1890
1619 1262 139 46 afgifna
1781 1262 210 36 berättelser

400 1318 111 41 6,121
543 1337 50 3 —
623 1315 99 44 eller,
763 1315 83 35 med
882 1315 110 35 andra
1021 1315 76 44 ord,
1128 1315 115 35 under
1270 1315 307 47 femårsperioden
1611 1317 258 34 1886—1890
1898 1316 92 35 hade

397 1369 31 47 ej
472 1369 141 34 mindre
643 1374 46 29 än
720 1370 110 42 1,167
862 1369 111 43 äldre,
1004 1368 96 35 förut
1128 1368 141 36 okända
1297 1368 174 36 stiftelser
1498 1368 153 36 kommit
1679 1368 57 35 till
1765 1369 225 46 Konungens

396 1421 421 47 befallningshafvandes
846 1422 214 35 kännedom.
1118 1421 383 46 Anmärkningsvärdt
1528 1427 40 30 är
1597 1425 20 32 å
1647 1422 111 35 andra
1791 1422 117 44 sidan,
1939 1426 53 32 att

397 1475 115 47 enligt
554 1475 148 47 uppgift
742 1475 55 36 för
836 1478 41 32 år
909 1477 97 33 1885
1037 1475 134 36 funnos
1202 1477 73 33 504
1305 1475 173 36 stiftelser
1506 1476 83 34 med
1617 1475 137 35 okändt
1783 1475 206 45 stiftelseår,

397 1541 83 23 men
522 1529 159 35 deremot
722 1528 115 48 enligt
877 1528 147 47 uppgift
1056 1529 56 35 för
1141 1532 40 32 år
1212 1531 99 33 1890
1341 1529 151 35 allenast
1520 1531 88 33 464.
1666 1529 57 34 Då
1752 1529 60 35 det
1841 1534 40 30 är
1909 1529 82 47 föga

396 1582 136 47 troligt,
575 1585 53 32 att
669 1582 223 48 upplysning
931 1581 149 37 vunnits
1118 1594 58 23 om
1210 1583 43 34 de
1282 1582 99 36 förut
1408 1582 142 35 okända
1578 1582 253 44 stiftelseåren,
1862 1588 41 29 är
1931 1583 59 34 det

397 1639 53 32 att
492 1636 132 44 befara,
669 1639 53 32 att
755 1636 116 34 under
906 1635 305 47 femårsperioden
1239 1635 30 48 ej
1301 1635 142 35 mindre
1471 1641 46 29 än
1546 1638 50 33 40
1628 1635 174 36 stiftelser
1830 1636 162 46 upphört

397 1692 53 32 att
476 1690 116 34 finnas
620 1688 57 36 till
705 1689 84 35 eller
818 1688 217 36 åtminstone
1063 1688 263 47 undandragits
1355 1689 226 46 Konungens
1615 1688 376 47 befallningshafvan-

397 1743 63 35 des
488 1742 215 36 kännedom.

504 1796 126 35 Redan
672 1796 60 35 det
765 1808 50 23 nu
850 1796 150 34 anförda
1028 1796 102 35 torde
1159 1796 231 46 ådagalägga,
1420 1796 95 34 huru
1542 1795 220 46 bristfälliga
1791 1796 44 34 de
1866 1796 125 34 anord-

397 1849 131 46 ningar
556 1854 72 39 äro,
659 1861 74 23 som
762 1849 174 46 vidtagits
963 1849 13 35 i
1003 1849 95 47 syfte
1123 1852 54 32 att
1205 1849 129 46 bringa
1362 1848 240 36 stiftelsernas
1627 1849 144 35 tillvaro
1791 1848 58 36 till
1869 1849 120 35 veder-

396 1903 158 35 börande
595 1902 273 48 myndigheters
896 1902 179 48 kunskap.
1133 1903 87 35 Men
1248 1902 13 35 i
1288 1902 102 47 fråga
1418 1914 55 23 om
1503 1902 269 46 förvaltningen
1799 1903 68 35 och
1891 1903 99 34 redo-

397 1956 192 46 visningen
616 1956 103 36 torde
746 1955 14 36 i
787 1958 131 44 många
946 1956 62 35 fall
1036 1968 87 24 vara
1151 1961 98 30 ännu
1277 1961 115 30 sämre
1421 1955 121 48 sörjdt.
1592 1956 59 34 Då
1680 1955 310 37 donationsmedel

397 2010 170 35 förvaltas
597 2009 40 35 af
662 2009 353 48 statsmyndigheter,
1037 2009 177 47 granskas
1234 2009 295 47 räkenskaperna
1549 2009 40 35 af
1606 2008 296 45 kammarrätten,
1923 2009 66 34 och

397 2063 102 35 torde
540 2062 14 36 i
589 2064 111 34 sådan
736 2063 172 35 händelse
937 2066 71 33 mot
1037 2063 204 35 kontrollen
1269 2063 93 35 intet
1390 2075 87 23 vara
1500 2065 52 33 att
1580 2062 132 35 erinra.
1768 2062 59 36 En
1856 2063 134 46 mängd

397 2116 211 36 donationer
636 2116 226 36 handhafves
891 2117 159 35 deremot
1079 2117 40 35 af
1144 2116 273 47 korporationer
1445 2115 86 36 eller
1559 2115 168 36 enskilda
1745 2115 245 46 inrättningar

397 2169 88 36 eller
526 2181 181 35 personer,
750 2170 66 36 och
857 2169 14 36 i
913 2170 101 46 fråga
1041 2182 56 23 om
1128 2170 125 47 dylika
1281 2169 173 36 stiftelser
1481 2175 40 29 är
1548 2173 121 32 staten
1697 2169 80 35 icke
1805 2169 13 35 i
1846 2168 143 36 tillfälle

398 2226 54 32 att
493 2224 80 35 öfva
613 2225 119 45 någon
772 2224 246 47 betryggande
1058 2223 138 47 tillsyn.
1254 2224 89 34 Man
1371 2223 174 35 behöfver
1572 2222 31 48 ej
1636 2234 87 24 vara
1750 2221 240 37 öfverdrifvet

397 2276 256 36 misstänksam
695 2277 55 35 för
790 2279 53 33 att
885 2289 87 24 vara
1013 2277 215 47 öfvertygad
1269 2289 68 32 om,
1375 2279 53 32 att
1461 2276 91 36 dock
1580 2288 48 23 en
1656 2276 110 36 sådan
1794 2274 128 48 tillsyn
1951 2279 39 31 är

396 2330 106 46 högst
530 2329 189 48 behöflig.>»
