<?xml version="1.0" encoding="UTF-8"?>
<alto xmlns="http://www.loc.gov/standards/alto/ns-v3#" xmlns:xlink="http://www.w3.org/1999/xlink" xmlns:xsi="http://www.w3.org/2001/XMLSchema-instance" xsi:schemaLocation="http://www.loc.gov/standards/alto/ns-v3# http://www.loc.gov/alto/v3/alto-3-0.xsd">
	<Description>
		<MeasurementUnit>pixel</MeasurementUnit>
		<sourceImageInformation>
			<fileName>/tmp/tess_pmlebov9_input.PNG</fileName>
		</sourceImageInformation>
		<OCRProcessing ID="OCR_0">
			<ocrProcessingStep>
				<processingSoftware>
					<softwareName>tesseract 5.3.0</softwareName>
				</processingSoftware>
			</ocrProcessingStep>
		</OCRProcessing>
	</Description>
	<Layout>
		<Page WIDTH="2196" HEIGHT="2628" PHYSICAL_IMG_NR="0" ID="page_0">
			<PrintSpace HPOS="0" VPOS="0" WIDTH="2196" HEIGHT="2628">
				<ComposedBlock ID="cblock_0" HPOS="408" VPOS="161" WIDTH="1115" HEIGHT="35">
					<TextBlock ID="block_0" HPOS="408" VPOS="161" WIDTH="1115" HEIGHT="35">
						<TextLine ID="line_0" HPOS="408" VPOS="161" WIDTH="1115" HEIGHT="35">
							<String ID="string_0" HPOS="408" VPOS="161" WIDTH="39" HEIGHT="32" WC="0.95" CONTENT="18"/><SP WIDTH="396" VPOS="161" HPOS="447"/>
							<String ID="string_1" HPOS="843" VPOS="162" WIDTH="343" HEIGHT="33" WC="0.92" CONTENT="Jordbruksutskottets"/><SP WIDTH="21" VPOS="162" HPOS="1186"/>
							<String ID="string_2" HPOS="1207" VPOS="162" WIDTH="165" HEIGHT="33" WC="0.96" CONTENT="utlåtande"/><SP WIDTH="23" VPOS="162" HPOS="1372"/>
							<String ID="string_3" HPOS="1395" VPOS="163" WIDTH="52" HEIGHT="32" WC="0.95" CONTENT="Nr"/><SP WIDTH="23" VPOS="163" HPOS="1447"/>
							<String ID="string_4" HPOS="1470" VPOS="164" WIDTH="53" HEIGHT="32" WC="0.95" CONTENT="37."/>
						</TextLine>
					</TextBlock>
				</ComposedBlock>
				<ComposedBlock ID="cblock_1" HPOS="894" VPOS="584" WIDTH="976" HEIGHT="193">
					<TextBlock ID="block_1" HPOS="894" VPOS="584" WIDTH="976" HEIGHT="193">
						<TextLine ID="line_1" HPOS="1089" VPOS="584" WIDTH="145" HEIGHT="41">
							<String ID="string_5" HPOS="1089" VPOS="585" WIDTH="58" HEIGHT="40" WC="0.94" CONTENT="Nr"/><SP WIDTH="27" VPOS="585" HPOS="1147"/>
							<String ID="string_6" HPOS="1174" VPOS="584" WIDTH="60" HEIGHT="41" WC="0.69" CONTENT="37."/>
						</TextLine>
						<TextLine ID="line_2" HPOS="894" VPOS="735" WIDTH="976" HEIGHT="42">
							<String ID="string_7" HPOS="894" VPOS="740" WIDTH="111" HEIGHT="28" WC="0.96" CONTENT="Ankom"/><SP WIDTH="21" VPOS="740" HPOS="1005"/>
							<String ID="string_8" HPOS="1026" VPOS="741" WIDTH="43" HEIGHT="27" WC="0.96" CONTENT="till"/><SP WIDTH="19" VPOS="741" HPOS="1069"/>
							<String ID="string_9" HPOS="1088" VPOS="741" WIDTH="176" HEIGHT="36" WC="0.96" CONTENT="Riksdagens"/><SP WIDTH="19" VPOS="741" HPOS="1264"/>
							<String ID="string_10" HPOS="1283" VPOS="741" WIDTH="93" HEIGHT="28" WC="0.96" CONTENT="kansli"/><SP WIDTH="19" VPOS="741" HPOS="1376"/>
							<String ID="string_11" HPOS="1395" VPOS="742" WIDTH="52" HEIGHT="27" WC="0.96" CONTENT="den"/><SP WIDTH="22" VPOS="742" HPOS="1447"/>
							<String ID="string_12" HPOS="1469" VPOS="743" WIDTH="32" HEIGHT="26" WC="0.96" CONTENT="10"/><SP WIDTH="19" VPOS="743" HPOS="1501"/>
							<String ID="string_13" HPOS="1520" VPOS="735" WIDTH="75" HEIGHT="35" WC="0.96" CONTENT="mars"/><SP WIDTH="20" VPOS="735" HPOS="1595"/>
							<String ID="string_14" HPOS="1615" VPOS="743" WIDTH="65" HEIGHT="26" WC="0.93" CONTENT="1911"/><SP WIDTH="21" VPOS="743" HPOS="1680"/>
							<String ID="string_15" HPOS="1701" VPOS="742" WIDTH="37" HEIGHT="28" WC="0.96" CONTENT="kl."/><SP WIDTH="19" VPOS="742" HPOS="1738"/>
							<String ID="string_16" HPOS="1757" VPOS="742" WIDTH="17" HEIGHT="27" WC="0.93" CONTENT="4"/><SP WIDTH="19" VPOS="742" HPOS="1774"/>
							<String ID="string_17" HPOS="1793" VPOS="753" WIDTH="22" HEIGHT="17" WC="0.92" CONTENT="e."/><SP WIDTH="20" VPOS="753" HPOS="1815"/>
							<String ID="string_18" HPOS="1835" VPOS="753" WIDTH="35" HEIGHT="17" WC="0.91" CONTENT="m."/>
						</TextLine>
					</TextBlock>
				</ComposedBlock>
				<ComposedBlock ID="cblock_2" HPOS="571" VPOS="882" WIDTH="1389" HEIGHT="188">
					<TextBlock ID="block_2" HPOS="571" VPOS="882" WIDTH="1389" HEIGHT="188">
						<TextLine ID="line_3" HPOS="571" VPOS="882" WIDTH="1387" HEIGHT="51">
							<String ID="string_19" HPOS="571" VPOS="882" WIDTH="198" HEIGHT="48" WC="0.96" CONTENT="Utlåtande,"/><SP WIDTH="28" VPOS="882" HPOS="769"/>
							<String ID="string_20" HPOS="797" VPOS="884" WIDTH="15" HEIGHT="34" WC="0.96" CONTENT="i"/><SP WIDTH="27" VPOS="884" HPOS="812"/>
							<String ID="string_21" HPOS="839" VPOS="883" WIDTH="189" HEIGHT="48" WC="0.96" CONTENT="anledning"/><SP WIDTH="29" VPOS="883" HPOS="1028"/>
							<String ID="string_22" HPOS="1057" VPOS="883" WIDTH="44" HEIGHT="47" WC="0.95" CONTENT="af"/><SP WIDTH="24" VPOS="883" HPOS="1101"/>
							<String ID="string_23" HPOS="1125" VPOS="883" WIDTH="130" HEIGHT="48" WC="0.95" CONTENT="Kungl."/><SP WIDTH="31" VPOS="883" HPOS="1255"/>
							<String ID="string_24" HPOS="1286" VPOS="883" WIDTH="126" HEIGHT="48" WC="0.96" CONTENT="Maj:ts"/><SP WIDTH="15" VPOS="883" HPOS="1412"/>
							<String ID="string_25" HPOS="1427" VPOS="885" WIDTH="226" HEIGHT="47" WC="0.95" CONTENT="proposition"/><SP WIDTH="19" VPOS="885" HPOS="1653"/>
							<String ID="string_26" HPOS="1672" VPOS="885" WIDTH="179" HEIGHT="48" WC="0.92" CONTENT="angående"/><SP WIDTH="21" VPOS="885" HPOS="1851"/>
							<String ID="string_27" HPOS="1872" VPOS="897" WIDTH="86" HEIGHT="36" WC="0.92" CONTENT="upp-"/>
						</TextLine>
						<TextLine ID="line_4" HPOS="760" VPOS="952" WIDTH="1198" HEIGHT="51">
							<String ID="string_28" HPOS="760" VPOS="952" WIDTH="144" HEIGHT="36" WC="0.92" CONTENT="låtande"/><SP WIDTH="46" VPOS="952" HPOS="904"/>
							<String ID="string_29" HPOS="950" VPOS="953" WIDTH="45" HEIGHT="47" WC="0.96" CONTENT="af"/><SP WIDTH="42" VPOS="953" HPOS="995"/>
							<String ID="string_30" HPOS="1037" VPOS="965" WIDTH="40" HEIGHT="23" WC="0.95" CONTENT="en"/><SP WIDTH="45" VPOS="965" HPOS="1077"/>
							<String ID="string_31" HPOS="1122" VPOS="952" WIDTH="156" HEIGHT="48" WC="0.95" CONTENT="lägenhet"/><SP WIDTH="37" VPOS="952" HPOS="1278"/>
							<String ID="string_32" HPOS="1315" VPOS="952" WIDTH="90" HEIGHT="47" WC="0.96" CONTENT="från"/><SP WIDTH="37" VPOS="952" HPOS="1405"/>
							<String ID="string_33" HPOS="1442" VPOS="952" WIDTH="110" HEIGHT="47" WC="0.91" CONTENT="förra"/><SP WIDTH="37" VPOS="952" HPOS="1552"/>
							<String ID="string_34" HPOS="1589" VPOS="953" WIDTH="369" HEIGHT="50" WC="0.91" CONTENT="predikantsbostället"/>
						</TextLine>
						<TextLine ID="line_5" HPOS="763" VPOS="1021" WIDTH="1197" HEIGHT="49">
							<String ID="string_35" HPOS="763" VPOS="1021" WIDTH="158" HEIGHT="49" WC="0.89" CONTENT="Tolånga"/><SP WIDTH="27" VPOS="1021" HPOS="921"/>
							<String ID="string_36" HPOS="948" VPOS="1033" WIDTH="45" HEIGHT="23" WC="0.96" CONTENT="nr"/><SP WIDTH="29" VPOS="1033" HPOS="993"/>
							<String ID="string_37" HPOS="1022" VPOS="1021" WIDTH="21" HEIGHT="35" WC="0.94" CONTENT="1"/><SP WIDTH="32" VPOS="1021" HPOS="1043"/>
							<String ID="string_38" HPOS="1075" VPOS="1021" WIDTH="60" HEIGHT="35" WC="0.96" CONTENT="och"/><SP WIDTH="28" VPOS="1021" HPOS="1135"/>
							<String ID="string_39" HPOS="1163" VPOS="1021" WIDTH="22" HEIGHT="34" WC="0.95" CONTENT="6"/><SP WIDTH="28" VPOS="1021" HPOS="1185"/>
							<String ID="string_40" HPOS="1213" VPOS="1022" WIDTH="15" HEIGHT="34" WC="0.95" CONTENT="i"/><SP WIDTH="27" VPOS="1022" HPOS="1228"/>
							<String ID="string_41" HPOS="1255" VPOS="1021" WIDTH="201" HEIGHT="36" WC="0.96" CONTENT="Malmöhus"/><SP WIDTH="26" VPOS="1021" HPOS="1456"/>
							<String ID="string_42" HPOS="1482" VPOS="1023" WIDTH="61" HEIGHT="34" WC="0.96" CONTENT="län"/><SP WIDTH="28" VPOS="1023" HPOS="1543"/>
							<String ID="string_43" HPOS="1571" VPOS="1026" WIDTH="91" HEIGHT="32" WC="0.94" CONTENT="samt"/><SP WIDTH="18" VPOS="1026" HPOS="1662"/>
							<String ID="string_44" HPOS="1680" VPOS="1024" WIDTH="15" HEIGHT="34" WC="0.94" CONTENT="i"/><SP WIDTH="19" VPOS="1024" HPOS="1695"/>
							<String ID="string_45" HPOS="1714" VPOS="1027" WIDTH="115" HEIGHT="32" WC="0.96" CONTENT="ämnet"/><SP WIDTH="29" VPOS="1027" HPOS="1829"/>
							<String ID="string_46" HPOS="1858" VPOS="1024" WIDTH="102" HEIGHT="35" WC="0.96" CONTENT="väckt"/>
						</TextLine>
					</TextBlock>
				</ComposedBlock>
				<ComposedBlock ID="cblock_3" HPOS="759" VPOS="1091" WIDTH="1091" HEIGHT="98">
					<TextBlock ID="block_3" HPOS="759" VPOS="1091" WIDTH="1091" HEIGHT="98">
						<TextLine ID="line_6" HPOS="759" VPOS="1091" WIDTH="139" HEIGHT="36">
							<String ID="string_47" HPOS="759" VPOS="1091" WIDTH="139" HEIGHT="36" WC="0.96" CONTENT="motion."/>
						</TextLine>
						<TextLine ID="line_7" HPOS="1645" VPOS="1144" WIDTH="205" HEIGHT="45">
							<String ID="string_48" HPOS="1645" VPOS="1145" WIDTH="75" HEIGHT="44" WC="0.89" CONTENT="(1:a"/><SP WIDTH="28" VPOS="1145" HPOS="1720"/>
							<String ID="string_49" HPOS="1748" VPOS="1144" WIDTH="102" HEIGHT="45" WC="0.86" CONTENT="Afd.)"/>
						</TextLine>
					</TextBlock>
				</ComposedBlock>
				<ComposedBlock ID="cblock_4" HPOS="361" VPOS="1243" WIDTH="1598" HEIGHT="1091">
					<TextBlock ID="block_4" HPOS="361" VPOS="1243" WIDTH="1598" HEIGHT="624">
						<TextLine ID="line_8" HPOS="489" VPOS="1243" WIDTH="1469" HEIGHT="53">
							<String ID="string_50" HPOS="489" VPOS="1243" WIDTH="18" HEIGHT="37" WC="0.96" CONTENT="I"/><SP WIDTH="42" VPOS="1243" HPOS="507"/>
							<String ID="string_51" HPOS="549" VPOS="1258" WIDTH="46" HEIGHT="23" WC="0.95" CONTENT="en"/><SP WIDTH="42" VPOS="1258" HPOS="595"/>
							<String ID="string_52" HPOS="637" VPOS="1244" WIDTH="57" HEIGHT="37" WC="0.95" CONTENT="till"/><SP WIDTH="40" VPOS="1244" HPOS="694"/>
							<String ID="string_53" HPOS="734" VPOS="1243" WIDTH="217" HEIGHT="49" WC="0.96" CONTENT="Riksdagen"/><SP WIDTH="42" VPOS="1243" HPOS="951"/>
							<String ID="string_54" HPOS="993" VPOS="1244" WIDTH="73" HEIGHT="36" WC="0.95" CONTENT="den"/><SP WIDTH="29" VPOS="1244" HPOS="1066"/>
							<String ID="string_55" HPOS="1095" VPOS="1246" WIDTH="21" HEIGHT="34" WC="0.96" CONTENT="3"/><SP WIDTH="30" VPOS="1246" HPOS="1116"/>
							<String ID="string_56" HPOS="1146" VPOS="1244" WIDTH="162" HEIGHT="37" WC="0.96" CONTENT="februari"/><SP WIDTH="31" VPOS="1244" HPOS="1308"/>
							<String ID="string_57" HPOS="1339" VPOS="1246" WIDTH="96" HEIGHT="35" WC="0.91" CONTENT="1911"/><SP WIDTH="44" VPOS="1246" HPOS="1435"/>
							<String ID="string_58" HPOS="1479" VPOS="1244" WIDTH="146" HEIGHT="49" WC="0.87" CONTENT="aflåten,"/><SP WIDTH="35" VPOS="1244" HPOS="1625"/>
							<String ID="string_59" HPOS="1660" VPOS="1246" WIDTH="56" HEIGHT="36" WC="0.93" CONTENT="till"/><SP WIDTH="23" VPOS="1246" HPOS="1716"/>
							<String ID="string_60" HPOS="1739" VPOS="1246" WIDTH="219" HEIGHT="50" WC="0.91" CONTENT="jordbruks-"/>
						</TextLine>
						<TextLine ID="line_9" HPOS="362" VPOS="1293" WIDTH="1597" HEIGHT="53">
							<String ID="string_61" HPOS="362" VPOS="1295" WIDTH="205" HEIGHT="38" WC="0.96" CONTENT="utskottets"/><SP WIDTH="43" VPOS="1295" HPOS="567"/>
							<String ID="string_62" HPOS="610" VPOS="1293" WIDTH="269" HEIGHT="41" WC="0.96" CONTENT="förberedande"/><SP WIDTH="41" VPOS="1293" HPOS="879"/>
							<String ID="string_63" HPOS="920" VPOS="1295" WIDTH="232" HEIGHT="49" WC="0.96" CONTENT="behandling"/><SP WIDTH="39" VPOS="1295" HPOS="1152"/>
							<String ID="string_64" HPOS="1191" VPOS="1296" WIDTH="184" HEIGHT="37" WC="0.95" CONTENT="hänvisad"/><SP WIDTH="40" VPOS="1296" HPOS="1375"/>
							<String ID="string_65" HPOS="1415" VPOS="1297" WIDTH="249" HEIGHT="49" WC="0.96" CONTENT="proposition,"/><SP WIDTH="42" VPOS="1297" HPOS="1664"/>
							<String ID="string_66" HPOS="1706" VPOS="1311" WIDTH="44" HEIGHT="23" WC="0.95" CONTENT="nr"/><SP WIDTH="38" VPOS="1311" HPOS="1750"/>
							<String ID="string_67" HPOS="1788" VPOS="1300" WIDTH="60" HEIGHT="46" WC="0.96" CONTENT="54,"/><SP WIDTH="42" VPOS="1300" HPOS="1848"/>
							<String ID="string_68" HPOS="1890" VPOS="1299" WIDTH="69" HEIGHT="36" WC="0.96" CONTENT="har"/>
						</TextLine>
						<TextLine ID="line_10" HPOS="361" VPOS="1347" WIDTH="1597" HEIGHT="52">
							<String ID="string_69" HPOS="361" VPOS="1347" WIDTH="142" HEIGHT="50" WC="0.95" CONTENT="Kungl."/><SP WIDTH="34" VPOS="1347" HPOS="503"/>
							<String ID="string_70" HPOS="537" VPOS="1347" WIDTH="109" HEIGHT="49" WC="0.96" CONTENT="Maj:t"/><SP WIDTH="27" VPOS="1347" HPOS="646"/>
							<String ID="string_71" HPOS="673" VPOS="1349" WIDTH="119" HEIGHT="36" WC="0.96" CONTENT="under"/><SP WIDTH="28" VPOS="1349" HPOS="792"/>
							<String ID="string_72" HPOS="820" VPOS="1347" WIDTH="234" HEIGHT="50" WC="0.96" CONTENT="åberopande"/><SP WIDTH="29" VPOS="1347" HPOS="1054"/>
							<String ID="string_73" HPOS="1083" VPOS="1348" WIDTH="41" HEIGHT="36" WC="0.93" CONTENT="af"/><SP WIDTH="17" VPOS="1348" HPOS="1124"/>
							<String ID="string_74" HPOS="1141" VPOS="1348" WIDTH="173" HEIGHT="48" WC="0.91" CONTENT="bifogadt"/><SP WIDTH="19" VPOS="1348" HPOS="1314"/>
							<String ID="string_75" HPOS="1333" VPOS="1348" WIDTH="139" HEIGHT="49" WC="0.96" CONTENT="utdrag"/><SP WIDTH="20" VPOS="1348" HPOS="1472"/>
							<String ID="string_76" HPOS="1492" VPOS="1349" WIDTH="41" HEIGHT="35" WC="0.93" CONTENT="af"/><SP WIDTH="16" VPOS="1349" HPOS="1533"/>
							<String ID="string_77" HPOS="1549" VPOS="1350" WIDTH="409" HEIGHT="49" WC="0.92" CONTENT="statsrådsprotokollet"/>
						</TextLine>
						<TextLine ID="line_11" HPOS="362" VPOS="1400" WIDTH="1594" HEIGHT="51">
							<String ID="string_78" HPOS="362" VPOS="1400" WIDTH="105" HEIGHT="36" WC="0.93" CONTENT="öfver"/><SP WIDTH="35" VPOS="1400" HPOS="467"/>
							<String ID="string_79" HPOS="502" VPOS="1400" WIDTH="370" HEIGHT="49" WC="0.92" CONTENT="jordbruksärenden"/><SP WIDTH="40" VPOS="1400" HPOS="872"/>
							<String ID="string_80" HPOS="912" VPOS="1400" WIDTH="58" HEIGHT="36" WC="0.95" CONTENT="för"/><SP WIDTH="37" VPOS="1400" HPOS="970"/>
							<String ID="string_81" HPOS="1007" VPOS="1413" WIDTH="145" HEIGHT="23" WC="0.96" CONTENT="samma"/><SP WIDTH="27" VPOS="1413" HPOS="1152"/>
							<String ID="string_82" HPOS="1179" VPOS="1400" WIDTH="76" HEIGHT="48" WC="0.95" CONTENT="dag"/><SP WIDTH="28" VPOS="1400" HPOS="1255"/>
							<String ID="string_83" HPOS="1283" VPOS="1400" WIDTH="195" HEIGHT="49" WC="0.95" CONTENT="föreslagit"/><SP WIDTH="28" VPOS="1400" HPOS="1478"/>
							<String ID="string_84" HPOS="1506" VPOS="1400" WIDTH="217" HEIGHT="49" WC="0.93" CONTENT="Riksdagen"/><SP WIDTH="29" VPOS="1400" HPOS="1723"/>
							<String ID="string_85" HPOS="1752" VPOS="1402" WIDTH="204" HEIGHT="49" WC="0.91" CONTENT="medgifva,"/>
						</TextLine>
						<TextLine ID="line_12" HPOS="361" VPOS="1451" WIDTH="1597" HEIGHT="52">
							<String ID="string_86" HPOS="361" VPOS="1457" WIDTH="56" HEIGHT="31" WC="0.96" CONTENT="att"/><SP WIDTH="42" VPOS="1457" HPOS="417"/>
							<String ID="string_87" HPOS="459" VPOS="1465" WIDTH="46" HEIGHT="23" WC="0.96" CONTENT="en"/><SP WIDTH="41" VPOS="1465" HPOS="505"/>
							<String ID="string_88" HPOS="546" VPOS="1452" WIDTH="12" HEIGHT="36" WC="0.93" CONTENT="i"/><SP WIDTH="37" VPOS="1452" HPOS="558"/>
							<String ID="string_89" HPOS="595" VPOS="1451" WIDTH="417" HEIGHT="50" WC="0.91" CONTENT="statsrådsprotokollet"/><SP WIDTH="34" VPOS="1451" HPOS="1012"/>
							<String ID="string_90" HPOS="1046" VPOS="1456" WIDTH="173" HEIGHT="33" WC="0.93" CONTENT="närmare"/><SP WIDTH="38" VPOS="1456" HPOS="1219"/>
							<String ID="string_91" HPOS="1257" VPOS="1452" WIDTH="195" HEIGHT="49" WC="0.91" CONTENT="angifven,"/><SP WIDTH="37" VPOS="1452" HPOS="1452"/>
							<String ID="string_92" HPOS="1489" VPOS="1452" WIDTH="59" HEIGHT="37" WC="0.96" CONTENT="till"/><SP WIDTH="37" VPOS="1452" HPOS="1548"/>
							<String ID="string_93" HPOS="1585" VPOS="1452" WIDTH="101" HEIGHT="37" WC="0.93" CONTENT="förra"/><SP WIDTH="36" VPOS="1452" HPOS="1686"/>
							<String ID="string_94" HPOS="1722" VPOS="1453" WIDTH="236" HEIGHT="50" WC="0.91" CONTENT="predikants-"/>
						</TextLine>
						<TextLine ID="line_13" HPOS="361" VPOS="1503" WIDTH="1597" HEIGHT="51">
							<String ID="string_95" HPOS="361" VPOS="1504" WIDTH="177" HEIGHT="37" WC="0.90" CONTENT="bostället"/><SP WIDTH="29" VPOS="1504" HPOS="538"/>
							<String ID="string_96" HPOS="567" VPOS="1503" WIDTH="41" HEIGHT="42" WC="0.49" CONTENT="”/,"/><SP WIDTH="27" VPOS="1503" HPOS="608"/>
							<String ID="string_97" HPOS="635" VPOS="1505" WIDTH="142" HEIGHT="36" WC="0.93" CONTENT="mantal"/><SP WIDTH="28" VPOS="1505" HPOS="777"/>
							<String ID="string_98" HPOS="805" VPOS="1503" WIDTH="170" HEIGHT="50" WC="0.92" CONTENT="Tolånga"/><SP WIDTH="27" VPOS="1503" HPOS="975"/>
							<String ID="string_99" HPOS="1002" VPOS="1517" WIDTH="45" HEIGHT="23" WC="0.96" CONTENT="nr"/><SP WIDTH="31" VPOS="1517" HPOS="1047"/>
							<String ID="string_100" HPOS="1078" VPOS="1506" WIDTH="18" HEIGHT="34" WC="0.96" CONTENT="1"/><SP WIDTH="31" VPOS="1506" HPOS="1096"/>
							<String ID="string_101" HPOS="1127" VPOS="1504" WIDTH="69" HEIGHT="37" WC="0.96" CONTENT="och"/><SP WIDTH="28" VPOS="1504" HPOS="1196"/>
							<String ID="string_102" HPOS="1224" VPOS="1505" WIDTH="21" HEIGHT="35" WC="0.96" CONTENT="6"/><SP WIDTH="29" VPOS="1505" HPOS="1245"/>
							<String ID="string_103" HPOS="1274" VPOS="1504" WIDTH="13" HEIGHT="36" WC="0.93" CONTENT="i"/><SP WIDTH="29" VPOS="1504" HPOS="1287"/>
							<String ID="string_104" HPOS="1316" VPOS="1504" WIDTH="173" HEIGHT="50" WC="0.91" CONTENT="Tolånga"/><SP WIDTH="37" VPOS="1504" HPOS="1489"/>
							<String ID="string_105" HPOS="1526" VPOS="1505" WIDTH="140" HEIGHT="37" WC="0.96" CONTENT="socken"/><SP WIDTH="20" VPOS="1505" HPOS="1666"/>
							<String ID="string_106" HPOS="1686" VPOS="1506" WIDTH="42" HEIGHT="36" WC="0.96" CONTENT="af"/><SP WIDTH="14" VPOS="1506" HPOS="1728"/>
							<String ID="string_107" HPOS="1742" VPOS="1505" WIDTH="216" HEIGHT="38" WC="0.96" CONTENT="Malmöhus"/>
						</TextLine>
						<TextLine ID="line_14" HPOS="361" VPOS="1555" WIDTH="1597" HEIGHT="50">
							<String ID="string_108" HPOS="361" VPOS="1556" WIDTH="64" HEIGHT="36" WC="0.96" CONTENT="län"/><SP WIDTH="18" VPOS="1556" HPOS="425"/>
							<String ID="string_109" HPOS="443" VPOS="1556" WIDTH="169" HEIGHT="37" WC="0.93" CONTENT="hörande"/><SP WIDTH="19" VPOS="1556" HPOS="612"/>
							<String ID="string_110" HPOS="631" VPOS="1555" WIDTH="303" HEIGHT="50" WC="0.91" CONTENT="kvarnlägenhet"/><SP WIDTH="20" VPOS="1555" HPOS="934"/>
							<String ID="string_111" HPOS="954" VPOS="1558" WIDTH="61" HEIGHT="34" WC="0.96" CONTENT="må"/><SP WIDTH="22" VPOS="1558" HPOS="1015"/>
							<String ID="string_112" HPOS="1037" VPOS="1555" WIDTH="122" HEIGHT="50" WC="0.96" CONTENT="enligt"/><SP WIDTH="13" VPOS="1555" HPOS="1159"/>
							<String ID="string_113" HPOS="1172" VPOS="1555" WIDTH="131" HEIGHT="50" WC="0.96" CONTENT="kungl."/><SP WIDTH="24" VPOS="1555" HPOS="1303"/>
							<String ID="string_114" HPOS="1327" VPOS="1556" WIDTH="255" HEIGHT="49" WC="0.96" CONTENT="kungörelsen"/><SP WIDTH="17" VPOS="1556" HPOS="1582"/>
							<String ID="string_115" HPOS="1599" VPOS="1557" WIDTH="74" HEIGHT="37" WC="0.96" CONTENT="den"/><SP WIDTH="15" VPOS="1557" HPOS="1673"/>
							<String ID="string_116" HPOS="1688" VPOS="1559" WIDTH="46" HEIGHT="35" WC="0.96" CONTENT="31"/><SP WIDTH="26" VPOS="1559" HPOS="1734"/>
							<String ID="string_117" HPOS="1760" VPOS="1557" WIDTH="198" HEIGHT="38" WC="0.96" CONTENT="december"/>
						</TextLine>
						<TextLine ID="line_15" HPOS="364" VPOS="1607" WIDTH="1593" HEIGHT="51">
							<String ID="string_118" HPOS="364" VPOS="1609" WIDTH="97" HEIGHT="36" WC="0.95" CONTENT="1909"/><SP WIDTH="43" VPOS="1609" HPOS="461"/>
							<String ID="string_119" HPOS="504" VPOS="1608" WIDTH="195" HEIGHT="50" WC="0.96" CONTENT="angående"/><SP WIDTH="41" VPOS="1608" HPOS="699"/>
							<String ID="string_120" HPOS="740" VPOS="1608" WIDTH="227" HEIGHT="37" WC="0.96" CONTENT="förändrade"/><SP WIDTH="38" VPOS="1608" HPOS="967"/>
							<String ID="string_121" HPOS="1005" VPOS="1608" WIDTH="169" HEIGHT="49" WC="0.96" CONTENT="grunder"/><SP WIDTH="27" VPOS="1608" HPOS="1174"/>
							<String ID="string_122" HPOS="1201" VPOS="1607" WIDTH="59" HEIGHT="37" WC="0.96" CONTENT="för"/><SP WIDTH="29" VPOS="1607" HPOS="1260"/>
							<String ID="string_123" HPOS="1289" VPOS="1609" WIDTH="177" HEIGHT="48" WC="0.96" CONTENT="åtgärder"/><SP WIDTH="27" VPOS="1609" HPOS="1466"/>
							<String ID="string_124" HPOS="1493" VPOS="1609" WIDTH="12" HEIGHT="36" WC="0.96" CONTENT="i"/><SP WIDTH="29" VPOS="1609" HPOS="1505"/>
							<String ID="string_125" HPOS="1534" VPOS="1609" WIDTH="99" HEIGHT="49" WC="0.96" CONTENT="syfte"/><SP WIDTH="29" VPOS="1609" HPOS="1633"/>
							<String ID="string_126" HPOS="1662" VPOS="1614" WIDTH="55" HEIGHT="32" WC="0.96" CONTENT="att"/><SP WIDTH="28" VPOS="1614" HPOS="1717"/>
							<String ID="string_127" HPOS="1745" VPOS="1612" WIDTH="38" HEIGHT="34" WC="0.96" CONTENT="åt"/><SP WIDTH="27" VPOS="1612" HPOS="1783"/>
							<String ID="string_128" HPOS="1810" VPOS="1610" WIDTH="147" HEIGHT="37" WC="0.94" CONTENT="mindre"/>
						</TextLine>
						<TextLine ID="line_16" HPOS="361" VPOS="1659" WIDTH="1597" HEIGHT="52">
							<String ID="string_129" HPOS="361" VPOS="1659" WIDTH="221" HEIGHT="38" WC="0.95" CONTENT="bemedlade"/><SP WIDTH="30" VPOS="1659" HPOS="582"/>
							<String ID="string_130" HPOS="612" VPOS="1660" WIDTH="70" HEIGHT="37" WC="0.93" CONTENT="och"/><SP WIDTH="28" VPOS="1660" HPOS="682"/>
							<String ID="string_131" HPOS="710" VPOS="1660" WIDTH="245" HEIGHT="37" WC="0.91" CONTENT="obemedlade"/><SP WIDTH="28" VPOS="1660" HPOS="955"/>
							<String ID="string_132" HPOS="983" VPOS="1659" WIDTH="140" HEIGHT="38" WC="0.96" CONTENT="bereda"/><SP WIDTH="28" VPOS="1659" HPOS="1123"/>
							<String ID="string_133" HPOS="1151" VPOS="1659" WIDTH="145" HEIGHT="38" WC="0.96" CONTENT="tillfälle"/><SP WIDTH="29" VPOS="1659" HPOS="1296"/>
							<String ID="string_134" HPOS="1325" VPOS="1665" WIDTH="55" HEIGHT="31" WC="0.93" CONTENT="att"/><SP WIDTH="25" VPOS="1665" HPOS="1380"/>
							<String ID="string_135" HPOS="1405" VPOS="1660" WIDTH="195" HEIGHT="38" WC="0.92" CONTENT="förvärfva"/><SP WIDTH="19" VPOS="1660" HPOS="1600"/>
							<String ID="string_136" HPOS="1619" VPOS="1661" WIDTH="339" HEIGHT="50" WC="0.91" CONTENT="egnahemslägen-"/>
						</TextLine>
						<TextLine ID="line_17" HPOS="361" VPOS="1711" WIDTH="1594" HEIGHT="52">
							<String ID="string_137" HPOS="361" VPOS="1711" WIDTH="106" HEIGHT="37" WC="0.95" CONTENT="heter"/><SP WIDTH="40" VPOS="1711" HPOS="467"/>
							<String ID="string_138" HPOS="507" VPOS="1711" WIDTH="85" HEIGHT="37" WC="0.95" CONTENT="från"/><SP WIDTH="40" VPOS="1711" HPOS="592"/>
							<String ID="string_139" HPOS="632" VPOS="1712" WIDTH="103" HEIGHT="37" WC="0.93" CONTENT="vissa"/><SP WIDTH="40" VPOS="1712" HPOS="735"/>
							<String ID="string_140" HPOS="775" VPOS="1712" WIDTH="354" HEIGHT="48" WC="0.91" CONTENT="kronoegendomar"/><SP WIDTH="31" VPOS="1712" HPOS="1129"/>
							<String ID="string_141" HPOS="1160" VPOS="1711" WIDTH="68" HEIGHT="37" WC="0.96" CONTENT="och"/><SP WIDTH="29" VPOS="1711" HPOS="1228"/>
							<String ID="string_142" HPOS="1257" VPOS="1712" WIDTH="84" HEIGHT="37" WC="0.96" CONTENT="med"/><SP WIDTH="28" VPOS="1712" HPOS="1341"/>
							<String ID="string_143" HPOS="1369" VPOS="1712" WIDTH="249" HEIGHT="48" WC="0.96" CONTENT="iakttagande"/><SP WIDTH="28" VPOS="1712" HPOS="1618"/>
							<String ID="string_144" HPOS="1646" VPOS="1713" WIDTH="42" HEIGHT="36" WC="0.96" CONTENT="af"/><SP WIDTH="23" VPOS="1713" HPOS="1688"/>
							<String ID="string_145" HPOS="1711" VPOS="1713" WIDTH="46" HEIGHT="37" WC="0.96" CONTENT="de"/><SP WIDTH="27" VPOS="1713" HPOS="1757"/>
							<String ID="string_146" HPOS="1784" VPOS="1714" WIDTH="12" HEIGHT="36" WC="0.96" CONTENT="i"/><SP WIDTH="28" VPOS="1714" HPOS="1796"/>
							<String ID="string_147" HPOS="1824" VPOS="1714" WIDTH="131" HEIGHT="49" WC="0.94" CONTENT="kungl."/>
						</TextLine>
						<TextLine ID="line_18" HPOS="362" VPOS="1763" WIDTH="1595" HEIGHT="51">
							<String ID="string_148" HPOS="362" VPOS="1763" WIDTH="148" HEIGHT="37" WC="0.92" CONTENT="brefvet"/><SP WIDTH="27" VPOS="1763" HPOS="510"/>
							<String ID="string_149" HPOS="537" VPOS="1765" WIDTH="58" HEIGHT="35" WC="0.93" CONTENT="till"/><SP WIDTH="28" VPOS="1765" HPOS="595"/>
							<String ID="string_150" HPOS="623" VPOS="1764" WIDTH="325" HEIGHT="49" WC="0.91" CONTENT="domänstyrelsen"/><SP WIDTH="29" VPOS="1764" HPOS="948"/>
							<String ID="string_151" HPOS="977" VPOS="1777" WIDTH="146" HEIGHT="23" WC="0.96" CONTENT="samma"/><SP WIDTH="27" VPOS="1777" HPOS="1123"/>
							<String ID="string_152" HPOS="1150" VPOS="1763" WIDTH="76" HEIGHT="49" WC="0.96" CONTENT="dag"/><SP WIDTH="27" VPOS="1763" HPOS="1226"/>
							<String ID="string_153" HPOS="1253" VPOS="1764" WIDTH="12" HEIGHT="36" WC="0.94" CONTENT="1"/><SP WIDTH="29" VPOS="1764" HPOS="1265"/>
							<String ID="string_154" HPOS="1294" VPOS="1764" WIDTH="109" HEIGHT="49" WC="0.95" CONTENT="fråga"/><SP WIDTH="28" VPOS="1764" HPOS="1403"/>
							<String ID="string_155" HPOS="1431" VPOS="1777" WIDTH="61" HEIGHT="24" WC="0.95" CONTENT="om"/><SP WIDTH="30" VPOS="1777" HPOS="1492"/>
							<String ID="string_156" HPOS="1522" VPOS="1764" WIDTH="291" HEIGHT="50" WC="0.95" CONTENT="tillämpningen"/><SP WIDTH="24" VPOS="1764" HPOS="1813"/>
							<String ID="string_157" HPOS="1837" VPOS="1766" WIDTH="43" HEIGHT="36" WC="0.90" CONTENT="af"/><SP WIDTH="13" VPOS="1766" HPOS="1880"/>
							<String ID="string_158" HPOS="1893" VPOS="1766" WIDTH="64" HEIGHT="36" WC="0.90" CONTENT="be-"/>
						</TextLine>
						<TextLine ID="line_19" HPOS="361" VPOS="1815" WIDTH="1593" HEIGHT="52">
							<String ID="string_159" HPOS="361" VPOS="1815" WIDTH="112" HEIGHT="37" WC="0.92" CONTENT="rörda"/><SP WIDTH="18" VPOS="1815" HPOS="473"/>
							<String ID="string_160" HPOS="491" VPOS="1816" WIDTH="169" HEIGHT="48" WC="0.96" CONTENT="grunder"/><SP WIDTH="19" VPOS="1816" HPOS="660"/>
							<String ID="string_161" HPOS="679" VPOS="1816" WIDTH="221" HEIGHT="37" WC="0.96" CONTENT="meddelade"/><SP WIDTH="18" VPOS="1816" HPOS="900"/>
							<String ID="string_162" HPOS="918" VPOS="1820" WIDTH="174" HEIGHT="32" WC="0.96" CONTENT="närmare"/><SP WIDTH="19" VPOS="1820" HPOS="1092"/>
							<String ID="string_163" HPOS="1111" VPOS="1815" WIDTH="286" HEIGHT="38" WC="0.96" CONTENT="bestämmelser"/><SP WIDTH="19" VPOS="1815" HPOS="1397"/>
							<String ID="string_164" HPOS="1416" VPOS="1816" WIDTH="84" HEIGHT="37" WC="0.96" CONTENT="från"/><SP WIDTH="19" VPOS="1816" HPOS="1500"/>
							<String ID="string_165" HPOS="1519" VPOS="1816" WIDTH="235" HEIGHT="50" WC="0.95" CONTENT="egendomen"/><SP WIDTH="16" VPOS="1816" HPOS="1754"/>
							<String ID="string_166" HPOS="1770" VPOS="1817" WIDTH="184" HEIGHT="50" WC="0.96" CONTENT="upplåtas."/>
						</TextLine>
					</TextBlock>
					<TextBlock ID="block_5" HPOS="363" VPOS="1868" WIDTH="1594" HEIGHT="101">
						<TextLine ID="line_20" HPOS="490" VPOS="1868" WIDTH="1467" HEIGHT="49">
							<String ID="string_167" HPOS="490" VPOS="1868" WIDTH="72" HEIGHT="36" WC="0.96" CONTENT="Till"/><SP WIDTH="20" VPOS="1868" HPOS="562"/>
							<String ID="string_168" HPOS="582" VPOS="1868" WIDTH="157" HEIGHT="38" WC="0.93" CONTENT="berörda"/><SP WIDTH="19" VPOS="1868" HPOS="739"/>
							<String ID="string_169" HPOS="758" VPOS="1868" WIDTH="373" HEIGHT="49" WC="0.90" CONTENT="statsrådsprotokoll"/><SP WIDTH="19" VPOS="1868" HPOS="1131"/>
							<String ID="string_170" HPOS="1150" VPOS="1868" WIDTH="67" HEIGHT="36" WC="0.93" CONTENT="har"/><SP WIDTH="18" VPOS="1868" HPOS="1217"/>
							<String ID="string_171" HPOS="1235" VPOS="1868" WIDTH="415" HEIGHT="49" WC="0.91" CONTENT="departementschefen"/><SP WIDTH="20" VPOS="1868" HPOS="1650"/>
							<String ID="string_172" HPOS="1670" VPOS="1869" WIDTH="11" HEIGHT="36" WC="0.74" CONTENT="i"/><SP WIDTH="20" VPOS="1869" HPOS="1681"/>
							<String ID="string_173" HPOS="1701" VPOS="1869" WIDTH="102" HEIGHT="37" WC="0.96" CONTENT="detta"/><SP WIDTH="18" VPOS="1869" HPOS="1803"/>
							<String ID="string_174" HPOS="1821" VPOS="1869" WIDTH="136" HEIGHT="37" WC="0.96" CONTENT="ärende"/>
						</TextLine>
						<TextLine ID="line_21" HPOS="363" VPOS="1920" WIDTH="331" HEIGHT="49">
							<String ID="string_175" HPOS="363" VPOS="1920" WIDTH="122" HEIGHT="36" WC="0.95" CONTENT="anfört"/><SP WIDTH="28" VPOS="1920" HPOS="485"/>
							<String ID="string_176" HPOS="513" VPOS="1920" WIDTH="181" HEIGHT="49" WC="0.96" CONTENT="följande:"/>
						</TextLine>
					</TextBlock>
					<TextBlock ID="block_6" HPOS="361" VPOS="1972" WIDTH="1596" HEIGHT="258">
						<TextLine ID="line_22" HPOS="492" VPOS="1972" WIDTH="1463" HEIGHT="50">
							<String ID="string_177" HPOS="492" VPOS="1972" WIDTH="98" HEIGHT="37" WC="0.92" CONTENT="»Vid"/><SP WIDTH="41" VPOS="1972" HPOS="590"/>
							<String ID="string_178" HPOS="631" VPOS="1973" WIDTH="121" HEIGHT="36" WC="0.96" CONTENT="under"/><SP WIDTH="28" VPOS="1973" HPOS="752"/>
							<String ID="string_179" HPOS="780" VPOS="1975" WIDTH="41" HEIGHT="33" WC="0.96" CONTENT="år"/><SP WIDTH="31" VPOS="1975" HPOS="821"/>
							<String ID="string_180" HPOS="852" VPOS="1973" WIDTH="95" HEIGHT="36" WC="0.92" CONTENT="1909"/><SP WIDTH="36" VPOS="1973" HPOS="947"/>
							<String ID="string_181" HPOS="983" VPOS="1972" WIDTH="184" HEIGHT="37" WC="0.92" CONTENT="förrättad"/><SP WIDTH="28" VPOS="1972" HPOS="1167"/>
							<String ID="string_182" HPOS="1195" VPOS="1973" WIDTH="280" HEIGHT="49" WC="0.93" CONTENT="uppskattning"/><SP WIDTH="28" VPOS="1973" HPOS="1475"/>
							<String ID="string_183" HPOS="1503" VPOS="1975" WIDTH="21" HEIGHT="34" WC="0.93" CONTENT="å"/><SP WIDTH="27" VPOS="1975" HPOS="1524"/>
							<String ID="string_184" HPOS="1551" VPOS="1973" WIDTH="73" HEIGHT="37" WC="0.96" CONTENT="den"/><SP WIDTH="31" VPOS="1973" HPOS="1624"/>
							<String ID="string_185" HPOS="1655" VPOS="1975" WIDTH="45" HEIGHT="35" WC="0.96" CONTENT="14"/><SP WIDTH="29" VPOS="1975" HPOS="1700"/>
							<String ID="string_186" HPOS="1729" VPOS="1987" WIDTH="98" HEIGHT="23" WC="0.96" CONTENT="mars"/><SP WIDTH="31" VPOS="1987" HPOS="1827"/>
							<String ID="string_187" HPOS="1858" VPOS="1975" WIDTH="97" HEIGHT="36" WC="0.96" CONTENT="1912"/>
						</TextLine>
						<TextLine ID="line_23" HPOS="362" VPOS="2023" WIDTH="1594" HEIGHT="51">
							<String ID="string_188" HPOS="362" VPOS="2023" WIDTH="284" HEIGHT="50" WC="0.91" CONTENT="arrendelediga"/><SP WIDTH="32" VPOS="2023" HPOS="646"/>
							<String ID="string_189" HPOS="678" VPOS="2024" WIDTH="103" HEIGHT="37" WC="0.93" CONTENT="förra"/><SP WIDTH="31" VPOS="2024" HPOS="781"/>
							<String ID="string_190" HPOS="812" VPOS="2024" WIDTH="395" HEIGHT="50" WC="0.90" CONTENT="predikantsbostället"/><SP WIDTH="28" VPOS="2024" HPOS="1207"/>
							<String ID="string_191" HPOS="1235" VPOS="2024" WIDTH="171" HEIGHT="49" WC="0.90" CONTENT="Tolånga"/><SP WIDTH="28" VPOS="2024" HPOS="1406"/>
							<String ID="string_192" HPOS="1434" VPOS="2039" WIDTH="44" HEIGHT="22" WC="0.96" CONTENT="nr"/><SP WIDTH="31" VPOS="2039" HPOS="1478"/>
							<String ID="string_193" HPOS="1509" VPOS="2027" WIDTH="18" HEIGHT="34" WC="0.96" CONTENT="1"/><SP WIDTH="32" VPOS="2027" HPOS="1527"/>
							<String ID="string_194" HPOS="1559" VPOS="2025" WIDTH="68" HEIGHT="37" WC="0.96" CONTENT="och"/><SP WIDTH="31" VPOS="2025" HPOS="1627"/>
							<String ID="string_195" HPOS="1658" VPOS="2027" WIDTH="20" HEIGHT="34" WC="0.96" CONTENT="6"/><SP WIDTH="28" VPOS="2027" HPOS="1678"/>
							<String ID="string_196" HPOS="1706" VPOS="2039" WIDTH="61" HEIGHT="24" WC="0.93" CONTENT="om"/><SP WIDTH="21" VPOS="2039" HPOS="1767"/>
							<String ID="string_197" HPOS="1788" VPOS="2025" WIDTH="40" HEIGHT="41" WC="0.70" CONTENT="?/,"/><SP WIDTH="24" VPOS="2025" HPOS="1828"/>
							<String ID="string_198" HPOS="1852" VPOS="2039" WIDTH="104" HEIGHT="23" WC="0.92" CONTENT="man-"/>
						</TextLine>
						<TextLine ID="line_24" HPOS="361" VPOS="2074" WIDTH="1595" HEIGHT="52">
							<String ID="string_199" HPOS="361" VPOS="2075" WIDTH="53" HEIGHT="37" WC="0.94" CONTENT="tal"/><SP WIDTH="40" VPOS="2075" HPOS="414"/>
							<String ID="string_200" HPOS="454" VPOS="2074" WIDTH="12" HEIGHT="37" WC="0.92" CONTENT="i"/><SP WIDTH="42" VPOS="2074" HPOS="466"/>
							<String ID="string_201" HPOS="508" VPOS="2076" WIDTH="173" HEIGHT="49" WC="0.92" CONTENT="Tolånga"/><SP WIDTH="40" VPOS="2076" HPOS="681"/>
							<String ID="string_202" HPOS="721" VPOS="2076" WIDTH="140" HEIGHT="37" WC="0.96" CONTENT="socken"/><SP WIDTH="41" VPOS="2076" HPOS="861"/>
							<String ID="string_203" HPOS="902" VPOS="2076" WIDTH="41" HEIGHT="37" WC="0.96" CONTENT="af"/><SP WIDTH="37" VPOS="2076" HPOS="943"/>
							<String ID="string_204" HPOS="980" VPOS="2076" WIDTH="214" HEIGHT="37" WC="0.96" CONTENT="Malmöhus"/><SP WIDTH="41" VPOS="2076" HPOS="1194"/>
							<String ID="string_205" HPOS="1235" VPOS="2076" WIDTH="63" HEIGHT="36" WC="0.96" CONTENT="län"/><SP WIDTH="28" VPOS="2076" HPOS="1298"/>
							<String ID="string_206" HPOS="1326" VPOS="2077" WIDTH="59" HEIGHT="37" WC="0.96" CONTENT="för"/><SP WIDTH="27" VPOS="2077" HPOS="1385"/>
							<String ID="string_207" HPOS="1412" VPOS="2077" WIDTH="162" HEIGHT="49" WC="0.93" CONTENT="förnyad"/><SP WIDTH="28" VPOS="2077" HPOS="1574"/>
							<String ID="string_208" HPOS="1602" VPOS="2078" WIDTH="290" HEIGHT="48" WC="0.91" CONTENT="utarrendering"/><SP WIDTH="28" VPOS="2078" HPOS="1892"/>
							<String ID="string_209" HPOS="1920" VPOS="2078" WIDTH="36" HEIGHT="36" WC="0.96" CONTENT="af"/>
						</TextLine>
						<TextLine ID="line_25" HPOS="362" VPOS="2128" WIDTH="1595" HEIGHT="50">
							<String ID="string_210" HPOS="362" VPOS="2140" WIDTH="143" HEIGHT="24" WC="0.95" CONTENT="samma"/><SP WIDTH="41" VPOS="2140" HPOS="505"/>
							<String ID="string_211" HPOS="546" VPOS="2128" WIDTH="199" HEIGHT="49" WC="0.95" CONTENT="egendom,"/><SP WIDTH="44" VPOS="2128" HPOS="745"/>
							<String ID="string_212" HPOS="789" VPOS="2141" WIDTH="80" HEIGHT="24" WC="0.96" CONTENT="som"/><SP WIDTH="32" VPOS="2141" HPOS="869"/>
							<String ID="string_213" HPOS="901" VPOS="2129" WIDTH="145" HEIGHT="36" WC="0.96" CONTENT="lämnar"/><SP WIDTH="28" VPOS="2129" HPOS="1046"/>
							<String ID="string_214" HPOS="1074" VPOS="2128" WIDTH="105" HEIGHT="37" WC="0.96" CONTENT="öfver"/><SP WIDTH="30" VPOS="2128" HPOS="1179"/>
							<String ID="string_215" HPOS="1209" VPOS="2129" WIDTH="72" HEIGHT="36" WC="0.96" CONTENT="600"/><SP WIDTH="28" VPOS="2129" HPOS="1281"/>
							<String ID="string_216" HPOS="1309" VPOS="2129" WIDTH="141" HEIGHT="37" WC="0.95" CONTENT="kronor"/><SP WIDTH="27" VPOS="2129" HPOS="1450"/>
							<String ID="string_217" HPOS="1477" VPOS="2129" WIDTH="12" HEIGHT="36" WC="0.78" CONTENT="1"/><SP WIDTH="30" VPOS="2129" HPOS="1489"/>
							<String ID="string_218" HPOS="1519" VPOS="2129" WIDTH="168" HEIGHT="48" WC="0.96" CONTENT="arrende,"/><SP WIDTH="29" VPOS="2129" HPOS="1687"/>
							<String ID="string_219" HPOS="1716" VPOS="2129" WIDTH="68" HEIGHT="36" WC="0.96" CONTENT="har"/><SP WIDTH="28" VPOS="2129" HPOS="1784"/>
							<String ID="string_220" HPOS="1812" VPOS="2129" WIDTH="145" HEIGHT="49" WC="0.96" CONTENT="förslag"/>
						</TextLine>
						<TextLine ID="line_26" HPOS="361" VPOS="2179" WIDTH="1309" HEIGHT="51">
							<String ID="string_221" HPOS="361" VPOS="2179" WIDTH="132" HEIGHT="36" WC="0.96" CONTENT="väckts"/><SP WIDTH="28" VPOS="2179" HPOS="493"/>
							<String ID="string_222" HPOS="521" VPOS="2192" WIDTH="61" HEIGHT="24" WC="0.96" CONTENT="om"/><SP WIDTH="29" VPOS="2192" HPOS="582"/>
							<String ID="string_223" HPOS="611" VPOS="2180" WIDTH="228" HEIGHT="50" WC="0.96" CONTENT="försäljning"/><SP WIDTH="28" VPOS="2180" HPOS="839"/>
							<String ID="string_224" HPOS="867" VPOS="2180" WIDTH="41" HEIGHT="37" WC="0.96" CONTENT="af"/><SP WIDTH="25" VPOS="2180" HPOS="908"/>
							<String ID="string_225" HPOS="933" VPOS="2181" WIDTH="103" HEIGHT="36" WC="0.96" CONTENT="vissa"/><SP WIDTH="27" VPOS="2181" HPOS="1036"/>
							<String ID="string_226" HPOS="1063" VPOS="2180" WIDTH="220" HEIGHT="49" WC="0.96" CONTENT="lägenheter"/><SP WIDTH="28" VPOS="2180" HPOS="1283"/>
							<String ID="string_227" HPOS="1311" VPOS="2181" WIDTH="84" HEIGHT="36" WC="0.96" CONTENT="från"/><SP WIDTH="28" VPOS="2181" HPOS="1395"/>
							<String ID="string_228" HPOS="1423" VPOS="2181" WIDTH="247" HEIGHT="49" WC="0.96" CONTENT="egendomen."/>
						</TextLine>
					</TextBlock>
					<TextBlock ID="block_7" HPOS="362" VPOS="2231" WIDTH="1595" HEIGHT="103">
						<TextLine ID="line_27" HPOS="489" VPOS="2231" WIDTH="1467" HEIGHT="51">
							<String ID="string_229" HPOS="489" VPOS="2231" WIDTH="87" HEIGHT="36" WC="0.95" CONTENT="Med"/><SP WIDTH="29" VPOS="2231" HPOS="576"/>
							<String ID="string_230" HPOS="605" VPOS="2232" WIDTH="209" HEIGHT="48" WC="0.95" CONTENT="anledning"/><SP WIDTH="19" VPOS="2232" HPOS="814"/>
							<String ID="string_231" HPOS="833" VPOS="2232" WIDTH="111" HEIGHT="36" WC="0.96" CONTENT="häraf"/><SP WIDTH="16" VPOS="2232" HPOS="944"/>
							<String ID="string_232" HPOS="960" VPOS="2232" WIDTH="68" HEIGHT="36" WC="0.93" CONTENT="har"/><SP WIDTH="20" VPOS="2232" HPOS="1028"/>
							<String ID="string_233" HPOS="1048" VPOS="2232" WIDTH="327" HEIGHT="49" WC="0.90" CONTENT="domänstyrelsen"/><SP WIDTH="19" VPOS="2232" HPOS="1375"/>
							<String ID="string_234" HPOS="1394" VPOS="2232" WIDTH="88" HEIGHT="37" WC="0.93" CONTENT="med"/><SP WIDTH="19" VPOS="2232" HPOS="1482"/>
							<String ID="string_235" HPOS="1501" VPOS="2232" WIDTH="239" HEIGHT="50" WC="0.92" CONTENT="underdånig"/><SP WIDTH="20" VPOS="2232" HPOS="1740"/>
							<String ID="string_236" HPOS="1760" VPOS="2232" WIDTH="196" HEIGHT="38" WC="0.95" CONTENT="skrifvelse"/>
						</TextLine>
						<TextLine ID="line_28" HPOS="362" VPOS="2282" WIDTH="1595" HEIGHT="52">
							<String ID="string_237" HPOS="362" VPOS="2282" WIDTH="71" HEIGHT="37" WC="0.96" CONTENT="den"/><SP WIDTH="31" VPOS="2282" HPOS="433"/>
							<String ID="string_238" HPOS="464" VPOS="2285" WIDTH="16" HEIGHT="34" WC="0.95" CONTENT="1"/><SP WIDTH="34" VPOS="2285" HPOS="480"/>
							<String ID="string_239" HPOS="514" VPOS="2283" WIDTH="94" HEIGHT="48" WC="0.95" CONTENT="april"/><SP WIDTH="32" VPOS="2283" HPOS="608"/>
							<String ID="string_240" HPOS="640" VPOS="2285" WIDTH="96" HEIGHT="35" WC="0.95" CONTENT="1910"/><SP WIDTH="44" VPOS="2285" HPOS="736"/>
							<String ID="string_241" HPOS="780" VPOS="2284" WIDTH="224" HEIGHT="37" WC="0.95" CONTENT="underställt"/><SP WIDTH="42" VPOS="2284" HPOS="1004"/>
							<String ID="string_242" HPOS="1046" VPOS="2284" WIDTH="103" HEIGHT="36" WC="0.96" CONTENT="detta"/><SP WIDTH="27" VPOS="2284" HPOS="1149"/>
							<String ID="string_243" HPOS="1176" VPOS="2284" WIDTH="137" HEIGHT="37" WC="0.93" CONTENT="ärende"/><SP WIDTH="29" VPOS="2284" HPOS="1313"/>
							<String ID="string_244" HPOS="1342" VPOS="2283" WIDTH="119" HEIGHT="38" WC="0.90" CONTENT="Eders"/><SP WIDTH="30" VPOS="2283" HPOS="1461"/>
							<String ID="string_245" HPOS="1491" VPOS="2284" WIDTH="140" HEIGHT="49" WC="0.94" CONTENT="Kungl."/><SP WIDTH="31" VPOS="2284" HPOS="1631"/>
							<String ID="string_246" HPOS="1662" VPOS="2284" WIDTH="125" HEIGHT="50" WC="0.96" CONTENT="Maj:ts"/><SP WIDTH="29" VPOS="2284" HPOS="1787"/>
							<String ID="string_247" HPOS="1816" VPOS="2285" WIDTH="141" HEIGHT="49" WC="0.96" CONTENT="nådiga"/>
						</TextLine>
					</TextBlock>
				</ComposedBlock>
			</PrintSpace>
		</Page>
	</Layout>
</alto>
