2279 2792
563 196 18 30 6
946 194 244 35 Konstitutions-
1200 195 162 34 Utskottets
1392 196 169 34 Utlåtande
1586 197 60 33 N:o
1670 200 26 30 5.

646 275 95 37 Förr
782 276 92 37 eller
916 289 135 25 senare
1093 276 56 38 lär
1179 290 88 23 man
1295 277 62 37 väl
1393 277 37 37 få
1456 277 154 38 komma
1639 277 156 49 derhän,
1824 284 55 32 att
1907 279 86 49 den,
2022 294 82 23 som

517 328 57 39 till
602 334 126 32 staten
757 329 179 50 erlägger
963 329 215 51 bevillning
1206 329 95 39 efter
1329 330 37 37 II
1395 335 68 32 art.
1492 330 58 38 för
1571 331 131 38 arbete
1727 332 92 37 eller
1835 333 271 49 förmögenhet

517 382 57 37 får
609 382 156 50 politisk
798 388 170 44 rösträtt,
998 396 47 25 en
1073 383 127 50 grund
1228 397 82 24 som
1339 383 115 38 också
1482 389 41 32 är
1550 384 159 49 hållbar,
1738 399 88 23 men
1853 385 159 38 hvilken
2039 401 67 23 na-

516 434 169 51 turligen
725 435 116 37 likväl
882 436 120 37 borde
1044 449 92 24 vara
1171 436 57 37 till
1263 436 131 37 siffran
1421 437 12 35 i
1460 437 194 50 grundlag
1681 438 190 49 bestämd,
1899 439 59 37 för
1987 444 55 32 att
2071 440 33 49 ej

517 501 92 24 vara
636 488 194 38 beroende
858 489 42 37 af
923 502 47 24 en
997 490 70 37 lätt
1094 488 240 51 föränderlig
1361 490 385 50 bevillningsstadga.
1803 492 208 37 Afsamma
2026 492 82 37 skäl

517 540 76 38 kan
634 555 88 24 man
755 541 34 50 ej
819 541 133 49 heller,
980 542 103 38 hvad
1111 542 200 38 Utskottet
1339 542 71 37 ock
1438 543 136 49 riktigt
1602 544 186 48 anmärkt,
1819 545 134 49 bygga
1982 545 126 37 denna

517 599 76 32 rätt
633 597 49 47 på
721 594 300 51 kommunallag,
1063 595 147 37 hvilket
1243 595 126 37 blefve
1397 595 147 51 följden
1573 596 41 37 af
1637 597 100 37 Herr
1765 597 155 49 Linnés,
1949 597 11 37 i
1990 598 118 49 öfrigt

518 646 89 38 med
635 647 116 37 ofvan
778 648 170 37 uttalade
979 648 102 49 åsigt
1109 649 423 37 öfverensstämmande
1552 650 163 49 förslag.

646 700 158 49 Tydligt
845 706 41 32 är
927 701 214 37 emellertid
1170 707 55 31 att
1253 715 87 23 man
1369 702 34 49 ej
1433 702 135 49 längre
1597 702 244 51 rättvisligen
1868 703 77 37 kan
1972 709 135 45 uttaga

517 752 215 50 bevillning
773 753 99 38 ända
912 754 75 38 ned
1029 754 56 37 till
1125 756 73 36 400
1240 754 110 38 R:drs
1393 754 178 50 inkomst,
1602 755 160 38 emedan
1792 756 104 38 detta
1924 757 183 49 vanligen

519 805 165 37 drabbar
726 806 136 36 endast
895 807 75 36 den
1001 808 12 34 i
1041 807 226 47 bekymmer
1295 807 136 36 stadde
1461 808 146 35 mindre
1636 809 290 46 yrkesidkaren,
1956 822 81 22 som
2067 815 41 30 är

518 856 137 48 bofast,
698 870 87 24 men
823 858 33 49 ej
899 857 75 38 den
1012 858 12 36 i
1067 858 137 37 andras
1241 858 131 37 arbete
1401 858 169 38 varande
1600 859 214 49 arbetaren,
1843 860 158 38 hvilken
2030 861 76 37 ofta

517 909 186 50 förtjenar
731 924 117 34 mera,
876 910 154 38 hvadan
1058 911 98 37 både
1185 911 161 38 rättvisa
1374 911 71 37 och
1473 912 178 49 billighet
1678 913 151 49 påkalla
1859 913 126 37 denna
2006 927 100 23 sum-

517 975 82 24 mas
641 962 166 50 höjande
846 963 57 37 till
933 965 72 37 600
1033 963 102 38 h:dr.
1190 964 55 36 Af
1268 964 106 37 detta
1401 964 81 37 skäl
1512 964 69 38 har
1604 965 72 49 jag
1703 965 12 36 i
1743 965 199 38 Utskottet
1970 966 137 37 endast

517 1014 163 51 påyrkat
719 1020 228 33 rösträttens
989 1016 290 38 bestämmande
1321 1016 55 37 till
1405 1016 126 39 denna
1558 1017 285 49 inkomstsiffra,
1881 1018 3 37 i
1912 1018 101 38 hvad
2042 1018 64 38 det

520 1073 63 32 rör
610 1067 145 51 kapital
784 1068 71 37 och
884 1069 142 37 arbete.

646 1121 57 37 Då
738 1121 72 49 jag
848 1121 126 37 blifvit
1001 1122 137 36 försatt
1173 1122 4 35 i
1205 1121 293 50 nödvändighet
1526 1128 56 33 att
1610 1123 156 49 deltaga
1793 1124 12 35 i
1835 1123 74 37 den
1937 1124 169 36 förbere-

519 1172 124 37 dande
671 1173 232 50 pröfningen
932 1174 41 37 af
996 1174 46 37 de
1070 1174 215 49 framlagda
1312 1175 209 49 förslagen,
1550 1175 69 37 har
1642 1176 71 48 jag
1742 1181 126 32 ansett
1897 1176 80 48 mig
2008 1176 99 50 plig-

518 1225 58 49 tig
603 1225 119 37 uttala
752 1225 113 38 dessa
892 1227 102 36 mina
1021 1226 148 49 tankar,
1199 1226 233 51 öfvertygad
1452 1233 55 32 att
1522 1228 111 37 ofvan
1653 1228 169 49 antydda
1837 1228 271 49 förändringar

520 1278 33 49 ej
597 1278 107 37 skola
740 1279 122 37 rubba
904 1280 46 36 de
993 1279 246 49 grundvalar,
1268 1283 50 45 på
1346 1280 130 36 hvilka
1504 1284 92 33 våra
1624 1281 239 48 grundlagar
1890 1281 117 47 hvila,
2037 1281 72 36 och

518 1329 130 38 hvilka
676 1329 42 38 af
740 1330 81 50 mig
849 1331 96 49 högt
985 1331 168 38 kattas.»

649 1433 41 37 af
712 1433 145 38 Herrar
884 1434 72 37 Per
983 1434 153 37 Nilsson
1164 1434 12 36 1
1203 1435 118 49 Espö,
1349 1434 95 38 Sven
1475 1435 149 37 Nilsson
1656 1436 71 36 och
1762 1436 176 47 Lyttkens.

756 2399 212 28 STOCKHOLM,
988 2400 100 23 ISAAC
1108 2399 145 25 MARCUS'
1273 2398 484 29 BOKTRYCKERI-AKTIEBOLAG,
1780 2399 71 22 1874.
