2222 2652
679 176 230 44 Lagutskottets
936 175 168 32 Utlåtande
1128 174 62 31 N:o
1214 174 56 30 50.
1695 168 38 31 25

169 271 169 48 omöjligt
379 274 55 30 att
473 269 12 34 i
525 268 101 35 detta
659 266 171 37 afseende
858 264 252 37 åstadkomma
1139 275 45 23 en
1210 262 59 36 val
1296 259 132 49 afvägd
1456 257 249 48 begränsning
1732 258 46 45 på

168 326 120 45 någon
330 320 40 36 af
406 320 45 35 de
493 320 131 35 hittills
658 318 206 46 föreslagna
894 323 171 40 vägarne,
1094 313 124 43 borde,
1247 312 116 48 enligt
1389 313 66 33 vår
1483 309 159 47 mening,
1670 306 107 37 äfven

167 373 130 48 frågan
337 385 59 22 om
437 370 236 47 fullständigt
710 367 236 51 upphörande
975 366 40 35 af
1039 366 69 35 den
1135 365 13 35 i
1176 363 362 46 kommunallagarne
1566 360 108 46 bolag
1701 358 77 35 till-

168 423 161 37 erkända
355 426 155 32 rösträtt
537 426 104 43 tagas
664 420 12 35 i
704 420 183 45 allvarligt
914 415 281 49 öfvervägande.
1251 414 77 35 Den
1352 412 254 36 bestämrnelse
1626 410 58 35 till
1702 408 76 36 för-

169 479 84 31 mån
295 473 57 36 för
391 473 122 47 bolag,
554 478 53 29 att
648 470 320 48 bolagsdelegarne
1001 469 121 34 kunna
1156 467 13 34 i
1201 465 143 35 handen
1371 467 47 44 på
1446 476 43 23 en
1513 474 130 36 person
1670 461 110 46 lägga

168 527 82 35 hela
277 526 56 34 sin
361 523 178 37 samfälda
566 527 164 38 rösträtt,
760 528 40 28 är
826 521 30 46 ej
885 520 96 35 blott
1008 516 187 38 stridande
1222 521 76 30 mot
1325 515 69 35 den
1423 514 11 34 i
1466 514 43 35 13
1538 511 22 45 $
1579 511 40 36 af
1635 510 143 37 förord-

170 578 135 46 ningen
333 588 59 22 om
420 573 369 48 kommunalstyrelse
807 575 55 44 'på
888 569 126 36 landet
1041 567 174 48 stadgade
1242 565 327 48 grundprincipen,
1598 568 54 29 att
1669 563 109 45 ingen

169 631 46 45 på
256 626 121 49 grund
417 625 40 36 af
494 625 174 46 fullmagt
700 626 59 32 må
790 621 79 36 föra
902 621 97 35 talan
1029 620 86 35 eller
1143 617 127 36 utöfva
1296 621 151 31 rösträtt
1473 613 58 37 för
1560 626 75 22 mer
1662 620 46 28 än
1736 625 43 22 en

169 676 295 49 röttberättigad,
494 681 89 30 utan
611 674 107 36 äfven
748 674 12 34 i
788 673 72 47 hög
886 671 90 47 grad
1005 669 189 47 betänklig
1221 671 45 45 på
1294 667 68 36 den
1391 665 133 49 grund,
1545 669 53 31 att
1616 664 164 47 bolagets

170 729 138 36 ombud
350 728 30 47 ej
423 726 174 37 behöfver
636 738 90 23 vara
761 724 56 35 för
848 735 91 35 egen
972 721 58 36 del
1056 718 283 48 röstberättigad
1367 718 100 34 inom
1496 716 70 35 den
1594 715 186 42 kommun,

170 781 65 35 der
262 781 69 34 han
361 778 146 36 utöfvar
534 778 162 45 bolagets
723 779 164 38 rösträtt,
917 777 95 32 samt
1038 777 54 30 att
1118 771 164 46 bolagets
1309 768 240 36 medlemmar
1576 766 124 35 kunna
1724 765 57 34 till

170 837 78 30 stor
275 831 88 35 eller
390 830 57 35 till
474 829 67 35 och
571 827 83 36 med
682 832 116 30 större
826 825 103 35 delen
961 828 147 41 utgöras
1135 820 39 36 af
1198 820 246 46 utländingar.

305 931 51 36 På
387 929 122 49 grund
542 928 40 37 af
605 928 95 36 hvad
728 927 37 35 vi
793 940 50 22 nu
870 924 126 37 anfört
1024 924 68 35 och
1120 922 83 36 med
1232 920 200 47 anledning
1458 918 40 37 af
1523 919 97 35 såväl
1648 916 132 48 Kongl.

171 983 123 47 Maj:ts
327 981 226 49 proposition
585 992 59 22 n:o
679 980 46 34 40
754 977 80 36 med
862 975 140 47 förslag
1028 975 56 35 till
1110 975 62 46 lag
1199 971 186 49 angående
1414 969 139 37 ändrad
1580 968 139 49 lydelse
1746 966 39 36 af

171 1035 98 35 vissa
295 1031 212 50 paragrafer
534 1032 12 34 i
572 1029 268 47 förordningen
867 1040 58 22 om
955 1024 367 49 kommunalstyrelse
1350 1025 46 45 på
1423 1020 126 36 landet
1576 1032 78 23 som
1673 1019 11 34 i
1704 1025 77 28 äm-

172 1091 62 30 net
262 1084 205 37 sedermera
495 1082 129 36 väckta
652 1093 62 23 sex
743 1079 191 41 motioner,
955 1078 13 34 i
988 1076 122 36 hvilka
1138 1076 36 34 vi
1198 1075 30 47 ej
1250 1074 140 35 kunnat
1408 1071 147 36 odeladt
1573 1071 207 42 instämma,

172 1137 121 35 tillåta
320 1135 36 35 vi
383 1147 58 23 oss
468 1133 145 42 föreslå,
642 1136 54 30 att
723 1129 204 46 Riksdagen
958 1130 114 33 måtte
1099 1127 161 35 besluta:

312 1189 54 32 1:o
399 1190 54 30 att
485 1183 23 44 8
543 1185 41 33 11
614 1183 12 34 i
654 1181 265 46 förordningen
949 1192 59 22 om
1037 1175 373 48 kommunalstyrelse
1438 1176 46 45 på
1511 1172 127 36 landet
1666 1171 116 36 skulle

173 1237 137 35 erhålla
336 1235 159 47 följande
523 1233 152 49 lydelse:

923 1380 24 45 &
977 1382 57 34 11.

308 1490 112 37 Mom.
450 1491 31 34 1.
537 1485 73 38 Vid
650 1485 57 36 val
749 1485 225 35 tillkommer
1015 1480 124 48 hvarje
1172 1477 218 49 röstegande
1418 1490 42 23 en
1488 1480 77 31 röst
1592 1480 101 30 utom
1723 1473 61 36 vid

173 1542 61 37 val
274 1541 40 36 af
349 1536 452 48 kommunalfullmägtige
842 1539 94 31 samt
976 1532 41 36 af
1045 1531 295 47 landstingsmän
1368 1528 65 35 och
1463 1527 145 35 valmän
1636 1525 61 35 för
1724 1530 60 30 ut-

176 1592 133 37 seende
337 1591 39 36 af
400 1590 306 47 landstingsmän.

310 1643 112 36 Mom.
450 1642 36 34 2.
541 1639 72 35 Vid
654 1639 123 34 beslut
817 1634 157 37 rörande
1001 1635 72 34 alla
1104 1632 122 47 öfriga
1253 1628 315 50 angelägenheter,
1597 1626 188 36 äfvensom

175 1694 63 36 vid
278 1693 44 36 de
362 1693 11 34 i
415 1704 109 22 mom.
561 1693 16 32 1
614 1688 174 37 särskildt
816 1685 150 48 angifna
993 1685 68 42 val,
1089 1683 180 35 beräknas
1296 1679 209 37 röstvärdet
1531 1678 94 36 efter
1652 1677 63 35 det
1741 1690 43 22 en

175 1746 92 34 hvar
293 1741 218 49 röstegande
540 1744 117 31 åsatta
684 1738 156 49 fyrktal;
868 1736 93 35 dock
989 1737 59 32 må
1075 1734 31 47 ej
1129 1736 120 43 någon
1275 1730 127 36 utöfva
1421 1734 155 31 rösträtt
1594 1728 58 35 för
1671 1733 116 30 större

176 1795 100 36 antal
304 1797 128 38 röster,
462 1799 44 28 än
536 1804 76 22 som
641 1801 125 24 svarar
793 1793 96 30 emot
916 1799 43 22 en
989 1782 239 50 tjugondedel
1256 1781 40 35 af
1319 1782 243 34 kommunens
1582 1779 82 34 hela
1682 1777 105 49 fyrk-

176 1847 50 35 tal
268 1846 88 35 eller
396 1843 12 35 i
448 1845 113 45 något
593 1840 65 35 fall
686 1839 58 35 för
772 1839 109 46 högre
908 1836 151 35 röstetal
1088 1841 44 28 än
1161 1833 73 43 det,
1263 1843 74 24 som
1367 1836 207 30 motsvarar
1601 1834 53 29 ett
1680 1833 105 30 tusen

177 1897 138 35 fyrkar.

194 1910 23 35 ,
311 1945 111 37 Mom.
451 1944 37 35 3.
543 1942 72 35 Der
642 1940 57 36 för
727 1938 218 49 deltagande
973 1937 12 35 i
1014 1935 133 37 sådana
1166 1934 140 43 besvär,
1327 1945 75 23 som
1423 1931 122 48 åligga
1563 1931 83 42 alla,
1666 1929 123 35 hvilka

176 1999 100 34 inom
317 1997 223 34 kommunen
580 1993 149 46 erlägga
768 1986 420 48 kommunalutskylder,
1231 1997 119 23 annan
1389 1981 135 49 grund,
1556 1988 44 28 än
1630 1980 69 35 den
1728 1979 61 35 för

177 2046 204 50 utgörande
421 2044 41 36 af
498 2039 409 50 kommunalutskylder
948 2039 11 33 i
1000 2036 200 36 allmänhet
1239 2033 180 49 gällande,
1462 2033 116 34 finnes
1615 2030 174 36 särskildt

178 2096 166 49 stadgad,
373 2095 90 35 skall
492 2092 210 37 röstvärdet
728 2091 62 35 vid
818 2090 123 35 beslut
969 2087 103 35 öfver
1100 2084 169 44 ärenden,
1295 2097 77 22 som
1393 2089 82 29 röra
1494 2082 135 35 sådana
1647 2081 141 42 besvär,

178 2148 178 35 beräknas
384 2145 95 35 efter
506 2143 70 35 den
605 2141 175 36 särskildt
806 2137 191 38 bestämda
1023 2135 185 49 grunden;

314 2192 72 48 2:0)
415 2199 54 30 att
496 2194 13 34 i
537 2192 191 36 skrifvelse
756 2190 152 42 anhålla,
938 2188 62 34 det
1030 2186 130 47 Kongl.
1189 2184 107 47 Maj:t
1323 2186 113 32 måtte
1464 2188 87 41 göra
1579 2180 129 48 frågan
1729 2193 58 22 om

179 2248 128 47 bolags
346 2244 238 37 kommunala
623 2245 155 32 rösträtt
816 2240 57 35 till
913 2238 153 35 föremål
1107 2236 59 35 för
1197 2233 155 49 förnyad
1382 2232 200 46 utredning
1610 2235 95 31 samt
1732 2230 57 35 till

264 2310 74 31 Bih.
363 2308 47 32 till
432 2307 111 31 Riked.
570 2306 86 31 Prot.
703 2304 88 31 1898.
840 2304 15 29 7
879 2301 99 32 Saml.
1024 2301 41 29 27
1090 2299 95 42 Häft.
1727 2294 20 29 4
