<?xml version="1.0" encoding="UTF-8"?>
<alto xmlns="http://www.loc.gov/standards/alto/ns-v3#" xmlns:xlink="http://www.w3.org/1999/xlink" xmlns:xsi="http://www.w3.org/2001/XMLSchema-instance" xsi:schemaLocation="http://www.loc.gov/standards/alto/ns-v3# http://www.loc.gov/alto/v3/alto-3-0.xsd">
	<Description>
		<MeasurementUnit>pixel</MeasurementUnit>
		<sourceImageInformation>
			<fileName>/tmp/tess_7wz_r0uw_input.PNG</fileName>
		</sourceImageInformation>
		<OCRProcessing ID="OCR_0">
			<ocrProcessingStep>
				<processingSoftware>
					<softwareName>tesseract 5.3.0</softwareName>
				</processingSoftware>
			</ocrProcessingStep>
		</OCRProcessing>
	</Description>
	<Layout>
		<Page WIDTH="1888" HEIGHT="2812" PHYSICAL_IMG_NR="0" ID="page_0">
			<PrintSpace HPOS="0" VPOS="0" WIDTH="1888" HEIGHT="2812">
				<ComposedBlock ID="cblock_0" HPOS="456" VPOS="153" WIDTH="1184" HEIGHT="41">
					<TextBlock ID="block_0" HPOS="456" VPOS="153" WIDTH="1184" HEIGHT="41">
						<TextLine ID="line_0" HPOS="456" VPOS="153" WIDTH="1184" HEIGHT="41">
							<String ID="string_0" HPOS="456" VPOS="157" WIDTH="119" HEIGHT="31" WC="0.93" CONTENT="Andra"/><SP WIDTH="21" VPOS="157" HPOS="575"/>
							<String ID="string_1" HPOS="596" VPOS="157" WIDTH="238" HEIGHT="37" WC="0.92" CONTENT="lagutskottets"/><SP WIDTH="21" VPOS="157" HPOS="834"/>
							<String ID="string_2" HPOS="855" VPOS="157" WIDTH="175" HEIGHT="31" WC="0.96" CONTENT="utlåtande"/><SP WIDTH="21" VPOS="157" HPOS="1030"/>
							<String ID="string_3" HPOS="1051" VPOS="167" WIDTH="42" HEIGHT="21" WC="0.96" CONTENT="nr"/><SP WIDTH="21" VPOS="167" HPOS="1093"/>
							<String ID="string_4" HPOS="1114" VPOS="158" WIDTH="57" HEIGHT="34" WC="0.96" CONTENT="68;"/><SP WIDTH="27" VPOS="158" HPOS="1171"/>
							<String ID="string_5" HPOS="1198" VPOS="157" WIDTH="140" HEIGHT="37" WC="0.96" CONTENT="bilagor."/><SP WIDTH="263" VPOS="157" HPOS="1338"/>
							<String ID="string_6" HPOS="1601" VPOS="153" WIDTH="39" HEIGHT="30" WC="0.95" CONTENT="29"/>
						</TextLine>
					</TextBlock>
				</ComposedBlock>
				<ComposedBlock ID="cblock_1" HPOS="132" VPOS="240" WIDTH="1506" HEIGHT="165">
					<TextBlock ID="block_1" HPOS="132" VPOS="240" WIDTH="1506" HEIGHT="165">
						<TextLine ID="line_1" HPOS="134" VPOS="240" WIDTH="1502" HEIGHT="37">
							<String ID="string_7" HPOS="134" VPOS="241" WIDTH="321" HEIGHT="31" WC="0.90" CONTENT="vanförhållanden."/><SP WIDTH="27" VPOS="241" HPOS="455"/>
							<String ID="string_8" HPOS="482" VPOS="241" WIDTH="130" HEIGHT="29" WC="0.95" CONTENT="Därvid"/><SP WIDTH="24" VPOS="241" HPOS="612"/>
							<String ID="string_9" HPOS="636" VPOS="250" WIDTH="100" HEIGHT="27" WC="0.96" CONTENT="synes"/><SP WIDTH="24" VPOS="250" HPOS="736"/>
							<String ID="string_10" HPOS="760" VPOS="240" WIDTH="94" HEIGHT="31" WC="0.93" CONTENT="såväl"/><SP WIDTH="23" VPOS="240" HPOS="854"/>
							<String ID="string_11" HPOS="877" VPOS="241" WIDTH="173" HEIGHT="30" WC="0.92" CONTENT="bulvanen"/><SP WIDTH="25" VPOS="241" HPOS="1050"/>
							<String ID="string_12" HPOS="1075" VPOS="250" WIDTH="74" HEIGHT="20" WC="0.96" CONTENT="som"/><SP WIDTH="24" VPOS="250" HPOS="1149"/>
							<String ID="string_13" HPOS="1173" VPOS="241" WIDTH="128" HEIGHT="29" WC="0.96" CONTENT="dennes"/><SP WIDTH="25" VPOS="241" HPOS="1301"/>
							<String ID="string_14" HPOS="1326" VPOS="241" WIDTH="203" HEIGHT="31" WC="0.96" CONTENT="huvudman"/><SP WIDTH="22" VPOS="241" HPOS="1529"/>
							<String ID="string_15" HPOS="1551" VPOS="241" WIDTH="85" HEIGHT="30" WC="0.95" CONTENT="böra"/>
						</TextLine>
						<TextLine ID="line_2" HPOS="132" VPOS="282" WIDTH="1503" HEIGHT="37">
							<String ID="string_16" HPOS="132" VPOS="284" WIDTH="153" HEIGHT="31" WC="0.95" CONTENT="straffas."/><SP WIDTH="23" VPOS="284" HPOS="285"/>
							<String ID="string_17" HPOS="308" VPOS="283" WIDTH="120" HEIGHT="31" WC="0.96" CONTENT="Såsom"/><SP WIDTH="21" VPOS="283" HPOS="428"/>
							<String ID="string_18" HPOS="449" VPOS="287" WIDTH="45" HEIGHT="26" WC="0.96" CONTENT="ett"/><SP WIDTH="21" VPOS="287" HPOS="494"/>
							<String ID="string_19" HPOS="515" VPOS="283" WIDTH="193" HEIGHT="36" WC="0.96" CONTENT="säkerligen"/><SP WIDTH="21" VPOS="283" HPOS="708"/>
							<String ID="string_20" HPOS="729" VPOS="284" WIDTH="174" HEIGHT="30" WC="0.96" CONTENT="verksamt"/><SP WIDTH="21" VPOS="284" HPOS="903"/>
							<String ID="string_21" HPOS="924" VPOS="283" WIDTH="112" HEIGHT="29" WC="0.96" CONTENT="medel"/><SP WIDTH="21" VPOS="283" HPOS="1036"/>
							<String ID="string_22" HPOS="1057" VPOS="287" WIDTH="72" HEIGHT="26" WC="0.93" CONTENT="mot"/><SP WIDTH="21" VPOS="287" HPOS="1129"/>
							<String ID="string_23" HPOS="1150" VPOS="282" WIDTH="399" HEIGHT="31" WC="0.92" CONTENT="bulvanförhållandena"/><SP WIDTH="21" VPOS="282" HPOS="1549"/>
							<String ID="string_24" HPOS="1570" VPOS="286" WIDTH="65" HEIGHT="27" WC="0.92" CONTENT="tor-"/>
						</TextLine>
						<TextLine ID="line_3" HPOS="134" VPOS="325" WIDTH="1504" HEIGHT="37">
							<String ID="string_25" HPOS="134" VPOS="327" WIDTH="43" HEIGHT="30" WC="0.96" CONTENT="de"/><SP WIDTH="20" VPOS="327" HPOS="177"/>
							<String ID="string_26" HPOS="197" VPOS="326" WIDTH="171" HEIGHT="36" WC="0.96" CONTENT="därjämte"/><SP WIDTH="22" VPOS="326" HPOS="368"/>
							<String ID="string_27" HPOS="390" VPOS="326" WIDTH="84" HEIGHT="30" WC="0.96" CONTENT="böra"/><SP WIDTH="22" VPOS="326" HPOS="474"/>
							<String ID="string_28" HPOS="496" VPOS="326" WIDTH="186" HEIGHT="35" WC="0.96" CONTENT="övervägas"/><SP WIDTH="21" VPOS="326" HPOS="682"/>
							<String ID="string_29" HPOS="703" VPOS="325" WIDTH="184" HEIGHT="30" WC="0.96" CONTENT="införande"/><SP WIDTH="23" VPOS="325" HPOS="887"/>
							<String ID="string_30" HPOS="910" VPOS="334" WIDTH="43" HEIGHT="21" WC="0.96" CONTENT="av"/><SP WIDTH="21" VPOS="334" HPOS="953"/>
							<String ID="string_31" HPOS="974" VPOS="325" WIDTH="264" HEIGHT="30" WC="0.95" CONTENT="bestämmelsen"/><SP WIDTH="24" VPOS="325" HPOS="1238"/>
							<String ID="string_32" HPOS="1262" VPOS="335" WIDTH="57" HEIGHT="20" WC="0.93" CONTENT="om"/><SP WIDTH="23" VPOS="335" HPOS="1319"/>
							<String ID="string_33" HPOS="1342" VPOS="325" WIDTH="231" HEIGHT="30" WC="0.91" CONTENT="förverkande"/><SP WIDTH="23" VPOS="325" HPOS="1573"/>
							<String ID="string_34" HPOS="1596" VPOS="335" WIDTH="42" HEIGHT="20" WC="0.96" CONTENT="av"/>
						</TextLine>
						<TextLine ID="line_4" HPOS="135" VPOS="366" WIDTH="1163" HEIGHT="39">
							<String ID="string_35" HPOS="135" VPOS="369" WIDTH="171" HEIGHT="36" WC="0.96" CONTENT="fastighet,"/><SP WIDTH="27" VPOS="369" HPOS="306"/>
							<String ID="string_36" HPOS="333" VPOS="378" WIDTH="74" HEIGHT="20" WC="0.93" CONTENT="som"/><SP WIDTH="23" VPOS="378" HPOS="407"/>
							<String ID="string_37" HPOS="430" VPOS="368" WIDTH="158" HEIGHT="30" WC="0.90" CONTENT="befinnes"/><SP WIDTH="27" VPOS="368" HPOS="588"/>
							<String ID="string_38" HPOS="615" VPOS="377" WIDTH="82" HEIGHT="21" WC="0.96" CONTENT="vara"/><SP WIDTH="25" VPOS="377" HPOS="697"/>
							<String ID="string_39" HPOS="722" VPOS="366" WIDTH="147" HEIGHT="31" WC="0.96" CONTENT="föremål"/><SP WIDTH="24" VPOS="366" HPOS="869"/>
							<String ID="string_40" HPOS="893" VPOS="367" WIDTH="54" HEIGHT="30" WC="0.93" CONTENT="för"/><SP WIDTH="24" VPOS="367" HPOS="947"/>
							<String ID="string_41" HPOS="971" VPOS="367" WIDTH="327" HEIGHT="37" WC="0.92" CONTENT="bulvanbesittning."/>
						</TextLine>
					</TextBlock>
				</ComposedBlock>
				<ComposedBlock ID="cblock_2" HPOS="176" VPOS="452" WIDTH="641" HEIGHT="37">
					<TextBlock ID="block_2" HPOS="176" VPOS="452" WIDTH="641" HEIGHT="37">
						<TextLine ID="line_5" HPOS="176" VPOS="452" WIDTH="641" HEIGHT="37">
							<String ID="string_42" HPOS="176" VPOS="452" WIDTH="257" HEIGHT="37" WC="0.96" CONTENT="Länsstyrelsen"/><SP WIDTH="23" VPOS="452" HPOS="433"/>
							<String ID="string_43" HPOS="456" VPOS="453" WIDTH="10" HEIGHT="30" WC="0.96" CONTENT="i"/><SP WIDTH="20" VPOS="453" HPOS="466"/>
							<String ID="string_44" HPOS="486" VPOS="452" WIDTH="243" HEIGHT="37" WC="0.96" CONTENT="Kopparbergs"/><SP WIDTH="21" VPOS="452" HPOS="729"/>
							<String ID="string_45" HPOS="750" VPOS="452" WIDTH="67" HEIGHT="31" WC="0.96" CONTENT="län."/>
						</TextLine>
					</TextBlock>
				</ComposedBlock>
				<ComposedBlock ID="cblock_3" HPOS="128" VPOS="510" WIDTH="1512" HEIGHT="591">
					<TextBlock ID="block_3" HPOS="128" VPOS="510" WIDTH="1512" HEIGHT="506">
						<TextLine ID="line_6" HPOS="176" VPOS="510" WIDTH="1462" HEIGHT="38">
							<String ID="string_46" HPOS="176" VPOS="512" WIDTH="99" HEIGHT="31" WC="0.96" CONTENT="Inom"/><SP WIDTH="21" VPOS="512" HPOS="275"/>
							<String ID="string_47" HPOS="296" VPOS="513" WIDTH="93" HEIGHT="30" WC="0.96" CONTENT="länet"/><SP WIDTH="22" VPOS="513" HPOS="389"/>
							<String ID="string_48" HPOS="411" VPOS="512" WIDTH="117" HEIGHT="31" WC="0.96" CONTENT="finnas"/><SP WIDTH="22" VPOS="512" HPOS="528"/>
							<String ID="string_49" HPOS="550" VPOS="512" WIDTH="87" HEIGHT="32" WC="0.96" CONTENT="flera"/><SP WIDTH="21" VPOS="512" HPOS="637"/>
							<String ID="string_50" HPOS="658" VPOS="515" WIDTH="91" HEIGHT="28" WC="0.96" CONTENT="stora"/><SP WIDTH="22" VPOS="515" HPOS="749"/>
							<String ID="string_51" HPOS="771" VPOS="512" WIDTH="203" HEIGHT="36" WC="0.96" CONTENT="aktiebolag,"/><SP WIDTH="24" VPOS="512" HPOS="974"/>
							<String ID="string_52" HPOS="998" VPOS="512" WIDTH="93" HEIGHT="30" WC="0.96" CONTENT="vilka"/><SP WIDTH="23" VPOS="512" HPOS="1091"/>
							<String ID="string_53" HPOS="1114" VPOS="511" WIDTH="123" HEIGHT="31" WC="0.96" CONTENT="besitta"/><SP WIDTH="22" VPOS="511" HPOS="1237"/>
							<String ID="string_54" HPOS="1259" VPOS="512" WIDTH="189" HEIGHT="30" WC="0.96" CONTENT="avsevärda"/><SP WIDTH="22" VPOS="512" HPOS="1448"/>
							<String ID="string_55" HPOS="1470" VPOS="510" WIDTH="168" HEIGHT="32" WC="0.96" CONTENT="områden"/>
						</TextLine>
						<TextLine ID="line_7" HPOS="132" VPOS="554" WIDTH="1504" HEIGHT="38">
							<String ID="string_56" HPOS="132" VPOS="556" WIDTH="213" HEIGHT="36" WC="0.95" CONTENT="skogsmark."/><SP WIDTH="22" VPOS="556" HPOS="345"/>
							<String ID="string_57" HPOS="367" VPOS="554" WIDTH="106" HEIGHT="31" WC="0.96" CONTENT="Såvitt"/><SP WIDTH="21" VPOS="554" HPOS="473"/>
							<String ID="string_58" HPOS="494" VPOS="555" WIDTH="244" HEIGHT="37" WC="0.96" CONTENT="länsstyrelsen"/><SP WIDTH="23" VPOS="555" HPOS="738"/>
							<String ID="string_59" HPOS="761" VPOS="555" WIDTH="64" HEIGHT="30" WC="0.95" CONTENT="har"/><SP WIDTH="21" VPOS="555" HPOS="825"/>
							<String ID="string_60" HPOS="846" VPOS="554" WIDTH="48" HEIGHT="37" WC="0.95" CONTENT="sig"/><SP WIDTH="20" VPOS="554" HPOS="894"/>
							<String ID="string_61" HPOS="914" VPOS="555" WIDTH="129" HEIGHT="30" WC="0.96" CONTENT="bekant"/><SP WIDTH="20" VPOS="555" HPOS="1043"/>
							<String ID="string_62" HPOS="1063" VPOS="554" WIDTH="235" HEIGHT="31" WC="0.96" CONTENT="förekommer"/><SP WIDTH="20" VPOS="554" HPOS="1298"/>
							<String ID="string_63" HPOS="1318" VPOS="555" WIDTH="56" HEIGHT="30" WC="0.96" CONTENT="det"/><SP WIDTH="19" VPOS="555" HPOS="1374"/>
							<String ID="string_64" HPOS="1393" VPOS="554" WIDTH="85" HEIGHT="36" WC="0.96" CONTENT="icke,"/><SP WIDTH="22" VPOS="554" HPOS="1478"/>
							<String ID="string_65" HPOS="1500" VPOS="558" WIDTH="49" HEIGHT="27" WC="0.91" CONTENT="att"/><SP WIDTH="22" VPOS="558" HPOS="1549"/>
							<String ID="string_66" HPOS="1571" VPOS="556" WIDTH="65" HEIGHT="35" WC="0.91" CONTENT="sty-"/>
						</TextLine>
						<TextLine ID="line_8" HPOS="133" VPOS="597" WIDTH="1507" HEIGHT="36">
							<String ID="string_67" HPOS="133" VPOS="598" WIDTH="277" HEIGHT="29" WC="0.92" CONTENT="relseledamöter"/><SP WIDTH="34" VPOS="598" HPOS="410"/>
							<String ID="string_68" HPOS="444" VPOS="598" WIDTH="82" HEIGHT="29" WC="0.96" CONTENT="eller"/><SP WIDTH="35" VPOS="598" HPOS="526"/>
							<String ID="string_69" HPOS="561" VPOS="597" WIDTH="210" HEIGHT="36" WC="0.95" CONTENT="tjänstemän"/><SP WIDTH="25" VPOS="597" HPOS="771"/>
							<String ID="string_70" HPOS="796" VPOS="597" WIDTH="10" HEIGHT="30" WC="0.96" CONTENT="i"/><SP WIDTH="26" VPOS="597" HPOS="806"/>
							<String ID="string_71" HPOS="832" VPOS="597" WIDTH="96" HEIGHT="30" WC="0.96" CONTENT="dessa"/><SP WIDTH="26" VPOS="597" HPOS="928"/>
							<String ID="string_72" HPOS="954" VPOS="598" WIDTH="101" HEIGHT="35" WC="0.96" CONTENT="bolag"/><SP WIDTH="26" VPOS="598" HPOS="1055"/>
							<String ID="string_73" HPOS="1081" VPOS="606" WIDTH="143" HEIGHT="20" WC="0.95" CONTENT="numera"/><SP WIDTH="26" VPOS="606" HPOS="1224"/>
							<String ID="string_74" HPOS="1250" VPOS="597" WIDTH="162" HEIGHT="30" WC="0.96" CONTENT="förvärva"/><SP WIDTH="27" VPOS="597" HPOS="1412"/>
							<String ID="string_75" HPOS="1439" VPOS="597" WIDTH="201" HEIGHT="36" WC="0.96" CONTENT="fastigheter"/>
						</TextLine>
						<TextLine ID="line_9" HPOS="132" VPOS="639" WIDTH="1505" HEIGHT="37">
							<String ID="string_76" HPOS="132" VPOS="641" WIDTH="78" HEIGHT="30" WC="0.95" CONTENT="med"/><SP WIDTH="25" VPOS="641" HPOS="210"/>
							<String ID="string_77" HPOS="235" VPOS="641" WIDTH="85" HEIGHT="35" WC="0.96" CONTENT="skog"/><SP WIDTH="24" VPOS="641" HPOS="320"/>
							<String ID="string_78" HPOS="344" VPOS="641" WIDTH="110" HEIGHT="29" WC="0.96" CONTENT="under"/><SP WIDTH="21" VPOS="641" HPOS="454"/>
							<String ID="string_79" HPOS="475" VPOS="639" WIDTH="134" HEIGHT="31" WC="0.96" CONTENT="sådana"/><SP WIDTH="23" VPOS="639" HPOS="609"/>
							<String ID="string_80" HPOS="632" VPOS="639" WIDTH="253" HEIGHT="36" WC="0.96" CONTENT="förhållanden,"/><SP WIDTH="24" VPOS="639" HPOS="885"/>
							<String ID="string_81" HPOS="909" VPOS="642" WIDTH="49" HEIGHT="27" WC="0.96" CONTENT="att"/><SP WIDTH="24" VPOS="642" HPOS="958"/>
							<String ID="string_82" HPOS="982" VPOS="640" WIDTH="57" HEIGHT="30" WC="0.96" CONTENT="det"/><SP WIDTH="25" VPOS="640" HPOS="1039"/>
							<String ID="string_83" HPOS="1064" VPOS="640" WIDTH="69" HEIGHT="30" WC="0.93" CONTENT="kan"/><SP WIDTH="26" VPOS="640" HPOS="1133"/>
							<String ID="string_84" HPOS="1159" VPOS="642" WIDTH="142" HEIGHT="33" WC="0.92" CONTENT="antagas"/><SP WIDTH="26" VPOS="642" HPOS="1301"/>
							<String ID="string_85" HPOS="1327" VPOS="640" WIDTH="59" HEIGHT="30" WC="0.95" CONTENT="ske"/><SP WIDTH="22" VPOS="640" HPOS="1386"/>
							<String ID="string_86" HPOS="1408" VPOS="639" WIDTH="10" HEIGHT="30" WC="0.95" CONTENT="i"/><SP WIDTH="24" VPOS="639" HPOS="1418"/>
							<String ID="string_87" HPOS="1442" VPOS="639" WIDTH="195" HEIGHT="36" WC="0.96" CONTENT="företagens"/>
						</TextLine>
						<TextLine ID="line_10" HPOS="131" VPOS="681" WIDTH="1506" HEIGHT="38">
							<String ID="string_88" HPOS="131" VPOS="682" WIDTH="152" HEIGHT="31" WC="0.96" CONTENT="intresse."/><SP WIDTH="27" VPOS="682" HPOS="283"/>
							<String ID="string_89" HPOS="310" VPOS="682" WIDTH="166" HEIGHT="37" WC="0.96" CONTENT="Delägare"/><SP WIDTH="24" VPOS="682" HPOS="476"/>
							<String ID="string_90" HPOS="500" VPOS="683" WIDTH="65" HEIGHT="29" WC="0.93" CONTENT="och"/><SP WIDTH="25" VPOS="683" HPOS="565"/>
							<String ID="string_91" HPOS="590" VPOS="682" WIDTH="331" HEIGHT="37" WC="0.92" CONTENT="styrelseledamöter"/><SP WIDTH="22" VPOS="682" HPOS="921"/>
							<String ID="string_92" HPOS="943" VPOS="683" WIDTH="11" HEIGHT="29" WC="0.96" CONTENT="i"/><SP WIDTH="27" VPOS="683" HPOS="954"/>
							<String ID="string_93" HPOS="981" VPOS="681" WIDTH="107" HEIGHT="37" WC="0.96" CONTENT="några"/><SP WIDTH="25" VPOS="681" HPOS="1088"/>
							<String ID="string_94" HPOS="1113" VPOS="682" WIDTH="135" HEIGHT="30" WC="0.93" CONTENT="mindre"/><SP WIDTH="23" VPOS="682" HPOS="1248"/>
							<String ID="string_95" HPOS="1271" VPOS="682" WIDTH="243" HEIGHT="37" WC="0.92" CONTENT="trävarubolag"/><SP WIDTH="26" VPOS="682" HPOS="1514"/>
							<String ID="string_96" HPOS="1540" VPOS="682" WIDTH="97" HEIGHT="30" WC="0.96" CONTENT="torde"/>
						</TextLine>
						<TextLine ID="line_11" HPOS="133" VPOS="724" WIDTH="1505" HEIGHT="37">
							<String ID="string_97" HPOS="133" VPOS="726" WIDTH="10" HEIGHT="29" WC="0.96" CONTENT="i"/><SP WIDTH="21" VPOS="726" HPOS="143"/>
							<String ID="string_98" HPOS="164" VPOS="734" WIDTH="43" HEIGHT="21" WC="0.96" CONTENT="en"/><SP WIDTH="20" VPOS="734" HPOS="207"/>
							<String ID="string_99" HPOS="227" VPOS="726" WIDTH="55" HEIGHT="29" WC="0.96" CONTENT="del"/><SP WIDTH="24" VPOS="726" HPOS="282"/>
							<String ID="string_100" HPOS="306" VPOS="725" WIDTH="61" HEIGHT="29" WC="0.96" CONTENT="fall"/><SP WIDTH="21" VPOS="725" HPOS="367"/>
							<String ID="string_101" HPOS="388" VPOS="724" WIDTH="190" HEIGHT="30" WC="0.96" CONTENT="återfinnas"/><SP WIDTH="22" VPOS="724" HPOS="578"/>
							<String ID="string_102" HPOS="600" VPOS="725" WIDTH="11" HEIGHT="29" WC="0.93" CONTENT="i"/><SP WIDTH="25" VPOS="725" HPOS="611"/>
							<String ID="string_103" HPOS="636" VPOS="724" WIDTH="370" HEIGHT="37" WC="0.91" CONTENT="fastighetslängderna"/><SP WIDTH="23" VPOS="724" HPOS="1006"/>
							<String ID="string_104" HPOS="1029" VPOS="734" WIDTH="74" HEIGHT="20" WC="0.95" CONTENT="som"/><SP WIDTH="23" VPOS="734" HPOS="1103"/>
							<String ID="string_105" HPOS="1126" VPOS="725" WIDTH="102" HEIGHT="34" WC="0.94" CONTENT="ägare"/><SP WIDTH="23" VPOS="725" HPOS="1228"/>
							<String ID="string_106" HPOS="1251" VPOS="724" WIDTH="49" HEIGHT="29" WC="0.93" CONTENT="till"/><SP WIDTH="25" VPOS="724" HPOS="1300"/>
							<String ID="string_107" HPOS="1325" VPOS="725" WIDTH="313" HEIGHT="35" WC="0.92" CONTENT="skogsfastigheter."/>
						</TextLine>
						<TextLine ID="line_12" HPOS="134" VPOS="766" WIDTH="1506" HEIGHT="37">
							<String ID="string_108" HPOS="134" VPOS="767" WIDTH="110" HEIGHT="36" WC="0.96" CONTENT="Fråga"/><SP WIDTH="26" VPOS="767" HPOS="244"/>
							<String ID="string_109" HPOS="270" VPOS="768" WIDTH="39" HEIGHT="29" WC="0.96" CONTENT="är"/><SP WIDTH="22" VPOS="768" HPOS="309"/>
							<String ID="string_110" HPOS="331" VPOS="766" WIDTH="189" HEIGHT="30" WC="0.95" CONTENT="emellertid"/><SP WIDTH="23" VPOS="766" HPOS="520"/>
							<String ID="string_111" HPOS="543" VPOS="767" WIDTH="179" HEIGHT="36" WC="0.96" CONTENT="härvidlag"/><SP WIDTH="24" VPOS="767" HPOS="722"/>
							<String ID="string_112" HPOS="746" VPOS="767" WIDTH="120" HEIGHT="30" WC="0.96" CONTENT="endast"/><SP WIDTH="24" VPOS="767" HPOS="866"/>
							<String ID="string_113" HPOS="890" VPOS="776" WIDTH="58" HEIGHT="20" WC="0.96" CONTENT="om"/><SP WIDTH="22" VPOS="776" HPOS="948"/>
							<String ID="string_114" HPOS="970" VPOS="770" WIDTH="46" HEIGHT="27" WC="0.96" CONTENT="ett"/><SP WIDTH="25" VPOS="770" HPOS="1016"/>
							<String ID="string_115" HPOS="1041" VPOS="766" WIDTH="84" HEIGHT="30" WC="0.96" CONTENT="fåtal"/><SP WIDTH="24" VPOS="766" HPOS="1125"/>
							<String ID="string_116" HPOS="1149" VPOS="767" WIDTH="111" HEIGHT="35" WC="0.96" CONTENT="bolag,"/><SP WIDTH="27" VPOS="767" HPOS="1260"/>
							<String ID="string_117" HPOS="1287" VPOS="775" WIDTH="104" HEIGHT="21" WC="0.95" CONTENT="varav"/><SP WIDTH="26" VPOS="775" HPOS="1391"/>
							<String ID="string_118" HPOS="1417" VPOS="767" WIDTH="83" HEIGHT="29" WC="0.96" CONTENT="intet"/><SP WIDTH="25" VPOS="767" HPOS="1500"/>
							<String ID="string_119" HPOS="1525" VPOS="766" WIDTH="115" HEIGHT="30" WC="0.95" CONTENT="driver"/>
						</TextLine>
						<TextLine ID="line_13" HPOS="131" VPOS="808" WIDTH="1507" HEIGHT="38">
							<String ID="string_120" HPOS="131" VPOS="809" WIDTH="115" HEIGHT="37" WC="0.96" CONTENT="någon"/><SP WIDTH="20" VPOS="809" HPOS="246"/>
							<String ID="string_121" HPOS="266" VPOS="819" WIDTH="96" HEIGHT="21" WC="0.96" CONTENT="mera"/><SP WIDTH="17" VPOS="819" HPOS="362"/>
							<String ID="string_122" HPOS="379" VPOS="810" WIDTH="196" HEIGHT="36" WC="0.96" CONTENT="betydande"/><SP WIDTH="16" VPOS="810" HPOS="575"/>
							<String ID="string_123" HPOS="591" VPOS="810" WIDTH="136" HEIGHT="35" WC="0.96" CONTENT="rörelse,"/><SP WIDTH="21" VPOS="810" HPOS="727"/>
							<String ID="string_124" HPOS="748" VPOS="810" WIDTH="65" HEIGHT="30" WC="0.93" CONTENT="och"/><SP WIDTH="19" VPOS="810" HPOS="813"/>
							<String ID="string_125" HPOS="832" VPOS="809" WIDTH="376" HEIGHT="37" WC="0.91" CONTENT="fastighetsinnehaven"/><SP WIDTH="19" VPOS="809" HPOS="1208"/>
							<String ID="string_126" HPOS="1227" VPOS="810" WIDTH="61" HEIGHT="29" WC="0.96" CONTENT="äro"/><SP WIDTH="17" VPOS="810" HPOS="1288"/>
							<String ID="string_127" HPOS="1305" VPOS="809" WIDTH="76" HEIGHT="30" WC="0.96" CONTENT="icke"/><SP WIDTH="16" VPOS="809" HPOS="1381"/>
							<String ID="string_128" HPOS="1397" VPOS="809" WIDTH="117" HEIGHT="36" WC="0.96" CONTENT="heller,"/><SP WIDTH="23" VPOS="809" HPOS="1514"/>
							<String ID="string_129" HPOS="1537" VPOS="808" WIDTH="101" HEIGHT="31" WC="0.96" CONTENT="såvitt"/>
						</TextLine>
						<TextLine ID="line_14" HPOS="132" VPOS="851" WIDTH="1505" HEIGHT="39">
							<String ID="string_130" HPOS="132" VPOS="852" WIDTH="245" HEIGHT="38" WC="0.96" CONTENT="länsstyrelsen"/><SP WIDTH="23" VPOS="852" HPOS="377"/>
							<String ID="string_131" HPOS="400" VPOS="853" WIDTH="134" HEIGHT="29" WC="0.96" CONTENT="kunnat"/><SP WIDTH="26" VPOS="853" HPOS="534"/>
							<String ID="string_132" HPOS="560" VPOS="854" WIDTH="133" HEIGHT="34" WC="0.96" CONTENT="utröna,"/><SP WIDTH="26" VPOS="854" HPOS="693"/>
							<String ID="string_133" HPOS="719" VPOS="862" WIDTH="43" HEIGHT="21" WC="0.96" CONTENT="av"/><SP WIDTH="24" VPOS="862" HPOS="762"/>
							<String ID="string_134" HPOS="786" VPOS="853" WIDTH="184" HEIGHT="29" WC="0.96" CONTENT="nämnvärt"/><SP WIDTH="24" VPOS="853" HPOS="970"/>
							<String ID="string_135" HPOS="994" VPOS="851" WIDTH="152" HEIGHT="37" WC="0.96" CONTENT="omfång."/><SP WIDTH="28" VPOS="851" HPOS="1146"/>
							<String ID="string_136" HPOS="1174" VPOS="851" WIDTH="50" HEIGHT="31" WC="0.96" CONTENT="Av"/><SP WIDTH="25" VPOS="851" HPOS="1224"/>
							<String ID="string_137" HPOS="1249" VPOS="852" WIDTH="243" HEIGHT="36" WC="0.96" CONTENT="länsstyrelsen"/><SP WIDTH="24" VPOS="852" HPOS="1492"/>
							<String ID="string_138" HPOS="1516" VPOS="851" WIDTH="121" HEIGHT="37" WC="0.96" CONTENT="gjorda"/>
						</TextLine>
						<TextLine ID="line_15" HPOS="132" VPOS="894" WIDTH="1505" HEIGHT="37">
							<String ID="string_139" HPOS="132" VPOS="894" WIDTH="259" HEIGHT="37" WC="0.96" CONTENT="förfrågningar"/><SP WIDTH="28" VPOS="894" HPOS="391"/>
							<String ID="string_140" HPOS="419" VPOS="895" WIDTH="63" HEIGHT="29" WC="0.93" CONTENT="hos"/><SP WIDTH="28" VPOS="895" HPOS="482"/>
							<String ID="string_141" HPOS="510" VPOS="894" WIDTH="247" HEIGHT="31" WC="0.91" CONTENT="landsfiskaler"/><SP WIDTH="29" VPOS="894" HPOS="757"/>
							<String ID="string_142" HPOS="786" VPOS="895" WIDTH="64" HEIGHT="30" WC="0.93" CONTENT="och"/><SP WIDTH="29" VPOS="895" HPOS="850"/>
							<String ID="string_143" HPOS="879" VPOS="894" WIDTH="535" HEIGHT="37" WC="0.91" CONTENT="taxeringsnämndsordförande"/><SP WIDTH="28" VPOS="894" HPOS="1414"/>
							<String ID="string_144" HPOS="1442" VPOS="895" WIDTH="80" HEIGHT="30" WC="0.96" CONTENT="med"/><SP WIDTH="28" VPOS="895" HPOS="1522"/>
							<String ID="string_145" HPOS="1550" VPOS="894" WIDTH="87" HEIGHT="31" WC="0.96" CONTENT="flera"/>
						</TextLine>
						<TextLine ID="line_16" HPOS="129" VPOS="936" WIDTH="1508" HEIGHT="38">
							<String ID="string_146" HPOS="129" VPOS="937" WIDTH="80" HEIGHT="37" WC="0.96" CONTENT="giva"/><SP WIDTH="18" VPOS="937" HPOS="209"/>
							<String ID="string_147" HPOS="227" VPOS="937" WIDTH="77" HEIGHT="31" WC="0.96" CONTENT="icke"/><SP WIDTH="21" VPOS="937" HPOS="304"/>
							<String ID="string_148" HPOS="325" VPOS="937" WIDTH="57" HEIGHT="31" WC="0.96" CONTENT="vid"/><SP WIDTH="20" VPOS="937" HPOS="382"/>
							<String ID="string_149" HPOS="402" VPOS="937" WIDTH="149" HEIGHT="36" WC="0.96" CONTENT="handen,"/><SP WIDTH="25" VPOS="937" HPOS="551"/>
							<String ID="string_150" HPOS="576" VPOS="940" WIDTH="49" HEIGHT="27" WC="0.96" CONTENT="att"/><SP WIDTH="19" VPOS="940" HPOS="625"/>
							<String ID="string_151" HPOS="644" VPOS="938" WIDTH="56" HEIGHT="29" WC="0.96" CONTENT="det"/><SP WIDTH="18" VPOS="938" HPOS="700"/>
							<String ID="string_152" HPOS="718" VPOS="938" WIDTH="111" HEIGHT="29" WC="0.96" CONTENT="under"/><SP WIDTH="20" VPOS="938" HPOS="829"/>
							<String ID="string_153" HPOS="849" VPOS="938" WIDTH="41" HEIGHT="29" WC="0.96" CONTENT="de"/><SP WIDTH="21" VPOS="938" HPOS="890"/>
							<String ID="string_154" HPOS="911" VPOS="946" WIDTH="120" HEIGHT="21" WC="0.96" CONTENT="senare"/><SP WIDTH="20" VPOS="946" HPOS="1031"/>
							<String ID="string_155" HPOS="1051" VPOS="936" WIDTH="83" HEIGHT="31" WC="0.96" CONTENT="åren"/><SP WIDTH="19" VPOS="936" HPOS="1134"/>
							<String ID="string_156" HPOS="1153" VPOS="936" WIDTH="225" HEIGHT="31" WC="0.96" CONTENT="förekommit"/><SP WIDTH="18" VPOS="936" HPOS="1378"/>
							<String ID="string_157" HPOS="1396" VPOS="937" WIDTH="210" HEIGHT="36" WC="0.96" CONTENT="försäljning"/><SP WIDTH="21" VPOS="937" HPOS="1606"/>
							<String ID="string_158" HPOS="1627" VPOS="937" WIDTH="10" HEIGHT="30" WC="0.96" CONTENT="i"/>
						</TextLine>
						<TextLine ID="line_17" HPOS="128" VPOS="978" WIDTH="1508" HEIGHT="38">
							<String ID="string_159" HPOS="128" VPOS="979" WIDTH="118" HEIGHT="37" WC="0.88" CONTENT="någon"/><SP WIDTH="21" VPOS="979" HPOS="246"/>
							<String ID="string_160" HPOS="267" VPOS="979" WIDTH="208" HEIGHT="37" WC="0.96" CONTENT="omfattning"/><SP WIDTH="24" VPOS="979" HPOS="475"/>
							<String ID="string_161" HPOS="499" VPOS="989" WIDTH="43" HEIGHT="21" WC="0.93" CONTENT="av"/><SP WIDTH="26" VPOS="989" HPOS="542"/>
							<String ID="string_162" HPOS="568" VPOS="979" WIDTH="302" HEIGHT="37" WC="0.91" CONTENT="skogsfastigheter"/><SP WIDTH="23" VPOS="979" HPOS="870"/>
							<String ID="string_163" HPOS="893" VPOS="979" WIDTH="51" HEIGHT="31" WC="0.93" CONTENT="till"/><SP WIDTH="24" VPOS="979" HPOS="944"/>
							<String ID="string_164" HPOS="968" VPOS="980" WIDTH="242" HEIGHT="36" WC="0.92" CONTENT="trävarubolag"/><SP WIDTH="23" VPOS="980" HPOS="1210"/>
							<String ID="string_165" HPOS="1233" VPOS="978" WIDTH="206" HEIGHT="32" WC="0.96" CONTENT="närstående"/><SP WIDTH="23" VPOS="978" HPOS="1439"/>
							<String ID="string_166" HPOS="1462" VPOS="989" WIDTH="174" HEIGHT="27" WC="0.96" CONTENT="personer."/>
						</TextLine>
					</TextBlock>
					<TextBlock ID="block_4" HPOS="131" VPOS="1022" WIDTH="1507" HEIGHT="79">
						<TextLine ID="line_18" HPOS="176" VPOS="1022" WIDTH="1462" HEIGHT="37">
							<String ID="string_167" HPOS="176" VPOS="1022" WIDTH="115" HEIGHT="37" WC="0.96" CONTENT="Enligt"/><SP WIDTH="21" VPOS="1022" HPOS="291"/>
							<String ID="string_168" HPOS="312" VPOS="1023" WIDTH="260" HEIGHT="36" WC="0.93" CONTENT="länsstyrelsens"/><SP WIDTH="22" VPOS="1023" HPOS="572"/>
							<String ID="string_169" HPOS="594" VPOS="1022" WIDTH="228" HEIGHT="32" WC="0.92" CONTENT="förmenande"/><SP WIDTH="20" VPOS="1022" HPOS="822"/>
							<String ID="string_170" HPOS="842" VPOS="1022" WIDTH="113" HEIGHT="30" WC="0.96" CONTENT="finnes"/><SP WIDTH="22" VPOS="1022" HPOS="955"/>
							<String ID="string_171" HPOS="977" VPOS="1022" WIDTH="57" HEIGHT="30" WC="0.96" CONTENT="för"/><SP WIDTH="22" VPOS="1022" HPOS="1034"/>
							<String ID="string_172" HPOS="1056" VPOS="1023" WIDTH="91" HEIGHT="29" WC="0.96" CONTENT="detta"/><SP WIDTH="21" VPOS="1023" HPOS="1147"/>
							<String ID="string_173" HPOS="1168" VPOS="1023" WIDTH="76" HEIGHT="29" WC="0.96" CONTENT="läns"/><SP WIDTH="24" VPOS="1023" HPOS="1244"/>
							<String ID="string_174" HPOS="1268" VPOS="1022" WIDTH="272" HEIGHT="30" WC="0.96" CONTENT="vidkommande"/><SP WIDTH="22" VPOS="1022" HPOS="1540"/>
							<String ID="string_175" HPOS="1562" VPOS="1022" WIDTH="76" HEIGHT="30" WC="0.96" CONTENT="icke"/>
						</TextLine>
						<TextLine ID="line_19" HPOS="131" VPOS="1064" WIDTH="1461" HEIGHT="37">
							<String ID="string_176" HPOS="131" VPOS="1064" WIDTH="56" HEIGHT="32" WC="0.96" CONTENT="för"/><SP WIDTH="18" VPOS="1064" HPOS="187"/>
							<String ID="string_177" HPOS="205" VPOS="1066" WIDTH="218" HEIGHT="30" WC="0.96" CONTENT="närvarande"/><SP WIDTH="19" VPOS="1066" HPOS="423"/>
							<String ID="string_178" HPOS="442" VPOS="1065" WIDTH="113" HEIGHT="30" WC="0.96" CONTENT="behov"/><SP WIDTH="21" VPOS="1065" HPOS="555"/>
							<String ID="string_179" HPOS="576" VPOS="1074" WIDTH="42" HEIGHT="23" WC="0.96" CONTENT="av"/><SP WIDTH="22" VPOS="1074" HPOS="618"/>
							<String ID="string_180" HPOS="640" VPOS="1074" WIDTH="42" HEIGHT="21" WC="0.96" CONTENT="en"/><SP WIDTH="22" VPOS="1074" HPOS="682"/>
							<String ID="string_181" HPOS="704" VPOS="1064" WIDTH="108" HEIGHT="31" WC="0.96" CONTENT="sådan"/><SP WIDTH="20" VPOS="1064" HPOS="812"/>
							<String ID="string_182" HPOS="832" VPOS="1064" WIDTH="215" HEIGHT="37" WC="0.96" CONTENT="lagstiftning"/><SP WIDTH="20" VPOS="1064" HPOS="1047"/>
							<String ID="string_183" HPOS="1067" VPOS="1074" WIDTH="74" HEIGHT="21" WC="0.96" CONTENT="som"/><SP WIDTH="22" VPOS="1074" HPOS="1141"/>
							<String ID="string_184" HPOS="1163" VPOS="1065" WIDTH="218" HEIGHT="30" WC="0.95" CONTENT="motionären"/><SP WIDTH="21" VPOS="1065" HPOS="1381"/>
							<String ID="string_185" HPOS="1402" VPOS="1064" WIDTH="190" HEIGHT="37" WC="0.95" CONTENT="ifrågasatt."/>
						</TextLine>
					</TextBlock>
				</ComposedBlock>
				<ComposedBlock ID="cblock_4" HPOS="177" VPOS="1155" WIDTH="618" HEIGHT="40">
					<TextBlock ID="block_5" HPOS="177" VPOS="1155" WIDTH="618" HEIGHT="40">
						<TextLine ID="line_20" HPOS="177" VPOS="1155" WIDTH="618" HEIGHT="40">
							<String ID="string_186" HPOS="177" VPOS="1156" WIDTH="258" HEIGHT="39" WC="0.96" CONTENT="Länsstyrelsen"/><SP WIDTH="26" VPOS="1156" HPOS="435"/>
							<String ID="string_187" HPOS="461" VPOS="1158" WIDTH="11" HEIGHT="30" WC="0.96" CONTENT="i"/><SP WIDTH="25" VPOS="1158" HPOS="472"/>
							<String ID="string_188" HPOS="497" VPOS="1155" WIDTH="205" HEIGHT="33" WC="0.95" CONTENT="Värmlands"/><SP WIDTH="26" VPOS="1155" HPOS="702"/>
							<String ID="string_189" HPOS="728" VPOS="1158" WIDTH="67" HEIGHT="30" WC="0.96" CONTENT="län."/>
						</TextLine>
					</TextBlock>
				</ComposedBlock>
				<ComposedBlock ID="cblock_5" HPOS="129" VPOS="1216" WIDTH="1508" HEIGHT="972">
					<TextBlock ID="block_6" HPOS="129" VPOS="1216" WIDTH="1508" HEIGHT="207">
						<TextLine ID="line_21" HPOS="176" VPOS="1216" WIDTH="1461" HEIGHT="37">
							<String ID="string_190" HPOS="176" VPOS="1217" WIDTH="115" HEIGHT="36" WC="0.96" CONTENT="Lagen"/><SP WIDTH="25" VPOS="1217" HPOS="291"/>
							<String ID="string_191" HPOS="316" VPOS="1217" WIDTH="67" HEIGHT="30" WC="0.95" CONTENT="den"/><SP WIDTH="24" VPOS="1217" HPOS="383"/>
							<String ID="string_192" HPOS="407" VPOS="1217" WIDTH="40" HEIGHT="30" WC="0.96" CONTENT="18"/><SP WIDTH="24" VPOS="1217" HPOS="447"/>
							<String ID="string_193" HPOS="471" VPOS="1216" WIDTH="76" HEIGHT="37" WC="0.96" CONTENT="juni"/><SP WIDTH="26" VPOS="1216" HPOS="547"/>
							<String ID="string_194" HPOS="573" VPOS="1217" WIDTH="83" HEIGHT="30" WC="0.96" CONTENT="1925"/><SP WIDTH="24" VPOS="1217" HPOS="656"/>
							<String ID="string_195" HPOS="680" VPOS="1216" WIDTH="177" HEIGHT="37" WC="0.96" CONTENT="angående"/><SP WIDTH="22" VPOS="1216" HPOS="857"/>
							<String ID="string_196" HPOS="879" VPOS="1216" WIDTH="128" HEIGHT="31" WC="0.96" CONTENT="förbud"/><SP WIDTH="23" VPOS="1216" HPOS="1007"/>
							<String ID="string_197" HPOS="1030" VPOS="1216" WIDTH="10" HEIGHT="30" WC="0.96" CONTENT="i"/><SP WIDTH="25" VPOS="1216" HPOS="1040"/>
							<String ID="string_198" HPOS="1065" VPOS="1216" WIDTH="90" HEIGHT="31" WC="0.96" CONTENT="vissa"/><SP WIDTH="25" VPOS="1216" HPOS="1155"/>
							<String ID="string_199" HPOS="1180" VPOS="1216" WIDTH="62" HEIGHT="31" WC="0.95" CONTENT="fall"/><SP WIDTH="23" VPOS="1216" HPOS="1242"/>
							<String ID="string_200" HPOS="1265" VPOS="1216" WIDTH="56" HEIGHT="31" WC="0.96" CONTENT="för"/><SP WIDTH="20" VPOS="1216" HPOS="1321"/>
							<String ID="string_201" HPOS="1341" VPOS="1216" WIDTH="110" HEIGHT="37" WC="0.96" CONTENT="bolag,"/><SP WIDTH="26" VPOS="1216" HPOS="1451"/>
							<String ID="string_202" HPOS="1477" VPOS="1216" WIDTH="160" HEIGHT="37" WC="0.96" CONTENT="förening"/>
						</TextLine>
						<TextLine ID="line_22" HPOS="129" VPOS="1259" WIDTH="1506" HEIGHT="37">
							<String ID="string_203" HPOS="129" VPOS="1260" WIDTH="68" HEIGHT="30" WC="0.96" CONTENT="och"/><SP WIDTH="24" VPOS="1260" HPOS="197"/>
							<String ID="string_204" HPOS="221" VPOS="1259" WIDTH="144" HEIGHT="31" WC="0.96" CONTENT="stiftelse"/><SP WIDTH="22" VPOS="1259" HPOS="365"/>
							<String ID="string_205" HPOS="387" VPOS="1262" WIDTH="49" HEIGHT="28" WC="0.96" CONTENT="att"/><SP WIDTH="23" VPOS="1262" HPOS="436"/>
							<String ID="string_206" HPOS="459" VPOS="1259" WIDTH="163" HEIGHT="31" WC="0.96" CONTENT="förvärva"/><SP WIDTH="23" VPOS="1259" HPOS="622"/>
							<String ID="string_207" HPOS="645" VPOS="1259" WIDTH="68" HEIGHT="31" WC="0.96" CONTENT="fast"/><SP WIDTH="26" VPOS="1259" HPOS="713"/>
							<String ID="string_208" HPOS="739" VPOS="1260" WIDTH="166" HEIGHT="36" WC="0.96" CONTENT="egendom"/><SP WIDTH="23" VPOS="1260" HPOS="905"/>
							<String ID="string_209" HPOS="928" VPOS="1260" WIDTH="64" HEIGHT="29" WC="0.95" CONTENT="har"/><SP WIDTH="24" VPOS="1260" HPOS="992"/>
							<String ID="string_210" HPOS="1016" VPOS="1259" WIDTH="50" HEIGHT="30" WC="0.95" CONTENT="till"/><SP WIDTH="27" VPOS="1259" HPOS="1066"/>
							<String ID="string_211" HPOS="1093" VPOS="1259" WIDTH="88" HEIGHT="37" WC="0.96" CONTENT="syfte"/><SP WIDTH="24" VPOS="1259" HPOS="1181"/>
							<String ID="string_212" HPOS="1205" VPOS="1262" WIDTH="49" HEIGHT="28" WC="0.96" CONTENT="att"/><SP WIDTH="24" VPOS="1262" HPOS="1254"/>
							<String ID="string_213" HPOS="1278" VPOS="1260" WIDTH="133" HEIGHT="36" WC="0.93" CONTENT="skydda"/><SP WIDTH="22" VPOS="1260" HPOS="1411"/>
							<String ID="string_214" HPOS="1433" VPOS="1260" WIDTH="202" HEIGHT="36" WC="0.92" CONTENT="jordbruks-"/>
						</TextLine>
						<TextLine ID="line_23" HPOS="130" VPOS="1302" WIDTH="1507" HEIGHT="37">
							<String ID="string_215" HPOS="130" VPOS="1302" WIDTH="168" HEIGHT="36" WC="0.96" CONTENT="näringen"/><SP WIDTH="20" VPOS="1302" HPOS="298"/>
							<String ID="string_216" HPOS="318" VPOS="1302" WIDTH="65" HEIGHT="30" WC="0.96" CONTENT="och"/><SP WIDTH="18" VPOS="1302" HPOS="383"/>
							<String ID="string_217" HPOS="401" VPOS="1302" WIDTH="127" HEIGHT="31" WC="0.93" CONTENT="bevara"/><SP WIDTH="21" VPOS="1302" HPOS="528"/>
							<String ID="string_218" HPOS="549" VPOS="1302" WIDTH="328" HEIGHT="37" WC="0.91" CONTENT="bondejordbruket."/><SP WIDTH="22" VPOS="1302" HPOS="877"/>
							<String ID="string_219" HPOS="899" VPOS="1302" WIDTH="132" HEIGHT="30" WC="0.96" CONTENT="Genom"/><SP WIDTH="18" VPOS="1302" HPOS="1031"/>
							<String ID="string_220" HPOS="1049" VPOS="1303" WIDTH="112" HEIGHT="29" WC="0.96" CONTENT="denna"/><SP WIDTH="19" VPOS="1303" HPOS="1161"/>
							<String ID="string_221" HPOS="1180" VPOS="1302" WIDTH="55" HEIGHT="37" WC="0.96" CONTENT="lag"/><SP WIDTH="20" VPOS="1302" HPOS="1235"/>
							<String ID="string_222" HPOS="1255" VPOS="1302" WIDTH="65" HEIGHT="31" WC="0.96" CONTENT="har"/><SP WIDTH="20" VPOS="1302" HPOS="1320"/>
							<String ID="string_223" HPOS="1340" VPOS="1302" WIDTH="224" HEIGHT="36" WC="0.96" CONTENT="möjligheten"/><SP WIDTH="19" VPOS="1302" HPOS="1564"/>
							<String ID="string_224" HPOS="1583" VPOS="1302" WIDTH="54" HEIGHT="31" WC="0.96" CONTENT="för"/>
						</TextLine>
						<TextLine ID="line_24" HPOS="129" VPOS="1344" WIDTH="1506" HEIGHT="37">
							<String ID="string_225" HPOS="129" VPOS="1345" WIDTH="259" HEIGHT="36" WC="0.96" CONTENT="handelsbolag,"/><SP WIDTH="23" VPOS="1345" HPOS="388"/>
							<String ID="string_226" HPOS="411" VPOS="1344" WIDTH="197" HEIGHT="37" WC="0.95" CONTENT="aktiebolag"/><SP WIDTH="21" VPOS="1344" HPOS="608"/>
							<String ID="string_227" HPOS="629" VPOS="1347" WIDTH="65" HEIGHT="29" WC="0.96" CONTENT="och"/><SP WIDTH="23" VPOS="1347" HPOS="694"/>
							<String ID="string_228" HPOS="717" VPOS="1345" WIDTH="227" HEIGHT="31" WC="0.96" CONTENT="ekonomiska"/><SP WIDTH="24" VPOS="1345" HPOS="944"/>
							<String ID="string_229" HPOS="968" VPOS="1344" WIDTH="198" HEIGHT="37" WC="0.96" CONTENT="föreningar"/><SP WIDTH="23" VPOS="1344" HPOS="1166"/>
							<String ID="string_230" HPOS="1189" VPOS="1347" WIDTH="50" HEIGHT="28" WC="0.96" CONTENT="att"/><SP WIDTH="24" VPOS="1347" HPOS="1239"/>
							<String ID="string_231" HPOS="1263" VPOS="1344" WIDTH="161" HEIGHT="31" WC="0.96" CONTENT="förvärva"/><SP WIDTH="23" VPOS="1344" HPOS="1424"/>
							<String ID="string_232" HPOS="1447" VPOS="1345" WIDTH="69" HEIGHT="30" WC="0.93" CONTENT="fast"/><SP WIDTH="23" VPOS="1345" HPOS="1516"/>
							<String ID="string_233" HPOS="1539" VPOS="1353" WIDTH="96" HEIGHT="28" WC="0.92" CONTENT="egen-"/>
						</TextLine>
						<TextLine ID="line_25" HPOS="131" VPOS="1387" WIDTH="635" HEIGHT="36">
							<String ID="string_234" HPOS="131" VPOS="1388" WIDTH="82" HEIGHT="29" WC="0.96" CONTENT="dom"/><SP WIDTH="19" VPOS="1388" HPOS="213"/>
							<String ID="string_235" HPOS="232" VPOS="1388" WIDTH="101" HEIGHT="35" WC="0.95" CONTENT="högst"/><SP WIDTH="21" VPOS="1388" HPOS="333"/>
							<String ID="string_236" HPOS="354" VPOS="1387" WIDTH="181" HEIGHT="36" WC="0.93" CONTENT="väsentligt"/><SP WIDTH="20" VPOS="1387" HPOS="535"/>
							<String ID="string_237" HPOS="555" VPOS="1387" WIDTH="211" HEIGHT="30" WC="0.92" CONTENT="inskränkts."/>
						</TextLine>
					</TextBlock>
					<TextBlock ID="block_7" HPOS="129" VPOS="1428" WIDTH="1507" HEIGHT="415">
						<TextLine ID="line_26" HPOS="176" VPOS="1428" WIDTH="1459" HEIGHT="39">
							<String ID="string_238" HPOS="176" VPOS="1430" WIDTH="116" HEIGHT="30" WC="0.96" CONTENT="Under"/><SP WIDTH="23" VPOS="1430" HPOS="292"/>
							<String ID="string_239" HPOS="315" VPOS="1430" WIDTH="66" HEIGHT="30" WC="0.96" CONTENT="den"/><SP WIDTH="24" VPOS="1430" HPOS="381"/>
							<String ID="string_240" HPOS="405" VPOS="1429" WIDTH="149" HEIGHT="31" WC="0.96" CONTENT="revision"/><SP WIDTH="26" VPOS="1429" HPOS="554"/>
							<String ID="string_241" HPOS="580" VPOS="1439" WIDTH="42" HEIGHT="21" WC="0.96" CONTENT="av"/><SP WIDTH="23" VPOS="1439" HPOS="622"/>
							<String ID="string_242" HPOS="645" VPOS="1428" WIDTH="237" HEIGHT="38" WC="0.96" CONTENT="jordabalken,"/><SP WIDTH="27" VPOS="1428" HPOS="882"/>
							<String ID="string_243" HPOS="909" VPOS="1430" WIDTH="141" HEIGHT="30" WC="0.96" CONTENT="varmed"/><SP WIDTH="25" VPOS="1430" HPOS="1050"/>
							<String ID="string_244" HPOS="1075" VPOS="1429" WIDTH="288" HEIGHT="37" WC="0.96" CONTENT="lagberedningen"/><SP WIDTH="23" VPOS="1429" HPOS="1363"/>
							<String ID="string_245" HPOS="1386" VPOS="1431" WIDTH="39" HEIGHT="29" WC="0.96" CONTENT="är"/><SP WIDTH="26" VPOS="1431" HPOS="1425"/>
							<String ID="string_246" HPOS="1451" VPOS="1431" WIDTH="184" HEIGHT="36" WC="0.96" CONTENT="sysselsatt,"/>
						</TextLine>
						<TextLine ID="line_27" HPOS="131" VPOS="1471" WIDTH="1504" HEIGHT="38">
							<String ID="string_247" HPOS="131" VPOS="1473" WIDTH="65" HEIGHT="31" WC="0.95" CONTENT="har"/><SP WIDTH="24" VPOS="1473" HPOS="196"/>
							<String ID="string_248" HPOS="220" VPOS="1472" WIDTH="221" HEIGHT="36" WC="0.96" CONTENT="uppkommit"/><SP WIDTH="27" VPOS="1472" HPOS="441"/>
							<String ID="string_249" HPOS="468" VPOS="1471" WIDTH="99" HEIGHT="37" WC="0.96" CONTENT="fråga"/><SP WIDTH="27" VPOS="1471" HPOS="567"/>
							<String ID="string_250" HPOS="594" VPOS="1481" WIDTH="57" HEIGHT="21" WC="0.93" CONTENT="om"/><SP WIDTH="25" VPOS="1481" HPOS="651"/>
							<String ID="string_251" HPOS="676" VPOS="1472" WIDTH="225" HEIGHT="31" WC="0.91" CONTENT="inarbetande"/><SP WIDTH="25" VPOS="1472" HPOS="901"/>
							<String ID="string_252" HPOS="926" VPOS="1472" WIDTH="10" HEIGHT="29" WC="0.96" CONTENT="i"/><SP WIDTH="27" VPOS="1472" HPOS="936"/>
							<String ID="string_253" HPOS="963" VPOS="1482" WIDTH="42" HEIGHT="20" WC="0.96" CONTENT="en"/><SP WIDTH="28" VPOS="1482" HPOS="1005"/>
							<String ID="string_254" HPOS="1033" VPOS="1481" WIDTH="47" HEIGHT="27" WC="0.93" CONTENT="ny"/><SP WIDTH="26" VPOS="1481" HPOS="1080"/>
							<String ID="string_255" HPOS="1106" VPOS="1472" WIDTH="184" HEIGHT="36" WC="0.91" CONTENT="jordabalk"/><SP WIDTH="27" VPOS="1472" HPOS="1290"/>
							<String ID="string_256" HPOS="1317" VPOS="1482" WIDTH="42" HEIGHT="20" WC="0.95" CONTENT="av"/><SP WIDTH="26" VPOS="1482" HPOS="1359"/>
							<String ID="string_257" HPOS="1385" VPOS="1473" WIDTH="43" HEIGHT="30" WC="0.93" CONTENT="de"/><SP WIDTH="24" VPOS="1473" HPOS="1428"/>
							<String ID="string_258" HPOS="1452" VPOS="1473" WIDTH="183" HEIGHT="36" WC="0.92" CONTENT="grundläg-"/>
						</TextLine>
						<TextLine ID="line_28" HPOS="129" VPOS="1513" WIDTH="1506" HEIGHT="38">
							<String ID="string_259" HPOS="129" VPOS="1515" WIDTH="113" HEIGHT="36" WC="0.96" CONTENT="gande"/><SP WIDTH="21" VPOS="1515" HPOS="242"/>
							<String ID="string_260" HPOS="263" VPOS="1514" WIDTH="307" HEIGHT="30" WC="0.96" CONTENT="bestämmelserna"/><SP WIDTH="22" VPOS="1514" HPOS="570"/>
							<String ID="string_261" HPOS="592" VPOS="1513" WIDTH="11" HEIGHT="30" WC="0.96" CONTENT="i"/><SP WIDTH="28" VPOS="1513" HPOS="603"/>
							<String ID="string_262" HPOS="631" VPOS="1515" WIDTH="82" HEIGHT="29" WC="0.96" CONTENT="1916"/><SP WIDTH="23" VPOS="1515" HPOS="713"/>
							<String ID="string_263" HPOS="736" VPOS="1514" WIDTH="65" HEIGHT="30" WC="0.96" CONTENT="och"/><SP WIDTH="26" VPOS="1514" HPOS="801"/>
							<String ID="string_264" HPOS="827" VPOS="1514" WIDTH="82" HEIGHT="30" WC="0.95" CONTENT="1925"/><SP WIDTH="26" VPOS="1514" HPOS="909"/>
							<String ID="string_265" HPOS="935" VPOS="1513" WIDTH="56" HEIGHT="31" WC="0.96" CONTENT="års"/><SP WIDTH="23" VPOS="1513" HPOS="991"/>
							<String ID="string_266" HPOS="1014" VPOS="1514" WIDTH="216" HEIGHT="37" WC="0.96" CONTENT="lagstiftning"/><SP WIDTH="24" VPOS="1514" HPOS="1230"/>
							<String ID="string_267" HPOS="1254" VPOS="1514" WIDTH="178" HEIGHT="37" WC="0.93" CONTENT="angående"/><SP WIDTH="22" VPOS="1514" HPOS="1432"/>
							<String ID="string_268" HPOS="1454" VPOS="1515" WIDTH="181" HEIGHT="30" WC="0.92" CONTENT="inskränk-"/>
						</TextLine>
						<TextLine ID="line_29" HPOS="131" VPOS="1556" WIDTH="1504" HEIGHT="39">
							<String ID="string_269" HPOS="131" VPOS="1556" WIDTH="123" HEIGHT="37" WC="0.96" CONTENT="ningar"/><SP WIDTH="20" VPOS="1556" HPOS="254"/>
							<String ID="string_270" HPOS="274" VPOS="1557" WIDTH="10" HEIGHT="30" WC="0.96" CONTENT="i"/><SP WIDTH="24" VPOS="1557" HPOS="284"/>
							<String ID="string_271" HPOS="308" VPOS="1558" WIDTH="111" HEIGHT="29" WC="0.96" CONTENT="rätten"/><SP WIDTH="21" VPOS="1558" HPOS="419"/>
							<String ID="string_272" HPOS="440" VPOS="1559" WIDTH="49" HEIGHT="27" WC="0.96" CONTENT="att"/><SP WIDTH="23" VPOS="1559" HPOS="489"/>
							<String ID="string_273" HPOS="512" VPOS="1556" WIDTH="163" HEIGHT="31" WC="0.96" CONTENT="förvärva"/><SP WIDTH="22" VPOS="1556" HPOS="675"/>
							<String ID="string_274" HPOS="697" VPOS="1556" WIDTH="69" HEIGHT="31" WC="0.96" CONTENT="fast"/><SP WIDTH="21" VPOS="1556" HPOS="766"/>
							<String ID="string_275" HPOS="787" VPOS="1557" WIDTH="175" HEIGHT="36" WC="0.90" CONTENT="egendom."/><SP WIDTH="25" VPOS="1557" HPOS="962"/>
							<String ID="string_276" HPOS="987" VPOS="1556" WIDTH="305" HEIGHT="37" WC="0.90" CONTENT="Lagberedningen"/><SP WIDTH="22" VPOS="1556" HPOS="1292"/>
							<String ID="string_277" HPOS="1314" VPOS="1558" WIDTH="63" HEIGHT="29" WC="0.96" CONTENT="har"/><SP WIDTH="21" VPOS="1558" HPOS="1377"/>
							<String ID="string_278" HPOS="1398" VPOS="1557" WIDTH="166" HEIGHT="38" WC="0.93" CONTENT="uppgjort"/><SP WIDTH="21" VPOS="1557" HPOS="1564"/>
							<String ID="string_279" HPOS="1585" VPOS="1561" WIDTH="50" HEIGHT="27" WC="0.93" CONTENT="ut-"/>
						</TextLine>
						<TextLine ID="line_30" HPOS="131" VPOS="1599" WIDTH="1504" HEIGHT="37">
							<String ID="string_280" HPOS="131" VPOS="1600" WIDTH="77" HEIGHT="30" WC="0.96" CONTENT="kast"/><SP WIDTH="27" VPOS="1600" HPOS="208"/>
							<String ID="string_281" HPOS="235" VPOS="1600" WIDTH="51" HEIGHT="30" WC="0.96" CONTENT="till"/><SP WIDTH="25" VPOS="1600" HPOS="286"/>
							<String ID="string_282" HPOS="311" VPOS="1602" WIDTH="46" HEIGHT="27" WC="0.96" CONTENT="ett"/><SP WIDTH="24" VPOS="1602" HPOS="357"/>
							<String ID="string_283" HPOS="381" VPOS="1599" WIDTH="128" HEIGHT="37" WC="0.96" CONTENT="kapitel"/><SP WIDTH="27" VPOS="1599" HPOS="509"/>
							<String ID="string_284" HPOS="536" VPOS="1599" WIDTH="214" HEIGHT="30" WC="0.95" CONTENT="omfattande"/><SP WIDTH="27" VPOS="1599" HPOS="750"/>
							<String ID="string_285" HPOS="777" VPOS="1599" WIDTH="41" HEIGHT="30" WC="0.96" CONTENT="de"/><SP WIDTH="28" VPOS="1599" HPOS="818"/>
							<String ID="string_286" HPOS="846" VPOS="1599" WIDTH="94" HEIGHT="30" WC="0.96" CONTENT="delar"/><SP WIDTH="25" VPOS="1599" HPOS="940"/>
							<String ID="string_287" HPOS="965" VPOS="1608" WIDTH="42" HEIGHT="21" WC="0.97" CONTENT="av"/><SP WIDTH="26" VPOS="1608" HPOS="1007"/>
							<String ID="string_288" HPOS="1033" VPOS="1600" WIDTH="152" HEIGHT="30" WC="0.95" CONTENT="nämnda"/><SP WIDTH="28" VPOS="1600" HPOS="1185"/>
							<String ID="string_289" HPOS="1213" VPOS="1600" WIDTH="138" HEIGHT="35" WC="0.96" CONTENT="kapitel,"/><SP WIDTH="28" VPOS="1600" HPOS="1351"/>
							<String ID="string_290" HPOS="1379" VPOS="1610" WIDTH="74" HEIGHT="22" WC="0.96" CONTENT="som"/><SP WIDTH="29" VPOS="1610" HPOS="1453"/>
							<String ID="string_291" HPOS="1482" VPOS="1610" WIDTH="80" HEIGHT="21" WC="0.91" CONTENT="avse"/><SP WIDTH="25" VPOS="1610" HPOS="1562"/>
							<String ID="string_292" HPOS="1587" VPOS="1601" WIDTH="48" HEIGHT="29" WC="0.91" CONTENT="in-"/>
						</TextLine>
						<TextLine ID="line_31" HPOS="130" VPOS="1641" WIDTH="1505" HEIGHT="37">
							<String ID="string_293" HPOS="130" VPOS="1642" WIDTH="255" HEIGHT="36" WC="0.91" CONTENT="skränkningar"/><SP WIDTH="19" VPOS="1642" HPOS="385"/>
							<String ID="string_294" HPOS="404" VPOS="1643" WIDTH="11" HEIGHT="29" WC="0.96" CONTENT="i"/><SP WIDTH="24" VPOS="1643" HPOS="415"/>
							<String ID="string_295" HPOS="439" VPOS="1642" WIDTH="44" HEIGHT="31" WC="0.96" CONTENT="bl."/><SP WIDTH="23" VPOS="1642" HPOS="483"/>
							<String ID="string_296" HPOS="506" VPOS="1652" WIDTH="29" HEIGHT="21" WC="0.93" CONTENT="a."/><SP WIDTH="23" VPOS="1652" HPOS="535"/>
							<String ID="string_297" HPOS="558" VPOS="1642" WIDTH="185" HEIGHT="31" WC="0.92" CONTENT="inländska"/><SP WIDTH="21" VPOS="1642" HPOS="743"/>
							<String ID="string_298" HPOS="764" VPOS="1641" WIDTH="170" HEIGHT="37" WC="0.96" CONTENT="juridiska"/><SP WIDTH="22" VPOS="1641" HPOS="934"/>
							<String ID="string_299" HPOS="956" VPOS="1651" WIDTH="180" HEIGHT="27" WC="0.93" CONTENT="personers"/><SP WIDTH="22" VPOS="1651" HPOS="1136"/>
							<String ID="string_300" HPOS="1158" VPOS="1642" WIDTH="331" HEIGHT="36" WC="0.91" CONTENT="fastighetsförvärv."/><SP WIDTH="25" VPOS="1642" HPOS="1489"/>
							<String ID="string_301" HPOS="1514" VPOS="1643" WIDTH="121" HEIGHT="30" WC="0.91" CONTENT="Bered-"/>
						</TextLine>
						<TextLine ID="line_32" HPOS="131" VPOS="1684" WIDTH="1505" HEIGHT="38">
							<String ID="string_302" HPOS="131" VPOS="1685" WIDTH="126" HEIGHT="36" WC="0.95" CONTENT="ningen"/><SP WIDTH="22" VPOS="1685" HPOS="257"/>
							<String ID="string_303" HPOS="279" VPOS="1685" WIDTH="65" HEIGHT="30" WC="0.95" CONTENT="har"/><SP WIDTH="24" VPOS="1685" HPOS="344"/>
							<String ID="string_304" HPOS="368" VPOS="1684" WIDTH="10" HEIGHT="30" WC="0.96" CONTENT="i"/><SP WIDTH="26" VPOS="1684" HPOS="378"/>
							<String ID="string_305" HPOS="404" VPOS="1685" WIDTH="163" HEIGHT="30" WC="0.96" CONTENT="skrivelse"/><SP WIDTH="25" VPOS="1685" HPOS="567"/>
							<String ID="string_306" HPOS="592" VPOS="1685" WIDTH="66" HEIGHT="30" WC="0.96" CONTENT="den"/><SP WIDTH="27" VPOS="1685" HPOS="658"/>
							<String ID="string_307" HPOS="685" VPOS="1685" WIDTH="36" HEIGHT="29" WC="0.96" CONTENT="11"/><SP WIDTH="27" VPOS="1685" HPOS="721"/>
							<String ID="string_308" HPOS="748" VPOS="1684" WIDTH="153" HEIGHT="31" WC="0.96" CONTENT="februari"/><SP WIDTH="27" VPOS="1684" HPOS="901"/>
							<String ID="string_309" HPOS="928" VPOS="1686" WIDTH="82" HEIGHT="29" WC="0.96" CONTENT="1944"/><SP WIDTH="27" VPOS="1686" HPOS="1010"/>
							<String ID="string_310" HPOS="1037" VPOS="1684" WIDTH="154" HEIGHT="36" WC="0.94" CONTENT="anhållit,"/><SP WIDTH="26" VPOS="1684" HPOS="1191"/>
							<String ID="string_311" HPOS="1217" VPOS="1688" WIDTH="50" HEIGHT="28" WC="0.96" CONTENT="att"/><SP WIDTH="25" VPOS="1688" HPOS="1267"/>
							<String ID="string_312" HPOS="1292" VPOS="1686" WIDTH="243" HEIGHT="36" WC="0.96" CONTENT="länsstyrelsen"/><SP WIDTH="24" VPOS="1686" HPOS="1535"/>
							<String ID="string_313" HPOS="1559" VPOS="1685" WIDTH="77" HEIGHT="31" WC="0.96" CONTENT="ville"/>
						</TextLine>
						<TextLine ID="line_33" HPOS="130" VPOS="1727" WIDTH="1506" HEIGHT="37">
							<String ID="string_314" HPOS="130" VPOS="1730" WIDTH="115" HEIGHT="28" WC="0.96" CONTENT="senast"/><SP WIDTH="21" VPOS="1730" HPOS="245"/>
							<String ID="string_315" HPOS="266" VPOS="1728" WIDTH="67" HEIGHT="29" WC="0.96" CONTENT="den"/><SP WIDTH="25" VPOS="1728" HPOS="333"/>
							<String ID="string_316" HPOS="358" VPOS="1728" WIDTH="14" HEIGHT="29" WC="0.96" CONTENT="1"/><SP WIDTH="26" VPOS="1728" HPOS="372"/>
							<String ID="string_317" HPOS="398" VPOS="1727" WIDTH="86" HEIGHT="37" WC="0.96" CONTENT="april"/><SP WIDTH="26" VPOS="1727" HPOS="484"/>
							<String ID="string_318" HPOS="510" VPOS="1728" WIDTH="83" HEIGHT="29" WC="0.96" CONTENT="1944"/><SP WIDTH="21" VPOS="1728" HPOS="593"/>
							<String ID="string_319" HPOS="614" VPOS="1728" WIDTH="179" HEIGHT="30" WC="0.96" CONTENT="inkomma"/><SP WIDTH="21" VPOS="1728" HPOS="793"/>
							<String ID="string_320" HPOS="814" VPOS="1728" WIDTH="78" HEIGHT="30" WC="0.96" CONTENT="med"/><SP WIDTH="24" VPOS="1728" HPOS="892"/>
							<String ID="string_321" HPOS="916" VPOS="1728" WIDTH="159" HEIGHT="36" WC="0.96" CONTENT="yttrande"/><SP WIDTH="22" VPOS="1728" HPOS="1075"/>
							<String ID="string_322" HPOS="1097" VPOS="1729" WIDTH="80" HEIGHT="29" WC="0.93" CONTENT="över"/><SP WIDTH="22" VPOS="1729" HPOS="1177"/>
							<String ID="string_323" HPOS="1199" VPOS="1729" WIDTH="206" HEIGHT="35" WC="0.92" CONTENT="lagutkastet"/><SP WIDTH="21" VPOS="1729" HPOS="1405"/>
							<String ID="string_324" HPOS="1426" VPOS="1729" WIDTH="65" HEIGHT="29" WC="0.96" CONTENT="och"/><SP WIDTH="24" VPOS="1729" HPOS="1491"/>
							<String ID="string_325" HPOS="1515" VPOS="1729" WIDTH="121" HEIGHT="30" WC="0.96" CONTENT="därvid"/>
						</TextLine>
						<TextLine ID="line_34" HPOS="132" VPOS="1769" WIDTH="1504" HEIGHT="37">
							<String ID="string_326" HPOS="132" VPOS="1770" WIDTH="124" HEIGHT="36" WC="0.89" CONTENT="angiva"/><SP WIDTH="23" VPOS="1770" HPOS="256"/>
							<String ID="string_327" HPOS="279" VPOS="1770" WIDTH="190" HEIGHT="29" WC="0.96" CONTENT="eventuella"/><SP WIDTH="25" VPOS="1770" HPOS="469"/>
							<String ID="string_328" HPOS="494" VPOS="1769" WIDTH="179" HEIGHT="30" WC="0.96" CONTENT="önskemål"/><SP WIDTH="24" VPOS="1769" HPOS="673"/>
							<String ID="string_329" HPOS="697" VPOS="1771" WIDTH="146" HEIGHT="28" WC="0.95" CONTENT="rörande"/><SP WIDTH="24" VPOS="1771" HPOS="843"/>
							<String ID="string_330" HPOS="867" VPOS="1780" WIDTH="41" HEIGHT="19" WC="0.95" CONTENT="en"/><SP WIDTH="25" VPOS="1780" HPOS="908"/>
							<String ID="string_331" HPOS="933" VPOS="1770" WIDTH="111" HEIGHT="36" WC="0.96" CONTENT="saklig"/><SP WIDTH="24" VPOS="1770" HPOS="1044"/>
							<String ID="string_332" HPOS="1068" VPOS="1770" WIDTH="147" HEIGHT="30" WC="0.96" CONTENT="revision"/><SP WIDTH="25" VPOS="1770" HPOS="1215"/>
							<String ID="string_333" HPOS="1240" VPOS="1780" WIDTH="42" HEIGHT="20" WC="0.96" CONTENT="av"/><SP WIDTH="27" VPOS="1780" HPOS="1282"/>
							<String ID="string_334" HPOS="1309" VPOS="1771" WIDTH="158" HEIGHT="35" WC="0.90" CONTENT="gällande"/><SP WIDTH="24" VPOS="1771" HPOS="1467"/>
							<String ID="string_335" HPOS="1491" VPOS="1772" WIDTH="145" HEIGHT="29" WC="0.90" CONTENT="bestäm-"/>
						</TextLine>
						<TextLine ID="line_35" HPOS="130" VPOS="1812" WIDTH="301" HEIGHT="31">
							<String ID="string_336" HPOS="130" VPOS="1813" WIDTH="123" HEIGHT="30" WC="0.92" CONTENT="melser"/><SP WIDTH="20" VPOS="1813" HPOS="253"/>
							<String ID="string_337" HPOS="273" VPOS="1812" WIDTH="11" HEIGHT="29" WC="0.96" CONTENT="i"/><SP WIDTH="22" VPOS="1812" HPOS="284"/>
							<String ID="string_338" HPOS="306" VPOS="1813" WIDTH="125" HEIGHT="29" WC="0.96" CONTENT="ämnet."/>
						</TextLine>
					</TextBlock>
					<TextBlock ID="block_8" HPOS="130" VPOS="1854" WIDTH="1505" HEIGHT="164">
						<TextLine ID="line_36" HPOS="175" VPOS="1854" WIDTH="1460" HEIGHT="38">
							<String ID="string_339" HPOS="175" VPOS="1855" WIDTH="14" HEIGHT="30" WC="0.96" CONTENT="I"/><SP WIDTH="23" VPOS="1855" HPOS="189"/>
							<String ID="string_340" HPOS="212" VPOS="1854" WIDTH="113" HEIGHT="32" WC="0.96" CONTENT="avsikt"/><SP WIDTH="23" VPOS="1854" HPOS="325"/>
							<String ID="string_341" HPOS="348" VPOS="1857" WIDTH="50" HEIGHT="27" WC="0.96" CONTENT="att"/><SP WIDTH="19" VPOS="1857" HPOS="398"/>
							<String ID="string_342" HPOS="417" VPOS="1854" WIDTH="184" HEIGHT="31" WC="0.96" CONTENT="förhindra"/><SP WIDTH="23" VPOS="1854" HPOS="601"/>
							<String ID="string_343" HPOS="624" VPOS="1854" WIDTH="233" HEIGHT="36" WC="0.96" CONTENT="kringgående"/><SP WIDTH="21" VPOS="1854" HPOS="857"/>
							<String ID="string_344" HPOS="878" VPOS="1864" WIDTH="41" HEIGHT="20" WC="0.96" CONTENT="av"/><SP WIDTH="21" VPOS="1864" HPOS="919"/>
							<String ID="string_345" HPOS="940" VPOS="1854" WIDTH="162" HEIGHT="31" WC="0.96" CONTENT="förbudet"/><SP WIDTH="22" VPOS="1854" HPOS="1102"/>
							<String ID="string_346" HPOS="1124" VPOS="1857" WIDTH="71" HEIGHT="28" WC="0.96" CONTENT="mot"/><SP WIDTH="24" VPOS="1857" HPOS="1195"/>
							<String ID="string_347" HPOS="1219" VPOS="1855" WIDTH="140" HEIGHT="30" WC="0.96" CONTENT="förvärv"/><SP WIDTH="22" VPOS="1855" HPOS="1359"/>
							<String ID="string_348" HPOS="1381" VPOS="1865" WIDTH="41" HEIGHT="21" WC="0.96" CONTENT="av"/><SP WIDTH="25" VPOS="1865" HPOS="1422"/>
							<String ID="string_349" HPOS="1447" VPOS="1855" WIDTH="69" HEIGHT="31" WC="0.93" CONTENT="fast"/><SP WIDTH="23" VPOS="1855" HPOS="1516"/>
							<String ID="string_350" HPOS="1539" VPOS="1863" WIDTH="96" HEIGHT="29" WC="0.90" CONTENT="egen-"/>
						</TextLine>
						<TextLine ID="line_37" HPOS="130" VPOS="1897" WIDTH="1505" HEIGHT="36">
							<String ID="string_351" HPOS="130" VPOS="1898" WIDTH="81" HEIGHT="29" WC="0.96" CONTENT="dom"/><SP WIDTH="19" VPOS="1898" HPOS="211"/>
							<String ID="string_352" HPOS="230" VPOS="1906" WIDTH="126" HEIGHT="27" WC="0.96" CONTENT="genom"/><SP WIDTH="18" VPOS="1906" HPOS="356"/>
							<String ID="string_353" HPOS="374" VPOS="1899" WIDTH="48" HEIGHT="28" WC="0.95" CONTENT="att"/><SP WIDTH="18" VPOS="1899" HPOS="422"/>
							<String ID="string_354" HPOS="440" VPOS="1907" WIDTH="41" HEIGHT="20" WC="0.95" CONTENT="en"/><SP WIDTH="18" VPOS="1907" HPOS="481"/>
							<String ID="string_355" HPOS="499" VPOS="1897" WIDTH="50" HEIGHT="30" WC="0.93" CONTENT="till"/><SP WIDTH="21" VPOS="1897" HPOS="549"/>
							<String ID="string_356" HPOS="570" VPOS="1897" WIDTH="245" HEIGHT="30" WC="0.91" CONTENT="förvärvandet"/><SP WIDTH="19" VPOS="1897" HPOS="815"/>
							<String ID="string_357" HPOS="834" VPOS="1897" WIDTH="162" HEIGHT="36" WC="0.96" CONTENT="obehörig"/><SP WIDTH="19" VPOS="1897" HPOS="996"/>
							<String ID="string_358" HPOS="1015" VPOS="1897" WIDTH="148" HEIGHT="36" WC="0.96" CONTENT="juridisk"/><SP WIDTH="19" VPOS="1897" HPOS="1163"/>
							<String ID="string_359" HPOS="1182" VPOS="1907" WIDTH="126" HEIGHT="26" WC="0.96" CONTENT="person"/><SP WIDTH="19" VPOS="1907" HPOS="1308"/>
							<String ID="string_360" HPOS="1327" VPOS="1899" WIDTH="177" HEIGHT="29" WC="0.96" CONTENT="använder"/><SP WIDTH="16" VPOS="1899" HPOS="1504"/>
							<String ID="string_361" HPOS="1520" VPOS="1908" WIDTH="115" HEIGHT="21" WC="0.95" CONTENT="annan"/>
						</TextLine>
						<TextLine ID="line_38" HPOS="131" VPOS="1939" WIDTH="1504" HEIGHT="36">
							<String ID="string_362" HPOS="131" VPOS="1949" WIDTH="74" HEIGHT="21" WC="0.96" CONTENT="som"/><SP WIDTH="17" VPOS="1949" HPOS="205"/>
							<String ID="string_363" HPOS="222" VPOS="1940" WIDTH="130" HEIGHT="30" WC="0.96" CONTENT="bulvan"/><SP WIDTH="18" VPOS="1940" HPOS="352"/>
							<String ID="string_364" HPOS="370" VPOS="1939" WIDTH="45" HEIGHT="30" WC="0.96" CONTENT="ha"/><SP WIDTH="18" VPOS="1939" HPOS="415"/>
							<String ID="string_365" HPOS="433" VPOS="1939" WIDTH="218" HEIGHT="30" WC="0.96" CONTENT="föreskrifter"/><SP WIDTH="16" VPOS="1939" HPOS="651"/>
							<String ID="string_366" HPOS="667" VPOS="1939" WIDTH="189" HEIGHT="31" WC="0.96" CONTENT="meddelats"/><SP WIDTH="18" VPOS="1939" HPOS="856"/>
							<String ID="string_367" HPOS="874" VPOS="1939" WIDTH="10" HEIGHT="29" WC="0.95" CONTENT="i"/><SP WIDTH="17" VPOS="1939" HPOS="884"/>
							<String ID="string_368" HPOS="901" VPOS="1940" WIDTH="98" HEIGHT="35" WC="0.96" CONTENT="lagen"/><SP WIDTH="19" VPOS="1940" HPOS="999"/>
							<String ID="string_369" HPOS="1018" VPOS="1940" WIDTH="67" HEIGHT="29" WC="0.96" CONTENT="den"/><SP WIDTH="21" VPOS="1940" HPOS="1085"/>
							<String ID="string_370" HPOS="1106" VPOS="1940" WIDTH="38" HEIGHT="29" WC="0.96" CONTENT="18"/><SP WIDTH="18" VPOS="1940" HPOS="1144"/>
							<String ID="string_371" HPOS="1162" VPOS="1939" WIDTH="75" HEIGHT="36" WC="0.96" CONTENT="juni"/><SP WIDTH="22" VPOS="1939" HPOS="1237"/>
							<String ID="string_372" HPOS="1259" VPOS="1940" WIDTH="82" HEIGHT="29" WC="0.96" CONTENT="1925"/><SP WIDTH="21" VPOS="1940" HPOS="1341"/>
							<String ID="string_373" HPOS="1362" VPOS="1949" WIDTH="56" HEIGHT="20" WC="0.93" CONTENT="om"/><SP WIDTH="17" VPOS="1949" HPOS="1418"/>
							<String ID="string_374" HPOS="1435" VPOS="1940" WIDTH="200" HEIGHT="30" WC="0.91" CONTENT="bulvanför-"/>
						</TextLine>
						<TextLine ID="line_39" HPOS="130" VPOS="1981" WIDTH="678" HEIGHT="37">
							<String ID="string_375" HPOS="130" VPOS="1982" WIDTH="164" HEIGHT="30" WC="0.96" CONTENT="hållande"/><SP WIDTH="19" VPOS="1982" HPOS="294"/>
							<String ID="string_376" HPOS="313" VPOS="1982" WIDTH="9" HEIGHT="29" WC="0.96" CONTENT="i"/><SP WIDTH="21" VPOS="1982" HPOS="322"/>
							<String ID="string_377" HPOS="343" VPOS="1981" WIDTH="97" HEIGHT="37" WC="0.96" CONTENT="fråga"/><SP WIDTH="23" VPOS="1981" HPOS="440"/>
							<String ID="string_378" HPOS="463" VPOS="1991" WIDTH="56" HEIGHT="22" WC="0.96" CONTENT="om"/><SP WIDTH="21" VPOS="1991" HPOS="519"/>
							<String ID="string_379" HPOS="540" VPOS="1982" WIDTH="70" HEIGHT="29" WC="0.96" CONTENT="fast"/><SP WIDTH="22" VPOS="1982" HPOS="610"/>
							<String ID="string_380" HPOS="632" VPOS="1982" WIDTH="176" HEIGHT="35" WC="0.96" CONTENT="egendom."/>
						</TextLine>
					</TextBlock>
					<TextBlock ID="block_9" HPOS="129" VPOS="2023" WIDTH="1507" HEIGHT="165">
						<TextLine ID="line_40" HPOS="175" VPOS="2023" WIDTH="1459" HEIGHT="37">
							<String ID="string_381" HPOS="175" VPOS="2023" WIDTH="108" HEIGHT="32" WC="0.96" CONTENT="Såvitt"/><SP WIDTH="18" VPOS="2023" HPOS="283"/>
							<String ID="string_382" HPOS="301" VPOS="2025" WIDTH="242" HEIGHT="35" WC="0.96" CONTENT="länsstyrelsen"/><SP WIDTH="22" VPOS="2025" HPOS="543"/>
							<String ID="string_383" HPOS="565" VPOS="2024" WIDTH="65" HEIGHT="30" WC="0.96" CONTENT="har"/><SP WIDTH="16" VPOS="2024" HPOS="630"/>
							<String ID="string_384" HPOS="646" VPOS="2024" WIDTH="51" HEIGHT="36" WC="0.96" CONTENT="sig"/><SP WIDTH="19" VPOS="2024" HPOS="697"/>
							<String ID="string_385" HPOS="716" VPOS="2024" WIDTH="138" HEIGHT="35" WC="0.95" CONTENT="bekant,"/><SP WIDTH="21" VPOS="2024" HPOS="854"/>
							<String ID="string_386" HPOS="875" VPOS="2023" WIDTH="218" HEIGHT="32" WC="0.96" CONTENT="förekomma"/><SP WIDTH="19" VPOS="2023" HPOS="1093"/>
							<String ID="string_387" HPOS="1112" VPOS="2024" WIDTH="75" HEIGHT="30" WC="0.96" CONTENT="icke"/><SP WIDTH="19" VPOS="2024" HPOS="1187"/>
							<String ID="string_388" HPOS="1206" VPOS="2025" WIDTH="48" HEIGHT="29" WC="0.96" CONTENT="uti"/><SP WIDTH="21" VPOS="2025" HPOS="1254"/>
							<String ID="string_389" HPOS="1275" VPOS="2025" WIDTH="55" HEIGHT="30" WC="0.95" CONTENT="det"/><SP WIDTH="25" VPOS="2025" HPOS="1330"/>
							<String ID="string_390" HPOS="1355" VPOS="2025" WIDTH="4" HEIGHT="29" WC="0.95" CONTENT="i"/><SP WIDTH="21" VPOS="2025" HPOS="1359"/>
							<String ID="string_391" HPOS="1380" VPOS="2025" WIDTH="176" HEIGHT="31" WC="0.93" CONTENT="motionen"/><SP WIDTH="21" VPOS="2025" HPOS="1556"/>
							<String ID="string_392" HPOS="1577" VPOS="2035" WIDTH="57" HEIGHT="20" WC="0.93" CONTENT="an-"/>
						</TextLine>
						<TextLine ID="line_41" HPOS="131" VPOS="2066" WIDTH="1505" HEIGHT="38">
							<String ID="string_393" HPOS="131" VPOS="2067" WIDTH="101" HEIGHT="37" WC="0.96" CONTENT="givna"/><SP WIDTH="24" VPOS="2067" HPOS="232"/>
							<String ID="string_394" HPOS="256" VPOS="2067" WIDTH="169" HEIGHT="30" WC="0.96" CONTENT="avseende"/><SP WIDTH="23" VPOS="2067" HPOS="425"/>
							<String ID="string_395" HPOS="448" VPOS="2067" WIDTH="64" HEIGHT="29" WC="0.96" CONTENT="här"/><SP WIDTH="26" VPOS="2067" HPOS="512"/>
							<String ID="string_396" HPOS="538" VPOS="2066" WIDTH="10" HEIGHT="30" WC="0.96" CONTENT="i"/><SP WIDTH="24" VPOS="2066" HPOS="548"/>
							<String ID="string_397" HPOS="572" VPOS="2067" WIDTH="93" HEIGHT="29" WC="0.96" CONTENT="länet"/><SP WIDTH="25" VPOS="2067" HPOS="665"/>
							<String ID="string_398" HPOS="690" VPOS="2066" WIDTH="130" HEIGHT="31" WC="0.96" CONTENT="sådana"/><SP WIDTH="25" VPOS="2066" HPOS="820"/>
							<String ID="string_399" HPOS="845" VPOS="2066" WIDTH="337" HEIGHT="36" WC="0.96" CONTENT="missförhållanden,"/><SP WIDTH="26" VPOS="2066" HPOS="1182"/>
							<String ID="string_400" HPOS="1208" VPOS="2069" WIDTH="47" HEIGHT="27" WC="0.96" CONTENT="att"/><SP WIDTH="25" VPOS="2069" HPOS="1255"/>
							<String ID="string_401" HPOS="1280" VPOS="2068" WIDTH="41" HEIGHT="30" WC="0.96" CONTENT="de"/><SP WIDTH="26" VPOS="2068" HPOS="1321"/>
							<String ID="string_402" HPOS="1347" VPOS="2067" WIDTH="83" HEIGHT="30" WC="0.96" CONTENT="böra"/><SP WIDTH="25" VPOS="2067" HPOS="1430"/>
							<String ID="string_403" HPOS="1455" VPOS="2067" WIDTH="181" HEIGHT="31" WC="0.96" CONTENT="föranleda"/>
						</TextLine>
						<TextLine ID="line_42" HPOS="130" VPOS="2108" WIDTH="1506" HEIGHT="38">
							<String ID="string_404" HPOS="130" VPOS="2109" WIDTH="194" HEIGHT="37" WC="0.96" CONTENT="ytterligare"/><SP WIDTH="23" VPOS="2109" HPOS="324"/>
							<String ID="string_405" HPOS="347" VPOS="2108" WIDTH="166" HEIGHT="37" WC="0.96" CONTENT="åtgärder."/><SP WIDTH="24" VPOS="2108" HPOS="513"/>
							<String ID="string_406" HPOS="537" VPOS="2109" WIDTH="259" HEIGHT="36" WC="0.95" CONTENT="Länsstyrelsen"/><SP WIDTH="23" VPOS="2109" HPOS="796"/>
							<String ID="string_407" HPOS="819" VPOS="2118" WIDTH="99" HEIGHT="21" WC="0.96" CONTENT="anser"/><SP WIDTH="21" VPOS="2118" HPOS="918"/>
							<String ID="string_408" HPOS="939" VPOS="2109" WIDTH="49" HEIGHT="36" WC="0.96" CONTENT="sig"/><SP WIDTH="21" VPOS="2109" HPOS="988"/>
							<String ID="string_409" HPOS="1009" VPOS="2108" WIDTH="146" HEIGHT="31" WC="0.96" CONTENT="sålunda"/><SP WIDTH="23" VPOS="2108" HPOS="1155"/>
							<String ID="string_410" HPOS="1178" VPOS="2109" WIDTH="75" HEIGHT="30" WC="0.95" CONTENT="icke"/><SP WIDTH="21" VPOS="2109" HPOS="1253"/>
							<String ID="string_411" HPOS="1274" VPOS="2110" WIDTH="83" HEIGHT="29" WC="0.96" CONTENT="böra"/><SP WIDTH="22" VPOS="2110" HPOS="1357"/>
							<String ID="string_412" HPOS="1379" VPOS="2109" WIDTH="170" HEIGHT="37" WC="0.96" CONTENT="tillstyrka"/><SP WIDTH="22" VPOS="2109" HPOS="1549"/>
							<String ID="string_413" HPOS="1571" VPOS="2111" WIDTH="65" HEIGHT="29" WC="0.96" CONTENT="den"/>
						</TextLine>
						<TextLine ID="line_43" HPOS="129" VPOS="2151" WIDTH="405" HEIGHT="37">
							<String ID="string_414" HPOS="129" VPOS="2153" WIDTH="150" HEIGHT="35" WC="0.96" CONTENT="begärda"/><SP WIDTH="18" VPOS="2153" HPOS="279"/>
							<String ID="string_415" HPOS="297" VPOS="2151" WIDTH="237" HEIGHT="36" WC="0.96" CONTENT="utredningen."/>
						</TextLine>
					</TextBlock>
				</ComposedBlock>
				<ComposedBlock ID="cblock_6" HPOS="130" VPOS="2234" WIDTH="1506" HEIGHT="264">
					<TextBlock ID="block_10" HPOS="177" VPOS="2234" WIDTH="545" HEIGHT="37">
						<TextLine ID="line_44" HPOS="177" VPOS="2234" WIDTH="545" HEIGHT="37">
							<String ID="string_416" HPOS="177" VPOS="2237" WIDTH="153" HEIGHT="34" WC="0.93" CONTENT="Sveriges"/><SP WIDTH="23" VPOS="2237" HPOS="330"/>
							<String ID="string_417" HPOS="353" VPOS="2234" WIDTH="369" HEIGHT="37" WC="0.91" CONTENT="skogsägareförbund."/>
						</TextLine>
					</TextBlock>
					<TextBlock ID="block_11" HPOS="130" VPOS="2292" WIDTH="1506" HEIGHT="206">
						<TextLine ID="line_45" HPOS="176" VPOS="2292" WIDTH="1459" HEIGHT="38">
							<String ID="string_418" HPOS="176" VPOS="2293" WIDTH="114" HEIGHT="34" WC="0.96" CONTENT="Enligt"/><SP WIDTH="31" VPOS="2293" HPOS="290"/>
							<String ID="string_419" HPOS="321" VPOS="2293" WIDTH="151" HEIGHT="34" WC="0.93" CONTENT="Sveriges"/><SP WIDTH="32" VPOS="2293" HPOS="472"/>
							<String ID="string_420" HPOS="504" VPOS="2292" WIDTH="376" HEIGHT="35" WC="0.91" CONTENT="skogsägareförbunds"/><SP WIDTH="31" VPOS="2292" HPOS="880"/>
							<String ID="string_421" HPOS="911" VPOS="2293" WIDTH="140" HEIGHT="33" WC="0.95" CONTENT="mening"/><SP WIDTH="31" VPOS="2293" HPOS="1051"/>
							<String ID="string_422" HPOS="1082" VPOS="2292" WIDTH="234" HEIGHT="30" WC="0.92" CONTENT="förekommer"/><SP WIDTH="30" VPOS="2292" HPOS="1316"/>
							<String ID="string_423" HPOS="1346" VPOS="2294" WIDTH="199" HEIGHT="36" WC="0.92" CONTENT="bulvanköp"/><SP WIDTH="30" VPOS="2294" HPOS="1545"/>
							<String ID="string_424" HPOS="1575" VPOS="2304" WIDTH="60" HEIGHT="20" WC="0.92" CONTENT="nu-"/>
						</TextLine>
						<TextLine ID="line_46" HPOS="131" VPOS="2334" WIDTH="1504" HEIGHT="37">
							<String ID="string_425" HPOS="131" VPOS="2344" WIDTH="95" HEIGHT="20" WC="0.96" CONTENT="mera"/><SP WIDTH="25" VPOS="2344" HPOS="226"/>
							<String ID="string_426" HPOS="251" VPOS="2335" WIDTH="75" HEIGHT="29" WC="0.96" CONTENT="icke"/><SP WIDTH="27" VPOS="2335" HPOS="326"/>
							<String ID="string_427" HPOS="353" VPOS="2335" WIDTH="9" HEIGHT="28" WC="0.96" CONTENT="i"/><SP WIDTH="26" VPOS="2335" HPOS="362"/>
							<String ID="string_428" HPOS="388" VPOS="2335" WIDTH="193" HEIGHT="29" WC="0.96" CONTENT="nämnvärd"/><SP WIDTH="24" VPOS="2335" HPOS="581"/>
							<String ID="string_429" HPOS="605" VPOS="2334" WIDTH="217" HEIGHT="34" WC="0.95" CONTENT="omfattning."/><SP WIDTH="29" VPOS="2334" HPOS="822"/>
							<String ID="string_430" HPOS="851" VPOS="2335" WIDTH="77" HEIGHT="29" WC="0.90" CONTENT="Med"/><SP WIDTH="24" VPOS="2335" HPOS="928"/>
							<String ID="string_431" HPOS="952" VPOS="2335" WIDTH="199" HEIGHT="35" WC="0.90" CONTENT="bulvanköp"/><SP WIDTH="26" VPOS="2335" HPOS="1151"/>
							<String ID="string_432" HPOS="1177" VPOS="2345" WIDTH="97" HEIGHT="19" WC="0.96" CONTENT="anses"/><SP WIDTH="27" VPOS="2345" HPOS="1274"/>
							<String ID="string_433" HPOS="1301" VPOS="2336" WIDTH="102" HEIGHT="34" WC="0.95" CONTENT="enligt"/><SP WIDTH="24" VPOS="2336" HPOS="1403"/>
							<String ID="string_434" HPOS="1427" VPOS="2337" WIDTH="116" HEIGHT="34" WC="0.93" CONTENT="lagens"/><SP WIDTH="25" VPOS="2337" HPOS="1543"/>
							<String ID="string_435" HPOS="1568" VPOS="2346" WIDTH="67" HEIGHT="20" WC="0.91" CONTENT="me-"/>
						</TextLine>
						<TextLine ID="line_47" HPOS="131" VPOS="2376" WIDTH="1504" HEIGHT="37">
							<String ID="string_436" HPOS="131" VPOS="2377" WIDTH="81" HEIGHT="35" WC="0.96" CONTENT="ning"/><SP WIDTH="22" VPOS="2377" HPOS="212"/>
							<String ID="string_437" HPOS="234" VPOS="2376" WIDTH="130" HEIGHT="30" WC="0.96" CONTENT="sådana"/><SP WIDTH="24" VPOS="2376" HPOS="364"/>
							<String ID="string_438" HPOS="388" VPOS="2377" WIDTH="149" HEIGHT="35" WC="0.96" CONTENT="förvärv,"/><SP WIDTH="22" VPOS="2377" HPOS="537"/>
							<String ID="string_439" HPOS="559" VPOS="2386" WIDTH="75" HEIGHT="20" WC="0.96" CONTENT="som"/><SP WIDTH="24" VPOS="2386" HPOS="634"/>
							<String ID="string_440" HPOS="658" VPOS="2377" WIDTH="8" HEIGHT="29" WC="0.96" CONTENT="i"/><SP WIDTH="24" VPOS="2377" HPOS="666"/>
							<String ID="string_441" HPOS="690" VPOS="2386" WIDTH="40" HEIGHT="19" WC="0.96" CONTENT="en"/><SP WIDTH="25" VPOS="2386" HPOS="730"/>
							<String ID="string_442" HPOS="755" VPOS="2377" WIDTH="80" HEIGHT="29" WC="0.96" CONTENT="eller"/><SP WIDTH="22" VPOS="2377" HPOS="835"/>
							<String ID="string_443" HPOS="857" VPOS="2386" WIDTH="114" HEIGHT="20" WC="0.95" CONTENT="annan"/><SP WIDTH="25" VPOS="2386" HPOS="971"/>
							<String ID="string_444" HPOS="996" VPOS="2377" WIDTH="99" HEIGHT="35" WC="0.96" CONTENT="form,"/><SP WIDTH="26" VPOS="2377" HPOS="1095"/>
							<String ID="string_445" HPOS="1121" VPOS="2377" WIDTH="111" HEIGHT="30" WC="0.96" CONTENT="direkt"/><SP WIDTH="24" VPOS="2377" HPOS="1232"/>
							<String ID="string_446" HPOS="1256" VPOS="2378" WIDTH="81" HEIGHT="29" WC="0.96" CONTENT="eller"/><SP WIDTH="21" VPOS="2378" HPOS="1337"/>
							<String ID="string_447" HPOS="1358" VPOS="2386" WIDTH="122" HEIGHT="27" WC="0.96" CONTENT="genom"/><SP WIDTH="24" VPOS="2386" HPOS="1480"/>
							<String ID="string_448" HPOS="1504" VPOS="2378" WIDTH="67" HEIGHT="34" WC="0.93" CONTENT="lån,"/><SP WIDTH="25" VPOS="2378" HPOS="1571"/>
							<String ID="string_449" HPOS="1596" VPOS="2379" WIDTH="39" HEIGHT="29" WC="0.93" CONTENT="fi-"/>
						</TextLine>
						<TextLine ID="line_48" HPOS="130" VPOS="2418" WIDTH="1506" HEIGHT="36">
							<String ID="string_450" HPOS="130" VPOS="2419" WIDTH="193" HEIGHT="29" WC="0.91" CONTENT="nansierats"/><SP WIDTH="21" VPOS="2419" HPOS="323"/>
							<String ID="string_451" HPOS="344" VPOS="2428" WIDTH="41" HEIGHT="20" WC="0.96" CONTENT="av"/><SP WIDTH="20" VPOS="2428" HPOS="385"/>
							<String ID="string_452" HPOS="405" VPOS="2422" WIDTH="45" HEIGHT="26" WC="0.96" CONTENT="ett"/><SP WIDTH="22" VPOS="2422" HPOS="450"/>
							<String ID="string_453" HPOS="472" VPOS="2419" WIDTH="127" HEIGHT="29" WC="0.96" CONTENT="bakom"/><SP WIDTH="22" VPOS="2419" HPOS="599"/>
							<String ID="string_454" HPOS="621" VPOS="2419" WIDTH="152" HEIGHT="35" WC="0.96" CONTENT="köparen"/><SP WIDTH="23" VPOS="2419" HPOS="773"/>
							<String ID="string_455" HPOS="796" VPOS="2418" WIDTH="138" HEIGHT="30" WC="0.96" CONTENT="stående"/><SP WIDTH="26" VPOS="2418" HPOS="934"/>
							<String ID="string_456" HPOS="960" VPOS="2420" WIDTH="140" HEIGHT="33" WC="0.95" CONTENT="företag,"/><SP WIDTH="22" VPOS="2420" HPOS="1100"/>
							<String ID="string_457" HPOS="1122" VPOS="2420" WIDTH="100" HEIGHT="29" WC="0.96" CONTENT="vilket"/><SP WIDTH="27" VPOS="2420" HPOS="1222"/>
							<String ID="string_458" HPOS="1249" VPOS="2419" WIDTH="43" HEIGHT="30" WC="0.96" CONTENT="då"/><SP WIDTH="23" VPOS="2419" HPOS="1292"/>
							<String ID="string_459" HPOS="1315" VPOS="2421" WIDTH="85" HEIGHT="28" WC="0.95" CONTENT="även"/><SP WIDTH="23" VPOS="2421" HPOS="1400"/>
							<String ID="string_460" HPOS="1423" VPOS="2421" WIDTH="112" HEIGHT="29" WC="0.96" CONTENT="direkt"/><SP WIDTH="20" VPOS="2421" HPOS="1535"/>
							<String ID="string_461" HPOS="1555" VPOS="2421" WIDTH="81" HEIGHT="29" WC="0.96" CONTENT="eller"/>
						</TextLine>
						<TextLine ID="line_49" HPOS="130" VPOS="2461" WIDTH="1506" HEIGHT="37">
							<String ID="string_462" HPOS="130" VPOS="2461" WIDTH="149" HEIGHT="29" WC="0.96" CONTENT="indirekt"/><SP WIDTH="23" VPOS="2461" HPOS="279"/>
							<String ID="string_463" HPOS="302" VPOS="2461" WIDTH="160" HEIGHT="29" WC="0.95" CONTENT="handhar"/><SP WIDTH="23" VPOS="2461" HPOS="462"/>
							<String ID="string_464" HPOS="485" VPOS="2461" WIDTH="65" HEIGHT="29" WC="0.96" CONTENT="den"/><SP WIDTH="23" VPOS="2461" HPOS="550"/>
							<String ID="string_465" HPOS="573" VPOS="2461" WIDTH="104" HEIGHT="35" WC="0.96" CONTENT="köpta"/><SP WIDTH="26" VPOS="2461" HPOS="677"/>
							<String ID="string_466" HPOS="703" VPOS="2461" WIDTH="221" HEIGHT="35" WC="0.95" CONTENT="fastighetens"/><SP WIDTH="21" VPOS="2461" HPOS="924"/>
							<String ID="string_467" HPOS="945" VPOS="2462" WIDTH="209" HEIGHT="34" WC="0.96" CONTENT="förvaltning"/><SP WIDTH="22" VPOS="2462" HPOS="1154"/>
							<String ID="string_468" HPOS="1176" VPOS="2463" WIDTH="65" HEIGHT="28" WC="0.96" CONTENT="och"/><SP WIDTH="25" VPOS="2463" HPOS="1241"/>
							<String ID="string_469" HPOS="1266" VPOS="2462" WIDTH="201" HEIGHT="35" WC="0.95" CONTENT="tillgodogör"/><SP WIDTH="22" VPOS="2462" HPOS="1467"/>
							<String ID="string_470" HPOS="1489" VPOS="2463" WIDTH="49" HEIGHT="35" WC="0.96" CONTENT="sig"/><SP WIDTH="23" VPOS="2463" HPOS="1538"/>
							<String ID="string_471" HPOS="1561" VPOS="2463" WIDTH="75" HEIGHT="29" WC="0.96" CONTENT="dess"/>
						</TextLine>
					</TextBlock>
				</ComposedBlock>
			</PrintSpace>
		</Page>
	</Layout>
</alto>
