1884 2808
263 152 38 29 14
673 154 116 30 Andra
807 153 238 36 lagutskottets
1064 151 176 30 utlåtande
1258 160 40 21 nr
1321 151 50 30 68.

267 238 124 31 sådant
408 237 350 31 bulvanförhållande
777 246 83 21 vara
879 235 53 31 för
952 235 149 36 handen,
1122 235 87 30 skall
1229 234 149 30 domstol
1397 232 44 37 på
1460 233 94 30 talan
1573 242 42 20 av
1636 232 130 30 allmän

266 288 164 37 åklagare
449 288 177 37 förordna,
647 292 57 33 att,
726 287 108 30 sedan
855 296 56 21 sex
932 286 167 31 månader
1122 284 149 31 förflutit
1293 284 86 30 efter
1403 284 55 29 det
1479 283 209 30 domstolens
1709 282 56 30 be-

267 340 69 30 slut
358 338 120 32 vunnit
499 339 78 36 laga
599 338 103 36 kraft,
725 338 247 29 överexekutor
994 336 90 30 skal!
1105 337 117 35 pröva,
1248 334 173 31 huruvida
1444 334 213 36 egendomen
1679 333 88 30 skall

267 389 107 37 säljas
393 389 19 31 å
427 389 159 36 offentlig
604 388 150 31 auktion.
803 388 218 29 Förordaande
1040 396 55 21 om
1115 386 206 36 försäljning
1342 385 87 30 skall
1448 385 185 35 meddelas,
1655 384 62 29 där
1733 382 32 36 ej

267 450 44 20 av
335 439 351 37 lagfartsprotokollet
709 438 166 36 framgår,
900 442 48 26 alt
972 438 211 35 egendomen
1208 439 177 33 avyttrats.
1413 433 354 32 Bulvanförhållande

267 492 39 29 är
336 491 76 30 icke
437 490 277 30 kriminaliserat.
742 488 225 31 Beträffande
993 488 162 36 tillsynen
1181 487 20 31 å
1227 487 118 36 lagens
1374 485 218 36 tillämpning
1616 485 150 36 stadgas,

268 544 50 28 att
339 541 218 36 länsstyrelse
580 541 63 29 har
666 543 47 27 att
735 540 90 35 ägna
851 538 146 31 särskild
1020 538 312 36 uppmärksamhet
1357 536 107 36 däråt,
1488 540 48 26 att
1559 535 96 30 inom
1675 536 93 30 länet

268 591 287 30 förekommande
594 589 374 31 bulvanförhållanden
1007 589 94 30 bliva
1140 588 147 36 lagligen
1325 587 170 31 beivrade.
1536 585 231 37 Landsfogde,

267 641 216 37 landsfiskal,
507 641 210 36 stadsfiskal,
739 639 542 36 mantalsskrivningsförrättare,
1304 638 348 35 kommunalnämnd,
1675 637 92 36 jord-

267 692 349 35 brukskommission,
641 690 348 37 skogsvårdsstyrelse
1011 691 66 29 och
1100 688 387 38 skogsvårdskommitté
1509 689 174 34 ävensom,
1706 688 62 30 där

269 742 350 36 skogsvårdsstyrelse
644 742 74 30 icke
743 742 126 30 utövar
896 741 115 36 tillsyn
1036 742 81 29 över
1144 740 242 37 skogsvården,
1414 739 257 30 vederbörande
1696 738 71 36 jäg-

268 794 151 29 mästare
437 793 107 36 skola,
564 792 44 31 då
626 792 185 36 anledning
830 792 113 30 finnes
962 792 50 29 till
1030 791 195 36 antagande
1244 794 49 27 att
1311 789 351 31 bulvanförhållande
1679 789 89 30 före-

269 843 117 36 ligger,
405 843 120 30 därom
540 844 83 35 göra
639 843 164 30 anmälan
819 842 51 30 till
884 843 253 35 länsstyrelsen.
1156 841 259 36 Länsstyrelsen
1431 842 69 28 kan
1516 840 166 30 förordna
1699 841 69 29 sär-

270 894 92 30 skild
382 893 160 36 åklagare
566 897 49 26 att
634 893 258 36 anhängiggöra
912 894 64 28 och
997 892 116 30 utföra
1134 893 92 29 talan
1248 901 58 20 om
1327 891 360 30 bulvanförhållande.

314 977 215 31 Motionären
547 978 65 29 har
630 977 181 30 motiverat
830 977 57 30 sitt
904 977 156 36 yrkande
1079 977 152 34 därmed,
1251 980 49 26 att
1317 976 230 35 bulvanlagen
1565 975 76 30 icke
1659 975 110 30 skulle

270 1037 84 21 vara
373 1027 197 37 tillräckligt
589 1027 141 30 effektiv
751 1028 55 29 för
826 1031 48 26 att
893 1027 124 30 hindra
1039 1027 287 42 trävarubolagen
1345 1029 49 27 att
1415 1034 122 28 genom
1557 1026 75 30 sina
1652 1026 116 36 styrel-

270 1079 226 30 seledamöter
514 1079 82 29 eller
615 1078 209 36 tjänstemän
841 1077 143 37 kringgå
1005 1078 83 29 1925
1107 1077 55 30 års
1180 1077 212 36 förbudslag.
1415 1077 63 30 Det
1496 1077 89 30 enda
1604 1076 165 30 effektiva

270 1129 113 30 skulle
405 1138 80 21 vara
508 1133 47 26 ett
576 1128 128 31 förbud
724 1128 55 30 för
802 1137 171 27 personer,
998 1138 75 20 som
1096 1128 75 30 icke
1194 1127 109 36 själva
1326 1128 156 29 brukade
1504 1127 132 36 jorden,
1663 1131 48 26 att
1733 1126 38 31 få

270 1179 163 30 förvärva
455 1179 199 36 fastigheter
675 1179 78 30 med
774 1180 95 35 skog,
892 1188 78 21 men
990 1179 218 30 motionären
1228 1178 78 30 ville
1328 1178 11 30 i
1359 1178 108 30 första
1490 1179 94 29 hand
1606 1178 98 30 ställa
1725 1181 46 27 ett

270 1239 98 21 mera
388 1230 182 30 inskränkt
589 1230 163 36 yrkande.

315 1315 114 29 Under
447 1315 218 30 förarbetena
683 1314 49 30 till
749 1314 230 36 bulvanlagen
1002 1313 47 39 (se
1067 1313 213 37 proposition
1301 1314 96 30 1925:
1413 1313 74 40 216)
1511 1314 164 37 föreslogs
1693 1313 78 31 från

269 1365 96 30 olika
381 1364 79 36 håll,
479 1367 49 27 att
545 1374 83 21 man
645 1365 105 29 borde
770 1365 177 30 utsträcka
964 1365 66 29 den
1048 1364 220 31 beträffande
1284 1364 103 37 bolag
1404 1366 64 29 och
1487 1364 197 37 föreningar
1703 1364 67 38 gäl-

269 1416 102 30 lande
398 1414 402 37 förbudslagstiftningen
828 1417 47 28 att
901 1415 145 30 omfatta
1073 1416 86 29 även
1184 1415 118 37 bolags
1329 1415 329 37 styrelseledamöter
1684 1418 88 28 samt

269 1466 209 36 tjänstemän
497 1466 66 30 och
581 1466 107 30 andra
705 1466 63 29 hos
786 1465 102 37 bolag
906 1465 170 31 anställda
1093 1474 172 28 personer,
1285 1465 206 31 åtminstone
1508 1465 102 31 såvitt
1628 1466 144 36 anginge

270 1516 252 35 trävarubolag,
549 1514 79 31 från
653 1515 91 30 vilka
767 1516 66 30 den
859 1517 122 29 största
1006 1515 102 31 faran
1131 1516 10 29 i
1164 1516 228 31 förevarande
1416 1517 194 30 hänseende
1634 1517 135 30 hotade.

270 1566 53 30 En
345 1566 145 30 förebild
512 1566 52 29 till
585 1575 42 21 en
650 1565 108 31 sådan
776 1566 214 36 lagstiftning
1011 1566 114 31 finnes
1147 1567 11 30 i
1180 1567 120 35 Norge.

316 1608 356 31 Jordkommissionen
696 1608 146 30 anförde
865 1609 11 29 i
901 1609 55 30 sitt
978 1609 38 30 år
1044 1609 82 29 1920
1150 1608 146 37 avgivna
1319 1610 216 30 betänkande
1559 1610 146 29 rörande
1730 1617 43 21 en

271 1659 109 30 sådan
401 1659 134 37 lösning
555 1669 42 21 av
617 1658 368 37 lagstiftningsfrågan:
1007 1659 64 30 Det
1092 1668 80 20 vore
1192 1659 197 36 visserligen
1407 1659 222 37 obestridligt,
1651 1662 56 33 att,
1729 1658 44 32 då

271 1710 100 37 fråga
387 1719 79 21 vore
484 1720 58 20 om
560 1711 66 30 den
643 1710 232 30 norrländska
891 1710 255 36 förbudslagen,
1165 1719 82 21 man
1264 1710 200 36 härigenom
1482 1710 109 31 skulle
1609 1709 106 31 träffa
1731 1710 43 30 de

271 1761 199 37 kategorier,
487 1771 75 20 som
574 1760 118 30 hittills
704 1761 108 35 spelat
825 1760 66 30 den
902 1759 212 37 ojämförligt
1126 1762 123 28 största
1259 1761 109 29 rollen
1378 1760 114 31 såsom
1503 1761 175 30 bulvaner.
1695 1760 78 30 Men

272 1811 168 30 bristerna
459 1811 63 30 hos
543 1813 47 27 ett
610 1810 108 37 dylikt
738 1814 128 33 system
887 1810 72 38 låge
978 1812 89 29 dock
1087 1811 10 30 i
1118 1813 112 34 öppen
1249 1811 79 36 dag;
1350 1814 160 34 systemet
1529 1821 80 20 vore
1629 1811 50 30 till
1697 1812 76 30 sina

272 1861 206 36 verkningar
496 1861 20 31 å
535 1870 66 22 ena
620 1861 96 30 sidan
735 1861 118 30 alltför
873 1862 182 35 begränsat
1073 1863 65 29 och
1157 1861 19 31 å
1196 1862 108 30 andra
1324 1862 98 30 sidan
1441 1862 116 30 alltför
1575 1863 197 29 vidsträckt.

272 1913 13 29 I
305 1913 58 30 det
381 1912 92 30 förra
492 1912 182 29 avseendet
693 1912 116 30 kunde
829 1913 195 34 anmärkas,
1044 1915 49 27 att
1112 1921 41 21 en
1172 1912 94 37 dylik
1285 1911 213 38 lagstiftning
1515 1913 161 30 lämnade
1695 1911 77 31 full-

272 1962 150 37 ständigt
437 1962 95 31 åsido
549 1963 42 29 de
607 1961 122 31 talrika
745 1962 63 30 fall
824 1972 42 21 av
882 1963 210 36 bulvanköp,
1110 1972 74 20 som
1199 1962 222 31 förekommit
1437 1963 9 29 i
1463 1963 88 36 syfte
1568 1965 48 27 att
1632 1960 142 38 kringgå

271 2013 257 37 lagstiftningen
548 2016 72 27 mot
638 2012 237 37 utlänningars
895 2012 225 31 rättsförvärv
1139 2013 64 30 och
1222 2022 58 20 om
1298 2013 252 36 inskränkning
1568 2012 10 30 1
1596 2014 110 29 rätten
1726 2014 48 29 att

271 2062 152 31 överlåta
440 2063 66 30 fast
523 2063 175 36 egendom,
716 2064 65 29 och
798 2062 134 30 riktade
948 2063 53 30 sin
1017 2064 312 36 uppmärksamhet
1344 2063 142 31 allenast
1504 2063 43 37 på
1562 2064 211 35 bulvanköp,

273 2124 74 20 som
368 2113 83 36 ägde
469 2124 79 20 rum
566 2114 55 30 för
638 2114 115 36 bolags
773 2113 156 36 räkning.
950 2113 77 30 Men
1046 2114 31 36 ej
1098 2123 59 21 ens
1176 2114 9 29 i
1204 2113 98 37 fråga
1320 2124 58 19 om
1395 2115 40 28 de
1454 2123 118 21 senare
1591 2115 183 29 förvärven

272 2165 118 30 kunde
405 2165 54 29 det
473 2174 41 20 av
529 2174 43 20 en
587 2163 107 31 sådan
709 2163 214 37 lagstiftning
938 2165 186 35 förväntas,
1139 2167 47 27 att
1202 2164 65 30 den
1282 2164 110 29 skulle
1406 2164 71 30 visa
1493 2164 50 37 sig
1557 2164 217 38 synnerligen

271 2216 170 34 verksam,
460 2214 43 31 då
520 2214 38 37 ju
576 2215 54 30 för
647 2217 45 27 ett
707 2215 104 36 bolag
827 2215 66 30 den
909 2214 223 37 möjligheten
1149 2215 94 29 alltid
1260 2215 98 29 stode
1376 2216 111 36 öppen
1504 2217 48 28 att
1570 2214 113 32 såsom
1699 2215 75 30 bul-

272 2275 107 20 vaner
393 2265 104 31 anlita
513 2274 171 29 personer,
700 2275 74 22 som
791 2264 30 38 ej
839 2265 94 30 stode
949 2265 10 30 i
973 2265 236 36 nyssnämnda
1225 2265 161 37 ställning
1400 2265 49 30 till
1464 2265 143 36 bolaget.
1638 2260 12 35 Å
1666 2266 109 30 andra

273 2317 100 29 sidan
392 2320 110 32 syntes
521 2316 56 30 det
595 2315 165 31 innebära
778 2324 42 22 en
838 2315 114 37 obillig
969 2316 177 35 stränghet
1163 2318 47 27 att
1227 2318 84 27 utan
1329 2317 135 35 hänsyn
1483 2316 47 29 till
1548 2316 40 30 de
1606 2317 8 29 i
1632 2317 56 30 det
1705 2317 68 29 sär-

273 2366 114 31 skilda
404 2367 93 29 fallet
516 2366 233 36 föreliggande
768 2365 338 36 omständigheterna
1126 2366 97 29 ställa
1243 2366 41 29 de
1303 2375 170 27 personer,
1493 2376 73 21 som
1585 2368 63 29 här
1666 2375 78 21 vore
1764 2366 10 29 i

273 2417 109 37 fråga,
406 2418 108 29 under
539 2418 174 34 strängare
736 2416 258 30 bestämmelser
1018 2417 45 29 än
1087 2416 89 35 dem,
1202 2426 73 20 som
1300 2416 110 36 gällde
1435 2417 52 29 för
1512 2418 145 29 svenska
1682 2417 92 30 med-

272 2469 145 35 borgare
436 2469 8 29 i
464 2467 118 37 övrigt.
