1888 2810
511 165 117 30 Andra
647 165 238 36 lagutskottets
905 165 175 30 utlåtande
1102 174 41 21 nr
1168 166 49 29 68.
1600 169 18 20 J

158 250 89 30 Från
269 250 92 30 olika
386 251 127 29 trakter
536 250 45 30 ha
603 249 174 36 uppgifter
796 250 151 29 lämnats
970 259 56 20 om
1048 249 90 30 vissa
1160 249 52 29 för
1236 248 65 31 den
1323 248 201 30 nuvarande
1546 248 68 29 kri-

113 301 59 20 sen
202 292 138 36 typiska
371 292 138 29 förvärv
539 301 43 21 av
613 291 200 35 fastigheter
843 290 44 36 på
918 291 246 35 landsbygden.
1200 290 151 30 Sålunda
1383 291 44 29 ha
1457 290 160 30 stadsbor

113 335 84 35 köpt
225 333 130 31 sådana
384 334 207 35 egendomar
619 334 55 30 för
701 337 47 27 att
776 333 162 30 använda
966 333 77 29 dem
1072 342 75 20 som
1173 332 398 36 evakueringsbostäder.
1602 331 13 30 I

112 376 108 30 andra
242 376 60 29 fall
325 376 46 30 ha
393 375 182 36 förmögna
597 384 163 27 personer
781 374 133 31 skaffat
938 375 48 35 sig
1010 375 207 35 egendomar
1239 374 55 30 för
1315 377 49 27 att
1387 375 64 35 äga
1474 374 141 36 tillgång

113 418 50 29 till
186 418 374 35 lantbruksprodukter
583 418 65 30 och
673 418 147 29 bränsle.

155 484 77 31 Med
256 484 258 37 utgångspunkt
540 484 79 31 från
645 484 55 30 det
723 484 148 31 anförda
895 485 64 29 har
980 483 227 37 utredningen
1231 484 149 30 rörande
1404 484 146 31 behovet
1573 493 42 20 av

111 535 214 36 lagstiftning
351 535 117 32 anfört
495 535 166 36 följande.

157 595 106 30 Söker
282 604 82 21 man
386 594 10 30 i
416 594 198 36 anslutning
634 594 50 30 till
704 594 55 30 det
778 603 48 21 nu
846 594 148 30 anförda
1015 593 105 30 vinna
1142 603 41 20 en
1202 592 174 31 överblick
1397 602 41 21 av
1458 592 157 30 intresse-

112 637 312 34 motsättningarna
453 637 127 29 mellan
611 636 20 30 å
659 645 63 21 ena
752 636 99 30 sidan
879 635 204 34 jordbruket
1110 637 65 28 och
1204 636 76 29 dess
1308 636 143 29 utövare
1479 639 89 26 samt
1596 634 20 31 å

113 678 66 30 den
207 679 109 29 andra
343 679 118 35 övriga
486 678 164 35 näringar
677 679 64 29 och
769 678 373 35 befolkningsgrupper
1170 678 63 29 bör
1260 686 92 27 man,
1381 676 114 31 såsom
1522 677 94 30 förut

111 719 219 36 framhållits,
355 720 157 30 betrakta
536 720 56 30 det
616 720 228 29 förevarande
869 720 357 35 samhällsproblemet
1250 728 74 21 som
1350 719 94 30 såväl
1469 722 46 27 ett
1538 728 77 27 pro-

111 762 91 29 blem
223 761 46 36 på
290 762 118 36 längre
431 762 67 31 sikt
519 771 74 20 som
617 766 45 26 ett
685 771 42 20 av
749 762 67 29 den
840 762 202 30 nuvarande
1065 761 166 30 kristiden
1255 761 225 30 aktualiserat
1502 762 113 35 spörs-

112 803 79 31 mål.
216 803 300 31 Förekommande
536 803 331 31 missförhållanden
889 813 42 21 av
952 803 111 32 skilda
1085 804 72 35 slag
1178 804 120 30 kunna
1320 813 61 20 var
1401 803 55 30 för
1479 803 49 36 sig
1551 804 65 30 och

113 845 227 30 tillsammans
368 847 121 34 utgöra
518 846 186 35 anledning
731 846 51 30 till
810 846 229 36 ingripanden
1067 845 78 31 från
1174 846 231 36 lagstiftarens
1436 845 83 31 sida.
1552 845 64 30 Det

111 887 282 36 grundläggande
420 888 65 30 och
511 887 187 36 väsentliga
724 889 39 29 är
787 888 200 30 samhällets
1012 888 143 31 intresse
1180 891 47 27 att
1253 887 363 36 bondebefolkningen

111 928 143 31 bevaras
273 930 65 29 och
357 929 131 30 stärkes
509 933 89 27 samt
617 933 48 27 att
684 930 357 36 jordbruksnäringen
1059 929 265 31 vidmakthålles
1344 931 65 29 och
1427 930 187 30 utvecklas.

156 978 48 31 På
224 979 65 29 den
310 978 51 30 tid
382 978 145 29 behovet
548 985 43 21 av
611 975 159 36 åtgärder
789 975 51 29 till
860 973 249 31 motverkande
1131 982 41 21 av
1192 973 270 30 bondeklassens
1483 972 132 30 försva-

112 1021 110 35 gande
237 1019 270 31 aktualiserades
524 1028 41 20 av
583 1017 327 36 sågverksbolagens
926 1016 229 35 jordförvärv,
1172 1015 77 30 lade
1265 1015 268 29 statsmakterna
1550 1014 66 30 den

113 1063 123 29 största
263 1061 118 30 vikten
405 1061 56 30 vid
488 1063 47 27 att
561 1060 110 35 själva
695 1059 213 36 grundvalen
934 1058 54 30 för
1013 1058 195 29 böndernas
1235 1057 161 35 ställning
1422 1066 74 20 som
1522 1056 93 36 jord-

111 1104 103 35 ägare
232 1104 75 29 icke
327 1103 93 35 finge
440 1102 116 30 alltför
576 1102 137 35 mycket
734 1100 234 36 kringskäras.
991 1100 121 30 Denna
1132 1099 73 30 sida
1224 1109 42 20 av
1285 1098 240 36 utvecklingen
1546 1098 69 30 för-

110 1145 117 36 tjänar
248 1144 150 36 alltjämt
422 1145 65 29 den
511 1145 124 28 största
659 1143 321 36 uppmärksamhet.
1006 1142 49 30 De
1079 1142 138 29 förvärv
1241 1150 42 21 av
1308 1140 307 37 jordbruksfastig-

111 1188 105 34 heter,
240 1196 74 21 som
336 1186 10 29 i
368 1185 82 31 våra
472 1186 105 34 dagar
600 1186 99 34 göras
721 1194 43 20 av
787 1193 174 27 personer,
985 1184 92 30 vilka
1100 1184 109 30 önska
1230 1184 139 35 placera
1390 1183 141 36 kapital,
1557 1182 58 36 på-

109 1228 120 29 minna
247 1237 57 21 om
323 1227 306 36 trävarubolagens
648 1225 138 31 förvärv
805 1226 221 35 därutinnan,
1045 1228 49 28 att
1113 1226 98 30 dessa
1233 1226 309 37 kapitalplacerare
1556 1226 60 29 äro

112 1271 160 30 inställda
289 1270 47 36 på
353 1273 48 27 att
420 1270 136 30 behålla
575 1270 41 29 de
633 1269 143 36 inköpta
795 1268 255 36 fastigheterna.
1071 1268 103 36 Varje
1191 1272 73 32 nytt
1283 1268 140 30 förvärv
1441 1269 37 28 är
1498 1268 118 29 därför

109 1312 49 29 till
183 1313 150 30 avbräck
357 1311 56 30 för
435 1311 362 36 bondebefolkningen
819 1312 67 29 och
909 1313 46 27 ett
978 1311 143 36 ingrepp
1145 1312 9 29 i
1179 1311 75 30 dess
1276 1310 241 36 jordinnehav.
1542 1310 72 29 Vis-

112 1355 143 35 serligen
278 1354 191 30 bibehållas
493 1354 336 35 brukningsdelarna
853 1354 10 29 i
889 1356 85 26 stort
999 1356 72 32 sett,
1097 1362 79 20 men
1201 1353 40 29 de
1264 1352 144 30 komma
1431 1352 185 29 framdeles

111 1396 73 30 ofta
205 1400 48 26 att
272 1397 117 29 skötas
408 1406 42 20 av
469 1396 239 30 arrendatorer
728 1396 80 29 eller
829 1394 186 30 förvaltare
1036 1395 79 29 med
1135 1394 105 29 därav
1260 1394 156 35 följande
1436 1394 179 35 olägenhe-

112 1441 59 28 ter.
198 1438 51 30 Då
273 1438 41 29 de
338 1438 222 35 självägande
584 1437 195 29 böndernas
806 1437 93 29 antal
923 1437 154 29 minskas
1105 1437 64 29 och
1194 1436 303 29 arrendatorernas
1522 1436 94 29 antal

111 1479 172 36 undergår
304 1489 42 20 en
368 1479 243 30 motsvarande
635 1478 138 36 ökning,
797 1479 178 35 försvagas
996 1478 269 31 bondeklassens
1289 1477 160 36 ställning
1471 1478 65 29 och
1559 1478 56 29 be-

110 1521 128 35 tydelse
259 1521 10 29 i
290 1520 194 31 samhället.
509 1520 228 31 Jordbrukets
759 1520 165 31 framtida
947 1520 197 35 utveckling
1164 1521 96 29 torde
1281 1520 106 31 också
1407 1521 47 29 bli
1476 1520 140 30 lidande

112 1562 45 36 på
175 1563 98 30 dessa
291 1563 243 35 förändringar
554 1563 10 29 i
583 1562 319 36 jordbesittningen,
923 1562 82 29 enär
1023 1571 42 20 en
1083 1562 202 29 arrendator
1302 1561 10 29 i
1333 1562 188 30 allmänhet
1540 1561 76 30 icke

112 1605 103 35 hyser
231 1614 134 21 samma
383 1605 141 29 intresse
543 1613 75 21 som
637 1613 42 21 en
699 1604 223 35 självägande
940 1604 113 30 bonde
1071 1604 55 30 för
1145 1607 46 26 att
1211 1603 169 30 förbättra
1398 1603 216 36 fastigheten.

113 1646 64 30 Det
201 1647 63 29 har
290 1646 87 30 visat
403 1646 58 36 sig,
487 1650 49 26 att
561 1647 41 29 de
628 1655 47 21 nu
700 1646 147 30 berörda
873 1647 157 34 köparna
1055 1646 75 30 icke
1155 1646 108 30 sällan
1290 1646 182 35 föredraga
1499 1646 115 35 skogs-

112 1688 208 35 egendomar
340 1688 149 30 framför
511 1697 84 20 rena
616 1688 399 36 jordbruksfastigheter,
1038 1687 151 37 tydligen
1211 1688 120 29 därför
1353 1691 49 28 att
1425 1689 128 35 skogen
1576 1697 41 21 ur

112 1730 112 30 skilda
247 1731 216 34 synpunkter
486 1730 39 29 är
548 1733 47 26 ett
618 1730 200 35 lämpligare
842 1729 313 36 placeringsobjekt
1178 1731 44 29 än
1247 1731 66 29 den
1336 1730 123 30 odlade
1481 1730 133 36 jorden.

113 1771 53 29 En
190 1771 148 30 särskild
364 1771 76 30 fara
466 1772 106 35 ligger
597 1772 84 35 däri,
708 1775 48 27 att
781 1772 100 30 dessa
907 1772 101 35 ägare
1034 1771 30 36 ej
1092 1772 109 30 sällan
1227 1772 72 30 visa
1326 1773 215 35 benägenhet
1567 1775 49 27 att

112 1813 99 35 bryta
229 1813 56 29 det
301 1813 172 35 naturliga
489 1813 181 35 samband,
691 1822 73 21 som
768 1809 17 44 i
808 1813 88 30 flera
914 1814 127 29 trakter
1060 1814 112 29 finnes
1190 1815 64 29 och
1273 1814 109 30 måste
1399 1814 115 30 finnas
1533 1815 82 29 mel-

112 1854 58 29 lan
192 1854 193 36 skogsbruk
407 1856 65 28 och
493 1854 180 35 jordbruk.
697 1855 13 29 I
732 1855 61 29 fall
815 1854 43 31 då
881 1856 127 35 skogen
1029 1856 39 30 är
1088 1856 55 29 det
1165 1855 54 30 för
1240 1857 155 35 köparen
1417 1856 198 36 väsentliga,

111 1896 176 29 betraktar
306 1896 71 30 han
396 1897 106 34 gärna
522 1896 205 35 jordbruket
746 1906 75 20 som
842 1906 41 20 en
903 1898 108 29 börda
1032 1899 65 28 och
1117 1898 192 29 behandlar
1328 1899 190 29 detsamma
1539 1899 76 29 där-

112 1937 94 30 efter.
235 1937 129 30 Jorden
388 1939 241 28 utarrenderas
654 1938 72 30 ofta
751 1938 55 30 för
832 1938 50 36 sig
906 1939 109 30 under
1041 1939 56 29 det
1121 1942 48 27 att
1194 1940 65 29 den
1285 1949 66 26 nye
1376 1940 125 35 ägaren
1527 1940 89 35 själv

112 1978 209 30 förbehåller
350 1978 50 36 sig
428 1980 126 34 skogen
583 1980 66 29 och
678 1980 74 31 dess
779 1980 215 36 avkastning,
1022 1981 118 29 varför
1166 1980 204 36 jordbruket
1398 1982 74 29 icke
1499 1983 117 34 längre

112 2019 145 30 erhåller
280 2020 78 30 stöd
379 2030 43 19 av
445 2021 237 35 skogsbruket.
707 2022 12 29 I
744 2025 85 26 stort
852 2025 64 27 sett
938 2022 96 30 torde
1058 2023 88 29 dock
1170 2023 170 35 vanhävd,
1365 2024 146 30 rovdrift
1535 2025 81 29 eller

112 2070 115 21 annan
251 2061 155 36 allvarlig
431 2062 194 30 misskötsel
648 2063 220 31 beträffande
890 2064 76 35 jord
990 2065 66 29 och
1083 2066 84 34 skog
1189 2065 75 30 icke
1288 2075 82 20 vara
1394 2066 111 30 oftare
1527 2066 88 30 före-

112 2103 219 35 kommande,
354 2103 44 30 då
421 2104 97 35 fråga
540 2105 39 28 är
602 2114 55 20 om
682 2105 112 30 denna
817 2105 153 36 kategori
992 2116 41 20 av
1055 2106 190 36 jordägare.
1271 2107 64 30 Det
1357 2107 104 36 ligger
1483 2108 9 29 i
1516 2109 99 29 deras

111 2148 72 30 eget
205 2144 151 36 intresse,
381 2148 48 26 alt
451 2145 262 36 fastigheternas
736 2148 104 29 värde
863 2148 114 29 såsom
999 2148 313 36 placeringsobjekt
1336 2150 75 29 icke
1433 2150 181 36 förringas.

112 2184 161 36 Möjligen
304 2186 68 29 kan
405 2187 55 29 det
492 2187 108 35 sägas,
633 2191 48 26 att
711 2189 130 34 ägarna
872 2189 182 31 emellanåt
1085 2199 94 21 mera
1212 2191 179 35 tillgodose
1421 2192 194 35 personliga

111 2227 178 30 önskemål
312 2228 44 29 än
382 2229 223 34 fastighetens
631 2230 120 35 behov,
776 2231 64 29 när
865 2231 129 35 kapital
1020 2231 186 30 investeras
1229 2233 9 28 i
1264 2233 351 36 bostadsbyggnader,

111 2267 430 37 trädgårdsanläggningar
562 2271 66 29 och
650 2271 118 34 dylikt.
795 2272 169 34 Vidtagna
986 2273 233 35 anordningar
1241 2275 120 29 kunna
1382 2275 119 29 därför
1522 2277 93 28 inne-

111 2309 84 29 bära
215 2319 40 19 en
275 2310 191 35 belastning
487 2311 44 35 på
551 2312 204 34 fastigheten
776 2313 114 29 såsom
913 2314 344 34 produktionsfaktor
1276 2317 65 28 och
1362 2317 156 30 försvåra
1539 2318 76 29 dess

112 2351 169 34 övergång
301 2351 9 29 i
332 2361 40 19 en
397 2352 128 35 verklig
544 2352 248 35 jordbrukares
815 2355 104 29 hand.

161 2391 45 29 De
241 2393 139 34 köpare,
413 2403 74 19 som
519 2394 115 29 skaffa
670 2395 47 34 sig
749 2395 391 36 jordbruksfastigheter
1173 2399 273 35 huvudsakligen
1481 2401 55 29 för
1568 2405 48 26 att

112 2433 160 29 använda
300 2434 76 29 dem
406 2444 72 19 som
506 2437 314 29 sommarbostäder
848 2439 81 28 eller
956 2439 53 28 för
1037 2440 390 35 evakueringsändamål
1455 2443 80 28 eller
1562 2444 55 28 för

112 2474 106 29 andra
238 2475 142 29 härmed
401 2475 197 35 jämförliga
620 2478 121 34 syften,
762 2480 80 32 göra
864 2480 102 30 också
988 2480 74 30 sina
1081 2482 137 29 förvärv
1239 2482 42 35 på
1302 2483 115 35 längre
1436 2484 76 36 sikt,
1532 2487 7 28 i
1560 2486 56 28 det
