1912 2850
348 167 18 30 2
652 167 419 37 Bevilningsutskottets
1093 168 224 33 betänkande
1338 170 53 32 Nr
1417 171 50 30 16.

304 252 46 21 av
375 242 135 38 Kungl.
536 243 127 37 Maj:ts
687 244 262 36 propositioner
974 245 80 31 med
1080 245 136 37 förslag
1244 246 58 31 till
1326 246 389 39 kommunalskattelag
1741 250 67 30 och

304 294 55 32 till
384 294 213 38 förordning
621 305 56 22 om
700 295 125 38 statlig
849 296 169 32 inkomst-
1042 298 64 30 och
1130 298 366 36 förmögenhetsskatt
1521 299 83 37 fyra
1626 300 181 31 särskilda

307 346 183 37 motioner,
514 346 182 38 nämligen
720 357 45 21 nr
789 348 68 36 492,
882 348 67 37 493,
973 348 60 32 500
1056 349 64 31 och
1144 349 59 31 501
1228 349 12 31 i
1265 349 114 32 andra
1402 350 218 37 kammaren,
1645 351 80 31 med
1749 361 57 27 yr-

306 397 140 32 kanden
469 398 12 31 i
504 397 102 38 dylik
627 398 175 37 riktning.
845 399 77 31 1928
945 400 60 31 års
1027 400 179 31 särskilda
1227 401 147 36 utskott,
1398 400 58 33 det
1479 412 26 23 s.
1526 402 33 31 k.
1583 402 222 32 kommunal-

303 448 303 38 skatteutskottet,
641 450 57 31 till
734 450 113 31 vilket
884 450 101 31 dessa
1021 451 175 31 motioner
1232 452 198 37 hänvisats,
1467 452 159 38 anförde,
1653 454 55 30 att
1735 454 71 31 vad

304 499 133 39 Kungl.
463 500 112 38 Maj:t
599 502 13 31 i
638 502 237 32 förevarande
900 502 199 32 hänseende
1126 503 189 37 föreslagit
1340 504 287 32 överensstämde
1653 505 81 32 med
1759 506 46 31 då

306 552 165 37 gällande
497 552 266 33 bestämmelser
792 554 65 31 och
885 555 53 31 att
965 554 175 32 utskottet
1166 555 78 31 ieke
1273 555 122 31 funnit
1423 555 194 38 anledning
1644 558 55 30 att
1726 556 80 32 där-

304 604 153 31 utinnan
484 604 133 32 föreslå
642 605 120 36 någon
788 604 164 38 ändring.

344 654 126 38 Enligt
492 655 193 32 utskottets
709 656 146 37 mening
879 659 41 29 är
945 657 131 37 frågan
1100 667 58 21 om
1182 657 42 32 de
1249 658 178 37 kungliga
1448 668 235 27 personernas
1707 656 98 34 ställ-

303 706 86 38 ping
415 707 12 31 i
455 706 450 39 beskattningshänseende
932 710 94 30 samt
1052 709 152 31 rörande
1231 709 104 31 deras
1362 711 75 30 rätt
1464 710 56 31 till
1548 709 183 33 tullfrihet
1757 721 46 20 av

302 757 66 31 den
391 759 120 35 natur,
535 760 54 30 att
612 769 43 21 en
679 758 181 38 rubbning
884 769 46 21 av
953 759 188 32 bestående
1168 760 251 32 förhållanden
1442 761 78 31 icke
1542 761 64 32 bör
1629 763 71 35 äga
1724 771 81 22 rum

303 811 86 30 utan
416 820 44 21 en
487 810 194 38 utredning
709 821 47 21 av
782 810 96 32 olika
903 812 48 35 på
980 811 149 37 frågans
1155 812 218 32 bedömande
1400 813 220 31 inverkande
1648 815 155 30 omstän-

303 861 172 38 digheter.
521 862 55 31 Då
603 862 199 32 emellertid
827 872 44 22 en
897 863 178 37 prövning
1103 874 45 20 av
1178 863 131 37 frågan
1335 863 197 38 lämpligen
1558 865 63 31 bör
1648 864 12 31 i
1689 865 115 31 första

302 913 96 32 hand
418 914 192 32 ankomma
629 916 21 30 å
671 915 135 36 Kungl.
828 914 118 38 Maj:t,
968 915 66 31 har
1055 915 174 32 utskottet
1249 916 78 31 icke
1349 916 118 31 ansett
1488 915 54 37 sig
1563 916 87 31 böra
1671 915 133 32 föreslå

302 965 193 37 riksdagen
516 967 54 31 att
590 966 151 36 vidtaga
762 968 118 35 någon
899 967 130 36 åtgärd
1051 967 12 31 i
1085 967 195 36 anledning
1303 978 46 20 av
1371 966 190 33 motionen.

342 1016 184 32 Utskottet
549 1017 206 31 hemställer
778 1018 133 37 därför,

739 1106 55 30 att
819 1105 180 31 motionen
1025 1105 86 31 I:10
1136 1116 46 20 av
1207 1106 84 30 herr
1318 1104 167 38 Nerman,
1511 1115 57 21 om
1594 1106 209 36 upphävan-

704 1157 42 31 de
771 1167 45 21 av
844 1157 67 32 den
937 1157 294 37 konungahusets
1257 1157 231 32 medlemmar
1512 1158 193 36 medgivna
1731 1160 72 29 rät-

700 1210 60 29 ten
800 1208 56 32 till
896 1209 81 32 tull-
1005 1209 65 32 och
1100 1209 241 38 skattefrihet,
1370 1210 77 31 icke
1475 1210 111 31 måtte
1615 1209 189 32 föranleda

697 1262 119 36 någon
839 1261 211 37 riksdagens
1075 1261 139 37 åtgärd.

342 1364 207 32 Stockholm
570 1365 66 31 den
656 1365 38 31 13
712 1375 99 21 mars
831 1364 86 32 1983.

685 1466 76 45 På
793 1467 412 37 bevillningsutskottets
1236 1469 154 35 vägnar:

885 1570 101 33 JOH.
1006 1570 210 33 NILSSON.

302 1891 198 26 Närvarande:
517 1891 97 25 herrar
637 1891 111 25 Nilsson
766 1892 10 23 i
790 1890 195 31 Kristianstad,
1005 1887 82 33 Örne,
1109 1892 116 28 Boman,
1240 1892 146 31 Bergman,
1400 1893 117 24 Ericson
1530 1893 9 23 i
1553 1893 114 30 Oberga,
1682 1893 123 28 Wohlin,

528 1935 120 24 Jönsson
675 1936 8 23 i
712 1931 135 32 Slätåker,
882 1935 128 24 Jönsson
1037 1936 9 23 i
1075 1935 65 29 Boa,
1168 1935 104 24 Olsson
1291 1936 8 23 i
1320 1934 176 31 Golvvasta”,
1525 1936 99 25 Olsson
1655 1938 10 23 i
1695 1935 111 30 Gävle",

525 1979 100 24 Olsson
643 1979 9 24 i
672 1979 124 28 Ramsta,
815 1978 115 25 Ericson
949 1978 10 24 i
978 1978 151 29 Boxholm,
1149 1978 163 30 Lithander,
1332 1975 159 36 Östergren,
1511 1979 219 32 Hjalmarsson”,
1748 1980 57 32 Sjö-

528 2022 75 29 dahl,
621 2023 118 23 Werner
756 2022 10 24 i
786 2020 169 31 Hultsfred”,
975 2021 146 25 Anderson
1140 2023 9 23 i
1169 2021 204 33 Norrköping”,
1394 2023 113 24 Eklund
1526 2023 52 24 och
1597 2024 168 31 Blomquist.

527 2089 12 13 +
558 2091 62 24 Icke
639 2092 126 24 närvarit
783 2091 47 24 vid
850 2092 172 31 justeringen
1042 2099 33 16 av
1093 2091 202 25 betänkandet.
