1874 2760
68 2035 130 26 Utskottet.

245 145 20 30 4
603 150 392 37 Bevillningsutskottets
1019 150 218 32 betänkande
1260 151 49 31 Nr
1333 152 44 32 19

252 235 218 36 nomopolets
490 236 175 30 utövande
685 236 125 30 ändras
832 236 52 30 till
905 238 49 28 att
974 236 90 36 gälla
1085 235 80 31 från
1187 237 65 29 och
1274 237 79 29 med
1376 236 66 30 den
1466 237 14 29 1
1505 235 140 37 januari
1670 237 83 30 1943

249 284 52 31 till
320 285 68 30 och
404 285 79 30 med
501 285 66 30 den
586 286 41 29 31
647 286 178 30 december
846 286 93 30 1948.

293 334 173 37 Styrelsen
489 335 63 30 har
575 335 119 31 vidare
716 336 128 30 erinrat
866 345 69 27 om,
959 339 48 27 att
1029 335 410 37 riksräkenskapsverket
1459 336 222 31 beträffande
1704 338 48 28 to-

251 385 244 32 baksskattens
512 386 191 37 debitering
720 390 110 27 ansett
847 388 114 30 denna
977 387 85 31 böra
1078 387 173 36 anknytas
1269 387 52 31 till
1338 387 207 36 tidpunkten
1563 387 57 31 för
1638 396 115 22 varor-

251 445 64 22 nas
343 436 228 31 öÖverförande
597 436 81 31 från
703 437 151 37 bolagets
882 437 154 31 fabriker
1062 438 53 30 till
1142 438 75 30 dess
1245 438 261 31 tobakskontor.
1561 437 117 37 Enligt
1705 447 49 21 nu

248 486 161 36 gällande
434 486 146 37 ordning
605 487 171 31 hänförde
801 487 51 37 sig
878 487 234 36 debiteringen
1138 497 42 21 av
1206 488 136 30 skatten
1372 488 51 30 till
1449 488 41 30 de
1513 487 238 36 tobaksvaror,

248 545 76 22 som
348 537 110 30 under
480 536 96 37 varje
600 536 130 32 månad
752 547 42 21 av
818 538 296 30 tobakskontoren
1138 537 139 32 försålts
1301 538 52 30 till
1377 538 153 36 bolagets
1555 537 198 31 återförsäl-

248 596 85 27 jare.

292 637 125 31 Därest
444 638 268 31 statsmakterna
736 638 110 31 skulle
870 648 83 21 anse
978 639 55 30 det
1056 648 44 21 av
1124 638 408 36 riksräkenskapsverket
1556 638 197 31 framförda

247 687 167 36 förslaget
435 688 85 30 böra
541 688 190 36 realiseras,
753 689 90 30 hade
864 689 325 36 tobaksmonopolet
1210 689 76 31 icke
1308 689 106 36 något
1436 692 49 28 att
1505 689 154 31 invända
1681 691 72 28 mot

252 741 50 28 att
324 739 189 36 stadgande
533 739 11 30 i
566 738 125 32 sådant
712 739 88 36 syfte
820 739 218 31 inarbetades
1060 740 11 30 i
1093 740 58 30 det
1172 750 68 26 nya
1261 740 128 31 avtalet
1411 740 56 30 för
1487 743 49 28 att
1559 740 123 31 därvid
1703 749 50 21 er-

248 789 91 30 sätta
364 789 43 30 de
429 789 108 30 under
563 789 18 37 $
608 790 20 29 4
653 789 11 30 i
689 799 47 20 nu
758 789 160 37 gällande
943 790 91 30 avtal
1059 790 142 36 intagna
1225 789 274 31 föreskrifterna.

292 872 14 30 I
327 872 58 31 sitt
404 873 158 36 yttrande
581 872 52 31 till
653 872 373 37 statsrådsprotokollet
1043 874 66 30 har
1129 873 380 38 departementschefen
1530 873 50 31 till
1602 874 77 30 stöd
1697 873 56 31 för

248 923 57 29 det
325 932 50 21 nu
395 923 234 36 föreliggande
650 923 163 36 förslaget
833 923 130 31 anfört:

296 981 86 31 »Det
407 982 202 30 nuvarande
635 983 125 29 avtalet
786 983 128 29 mellan
941 982 146 31 svenska
1114 985 110 28 staten
1250 983 67 30 och
1345 982 228 37 aktiebolaget
1601 982 154 31 Svenska

246 1023 325 37 tobaksmonopolet
587 1034 58 21 om
662 1025 173 30 utövande
851 1035 43 20 av
912 1027 125 28 statens
1055 1026 165 35 monopol
1237 1024 21 32 å
1274 1026 266 36 tillverkningen
1556 1035 44 21 av
1615 1026 138 30 tobaks-

247 1075 104 21 varor
368 1066 95 30 inom
479 1067 88 30 riket
585 1066 101 37 utgår
702 1067 65 30 den
784 1067 39 30 31
843 1067 179 30 december
1042 1067 95 30 1942.
1155 1067 292 37 Bolagsstyrelsen
1466 1068 63 29 har
1545 1066 112 37 utgått
1673 1066 79 31 från

247 1111 49 27 att
321 1108 59 30 det
404 1118 68 27 nya
496 1109 128 30 avtalet
649 1109 11 30 i
686 1109 149 36 enlighet
859 1110 81 29 med
964 1109 67 30 vad
1056 1110 268 30 statsmakterna
1350 1109 11 30 i
1386 1110 170 30 samband
1582 1110 80 30 med
1687 1110 65 30 till-

248 1151 162 30 komsten
429 1160 43 22 av
492 1152 84 29 1930
595 1150 57 32 års
671 1152 91 30 avtal
780 1152 155 30 uttalade
952 1152 149 30 rörande
1120 1153 66 29 den
1205 1152 167 36 lämpliga
1391 1152 147 36 längden
1559 1161 43 21 av
1622 1151 130 37 oktroj-

247 1193 95 30 tiden
362 1193 67 30 och
448 1192 45 37 på
512 1194 68 29 sätt
598 1193 151 30 därefter
767 1192 178 37 iakttagits
964 1193 87 30 skall
1071 1202 81 22 avse
1175 1203 41 20 en
1236 1192 248 38 sexårsperiod.
1507 1194 64 36 Jag
1592 1194 66 30 har
1679 1194 75 30 icke

247 1235 188 36 anledning
454 1236 51 30 till
525 1235 141 30 erinran
686 1235 158 30 häremot
865 1235 66 31 och
952 1234 145 31 föreslår
1120 1235 155 36 sålunda,
1298 1239 50 27 att
1370 1236 80 30 med
1470 1237 136 35 bolaget
1628 1236 125 30 träffas

247 1279 93 29 avtal
359 1287 58 21 om
436 1278 389 36 tobakstillverkningen
845 1278 56 30 för
920 1278 290 30 nästkommande
1229 1277 248 37 sexårsperiod.

290 1320 125 31 Därest
436 1320 64 30 den
520 1321 96 29 ännu
637 1320 31 36 ej
692 1320 178 31 avslutade
891 1320 214 36 prövningen
1127 1330 43 21 av
1190 1319 206 37 spörsmålet
1419 1330 57 20 om
1496 1321 194 30 ordnandet
1710 1330 43 21 av

245 1362 145 36 import-
412 1363 65 30 och
498 1362 261 36 detaljhandeln
782 1363 80 30 med
885 1363 227 30 tobaksvaror
1135 1363 110 30 skulle
1267 1363 112 30 under
1401 1362 212 37 oktrojtiden
1636 1363 117 31 föran-

246 1405 77 30 leda
353 1405 245 36 förändringar
627 1405 11 30 i
667 1405 56 30 det
751 1405 137 36 statliga
917 1406 318 35 monopolbolagets
1264 1406 230 35 verksamhet,
1522 1406 98 30 torde
1649 1406 104 36 regle-

246 1447 123 36 ringen
391 1447 108 31 härav
522 1448 187 36 lämpligen
731 1448 120 30 kunna
874 1448 60 30 ske
955 1456 123 28 genom
1100 1448 239 36 tilläggsavtal.

292 1488 116 37 Några
431 1489 245 37 förändringar
700 1489 12 30 i
737 1490 61 30 sak
823 1499 44 21 av
892 1490 42 30 de
958 1490 202 30 nuvarande
1184 1490 419 31 avtalsbestämmelserna
1628 1489 126 37 ifråga-

245 1532 107 30 sätter
376 1531 59 37 jag
459 1532 85 31 icke.
571 1532 218 36 Prövningen
815 1542 44 21 av
884 1532 66 31 den
975 1542 42 21 av
1042 1532 411 36 riksräkenskapsverket
1477 1533 125 30 väckta
1628 1532 124 37 frågan

244 1583 59 21 om
323 1575 135 30 ändrad
477 1575 165 35 tidpunkt
660 1574 55 31 för
734 1575 279 30 tobaksskattens
1033 1574 192 37 debitering
1243 1574 98 31 inom
1363 1575 303 36 monopolbolaget
1685 1577 67 28 tor-

248 1617 41 30 de
310 1616 39 31 få
368 1616 100 31 anstå
487 1617 68 30 tills
576 1617 128 30 vidare.

291 1658 67 31 Det
377 1659 80 30 med
474 1658 404 37 preferensaktieägarna
898 1659 150 31 träffade
1067 1660 128 30 avtalet
1214 1659 67 31 den
1302 1660 42 29 22
1364 1659 139 37 januari
1527 1660 82 30 1937
1632 1660 39 30 är
1693 1669 60 21 an-

246 1701 124 30 knutet
389 1701 51 30 till
460 1702 127 30 avtalet
608 1701 80 30 med
708 1702 300 36 monopolbolaget
1030 1700 173 32 såtillvida
1223 1705 49 27 att
1292 1702 12 30 i
1326 1702 19 37 8
1372 1703 15 29 1
1412 1712 42 20 av
1478 1703 81 29 1937
1582 1701 57 32 års
1660 1702 92 31 avtal

245 1743 228 36 föreskrivits,
495 1746 49 28 att
565 1743 221 31 beträffande
808 1744 67 30 den
899 1745 76 35 rätt,
997 1753 75 21 som
1094 1745 121 29 utöver
1234 1744 68 31 vad
1323 1744 314 37 bolagsordningen
1658 1744 94 30 inne-

246 1784 112 32 håller
380 1786 210 30 tillkommer
616 1786 410 36 preferensaktieägarna,
1051 1786 89 31 skall
1163 1787 89 36 gälla
1274 1787 69 30 vad
1366 1787 11 30 i
1400 1787 125 30 avtalet
1547 1787 67 30 den
1638 1787 19 30 5
1680 1786 71 36 maj

248 1828 85 30 1936
357 1828 127 30 mellan
508 1831 112 28 staten
643 1828 66 30 och
733 1828 136 37 bolaget
893 1829 145 36 stadgas.
1065 1828 54 32 Då
1143 1828 79 37 inga
1246 1829 246 37 förändringar
1516 1831 61 29 äro
1602 1829 151 32 avsedda

245 1873 49 27 att
317 1871 102 35 göras
442 1871 12 29 i
476 1870 217 31 sistnämnda
716 1871 91 30 avtal
829 1871 66 30 och
918 1870 113 37 någon
1054 1871 232 36 begränsning
1309 1871 51 30 till
1384 1871 93 30 tiden
1501 1871 77 31 icke
1602 1872 40 29 är
1664 1880 87 27 upp-

245 1912 104 30 ställd
373 1913 12 29 i
408 1913 125 30 avtalet
556 1913 82 30 med
659 1913 411 36 preferensaktieägarna,
1096 1913 97 30 torde
1217 1913 93 31 detta
1334 1912 39 32 få
1396 1923 99 21 anses
1520 1914 64 36 äga
1612 1913 139 31 fortsatt

247 1954 185 37 giltighet.»

291 2030 181 37 Utskottet,
498 2040 76 21 som
598 2030 77 31 icke
698 2030 115 32 funnit
836 2031 186 36 anledning
1046 2031 53 31 till
1124 2031 137 31 erinran
1286 2034 74 29 mot
1385 2032 122 36 Kungl.
1538 2031 120 37 Maj:ts
1682 2031 69 31 för-

246 2082 83 36 slag,
352 2080 56 32 får
428 2082 193 35 hemställa,

600 2151 51 28 att
671 2149 183 36 riksdagen
876 2148 105 32 måtte
1000 2149 123 31 bifalla
1143 2149 122 37 Kungl.
1287 2149 120 37 Maj:ts
1426 2149 229 31 förevarande
1673 2158 77 28 pro-

555 2199 153 37 position
724 2209 42 21 nr
786 2200 75 30 200.

291 2274 202 30 Stockholm
514 2275 67 30 den
604 2276 40 29 21
671 2275 86 36 april
784 2276 94 29 1942.

699 2358 48 31 På
764 2359 390 36 bevillningsutskottets
1172 2360 142 36 vägnar:

879 2443 37 31 A.
938 2443 29 31 J.
990 2439 125 35 BARG.
