2228 2628
431 161 61 31 160
837 153 346 33 Jordbruksutskottets
1206 150 166 32 utlåtande
1395 149 52 31 Nr
1472 151 18 30 9
1503 148 40 32 B.

388 239 110 47 1,000
528 241 142 32 meters
698 235 106 48 djup,
835 232 157 37 anförde
1022 231 135 36 chefen
1186 229 59 36 för
1269 226 530 51 jordbruksdepartementet,
1820 229 56 31 att
1895 223 104 36 detta

385 290 229 36 åtminstone
661 286 209 37 tillsvidare
915 283 117 37 borde
1074 281 205 36 neddrivas
1324 279 133 36 endast
1497 278 57 36 till
1597 277 88 36 dess
1725 275 274 49 rät-liaslagret

384 340 294 50 genomborrats
726 338 70 36 och
844 336 72 36 den
961 331 307 50 underliggande
1309 331 169 48 keupern
1524 332 117 33 nåtts.
1710 327 18 36 I
1774 327 226 48 anslutning

384 393 128 36 härtill
552 391 151 50 yttrade
742 385 420 52 departementschefen
1202 383 144 36 vidare:
1393 381 260 48 »Härigenom
1691 381 109 35 ernås
1828 382 95 31 även
1952 391 46 22 en

385 444 154 49 mycket
580 442 174 49 betydlig
794 436 400 49 kostnadsbesparing.
1249 435 17 35 I
1295 434 226 48 geologiska
1552 430 360 48 undersökningens
1939 434 59 30 ut-

384 495 153 37 låtande
589 500 123 43 yttras
760 491 205 48 nämligen,
1012 494 56 31 att
1115 488 96 36 efter
1258 486 66 36 allt
1370 491 54 31 att
1469 484 113 36 döma
1633 483 121 36 skulle
1799 494 89 23 man
1934 480 65 36 vid

386 547 227 36 Kullemölla
642 548 49 33 nå
719 545 170 47 keupern
917 542 109 48 långt
1054 540 81 36 före
1164 539 63 36 det
1255 537 219 48 föreslagna
1503 535 136 48 djupet
1667 547 47 23 av
1736 534 111 45 1,000
1868 537 128 31 meter.

385 600 17 36 I
422 600 74 35 den
514 598 64 37 vid
600 592 648 51 diamantbergborrningsbolagets
1270 589 126 36 anbud
1412 587 139 49 fogade
1567 587 139 48 planen
1722 590 158 42 antages
1896 584 104 35 detta

385 650 153 37 inträffa
558 652 49 47 på
627 650 76 35 450
723 653 139 31 meters
888 646 105 48 djup.
1038 643 73 37 Om
1134 641 192 38 borrhålet
1344 654 50 22 nu
1416 640 58 35 för
1494 637 218 38 erhållande
1732 649 47 23 av
1797 635 203 37 kostnads-

386 702 213 48 beräkning
642 706 159 42 antages
844 698 107 36 skola
983 696 103 35 bliva
1123 694 118 49 högst
1281 694 74 35 600
1384 697 118 31 meter
1531 690 123 48 djupt,
1684 701 113 36 synes
1826 687 65 36 det
1918 687 83 48 mig

385 755 129 35 kunna
555 752 87 37 med
689 754 40 33 så
772 755 79 32 stor
893 748 188 45 säkerhet,
1111 759 80 23 som
1222 758 51 23 nu
1303 750 42 30 är
1372 743 147 48 möjlig,
1550 747 173 42 antagas,
1753 744 56 31 att
1844 739 64 36 det
1935 738 64 36 be-

385 805 244 50 tydelsefulla
655 802 273 47 rät-liaslagret
956 800 47 35 då
1032 798 305 49 genomborrats.
1376 795 75 36 För
1479 794 73 36 den
1581 792 181 36 händelse
1791 790 107 36 detta
1923 795 78 30 mot

386 857 199 37 förmodan
627 856 85 35 icke
753 853 122 36 skulle
915 852 102 36 bliva
1059 849 222 45 händelsen,
1324 847 99 36 lärer
1455 845 144 49 Kungl.
1629 843 109 49 Maj:t
1766 843 130 35 kunna
1925 841 75 36 för-

386 910 171 35 skottera
584 907 226 49 ytterligare
839 902 243 48 erforderligt
1110 901 139 48 belopp
1270 900 59 36 för
1350 898 255 47 borrningens
1631 894 253 37 fortsättande
1902 892 99 36 intill

388 967 52 30 ett
469 959 253 48 maximidjup
752 970 46 23 av
829 956 112 46 1,000
969 959 157 31 meter.»

516 1011 136 47 Enligt
680 1010 73 35 den
780 1007 210 49 tillstyrkta
1017 1005 141 49 planen
1184 1003 133 46 skulle,
1339 1002 58 36 för
1418 1005 54 32 att
1491 1000 235 48 möjliggöra
1745 997 257 47 borrningens

386 1063 208 37 eventuellt
635 1061 142 49 nödiga
819 1058 234 37 bedrivande
1093 1056 58 35 till
1193 1060 122 31 större
1349 1054 91 48 djup
1469 1057 47 31 än
1548 1052 74 35 600
1653 1055 127 42 meter,
1810 1048 192 37 borrhålet

386 1116 57 36 till
485 1115 105 36 detta
632 1114 92 48 djup
753 1112 110 49 givas
893 1110 142 37 sådana
1063 1107 268 45 dimensioner,
1362 1111 53 30 att
1444 1117 47 23 en
1519 1102 254 46 fortsättning
1801 1101 58 35 till
1890 1101 112 45 1,000

387 1174 118 29 meter
533 1166 128 37 kunde
690 1170 73 43 äga
790 1176 95 23 rum.
939 1160 193 37 Kontrakt
1161 1172 61 22 om
1251 1157 300 46 borrningarnas
1583 1153 204 37 utförande
1813 1152 69 36 har
1906 1164 97 35 upp-

387 1219 124 49 gjorts
553 1217 88 37 med
677 1215 165 37 svenska
871 1207 739 52 diamantbergborrningsaktiebolaget
1638 1205 13 35 i
1680 1203 222 37 Stockholm
1931 1203 71 35 och

387 1270 111 37 blivit
527 1283 47 22 av
603 1268 143 48 Kungl.
777 1266 108 49 Maj:t
913 1264 182 49 godkänt.
1138 1262 135 47 Enligt
1297 1261 104 35 detta
1419 1257 183 38 kontrakt
1623 1256 122 36 skulle
1764 1255 239 46 borrningen

387 1322 65 36 vid
494 1320 230 37 Kullemölla
764 1321 48 46 på
854 1317 46 36 de
942 1314 302 38 överenskomna
1276 1312 189 36 villkoren
1492 1309 179 37 bedrivas
1699 1308 56 35 till
1784 1307 116 47 högst
1928 1307 75 34 800

386 1379 140 30 meters
555 1372 104 48 djup.

518 1424 17 36 I
579 1423 184 36 skrivelse
800 1421 73 36 den
909 1423 20 32 2
972 1417 201 38 december
1216 1417 99 35 1918
1350 1415 68 35 har
1446 1427 50 22 nu
1527 1412 137 36 chefen
1692 1411 58 36 för
1778 1409 226 48 geologiska

388 1474 341 48 undersökningen
758 1472 154 46 anmält,
942 1476 54 30 att
1023 1465 494 50 undersökningsarbetena
1546 1463 112 36 söder
1686 1476 62 22 om
1772 1457 232 52 Ängelholm

387 1528 197 49 påbörjats
622 1526 119 35 under
778 1536 131 24 senare
951 1522 110 36 delen
1102 1533 46 23 av
1180 1518 211 36 november
1419 1515 137 37 månad
1588 1515 98 35 1916
1717 1519 97 30 samt
1845 1513 160 47 fortgått

388 1585 92 31 utan
522 1578 154 37 avbrott
718 1576 56 36 till
809 1579 92 32 nära
929 1574 115 36 slutet
1074 1586 46 22 av
1148 1570 162 37 oktober
1337 1567 138 37 månad
1507 1568 113 45 1917,
1651 1566 46 35 då
1725 1565 281 47 borrningarna

387 1632 56 35 uti
471 1630 167 36 nämnda
666 1629 102 36 trakt
787 1627 187 36 avslutats
994 1627 47 46 på
1062 1629 54 31 ett
1136 1623 93 48 djup
1250 1635 47 22 av
1317 1622 74 34 426
1414 1625 129 38 meter,
1564 1622 172 32 varemot
1755 1615 250 50 påbörjandet

389 1696 46 22 av
476 1681 236 48 borrningen
746 1680 62 35 vid
837 1676 231 38 Kullemölla
1097 1688 47 23 av
1173 1673 188 36 särskilda
1390 1671 81 37 skäl
1498 1669 240 50 uppskjutits
1767 1668 56 36 till
1851 1667 12 36 i
1892 1668 114 35 slutet

389 1748 46 22 av
477 1747 101 22 mars
624 1734 111 44 1918,
778 1731 84 35 från
902 1729 130 36 vilken
1070 1727 54 36 tid
1153 1726 72 36 den
1255 1723 216 37 sedermera
1499 1722 204 35 oavbrutet
1730 1720 163 48 fortgått
1920 1718 85 36 med

388 1786 168 46 resultat,
587 1789 56 31 att
672 1797 88 22 man
787 1783 13 35 i
829 1781 135 49 början
993 1793 46 23 av
1069 1777 199 37 december
1299 1777 97 35 1918
1425 1774 208 47 nedträngt
1659 1772 57 36 till
1757 1776 53 31 ett
1837 1770 93 49 djup
1959 1783 48 23 av

388 1837 182 48 omkring
597 1838 76 34 420
702 1840 129 31 meter.

522 1888 149 36 Chefen
700 1887 58 35 för
786 1883 225 51 geologiska
1039 1880 350 47 undersökningen,
1419 1891 81 23 som
1527 1875 232 46 beräknade,
1789 1879 56 31 att
1872 1878 136 31 utöver

390 1941 48 36 då
478 1939 119 37 redan
638 1937 189 48 beviljade
868 1935 123 37 medel
1021 1932 237 37 erfordrades
1287 1931 59 36 för
1374 1929 257 48 borrningens
1660 1925 260 38 neddrivande
1948 1925 58 35 till

391 1994 74 34 600
495 1996 138 31 meters
662 1990 92 48 djup
784 1988 139 46 30,000
952 1987 142 35 kronor
1122 1984 71 37 och
1222 1984 59 35 för
1309 1981 227 50 uppnående
1565 1993 46 22 av
1637 1978 118 37 minst
1775 1978 74 36 800
1870 1982 138 30 meters

392 2044 92 49 djup
529 2043 140 47 65,000
712 2041 151 45 kronor,
905 2038 69 36 har
1015 2038 12 35 i
1070 2037 60 36 sin
1172 2033 293 49 ifrågavarande
1508 2031 183 37 skrivelse
1714 2029 209 51 hemställt,
1953 2033 55 30 att

392 2094 331 50 djupborrningen
744 2092 95 36 efter
858 2089 150 38 stenkol
1028 2088 64 36 vid
1115 2086 230 37 Kullemölla
1370 2087 116 35 måtte
1510 2084 37 35 få
1567 2083 189 45 fortsätta,
1777 2094 60 23 om
1854 2079 155 48 möjligt

392 2148 12 35 i
432 2144 382 39 överensstämmelse
843 2142 86 36 med
959 2139 226 50 geologiska
1212 2136 362 47 undersökningens
1613 2132 276 50 ursprungliga
1915 2131 92 49 plan

391 2199 58 35 till
491 2203 56 31 ett
589 2197 93 49 djup
725 2209 47 23 av
816 2195 112 46 1,000
971 2198 131 41 meter,
1145 2191 89 36 eller
1262 2203 62 22 om
1354 2189 102 36 detta
1484 2187 32 47 ej
1547 2185 130 37 kunde
1711 2184 211 48 medgivas,
1951 2182 56 36 till
