2186 2622
407 178 43 31 380

855 172 253 34 Statsutskottets
1136 170 168 33 Utlåtande
1327 171 60 31 N:o
1411 175 50 29 10.

763 252 85 36 från
875 250 263 50 tjänstgöring
1167 248 179 49 afstängd
1379 249 92 37 eller
1500 250 33 48 ej
1566 249 73 36 kan
1667 248 221 37 densamma
1915 251 48 46 på

763 302 125 50 grund
929 302 40 36 af
1006 301 112 49 eljest
1157 300 310 38 förekommande
1508 300 140 50 lagligt
1686 299 279 49 tjänstehinder

764 355 171 46 förrätta,
977 354 77 35 kan
1089 352 198 49 förpliktas
1321 356 55 31 att
1402 353 122 36 under
1551 350 232 50 ledigheten,
1814 352 151 36 utöfver

763 406 84 36 sina
875 403 508 51 tjänstgöringspenningar,
1413 403 98 37 afstå
1539 407 41 34 så
1608 402 154 49 mycket
1782 403 41 35 af
1838 403 125 47 lönen,

764 470 82 24 som
885 457 60 36 för
986 457 186 48 tjänstens
1214 454 235 37 förrättande
1492 456 193 36 erfordras
1727 453 93 37 eller
1855 454 110 48 eljest

764 509 156 49 pröfvas
949 508 159 48 skäligt;

893 565 55 31 att
967 559 65 37 vid
1052 557 324 51 sjukdomsförfall
1395 557 59 37 för
1468 557 335 37 fiskeriintendent
1817 555 146 37 fiskeri-

764 612 228 37 assistenten
1035 610 96 37 skall
1166 623 92 23 vara
1292 609 154 49 skyldig
1474 613 68 43 att,
1572 622 61 23 om
1661 609 76 36 han
1764 607 200 37 förordnas

765 669 55 31 att
864 662 202 51 uppehålla
1111 660 579 49 fiskeriintendentsbefattning,
1733 660 230 46 densamma,

765 721 79 31 mot
873 714 224 50 åtnjutande
1125 713 40 37 af
1189 714 45 35 de
1253 713 61 36 för
1332 712 272 49 befattningen
1625 712 185 48 anslagna
1829 711 135 49 tjänst-

764 766 389 50 göringspenningar,
1174 764 179 47 bestrida,
1375 764 94 37 dock
1490 765 33 48 ej
1545 764 137 49 längre
1702 768 48 31 än
1765 768 57 31 tre
1840 765 125 34 måna-

766 819 66 36 der
858 819 121 35 under
1008 822 55 32 ett
1091 819 54 43 år;

896 875 66 42 att,
993 869 68 36 där
1087 868 163 49 höjning
1277 868 41 35 af
1342 867 111 36 lönen
1482 867 98 37 efter
1608 867 76 36 viss
1711 866 76 37 tids
1812 866 153 37 fortsatt

766 921 281 37 innehafvande
1089 921 40 35 af
1165 920 119 49 tjänst
1324 919 13 36 i
1369 932 141 23 samma
1538 919 98 48 grad
1663 924 42 31 är
1731 917 233 49 medgifven,

767 973 230 50 tidpunkten
1025 972 65 36 vid
1118 972 118 36 första
1269 970 273 49 förhöjningen
1571 970 228 37 bestämmes
1828 974 55 32 att
1908 969 57 36 in-

766 1026 108 36 träda
902 1025 98 36 efter
1027 1024 77 36 fem
1132 1027 51 44 år,
1212 1023 122 36 under
1361 1022 137 36 villkor
1519 1027 57 31 att
1594 1022 274 36 innehafvaren
1886 1034 80 23 mer

767 1082 48 31 än
842 1077 84 48 fyra
955 1080 40 33 år
1023 1076 41 36 af
1088 1076 124 36 denna
1240 1074 56 37 tid
1316 1074 90 49 själf
1422 1074 84 36 med
1526 1073 97 49 godt
1640 1073 145 37 vitsord
1804 1073 162 36 bestridt

767 1129 61 36 sin
856 1142 97 35 egen
982 1128 93 36 eller
1102 1130 48 46 på
1177 1127 126 48 grund
1332 1126 42 36 af
1398 1125 258 37 förordnande
1677 1138 125 23 annan
1822 1129 144 32 statens

767 1181 129 49 tjänst,
939 1180 70 36 och
1050 1179 60 36 för
1151 1179 115 35 andra
1304 1177 274 49 förhöjningen
1615 1177 96 36 efter
1742 1176 224 49 ytterligare

768 1232 77 36 fem
886 1235 41 33 år
967 1234 50 46 på
1058 1244 141 23 samma
1241 1230 148 46 villkor,
1423 1229 123 36 under
1578 1228 260 49 iakttagande,
1867 1227 99 37 hvad

768 1283 133 48 hvarje
943 1283 41 36 af
1022 1282 110 36 dessa
1172 1281 266 49 förhöjningar
1479 1283 134 45 angår,
1656 1285 55 32 att
1744 1280 76 36 den
1847 1279 119 48 högre

770 1335 217 47 aflöningen
1007 1334 33 48 ej
1061 1333 59 36 får
1138 1333 188 36 tillträdas
1340 1332 129 36 förrän
1484 1332 66 36 vid
1565 1332 136 48 början
1716 1332 40 36 af
1767 1331 198 37 kalender-

768 1390 83 33 året
878 1390 86 32 näst
992 1386 98 35 efter
1109 1385 75 46 det,
1203 1384 122 36 under
1343 1383 146 36 hvilket
1508 1383 76 37 den
1604 1383 183 49 stadgade
1806 1383 159 49 tjänste-

770 1437 132 37 åldern
929 1436 128 37 blifvit
1084 1435 195 50 uppnådd;

900 1494 54 31 att
981 1487 318 37 fiskerintendent
1328 1487 91 36 eller
1445 1486 314 37 fiskeriassistent
1788 1485 106 47 skall,
1919 1486 46 35 då

770 1541 74 36 han
872 1543 163 47 uppnått
1065 1541 46 35 65
1140 1539 194 36 lefnadsår
1362 1538 69 37 och
1458 1538 119 36 minst
1606 1539 47 35 35
1681 1538 176 48 tjänstår,
1877 1550 89 23 vara

769 1592 206 49 förpliktad
1005 1596 55 32 att
1087 1591 86 36 med
1200 1590 201 37 oafkortad
1429 1590 64 36 lön
1522 1593 125 33 såsom
1674 1589 162 50 pension
1852 1585 20 60 å
1901 1589 64 36 all-

770 1649 140 31 männa
950 1643 381 48 indragningsstaten
1370 1642 84 36 från
1492 1642 172 48 tjänsten
1692 1641 102 49 afgå,
1824 1641 139 48 Kungl.

771 1696 106 48 Maj:t
918 1695 91 37 eller
1048 1695 74 36 den
1162 1693 240 50 myndighet,
1445 1706 81 24 som
1569 1697 94 44 äger
1701 1692 170 37 afskedet
1905 1697 59 31 ut-

770 1747 119 47 färda,
931 1746 97 37 dock
1070 1746 180 48 obetaget
1292 1750 56 31 att
1381 1745 75 36 låta
1491 1744 89 37 med
1609 1745 208 35 detsamma
1845 1746 120 44 anstå,

771 1799 126 36 därest
938 1798 70 37 och
1051 1801 41 33 så
1119 1798 113 47 länge
1261 1797 75 36 den
1363 1796 421 49 pensionsberättigade
1812 1795 153 50 pröfvas

771 1851 128 35 kunna
925 1850 12 35 i
965 1850 170 48 tjänsten
1174 1851 48 47 på
1264 1848 352 37 tillfredsställande
1644 1852 75 32 sätt
1745 1860 131 36 gagna
1904 1846 62 37 det

772 1902 190 36 allmänna
1003 1901 72 37 och
1115 1901 74 35 kan
1230 1900 122 36 finnas
1392 1899 110 49 villig
1542 1899 13 36 i
1597 1899 217 37 densamma
1855 1898 110 36 kvar-

773 1956 73 43 stå;
877 1958 96 32 samt

900 2010 56 31 att
974 2003 332 38 fiskeriintendent
1325 2003 90 36 eller
1433 2002 312 37 fiskeriassistent
1765 2001 97 37 skall
1876 2014 88 23 vara

770 2056 259 37 underkastad
1071 2055 46 37 de
1157 2055 227 36 förändrade
1412 2054 288 36 bestämmelser
1727 2053 12 36 i
1767 2053 110 49 fråga
1904 2066 60 23 om

771 2108 172 50 pension,
972 2121 82 23 som
1083 2108 128 35 kunna
1239 2106 117 36 varda
1384 2106 200 48 stadgade;

899 2164 93 32 samt
1020 2159 183 46 medgifva
1232 2159 33 48 ej
1297 2158 145 36 mindre
1463 2162 66 42 att,
1549 2157 60 36 för
1628 2156 233 37 tillsättande
1881 2156 84 36 från

772 2212 69 37 och
882 2211 84 37 med
1004 2213 41 34 år
1076 2212 96 35 1905
1201 2210 39 36 af
1262 2213 66 33 två
1355 2208 611 48 fiskeriintendentsbefattningar

770 2264 73 36 och
884 2263 83 36 från
1010 2263 74 35 den
1124 2262 66 47 tid,
1233 2261 47 36 då
1318 2261 72 36 den
1422 2261 82 36 från
1534 2260 174 48 anslaget
1734 2260 58 36 till
1820 2260 145 36 fiskeri-
