2182 2626
714 173 251 30 Statsutskottets
996 172 167 32 Utlåtande
1187 172 61 32 N:o
1273 175 49 30 10.
1715 174 57 31 121

219 261 80 22 som
346 248 86 36 med
476 249 209 49 anledning
727 250 110 36 härat
875 249 121 38 skulle
1038 250 41 36 af
1111 250 223 37 statsmedel
1362 250 223 49 ytterligare
1615 252 201 45 erfordras,

221 298 103 36 lades
367 299 58 36 till
453 301 125 48 grund
607 301 218 37 medeltalet
853 302 41 35 af
918 302 214 48 utgifterna
1163 302 57 36 för
1247 302 78 49 pris
1354 302 64 36 vid
1446 302 285 49 premieringen
1759 304 59 35 för

220 350 45 35 de
306 350 113 48 tjugu
462 351 176 50 sällskap,
682 352 130 37 hvilka
853 353 189 36 nästlidna
1084 356 40 33 år
1166 353 162 48 deltagit
1360 352 11 36 i
1400 354 295 48 premieringen,
1725 354 93 37 celler

219 401 181 49 omkring
444 405 109 45 1,000
594 404 153 46 kronor,
789 404 122 37 skulle
946 405 58 36 för
1032 407 41 33 år
1106 406 94 35 1905
1231 405 191 36 erfordras
1449 405 225 48 ytterligare
1704 407 112 45 6,000

221 453 140 36 kronor
389 454 93 36 eller
510 454 281 49 sammanlagdt
820 456 178 48 omkring
1028 457 137 45 27,000
1194 456 152 45 kronor,
1375 456 146 36 hvilket
1550 457 137 49 belopp
1707 457 109 45 dock,

220 504 59 36 för
316 504 74 36 den
429 505 179 37 händelse
637 506 248 48 deltagandet
912 506 12 36 i
952 507 286 48 premieringen
1267 507 120 36 skulle
1417 507 151 36 komma
1597 513 66 42 att,
1692 510 123 34 såsom

219 556 190 48 antagligt
450 569 103 33 vore,
595 557 227 48 ytterligare
851 557 104 47 ökas,
980 557 117 36 borde
1125 558 108 47 höjas
1263 558 86 36 med
1378 558 178 48 omkring
1586 560 46 34 25
1660 564 157 43 procent

220 607 95 36 eller
342 607 59 36 till
429 607 11 36 i
468 607 115 37 rundt
610 608 53 36 tal
693 610 138 45 33,000
862 609 150 35 kronor.
1059 609 56 35 Då
1145 609 64 35 det
1236 609 82 36 icke
1346 622 91 23 vore
1468 609 151 49 möjligt
1638 610 177 46 beräkna,

221 658 96 36 huru
346 665 79 30 stor
454 659 60 37 del
543 661 42 34 af
608 659 120 49 sagda
756 660 139 49 belopp
924 660 126 36 kunde
1079 660 151 36 komma
1259 665 56 31 att
1344 660 41 36 af
1408 661 222 36 statsmedel
1653 661 163 37 behöfva

220 715 111 42 tagas
352 710 11 35 i
384 711 163 48 anspråk
568 711 86 36 med
674 711 151 49 hänsyn
845 711 59 37 till
923 711 176 49 gällande
1119 712 265 36 bestämmelse
1405 712 143 47 därom,
1565 718 55 31 att
1636 713 40 36 af
1687 713 129 49 dylika

220 761 123 37 medel
372 762 34 48 ej
436 763 102 48 finge
566 766 93 46 utgå
686 763 120 48 högre
833 763 139 49 belopp
1001 768 47 31 än
1080 765 46 34 50
1155 763 140 37 kronor
1323 764 60 36 för
1410 764 132 48 hvarje
1571 765 154 48 premie,
1751 778 64 23 an-

220 816 92 45 såge
345 813 415 50 landtbruksstyrelsen
787 814 189 50 lämpligt,
1006 820 54 31 att
1089 815 85 36 hela
1195 815 119 48 sagda
1335 828 148 23 summa
1507 816 231 36 beräknades
1757 816 60 36 för

219 869 42 31 år
292 866 97 34 1905
419 865 117 36 blifva
564 866 40 36 af
628 866 221 36 statsmedel
874 866 235 48 erforderlig.

350 916 300 37 Vidkommande
692 920 81 33 åter
800 917 254 37 kostnaderna
1084 919 57 35 för
1169 917 282 37 studieresorna
1478 918 121 36 under
1626 918 190 36 nästlidna

219 969 54 45 år,
316 967 97 36 hade
455 968 128 36 därom
627 969 40 35 af
700 968 417 49 landtbruksstyrelsen
1158 969 84 36 icke
1284 969 147 36 kunnat
1467 974 193 44 uppgöras
1687 972 128 46 någon

219 1018 280 49 approximativ
526 1020 229 49 beräkning,
785 1033 87 24 men
901 1020 40 36 af
963 1021 71 35 lätt
1062 1020 156 37 insedda
1243 1020 80 37 skäl
1342 1020 149 37 komme
1508 1021 224 49 antagligen
1752 1021 63 37 det

220 1070 41 36 af
293 1070 121 37 Eders
442 1071 140 49 Kungl.
613 1072 109 49 Maj:t
749 1085 139 36 genom
917 1072 140 49 nådiga
1084 1072 151 37 brefvet
1263 1073 73 36 den
1365 1074 21 34 8
1415 1073 73 48 maj
1518 1074 96 35 1903
1636 1073 178 37 anvisade

222 1122 189 49 beloppet,
444 1125 135 46 12,000
604 1123 150 48 kronor,
784 1127 123 33 såsom
936 1124 192 48 grundadt
1155 1127 48 46 på
1223 1124 42 36 af
1281 1124 217 49 sällskapen
1526 1124 135 49 själfva
1680 1125 134 49 gjorda

219 1174 259 49 beräkningar
518 1175 39 36 af
596 1175 145 37 antalet
775 1176 196 48 deltagare
1007 1176 71 36 och
1106 1176 179 49 beloppet
1314 1177 42 35 af
1379 1176 350 48 resekostnaderna,
1759 1183 56 30 att

222 1226 230 37 åtminstone
485 1227 12 35 i
533 1227 64 36 det
624 1232 191 32 närmaste
848 1230 100 45 åtgå.
1003 1228 54 36 Af
1080 1228 147 36 landets
1256 1227 432 50 hushållningssällskap
1716 1228 98 36 hade

221 1277 121 36 under
374 1280 40 33 år
444 1279 97 35 1903
569 1301 50 4 —
647 1279 165 36 förutom
854 1279 277 36 Kristianstads
1173 1280 68 36 och
1284 1279 213 37 Malmöhus
1524 1279 82 36 läns
1648 1280 166 36 hushåll-

222 1327 296 51 ningssällskap,
543 1330 84 36 från
654 1331 133 36 hvilka
815 1331 163 48 sällskap
1007 1330 123 49 enligt
1157 1330 435 50 landtbruksstyrelsens
1615 1331 199 37 förmodan

222 1380 165 49 anspråk
424 1384 48 46 på
508 1381 135 49 bidrag
672 1383 41 35 af
737 1382 220 52 statsmedel
985 1382 56 36 till
1069 1382 232 37 studieresor
1327 1382 84 37 icke
1439 1396 91 23 vore
1559 1388 54 31 att
1640 1383 173 36 förvänta

219 1453 51 5 —
298 1432 155 36 Kalmar
492 1433 83 37 läns
617 1434 122 46 södra,
782 1434 203 49 Ålfsborgs
1026 1434 83 36 läns
1146 1434 110 36 södra
1297 1434 71 36 och
1408 1433 290 38 Västerbottens
1730 1435 83 36 läns

222 1483 434 52 hushållningssällskap
684 1485 84 37 icke
796 1485 136 48 begärt
951 1485 232 49 statsbidrag
1201 1486 60 36 för
1280 1499 143 24 samma
1440 1489 41 33 år
1495 1486 58 36 till
1569 1486 245 37 anordnande

221 1535 42 36 af
283 1536 232 37 studieresor
533 1537 59 36 för
610 1537 147 37 mindre
781 1537 262 50 jordbrukare.
1101 1537 70 37 Om
1200 1537 209 37 emellertid
1436 1538 57 36 för
1521 1540 41 34 år
1592 1539 96 36 1905
1711 1539 101 48 jäm-

223 1587 61 36 väl
324 1587 111 37 dessa
476 1589 164 49 sällskap
674 1589 120 37 skulle
823 1595 95 43 göra
959 1589 165 49 anspråk
1147 1592 49 47 på
1224 1590 230 49 statsbidrag
1481 1590 60 36 för
1569 1590 243 37 anordnande

221 1639 41 35 af
299 1639 231 38 studieresor
571 1641 58 36 för
669 1641 147 36 mindre
853 1640 266 49 jordbrukare,
1149 1641 127 47 borde,
1305 1641 121 37 under
1453 1641 276 49 förutsättning
1760 1648 54 30 att

221 1696 145 31 statens
395 1692 161 48 utgifter
584 1693 60 36 för
670 1693 192 36 nästlidna
890 1696 42 33 år
959 1693 59 36 för
1045 1692 105 38 detta
1177 1693 175 36 ändamål
1381 1693 199 50 uppginge
1609 1694 57 36 till
1694 1694 64 36 det
1777 1695 43 35 af

219 1742 122 37 Eders
370 1743 141 50 Kungl.
542 1744 107 50 Maj:t
676 1757 139 35 genom
845 1744 221 37 förberörda
1095 1744 139 49 nådiga
1262 1745 88 36 bref
1374 1745 72 36 den
1476 1747 21 34 8
1526 1746 74 48 maj
1633 1747 96 35 1903
1755 1746 60 35 för

220 1794 217 37 ändamålet
478 1796 179 37 anvisade
699 1796 151 50 belopp,
893 1796 70 37 och
1005 1809 62 23 om
1108 1796 65 36 vid
1200 1797 263 36 beräknandet
1500 1797 41 36 af
1565 1797 182 37 behofvet
1776 1799 41 34 af

220 1846 110 36 dessa
358 1847 145 37 medels
531 1848 149 37 ökande
710 1849 86 35 med
825 1848 211 49 anledning
1064 1848 119 47 däraf,
1213 1854 55 31 att
1297 1848 235 37 sistnämnda
1559 1853 57 32 tre
1646 1849 167 36 hushåll-

219 1897 284 52 ningssällskap
533 1907 159 41 antoges
720 1900 152 36 komma
901 1905 54 31 att
987 1900 120 36 under
1136 1903 41 33 år
1208 1901 97 36 1905
1330 1900 144 49 begära
1494 1900 233 49 statsbidrag
1755 1901 59 36 för

219 1950 227 48 ändamålet,
475 1951 102 37 lades
613 1952 57 36 till
697 1952 127 49 grund
853 1952 45 36 de
928 1951 149 50 belopp,
1107 1965 80 23 som
1217 1952 121 37 Eders
1366 1952 141 48 Kungl.
1538 1952 107 49 Maj:t
1672 1965 140 36 genom

219 2001 141 49 nådiga
398 2003 147 37 brefvet
581 2003 73 37 den
679 2005 22 35 8
739 2004 74 49 maj
848 2005 96 35 1903
974 2004 59 36 för
1062 2004 232 36 studieresor
1320 2004 159 49 beviljat
1507 2007 34 33 åt
1573 2004 46 36 de
1648 2004 164 36 hushåll-

219 2053 298 52 ningssällskap,
547 2055 149 37 hvilkas
726 2056 180 37 områden
934 2056 189 48 gränsade
1151 2055 98 37 intill
1269 2056 204 36 områdena
1493 2056 56 36 för
1568 2056 46 36 de
1634 2055 177 50 sällskap,

219 2105 156 36 hvarom
419 2120 49 23 nu
510 2120 90 24 vore
644 2108 121 49 fråga,
805 2120 47 24 en
893 2107 147 49 ökning
1082 2107 40 36 af
1147 2108 45 35 de
1222 2107 133 48 medel,
1384 2121 81 23 som
1493 2108 60 36 för
1581 2108 232 37 studieresor

220 2158 58 35 för
305 2158 192 37 nästlidna
525 2162 40 34 år
593 2159 190 50 beviljats,
820 2159 129 36 kunna
978 2164 160 44 antagas
1166 2158 119 37 blifva
1313 2159 224 49 erforderlig
1564 2159 60 37 för
1647 2162 41 34 år
1713 2161 98 35 1905

218 2208 85 37 med
332 2211 113 46 2,000
473 2211 150 48 kronor,
653 2211 47 37 då
728 2210 287 50 sammanlagda
1042 2211 181 49 beloppet
1243 2212 41 35 af
1295 2211 284 49 statsbidragen
1599 2211 56 37 till
1671 2212 141 36 studie-

218 2273 105 24 resor
364 2261 122 38 skulle
514 2263 152 37 komma
694 2269 56 31 att
777 2268 139 44 utgöra
946 2264 137 46 14,000
1111 2262 150 37 kronor.

305 2322 74 32 Bih.
405 2323 48 32 till
475 2322 109 32 Biksd.
609 2323 88 32 Prot.
725 2325 92 32 1904.
865 2325 20 31 4
907 2324 96 32 Saml.
1030 2325 18 30 1
1075 2322 78 41 Afd.
1181 2325 40 31 10
1243 2323 94 42 Häft.
1729 2326 38 30 16
