1900 2802
246 160 18 26 4
647 158 379 31 Jordbruksutskottets
1047 158 178 32 utlåtande
1246 169 41 20 nr
1319 161 26 29 6.

249 244 65 30 och
339 244 73 31 dels
435 247 49 27 att
510 244 89 31 vissa
622 243 136 31 mindre
782 243 187 37 ändringar
993 243 85 31 böra
1104 243 155 36 vidtagas
1284 244 11 29 i
1318 244 161 36 gällande
1503 244 249 37 tillämpnings-

250 294 225 30 föreskrifter.
497 295 13 29 I
530 294 107 31 likhet
654 295 80 30 med
755 294 268 36 skogsstyrelsen
1043 303 101 21 anser
1163 295 88 29 även
1269 294 67 36 jag,
1357 297 49 28 att
1425 303 44 21 en
1487 294 96 37 dylik
1602 294 150 37 förläng-

250 344 81 37 ning
351 354 47 20 nu
418 345 64 30 bör
502 345 140 30 komma
662 344 51 30 till
733 343 110 31 stånd.
864 340 95 35 Även
978 353 57 21 om
1056 344 91 31 vissa
1166 345 124 30 brister
1309 344 10 30 i
1339 345 100 35 lagen
1458 345 111 30 under
1588 345 78 30 dess
1688 345 65 30 till-

249 395 249 36 lämpningstid
518 395 146 30 kommit
682 394 53 30 till
755 404 109 27 synes,
885 396 61 29 äro
965 395 98 31 dessa
1084 395 88 30 dock
1193 395 76 30 icke
1288 405 43 21 av
1352 396 67 30 den
1437 395 184 37 betydelse,
1643 398 49 28 att
1713 396 42 30 de

250 446 59 29 äro
330 446 134 35 ägnade
484 448 48 28 att
553 445 113 36 ingiva
687 445 107 36 några
816 445 176 37 allvarliga
1013 446 274 36 betänkligheter
1307 448 72 28 mot
1400 445 222 38 förlängning
1643 455 44 21 av
1706 447 47 29 la-

251 502 80 29 gens
353 495 231 37 giltighetstid.
606 495 64 30 Det
690 497 39 29 är
750 495 55 31 för
825 496 110 35 övrigt
955 498 49 28 att
1024 496 132 36 märka,
1179 499 49 28 att
1249 499 47 27 ett
1316 496 114 30 flertal
1450 506 42 22 av
1513 497 98 30 dessa
1631 497 124 30 brister

250 545 154 31 vidlåder
430 547 87 30 även
546 547 81 29 1923
653 545 56 31 års
736 546 176 31 allmänna
939 545 273 38 skogsvårdslag.
1240 547 56 30 Att
1322 547 139 36 vidtaga
1487 547 158 36 partiella
1671 547 83 30 änd-

249 596 116 36 ringar
389 596 11 30 i
425 598 100 35 lagen
550 597 79 30 eller
653 606 43 21 en
720 597 210 36 provisorisk
956 597 241 37 omarbetning
1221 607 43 21 av
1289 598 203 30 densamma
1517 598 10 30 i
1553 599 203 29 nuvarande

250 648 83 35 läge,
356 646 44 32 då
423 647 133 30 landets
579 647 317 37 skogslagstiftning
917 648 10 29 i
950 648 76 29 dess
1048 648 117 30 helhet
1186 649 39 29 är
1246 647 147 31 föremål
1415 648 56 30 för
1492 648 264 36 överarbetning

250 697 11 30 i
284 697 89 37 syfte
397 700 49 27 att
471 697 251 35 åstadkomma,
748 698 107 30 bland
880 700 115 34 annat,
1022 707 41 21 en
1087 698 57 31 för
1167 699 78 30 hela
1271 699 116 30 landet
1411 699 150 36 enhetlig
1585 699 169 37 skogslag,

250 748 110 30 skulle
387 748 181 31 förorsaka
597 748 30 36 ej
657 748 195 36 obetydliga
881 749 218 35 olägenheter
1127 749 65 30 och
1222 748 219 37 svårigheter.
1472 749 145 31 Särskilt
1645 750 110 30 skulle

250 798 91 31 detta
362 798 194 31 framträda
577 798 56 31 vid
653 798 217 37 övergången
891 799 50 30 till
963 799 66 30 den
1049 799 164 32 blivande
1233 799 268 37 lagstiftningen,
1523 799 45 31 då
1589 809 83 22 man
1693 809 61 21 un-

250 849 60 29 der
330 858 42 20 en
392 849 119 35 längre
530 849 152 36 tidrymd
701 849 111 31 skulle
831 849 92 31 bliva
944 850 181 31 nödsakad
1145 853 50 27 att
1213 851 11 29 i
1246 851 91 30 vissa
1355 851 223 30 hänseenden
1598 850 158 37 tillämpa

250 902 50 27 tre
323 899 93 30 olika
441 899 304 37 skogsvårdslagar
768 899 21 31 å
812 901 385 35 lappmarksskogarna.
1223 901 15 29 I
1263 902 42 29 de
1328 900 51 31 till
1404 901 270 36 skogsstyrelsen
1698 911 56 21 av-

248 950 103 36 givna
368 951 206 35 yttrandena
591 951 64 30 har
671 951 89 29 även
776 951 128 31 tanken
921 950 46 37 på
983 960 42 21 en
1042 952 243 36 prolongering
1302 961 42 21 av
1364 952 82 30 1932
1465 951 56 31 års
1538 952 216 36 lappmarks-

250 1001 55 35 lag
326 1000 122 30 vunnit
468 1001 129 30 allmän
619 1001 209 36 anslutning.

295 1048 73 31 Vad
395 1048 108 37 angår
527 1049 66 30 den
619 1049 49 31 tid
691 1049 266 37 förlängningen
983 1060 42 21 av
1051 1051 303 36 lappmarkslagen
1381 1051 63 30 bör
1469 1060 91 27 avse,
1587 1060 101 28 synes
1712 1060 42 22 en

251 1099 152 36 tidrymd
421 1109 42 21 av
484 1099 72 31 fem
575 1098 47 37 år,
642 1098 114 32 såsom
776 1100 269 36 skogsstyrelsen
1065 1100 186 37 föreslagit,
1273 1111 42 20 ur
1334 1101 87 31 flera
1439 1102 217 36 synpunkter
1672 1110 82 22 vara

249 1151 151 37 lämplig.
426 1151 68 31 För
516 1161 42 21 en
580 1151 108 31 sådan
711 1151 220 38 förlängning
953 1161 44 21 av
1019 1153 305 36 lappmarkslagen
1345 1153 89 30 talar
1456 1153 67 30 den
1545 1153 210 36 omständig-

249 1201 110 36 heten,
384 1205 49 27 att
455 1202 43 30 de
521 1202 202 32 nuvarande
745 1203 415 36 avverkningsplanernas
1184 1203 357 37 avverkningsbelopp
1564 1204 10 30 i
1598 1205 157 29 överens-

250 1253 196 29 stämmelse
469 1253 79 30 med
571 1252 185 31 utfärdade
778 1252 223 37 anvisningar
1024 1254 61 29 äro
1109 1253 178 31 fördelade
1309 1253 46 37 på
1379 1253 291 37 femårsperioder
1690 1255 66 30 och

250 1305 49 27 att
318 1302 250 37 utsyningarna
590 1303 103 36 enligt
714 1303 117 36 lagens
852 1303 258 31 bestämmelser
1131 1304 202 31 verkställas
1354 1303 56 31 för
1431 1305 70 30 lika
1522 1303 103 38 långa
1645 1304 110 37 perio-

250 1353 69 30 der.
345 1353 75 30 Den
443 1353 110 30 andra
574 1353 346 37 utsyningsperioden
944 1354 104 36 enligt
1072 1355 42 30 de
1137 1353 194 37 tjugoåriga
1354 1356 168 35 planerna
1544 1354 101 37 utgår
1668 1364 87 21 sam-

250 1403 98 36 tidigt
367 1404 81 30 med
468 1404 116 35 lagens
604 1403 224 37 giltighetstid
848 1405 67 29 den
935 1405 38 30 31
996 1404 181 31 december
1200 1405 93 30 1943.
1316 1405 75 30 Den
1411 1415 48 21 nu
1480 1405 187 31 förordade
1687 1405 68 31 för-

251 1454 207 36 längningen
476 1464 43 21 av
535 1455 100 35 lagen
652 1455 111 30 skulle
781 1454 99 31 alltså
898 1455 142 31 komma
1056 1458 49 28 att
1122 1455 147 31 omfatta
1287 1456 195 36 ytterligare
1501 1465 43 21 en
1561 1456 195 37 utsynings-

251 1504 118 36 period
388 1514 44 21 av
450 1504 72 31 fem
541 1503 47 32 år.

294 1554 121 31 Såsom
434 1555 153 37 framgår
604 1565 42 21 av
664 1556 68 30 vad
752 1556 268 37 skogsstyrelsen
1039 1556 118 31 anfört
1174 1566 100 28 synes
1292 1566 44 21 en
1355 1557 222 37 förlängning
1595 1567 42 21 av
1657 1558 98 36 lagen

251 1605 43 37 på
311 1604 71 32 fem
400 1605 39 31 år
457 1615 41 20 ur
516 1606 409 37 avverkningssynpunkt
944 1607 74 30 icke
1036 1608 141 30 komma
1195 1610 50 28 att
1264 1608 157 30 medföra
1441 1607 106 37 några
1566 1609 190 30 avsevärda

249 1656 230 37 olägenheter.
500 1656 50 31 Av
570 1657 41 30 de
629 1666 43 21 av
693 1657 270 36 skogsstyrelsen
985 1657 195 37 framlagda
1201 1657 223 41 uppgifterna
1445 1659 148 30 rörande
1613 1660 142 29 avverk-

251 1707 169 36 ningarna
449 1707 10 30 i
488 1707 376 37 lappmarksskogarna
892 1707 163 38 framgår,
1085 1711 49 28 att
1163 1708 275 31 hittillsvarande
1466 1710 217 36 totaluttaget
1713 1719 42 21 av

250 1756 95 31 virke
370 1757 182 36 väsentligt
577 1757 205 37 understigit
806 1758 57 30 det
887 1758 10 30 i
924 1758 400 37 avverkningsplanerna
1350 1758 135 32 tillåtna
1511 1759 245 37 avverknings-

251 1807 169 37 beloppet.
445 1807 49 31 De
517 1808 55 30 för
595 1809 41 30 de
658 1808 58 31 två
737 1808 437 37 avverkningsperioderna
1195 1809 112 30 under
1329 1808 82 32 åren
1440 1810 217 30 1934—1943
1681 1809 75 32 icke

251 1861 141 34 uttagna
420 1858 435 37 utsyningskvantiteterna
881 1861 122 35 utgöra
1031 1860 75 30 icke
1133 1859 135 31 mindre
1295 1861 45 29 än
1367 1860 49 30 8.7
1443 1859 161 38 miljoner
1632 1861 123 30 kubik-

251 1911 115 27 meter.
384 1909 124 31 Denna
524 1908 199 37 behållning
739 1909 129 31 hänför
883 1910 51 37 sig
950 1910 71 30 helt
1036 1910 51 31 till
1105 1910 68 31 den
1191 1911 109 30 första
1317 1910 174 37 perioden.
1510 1910 246 32 Tillsammans

251 1960 77 30 med
348 1959 56 30 det
425 1958 56 32 för
504 1959 162 37 perioden
690 1960 216 30 1944—1948
928 1961 186 36 planerade
1134 1960 136 31 tillåtna
1291 1961 393 37 avverkningsbeloppet
1707 1961 49 29 4.9

252 2008 160 37 miljoner
443 2009 228 37 kubikmeter,
704 2010 110 31 skulle
845 2009 145 32 sålunda
1021 2011 44 30 de
1096 2010 187 37 planerade
1313 2011 300 37 avverkningarna
1645 2012 111 30 under

250 2061 113 30 denna
379 2061 120 36 period
515 2060 114 37 uppgå
645 2061 49 30 till
715 2061 68 29 13.6
799 2060 161 36 miljoner
977 2061 227 31 kubikmeter.
1224 2060 120 32 Såsom
1362 2062 271 37 skogsstyrelsen
1650 2062 105 30 fram-

251 2109 96 31 hållit
375 2111 142 30 komma
544 2111 99 31 alltså
669 2110 299 38 avverkningarna
995 2111 111 31 under
1134 2112 217 31 sistnämnda
1377 2112 49 31 tid
1453 2115 49 28 att
1529 2113 120 30 kunna
1677 2114 78 29 röra

250 2160 50 37 sig
318 2160 95 31 inom
435 2171 44 21 en
498 2161 272 31 förhållandevis
791 2161 57 31 vid
867 2161 169 37 marginal
1057 2164 85 29 utan
1161 2165 49 28 att
1231 2163 93 30 detta
1344 2163 70 31 kan
1434 2166 143 33 antagas
1598 2162 159 32 medföra

251 2209 106 37 några
389 2212 221 36 olägenheter
639 2222 42 20 ur
713 2211 105 32 social
851 2212 187 36 synpunkt.
1072 2212 52 31 En
1156 2212 196 37 betydande
1384 2212 208 38 förbättring
1624 2223 44 20 av
1700 2213 57 30 det

250 2261 153 37 skogliga
422 2261 188 32 tillståndet
628 2263 64 30 har
711 2263 56 36 ägt
785 2272 78 21 rum
883 2263 111 30 under
1012 2263 116 36 lagens
1146 2262 321 38 tillämplighetstid,
1487 2273 43 21 en
1549 2263 208 37 förbättring

250 2320 73 21 som
346 2312 99 31 torde
467 2313 119 30 kunna
608 2312 179 31 förväntas
810 2312 189 32 fortskrida
1022 2314 111 30 under
1155 2314 66 30 den
1244 2312 251 38 femårsperiod
1517 2314 111 36 lagen,
1653 2313 104 37 enligt

250 2362 66 30 vad
330 2361 58 38 jag
403 2362 146 37 tidigare
563 2363 125 37 anfört,
705 2363 65 31 bör
786 2363 185 37 förlängas.
990 2363 97 32 Efter
1101 2364 115 31 denna
1233 2363 267 38 femårsperiods
1516 2362 129 38 utgång
1660 2364 98 30 torde

250 2412 56 30 det
326 2421 42 21 ur
390 2413 155 36 skogliga
566 2414 215 36 synpunkter
801 2413 165 38 föreligga
987 2414 112 31 ökade
1119 2414 220 37 möjligheter
1359 2417 49 29 att
1429 2415 10 30 i
1460 2413 98 37 fråga
1580 2423 57 22 om
1660 2414 95 37 lapp-

250 2463 293 36 marksskogarna
566 2463 156 37 tillämpa
746 2474 133 22 samma
904 2464 280 37 skogsvårdande
1207 2465 260 31 bestämmelser
1490 2473 74 22 som
1587 2464 90 37 gälla
1701 2464 56 32 för
