1866 2782
260 152 18 29 6
568 155 124 29 Första
715 156 245 39 lagutskottets
983 158 178 31 utlåtande
1184 168 43 20 nr
1248 161 40 29 40
1311 161 39 29 år
1373 161 82 29 1961

261 235 78 30 från
370 236 337 40 bilansvarighetens
739 239 395 40 tillämpningsområde,
1167 242 39 30 så
1237 245 49 28 att
1318 244 123 30 endast
1473 245 211 31 innehavare
1716 256 41 20 av

259 286 307 40 atomanläggning
587 288 10 29 i
619 288 114 30 denna
756 289 52 29 sin
830 291 175 39 egenskap
1026 291 65 30 blir
1113 293 162 40 ansvarig
1297 294 55 29 för
1373 295 236 35 atomskador,
1632 297 63 29 när
1716 297 41 29 de

260 336 146 39 uppstår
424 337 11 29 i
454 337 88 39 följd
562 347 41 20 av
622 338 108 30 trafik
749 340 77 29 med
845 341 252 30 motorfordon.
1117 343 64 29 Det
1202 344 37 28 är
1259 344 100 30 alltså
1379 347 111 28 avsett
1510 348 50 27 att
1579 346 179 31 trafikför-

259 386 188 40 säkringen
472 388 72 29 helt
570 388 90 30 skall
685 390 129 30 befrias
840 391 81 30 från
948 392 221 40 ansvarighet
1196 394 55 30 för
1276 396 238 34 atomskador,
1541 406 79 21 men
1647 398 110 30 under

259 445 42 20 en
319 436 243 40 övergångstid
581 438 91 30 intill
691 440 78 30 dess
788 440 161 31 definitiv
967 442 220 40 lagstiftning
1206 453 56 20 om
1281 446 320 39 atomansvarighet
1620 455 136 31 genom-

257 485 87 31 förts
367 487 159 30 kommer
549 488 374 42 trafikförsäkringens
946 501 125 21 ansvar
1094 495 50 28 att
1166 494 153 30 kvarstå.

301 536 228 32 Beträffande
555 539 89 39 läget
671 540 111 29 under
807 541 115 30 denna
948 543 243 39 övergångstid
1217 544 63 30 bör
1305 547 332 38 uppmärksammas
1665 549 90 29 stad-

256 587 126 38 gandet
399 587 10 29 i
427 588 19 29 9
466 588 15 36 8
500 589 109 30 andra
627 590 134 39 stycket
778 593 451 40 atomansvarighetslagen,
1247 596 106 39 enligt
1370 597 108 29 vilket
1495 597 66 30 den
1579 607 75 21 som
1671 599 83 30 nöd-

255 639 74 37 gats
352 638 119 39 utgiva
494 639 212 31 skadestånd
729 642 79 38 äger
831 641 54 31 för
907 643 66 30 vad
996 643 69 30 han
1088 644 64 29 har
1175 646 124 38 utgivit
1321 646 140 31 inträda
1483 647 12 30 i
1517 648 66 30 den
1608 649 145 30 skadeli-

255 688 131 30 dandes
414 689 69 29 rätt
509 690 105 39 enligt
641 692 450 41 atomansvarighetslagen.
1118 695 103 30 Detta
1247 696 156 35 innebär,
1431 699 51 28 att
1508 698 245 31 trafikförsäk-

255 737 224 40 ringsgivare,
507 748 74 21 som
608 741 132 39 nödgas
767 743 116 38 utgiva
911 744 193 40 ersättning
1131 745 55 30 för
1212 747 217 37 atomskada,
1457 748 65 29 har
1548 751 206 37 regressrätt

253 790 72 27 mot
342 789 67 29 den
427 790 397 41 atomskadeansvarige.
843 793 262 39 Regressrätten
1123 796 38 29 är
1178 796 89 30 dock
1284 797 195 40 begränsad
1497 799 51 29 till
1565 800 188 30 katastrof-

252 839 194 30 maximum
465 840 106 40 enligt
590 841 18 30 6
629 841 16 37 $
665 844 450 40 atomansvarighetslagen,
1135 846 32 30 d.
1186 856 30 20 v.
1237 856 25 21 s.
1282 848 40 29 25
1342 848 165 40 miljoner
1525 849 130 30 kronor
1673 851 79 30 med

251 888 235 41 begränsning
505 891 51 31 till
576 891 63 30 200
654 892 62 30 000
737 893 129 30 kronor
885 894 56 30 för
959 896 96 38 varje
1075 896 114 30 dödad
1210 898 82 29 eller
1312 898 133 30 skadad
1466 908 137 30 person.
1624 900 65 30 Om
1710 902 41 29 de

251 947 42 21 av
312 939 70 40 mig
403 940 10 29 i
434 941 57 29 det
512 941 208 40 föregående
741 943 190 40 tillstyrkta
951 945 237 40 höjningarna
1208 957 42 20 av
1270 949 317 40 maximibeloppen
1609 950 54 31 för
1683 954 68 27 tra-

251 988 299 42 fikförsäkringen
574 993 230 38 genomföres,
829 995 112 30 skulle
965 996 102 30 alltså
1089 1006 43 20 en
1156 998 449 41 trafikförsäkringsgivare
1627 1019 44 4 —
1693 1011 57 20 om

251 1040 206 31 atomskada
484 1042 166 31 inträffar
675 1043 11 29 i
712 1044 89 40 följd
827 1054 42 21 av
894 1046 110 30 trafik
1030 1048 78 30 med
1133 1049 244 30 motorfordon
1402 1068 45 4 —
1471 1051 121 31 kunna
1617 1052 48 29 bli
1691 1062 60 20 an-

250 1090 113 39 svarig
384 1090 56 30 för
461 1092 138 38 mycket
619 1093 195 39 betydande
835 1095 126 40 belopp
983 1098 84 28 utan
1089 1097 183 40 möjlighet
1294 1099 51 30 till
1367 1100 168 40 täckning
1556 1102 63 29 hos
1642 1104 108 28 atom-

251 1140 274 40 anläggningens
552 1142 222 31 innehavare.
802 1145 122 30 Ehuru
953 1146 119 31 risken
1098 1150 51 27 att
1176 1157 44 21 en
1248 1149 109 30 sådan
1386 1151 168 30 situation
1583 1152 88 30 skall
1699 1153 50 29 in-

250 1190 109 30 träffa
382 1191 11 29 i
417 1191 186 31 huvudsak
629 1194 38 29 är
691 1195 175 34 teoretisk,
891 1196 63 30 bör
979 1197 66 29 den
1070 1198 88 30 dock
1182 1199 155 31 beaktas.
1363 1201 82 29 Man
1470 1201 71 30 kan
1566 1212 74 20 som
1666 1213 82 29 nyss

251 1241 141 30 nämnts
419 1242 111 30 räkna
555 1244 79 29 med
660 1246 51 28 att
738 1245 355 42 trafikförsäkringen
1120 1251 98 28 snart
1244 1250 159 30 kommer
1429 1254 52 27 att
1506 1252 71 30 helt
1604 1253 145 40 fritagas

250 1289 78 31 från
348 1292 223 40 ansvarighet
592 1293 55 31 för
668 1296 329 36 atomskaderisker,
1018 1298 63 30 och
1102 1299 57 30 det
1178 1299 64 31 bör
1261 1301 44 29 då
1325 1301 76 30 icke
1421 1302 257 40 ifrågakomma
1699 1306 51 28 att

250 1350 47 20 nu
323 1342 112 30 under
461 1345 48 27 ett
534 1343 79 31 kort
639 1345 299 40 övergångsskede
964 1349 67 29 öka
1056 1349 79 30 dess
1161 1351 223 39 ansvarighet
1410 1352 10 29 i
1447 1352 96 31 detta
1569 1355 178 29 avseende.

247 1391 65 40 Jag
329 1392 60 30 vill
408 1393 121 30 därför
548 1394 139 35 föreslå,
707 1398 50 28 att
776 1396 236 41 höjningarna
1032 1408 41 20 av
1091 1400 317 41 maximibeloppen
1429 1402 55 30 för
1502 1403 247 32 trafikförsäk-

247 1441 140 40 ringens
407 1444 223 40 ansvarighet
650 1446 76 31 icke
746 1448 97 38 göres
863 1448 208 41 tillämpliga
1090 1450 45 40 på
1155 1452 227 30 atomskador
1402 1456 86 27 utan
1509 1455 51 29 att
1580 1455 41 30 de
1642 1464 107 22 nuva-

247 1492 107 30 rande
375 1492 170 41 beloppen
567 1494 55 30 får
642 1496 91 38 gälla
754 1496 54 30 för
830 1497 132 31 sådana
985 1500 127 29 skador
1133 1500 10 29 i
1166 1501 148 30 avbidan
1336 1502 45 40 på
1403 1505 50 28 att
1475 1501 273 48 atomansvarig-

247 1541 102 31 heten
371 1542 72 31 helt
466 1544 121 39 skiljes
610 1545 79 30 från
712 1546 365 42 trafikförsäkringen.

292 1592 13 29 I
329 1593 95 30 detta
450 1596 255 40 sammanhang
729 1597 58 32 vill
811 1597 59 40 jag
896 1599 87 29 även
1008 1599 199 37 framhålla,
1233 1604 49 28 att
1307 1603 41 30 de
1373 1604 273 41 maximibelopp
1672 1615 73 21 som

246 1651 47 21 nu
313 1644 90 31 valts
425 1644 55 30 för
501 1646 374 41 trafikförsäkringens
897 1650 223 40 ansvarighet
1142 1652 143 39 givetvis
1307 1653 72 30 inte
1400 1654 63 30 bör
1485 1655 45 39 på
1551 1656 105 39 något
1678 1658 68 29 sätt

246 1702 83 20 vara
353 1693 176 31 bindande
554 1695 58 30 vid
639 1697 351 41 ställningstagandet
1016 1700 51 29 till
1092 1701 95 30 vilka
1212 1702 124 40 belopp
1364 1713 75 20 som
1465 1704 62 30 bör
1554 1705 192 32 fastställas

244 1742 11 29 i
276 1743 67 30 den
363 1743 163 32 blivande
547 1746 184 31 definitiva
752 1748 265 41 lagstiftningen
1038 1759 56 21 om
1117 1749 330 48 atomansvarighet.

288 1793 64 40 Jag
374 1794 59 30 vill
456 1796 79 29 med
558 1797 76 30 stöd
657 1806 42 21 av
721 1798 56 30 det
800 1798 149 32 anförda
972 1800 137 35 föreslå,
1132 1804 52 28 att
1209 1803 36 29 11
1273 1804 14 36 8
1312 1804 432 43 trafikförsäkringslagen

245 1844 127 30 ändras
395 1844 46 40 på
463 1845 39 30 så
524 1847 79 34 sätt,
626 1849 51 28 att
700 1848 381 42 försäkringsgivarens
1103 1853 222 40 ansvarighet
1350 1855 88 30 skall
1463 1855 55 31 för
1539 1857 97 39 varje
1660 1858 84 30 hän-

243 1894 103 34 delse,
368 1904 75 21 som
465 1896 137 31 medför
622 1898 120 34 skada,
764 1900 101 29 täcka
887 1901 212 31 skadestånd
1120 1911 57 21 om
1199 1903 146 41 tillhopa
1367 1906 40 29 25
1429 1906 165 39 miljoner
1614 1908 130 30 kronor

244 1944 10 29 i
273 1945 189 40 anledning
480 1956 42 20 av
540 1949 238 36 personskada
797 1951 78 29 med
894 1951 234 41 begränsning
1147 1953 52 30 till
1218 1963 43 20 en
1280 1955 125 39 miljon
1424 1956 131 31 kronor
1574 1957 54 31 för
1647 1959 96 39 varje

243 1995 113 30 dödad
375 1996 84 29 eller
479 1997 108 29 skada
606 2006 127 31 person
754 2002 89 27 samt
863 2009 57 21 om
941 2001 145 40 tillhopa
1105 2012 43 20 en
1168 2004 125 40 miljon
1313 2006 131 30 kronor
1463 2007 10 29 i
1495 2008 187 40 anledning
1701 2019 43 20 av

243 2045 109 30 skada
369 2045 20 30 å
406 2047 179 39 egendom.
604 2048 13 29 I
635 2058 43 20 en
696 2050 435 40 övergångsbestämmelse
1148 2054 64 30 bör
1230 2056 150 39 stadgas,
1399 2059 50 28 att
1468 2057 95 31 äldre
1581 2058 54 40 lag
1654 2060 87 29 skall

241 2095 91 39 gälla
352 2096 222 31 beträffande
598 2100 222 39 ansvarighet
842 2101 55 30 för
920 2101 165 32 händelse
1109 2113 75 21 som
1207 2104 163 32 inträffat
1394 2106 75 31 före
1491 2107 251 33 ikraftträdan-

241 2145 57 30 det
319 2149 91 27 samt
432 2146 56 31 för
509 2148 108 30 skada
640 2158 75 21 som
738 2151 36 29 är
796 2153 49 27 att
868 2161 83 21 anse
975 2153 113 30 såsom
1111 2155 207 30 atomskada
1339 2157 107 39 enligt
1468 2155 273 49 atomansvarig-

241 2195 189 41 hetslagen.

288 2288 73 30 Den
378 2299 69 29 nya
464 2290 265 41 lagstiftningen
745 2294 97 29 torde
858 2294 86 30 böra
961 2296 100 29 träda
1077 2296 9 29 i
1103 2297 97 30 kraft
1216 2298 67 29 den
1303 2300 13 28 1
1335 2299 142 39 januari
1498 2301 112 31 1962.»
