2242 2636
410 197 38 30 14
650 196 242 31 Sammansatta
913 197 91 29 stats-
1028 194 55 32 och
1105 195 219 40 lagutskottets
1346 205 41 20 nr
1409 197 18 28 1
1451 195 167 32 utlåtande
1641 194 52 31 Nr
1715 196 28 28 1.

512 280 57 36 Då
610 279 371 50 pensionsstyrelsen
1022 279 138 47 anfört,
1202 283 55 32 att
1298 278 201 49 styrelsen,
1541 280 97 36 efter
1680 293 47 23 en
1755 278 248 49 omsorgsfull

409 332 71 37 och
520 335 48 46 på
610 331 247 50 synnerligen
885 331 205 48 försiktiga
1117 330 403 49 beräkningsgrunder
1548 331 207 37 verkställd
1783 330 218 49 utredning,

408 384 159 36 kommit
595 384 58 35 till
682 384 74 36 den
783 383 198 37 bestämda
1009 382 280 50 övertygelsen,
1319 387 55 32 att
1402 383 65 36 det
1495 396 45 22 av
1569 384 188 47 styrelsen
1786 382 215 37 beräknade

409 435 404 50 överskottsbeloppet
840 435 12 36 i
881 435 141 36 fonden
1060 434 71 37 kan
1169 434 224 49 disponeras
1422 437 49 46 på
1498 447 46 23 av
1573 436 190 46 styrelsen
1792 433 211 49 föreslaget

409 492 87 43 sätt,
538 492 91 31 utan
670 490 127 45 någon
837 486 145 49 menlig
1022 486 183 37 inverkan
1237 489 46 47 på
1313 486 288 48 försäkringens
1631 487 186 46 solididet,
1848 485 72 36 och
1949 491 55 31 att

408 540 85 36 hela
534 539 102 36 detta
673 539 136 49 belopp
845 538 241 37 uteslutande
1118 538 70 37 bör
1214 538 193 37 användas
1435 538 57 36 till
1518 538 148 36 förmån
1694 539 58 35 för
1779 539 45 35 de
1852 551 46 22 ur
1927 537 75 36 för-

409 591 210 48 säkringen
659 590 193 37 uteslutna
891 590 374 49 invalidgrupperna,
1295 603 115 36 synes
1440 603 61 23 oss
1529 589 82 36 icke
1639 592 126 45 någon
1793 589 211 48 anledning

408 642 190 49 föreligga
627 647 54 32 att
708 642 82 37 icke
818 643 59 35 för
905 642 103 37 detta
1036 642 172 37 ändamål
1235 655 50 23 nu
1312 641 80 38 helt
1419 640 167 50 utnyttja
1615 640 189 50 beloppet.

512 695 56 36 De
591 694 284 49 jämförelsevis
909 694 218 48 obetydliga
1156 693 245 49 statsbidrag,
1431 706 82 24 som
1542 693 250 36 alternativen
1823 693 15 35 I
1867 692 73 37 och
1967 691 36 37 II

410 747 200 36 förutsätta
638 769 47 3 —
714 760 99 35 resp.
844 748 164 45 662,000
1038 747 69 35 och
1136 747 164 46 512,000
1328 746 143 36 kronor
1498 767 49 4 —
1575 757 115 37 synas
1719 757 61 24 oss
1808 745 83 36 icke
1912 757 92 23 vara

409 811 46 24 av
497 798 72 37 den
611 798 154 48 storlek,
806 803 55 31 att
903 798 45 37 de
989 798 116 36 borde
1146 798 116 48 lägga
1294 797 134 37 hinder
1455 797 13 36 i
1495 801 124 44 vägen
1648 796 59 37 för
1735 809 43 23 en
1809 799 41 33 så
1878 796 125 47 viktig

411 851 128 47 frågas
580 850 165 49 lösning.
801 850 88 36 Man
925 852 120 34 måste
1081 850 177 46 betänka,
1286 854 56 31 att
1370 849 46 37 de
1445 849 58 36 för
1530 853 125 32 staten
1684 848 213 37 beräknade
1927 848 75 36 för-

410 902 436 49 säkringskostnaderna
873 904 128 47 uppgå
1028 901 59 37 till
1115 904 41 34 så
1184 901 215 49 betydande
1427 900 138 50 belopp
1595 924 47 4 —
1672 900 58 36 för
1757 902 39 34 år
1827 901 99 35 1920
1946 899 57 36 till

410 954 104 36 cirka
557 956 203 45 9,500,000
800 954 154 47 kronor,
996 953 60 36 för
1093 956 40 33 år
1164 955 95 34 1925
1288 953 57 36 till
1374 952 102 37 cirka
1506 953 227 45 16,000,000
1761 952 143 36 kronor
1933 951 70 37 och

409 1006 59 36 för
509 1008 40 33 år
592 1008 98 34 1930
731 1005 57 37 till
829 1006 103 36 cirka
974 1006 228 46 22,000,000
1232 1005 138 36 kronor
1398 1026 50 4 —
1477 1009 55 31 att
1558 1003 292 50 ifrågavarande
1879 1003 124 37 ökade

410 1057 234 49 statsbidrag
684 1062 137 44 utgöra
862 1070 48 23 en
939 1070 67 23 ren
1034 1056 264 50 obetydlighet
1325 1057 12 35 i
1364 1056 238 37 förhållande
1630 1056 57 36 till
1715 1056 109 36 dessa
1851 1055 150 50 belopp.

512 1109 88 37 Man
642 1110 75 36 kan
758 1109 55 36 till
843 1109 72 36 och
943 1108 84 37 med
1054 1108 235 49 ifrågasätta,
1318 1108 184 36 huruvida
1529 1108 64 36 det
1621 1112 93 32 över
1740 1107 127 37 huvud
1895 1112 109 44 taget

410 1161 123 36 skulle
578 1174 90 24 vara
713 1161 238 48 nödvändigt
996 1165 54 31 att
1091 1160 58 37 för
1190 1160 213 36 ändamålet
1444 1159 142 49 begära
1627 1159 89 37 ökat
1756 1159 245 49 statsbidrag.

409 1212 377 50 Pensionsstyrelsen
814 1213 155 46 erinrar,
999 1217 54 31 att
1081 1212 104 37 såväl
1214 1212 45 36 de
1279 1212 271 36 förutvarande
1571 1224 81 23 som
1672 1211 45 37 de
1737 1224 45 24 av
1801 1211 202 49 pensions-

411 1265 191 49 styrelsen
642 1265 234 37 verkställda
917 1264 307 48 beräkningarna
1260 1277 47 23 av
1345 1263 495 49 försäkringskostnaderna
1868 1268 66 31 äro
1964 1265 41 34 så

410 1316 197 49 försiktigt
647 1317 224 49 uppgjorda,
914 1321 56 32 att
1011 1316 45 36 de
1084 1316 171 48 verkliga
1291 1316 257 36 kostnaderna
1575 1315 165 48 troligen
1769 1315 151 36 komma
1949 1319 56 32 att

411 1369 222 48 understiga
674 1368 46 37 de
762 1368 156 37 anförda
959 1367 321 49 miljonsiffrorna.
1336 1367 75 37 Det
1453 1372 41 31 är
1521 1368 61 35 väl
1609 1367 120 36 under
1757 1367 139 37 sådana
1926 1379 78 24 om-

411 1420 264 49 ständigheter
715 1420 201 47 sannolikt,
959 1424 55 32 att
1054 1424 97 32 även
1192 1419 84 37 med
1316 1419 139 48 tillägg
1495 1432 47 24 av
1578 1419 46 37 de
1663 1419 218 49 ifrågasatta
1905 1419 99 48 jäm-

413 1472 195 37 förelsevis
654 1472 220 49 obetydliga
915 1472 187 49 beloppen
1142 1471 257 37 kostnaderna
1441 1472 149 35 komma
1632 1475 54 32 att
1727 1476 132 31 stanna
1900 1471 102 36 inom

411 1537 131 23 ramen
583 1538 47 22 av
671 1524 45 36 de
759 1524 264 48 beräkningar,
1066 1536 81 24 som
1175 1524 106 48 ligga
1308 1523 57 36 till
1392 1523 125 49 grund
1546 1523 58 37 för
1632 1522 224 50 riksdagens
1885 1522 118 37 redan

410 1576 143 37 fattade
579 1576 136 36 beslut.

517 1627 128 37 Skulle
687 1641 87 23 man
814 1627 91 48 vilja
945 1627 181 36 förskaffa
1167 1627 60 49 sig
1255 1640 45 23 en
1327 1626 224 50 ytterligare
1580 1626 151 48 garanti
1759 1626 58 37 för
1845 1631 57 31 att
1931 1626 72 37 den

412 1680 343 48 kostnadsökning,
784 1692 80 23 som
906 1679 110 36 dessa
1056 1679 272 48 utvidgningar
1370 1678 122 37 skulle
1533 1678 153 37 komma
1726 1683 54 31 att
1820 1678 183 46 medföra,

411 1732 83 36 icke
523 1731 121 37 skulle
673 1731 168 37 medföra
870 1733 128 46 någon
1027 1731 220 48 förhöjning
1274 1744 46 23 av
1349 1730 76 37 den
1452 1744 48 23 av
1530 1732 96 35 1913
1656 1733 60 33 års
1736 1729 155 49 riksdag
1911 1730 93 37 fast-

413 1783 137 37 ställda
590 1797 94 34 ram,
714 1783 123 36 skulle
878 1796 47 23 en
967 1782 105 50 dylik
1113 1782 150 49 garanti
1303 1782 209 49 lämpligen
1543 1782 130 36 kunna
1701 1781 132 37 vinnas
1862 1795 141 35 genom

412 1835 72 37 den
522 1835 302 47 bestämmelsen,
853 1840 67 41 att,
950 1848 61 22 om
1038 1837 128 46 någon
1195 1834 176 37 framtida
1400 1834 145 48 ökning
1571 1835 12 35 i
1612 1834 47 36 de
1687 1833 213 37 beräknade
1929 1834 76 36 för-

412 1887 435 49 säkringskostnaderna
875 1886 121 37 skulle
1025 1899 139 36 genom
1194 1886 45 36 de
1267 1886 225 49 ifrågasatta
1511 1885 494 49 utvidgningsbestämmel-

412 1952 111 23 serna
559 1942 150 46 uppstå,
740 1938 122 38 denna
891 1938 146 48 ökning
1065 1938 96 36 skall
1188 1938 13 36 i
1227 1938 120 37 första
1374 1937 102 37 hand
1504 1937 187 38 bestridas
1719 1951 46 23 av
1793 1937 45 37 de
1868 1950 136 23 sanno-

411 1991 71 36 likt
509 1991 215 49 betydande
753 1989 350 48 överskottsmedel,
1133 2003 81 23 som
1240 1990 117 36 redan
1386 1990 85 36 från
1499 1990 69 36 och
1596 1989 86 37 med
1709 1995 108 31 nästa
1836 1992 40 34 år
1895 1989 110 37 torde

412 2043 129 36 kunna
569 2043 220 49 disponeras
815 2056 45 22 ur
887 2041 575 50 pensionsförsäkringsfonden.

515 2094 53 36 På
613 2095 125 49 grund
782 2095 117 36 härav
942 2107 91 23 anse
1073 2093 50 47 vi,
1152 2099 55 31 att
1248 2107 46 23 en
1335 2093 116 37 sådan
1480 2093 163 48 ändring
1670 2106 47 23 av
1744 2093 261 49 pensionsför-

413 2146 314 49 säkringslagens
769 2145 504 50 övergångsbestämmelser
1313 2145 70 37 bör
1423 2144 189 50 vidtagas,
1642 2158 82 23 som
1755 2145 210 36 innefattas
1993 2145 12 36 i

412 2198 391 50 pensionsstyrelsens
844 2198 87 36 med
972 2197 201 38 alternativ
1213 2197 17 36 I
1270 2197 236 37 betecknade
1549 2197 155 47 förslag.
1760 2196 128 37 Skulle
1917 2209 88 24 man

414 2250 209 37 emellertid
665 2263 101 34 anse,
796 2254 53 32 att
886 2262 48 24 en
962 2249 264 48 utsträckning
1252 2262 46 24 av
1326 2248 322 49 övergångstiden
1677 2248 83 37 icke
1788 2249 68 36 bör
1883 2248 122 37 under

413 2305 119 45 några
568 2301 264 38 förhållanden
858 2301 275 49 ifrågakomma
1162 2301 70 36 och
1259 2306 55 32 att
1341 2301 12 36 i
1381 2300 94 49 följd
1504 2301 116 36 härav
1649 2300 199 37 alternativ
1876 2300 17 36 I
1921 2300 83 37 icke
