1904 2818
263 175 21 29 8
654 180 122 31 Första
799 179 239 38 lagutskottets
1061 182 175 30 utlåtande
1259 181 49 31 Nr
1329 183 51 29 22.

317 264 73 30 »Ett
412 265 10 29 i
446 263 314 37 bolagsordningen
782 265 54 30 för
858 265 197 37 aktiebolag
1077 266 128 36 intaget
1227 265 170 31 förbehåll
1412 266 136 36 enligt
1538 258 16 49 2
1563 262 39 41 81
1618 264 85 32 1916
1717 264 56 32 års

269 313 55 38 Jag
343 314 88 30 skall
450 315 106 35 enligt
576 315 312 36 aktiebolagslagen
909 315 117 31 finnas
1047 316 135 36 angivet
1203 316 11 29 i
1233 316 126 30 breven
1380 316 21 31 å
1421 317 42 29 de
1485 316 118 36 aktier,
1626 326 75 20 som
1723 315 50 31 till

269 364 88 36 följd
380 374 41 21 av
444 364 206 31 förbehållet
672 365 76 31 icke
771 365 37 31 få
829 365 180 31 förvärvas
1032 375 42 22 av
1096 366 179 36 förbjudet
1295 366 236 37 rättssubjekt.
1572 366 132 31 Genom
1724 370 48 27 att

269 414 219 31 aktiebreven
513 415 146 30 sålunda
683 416 99 30 skola
807 416 122 36 utvisa,
955 416 173 31 huruvida
1153 417 158 30 aktierna
1335 417 61 31 äro
1422 417 153 36 bundna,
1601 417 89 31 skall
1716 417 56 30 vid

268 464 199 31 överlåtelse
485 475 43 20 av
545 466 109 30 aktier
670 465 52 31 till
739 466 175 36 förbjudet
932 466 227 37 rättssubjekt
1176 467 212 31 omedelbart
1406 468 120 30 kunna
1543 468 154 36 avgöras,
1715 477 57 21 om

268 514 224 31 överlåtelsen
519 518 83 27 utan
629 515 126 31 hinder
782 525 41 21 av
851 515 206 32 förbehållet
1085 517 69 30 kan
1182 518 66 36 äga
1275 527 77 20 rum
1379 518 83 30 eller
1491 517 42 37 ej.
1562 517 121 31 Såsom
1710 527 60 21 an-

268 565 99 36 givits
394 566 10 29 i
431 567 237 35 redogörelsen
696 567 56 29 för
779 568 158 35 gällande
965 568 77 35 rätt,
1070 568 38 29 är
1133 568 190 30 emellertid
1351 571 48 27 ett
1424 568 245 37 aktieförvärv,
1697 578 75 21 som

267 616 91 30 skett
375 616 10 30 i
404 616 86 30 strid
510 617 79 30 med
608 617 216 37 förbehållet,
845 618 142 36 ogiltigt,
1007 618 85 30 även
1113 628 57 20 om
1192 619 162 30 förbudet
1373 618 31 37 ej
1428 618 155 37 framgår
1603 628 42 21 av
1666 619 106 30 aktie-

266 666 126 32 brevet.
417 666 123 31 Denna
563 667 138 37 stränga
724 668 91 36 regel
836 668 39 30 är
896 668 236 36 otvivelaktigt
1155 669 198 36 nödvändig
1376 669 57 30 för
1457 673 50 27 att
1532 670 83 30 1916
1637 669 56 31 års
1717 670 56 36 lag

267 716 76 31 icke
364 717 90 30 skall
478 718 119 30 kunna
619 717 173 37 kringgås.
838 718 74 31 Den
936 718 160 37 påkallar
1120 719 200 36 emellertid,
1343 723 50 27 att
1417 720 210 30 aktiebrevet
1650 720 124 37 tydligt

267 766 140 37 utvisar,
427 777 59 20 om
506 777 42 21 en
568 768 91 30 aktie
678 768 41 30 är
736 769 149 36 bunden,
906 770 85 29 enär
1012 769 96 36 eljest
1127 769 128 31 förlust
1274 770 69 30 kan
1365 770 109 31 vållas
1495 771 66 30 den
1581 780 75 21 som
1675 771 11 29 i
1706 771 68 36 god

267 819 53 28 tro
346 817 182 31 förvärvar
552 818 125 31 aktien.

312 866 251 32 Erfarenheten
584 869 64 30 har
670 869 98 36 visat,
792 872 47 27 att
861 869 175 37 åtskilliga
1056 870 111 36 bolag,
1191 880 75 21 som
1287 871 121 36 intagit
1430 871 172 31 förbehåll
1623 880 43 21 av
1690 871 82 32 ifrå-

267 919 195 35 gavarande
486 922 54 27 art
563 919 10 30 i
597 919 323 37 bolagsordningen,
944 920 186 31 underlåtit
1154 924 50 28 att
1228 921 21 31 å
1272 922 177 30 aktiebrev
1474 932 74 20 som
1571 931 97 22 avses
1693 923 80 30 med

267 967 205 32 förbehållet
498 969 167 37 anbringa
687 969 110 31 sådan
820 970 161 37 påskrift,
1006 974 48 27 att
1077 971 106 30 därav
1207 971 122 37 tydligt
1352 972 166 37 framgår,
1544 975 48 28 att
1614 972 159 31 aktierna

266 1018 62 30 äro
351 1018 153 33 bundna.
551 1019 100 31 Detta
676 1020 307 32 missförhållande
1008 1022 95 30 torde
1127 1022 87 31 böra
1239 1023 206 35 skyndsamt
1469 1022 193 38 avhjälpas,
1688 1026 84 27 utan

266 1068 151 31 avbidan
446 1069 47 37 på
523 1070 65 30 den
619 1069 131 31 reform
781 1080 42 21 av
852 1071 79 31 hela
961 1071 337 38 aktiebolagsrätten,
1331 1082 121 21 varom
1483 1073 290 37 lagberedningen

267 1119 158 30 kommer
442 1123 50 27 att
509 1119 192 37 framlägga
721 1121 138 36 förslag.
896 1121 55 31 En
970 1122 147 31 särskild
1134 1123 188 36 anledning
1341 1126 49 27 att
1408 1123 213 31 omedelbart
1641 1124 131 36 reglera

267 1169 113 31 denna
399 1169 100 37 fråga
518 1171 64 29 har
600 1171 200 31 tillkommit
819 1180 123 28 genom
963 1175 50 27 att
1032 1172 10 30 i
1061 1173 65 30 den
1145 1182 69 27 nya
1233 1173 275 37 börsordningen
1528 1174 138 37 intagits
1687 1175 85 29 krav

267 1218 46 38 på
332 1220 195 36 angivande
545 1230 42 21 av
607 1230 148 22 numren
759 1214 21 47 å
816 1222 67 31 fria
902 1222 122 31 aktier.

312 1269 66 31 För
398 1272 50 28 att
467 1270 137 31 rättelse
633 1271 1 30 i
654 1272 154 30 nämnda
827 1272 199 31 hänseende
1047 1273 86 30 skall
1155 1273 121 31 kunna
1297 1275 62 36 äga
1380 1283 79 21 rum
1481 1275 97 30 torde
1598 1277 47 28 ett
1666 1275 104 37 ingri-

268 1321 113 36 pande
402 1329 125 28 genom
550 1321 215 38 lagstiftning
787 1332 81 21 vara
892 1323 222 37 nödvändigt.
1139 1323 122 31 Såsom
1284 1324 289 38 lagberedningen
1597 1325 174 36 förutsatt,

267 1371 63 30 bör
346 1371 103 37 syftet
465 1372 80 30 med
560 1381 42 21 en
618 1371 110 31 sådan
745 1373 215 37 lagstiftning
976 1382 82 22 vara
1075 1376 48 28 att
1139 1373 198 38 undanröja
1354 1375 109 30 redan
1481 1375 211 37 förefintliga
1711 1376 60 30 fel-

268 1421 191 38 aktigheter
480 1431 79 21 men
581 1423 85 29 även
688 1425 50 28 att
758 1424 84 30 söka
862 1424 184 30 förhindra
1067 1425 234 36 uppkomsten
1322 1434 42 21 av
1386 1435 70 27 nya
1478 1424 140 32 sådana.
1641 1425 130 37 Lagbe-

266 1472 206 37 redningens
487 1473 129 37 förslag
630 1473 155 36 innebär,
800 1476 49 28 att
862 1483 48 21 nu
926 1474 158 37 gällande
1099 1475 189 36 stadgande
1304 1484 56 21 om
1375 1478 50 28 att
1442 1475 214 31 förbehållen
1673 1476 98 30 skola

267 1522 141 38 angivas
427 1523 11 29 i
458 1524 127 29 breven
604 1523 21 31 å
645 1524 41 30 de
706 1525 143 29 bundna
869 1524 158 30 aktierna
1048 1525 187 36 preciseras
1257 1524 155 37 sålunda,
1435 1529 49 27 att
1506 1526 9 30 i
1536 1527 126 30 breven
1683 1527 88 30 skall

266 1573 111 31 direkt
393 1574 143 36 angivas
553 1574 65 30 den
635 1574 10 30 i
662 1573 205 31 förbehållet
884 1575 181 31 bestämda
1081 1575 308 37 inskränkningen.
1409 1577 14 29 I
1442 1577 42 30 de
1502 1577 109 36 bolag,
1631 1577 10 30 i
1660 1577 110 30 vilkas

267 1624 269 37 bolagsordning
561 1623 172 32 förbehåll
759 1625 112 30 finnes
896 1625 139 37 intaget,
1062 1626 87 29 skall
1176 1626 117 30 vidare
1320 1626 9 30 i
1355 1627 209 31 aktieboken
1590 1627 58 31 vid
1674 1627 96 37 varje

267 1674 93 31 aktie
381 1675 198 35 anmärkas,
604 1684 57 21 om
685 1675 67 30 den
776 1676 37 29 är
836 1675 142 31 bunden
1001 1676 81 30 eller
1105 1676 55 30 fri.
1186 1676 140 31 Förbud
1350 1680 73 27 mot
1447 1677 188 37 utdelning,
1661 1678 109 29 innan

269 1724 147 37 påskrift
432 1725 90 30 skett
539 1724 20 31 å
575 1725 230 36 aktiebreven,
823 1726 87 30 skall
928 1726 104 36 enligt
1049 1726 172 37 förslaget,
1246 1727 4 30 i
1268 1729 142 28 motsats
1428 1727 52 30 till
1498 1728 66 30 vad
1581 1737 47 21 nu
1646 1729 38 29 är
1703 1728 68 30 för-

267 1774 185 37 hållandet,
472 1776 90 36 gälla
580 1777 86 29 även
684 1775 45 31 då
748 1775 169 31 förbehåll
936 1776 108 31 redan
1061 1776 57 31 vid
1136 1776 120 37 bolags
1274 1777 164 31 bildande
1456 1778 131 37 intages
1606 1778 11 30 i
1636 1779 134 36 bolags-

267 1826 200 37 ordningen,
487 1827 66 29 och
572 1826 262 31 straffansvaret
853 1827 54 29 för
925 1827 178 37 utdelning
1122 1827 9 30 i
1152 1827 86 30 strid
1257 1830 71 28 mot
1347 1828 112 37 dylikt
1479 1828 127 31 förbud
1625 1828 145 31 föreslås

269 1877 167 30 utsträckt
456 1877 52 30 till
527 1879 48 28 att
595 1886 79 21 avse
693 1876 131 37 jämväl
844 1877 190 35 förseelser,
1056 1887 73 20 som
1149 1878 62 30 ske
1230 1887 43 21 av
1292 1876 225 33 vårdslöshet.

312 1926 77 31 Med
411 1928 139 36 hänsyn
573 1928 49 30 till
646 1927 155 31 rådande
824 1927 328 31 missförhållanden
1180 1929 99 30 skola
1304 1929 104 36 enligt
1433 1929 338 37 övergångsbestäm-

268 1977 169 31 melserna
458 1977 52 31 till
531 1978 163 36 förslaget
716 1978 171 30 särskilda
909 1979 110 35 regler
1041 1978 89 37 gälla
1152 1978 57 30 för
1228 1978 111 37 bolag,
1363 1989 76 20 som
1462 1980 57 30 vid
1542 1980 229 37 lagstiftning-

267 2036 60 22 ens
349 2027 277 31 ikraftträdande
647 2028 108 30 redan
777 2028 119 36 intagit
917 2028 173 31 förbehåll
1109 2029 11 29 i
1142 2028 54 31 sin
1216 2029 280 37 bolagsordning.
1537 2030 14 30 I
1572 2031 93 30 detta
1686 2031 85 30 hän-

267 2078 122 30 seende
411 2078 156 36 föreslås,
589 2081 48 28 att
661 2088 58 20 om
744 2079 186 36 anledning
951 2088 111 27 yppas
1085 2079 49 30 till
1158 2080 194 36 antagande
1375 2083 50 28 att
1447 2081 66 30 den
1534 2080 10 30 i
1565 2080 207 32 förbehållet

267 2128 180 32 bestämda
464 2128 298 37 inskränkningen
780 2129 74 30 icke
871 2128 46 37 på
936 2129 187 36 otvetydigt
1142 2130 67 30 sätt
1227 2130 145 36 angivits
1395 2131 5 29 i
1418 2131 128 31 breven
1564 2131 20 31 å
1603 2132 42 30 de
1663 2130 109 32 aktier

268 2188 75 21 som
360 2188 96 21 avses
476 2179 152 36 därmed,
649 2180 102 30 dessa
770 2179 176 31 aktiebrev
965 2179 97 32 skola
1080 2189 41 21 av
1141 2181 166 35 styrelsen
1326 2181 176 32 infordras
1520 2182 56 30 för
1594 2185 49 28 att
1663 2183 108 30 förses

268 2229 78 30 med
369 2228 160 37 påskrift.
575 2229 182 37 Härjämte
779 2230 147 36 stadgas,
952 2233 49 27 att
1023 2230 10 30 i
1057 2231 207 30 aktieboken
1288 2231 87 30 skall
1399 2232 58 31 vid
1480 2232 94 37 varje
1597 2233 92 30 aktie
1713 2241 58 21 an-

267 2280 150 35 märkas,
440 2279 173 31 huruvida
633 2280 66 30 den
721 2280 40 30 är
779 2280 140 30 bunden
941 2281 82 30 eller
1044 2280 54 37 fri,
1119 2282 66 29 och
1208 2284 49 28 att
1278 2282 220 31 aktiebreven
1519 2282 57 31 må
1596 2282 176 31 infordras

267 2328 130 37 Jämväl
424 2330 55 30 för
507 2330 91 30 detta
623 2330 175 31 ändamål.
848 2330 112 31 Innan
986 2334 47 27 ett
1057 2331 186 37 aktiebrev,
1270 2341 74 21 som
1370 2333 200 36 infordrats,
1597 2333 99 31 blivit
1721 2332 49 30 in-

268 2379 88 36 givet
372 2380 50 30 till
438 2381 176 36 styrelsen,
633 2380 58 31 må
706 2380 178 37 utdelning
901 2380 21 31 å
939 2381 101 36 aktie,
1057 2381 82 31 varå
1155 2382 118 30 brevet
1288 2383 106 36 lyder,
1412 2383 31 36 ej
1463 2384 64 35 äga
1543 2393 87 23 rum.
1648 2382 122 33 Straff-

268 2438 124 23 ansvar
413 2430 145 31 föreslås
579 2431 54 30 för
655 2431 297 36 styrelseledamot
972 2432 82 29 eller
1074 2431 196 38 likvidator,
1292 2442 74 21 som
1389 2433 217 37 uppsåtligen
1627 2435 83 30 eller
1730 2442 43 21 av

268 2479 214 32 vårdslöshet
507 2481 212 30 försummar
740 2485 49 27 att
812 2481 153 37 iakttaga
990 2481 73 31 sina
1089 2492 46 20 nu
1157 2483 150 36 angivna
1330 2484 243 37 skyldigheter.
