2179 2573
662 224 253 32 Konstilutions-
927 220 176 45 Utskottets
1112 225 172 32 Memorial
1309 225 63 32 N:o
1396 226 32 33 5.
1802 229 19 29 D

259 302 146 48 gifvare
449 307 55 30 att
547 302 154 48 deltaga
736 302 11 36 i
776 301 246 49 Riksdagens
1051 303 307 48 förhandlingar,
1389 303 47 36 då
1464 304 86 36 dem
1581 305 219 48 uppdraget
1827 310 42 31 är

259 360 55 29 att
350 354 82 35 föra
460 353 290 49 riksstyrelsen,
776 356 61 33 må
864 354 187 48 upphöra,
1082 360 92 30 enär
1202 355 121 48 sagda
1350 354 300 49 grundlagsbud
1681 355 187 38 obestrid-

257 405 105 48 ligen
400 405 75 35 kan
517 404 171 37 medföra
729 404 131 49 högst'
883 405 225 49 betänkliga
1137 406 263 48 olägenheter.
1457 407 73 36 Det
1558 407 76 36 kan
1665 407 199 48 nemligen

258 457 164 46 inträffa,
466 461 56 31 att
564 456 221 48 Konungen
828 456 93 36 eller
963 456 74 37 den
1070 458 59 35 till
1158 458 234 48 tronföljden
1422 463 171 31 närmast
1622 459 243 48 berättigade

258 509 106 48 prins
395 508 40 35 af
466 507 177 49 sjukdom
669 508 94 36 eller
789 521 128 23 annan
947 508 211 49 anledning
1186 509 123 37 under
1336 523 48 22 en
1414 510 132 48 längre
1574 510 57 36 tid
1660 515 41 31 är
1722 510 145 37 förhin-

259 560 94 35 drad
381 565 56 29 att
464 559 83 35 föra
576 560 248 47 regeringen.
879 560 133 36 Under
1040 561 143 35 sådana
1202 560 268 37 förhållanden
1492 561 123 36 skulle
1633 562 233 36 samarbetet

257 610 142 37 mellan
428 610 182 49 regering
639 610 70 36 och
737 611 307 48 representation
1073 612 155 37 komma
1257 617 56 31 att
1341 612 119 48 högst
1487 612 214 49 väsentligt
1729 618 136 32 störas.

258 662 225 47 Riksdagen
526 662 125 35 skulle
680 675 92 22 vara
799 662 185 36 beröfvad
1014 663 73 36 den
1117 664 167 48 tillgång
1312 664 57 35 till
1399 664 143 48 nödiga
1570 664 295 49 upplysningar,

260 727 81 22 som
384 714 86 35 med
506 713 239 36 statsrådens
774 713 171 36 tillträde
974 714 60 35 till
1064 715 213 36 Kamrarne
1304 721 41 30 är
1369 715 146 48 afsedd,
1545 716 71 35 och
1646 716 221 36 statsråden

259 765 123 35 skulle
425 778 91 22 vara
557 765 261 36 urståndsatte
853 771 55 30 att
931 779 142 34 genom
1106 767 143 36 sådana
1276 766 305 49 upplysningars
1611 767 255 37 meddelande

259 816 139 37 bereda
428 816 204 48 framgång
660 818 38 33 åt
726 816 255 49 regeringens
1010 817 157 48 förslag.
1223 818 69 35 Att
1321 831 49 23 en
1399 817 121 37 sådan
1547 818 97 36 brist
1672 822 50 45 på
1741 819 127 36 direkt

260 867 228 37 samverkan
519 868 141 35 mellan
690 867 300 37 statsmakterna
1019 868 123 37 skulle
1171 869 134 36 utöfva
1329 874 56 31 ett
1399 869 239 37 förlamande
1654 870 213 48 inflytande

259 923 49 45 på
343 918 110 36 deras
488 919 248 35 verksamhet
765 920 71 34 och
865 919 57 35 till
952 920 83 35 sina
1064 920 136 49 följder
1228 921 119 35 blifva
1376 923 42 33 så
1447 921 154 48 mycket
1630 921 235 48 skadligare,

260 984 81 23 som
383 970 73 36 den
496 970 129 35 kunde
660 970 154 36 komma
839 976 56 30 att
923 971 158 37 fortfara
1111 972 122 36 under
1262 986 46 22 en
1338 972 135 48 längre
1500 972 227 49 tidsperiod,
1756 973 110 37 torde

259 1023 32 47 ej
322 1022 168 35 behöfva
518 1021 203 48 vidlyftigt
748 1022 234 36 framhållas.

389 1073 55 35 Då
473 1072 200 38 Utskottet
701 1073 42 36 af
767 1073 113 36 dessa
909 1074 86 35 skäl
1023 1074 120 36 håller
1167 1074 93 48 före,
1295 1079 56 31 att
1379 1074 131 49 hvarje
1538 1074 288 50 inskränkning
1854 1075 13 36 i

260 1124 380 36 statsrådsledamots
669 1130 76 30 rätt
774 1131 55 29 att
857 1125 155 48 deltaga
1039 1126 12 35 i
1080 1126 246 48 Riksdagens
1354 1126 297 48 förhandlingar
1679 1127 70 35 bör
1770 1141 97 34 upp-

258 1175 107 47 höra,
407 1181 41 30 är
489 1176 65 35 det
596 1176 85 35 med
711 1175 75 36 den
816 1175 275 50 öfvertygelse,
1118 1182 55 31 att
1202 1191 47 22 en
1280 1178 118 35 sådan
1428 1177 227 49 förändring
1683 1178 85 36 icke
1798 1178 69 36 bör

260 1232 103 30 möta
406 1237 122 37 några
558 1227 316 47 betänkligheter
902 1241 44 23 ur
975 1228 296 37 konstitutionel
1300 1229 209 48 synpunkt.
1564 1229 83 35 Den
1669 1229 198 49 ställning,

258 1279 360 48 representationen
647 1278 153 48 intager
827 1284 94 42 gent
947 1286 102 29 emot
1077 1280 246 48 regeringen,
1354 1285 41 31 är
1422 1280 210 48 nemligen,
1654 1280 122 48 enligt
1797 1281 69 36 Ut-

259 1331 165 34 skottets
473 1329 263 49 uppfattning,
779 1344 157 22 numera
979 1334 41 33 så
1062 1331 258 49 sjelfständig,
1350 1334 42 33 så
1420 1331 218 37 oberoende
1667 1332 43 36 af
1733 1331 133 50 hvarje

259 1386 102 42 yttre
403 1381 209 47 påverkan,
659 1385 55 31 att
757 1382 176 47 grundad
969 1382 212 48 anledning
1216 1383 55 36 till
1300 1383 162 48 farhåga
1490 1383 58 36 för
1576 1388 55 31 ett
1660 1383 206 49 obehörigt

258 1431 92 37 eller
391 1431 12 36 i
447 1431 118 49 öfrigt
594 1432 170 49 skadligt
793 1432 214 49 inflytande
1032 1433 83 37 från
1143 1435 493 49 regeringsledamöternas
1666 1435 82 36 sida
1777 1435 87 37 icke

256 1484 109 35 torde
394 1484 220 35 förefinnas.
670 1484 68 35 Ett
765 1485 228 47 ytterligare
1018 1487 86 34 stöd
1133 1486 58 35 för
1220 1487 60 34 sin
1311 1486 101 48 åsigt
1440 1500 61 21 om
1530 1487 282 48 lämpligheten
1827 1487 43 35 af

257 1546 46 22 en
332 1534 229 49 förändring
589 1535 13 35 i
630 1548 50 22 nu
710 1535 170 48 antydda
907 1536 177 49 rigtning
1112 1537 150 36 hemtar
1291 1538 201 36 Utskottet
1516 1538 146 48 jemväl
1690 1538 82 35 från
1789 1539 76 35 den

256 1587 301 46 omständighet,
600 1591 56 31 att
697 1586 225 47 derigenom
964 1588 126 37 skulle
1134 1589 259 48 undanrödjas
1424 1589 65 35 det
1516 1589 149 47 hinder,
1696 1602 80 23 som
1806 1590 59 36 för

258 1637 238 36 närvarande
531 1637 208 37 förefinnes
773 1638 59 35 för
860 1639 178 45 statsråd,
1069 1653 80 23 som
1180 1640 125 36 tillika
1335 1645 42 31 är
1404 1640 285 49 riksdagsman,
1720 1646 56 30 att
1804 1647 59 30 ut-

255 1687 89 36 öfva
384 1689 393 49 representantkallet
818 1690 121 36 under
976 1691 75 37 den
1080 1691 68 47 tid,
1178 1692 76 36 han
1284 1697 41 31 är
1354 1692 168 36 ledamot
1551 1692 41 36 af
1615 1692 249 48 riksstyrelse

254 1739 93 36 eller
376 1740 43 33 af
445 1739 266 37 tillförordnad
739 1742 197 48 regering.

383 1790 17 36 I
442 1792 284 47 sammanhang
763 1793 87 35 med
885 1794 72 35 den
989 1793 225 50 förändring
1243 1792 86 51 af
1316 1786 17 62 8
1359 1796 47 35 53
1435 1795 425 49 Riksdagsordningen,

252 1840 198 38 Utskottet
476 1842 160 35 sålunda
665 1856 113 23 anser
805 1844 93 34 böra
926 1845 192 48 vidtagas,
1140 1847 104 34 torde
1265 1836 147 61 jemväl,
1430 1847 11 34 i
1457 1847 403 35 öfverensstämmelse

253 1890 87 38 med
370 1892 102 38 hvad
501 1907 81 23 som
611 1897 122 33 måste
762 1909 113 22 anses
900 1895 115 37 hafva
1039 1897 99 35 varit
1166 1896 265 51 lagstiftarens
1461 1898 171 48 mening,
1648 1898 213 47 uttrycklig

252 1942 199 38 föreskrift
475 1945 94 37 böra
596 1945 137 48 inflyta
762 1947 144 46 derom,
937 1952 55 31 att
1020 1947 225 48 Riksdagen
1274 1948 93 37 eller
1387 1948 214 37 Kamrarne
1625 1949 32 48 ej
1676 1952 62 33 må
1754 1949 108 37 öfver

252 1997 119 44 något
402 2000 110 31 ämne
536 1997 187 49 rådpläga
751 1997 93 35 eller
874 1997 149 38 besluta
1047 1999 12 35 i
1088 2004 164 31 närvaro
1282 2000 43 35 af
1347 2000 74 36 den
1451 2000 57 36 till
1524 1999 234 50 tronföljden
1775 2005 86 31 när-

251 2051 99 30 mast
380 2047 243 48 berättigade
653 2049 118 48 prins,
803 2048 48 37 då
875 2049 75 37 han
973 2050 155 49 jemlikt
1158 2051 21 48 8
1210 2053 46 34 39
1286 2051 572 49 Regeringsformen
1672 2043 20 61 i
1718 2043 142 61 Konun-

251 2110 98 35 gens
381 2111 116 24 namn
525 2099 102 36 förer
655 2101 288 47 rikgstyrelsen.

378 2148 52 37 På
459 2151 127 46 grund
616 2150 42 37 al
681 2150 102 37 hvad
813 2153 159 35 sålunda
997 2152 127 37 blifvit
1153 2154 155 36 anfördt
1336 2154 57 36 får
1418 2154 200 37 Utskottet
1637 2154 218 49 hemställa,

782 2209 56 29 att
865 2204 223 47 Riksdagen
1118 2209 119 32 måtte
1266 2211 142 42 antaga
1437 2212 57 30 att
1521 2207 107 35 hvila
1647 2206 59 35 till
1722 2206 133 36 vidare

652 2254 325 49 grundlagsenlig
1017 2255 240 49 behandling
1298 2255 172 50 följande
1512 2256 147 49 förslag
1694 2257 59 36 till
1780 2257 76 37 för-

652 2306 145 37 ändrad
825 2306 150 50 lydelse
1005 2307 42 37 af
1071 2307 20 50 8
1122 2310 46 35 53
1199 2307 435 50 Riksdagsordningen:
