1902 2822
631 189 231 30 Statsutskottets
885 189 147 30 utlåtande
1053 190 49 29 Nr
1123 187 29 33 Å.
1611 186 39 33 13

146 264 121 43 loppet
299 264 93 39 böra,
427 266 44 41 på
501 267 68 30 sätt
595 265 125 32 hittills
744 267 56 40 ägt
822 277 85 26 rum,
941 266 136 31 anvisas
1101 267 113 30 såsom
1238 264 138 32 särskilt
1399 266 94 30 extra
1522 264 126 42 anslag.

147 316 76 32 Mot
247 316 65 32 den
329 328 40 20 av
385 316 345 42 arméförvaltningen
748 316 193 32 beräknade
957 316 334 37 kostnadssumman,
1308 315 115 33 69.250
1437 315 134 38 kronor,
1589 315 61 31 har

144 367 58 42 jag
223 367 74 32 icke
321 369 103 40 något
447 369 50 30 att
513 367 120 32 erinra.
668 367 203 32 Emellertid
888 367 97 32 torde
1002 378 39 20 av
1058 368 41 30 de
1116 367 52 31 för
1184 367 115 42 dylika
1314 366 336 41 utbildningskurser

146 418 145 42 tidigare
314 419 165 41 anslagna
506 419 111 31 medel
641 420 49 30 ett
712 418 128 42 belopp
864 430 39 19 av
929 418 113 38 15,000
1063 418 127 31 kronor
1213 418 114 30 kunna
1349 419 95 39 tagas
1467 417 10 31 i
1501 416 149 41 anspråk

146 469 53 31 för
232 468 42 32 de
308 480 47 20 nu
388 469 195 41 föreslagna
616 469 391 41 utbildningskurserna.
1053 468 121 32 Under
1201 468 112 31 denna
1335 467 246 41 förutsättning
1604 478 46 20 er-

145 519 134 32 fordras
303 519 135 33 således
462 530 42 21 en
527 519 315 41 medelsanvisning
864 521 19 29 å
905 520 116 38 54,250
1042 519 150 32 kronor.»

199 622 19 31 I
241 621 152 42 enlighet
415 622 79 31 med
516 621 127 42 Kungl.
667 621 117 42 Maj:ts
808 621 128 42 förslag
959 621 197 32 hemställer
1179 621 177 38 utskottet,

469 692 50 29 att
540 689 183 42 riksdagen
746 691 55 29 må

469 740 29 41 a)
526 740 51 32 för
600 740 223 31 anordnande
846 751 39 20 av
910 739 84 32 vissa
1023 739 317 40 utbildningskurser
1367 739 55 32 vid
1449 738 199 41 skjutskolan

409 789 61 42 för
503 790 193 41 infanteriet
717 790 54 32 och
793 790 188 32 kavalleriet
1002 790 52 31 för
1076 790 203 41 budgetåret
1308 790 74 31 1927
1401 789 108 32 —1928
1532 789 118 31 anvisa

416 843 50 30 ett
489 843 94 30 extra
605 841 352 41 reservationsanslag
978 852 41 20 av
1040 841 115 38 54,250
1177 840 139 39 kronor;

468 891 33 42 b)
535 892 164 41 medgiva,
724 894 50 29 att
806 892 53 31 för
881 903 83 30 nyss
987 891 145 42 angivna
1154 891 158 32 ändamål
1333 891 123 41 jämväl
1479 892 53 30 må
1554 893 96 40 tagas

415 942 12 31 i
454 943 149 41 anspråk
625 944 49 30 ett
696 942 129 42 belopp
849 953 40 20 av
913 942 113 37 15,000
1048 942 127 31 kronor
1197 953 40 20 av
1254 942 183 40 förefintlig
1451 941 200 41 behållning

416 994 19 29 å
459 992 42 32 de
523 992 53 32 för
599 992 115 42 dylika
740 992 338 41 utbildningskurser
1100 992 144 41 tidigare
1268 992 160 31 anvisade
1451 992 120 31 medel.

201 1086 82 41 19:0)
317 1085 126 42 Kungl.
467 1086 98 41 Maj:t
598 1086 61 31 har
691 1086 177 41 föreslagit
901 1085 179 42 riksdagen
1106 1085 120 42 (punkt
1248 1084 51 43 21)
1322 1088 49 28 att
1394 1085 63 32 öka
1480 1085 170 32 ordinarie

146 1136 388 42 reservationsanslaget
556 1136 52 31 till
632 1136 317 42 studiestipendier,
973 1147 45 20 nu
1042 1136 115 39 25,000
1172 1136 134 38 kronor,
1324 1136 77 31 med
1417 1136 92 38 2,000
1524 1136 127 31 kronor

147 1187 53 32 till
224 1187 115 38 27,000
361 1186 135 32 kronor.

200 1237 241 41 Utredningen
464 1237 11 31 i
499 1237 140 31 ärendet
661 1238 184 31 återfinnes
869 1239 19 29 å
911 1236 63 33 sid.
1000 1237 38 31 78
1063 1237 63 31 och
1151 1237 40 32 79
1207 1248 40 20 av
1263 1236 191 42 åberopade
1472 1236 179 32 statsråds-

148 1287 218 42 protokollet.

202 1364 182 32 Ordinarie
417 1364 388 42 reservationsanslaget
838 1364 54 32 till
925 1364 307 41 studiestipendier
1261 1364 94 31 har
1339 1360 23 51 i
1385 1364 184 31 riksstaten
1599 1364 52 31 för

147 1415 231 32 innevarande
401 1415 169 42 budgetår
592 1415 178 42 upptagits
794 1415 78 32 med
895 1415 114 39 25,000
1032 1415 135 31 kronor.
1212 1415 165 41 Anslaget
1392 1415 61 31 har
1468 1415 182 31 beräknats

148 1465 157 32 sålunda:

149 1523 199 43 Stipendier
371 1526 35 30 åt
428 1524 112 32 elever
561 1524 58 32 vid
641 1524 153 31 artilleri-
817 1524 64 32 och
904 1524 346 42 ingenjörhögskolan
1275 1550 25 2 ...
1326 1524 125 31 kronor
1494 1524 102 35 3,000:
1610 1541 41 5 —

235 1588 13 15 ?
384 1587 12 16 »
478 1587 13 15 a
584 1587 12 16 >»
640 1575 236 41 krigsskolans
900 1575 218 31 officerskurs
1139 1599 94 4 .........
1258 1599 44 4 ...
1393 1587 13 15 >
1477 1575 174 37 10,000:
1626 1571 29 50 —

236 1638 13 14 »
384 1637 12 15 »
429 1624 286 32 underofficerare
739 1625 64 31 och
826 1625 123 31 furirer
967 1649 59 4 ......
1045 1650 15 4 dn
1069 1649 25 4 een
1104 1649 25 4 ner
1138 1649 26 4 err
1177 1650 34 3 nen
1231 1649 71 4 ennen
1365 1619 48 58 AR
1445 1626 152 47 12,000:
1626 1619 26 58 —

1167 1684 140 31 Summa
1329 1684 125 31 kronor
1476 1684 175 38 25,000:
1619 1680 35 50 —

200 1741 69 32 För
302 1741 204 42 budgetåret
541 1742 207 31 1927--1928
781 1741 62 32 har
866 1742 376 41 departementschefen
1265 1742 74 32 icke
1361 1742 164 32 beräknat
1548 1744 103 40 några

148 1792 112 32 medel
293 1792 53 32 för
379 1792 190 42 stipendier
603 1794 34 29 åt
671 1792 111 32 elever
814 1792 58 31 vid
904 1792 234 42 krigsskolans
1162 1793 225 38 officerskurs,
1411 1795 81 29 enär
1514 1793 10 31 i
1548 1796 103 29 annat

149 1842 246 43 sammanhang
427 1843 204 42 föreslagits,
660 1845 49 30 att
742 1843 66 31 alla
842 1843 172 32 officerare
1037 1845 44 40 på
1104 1843 91 32 aktiv
1219 1846 67 29 stat
1308 1843 56 32 vid
1387 1844 106 31 första
1516 1844 135 31 anställ-

148 1894 127 42 ningen
300 1896 113 30 såsom
438 1894 127 32 sådana
581 1894 109 31 skulle
707 1894 136 31 komma
858 1893 11 32 1
886 1894 199 41 åtnjutande
1106 1905 40 21 av
1162 1894 297 42 ekiperingshjälp.
1498 1894 154 33 Berörda

148 1945 129 41 förslag
298 1944 63 32 har
383 1955 141 21 numera
546 1956 39 20 av
609 1944 183 42 riksdagen
816 1944 153 32 bifallits.

201 1994 121 32 Under
344 1995 222 31 förevarande
599 1994 119 41 anslag
741 1994 61 31 har
824 1995 53 31 för
910 1994 58 31 det
990 2006 46 19 nu
1066 1995 148 41 löpande
1244 1995 202 41 budgetåret
1468 1995 183 32 beräknats

148 2045 112 31 medel
294 2045 110 31 under
436 2047 124 39 posten
595 2045 191 41 stipendier
808 2047 35 29 åt
865 2045 283 31 underofficerare
1172 2045 64 31 och
1266 2046 121 31 furirer
1416 2046 51 31 för
1497 2046 155 41 förslags-

148 2095 53 32 vis
227 2096 37 30 12
288 2095 191 41 stipendier
502 2097 19 29 å
545 2095 92 35 1,000
659 2095 127 31 kronor
809 2095 83 31 eller
912 2095 133 31 således
1070 2096 114 37 12,000
1206 2095 134 32 kronor.
1374 2096 18 30 I
1414 2096 91 41 regel
1528 2098 58 29 äro
1609 2097 43 30 de

150 2145 237 42 stipendiater,
410 2156 115 21 varom
548 2145 62 31 här
632 2147 37 29 är
691 2145 102 41 fråga,
817 2145 11 31 i
851 2145 113 32 behov
983 2156 40 20 av
1038 2147 50 29 att
1103 2145 111 32 under
1228 2157 72 20 mer
1323 2147 41 30 än
1388 2148 48 29 ett
1459 2148 36 29 år
1517 2146 136 32 komma

149 2196 12 31 i
184 2196 201 41 åtnjutande
409 2207 41 20 av
472 2196 109 42 dylikt
604 2195 222 42 stipendium.
864 2195 83 32 Med
969 2196 133 41 hänsyn
1119 2196 115 31 härtill
1250 2196 63 32 och
1330 2196 43 32 då
1389 2196 263 42 departements-

149 2246 120 32 chefen
293 2249 114 29 ansett
429 2246 59 31 det
510 2247 169 37 önskvärt,
704 2248 50 29 att
776 2246 110 31 under
908 2247 282 31 nästkommande
1213 2247 166 41 budgetår
1393 2248 195 41 ytterligare
1604 2250 49 29 ett

149 2297 93 31 antal
276 2297 285 31 underofficerare
595 2297 63 31 och
693 2297 200 31 underbefäl
927 2298 54 30 må
1009 2297 115 31 kunna
1157 2297 144 32 beredas
1325 2298 186 31 understöd
1535 2298 12 31 i
1570 2298 82 32 före-

148 2347 149 32 varande
330 2347 179 39 avseende,
532 2347 62 31 har
626 2347 53 32 för
701 2347 148 32 nämnda
871 2347 167 41 budgetår
1060 2348 52 31 för
1142 2358 129 21 samma
1293 2348 155 32 ändamål
1470 2348 182 32 beräknats

150 2399 50 30 ett
223 2397 53 31 till
299 2398 116 38 24,000
437 2397 126 32 kronor
584 2397 129 42 förhöjt
736 2398 138 41 belopp.

203 2447 221 32 Beträffande
447 2448 263 41 anslagsposten
735 2448 53 31 till
811 2448 190 41 stipendier
1024 2450 34 29 åt
1081 2448 111 32 elever
1214 2448 58 32 vid
1291 2449 150 31 artilleri-
1459 2449 63 32 och
1538 2449 114 42 ingen-

147 2498 248 42 jörbögskolan
418 2498 62 31 har
502 2498 378 42 departementschefen
902 2498 74 32 icke
998 2498 176 42 ifrågasatt
1196 2501 111 40 någon
1331 2499 150 42 ändring.

1720 1097 101 24 Studie-

1694 1132 148 29 stipendier.

1721 1174 93 46 [21.]
