1902 2822
653 187 227 29 Statsutskottets
902 188 147 27 utlåtande
1070 188 49 27 Nr
1141 185 29 32 Å.
1623 184 40 32 29

158 264 126 31 —1928
317 264 154 31 kommer
503 273 124 31 genom
662 263 189 32 utskottets
885 263 129 41 förslag
1035 262 74 32 icke
1132 264 51 29 att
1205 263 136 40 uppstå.
1385 261 75 32 Vad
1483 263 104 40 angår
1609 272 55 20 an-

157 314 147 32 staltens
333 313 243 42 organisation,
600 313 62 31 har
684 313 170 31 utskottet
875 313 75 31 icke
973 314 113 29 ansett
1109 312 53 41 sig
1184 312 84 31 böra
1290 314 81 39 göra
1393 323 111 20 annan
1527 312 135 31 erinran

158 366 73 29 mot
253 364 59 31 det
334 363 208 32 härutinnan
565 374 40 20 av
627 363 388 41 kavalleriinspektören
1034 362 212 32 framställda
1261 362 171 41 förslaget,
1449 364 42 28 än
1507 364 50 29 att
1573 373 90 20 arvo-

158 414 60 31 det
239 414 54 31 till
316 413 212 42 depåchefen
550 413 58 32 vid
631 413 329 32 Herrevadskloster
982 414 44 40 på
1048 413 112 41 grund
1182 423 41 20 av
1246 412 58 31 det
1326 412 108 31 ökade
1449 412 125 37 arbete,
1588 423 74 20 som

158 464 155 32 kommer
335 466 50 29 att
407 463 113 42 påvila
542 463 127 32 honom
692 474 124 31 genom
840 463 331 42 dressyranstaltens
1194 462 238 42 upprättande,
1456 462 12 31 i
1491 462 90 41 varje
1605 462 59 31 fall

157 514 31 42 ej
213 514 64 31 bör
300 516 81 39 utgå
403 514 79 31 med
505 514 105 41 högre
632 514 129 41 belopp
785 515 42 30 än
852 514 93 38 1,000
966 513 134 31 kronor.

211 564 275 32 Vidkommande
510 564 148 31 därefter
679 564 117 41 frågan
820 575 55 20 om
899 563 59 32 det
980 563 91 31 antal
1094 565 181 36 remonter,
1300 573 73 21 som
1396 562 109 31 under
1523 562 141 41 budget-

157 616 76 30 året
269 614 208 32 1927—1928
509 614 86 31 böra
616 614 157 41 inköpas,
798 624 103 31 synes
925 613 58 31 det
1005 613 170 32 utskottet
1198 624 73 20 som
1295 624 55 20 om
1374 623 76 20 man
1474 613 51 31 för
1547 612 117 42 ifråga-

160 664 148 32 varande
343 664 169 42 budgetår
544 664 64 32 bör
640 664 125 39 kunna,
789 664 12 31 i
827 664 110 31 likhet
970 663 78 32 med
1080 663 66 32 vad
1169 674 74 21 som
1266 664 57 40 ägt
1345 674 73 20 rum
1442 662 108 32 under
1572 663 91 31 inne-

160 715 148 32 varande
331 715 177 41 budgetår,
532 714 170 42 begränsa
724 715 95 31 detta
842 715 93 31 antal
958 714 52 31 till
1031 714 72 32 400.
1148 714 105 31 Detta
1277 724 102 31 synes
1402 713 170 41 nämligen
1595 713 69 32 låta

159 766 56 41 sig
247 767 82 40 göra
362 765 78 32 med
467 765 135 42 hänsyn
631 765 52 32 till
707 765 67 31 den
798 767 94 29 stora
914 764 220 41 utrangering
1156 776 41 19 av
1218 764 125 38 hästar,
1368 775 72 20 som
1464 764 110 31 under
1596 764 67 31 den

161 818 173 29 närmaste
357 816 96 31 tiden
476 815 154 32 kommer
652 817 51 30 att
725 817 62 40 äga
810 826 74 20 rum
908 815 57 31 vid
987 814 206 32 kavalleriet.
1232 815 61 30 Ett
1314 816 104 40 något
1440 816 108 29 större
1571 815 94 30 antal

160 865 166 42 lämpliga
350 866 207 31 stamhästar
580 876 104 31 synes
706 865 11 31 i
742 865 115 31 stället
879 865 84 31 böra
985 865 200 31 bibehållas.
1220 864 179 32 Utskottet
1421 864 69 39 har,
1515 864 77 31 med
1616 867 48 28 ut-

160 916 221 41 gångspunkt
419 916 74 31 från
530 915 66 31 vad
634 915 145 32 sålunda
817 915 141 38 anförts,
986 915 164 31 beräknat
1182 914 405 41 remonteringsanslaget
1620 916 44 39 på

158 966 153 41 följande
336 967 81 30 sätt:

845 1032 157 41 Utgifter:

211 1084 104 40 Inköp
338 1095 39 21 av
399 1087 166 29 remonter.

156 1135 66 31 400
244 1136 174 30 remonter
440 1136 19 29 å
484 1135 91 38 1,100
597 1134 127 31 kronor
770 1158 382 4 -..scscsesssssssssesssresess
1184 1158 50 4 sins
1317 1133 126 31 KYONOT
1463 1133 199 37 440,000:
1637 1128 28 49 —

217 1203 196 40 Transport-,
436 1213 77 21 rese-
536 1202 54 31 och
613 1202 124 32 diverse
758 1202 182 31 kostnader.

158 1253 65 32 400
245 1254 173 30 remonter
440 1254 20 30 å
484 1253 58 31 187
566 1252 127 32 kronor
714 1253 42 31 50
779 1254 57 29 Öre
848 1254 384 29 .sssmmnsssssrsstsseesessototeer
1229 1248 15 47 ii
1262 1275 27 4 inne
1373 1275 2 3 p
1486 1250 176 38 75,000:
1638 1246 27 48 —

161 1321 234 32 Omkostnader
416 1320 56 32 vid
494 1321 161 40 depåerna
678 1344 60 5 ......
782 1344 176 5 rrrsreeesenenes
976 1342 290 6 KR
1375 1331 12 14 »
1488 1318 120 37 153,600:
1623 1336 40 4 —

212 1377 32 41 Å
268 1388 81 40 depå
371 1386 142 33 störtade
534 1389 166 29 remonter.

160 1438 41 31 10
222 1439 174 30 remonter
418 1439 20 29 å
462 1436 155 39 1,287:50
638 1436 48 32 kr.
710 1460 201 6 sossemmsraeseser
941 1460 141 5 seseraserisens
1090 1430 28 49 sne
1136 1460 2 4 raser
1182 1459 39 5 nen
1263 1459 4 4 sann
1374 1447 12 14 »
1487 1434 176 37 12,875:
1639 1429 28 49 —

1318 1494 125 31 kronor
1464 1494 144 37 543,475:
1624 1511 38 4 —

814 1537 196 31 Inkomster:

159 1588 204 41 Ersättning
385 1588 53 31 för
459 1587 226 42 utrangerade
706 1587 426 32 stamhästar.............-..
1318 1586 125 31 kronor
1467 1586 141 38 100,000:
1624 1603 37 4 —

160 1638 206 42 Ersättning
388 1639 53 31 för
464 1639 40 31 10
526 1638 52 31 till
601 1637 246 42 tjänstehästar
869 1639 141 39 uttagna
1033 1611 207 57 SONEN.
1376 1649 11 15 »
1489 1636 120 31 16.000:
1623 1654 40 4 —-

1318 1696 125 31 kronor
1467 1695 141 38 116,000:
1623 1714 40 2 —

1146 1737 164 41 Återstod
1392 1759 11 15 >»
1464 1746 144 38 427,475:
1624 1764 38 3 —

218 1831 287 32 Medelsbehovet
538 1842 103 31 synes
674 1831 100 31 alltså
808 1831 84 31 böra
926 1832 168 40 upptagas
1118 1830 52 31 till
1194 1830 155 41 omkring
1370 1830 136 38 427,500
1528 1830 134 38 kronor,

160 1894 101 20 varav
294 1882 87 31 dock
404 1882 12 31 i
439 1882 152 41 enlighet
623 1881 79 32 med
729 1882 126 41 Kungl.
883 1881 116 41 Maj:ts
1022 1881 129 41 förslag
1175 1881 134 38 190,000
1331 1881 125 31 kronor
1477 1880 83 31 böra
1583 1882 80 39 utgå

162 1944 42 20 av
237 1933 295 31 reservationerna
554 1934 19 29 å
596 1932 164 41 anslaget.
805 1932 166 41 Anslaget
1003 1931 65 31 kan
1091 1931 79 31 med
1193 1931 133 41 hänsyn
1349 1930 115 32 härtill
1485 1930 178 31 nedsättas

160 1982 53 31 till
237 1983 136 37 237,500
394 1983 135 31 kronor.

216 2033 19 31 I
262 2032 111 42 övrigt
396 2033 62 31 har
480 2033 169 31 utskottet
671 2032 74 32 icke
768 2032 114 31 funnit
904 2031 184 42 anledning
1111 2031 53 32 till
1187 2032 134 31 erinran
1345 2034 70 29 mot
1437 2031 64 31 vad
1525 2042 73 20 som
1623 2042 40 19 av

157 2083 382 41 departementschefen
561 2083 204 41 föreslagits.

214 2133 181 31 Utskottet
417 2133 206 38 hemställer,

484 2211 49 29 att
555 2209 183 41 riksdagen
762 2211 54 29 må
838 2209 11 31 i
872 2209 184 31 riksstaten
1073 2209 52 31 för
1140 2208 202 41 budgetåret
1360 2208 205 31 1927—1928
1581 2218 82 31 upp-

432 2262 77 38 taga
532 2259 171 32 ordinarie
719 2259 386 41 reservationsanslaget
1121 2259 52 31 till
1188 2258 230 41 remontering
1434 2258 77 31 med
1527 2258 137 38 237,500

431 2309 135 32 kronor.

213 2402 84 42 31:o)
320 2402 121 33 Under
463 2403 206 41 hänvisning
690 2402 54 32 till
767 2402 65 32 vad
854 2402 169 32 utskottet
1045 2402 109 32 under
1170 2404 151 30 närmast
1336 2402 201 41 föregående
1553 2402 110 41 punkt

157 2453 126 39 anfört,
306 2453 200 33 hemställer
528 2454 177 38 utskottet,

1706 2409 107 23 Inlösen
1832 2416 31 16 av

1689 2443 187 31 fjänstehästar

1738 2486 92 45 [33.]
