1906 2818
650 199 229 29 Statsutskottets
901 202 149 27 utlåtande
1072 203 49 26 Nr
1142 200 29 31 Å.
1625 204 40 30 23

158 271 109 40 högre
302 271 234 42 dagskostnad
559 274 43 30 än
625 273 66 31 den
715 284 41 21 av
779 275 41 30 90
842 276 58 30 öre
923 286 62 30 per
1007 286 87 27 man,
1119 286 74 21 som
1217 277 88 41 lagts
1329 278 52 30 till
1402 279 110 40 grund
1535 279 53 31 för
1610 290 54 20 an-

160 321 326 42 slagsberäkningen
514 323 52 31 för
587 323 230 32 innevarande
840 324 176 42 budgetår.
1061 326 355 43 Arméförvaltningen
1440 329 86 31 hade
1550 332 114 29 ansett

158 372 55 41 sig
245 372 85 32 böra
362 372 106 32 räkna
501 374 79 31 med
607 375 50 30 ett
678 374 128 42 belopp
830 386 41 20 av
896 377 14 29 1
935 376 107 31 krona
1064 377 19 31 5
1106 379 58 30 öre
1187 378 53 31 för
1263 389 76 20 man
1364 379 63 31 och
1450 379 72 42 dag.
1569 380 18 31 TI
1609 380 53 31 be-

158 422 180 32 traktande
362 434 40 21 av
425 425 50 29 att
496 423 317 43 livsmedelsprisen
837 426 145 41 alltjämt
994 427 116 32 visade
1123 439 41 20 en
1181 430 103 39 något
1297 429 188 40 sjunkande
1506 431 155 35 tendens,

158 472 108 32 borde
287 484 78 20 man
386 474 191 31 emellertid
596 474 116 32 kunna
732 477 123 30 stanna
870 476 58 31 vid
944 478 49 30 ett
1008 477 128 42 belopp
1160 489 40 20 av
1225 481 15 28 1
1265 479 106 31 krona
1393 481 19 30 2
1435 482 57 29 öre
1515 481 53 31 för
1583 493 77 19 man

155 523 67 31 och
246 523 74 41 dag.
365 523 54 31 Då
442 524 128 31 antalet
593 525 540 44 manskapstjänstgöringsdagar
1159 529 53 31 för
1226 529 253 41 ifrågavarande
1495 531 167 41 budgetår

157 573 221 41 uppskattats
405 574 54 31 till
485 575 175 38 8,675,000,
685 576 110 31 skulle
830 577 100 31 alltså
963 578 279 33 medelsbehovet
1275 580 52 31 för
1359 581 219 42 manskapets
1614 585 46 28 ut-

157 624 160 41 spisning
338 626 123 40 utgöra
483 624 179 42 (8,675,000
681 634 26 26 xX
729 628 67 37 1,02
811 627 51 41 =)
884 627 11 32 i
919 628 166 32 avrundat
1108 630 47 30 tal
1179 630 167 38 8,849,000
1368 631 133 32 kronor.

211 700 182 32 Utskottet
425 701 60 31 vill
519 702 52 31 till
605 713 42 20 en
670 703 121 41 början
815 704 112 31 erinra
951 716 54 19 om
1028 705 65 31 vad
1116 706 42 31 de
1183 717 24 20 s.
1232 707 29 30 k.
1287 707 374 43 riksstatssakkunniga

154 749 226 43 (sakkunniga
412 751 146 32 rörande
592 752 219 42 omläggning
843 765 41 19 av
907 755 161 41 anslagen
1092 757 19 29 å
1132 756 108 41 fjärde
1264 757 227 42 huvudtiteln)
1514 759 112 31 anfört
1650 760 10 30 i

155 800 95 41 fråga
273 811 55 20 om
352 800 43 32 de
418 800 195 40 kostnader,
639 813 73 20 som
737 805 132 30 ansetts
893 804 84 31 böra
998 805 133 31 belasta
1146 809 135 29 arméns
1297 807 364 44 mathållningsanslag

154 849 134 42 (jämför
323 851 454 42 statsverkspropositionen
812 856 37 29 år
877 855 90 38 1919,
992 855 62 32 sid.
1079 855 82 42 344).
1206 856 118 42 Enligt
1347 858 147 31 nämnda
1516 859 143 32 sakkun-

153 900 98 41 nigas
274 912 41 20 av
337 901 184 42 riksdagen
555 903 194 32 sedermera
775 905 181 41 godkända
978 906 127 42 förslag
1127 907 108 32 borde
1258 909 154 41 anslaget
1434 910 122 32 endast
1579 921 78 21 avse

152 950 107 42 inköp
283 963 40 19 av
345 952 309 41 proviantartiklar,
678 954 99 32 deras
800 957 176 40 transport
992 957 52 30 till
1060 957 350 40 konsumtionsorten,
1426 960 231 32 kostnaderna

153 1001 54 31 för
240 1003 261 40 magasinering,
526 1005 232 41 annonsering
785 1016 54 21 om
863 1006 155 32 leverans
1041 1019 40 19 av
1104 1008 333 33 livsförnödenheter
1460 1014 88 28 samt
1571 1012 86 31 avlö-

153 1052 84 41 ning
260 1052 52 31 till
335 1053 100 31 civila
467 1053 158 32 biträden
648 1055 58 31 vid
728 1055 389 44 förrådsinventeringar
1140 1058 64 32 och
1228 1059 52 31 till
1304 1060 97 31 civila
1423 1061 153 32 arbetare
1599 1062 57 31 vid

152 1102 275 41 kronobagerier,
452 1104 90 30 vilka
565 1105 158 41 samtliga
746 1106 140 41 utgifter
909 1109 143 39 ansåges
1076 1108 191 42 hänförliga
1290 1110 52 30 till
1365 1111 220 40 proviantens
1602 1124 53 19 an-

151 1152 390 41 skaffningskostnader.
586 1155 126 31 Vidare
747 1156 111 31 skulle
890 1157 75 31 från
999 1159 153 40 anslaget
1174 1159 118 41 gäldas
1316 1161 138 40 utgifter
1476 1162 51 31 för
1549 1162 106 41 inköp

151 1213 42 20 av
226 1202 162 42 tillagade
421 1204 185 41 portioner,
642 1205 43 31 då
719 1206 128 31 sådana
879 1207 74 32 icke
980 1208 114 31 kunde
1117 1220 122 30 genom
1263 1213 134 29 arméns
1419 1211 235 42 förvaltnings-

151 1263 105 31 organ
290 1253 290 42 iordningställas,
616 1258 89 29 samt
732 1257 329 42 författningsenligt
1094 1260 169 40 utgående
1296 1262 356 42 portionsersättning.

150 1302 19 31 I
191 1302 96 32 detta
310 1304 247 43 sammanhang
578 1306 59 31 vill
660 1306 170 32 utskottet
854 1309 111 30 erinra
988 1320 54 20 om
1066 1312 50 29 att
1138 1312 45 39 på
1205 1312 111 39 grund
1338 1323 40 20 av
1401 1312 137 32 särskilt
1565 1314 88 31 med-

147 1353 147 41 givande
328 1366 40 19 av
395 1355 183 42 riksdagen
605 1357 155 41 anslaget
784 1358 124 41 jämväl
931 1361 54 29 må
1008 1362 95 39 tagas
1126 1361 10 31 i
1160 1362 147 40 anspråk
1330 1363 52 31 för
1404 1364 249 41 magasinering

147 1404 67 31 och
238 1405 256 42 uppläggandet
517 1418 40 19 av
579 1407 92 31 vissa
694 1408 123 32 förråd.

200 1455 52 30 Av
285 1455 67 31 den
386 1456 193 42 utredning,
614 1469 74 20 som
719 1460 362 42 arméförvaltningens
1104 1462 435 42 intendentsdepartement
1561 1466 90 30 verk-

145 1505 98 31 ställt
265 1506 146 31 rörande
445 1507 42 31 de
510 1507 194 39 kostnader,
729 1520 74 20 som
827 1521 141 21 numera
990 1512 172 32 bestridas
1185 1524 40 19 av
1246 1513 253 42 ifrågavarande
1522 1515 127 41 anslag.

145 1557 91 29 samt
269 1566 39 20 av
343 1556 42 31 de
420 1558 174 40 uppgifter
620 1559 169 31 utskottet
812 1560 182 32 därutöver
1015 1562 178 37 inhämtat,
1218 1574 102 30 synes
1343 1565 189 31 emellertid
1554 1566 96 30 fram-

143 1606 53 39 gå,
235 1608 50 28 att
318 1608 85 29 även
437 1607 105 31 andra
575 1608 140 41 utgifter
748 1611 43 29 än
830 1611 135 37 sådana,
1004 1622 74 21 som
1116 1613 106 41 enligt
1258 1614 392 42 riksstatssakkunnigas

144 1655 129 41 förslag
296 1656 96 31 skola
415 1659 80 39 utgå
516 1658 73 31 från
613 1659 408 43 mathållningsanslaget,
1046 1663 130 40 påförts
1200 1663 93 31 detta
1316 1665 125 40 anslag.
1486 1665 18 30 I
1527 1665 122 32 sådant

143 1706 171 31 avseende
348 1707 60 31 vill
432 1708 168 32 utskottet
626 1709 188 40 framhålla,
839 1713 49 29 att
911 1713 363 41 arméförvaltningens
1298 1715 350 43 intendentsdeparte-

144 1758 95 29 ment
274 1760 117 29 senast
425 1759 275 42 offentliggjorda
734 1762 152 31 statistik
919 1763 144 31 rörande
1086 1764 185 41 utgifterna
1293 1767 19 29 å
1334 1767 152 41 anslaget
1510 1769 137 33 utvisar,

142 1808 51 29 att
215 1806 12 32 i
250 1807 93 32 vissa
365 1808 59 31 fall
447 1809 148 32 härifrån
619 1813 81 39 utgå
722 1812 200 42 avlöningar
944 1814 52 30 till
1019 1816 83 30 även
1119 1827 111 19 annan
1246 1818 159 39 personal
1421 1820 41 29 än
1480 1819 75 38 den,
1573 1831 73 20 som

143 1859 178 40 upptagits
355 1859 11 30 i
390 1861 237 31 ovannämnda
649 1862 135 42 förslag.
830 1864 175 41 Därjämte
1028 1865 61 31 har
1111 1867 156 41 anslaget
1289 1868 10 30 i
1322 1869 70 30 viss
1412 1870 235 42 utsträckning

142 1907 221 42 disponerats
386 1910 54 31 för
462 1911 373 44 materielanskaffning
858 1918 87 28 samt
968 1916 179 32 underhåll
1171 1928 40 20 av
1234 1918 153 32 materiel
1407 1938 40 3 —
1463 1920 185 32 kostnader

141 1969 76 20 som
240 1960 182 41 rätteligen
456 1961 98 32 torde
576 1962 84 31 böra
683 1963 172 32 bestridas
878 1976 41 20 av
940 1965 379 44 intendenturanslaget
1342 1970 81 30 eller
1446 1981 39 20 av
1509 1972 138 33 särskilt

142 2008 163 32 anvisade
329 2010 120 31 medel.
496 2011 68 31 För
586 2012 183 32 framtiden
794 2025 103 30 synas
920 2016 140 40 utgifter
1083 2028 40 20 av
1145 2018 145 31 berörda
1318 2022 51 28 art
1391 2020 73 31 icke
1487 2020 82 31 böra
1593 2022 53 31 be-

140 2059 89 30 lasta
252 2060 410 43 mathållningsanslaget.

193 2109 52 31 Åv
278 2111 365 42 arméförvaltningens
678 2115 184 41 utredning
888 2116 11 30 i
927 2117 140 31 ärendet
1089 2118 146 42 framgår
1257 2119 124 40 vidare,
1405 2124 48 28 att
1476 2123 168 39 portions-

140 2159 110 40 priset
283 2161 57 30 vid
373 2162 297 41 truppförbanden
705 2165 109 31 under
847 2166 42 31 de
913 2170 136 28 senaste
1077 2170 80 29 åren
1181 2170 181 41 undergått
1385 2182 41 20 en
1450 2172 194 41 betydande

139 2210 163 41 stegring.
350 2211 153 32 Sålunda
525 2212 62 32 har
609 2215 150 41 verkliga
781 2216 193 32 kostnaden
998 2229 60 30 per
1081 2230 77 20 man
1183 2220 63 30 och
1263 2221 314 43 tjänstgöringsdag
1592 2224 53 31 för

138 2259 160 40 proviant
321 2262 19 30 å
363 2261 332 43 förläggningsorten
719 2268 146 38 uppgått
888 2267 62 38 till,
975 2268 109 31 under
1100 2269 202 42 budgetåret
1320 2272 214 38 1923—1924,
1551 2275 90 30 82.65

139 2311 68 37 öre,
244 2311 110 31 under
388 2312 204 41 budgetåret
627 2315 217 39 1924—1925,
880 2318 90 31 85.90
996 2320 57 29 öre
1077 2320 63 30 och
1164 2320 109 32 under
1296 2321 201 42 budgetåret
1522 2325 122 30 1925—

140 2360 81 31 1926
245 2361 89 31 88.88
361 2363 67 31 öre.
474 2363 54 31 Då
560 2364 357 44 livsmedelspriserna
940 2369 111 31 utvisa
1074 2381 41 20 en
1139 2371 216 42 fortlöpande
1379 2373 168 42 sänkning
1568 2374 75 32 från

136 2410 67 31 och
236 2412 77 31 med
348 2414 37 30 år
419 2414 91 37 1923,
544 2414 62 32 har
639 2415 59 32 det
732 2419 98 39 synts
864 2419 169 31 utskottet
1055 2421 324 42 anmärkningsvärt,
1404 2426 49 28 att
1475 2425 166 40 proviant-

136 2460 232 34 kostnaderna
391 2465 19 29 å
432 2464 373 43 förläggningsorterna
827 2470 44 39 på
894 2469 94 31 detta
1016 2472 67 29 sätt
1111 2473 155 39 stegrats.
1312 2473 68 31 Det
1402 2474 170 32 förefaller
1595 2479 47 27 ut-

135 2511 132 31 skottet
290 2523 73 21 som
388 2525 55 20 om
478 2526 42 19 en
543 2516 260 43 undersökning
825 2530 79 20 vore
927 2520 158 40 påkallad
1108 2521 52 31 för
1183 2523 189 31 utrönande
1396 2535 39 19 av
1459 2525 181 32 orsakerna

1718 720 134 24 Utskottets

1719 756 127 28 yttrande.
