1930 2848
483 158 394 38 Jordbruksutskottets
906 153 187 34 utlåtande
1120 151 53 33 Nr
1199 149 52 31 79.
1562 143 19 31 5

525 238 104 32 lands
650 237 59 31 län
731 232 171 38 försäljas
923 231 58 32 till
1000 229 135 33 Teodor
1156 227 186 32 Johanson
1362 226 74 29 mot
1457 231 45 23 en
1521 221 103 37 köpe-

525 288 148 35 skilling
716 296 47 22 av
795 285 59 31 580
877 283 130 32 kronor
1030 280 66 32 och
1118 278 79 33 med
1220 274 252 36 tillträdesdag
1496 273 67 31 den
1586 270 39 31 14

526 349 98 23 mars
641 337 87 37 1931,

568 390 113 33 under
700 387 130 33 villkor
862 387 55 30 att
937 382 178 35 förbehåll
1134 383 101 35 göres
1254 388 58 22 om
1331 378 74 30 rätt
1425 376 57 32 för
1500 369 125 46 krono-

528 441 217 39 egendomen
764 439 13 31 i
794 437 121 36 övrigt
934 435 58 32 till
1011 436 70 34 väg
1100 434 83 30 över
1203 429 162 33 området
1383 427 58 32 till
1459 427 52 31 ett
1528 425 99 31 inom

529 495 79 31 dess
626 494 148 35 gränser
792 489 142 36 beläget
953 486 162 37 grustag,

568 545 93 32 samt
703 541 82 32 med
815 537 258 36 bestämmelse,
1096 537 54 30 att
1173 534 12 31 i
1209 532 121 37 övrigt
1351 530 101 32 skola
1474 527 153 33 rörande

526 594 264 38 försäljningen
811 592 13 31 i
845 588 219 38 tillämpliga
1085 586 98 32 delar
1204 584 111 33 lända
1334 582 58 32 till
1412 576 217 37 efterrättel-

524 658 37 22 se
581 645 276 33 föreskrifterna
877 642 12 31 i
909 640 118 32 21—32
1048 637 41 37 $$
1110 638 12 31 i
1143 635 258 35 förordningen
1419 632 70 31 den
1507 631 18 31 6
1546 629 80 37 juni

526 699 78 32 1929
624 697 55 36 (nr
694 695 72 37 176)
783 693 185 37 angående
985 689 219 37 försäljning
1219 688 12 30 i
1246 686 99 32 vissa
1360 684 67 32 fall
1443 694 45 21 av
1502 683 124 31 krono-

524 750 173 37 egendom
710 757 46 22 m.
772 757 45 21 m.
834 747 93 30 samt
943 742 120 32 21—26
1078 739 40 39 $$
1135 741 12 31 i
1163 737 238 37 kungörelsen
1415 733 211 39 nyssangiv-

525 812 48 22 na
592 802 71 35 dag
686 799 56 36 (nr
764 797 72 36 179)
860 796 78 32 med
960 788 479 41 tillämpningsföreskrifter
1459 786 58 32 till
1538 793 89 24 sam-

527 863 59 22 ma
604 850 226 36 förordning;

567 962 32 36 6)
622 963 55 31 att
700 962 155 30 lotterna
879 957 69 32 litt.
990 956 15 31 A
1028 955 65 32 och
1116 954 29 31 B
1168 963 45 22 av
1237 949 332 38 kronoegendomen
1592 944 38 43 IA
1726 956 62 39 [6.]

525 1013 139 32 mantal
686 1010 104 33 Östra
812 1009 145 32 Höreda
977 1018 44 21 nr
1044 1008 19 29 4
1084 1003 216 37 Kronogård
1322 1003 12 31 i
1357 1000 179 37 Lekeryds
1557 1008 71 23 soc-

527 1066 70 32 ken
619 1075 45 21 av
688 1062 227 37 Jönköpings
938 1060 62 32 län
1022 1060 59 30 må
1104 1059 116 31 såsom
1240 1065 47 22 en
1309 1052 172 37 fastighet
1506 1048 124 34 försäl-

529 1118 56 36 jas
612 1116 111 36 enligt
749 1112 316 33 bestämmelserna
1092 1110 12 30 i
1131 1106 256 36 förordningen
1414 1104 67 32 den
1505 1103 19 30 6
1551 1100 80 38 juni

530 1169 78 31 1929
627 1167 56 36 (nr
698 1165 72 38 176)
790 1163 184 37 angående
989 1160 219 37 försäljning
1224 1159 12 31 i
1251 1158 98 32 vissa
1364 1156 66 32 fall
1445 1165 46 22 av
1505 1154 125 31 krono-

530 1219 170 37 egendom
719 1228 44 21 m.
784 1226 45 21 m.
852 1216 65 31 och
934 1213 131 33 därvid
1084 1211 145 38 jämlikt
1248 1211 38 30 15
1307 1209 19 36 $
1345 1209 14 30 i
1377 1206 255 35 förordningen

530 1271 174 36 utbjudas
721 1269 59 32 till
798 1268 79 32 salu
895 1266 113 31 under
1027 1264 96 32 hand
1140 1265 73 29 mot
1232 1271 44 22 en
1292 1258 249 38 köpeskilling,
1559 1264 74 24 som

531 1323 35 37 ej
589 1325 59 30 må
669 1320 212 36 understiga
904 1317 109 38 24,000
1035 1316 140 34 kronor,
1198 1313 81 32 med
1300 1310 254 34 tillträdesrätt
1578 1308 56 31 för

532 1376 133 36 köpare
691 1374 70 32 den
788 1373 38 30 14
853 1380 98 22 mars
978 1369 79 30 1981
1086 1368 91 31 samt
1203 1365 80 32 med
1310 1361 243 37 iakttagande,
1580 1361 53 30 att

535 1426 218 36 fastigheten
771 1423 177 32 överlåtes
966 1421 13 31 i
996 1421 61 31 det
1077 1418 108 35 skick,
1204 1417 81 30 vari
1304 1416 68 31 den
1389 1414 46 36 på
1453 1411 118 38 grund
1589 1420 45 22 av

531 1476 315 33 bestämmelserna
867 1474 12 30 i
901 1483 49 21 nu
971 1481 57 21 om
1050 1470 216 36 egendomen
1287 1465 166 38 gällande
1472 1463 163 32 arrende-

534 1527 171 34 kontrakt
747 1525 93 33 skall
880 1534 45 23 av
965 1521 239 35 arrendatorn
1232 1519 197 34 avlämnas,
1461 1515 64 32 och
1555 1509 80 46 med

533 1579 207 38 skyldighet
768 1578 57 32 för
850 1577 159 35 köparen
1036 1574 55 31 att
1117 1570 206 38 respektera
1347 1568 69 32 den
1442 1564 192 35 Stenkvill-

536 1631 125 32 Klinte
676 1626 307 36 kraftaktiebolag
999 1623 206 34 meddelade
1222 1623 75 30 rätt
1312 1622 55 31 att
1382 1619 96 31 hava
1494 1615 141 35 elektri-

534 1682 64 32 ska
619 1681 191 34 ledningar
834 1677 236 36 framdragna
1093 1677 84 29 över
1200 1672 229 37 egendomen;

574 1792 32 36 7)
631 1794 53 30 att
706 1801 47 21 av
775 1788 332 37 kronoegendomen
1130 1784 37 42 !/,
1189 1784 139 32 mantal
1349 1782 145 32 Lundås
1516 1790 44 22 nr
1584 1778 53 32 1i
1735 1799 61 39 [7.1

535 1844 196 35 Stenberga
755 1842 129 32 socken
908 1851 46 21 av
979 1837 225 37 Jönköpings
1227 1836 62 31 län
1312 1836 68 34 må,
1404 1833 79 31 med
1506 1832 130 32 tillträ-
1771 1823 8 8 ”

534 1896 137 31 desrätt
695 1895 56 30 för
771 1894 134 35 köpare
924 1891 70 32 den
1015 1891 39 30 14
1074 1899 97 22 mars
1192 1887 88 35 1931,

576 1947 74 31 dels
679 1944 144 37 jämlikt
852 1940 314 34 bestämmelserna
1194 1940 12 30 i
1238 1936 257 35 förordningen
1522 1935 68 31 den
1620 1933 18 31 6

536 1998 80 35 juni
636 1996 77 31 1929
737 1994 57 36 (nr
814 1993 72 36 176)
910 1991 184 38 angående
1115 1989 219 36 försäljning
1354 1988 12 30 i
1388 1987 97 32 vissa
1505 1985 67 32 fall
1593 1995 44 21 av

535 2047 285 36 kronoegendom
865 2055 45 22 m,
946 2054 44 21 m.
1029 2041 168 36 försäljas
1233 2039 234 37 egendomens
1502 2031 136 47 huvud-

538 2100 90 36 gård
653 2099 80 31 med
760 2097 99 31 areal
884 2106 46 21 av
956 2096 76 30 48.2
1057 2094 127 31 hektar
1210 2092 65 31 och
1301 2093 50 29 ett
1378 2088 190 34 saluvärde
1593 2097 45 22 av

538 2152 108 36 26,025
664 2150 141 36 kronor,
824 2150 53 30 att
896 2147 166 35 erläggas
1079 2144 112 37 enligt
1207 2144 39 30 21
1265 2142 18 36 $
1298 2142 65 32 och
1381 2142 38 30 22
1438 2138 81 39 B)
1537 2140 14 31 i
1570 2140 68 31 för-

539 2202 207 35 ordningen,
769 2200 79 32 med
872 2198 247 32 hembudsrätt
1142 2195 113 35 enligt
1279 2195 19 30 9
1320 2193 18 36 $
1365 2194 114 30 första
1500 2191 139 37 stycket

540 2255 56 31 för
617 2252 210 32 nuvarande
848 2249 236 32 arrendatorn
1104 2247 36 32 C.
1160 2247 42 31 A.
1223 2245 176 34 Carlsson,
1420 2242 129 32 varvid
1570 2243 69 30 för-

538 2304 118 32 behåll
677 2303 92 31 skall
790 2305 106 32 göras
917 2301 133 34 därom,
1072 2301 54 29 att
1147 2297 109 35 nödig
1276 2298 72 33 väg
1370 2295 130 31 mellan
1519 2294 43 31 de
1584 2293 56 32 till

539 2354 262 36 huvudgården
829 2351 157 33 hörande
1016 2350 157 32 skiftena
1201 2350 85 29 över
1313 2347 71 31 den
1411 2346 63 31 hos
1503 2345 137 31 kronan

539 2404 262 33 kvarblivande
829 2403 148 31 marken
1004 2400 225 35 undantages
1256 2400 116 30 såsom
1399 2395 169 34 samfälld
1596 2396 42 35 på

540 2459 74 30 sätt
645 2455 327 32 överlantmätaren
1003 2452 194 35 ifrågasatt
1225 2452 94 29 samt
1350 2450 53 30 att
1435 2449 131 33 ägaren
1597 2455 45 22 av
