2182 2606
179 1176 132 26 Provårs-

182 1213 101 25 kurser
302 1212 9 25 i

170 1247 151 33 Göteborg.

187 1290 115 51 [128]

150 1691 193 26 Anordnande

166 1735 101 24 genom
287 1727 38 26 in-

151 1763 87 26 födda
251 1763 92 25 lärare

168 1807 36 18 av
223 1799 100 25 under-

176 1835 113 32 visning
307 1834 10 25 i

172 1871 82 32 tyska
272 1870 54 25 och

179 1906 142 32 engelska.

191 1948 115 51 [129.]

161 2163 105 32 Bidrag
287 2162 42 26 till

161 2198 164 27 biblioteks-

221 2234 52 26 och

370 208 41 31 60
863 207 253 32 Statsutskottets
1138 207 168 31 utlåtande
1329 207 52 30 Nr
1403 209 22 29 8
1447 206 41 31 Å.

368 289 148 36 medan
544 289 278 47 ersättningen
850 289 100 36 efter
978 290 25 34 4
1031 289 148 36 kronor
1207 288 62 36 för
1297 289 111 47 varje
1426 288 187 47 lärjunge
1632 286 198 37 beräknas
1850 286 112 37 skola

368 342 101 48 utgå
510 354 52 24 av
604 341 67 37 det
711 344 116 34 extra
860 342 194 48 anslaget.
1110 341 64 37 Då
1206 341 214 48 riksdagen
1447 340 225 37 fastställde
1701 339 114 37 dessa
1842 352 118 36 grun-

370 395 79 44 der,
479 395 194 36 framböll
699 395 226 48 riksdagen,
956 398 62 34 att
1045 395 302 48 dyrtidstillägg
1375 395 34 48 ej
1439 394 131 36 skulle
1598 393 197 37 beräknas
1811 393 24 36 å
1849 393 114 37 dessa

370 449 187 36 arvoden.
600 448 64 37 Då
690 461 98 24 man
816 449 150 36 således
993 449 84 35 kan
1104 448 101 48 utgå
1231 448 117 44 ifrån,
1365 449 62 35 att
1440 447 203 37 arvodena
1661 447 194 36 bestämts
1869 446 92 36 med

368 502 159 48 hänsyn
567 502 66 36 till
673 502 52 36 då
765 502 176 36 rådande
983 502 136 48 dyrtid
1147 501 75 37 och
1250 501 52 36 då
1328 500 438 38 levnadskostnaderna
1792 512 58 24 nu
1876 500 82 35 visa

369 555 168 37 tendens
565 555 65 36 till
656 556 246 47 minskning,
932 567 117 36 synes
1075 556 210 43 utskottet,
1311 556 62 35 att
1391 567 50 24 en
1460 554 262 47 nedsättning
1735 553 73 36 bör
1822 553 140 36 kunna

369 609 186 48 vidtagas
582 610 15 34 i
624 609 113 36 dessa
765 609 282 47 ersättningar.
1090 608 211 37 Utskottet
1327 608 73 36 vill
1428 621 57 24 nu
1513 607 181 44 allenast,
1724 608 102 34 utan
1844 606 117 36 rubb-

369 663 98 47 ning
496 674 52 24 av
576 662 48 36 de
652 662 105 36 fasta
788 662 212 44 arvodena,
1029 662 221 36 inskränka
1277 662 61 47 sig
1365 661 65 37 till
1457 663 62 34 att
1546 660 155 44 föreslå,
1732 661 63 35 att
1822 660 139 36 ersätt-

369 716 152 48 ningen
562 715 61 37 för
658 716 111 47 varje
805 715 68 37 vid
904 715 230 37 läroverket
1159 715 253 36 närvarande
1439 714 187 48 lärjunge
1653 714 217 47 begränsas
1897 712 66 36 till

371 770 22 34 3
421 770 161 35 kronor.
638 768 81 37 Det
747 769 261 48 erforderliga
1036 771 116 34 extra
1180 768 184 48 anslaget
1391 768 185 36 kommer
1604 767 129 48 enligt
1751 766 134 37 denna
1898 766 63 36 be-

370 822 328 48 räkningsgrund
726 823 62 35 att
815 824 146 46 utgöra
990 823 145 43 42,000
1161 821 160 37 kronor.

475 874 210 38 Utskottet
712 875 236 37 hemställer
975 875 130 44 alltså,

902 930 61 35 att
1003 928 216 48 riksdagen
1258 928 70 36 må
1363 928 65 36 till
1455 927 180 37 arvoden
1663 927 43 36 åt
1732 926 231 37 skolläkare

794 982 71 36 vid
906 981 47 38 de
981 982 216 36 allmänna
1226 981 237 37 läroverken
1492 981 141 36 anvisa
1659 980 53 48 på
1739 981 115 35 extra
1882 980 81 35 stat

796 1035 61 37 för
892 1035 112 37 tiden
1044 1037 19 34 1
1094 1035 265 48 januari-—30
1386 1034 88 48 juni
1505 1035 101 35 1923
1636 1035 60 35 ett
1723 1033 238 47 förslagsan-

796 1089 88 48 slag
912 1089 24 36 å
963 1090 147 42 42,000
1136 1088 159 36 kronor.

479 1173 129 50 130:0)
649 1177 20 36 I
710 1177 183 49 enlighet
932 1177 93 37 med
1066 1176 151 49 Kungl.
1256 1176 133 48 Maj:ts
1417 1176 150 48 förslag
1595 1171 144 52 (punkt
1770 1170 89 51 128)
1888 1174 75 36 och

370 1230 126 37 under
538 1230 245 49 hänvisning
824 1231 65 36 till
915 1230 271 48 utredningen
1213 1231 14 35 i
1255 1230 165 36 ärendet
1448 1225 85 51 (sid.
1566 1229 210 36 301—-309
1805 1228 14 36 i
1847 1229 115 35 stats-

371 1280 349 52 rådsprotokollet)
748 1284 234 36 hemställer
1008 1284 212 44 utskottet,

903 1339 61 35 att
1005 1337 215 48 riksdagen
1252 1337 69 36 må
1347 1336 68 47 för
1442 1334 367 50 upprätthållande
1836 1334 128 36 under

796 1391 274 36 vårterminen
1115 1391 99 35 1923
1249 1389 72 38 vid
1347 1391 56 35 ett
1429 1389 124 48 högre
1582 1388 185 37 läroverk
1794 1388 17 35 i
1841 1386 121 39 Göte-

798 1444 95 48 borg
934 1456 49 24 av
1018 1443 277 49 provårskurs
1336 1443 69 47 för
1438 1441 188 38 blivande
1655 1442 134 36 lärare
1817 1440 72 37 vid
1916 1439 48 37 de

798 1497 215 37 allmänna
1042 1496 238 38 läroverken
1307 1496 139 36 anvisa
1469 1496 53 48 på
1541 1497 116 35 extra
1675 1496 83 35 stat
1775 1494 63 36 för
1851 1493 112 37 tiden

801 1552 18 34 1
852 1551 156 47 januari
1033 1552 78 34 —30
1142 1550 87 48 juni
1260 1551 100 34 1923
1390 1550 60 35 ett
1478 1547 326 49 förslagsanslag,
1830 1547 132 47 högst,

799 1604 118 43 6,840
943 1604 160 36 kronor.

481 1688 129 51 131:0)
637 1692 60 37 På
726 1691 133 49 grund
887 1703 51 24 av
965 1691 151 48 Kungl.
1147 1691 134 47 Maj:ts
1310 1690 149 48 förslag
1479 1686 147 53 (punkt
1644 1685 89 51 129)
1747 1689 77 37 och
1838 1688 128 37 under

372 1747 172 43 erinran,
575 1747 62 35 att
667 1747 101 35 1922
798 1745 64 36 års
891 1745 140 48 anslag
1058 1744 63 37 för
1149 1744 232 37 ändamålet
1403 1746 121 46 utgör
1545 1744 118 44 3,000
1680 1743 159 43 kronor,
1855 1742 109 36 hem-

372 1800 137 36 ställer
535 1799 208 44 utskottet,

905 1853 62 35 att
998 1851 216 48 riksdagen
1241 1851 69 36 må
1337 1851 61 36 för
1426 1849 271 38 anordnande
1722 1861 150 37 genom
1898 1849 66 36 in-

798 1905 130 48 födda
957 1905 136 36 lärare
1121 1917 49 24 av
1189 1904 299 48 undervisning
1506 1904 18 36 i
1544 1903 118 49 tyska
1682 1902 74 38 och
1776 1901 189 50 engelska

798 1958 70 37 vid
896 1958 48 37 de
972 1958 209 37 allmänna
1198 1958 237 36 läroverken
1453 1957 94 37 med
1565 1957 99 36 flera
1682 1955 285 38 läroanstalter

800 2012 138 36 anvisa
974 2012 54 48 på
1055 2013 115 35 extra
1197 2013 82 35 stat
1306 2011 62 36 för
1394 2010 112 37 tiden
1538 2012 18 34 1
1586 2005 173 59 januari
1769 2010 78 36 —30
1880 2009 87 48 juni

805 2067 100 35 1923
934 2067 60 35 ett
1021 2064 322 49 förslagsanslag,
1372 2064 131 48 högst,
1537 2064 116 44 1,500
1679 2064 160 36 kronor.

482 2151 130 50 132:o0)
652 2154 152 48 Kungl.
848 2155 116 47 Maj:t
1003 2154 76 36 har
1119 2149 145 52 (punkt
1309 2148 88 51 130)
1424 2152 210 48 föreslagit
1661 2152 216 46 riksdagen
1905 2151 62 35 att

375 2207 82 37 dels
498 2208 200 49 medgiva,
741 2209 64 35 att
845 2206 352 49 terminsavgiften
1223 2206 66 36 till
1317 2206 227 36 biblioteks-
1573 2205 76 37 och
1676 2203 289 38 materiellkas-

374 2273 119 25 sorna
520 2262 70 36 vid
617 2262 48 36 de
693 2261 208 36 allmänna
927 2260 239 37 läroverken
1192 2259 80 45 må,
1303 2259 128 48 enligt
1458 2271 51 24 av
1537 2258 152 49 Kungl.
1720 2257 117 48 Maj:t
1859 2257 107 37 med-
