1932 2846
325 165 18 29 2
778 175 273 31 Bankoutskottets
1076 180 154 27 utlåtande
1254 181 43 27 Nr
1319 183 46 26 30.

324 258 58 21 ren
412 249 56 30 vid
499 251 116 39 kungl.
647 253 139 32 flottans
818 265 81 20 varv
930 256 9 30 i
971 258 220 37 Karlskrona,
1222 260 74 31 Joel
1326 262 147 39 Figelius
1504 264 178 33 Hanssons
1712 270 89 29 änka

324 301 100 31 Elina
451 303 176 33 Charlotta
652 307 160 31 Hansson
838 312 45 27 ett
909 309 99 39 årligt
1033 313 186 30 understöd
1245 324 41 20 av
1314 316 63 29 300
1404 318 126 30 kronor
1556 321 49 27 att
1632 320 79 38 utgå
1736 321 77 31 från

323 355 65 30 den
413 357 13 28 1
450 356 69 39 jan.
547 359 81 30 1925
652 361 108 30 under
782 362 128 31 hennes
933 363 212 33 återstående
1166 367 124 36 livstid,
1314 369 36 30 så
1372 371 97 39 länge
1492 373 69 30 hon
1584 374 89 29 lever
1695 374 113 37 ogift.»

367 451 29 38 e)
427 454 165 39 Slutligen
608 457 63 30 har
687 458 77 31 herr
781 460 86 31 Kloo
884 461 9 30 i
909 471 41 20 en
966 462 94 32 inom
1078 474 130 23 samma
1226 468 177 32 kammare
1419 473 100 31 väckt
1538 476 131 31 motion
1690 488 40 20 nr
1751 480 63 30 223

321 506 182 38 hemställt,
528 513 66 28 »att
613 511 179 40 riksdagen
812 514 105 32 måtte
936 517 131 31 besluta
1087 519 127 32 tilldela
1233 523 137 31 avlidne
1389 526 209 38 daglönaren
1617 531 56 31 vid
1694 532 116 39 kungl.

320 560 140 31 flottans
484 572 81 20 varv
589 564 10 29 i
624 564 219 39 Karlskrona,
866 569 113 32 Anton
1003 571 157 32 Manfred
1184 574 176 34 Hanssons
1384 580 100 35 änka,
1509 582 126 32 Emilia
1657 585 153 37 Josefina

319 613 160 33 Hansson
505 619 46 27 ett
576 616 98 40 årligt
698 621 186 31 understöd
909 632 41 20 av
975 625 64 29 300
1064 626 128 31 kronor
1214 633 49 28 att
1287 631 80 37 utgå
1392 632 77 31 från
1494 635 66 30 den
1591 637 13 28 1
1629 637 68 38 jan.
1727 640 81 29 1925

320 667 108 30 under
449 669 129 31 hennes
600 670 212 33 återstående
833 675 124 37 livstid,
979 677 35 31 så
1036 679 98 38 länge
1156 681 67 30 hon
1245 683 90 30 lever
1355 685 113 38 ogift.»

361 764 221 33 Beträffande
599 769 40 30 de
657 771 83 35 skäl,
757 781 74 21 som
849 774 255 33 motionärerna
1122 779 112 31 anfört
1252 780 49 31 till
1319 783 74 29 stöd
1411 782 53 32 för
1482 785 64 30 här
1563 785 172 40 återgivna
1752 799 53 29 yr-

316 816 145 38 kanden,
483 819 54 30 får
558 823 163 31 utskottet
743 825 144 31 hänvisa
908 827 50 30 till
979 830 214 32 motionerna
1216 835 77 29 med
1315 835 119 31 därvid
1456 837 123 38 fogade
1601 840 138 39 bilagor.

359 905 156 33 Rörande
540 909 260 39 ifrågavarande
827 923 160 29 personer
1014 917 151 40 framgår
1189 930 41 21 av
1255 923 214 32 motionerna
1495 928 65 29 och
1587 929 73 30 däri
1687 929 115 32 åbero-

315 960 86 36 pade
421 961 205 39 handlingar
645 965 103 31 bland
767 972 107 26 annat
894 965 163 47 följande:

359 1017 123 35 Änkan
508 1025 133 39 Hedvig
666 1027 173 33 Charlotta
864 1031 194 32 Andersson
1085 1035 37 29 är
1148 1036 82 30 född
1255 1038 67 30 den
1349 1040 39 29 22
1415 1043 190 35 september
1634 1045 81 30 1878
1740 1046 64 30 och

316 1064 142 33 sålunda
480 1068 40 30 46
542 1068 39 30 år
601 1073 159 35 gammal.
806 1074 159 37 Mannen,
987 1087 73 20 som
1082 1089 61 20 var
1162 1079 82 32 född
1265 1083 66 29 den
1353 1084 19 28 4
1393 1085 134 38 augusti
1552 1088 92 35 1879,
1667 1091 136 29 anställ-

312 1109 58 31 des
389 1110 19 30 å
427 1111 426 42 ingenjördepartementet
874 1120 55 30 vid
949 1121 141 32 flottans
1110 1133 80 21 varv
1211 1125 8 30 i
1243 1126 207 33 Karlskrona
1472 1130 65 30 den
1558 1133 40 28 27
1619 1135 185 29 november

317 1155 82 30 1896
424 1157 64 29 och
513 1158 222 33 befordrades
759 1163 66 29 den
855 1166 13 27 1
896 1167 185 30 november
1110 1169 82 30 1916
1216 1170 50 30 till
1293 1171 146 37 förman,
1466 1173 113 32 vilken
1606 1177 102 38 tjänst
1734 1179 68 30 han

313 1198 168 33 innehade
506 1201 50 31 till
582 1203 51 30 sin
658 1205 67 30 död
749 1207 67 29 den
841 1209 18 28 2
883 1209 178 32 december
1089 1213 92 29 1923.
1230 1214 162 32 Förutom
1418 1219 115 30 änkan
1557 1220 246 33 efterlämnade

311 1242 68 31 han
399 1248 49 27 tre
470 1246 9 29 i
501 1247 225 40 äktenskapet
746 1250 104 32 födda
873 1253 95 36 barn,
991 1256 172 38 nämligen
1184 1260 145 30 sönerna
1348 1261 109 32 Frans
1480 1264 130 38 Gustaf,
1632 1266 82 31 född
1735 1268 65 29 den

315 1288 38 29 15
375 1289 86 37 april
486 1291 93 35 1911,
601 1293 87 30 Bror
707 1295 159 39 Lennart,
890 1298 81 31 född
992 1300 65 29 den
1082 1302 39 28 27
1143 1302 135 38 januari
1302 1305 93 36 1913,
1417 1307 63 30 och
1503 1309 84 30 Karl
1608 1310 88 38 Olof,
1719 1311 82 31 född

312 1333 65 29 den
406 1334 37 30 15
469 1334 62 39 juli
563 1337 92 30 1915.
715 1338 327 44 Bouppteckningen
1070 1346 85 30 efter
1180 1357 150 22 mannen
1354 1349 116 32 visade
1495 1362 41 20 en
1563 1353 84 31 brist
1673 1365 40 20 av
1743 1356 59 30 195

312 1376 136 32 kronor.
498 1379 57 31 Ett
581 1391 41 20 av
649 1383 130 30 barnen
804 1384 86 32 lider
915 1387 103 38 enligt
1044 1391 135 37 uppgift
1203 1391 10 30 i
1239 1393 174 33 motionen
1440 1406 41 20 av
1507 1394 294 47 lungtuberkulos.

310 1419 221 35 Beträffande
556 1426 133 31 änkans
715 1428 252 33 hälsotillstånd
992 1433 62 30 har
1080 1434 113 39 någon
1218 1438 151 37 antydan
1396 1440 29 38 ej
1451 1441 149 32 lämnats
1625 1453 56 20 om
1709 1444 90 38 sjuk-

309 1464 113 38 lighet.

355 1506 123 37 Änkan
504 1513 100 31 Anna
630 1515 141 32 Matilda
800 1518 195 39 Ringström
1022 1522 37 29 är
1088 1522 83 31 född
1197 1525 65 30 den
1290 1527 19 29 8
1336 1527 87 38 april
1454 1530 83 30 1876
1564 1532 65 29 och
1657 1532 142 32 sålunda

310 1555 159 39 omkring
493 1557 41 30 49
559 1557 38 30 år
620 1561 160 36 gammal.
828 1562 160 37 Mannen,
1014 1575 74 21 som
1114 1577 58 20 var
1197 1568 82 31 född
1304 1571 66 30 den
1398 1574 37 29 15
1458 1574 144 31 oktober
1630 1577 80 30 1884
1735 1578 64 30 och

310 1600 97 30 avled
428 1601 66 30 den
519 1603 38 29 14
579 1604 70 38 maj
675 1605 91 35 1924,
790 1606 195 33 karlskrevs
1007 1609 78 31 från
1107 1612 330 39 skeppsgossekåren
1459 1618 66 30 den
1547 1621 42 29 30
1612 1622 189 37 september

312 1644 82 29 1902
420 1646 64 29 och
513 1646 222 34 befordrades
762 1651 66 29 den
855 1653 40 29 28
923 1652 151 32 februari
1104 1656 82 30 1914
1212 1657 49 31 till
1289 1660 401 42 underofficerskorpral.
1751 1666 48 31 På

309 1690 109 35 grund
440 1699 42 20 av
505 1691 161 38 sjukdom
695 1692 306 43 (lungtuberkulos)
1029 1699 108 31 erhöll
1160 1701 69 31 han
1249 1703 66 30 den
1338 1705 37 29 31
1400 1706 143 31 oktober
1567 1709 82 30 1922
1673 1710 125 31 avsked

308 1733 78 30 med
415 1734 153 38 pension.
633 1737 63 31 Vid
727 1738 56 31 sitt
812 1739 161 32 frånfälle
1001 1743 248 33 efterlämnade
1277 1747 78 36 han,
1385 1749 151 33 förutom
1567 1753 126 36 änkan,
1723 1755 75 39 fyra

307 1776 10 29 i
339 1777 225 41 äktenskapet
586 1780 105 32 födda
713 1783 96 36 barn,
831 1785 172 39 nämligen
1026 1789 145 31 sönerna
1194 1791 90 31 John
1306 1792 93 32 Emil
1418 1795 116 31 Albert
1557 1797 135 39 Verner,
1715 1799 83 31 född

307 1822 65 29 den
400 1823 36 29 17
461 1825 136 37 augusti
624 1827 91 35 1909,
741 1828 130 39 Rudolf
892 1830 181 33 Bernhard
1097 1834 179 32 Valdemar
1300 1837 100 38 Arne,
1424 1838 83 32 född
1532 1841 66 30 den
1624 1844 16 27 7
1664 1844 133 38 augusti

311 1867 82 29 1910
416 1868 64 30 och
503 1869 127 31 Robert
656 1871 86 31 Ture
765 1873 172 32 Reinhold
956 1876 131 38 Alfons,
1112 1878 83 31 född
1217 1880 66 30 den
1307 1883 18 28 2
1347 1882 62 38 juli
1437 1885 92 35 1913,
1554 1890 88 26 samt
1664 1888 133 30 dottern

307 1910 122 40 Margit
455 1913 114 31 Laura
594 1915 101 38 Alice,
720 1916 83 31 född
829 1919 66 29 den
924 1921 37 28 19
987 1921 179 31 december
1195 1925 91 29 1911.
1347 1926 107 32 Såvitt
1479 1938 41 21 av
1546 1926 250 50 handlingarna

307 1954 151 40 framgår
477 1957 86 31 lider
582 1960 115 30 änkan
716 1960 196 40 Ringström
931 1963 74 32 icke
1023 1975 41 21 av
1084 1966 161 39 sjukdom
1265 1970 81 30 eller
1363 1973 133 30 nedsatt
1515 1971 281 48 arbetsförmåga.

352 2000 215 38 Daglönaren
597 2003 38 30 O.
665 2004 35 30 F.
729 2005 189 33 Jonassons
945 2010 90 30 änka
1064 2011 132 32 Helena
1221 2014 110 31 Maria
1358 2017 169 31 Jonasson
1555 2020 39 29 är
1621 2019 82 32 född
1731 2022 65 29 den

310 2045 35 28 11
370 2046 134 37 augusti
530 2048 83 29 1848
635 2049 62 30 och
720 2049 63 31 har
804 2050 144 33 sålunda
970 2054 147 38 uppnått
1139 2066 41 20 en
1202 2056 94 32 ålder
1316 2069 41 20 av
1380 2062 80 29 över
1483 2063 39 30 76
1543 2062 48 31 år.
1637 2061 159 47 Mannen,

307 2098 73 21 som
399 2100 60 20 var
478 2090 84 32 född
582 2093 66 29 den
668 2094 37 29 21
727 2104 93 21 mars
842 2097 93 35 1850,
956 2101 120 36 antogs
1095 2101 65 29 den
1184 2102 38 30 16
1241 2103 179 32 december
1441 2106 82 31 1876
1543 2107 50 31 till
1613 2109 183 38 daglönare

304 2133 57 30 vid
391 2134 427 41 ingenjördepartementet
850 2140 19 30 å
901 2141 140 33 flottans
1073 2154 81 21 varv
1185 2146 10 30 i
1227 2147 209 33 Karlskrona
1469 2152 64 29 och
1565 2153 121 38 avgick
1717 2154 77 30 från

306 2179 251 39 anställningen
587 2183 77 29 med
694 2183 143 38 pension
867 2186 65 29 den
964 2188 37 29 31
1032 2188 64 38 juli
1129 2191 81 30 1915
1241 2196 87 26 samt
1358 2195 97 30 avled
1486 2196 65 29 den
1583 2198 41 29 29
1653 2198 143 31 oktober

309 2223 91 35 1921,
428 2224 272 33 efterlämnande
727 2229 101 29 änka.
879 2230 114 39 Enligt
1020 2233 136 38 uppgift
1182 2234 10 30 i
1218 2236 174 32 motionen
1418 2240 37 29 är
1482 2241 115 30 änkan
1626 2242 168 31 Jonasson

306 2266 43 38 på
368 2269 110 36 grund
497 2279 42 20 av
559 2269 95 32 ålder
672 2272 64 30 och
756 2273 185 39 sjuklighet
960 2276 201 40 oförmögen
1181 2282 48 28 att
1248 2281 85 38 själv
1354 2283 90 38 sörja
1465 2284 53 30 för
1537 2284 57 31 sitt
1614 2282 181 47 uppehälle

306 2315 87 26 samt
417 2313 126 30 saknar
567 2315 175 39 anhöriga,
768 2317 92 31 vilka
885 2319 117 32 kunna
1025 2320 175 41 bispringa
1225 2325 120 31 henne.

349 2352 121 35 Änkan
494 2358 101 31 Elina
619 2358 173 34 Charlotta
814 2362 160 33 Hansson
997 2366 37 29 är
1057 2366 83 31 född
1162 2369 64 29 den
1250 2371 18 28 2
1290 2370 143 32 oktober
1458 2374 81 29 1887
1563 2375 64 29 och
1651 2375 141 31 sålunda

305 2401 39 29 37
365 2400 37 31 år
420 2404 161 35 gammal.
625 2404 159 37 Mannen,
805 2407 209 39 daglönaren
1034 2410 29 30 J.
1085 2411 36 30 F.
1142 2412 169 38 Hansson,
1330 2425 60 21 var
1409 2416 83 32 född
1513 2419 66 29 den
1599 2420 39 29 31
1657 2419 136 39 januari

307 2445 79 30 1881
414 2446 64 30 och
504 2450 122 37 antogs
650 2449 48 30 till
724 2451 185 38 daglönare
933 2453 56 31 vid
1015 2454 425 42 ingenjördepartementet
1465 2461 19 30 å
1510 2462 142 32 flottans
1675 2474 82 21 varv
1784 2465 9 29 i

306 2488 209 34 Karlskrona
542 2493 66 30 den
638 2495 35 28 11
701 2496 69 38 maj
801 2497 82 30 1903
909 2503 87 27 samt
1021 2501 98 30 avled
1146 2503 64 29 den
1238 2504 40 29 20
1304 2505 69 38 maj
1404 2506 92 36 1924,
1523 2507 271 32 efterlämnande
