<?xml version="1.0" encoding="UTF-8"?>
<alto xmlns="http://www.loc.gov/standards/alto/ns-v3#" xmlns:xlink="http://www.w3.org/1999/xlink" xmlns:xsi="http://www.w3.org/2001/XMLSchema-instance" xsi:schemaLocation="http://www.loc.gov/standards/alto/ns-v3# http://www.loc.gov/alto/v3/alto-3-0.xsd">
	<Description>
		<MeasurementUnit>pixel</MeasurementUnit>
		<sourceImageInformation>
			<fileName>/tmp/tess_krebm5jp_input.PNG</fileName>
		</sourceImageInformation>
		<OCRProcessing ID="OCR_0">
			<ocrProcessingStep>
				<processingSoftware>
					<softwareName>tesseract 5.3.0</softwareName>
				</processingSoftware>
			</ocrProcessingStep>
		</OCRProcessing>
	</Description>
	<Layout>
		<Page WIDTH="1874" HEIGHT="2821" PHYSICAL_IMG_NR="0" ID="page_0">
			<PrintSpace HPOS="0" VPOS="0" WIDTH="1874" HEIGHT="2821">
				<ComposedBlock ID="cblock_0" HPOS="423" VPOS="177" WIDTH="1179" HEIGHT="42">
					<TextBlock ID="block_0" HPOS="423" VPOS="177" WIDTH="1179" HEIGHT="42">
						<TextLine ID="line_0" HPOS="423" VPOS="177" WIDTH="1179" HEIGHT="42">
							<String ID="string_0" HPOS="423" VPOS="177" WIDTH="124" HEIGHT="31" WC="0.93" CONTENT="Första"/><SP WIDTH="19" VPOS="177" HPOS="547"/>
							<String ID="string_1" HPOS="566" VPOS="178" WIDTH="245" HEIGHT="40" WC="0.91" CONTENT="lagutskottets"/><SP WIDTH="19" VPOS="178" HPOS="811"/>
							<String ID="string_2" HPOS="830" VPOS="181" WIDTH="179" HEIGHT="32" WC="0.96" CONTENT="utlåtande"/><SP WIDTH="19" VPOS="181" HPOS="1009"/>
							<String ID="string_3" HPOS="1028" VPOS="192" WIDTH="41" HEIGHT="21" WC="0.96" CONTENT="nr"/><SP WIDTH="19" VPOS="192" HPOS="1069"/>
							<String ID="string_4" HPOS="1088" VPOS="184" WIDTH="42" HEIGHT="30" WC="0.96" CONTENT="44"/><SP WIDTH="17" VPOS="184" HPOS="1130"/>
							<String ID="string_5" HPOS="1147" VPOS="185" WIDTH="39" HEIGHT="30" WC="0.96" CONTENT="år"/><SP WIDTH="20" VPOS="185" HPOS="1186"/>
							<String ID="string_6" HPOS="1206" VPOS="185" WIDTH="84" HEIGHT="31" WC="0.96" CONTENT="1970"/><SP WIDTH="271" VPOS="185" HPOS="1290"/>
							<String ID="string_7" HPOS="1561" VPOS="189" WIDTH="41" HEIGHT="30" WC="0.96" CONTENT="39"/>
						</TextLine>
					</TextBlock>
				</ComposedBlock>
				<ComposedBlock ID="cblock_1" HPOS="105" VPOS="256" WIDTH="1496" HEIGHT="2323">
					<TextBlock ID="block_1" HPOS="110" VPOS="256" WIDTH="1491" HEIGHT="580">
						<TextLine ID="line_1" HPOS="158" VPOS="256" WIDTH="1443" HEIGHT="49">
							<String ID="string_8" HPOS="158" VPOS="256" WIDTH="256" HEIGHT="40" WC="0.96" CONTENT="Utredningens"/><SP WIDTH="18" VPOS="256" HPOS="414"/>
							<String ID="string_9" HPOS="432" VPOS="259" WIDTH="191" HEIGHT="35" WC="0.83" CONTENT="uttalande,"/><SP WIDTH="21" VPOS="259" HPOS="623"/>
							<String ID="string_10" HPOS="644" VPOS="263" WIDTH="49" HEIGHT="27" WC="0.93" CONTENT="att"/><SP WIDTH="19" VPOS="263" HPOS="693"/>
							<String ID="string_11" HPOS="712" VPOS="262" WIDTH="492" HEIGHT="43" WC="0.92" CONTENT="registreringsmyndigheten"/><SP WIDTH="19" VPOS="262" HPOS="1204"/>
							<String ID="string_12" HPOS="1223" VPOS="267" WIDTH="71" HEIGHT="30" WC="0.95" CONTENT="inte"/><SP WIDTH="20" VPOS="267" HPOS="1294"/>
							<String ID="string_13" HPOS="1314" VPOS="277" WIDTH="40" HEIGHT="20" WC="0.95" CONTENT="ex"/><SP WIDTH="18" VPOS="277" HPOS="1354"/>
							<String ID="string_14" HPOS="1372" VPOS="269" WIDTH="121" HEIGHT="30" WC="0.96" CONTENT="officio"/><SP WIDTH="20" VPOS="269" HPOS="1493"/>
							<String ID="string_15" HPOS="1513" VPOS="270" WIDTH="88" HEIGHT="29" WC="0.96" CONTENT="skall"/>
						</TextLine>
						<TextLine ID="line_2" HPOS="113" VPOS="308" WIDTH="1488" HEIGHT="54">
							<String ID="string_16" HPOS="113" VPOS="308" WIDTH="126" HEIGHT="32" WC="0.96" CONTENT="beakta"/><SP WIDTH="27" VPOS="308" HPOS="239"/>
							<String ID="string_17" HPOS="266" VPOS="311" WIDTH="125" HEIGHT="30" WC="0.96" CONTENT="sådant"/><SP WIDTH="25" VPOS="311" HPOS="391"/>
							<String ID="string_18" HPOS="416" VPOS="313" WIDTH="160" HEIGHT="30" WC="0.96" CONTENT="material"/><SP WIDTH="27" VPOS="313" HPOS="576"/>
							<String ID="string_19" HPOS="603" VPOS="323" WIDTH="74" HEIGHT="21" WC="0.95" CONTENT="som"/><SP WIDTH="26" VPOS="323" HPOS="677"/>
							<String ID="string_20" HPOS="703" VPOS="315" WIDTH="107" HEIGHT="40" WC="0.95" CONTENT="ligger"/><SP WIDTH="24" VPOS="315" HPOS="810"/>
							<String ID="string_21" HPOS="834" VPOS="316" WIDTH="58" HEIGHT="31" WC="0.96" CONTENT="vid"/><SP WIDTH="27" VPOS="316" HPOS="892"/>
							<String ID="string_22" HPOS="919" VPOS="317" WIDTH="100" HEIGHT="31" WC="0.96" CONTENT="sidan"/><SP WIDTH="26" VPOS="317" HPOS="1019"/>
							<String ID="string_23" HPOS="1045" VPOS="328" WIDTH="57" HEIGHT="21" WC="0.96" CONTENT="om"/><SP WIDTH="26" VPOS="328" HPOS="1102"/>
							<String ID="string_24" HPOS="1128" VPOS="320" WIDTH="56" HEIGHT="30" WC="0.96" CONTENT="det"/><SP WIDTH="27" VPOS="320" HPOS="1184"/>
							<String ID="string_25" HPOS="1211" VPOS="320" WIDTH="221" HEIGHT="32" WC="0.96" CONTENT="föreskrivna"/><SP WIDTH="26" VPOS="320" HPOS="1432"/>
							<String ID="string_26" HPOS="1458" VPOS="324" WIDTH="143" HEIGHT="38" WC="0.92" CONTENT="gransk-"/>
						</TextLine>
						<TextLine ID="line_3" HPOS="113" VPOS="363" WIDTH="1488" HEIGHT="50">
							<String ID="string_27" HPOS="113" VPOS="363" WIDTH="300" HEIGHT="40" WC="0.90" CONTENT="ningsmaterialet"/><SP WIDTH="23" VPOS="363" HPOS="413"/>
							<String ID="string_28" HPOS="436" VPOS="376" WIDTH="81" HEIGHT="20" WC="0.96" CONTENT="men"/><SP WIDTH="26" VPOS="376" HPOS="517"/>
							<String ID="string_29" HPOS="543" VPOS="377" WIDTH="74" HEIGHT="20" WC="0.96" CONTENT="som"/><SP WIDTH="24" VPOS="377" HPOS="617"/>
							<String ID="string_30" HPOS="641" VPOS="369" WIDTH="249" HEIGHT="41" WC="0.96" CONTENT="myndigheten"/><SP WIDTH="25" VPOS="369" HPOS="890"/>
							<String ID="string_31" HPOS="915" VPOS="372" WIDTH="91" HEIGHT="30" WC="0.96" CONTENT="ändå"/><SP WIDTH="24" VPOS="372" HPOS="1006"/>
							<String ID="string_32" HPOS="1030" VPOS="373" WIDTH="63" HEIGHT="30" WC="0.96" CONTENT="har"/><SP WIDTH="26" VPOS="373" HPOS="1093"/>
							<String ID="string_33" HPOS="1119" VPOS="374" WIDTH="51" HEIGHT="39" WC="0.96" CONTENT="sig"/><SP WIDTH="24" VPOS="374" HPOS="1170"/>
							<String ID="string_34" HPOS="1194" VPOS="374" WIDTH="129" HEIGHT="31" WC="0.96" CONTENT="bekant"/><SP WIDTH="24" VPOS="374" HPOS="1323"/>
							<String ID="string_35" HPOS="1347" VPOS="376" WIDTH="64" HEIGHT="30" WC="0.96" CONTENT="har"/><SP WIDTH="24" VPOS="376" HPOS="1411"/>
							<String ID="string_36" HPOS="1435" VPOS="377" WIDTH="166" HEIGHT="31" WC="0.96" CONTENT="föranlett"/>
						</TextLine>
						<TextLine ID="line_4" HPOS="112" VPOS="417" WIDTH="1489" HEIGHT="49">
							<String ID="string_37" HPOS="112" VPOS="417" WIDTH="111" HEIGHT="30" WC="0.96" CONTENT="kritik"/><SP WIDTH="18" VPOS="417" HPOS="223"/>
							<String ID="string_38" HPOS="241" VPOS="419" WIDTH="110" HEIGHT="29" WC="0.92" CONTENT="under"/><SP WIDTH="17" VPOS="419" HPOS="351"/>
							<String ID="string_39" HPOS="368" VPOS="420" WIDTH="394" HEIGHT="43" WC="0.88" CONTENT="remissbehandlingen."/><SP WIDTH="19" VPOS="420" HPOS="762"/>
							<String ID="string_40" HPOS="781" VPOS="424" WIDTH="64" HEIGHT="40" WC="0.96" CONTENT="Jag"/><SP WIDTH="19" VPOS="424" HPOS="845"/>
							<String ID="string_41" HPOS="864" VPOS="426" WIDTH="38" HEIGHT="29" WC="0.96" CONTENT="är"/><SP WIDTH="17" VPOS="426" HPOS="902"/>
							<String ID="string_42" HPOS="919" VPOS="425" WIDTH="156" HEIGHT="41" WC="0.96" CONTENT="benägen"/><SP WIDTH="18" VPOS="425" HPOS="1075"/>
							<String ID="string_43" HPOS="1093" VPOS="429" WIDTH="50" HEIGHT="28" WC="0.96" CONTENT="att"/><SP WIDTH="18" VPOS="429" HPOS="1143"/>
							<String ID="string_44" HPOS="1161" VPOS="428" WIDTH="191" HEIGHT="31" WC="0.96" CONTENT="instämma"/><SP WIDTH="18" VPOS="428" HPOS="1352"/>
							<String ID="string_45" HPOS="1370" VPOS="430" WIDTH="9" HEIGHT="29" WC="0.96" CONTENT="i"/><SP WIDTH="20" VPOS="430" HPOS="1379"/>
							<String ID="string_46" HPOS="1399" VPOS="431" WIDTH="114" HEIGHT="29" WC="0.93" CONTENT="denna"/><SP WIDTH="18" VPOS="431" HPOS="1513"/>
							<String ID="string_47" HPOS="1531" VPOS="431" WIDTH="70" HEIGHT="30" WC="0.92" CONTENT="kri-"/>
						</TextLine>
						<TextLine ID="line_5" HPOS="112" VPOS="469" WIDTH="1488" HEIGHT="46">
							<String ID="string_48" HPOS="112" VPOS="469" WIDTH="52" HEIGHT="31" WC="0.96" CONTENT="tik"/><SP WIDTH="20" VPOS="469" HPOS="164"/>
							<String ID="string_49" HPOS="184" VPOS="472" WIDTH="64" HEIGHT="29" WC="0.96" CONTENT="och"/><SP WIDTH="21" VPOS="472" HPOS="248"/>
							<String ID="string_50" HPOS="269" VPOS="472" WIDTH="55" HEIGHT="30" WC="0.96" CONTENT="för"/><SP WIDTH="20" VPOS="472" HPOS="324"/>
							<String ID="string_51" HPOS="344" VPOS="481" WIDTH="84" HEIGHT="32" WC="0.96" CONTENT="egen"/><SP WIDTH="21" VPOS="481" HPOS="428"/>
							<String ID="string_52" HPOS="449" VPOS="475" WIDTH="54" HEIGHT="29" WC="0.96" CONTENT="del"/><SP WIDTH="22" VPOS="475" HPOS="503"/>
							<String ID="string_53" HPOS="525" VPOS="476" WIDTH="134" HEIGHT="35" WC="0.96" CONTENT="anföra,"/><SP WIDTH="22" VPOS="476" HPOS="659"/>
							<String ID="string_54" HPOS="681" VPOS="479" WIDTH="50" HEIGHT="28" WC="0.96" CONTENT="att"/><SP WIDTH="21" VPOS="479" HPOS="731"/>
							<String ID="string_55" HPOS="752" VPOS="479" WIDTH="85" HEIGHT="29" WC="0.96" CONTENT="även"/><SP WIDTH="23" VPOS="479" HPOS="837"/>
							<String ID="string_56" HPOS="860" VPOS="479" WIDTH="125" HEIGHT="30" WC="0.96" CONTENT="sådant"/><SP WIDTH="20" VPOS="479" HPOS="985"/>
							<String ID="string_57" HPOS="1005" VPOS="482" WIDTH="160" HEIGHT="29" WC="0.95" CONTENT="material"/><SP WIDTH="22" VPOS="482" HPOS="1165"/>
							<String ID="string_58" HPOS="1187" VPOS="491" WIDTH="75" HEIGHT="21" WC="0.96" CONTENT="som"/><SP WIDTH="21" VPOS="491" HPOS="1262"/>
							<String ID="string_59" HPOS="1283" VPOS="483" WIDTH="150" HEIGHT="31" WC="0.96" CONTENT="faktiskt"/><SP WIDTH="23" VPOS="483" HPOS="1433"/>
							<String ID="string_60" HPOS="1456" VPOS="486" WIDTH="37" HEIGHT="28" WC="0.96" CONTENT="är"/><SP WIDTH="22" VPOS="486" HPOS="1493"/>
							<String ID="string_61" HPOS="1515" VPOS="485" WIDTH="85" HEIGHT="30" WC="0.96" CONTENT="känt"/>
						</TextLine>
						<TextLine ID="line_6" HPOS="112" VPOS="525" WIDTH="1488" HEIGHT="52">
							<String ID="string_62" HPOS="112" VPOS="525" WIDTH="55" HEIGHT="29" WC="0.93" CONTENT="för"/><SP WIDTH="20" VPOS="525" HPOS="167"/>
							<String ID="string_63" HPOS="187" VPOS="526" WIDTH="494" HEIGHT="43" WC="0.91" CONTENT="registreringsmyndigheten"/><SP WIDTH="22" VPOS="526" HPOS="681"/>
							<String ID="string_64" HPOS="703" VPOS="531" WIDTH="61" HEIGHT="30" WC="0.96" CONTENT="bör"/><SP WIDTH="20" VPOS="531" HPOS="764"/>
							<String ID="string_65" HPOS="784" VPOS="531" WIDTH="144" HEIGHT="32" WC="0.96" CONTENT="beaktas"/><SP WIDTH="20" VPOS="531" HPOS="928"/>
							<String ID="string_66" HPOS="948" VPOS="533" WIDTH="58" HEIGHT="31" WC="0.96" CONTENT="vid"/><SP WIDTH="21" VPOS="533" HPOS="1006"/>
							<String ID="string_67" HPOS="1027" VPOS="535" WIDTH="389" HEIGHT="42" WC="0.91" CONTENT="nyhetsgranskningen"/><SP WIDTH="20" VPOS="535" HPOS="1416"/>
							<String ID="string_68" HPOS="1436" VPOS="539" WIDTH="87" HEIGHT="29" WC="0.96" CONTENT="även"/><SP WIDTH="20" VPOS="539" HPOS="1523"/>
							<String ID="string_69" HPOS="1543" VPOS="548" WIDTH="57" HEIGHT="20" WC="0.96" CONTENT="om"/>
						</TextLine>
						<TextLine ID="line_7" HPOS="112" VPOS="579" WIDTH="1488" HEIGHT="47">
							<String ID="string_70" HPOS="112" VPOS="579" WIDTH="57" HEIGHT="30" WC="0.96" CONTENT="det"/><SP WIDTH="20" VPOS="579" HPOS="169"/>
							<String ID="string_71" HPOS="189" VPOS="579" WIDTH="71" HEIGHT="30" WC="0.96" CONTENT="inte"/><SP WIDTH="20" VPOS="579" HPOS="260"/>
							<String ID="string_72" HPOS="280" VPOS="580" WIDTH="99" HEIGHT="40" WC="0.96" CONTENT="ingår"/><SP WIDTH="19" VPOS="580" HPOS="379"/>
							<String ID="string_73" HPOS="398" VPOS="582" WIDTH="11" HEIGHT="29" WC="0.96" CONTENT="i"/><SP WIDTH="21" VPOS="582" HPOS="409"/>
							<String ID="string_74" HPOS="430" VPOS="582" WIDTH="57" HEIGHT="30" WC="0.96" CONTENT="det"/><SP WIDTH="20" VPOS="582" HPOS="487"/>
							<String ID="string_75" HPOS="507" VPOS="583" WIDTH="220" HEIGHT="32" WC="0.93" CONTENT="föreskrivna"/><SP WIDTH="20" VPOS="583" HPOS="727"/>
							<String ID="string_76" HPOS="747" VPOS="586" WIDTH="441" HEIGHT="40" WC="0.91" CONTENT="granskningsmaterialet."/><SP WIDTH="22" VPOS="586" HPOS="1188"/>
							<String ID="string_77" HPOS="1210" VPOS="590" WIDTH="104" HEIGHT="30" WC="0.96" CONTENT="Detta"/><SP WIDTH="20" VPOS="590" HPOS="1314"/>
							<String ID="string_78" HPOS="1334" VPOS="592" WIDTH="98" HEIGHT="29" WC="0.96" CONTENT="torde"/><SP WIDTH="21" VPOS="592" HPOS="1432"/>
							<String ID="string_79" HPOS="1453" VPOS="602" WIDTH="83" HEIGHT="20" WC="0.96" CONTENT="vara"/><SP WIDTH="22" VPOS="602" HPOS="1536"/>
							<String ID="string_80" HPOS="1558" VPOS="602" WIDTH="42" HEIGHT="20" WC="0.96" CONTENT="en"/>
						</TextLine>
						<TextLine ID="line_8" HPOS="111" VPOS="633" WIDTH="1489" HEIGHT="52">
							<String ID="string_81" HPOS="111" VPOS="633" WIDTH="154" HEIGHT="40" WC="0.91" CONTENT="nalurlig"/><SP WIDTH="16" VPOS="633" HPOS="265"/>
							<String ID="string_82" HPOS="281" VPOS="634" WIDTH="90" HEIGHT="39" WC="0.96" CONTENT="följd"/><SP WIDTH="17" VPOS="634" HPOS="371"/>
							<String ID="string_83" HPOS="388" VPOS="645" WIDTH="42" HEIGHT="20" WC="0.96" CONTENT="av"/><SP WIDTH="16" VPOS="645" HPOS="430"/>
							<String ID="string_84" HPOS="446" VPOS="635" WIDTH="57" HEIGHT="30" WC="0.96" CONTENT="det"/><SP WIDTH="16" VPOS="635" HPOS="503"/>
							<String ID="string_85" HPOS="519" VPOS="636" WIDTH="160" HEIGHT="32" WC="0.93" CONTENT="absoluta"/><SP WIDTH="16" VPOS="636" HPOS="679"/>
							<String ID="string_86" HPOS="695" VPOS="638" WIDTH="214" HEIGHT="39" WC="0.90" CONTENT="nyhetskrav"/><SP WIDTH="17" VPOS="638" HPOS="909"/>
							<String ID="string_87" HPOS="926" VPOS="649" WIDTH="74" HEIGHT="21" WC="0.96" CONTENT="som"/><SP WIDTH="17" VPOS="649" HPOS="1000"/>
							<String ID="string_88" HPOS="1017" VPOS="642" WIDTH="167" HEIGHT="39" WC="0.93" CONTENT="förslaget"/><SP WIDTH="16" VPOS="642" HPOS="1184"/>
							<String ID="string_89" HPOS="1200" VPOS="645" WIDTH="193" HEIGHT="38" WC="0.91" CONTENT="uppställer"/><SP WIDTH="17" VPOS="645" HPOS="1393"/>
							<String ID="string_90" HPOS="1410" VPOS="646" WIDTH="107" HEIGHT="39" WC="0.95" CONTENT="enligt"/><SP WIDTH="17" VPOS="646" HPOS="1517"/>
							<String ID="string_91" HPOS="1534" VPOS="646" WIDTH="66" HEIGHT="30" WC="0.95" CONTENT="vad"/>
						</TextLine>
						<TextLine ID="line_9" HPOS="110" VPOS="686" WIDTH="1489" HEIGHT="52">
							<String ID="string_92" HPOS="110" VPOS="686" WIDTH="60" HEIGHT="40" WC="0.96" CONTENT="jag"/><SP WIDTH="17" VPOS="686" HPOS="170"/>
							<String ID="string_93" HPOS="187" VPOS="687" WIDTH="65" HEIGHT="29" WC="0.96" CONTENT="har"/><SP WIDTH="17" VPOS="687" HPOS="252"/>
							<String ID="string_94" HPOS="269" VPOS="688" WIDTH="118" HEIGHT="30" WC="0.96" CONTENT="anfört"/><SP WIDTH="19" VPOS="688" HPOS="387"/>
							<String ID="string_95" HPOS="406" VPOS="689" WIDTH="157" HEIGHT="40" WC="0.93" CONTENT="tidigare."/><SP WIDTH="20" VPOS="689" HPOS="563"/>
							<String ID="string_96" HPOS="583" VPOS="691" WIDTH="52" HEIGHT="29" WC="0.96" CONTENT="En"/><SP WIDTH="20" VPOS="691" HPOS="635"/>
							<String ID="string_97" HPOS="655" VPOS="701" WIDTH="116" HEIGHT="21" WC="0.96" CONTENT="annan"/><SP WIDTH="20" VPOS="701" HPOS="771"/>
							<String ID="string_98" HPOS="791" VPOS="694" WIDTH="62" HEIGHT="29" WC="0.96" CONTENT="sak"/><SP WIDTH="20" VPOS="694" HPOS="853"/>
							<String ID="string_99" HPOS="873" VPOS="695" WIDTH="37" HEIGHT="28" WC="0.96" CONTENT="är"/><SP WIDTH="20" VPOS="695" HPOS="910"/>
							<String ID="string_100" HPOS="930" VPOS="696" WIDTH="50" HEIGHT="28" WC="0.96" CONTENT="att"/><SP WIDTH="19" VPOS="696" HPOS="980"/>
							<String ID="string_101" HPOS="999" VPOS="695" WIDTH="109" HEIGHT="40" WC="0.96" CONTENT="några"/><SP WIDTH="19" VPOS="695" HPOS="1108"/>
							<String ID="string_102" HPOS="1127" VPOS="696" WIDTH="315" HEIGHT="42" WC="0.96" CONTENT="efterforskningar"/><SP WIDTH="20" VPOS="696" HPOS="1442"/>
							<String ID="string_103" HPOS="1462" VPOS="699" WIDTH="11" HEIGHT="29" WC="0.96" CONTENT="i"/><SP WIDTH="19" VPOS="699" HPOS="1473"/>
							<String ID="string_104" HPOS="1492" VPOS="703" WIDTH="107" HEIGHT="27" WC="0.96" CONTENT="annat"/>
						</TextLine>
						<TextLine ID="line_10" HPOS="110" VPOS="740" WIDTH="1490" HEIGHT="53">
							<String ID="string_105" HPOS="110" VPOS="740" WIDTH="160" HEIGHT="31" WC="0.96" CONTENT="material"/><SP WIDTH="25" VPOS="740" HPOS="270"/>
							<String ID="string_106" HPOS="295" VPOS="742" WIDTH="44" HEIGHT="29" WC="0.96" CONTENT="än"/><SP WIDTH="23" VPOS="742" HPOS="339"/>
							<String ID="string_107" HPOS="362" VPOS="743" WIDTH="57" HEIGHT="29" WC="0.96" CONTENT="det"/><SP WIDTH="23" VPOS="743" HPOS="419"/>
							<String ID="string_108" HPOS="442" VPOS="743" WIDTH="221" HEIGHT="32" WC="0.96" CONTENT="föreskrivna"/><SP WIDTH="22" VPOS="743" HPOS="663"/>
							<String ID="string_109" HPOS="685" VPOS="746" WIDTH="72" HEIGHT="30" WC="0.96" CONTENT="inte"/><SP WIDTH="22" VPOS="746" HPOS="757"/>
							<String ID="string_110" HPOS="779" VPOS="747" WIDTH="63" HEIGHT="30" WC="0.95" CONTENT="bör"/><SP WIDTH="23" VPOS="747" HPOS="842"/>
							<String ID="string_111" HPOS="865" VPOS="748" WIDTH="71" HEIGHT="29" WC="0.96" CONTENT="ske."/><SP WIDTH="25" VPOS="748" HPOS="936"/>
							<String ID="string_112" HPOS="961" VPOS="748" WIDTH="65" HEIGHT="30" WC="0.96" CONTENT="Det"/><SP WIDTH="24" VPOS="748" HPOS="1026"/>
							<String ID="string_113" HPOS="1050" VPOS="749" WIDTH="111" HEIGHT="30" WC="0.96" CONTENT="skulle"/><SP WIDTH="24" VPOS="749" HPOS="1161"/>
							<String ID="string_114" HPOS="1185" VPOS="751" WIDTH="160" HEIGHT="40" WC="0.96" CONTENT="fördröja"/><SP WIDTH="23" VPOS="751" HPOS="1345"/>
							<String ID="string_115" HPOS="1368" VPOS="753" WIDTH="64" HEIGHT="28" WC="0.93" CONTENT="och"/><SP WIDTH="24" VPOS="753" HPOS="1432"/>
							<String ID="string_116" HPOS="1456" VPOS="752" WIDTH="144" HEIGHT="41" WC="0.91" CONTENT="fördyra"/>
						</TextLine>
						<TextLine ID="line_11" HPOS="111" VPOS="795" WIDTH="830" HEIGHT="41">
							<String ID="string_117" HPOS="111" VPOS="795" WIDTH="261" HEIGHT="40" WC="0.95" CONTENT="granskningen"/><SP WIDTH="14" VPOS="795" HPOS="372"/>
							<String ID="string_118" HPOS="386" VPOS="797" WIDTH="45" HEIGHT="39" WC="0.96" CONTENT="på"/><SP WIDTH="15" VPOS="797" HPOS="431"/>
							<String ID="string_119" HPOS="446" VPOS="799" WIDTH="47" HEIGHT="28" WC="0.96" CONTENT="ett"/><SP WIDTH="16" VPOS="799" HPOS="493"/>
							<String ID="string_120" HPOS="509" VPOS="799" WIDTH="68" HEIGHT="29" WC="0.96" CONTENT="sätt"/><SP WIDTH="16" VPOS="799" HPOS="577"/>
							<String ID="string_121" HPOS="593" VPOS="808" WIDTH="74" HEIGHT="20" WC="0.96" CONTENT="som"/><SP WIDTH="14" VPOS="808" HPOS="667"/>
							<String ID="string_122" HPOS="681" VPOS="799" WIDTH="71" HEIGHT="31" WC="0.96" CONTENT="inte"/><SP WIDTH="16" VPOS="799" HPOS="752"/>
							<String ID="string_123" HPOS="768" VPOS="801" WIDTH="39" HEIGHT="29" WC="0.96" CONTENT="är"/><SP WIDTH="14" VPOS="801" HPOS="807"/>
							<String ID="string_124" HPOS="821" VPOS="803" WIDTH="120" HEIGHT="28" WC="0.95" CONTENT="avsett."/>
						</TextLine>
					</TextBlock>
					<TextBlock ID="block_2" HPOS="110" VPOS="848" WIDTH="1490" HEIGHT="159">
						<TextLine ID="line_12" HPOS="157" VPOS="848" WIDTH="1443" HEIGHT="53">
							<String ID="string_125" HPOS="157" VPOS="848" WIDTH="13" HEIGHT="29" WC="0.96" CONTENT="I"/><SP WIDTH="18" VPOS="848" HPOS="170"/>
							<String ID="string_126" HPOS="188" VPOS="848" WIDTH="111" HEIGHT="30" WC="0.96" CONTENT="likhet"/><SP WIDTH="17" VPOS="848" HPOS="299"/>
							<String ID="string_127" HPOS="316" VPOS="851" WIDTH="80" HEIGHT="29" WC="0.93" CONTENT="med"/><SP WIDTH="18" VPOS="851" HPOS="396"/>
							<String ID="string_128" HPOS="414" VPOS="851" WIDTH="351" HEIGHT="33" WC="0.91" CONTENT="remissinstanserna"/><SP WIDTH="16" VPOS="851" HPOS="765"/>
							<String ID="string_129" HPOS="781" VPOS="854" WIDTH="154" HEIGHT="32" WC="0.96" CONTENT="biträder"/><SP WIDTH="17" VPOS="854" HPOS="935"/>
							<String ID="string_130" HPOS="952" VPOS="857" WIDTH="60" HEIGHT="40" WC="0.96" CONTENT="jag"/><SP WIDTH="18" VPOS="857" HPOS="1012"/>
							<String ID="string_131" HPOS="1030" VPOS="858" WIDTH="252" HEIGHT="41" WC="0.96" CONTENT="utredningens"/><SP WIDTH="19" VPOS="858" HPOS="1282"/>
							<String ID="string_132" HPOS="1301" VPOS="860" WIDTH="141" HEIGHT="41" WC="0.95" CONTENT="förslag,"/><SP WIDTH="20" VPOS="860" HPOS="1442"/>
							<String ID="string_133" HPOS="1462" VPOS="863" WIDTH="51" HEIGHT="29" WC="0.93" CONTENT="att"/><SP WIDTH="18" VPOS="863" HPOS="1513"/>
							<String ID="string_134" HPOS="1531" VPOS="862" WIDTH="69" HEIGHT="30" WC="0.92" CONTENT="för-"/>
						</TextLine>
						<TextLine ID="line_13" HPOS="111" VPOS="903" WIDTH="1489" HEIGHT="48">
							<String ID="string_135" HPOS="111" VPOS="903" WIDTH="360" HEIGHT="40" WC="0.91" CONTENT="prövningssystemet"/><SP WIDTH="24" VPOS="903" HPOS="471"/>
							<String ID="string_136" HPOS="495" VPOS="906" WIDTH="250" HEIGHT="41" WC="0.96" CONTENT="kompletteras"/><SP WIDTH="24" VPOS="906" HPOS="745"/>
							<String ID="string_137" HPOS="769" VPOS="911" WIDTH="79" HEIGHT="29" WC="0.96" CONTENT="med"/><SP WIDTH="25" VPOS="911" HPOS="848"/>
							<String ID="string_138" HPOS="873" VPOS="912" WIDTH="48" HEIGHT="28" WC="0.93" CONTENT="ett"/><SP WIDTH="32" VPOS="912" HPOS="921"/>
							<String ID="string_139" HPOS="953" VPOS="911" WIDTH="307" HEIGHT="40" WC="0.91" CONTENT="kungörelse-"/><SP WIDTH="24" VPOS="911" HPOS="1260"/>
							<String ID="string_140" HPOS="1284" VPOS="915" WIDTH="84" HEIGHT="29" WC="0.93" CONTENT="och"/><SP WIDTH="35" VPOS="915" HPOS="1368"/>
							<String ID="string_141" HPOS="1403" VPOS="915" WIDTH="110" HEIGHT="30" WC="0.91" CONTENT="invän"/><SP WIDTH="51" VPOS="915" HPOS="1513"/>
							<String ID="string_142" HPOS="1564" VPOS="917" WIDTH="36" HEIGHT="29" WC="0.91" CONTENT="d-"/>
						</TextLine>
						<TextLine ID="line_14" HPOS="110" VPOS="956" WIDTH="1398" HEIGHT="51">
							<String ID="string_143" HPOS="110" VPOS="956" WIDTH="488" HEIGHT="40" WC="0.66" CONTENT="ningsförfarande."/><SP WIDTH="26" VPOS="956" HPOS="598"/>
							<String ID="string_144" HPOS="624" VPOS="963" WIDTH="65" HEIGHT="39" WC="0.96" CONTENT="Jag"/><SP WIDTH="25" VPOS="963" HPOS="689"/>
							<String ID="string_145" HPOS="714" VPOS="963" WIDTH="234" HEIGHT="32" WC="0.96" CONTENT="återkommer"/><SP WIDTH="24" VPOS="963" HPOS="948"/>
							<String ID="string_146" HPOS="972" VPOS="966" WIDTH="52" HEIGHT="30" WC="0.96" CONTENT="till"/><SP WIDTH="26" VPOS="966" HPOS="1024"/>
							<String ID="string_147" HPOS="1050" VPOS="968" WIDTH="194" HEIGHT="39" WC="0.96" CONTENT="detaljerna"/><SP WIDTH="26" VPOS="968" HPOS="1244"/>
							<String ID="string_148" HPOS="1270" VPOS="969" WIDTH="9" HEIGHT="29" WC="0.96" CONTENT="i"/><SP WIDTH="26" VPOS="969" HPOS="1279"/>
							<String ID="string_149" HPOS="1305" VPOS="969" WIDTH="115" HEIGHT="30" WC="0.96" CONTENT="denna"/><SP WIDTH="25" VPOS="969" HPOS="1420"/>
							<String ID="string_150" HPOS="1445" VPOS="972" WIDTH="63" HEIGHT="28" WC="0.96" CONTENT="del."/>
						</TextLine>
					</TextBlock>
					<TextBlock ID="block_3" HPOS="105" VPOS="1011" WIDTH="1494" HEIGHT="903">
						<TextLine ID="line_15" HPOS="156" VPOS="1011" WIDTH="1443" HEIGHT="53">
							<String ID="string_151" HPOS="156" VPOS="1011" WIDTH="257" HEIGHT="41" WC="0.96" CONTENT="Utredningens"/><SP WIDTH="22" VPOS="1011" HPOS="413"/>
							<String ID="string_152" HPOS="435" VPOS="1014" WIDTH="141" HEIGHT="40" WC="0.96" CONTENT="förslag,"/><SP WIDTH="23" VPOS="1014" HPOS="576"/>
							<String ID="string_153" HPOS="599" VPOS="1017" WIDTH="50" HEIGHT="28" WC="0.96" CONTENT="att"/><SP WIDTH="23" VPOS="1017" HPOS="649"/>
							<String ID="string_154" HPOS="672" VPOS="1017" WIDTH="180" HEIGHT="30" WC="0.96" CONTENT="sökanden"/><SP WIDTH="22" VPOS="1017" HPOS="852"/>
							<String ID="string_155" HPOS="874" VPOS="1018" WIDTH="89" HEIGHT="31" WC="0.96" CONTENT="skall"/><SP WIDTH="22" VPOS="1018" HPOS="963"/>
							<String ID="string_156" HPOS="985" VPOS="1028" WIDTH="83" HEIGHT="32" WC="0.95" CONTENT="avge"/><SP WIDTH="22" VPOS="1028" HPOS="1068"/>
							<String ID="string_157" HPOS="1090" VPOS="1031" WIDTH="42" HEIGHT="20" WC="0.96" CONTENT="en"/><SP WIDTH="22" VPOS="1031" HPOS="1132"/>
							<String ID="string_158" HPOS="1154" VPOS="1022" WIDTH="154" HEIGHT="42" WC="0.92" CONTENT="skriftlig"/><SP WIDTH="32" VPOS="1022" HPOS="1308"/>
							<String ID="string_159" HPOS="1340" VPOS="1024" WIDTH="259" HEIGHT="31" WC="0.96" CONTENT="försäkran"/>
						</TextLine>
						<TextLine ID="line_16" HPOS="111" VPOS="1065" WIDTH="1488" HEIGHT="51">
							<String ID="string_160" HPOS="111" VPOS="1065" WIDTH="45" HEIGHT="39" WC="0.96" CONTENT="på"/><SP WIDTH="17" VPOS="1065" HPOS="156"/>
							<String ID="string_161" HPOS="173" VPOS="1065" WIDTH="106" HEIGHT="30" WC="0.96" CONTENT="heder"/><SP WIDTH="17" VPOS="1065" HPOS="279"/>
							<String ID="string_162" HPOS="296" VPOS="1067" WIDTH="65" HEIGHT="29" WC="0.96" CONTENT="och"/><SP WIDTH="19" VPOS="1067" HPOS="361"/>
							<String ID="string_163" HPOS="380" VPOS="1070" WIDTH="161" HEIGHT="33" WC="0.96" CONTENT="samvete,"/><SP WIDTH="19" VPOS="1070" HPOS="541"/>
							<String ID="string_164" HPOS="560" VPOS="1071" WIDTH="50" HEIGHT="28" WC="0.96" CONTENT="att"/><SP WIDTH="17" VPOS="1071" HPOS="610"/>
							<String ID="string_165" HPOS="627" VPOS="1071" WIDTH="171" HEIGHT="31" WC="0.96" CONTENT="mönstret"/><SP WIDTH="19" VPOS="1071" HPOS="798"/>
							<String ID="string_166" HPOS="817" VPOS="1073" WIDTH="103" HEIGHT="30" WC="0.95" CONTENT="såvitt"/><SP WIDTH="17" VPOS="1073" HPOS="920"/>
							<String ID="string_167" HPOS="937" VPOS="1074" WIDTH="71" HEIGHT="30" WC="0.96" CONTENT="han"/><SP WIDTH="16" VPOS="1074" HPOS="1008"/>
							<String ID="string_168" HPOS="1024" VPOS="1075" WIDTH="65" HEIGHT="30" WC="0.95" CONTENT="har"/><SP WIDTH="18" VPOS="1075" HPOS="1089"/>
							<String ID="string_169" HPOS="1107" VPOS="1076" WIDTH="52" HEIGHT="40" WC="0.96" CONTENT="sig"/><SP WIDTH="15" VPOS="1076" HPOS="1159"/>
							<String ID="string_170" HPOS="1174" VPOS="1077" WIDTH="130" HEIGHT="30" WC="0.95" CONTENT="bekant"/><SP WIDTH="16" VPOS="1077" HPOS="1304"/>
							<String ID="string_171" HPOS="1320" VPOS="1079" WIDTH="72" HEIGHT="29" WC="0.96" CONTENT="inte"/><SP WIDTH="17" VPOS="1079" HPOS="1392"/>
							<String ID="string_172" HPOS="1409" VPOS="1080" WIDTH="109" HEIGHT="29" WC="0.96" CONTENT="redan"/><SP WIDTH="16" VPOS="1080" HPOS="1518"/>
							<String ID="string_173" HPOS="1534" VPOS="1080" WIDTH="65" HEIGHT="30" WC="0.96" CONTENT="har"/>
						</TextLine>
						<TextLine ID="line_17" HPOS="111" VPOS="1119" WIDTH="1488" HEIGHT="52">
							<String ID="string_174" HPOS="111" VPOS="1119" WIDTH="98" HEIGHT="30" WC="0.95" CONTENT="blivit"/><SP WIDTH="18" VPOS="1119" HPOS="209"/>
							<String ID="string_175" HPOS="227" VPOS="1120" WIDTH="96" HEIGHT="35" WC="0.96" CONTENT="känt,"/><SP WIDTH="18" VPOS="1120" HPOS="323"/>
							<String ID="string_176" HPOS="341" VPOS="1121" WIDTH="65" HEIGHT="31" WC="0.96" CONTENT="har"/><SP WIDTH="16" VPOS="1121" HPOS="406"/>
							<String ID="string_177" HPOS="422" VPOS="1122" WIDTH="12" HEIGHT="29" WC="0.96" CONTENT="i"/><SP WIDTH="18" VPOS="1122" HPOS="434"/>
							<String ID="string_178" HPOS="452" VPOS="1123" WIDTH="191" HEIGHT="31" WC="0.93" CONTENT="allmänhet"/><SP WIDTH="18" VPOS="1123" HPOS="643"/>
							<String ID="string_179" HPOS="661" VPOS="1125" WIDTH="172" HEIGHT="40" WC="0.91" CONTENT="godtagits"/><SP WIDTH="18" VPOS="1125" HPOS="833"/>
							<String ID="string_180" HPOS="851" VPOS="1128" WIDTH="111" HEIGHT="29" WC="0.96" CONTENT="under"/><SP WIDTH="17" VPOS="1128" HPOS="962"/>
							<String ID="string_181" HPOS="979" VPOS="1129" WIDTH="395" HEIGHT="42" WC="0.91" CONTENT="remissbehandlingen."/><SP WIDTH="18" VPOS="1129" HPOS="1374"/>
							<String ID="string_182" HPOS="1392" VPOS="1132" WIDTH="79" HEIGHT="31" WC="0.96" CONTENT="Viss"/><SP WIDTH="19" VPOS="1132" HPOS="1471"/>
							<String ID="string_183" HPOS="1490" VPOS="1134" WIDTH="109" HEIGHT="30" WC="0.96" CONTENT="kritik"/>
						</TextLine>
						<TextLine ID="line_18" HPOS="111" VPOS="1173" WIDTH="1488" HEIGHT="49">
							<String ID="string_184" HPOS="111" VPOS="1173" WIDTH="64" HEIGHT="30" WC="0.96" CONTENT="har"/><SP WIDTH="19" VPOS="1173" HPOS="175"/>
							<String ID="string_185" HPOS="194" VPOS="1175" WIDTH="136" HEIGHT="30" WC="0.96" CONTENT="anförts"/><SP WIDTH="19" VPOS="1175" HPOS="330"/>
							<String ID="string_186" HPOS="349" VPOS="1176" WIDTH="10" HEIGHT="29" WC="0.96" CONTENT="i"/><SP WIDTH="18" VPOS="1176" HPOS="359"/>
							<String ID="string_187" HPOS="377" VPOS="1176" WIDTH="101" HEIGHT="40" WC="0.96" CONTENT="fråga"/><SP WIDTH="17" VPOS="1176" HPOS="478"/>
							<String ID="string_188" HPOS="495" VPOS="1186" WIDTH="57" HEIGHT="21" WC="0.96" CONTENT="om"/><SP WIDTH="18" VPOS="1186" HPOS="552"/>
							<String ID="string_189" HPOS="570" VPOS="1178" WIDTH="271" HEIGHT="40" WC="0.95" CONTENT="möjligheterna"/><SP WIDTH="17" VPOS="1178" HPOS="841"/>
							<String ID="string_190" HPOS="858" VPOS="1183" WIDTH="50" HEIGHT="28" WC="0.96" CONTENT="att"/><SP WIDTH="18" VPOS="1183" HPOS="908"/>
							<String ID="string_191" HPOS="926" VPOS="1183" WIDTH="240" HEIGHT="39" WC="0.96" CONTENT="upprätthålla"/><SP WIDTH="18" VPOS="1183" HPOS="1166"/>
							<String ID="string_192" HPOS="1184" VPOS="1185" WIDTH="68" HEIGHT="30" WC="0.96" CONTENT="den"/><SP WIDTH="17" VPOS="1185" HPOS="1252"/>
							<String ID="string_193" HPOS="1269" VPOS="1186" WIDTH="145" HEIGHT="31" WC="0.96" CONTENT="därmed"/><SP WIDTH="18" VPOS="1186" HPOS="1414"/>
							<String ID="string_194" HPOS="1432" VPOS="1187" WIDTH="167" HEIGHT="31" WC="0.96" CONTENT="förenade"/>
						</TextLine>
						<TextLine ID="line_19" HPOS="112" VPOS="1228" WIDTH="1486" HEIGHT="53">
							<String ID="string_195" HPOS="112" VPOS="1228" WIDTH="328" HEIGHT="32" WC="0.88" CONTENT="straffsanktionen."/><SP WIDTH="24" VPOS="1228" HPOS="440"/>
							<String ID="string_196" HPOS="464" VPOS="1231" WIDTH="211" HEIGHT="41" WC="0.96" CONTENT="Visserligen"/><SP WIDTH="22" VPOS="1231" HPOS="675"/>
							<String ID="string_197" HPOS="697" VPOS="1234" WIDTH="72" HEIGHT="32" WC="0.96" CONTENT="kan"/><SP WIDTH="21" VPOS="1234" HPOS="769"/>
							<String ID="string_198" HPOS="790" VPOS="1235" WIDTH="57" HEIGHT="29" WC="0.96" CONTENT="det"/><SP WIDTH="21" VPOS="1235" HPOS="847"/>
							<String ID="string_199" HPOS="868" VPOS="1235" WIDTH="73" HEIGHT="31" WC="0.96" CONTENT="ofta"/><SP WIDTH="23" VPOS="1235" HPOS="941"/>
							<String ID="string_200" HPOS="964" VPOS="1236" WIDTH="46" HEIGHT="30" WC="0.96" CONTENT="bli"/><SP WIDTH="24" VPOS="1236" HPOS="1010"/>
							<String ID="string_201" HPOS="1034" VPOS="1236" WIDTH="94" HEIGHT="31" WC="0.96" CONTENT="svårt"/><SP WIDTH="23" VPOS="1236" HPOS="1128"/>
							<String ID="string_202" HPOS="1151" VPOS="1240" WIDTH="50" HEIGHT="28" WC="0.96" CONTENT="att"/><SP WIDTH="22" VPOS="1240" HPOS="1201"/>
							<String ID="string_203" HPOS="1223" VPOS="1239" WIDTH="130" HEIGHT="39" WC="0.96" CONTENT="styrka,"/><SP WIDTH="24" VPOS="1239" HPOS="1353"/>
							<String ID="string_204" HPOS="1377" VPOS="1242" WIDTH="50" HEIGHT="28" WC="0.95" CONTENT="att"/><SP WIDTH="21" VPOS="1242" HPOS="1427"/>
							<String ID="string_205" HPOS="1448" VPOS="1241" WIDTH="150" HEIGHT="40" WC="0.96" CONTENT="oriktiga"/>
						</TextLine>
						<TextLine ID="line_20" HPOS="111" VPOS="1282" WIDTH="1486" HEIGHT="50">
							<String ID="string_206" HPOS="111" VPOS="1282" WIDTH="178" HEIGHT="40" WC="0.96" CONTENT="uppgifter"/><SP WIDTH="19" VPOS="1282" HPOS="289"/>
							<String ID="string_207" HPOS="308" VPOS="1283" WIDTH="11" HEIGHT="29" WC="0.96" CONTENT="i"/><SP WIDTH="20" VPOS="1283" HPOS="319"/>
							<String ID="string_208" HPOS="339" VPOS="1293" WIDTH="43" HEIGHT="20" WC="0.96" CONTENT="en"/><SP WIDTH="18" VPOS="1293" HPOS="382"/>
							<String ID="string_209" HPOS="400" VPOS="1284" WIDTH="188" HEIGHT="31" WC="0.96" CONTENT="försäkran"/><SP WIDTH="18" VPOS="1284" HPOS="588"/>
							<String ID="string_210" HPOS="606" VPOS="1286" WIDTH="65" HEIGHT="30" WC="0.96" CONTENT="har"/><SP WIDTH="18" VPOS="1286" HPOS="671"/>
							<String ID="string_211" HPOS="689" VPOS="1288" WIDTH="152" HEIGHT="30" WC="0.96" CONTENT="lämnats"/><SP WIDTH="20" VPOS="1288" HPOS="841"/>
							<String ID="string_212" HPOS="861" VPOS="1290" WIDTH="222" HEIGHT="40" WC="0.96" CONTENT="uppsåtligen"/><SP WIDTH="19" VPOS="1290" HPOS="1083"/>
							<String ID="string_213" HPOS="1102" VPOS="1291" WIDTH="82" HEIGHT="30" WC="0.96" CONTENT="eller"/><SP WIDTH="20" VPOS="1291" HPOS="1184"/>
							<String ID="string_214" HPOS="1204" VPOS="1302" WIDTH="42" HEIGHT="20" WC="0.96" CONTENT="av"/><SP WIDTH="19" VPOS="1302" HPOS="1246"/>
							<String ID="string_215" HPOS="1265" VPOS="1301" WIDTH="83" HEIGHT="31" WC="0.96" CONTENT="grov"/><SP WIDTH="17" VPOS="1301" HPOS="1348"/>
							<String ID="string_216" HPOS="1365" VPOS="1294" WIDTH="232" HEIGHT="36" WC="0.40" CONTENT="oaktsamhet,"/>
						</TextLine>
						<TextLine ID="line_21" HPOS="108" VPOS="1336" WIDTH="1488" HEIGHT="48">
							<String ID="string_217" HPOS="108" VPOS="1336" WIDTH="65" HEIGHT="30" WC="0.96" CONTENT="och"/><SP WIDTH="16" VPOS="1336" HPOS="173"/>
							<String ID="string_218" HPOS="189" VPOS="1337" WIDTH="271" HEIGHT="40" WC="0.96" CONTENT="möjligheterna"/><SP WIDTH="17" VPOS="1337" HPOS="460"/>
							<String ID="string_219" HPOS="477" VPOS="1342" WIDTH="49" HEIGHT="27" WC="0.96" CONTENT="att"/><SP WIDTH="16" VPOS="1342" HPOS="526"/>
							<String ID="string_220" HPOS="542" VPOS="1340" WIDTH="137" HEIGHT="40" WC="0.96" CONTENT="ingripa"/><SP WIDTH="16" VPOS="1340" HPOS="679"/>
							<String ID="string_221" HPOS="695" VPOS="1343" WIDTH="79" HEIGHT="29" WC="0.93" CONTENT="med"/><SP WIDTH="17" VPOS="1343" HPOS="774"/>
							<String ID="string_222" HPOS="791" VPOS="1344" WIDTH="244" HEIGHT="40" WC="0.92" CONTENT="straffpåföljd"/><SP WIDTH="17" VPOS="1344" HPOS="1035"/>
							<String ID="string_223" HPOS="1052" VPOS="1346" WIDTH="55" HEIGHT="29" WC="0.96" CONTENT="för"/><SP WIDTH="17" VPOS="1346" HPOS="1107"/>
							<String ID="string_224" HPOS="1124" VPOS="1355" WIDTH="111" HEIGHT="21" WC="0.96" CONTENT="osann"/><SP WIDTH="17" VPOS="1355" HPOS="1235"/>
							<String ID="string_225" HPOS="1252" VPOS="1348" WIDTH="82" HEIGHT="29" WC="0.96" CONTENT="eller"/><SP WIDTH="16" VPOS="1348" HPOS="1334"/>
							<String ID="string_226" HPOS="1350" VPOS="1349" WIDTH="159" HEIGHT="31" WC="0.93" CONTENT="vårdslös"/><SP WIDTH="17" VPOS="1349" HPOS="1509"/>
							<String ID="string_227" HPOS="1526" VPOS="1350" WIDTH="70" HEIGHT="30" WC="0.90" CONTENT="för-"/>
						</TextLine>
						<TextLine ID="line_22" HPOS="109" VPOS="1391" WIDTH="1486" HEIGHT="50">
							<String ID="string_228" HPOS="109" VPOS="1391" WIDTH="130" HEIGHT="29" WC="0.91" CONTENT="säkran"/><SP WIDTH="15" VPOS="1391" HPOS="239"/>
							<String ID="string_229" HPOS="254" VPOS="1391" WIDTH="106" HEIGHT="40" WC="0.96" CONTENT="enligt"/><SP WIDTH="18" VPOS="1391" HPOS="360"/>
							<String ID="string_230" HPOS="378" VPOS="1393" WIDTH="37" HEIGHT="29" WC="0.96" CONTENT="15"/><SP WIDTH="17" VPOS="1393" HPOS="415"/>
							<String ID="string_231" HPOS="432" VPOS="1393" WIDTH="79" HEIGHT="39" WC="0.95" CONTENT="kap."/><SP WIDTH="20" VPOS="1393" HPOS="511"/>
							<String ID="string_232" HPOS="531" VPOS="1394" WIDTH="38" HEIGHT="29" WC="0.92" CONTENT="10"/><SP WIDTH="18" VPOS="1394" HPOS="569"/>
							<String ID="string_233" HPOS="587" VPOS="1394" WIDTH="14" HEIGHT="37" WC="0.90" CONTENT="$"/><SP WIDTH="20" VPOS="1394" HPOS="601"/>
							<String ID="string_234" HPOS="621" VPOS="1394" WIDTH="242" HEIGHT="32" WC="0.96" CONTENT="brottsbalken"/><SP WIDTH="14" VPOS="1394" HPOS="863"/>
							<String ID="string_235" HPOS="877" VPOS="1397" WIDTH="71" HEIGHT="30" WC="0.96" CONTENT="kan"/><SP WIDTH="16" VPOS="1397" HPOS="948"/>
							<String ID="string_236" HPOS="964" VPOS="1398" WIDTH="120" HEIGHT="31" WC="0.96" CONTENT="därför"/><SP WIDTH="15" VPOS="1398" HPOS="1084"/>
							<String ID="string_237" HPOS="1099" VPOS="1401" WIDTH="123" HEIGHT="29" WC="0.96" CONTENT="väntas"/><SP WIDTH="15" VPOS="1401" HPOS="1222"/>
							<String ID="string_238" HPOS="1237" VPOS="1401" WIDTH="48" HEIGHT="29" WC="0.95" CONTENT="bli"/><SP WIDTH="15" VPOS="1401" HPOS="1285"/>
							<String ID="string_239" HPOS="1300" VPOS="1401" WIDTH="225" HEIGHT="40" WC="0.96" CONTENT="begränsade."/><SP WIDTH="18" VPOS="1401" HPOS="1525"/>
							<String ID="string_240" HPOS="1543" VPOS="1404" WIDTH="52" HEIGHT="30" WC="0.96" CONTENT="En"/>
						</TextLine>
						<TextLine ID="line_23" HPOS="113" VPOS="1444" WIDTH="1485" HEIGHT="57">
							<String ID="string_241" HPOS="113" VPOS="1444" WIDTH="109" HEIGHT="30" WC="0.96" CONTENT="sådan"/><SP WIDTH="25" VPOS="1444" HPOS="222"/>
							<String ID="string_242" HPOS="247" VPOS="1445" WIDTH="188" HEIGHT="30" WC="0.95" CONTENT="försäkran"/><SP WIDTH="25" VPOS="1445" HPOS="435"/>
							<String ID="string_243" HPOS="460" VPOS="1447" WIDTH="55" HEIGHT="29" WC="0.95" CONTENT="får"/><SP WIDTH="25" VPOS="1447" HPOS="515"/>
							<String ID="string_244" HPOS="540" VPOS="1448" WIDTH="193" HEIGHT="31" WC="0.96" CONTENT="emellertid"/><SP WIDTH="26" VPOS="1448" HPOS="733"/>
							<String ID="string_245" HPOS="759" VPOS="1450" WIDTH="91" HEIGHT="30" WC="0.96" CONTENT="ändå"/><SP WIDTH="25" VPOS="1450" HPOS="850"/>
							<String ID="string_246" HPOS="875" VPOS="1459" WIDTH="101" HEIGHT="22" WC="0.95" CONTENT="anses"/><SP WIDTH="25" VPOS="1459" HPOS="976"/>
							<String ID="string_247" HPOS="1001" VPOS="1452" WIDTH="48" HEIGHT="29" WC="0.96" CONTENT="bli"/><SP WIDTH="24" VPOS="1452" HPOS="1049"/>
							<String ID="string_248" HPOS="1073" VPOS="1454" WIDTH="48" HEIGHT="28" WC="0.96" CONTENT="ett"/><SP WIDTH="24" VPOS="1454" HPOS="1121"/>
							<String ID="string_249" HPOS="1145" VPOS="1454" WIDTH="189" HEIGHT="30" WC="0.96" CONTENT="värdefullt"/><SP WIDTH="26" VPOS="1454" HPOS="1334"/>
							<String ID="string_250" HPOS="1360" VPOS="1452" WIDTH="238" HEIGHT="49" WC="0.96" CONTENT="komplement"/>
						</TextLine>
						<TextLine ID="line_24" HPOS="110" VPOS="1497" WIDTH="1488" HEIGHT="52">
							<String ID="string_251" HPOS="110" VPOS="1497" WIDTH="52" HEIGHT="29" WC="0.93" CONTENT="till"/><SP WIDTH="25" VPOS="1497" HPOS="162"/>
							<String ID="string_252" HPOS="187" VPOS="1498" WIDTH="400" HEIGHT="42" WC="0.91" CONTENT="nyhetsgranskningen."/><SP WIDTH="26" VPOS="1498" HPOS="587"/>
							<String ID="string_253" HPOS="613" VPOS="1501" WIDTH="88" HEIGHT="31" WC="0.96" CONTENT="Rent"/><SP WIDTH="24" VPOS="1501" HPOS="701"/>
							<String ID="string_254" HPOS="725" VPOS="1502" WIDTH="146" HEIGHT="31" WC="0.96" CONTENT="allmänt"/><SP WIDTH="25" VPOS="1502" HPOS="871"/>
							<String ID="string_255" HPOS="896" VPOS="1506" WIDTH="65" HEIGHT="28" WC="0.96" CONTENT="sett"/><SP WIDTH="24" VPOS="1506" HPOS="961"/>
							<String ID="string_256" HPOS="985" VPOS="1505" WIDTH="99" HEIGHT="31" WC="0.96" CONTENT="torde"/><SP WIDTH="24" VPOS="1505" HPOS="1084"/>
							<String ID="string_257" HPOS="1108" VPOS="1507" WIDTH="178" HEIGHT="39" WC="0.96" CONTENT="nämligen"/><SP WIDTH="23" VPOS="1507" HPOS="1286"/>
							<String ID="string_258" HPOS="1309" VPOS="1508" WIDTH="67" HEIGHT="30" WC="0.96" CONTENT="den"/><SP WIDTH="23" VPOS="1508" HPOS="1376"/>
							<String ID="string_259" HPOS="1399" VPOS="1509" WIDTH="199" HEIGHT="40" WC="0.96" CONTENT="föreslagna"/>
						</TextLine>
						<TextLine ID="line_25" HPOS="109" VPOS="1552" WIDTH="1489" HEIGHT="44">
							<String ID="string_260" HPOS="109" VPOS="1552" WIDTH="119" HEIGHT="39" WC="0.96" CONTENT="regeln"/><SP WIDTH="29" VPOS="1552" HPOS="228"/>
							<String ID="string_261" HPOS="257" VPOS="1554" WIDTH="107" HEIGHT="29" WC="0.93" CONTENT="verka"/><SP WIDTH="30" VPOS="1554" HPOS="364"/>
							<String ID="string_262" HPOS="394" VPOS="1554" WIDTH="239" HEIGHT="32" WC="0.92" CONTENT="återhållande"/><SP WIDTH="29" VPOS="1554" HPOS="633"/>
							<String ID="string_263" HPOS="662" VPOS="1557" WIDTH="46" HEIGHT="39" WC="0.93" CONTENT="på"/><SP WIDTH="29" VPOS="1557" HPOS="708"/>
							<String ID="string_264" HPOS="737" VPOS="1557" WIDTH="289" HEIGHT="33" WC="0.92" CONTENT="obetänksamma"/><SP WIDTH="32" VPOS="1557" HPOS="1026"/>
							<String ID="string_265" HPOS="1058" VPOS="1560" WIDTH="154" HEIGHT="32" WC="0.96" CONTENT="sökande"/><SP WIDTH="30" VPOS="1560" HPOS="1212"/>
							<String ID="string_266" HPOS="1242" VPOS="1563" WIDTH="65" HEIGHT="29" WC="0.95" CONTENT="och"/><SP WIDTH="31" VPOS="1563" HPOS="1307"/>
							<String ID="string_267" HPOS="1338" VPOS="1564" WIDTH="143" HEIGHT="30" WC="0.93" CONTENT="särskilt"/><SP WIDTH="29" VPOS="1564" HPOS="1481"/>
							<String ID="string_268" HPOS="1510" VPOS="1567" WIDTH="88" HEIGHT="27" WC="0.93" CONTENT="mot-"/>
						</TextLine>
						<TextLine ID="line_26" HPOS="109" VPOS="1606" WIDTH="1487" HEIGHT="50">
							<String ID="string_269" HPOS="109" VPOS="1606" WIDTH="108" HEIGHT="30" WC="0.96" CONTENT="verka"/><SP WIDTH="20" VPOS="1606" HPOS="217"/>
							<String ID="string_270" HPOS="237" VPOS="1609" WIDTH="50" HEIGHT="28" WC="0.96" CONTENT="att"/><SP WIDTH="19" VPOS="1609" HPOS="287"/>
							<String ID="string_271" HPOS="306" VPOS="1608" WIDTH="117" HEIGHT="39" WC="0.96" CONTENT="någon"/><SP WIDTH="20" VPOS="1608" HPOS="423"/>
							<String ID="string_272" HPOS="443" VPOS="1609" WIDTH="101" HEIGHT="30" WC="0.97" CONTENT="söker"/><SP WIDTH="19" VPOS="1609" HPOS="544"/>
							<String ID="string_273" HPOS="563" VPOS="1610" WIDTH="225" HEIGHT="41" WC="0.96" CONTENT="registrering"/><SP WIDTH="19" VPOS="1610" HPOS="788"/>
							<String ID="string_274" HPOS="807" VPOS="1612" WIDTH="55" HEIGHT="30" WC="0.96" CONTENT="för"/><SP WIDTH="21" VPOS="1612" HPOS="862"/>
							<String ID="string_275" HPOS="883" VPOS="1615" WIDTH="47" HEIGHT="28" WC="0.96" CONTENT="ett"/><SP WIDTH="22" VPOS="1615" HPOS="930"/>
							<String ID="string_276" HPOS="952" VPOS="1613" WIDTH="146" HEIGHT="31" WC="0.95" CONTENT="allmänt"/><SP WIDTH="20" VPOS="1613" HPOS="1098"/>
							<String ID="string_277" HPOS="1118" VPOS="1615" WIDTH="208" HEIGHT="41" WC="0.96" CONTENT="tillgängligt"/><SP WIDTH="19" VPOS="1615" HPOS="1326"/>
							<String ID="string_278" HPOS="1345" VPOS="1618" WIDTH="156" HEIGHT="29" WC="0.96" CONTENT="mönster"/><SP WIDTH="21" VPOS="1618" HPOS="1501"/>
							<String ID="string_279" HPOS="1522" VPOS="1628" WIDTH="74" HEIGHT="20" WC="0.96" CONTENT="som"/>
						</TextLine>
						<TextLine ID="line_27" HPOS="109" VPOS="1660" WIDTH="1487" HEIGHT="52">
							<String ID="string_280" HPOS="109" VPOS="1660" WIDTH="71" HEIGHT="29" WC="0.96" CONTENT="han"/><SP WIDTH="20" VPOS="1660" HPOS="180"/>
							<String ID="string_281" HPOS="200" VPOS="1660" WIDTH="65" HEIGHT="30" WC="0.96" CONTENT="har"/><SP WIDTH="20" VPOS="1660" HPOS="265"/>
							<String ID="string_282" HPOS="285" VPOS="1661" WIDTH="161" HEIGHT="41" WC="0.96" CONTENT="tillägnat"/><SP WIDTH="20" VPOS="1661" HPOS="446"/>
							<String ID="string_283" HPOS="466" VPOS="1662" WIDTH="52" HEIGHT="41" WC="0.96" CONTENT="sig"/><SP WIDTH="19" VPOS="1662" HPOS="518"/>
							<String ID="string_284" HPOS="537" VPOS="1665" WIDTH="85" HEIGHT="29" WC="0.91" CONTENT="t.ex."/><SP WIDTH="21" VPOS="1665" HPOS="622"/>
							<String ID="string_285" HPOS="643" VPOS="1664" WIDTH="44" HEIGHT="40" WC="0.96" CONTENT="på"/><SP WIDTH="20" VPOS="1664" HPOS="687"/>
							<String ID="string_286" HPOS="707" VPOS="1674" WIDTH="43" HEIGHT="21" WC="0.96" CONTENT="en"/><SP WIDTH="18" VPOS="1674" HPOS="750"/>
							<String ID="string_287" HPOS="768" VPOS="1666" WIDTH="128" HEIGHT="30" WC="0.96" CONTENT="mässa."/><SP WIDTH="20" VPOS="1666" HPOS="896"/>
							<String ID="string_288" HPOS="916" VPOS="1667" WIDTH="65" HEIGHT="40" WC="0.96" CONTENT="Jag"/><SP WIDTH="19" VPOS="1667" HPOS="981"/>
							<String ID="string_289" HPOS="1000" VPOS="1677" WIDTH="102" HEIGHT="21" WC="0.96" CONTENT="anser"/><SP WIDTH="19" VPOS="1677" HPOS="1102"/>
							<String ID="string_290" HPOS="1121" VPOS="1669" WIDTH="72" HEIGHT="40" WC="0.96" CONTENT="mig"/><SP WIDTH="20" VPOS="1669" HPOS="1193"/>
							<String ID="string_291" HPOS="1213" VPOS="1670" WIDTH="120" HEIGHT="30" WC="0.97" CONTENT="därför"/><SP WIDTH="19" VPOS="1670" HPOS="1333"/>
							<String ID="string_292" HPOS="1352" VPOS="1671" WIDTH="122" HEIGHT="31" WC="0.96" CONTENT="kunna"/><SP WIDTH="20" VPOS="1671" HPOS="1474"/>
							<String ID="string_293" HPOS="1494" VPOS="1673" WIDTH="102" HEIGHT="39" WC="0.96" CONTENT="godta"/>
						</TextLine>
						<TextLine ID="line_28" HPOS="110" VPOS="1715" WIDTH="1486" HEIGHT="51">
							<String ID="string_294" HPOS="110" VPOS="1715" WIDTH="251" HEIGHT="40" WC="0.96" CONTENT="utredningens"/><SP WIDTH="20" VPOS="1715" HPOS="361"/>
							<String ID="string_295" HPOS="381" VPOS="1717" WIDTH="132" HEIGHT="40" WC="0.96" CONTENT="förslag"/><SP WIDTH="19" VPOS="1717" HPOS="513"/>
							<String ID="string_296" HPOS="532" VPOS="1718" WIDTH="11" HEIGHT="29" WC="0.96" CONTENT="i"/><SP WIDTH="20" VPOS="1718" HPOS="543"/>
							<String ID="string_297" HPOS="563" VPOS="1719" WIDTH="114" HEIGHT="29" WC="0.96" CONTENT="denna"/><SP WIDTH="21" VPOS="1719" HPOS="677"/>
							<String ID="string_298" HPOS="698" VPOS="1719" WIDTH="64" HEIGHT="30" WC="0.93" CONTENT="del."/><SP WIDTH="21" VPOS="1719" HPOS="762"/>
							<String ID="string_299" HPOS="783" VPOS="1720" WIDTH="165" HEIGHT="31" WC="0.96" CONTENT="Däremot"/><SP WIDTH="21" VPOS="1720" HPOS="948"/>
							<String ID="string_300" HPOS="969" VPOS="1722" WIDTH="38" HEIGHT="29" WC="0.96" CONTENT="är"/><SP WIDTH="19" VPOS="1722" HPOS="1007"/>
							<String ID="string_301" HPOS="1026" VPOS="1722" WIDTH="60" HEIGHT="40" WC="0.96" CONTENT="jag"/><SP WIDTH="18" VPOS="1722" HPOS="1086"/>
							<String ID="string_302" HPOS="1104" VPOS="1723" WIDTH="80" HEIGHT="30" WC="0.96" CONTENT="med"/><SP WIDTH="19" VPOS="1723" HPOS="1184"/>
							<String ID="string_303" HPOS="1203" VPOS="1723" WIDTH="139" HEIGHT="38" WC="0.96" CONTENT="hänsyn"/><SP WIDTH="19" VPOS="1723" HPOS="1342"/>
							<String ID="string_304" HPOS="1361" VPOS="1725" WIDTH="52" HEIGHT="30" WC="0.96" CONTENT="till"/><SP WIDTH="21" VPOS="1725" HPOS="1413"/>
							<String ID="string_305" HPOS="1434" VPOS="1726" WIDTH="41" HEIGHT="30" WC="0.96" CONTENT="de"/><SP WIDTH="19" VPOS="1726" HPOS="1475"/>
							<String ID="string_306" HPOS="1494" VPOS="1727" WIDTH="102" HEIGHT="39" WC="0.92" CONTENT="prak-"/>
						</TextLine>
						<TextLine ID="line_29" HPOS="109" VPOS="1769" WIDTH="1488" HEIGHT="42">
							<String ID="string_307" HPOS="109" VPOS="1769" WIDTH="93" HEIGHT="30" WC="0.91" CONTENT="tiska"/><SP WIDTH="20" VPOS="1769" HPOS="202"/>
							<String ID="string_308" HPOS="222" VPOS="1769" WIDTH="507" HEIGHT="42" WC="0.91" CONTENT="tillämpningssvårigheterna"/><SP WIDTH="19" VPOS="1769" HPOS="729"/>
							<String ID="string_309" HPOS="748" VPOS="1773" WIDTH="71" HEIGHT="30" WC="0.96" CONTENT="inte"/><SP WIDTH="20" VPOS="1773" HPOS="819"/>
							<String ID="string_310" HPOS="839" VPOS="1774" WIDTH="127" HEIGHT="31" WC="0.97" CONTENT="beredd"/><SP WIDTH="22" VPOS="1774" HPOS="966"/>
							<String ID="string_311" HPOS="988" VPOS="1778" WIDTH="50" HEIGHT="28" WC="0.96" CONTENT="att"/><SP WIDTH="19" VPOS="1778" HPOS="1038"/>
							<String ID="string_312" HPOS="1057" VPOS="1776" WIDTH="139" HEIGHT="30" WC="0.96" CONTENT="biträda"/><SP WIDTH="19" VPOS="1776" HPOS="1196"/>
							<String ID="string_313" HPOS="1215" VPOS="1779" WIDTH="48" HEIGHT="28" WC="0.97" CONTENT="ett"/><SP WIDTH="20" VPOS="1779" HPOS="1263"/>
							<String ID="string_314" HPOS="1283" VPOS="1779" WIDTH="111" HEIGHT="29" WC="0.93" CONTENT="under"/><SP WIDTH="21" VPOS="1779" HPOS="1394"/>
							<String ID="string_315" HPOS="1415" VPOS="1780" WIDTH="182" HEIGHT="30" WC="0.92" CONTENT="remissbe-"/>
						</TextLine>
						<TextLine ID="line_30" HPOS="108" VPOS="1822" WIDTH="1488" HEIGHT="51">
							<String ID="string_316" HPOS="108" VPOS="1822" WIDTH="216" HEIGHT="41" WC="0.96" CONTENT="handlingen"/><SP WIDTH="26" VPOS="1822" HPOS="324"/>
							<String ID="string_317" HPOS="350" VPOS="1825" WIDTH="166" HEIGHT="30" WC="0.96" CONTENT="framfört"/><SP WIDTH="26" VPOS="1825" HPOS="516"/>
							<String ID="string_318" HPOS="542" VPOS="1826" WIDTH="132" HEIGHT="40" WC="0.96" CONTENT="förslag"/><SP WIDTH="25" VPOS="1826" HPOS="674"/>
							<String ID="string_319" HPOS="699" VPOS="1836" WIDTH="57" HEIGHT="21" WC="0.96" CONTENT="om"/><SP WIDTH="27" VPOS="1836" HPOS="756"/>
							<String ID="string_320" HPOS="783" VPOS="1830" WIDTH="49" HEIGHT="27" WC="0.96" CONTENT="alt"/><SP WIDTH="27" VPOS="1830" HPOS="832"/>
							<String ID="string_321" HPOS="859" VPOS="1829" WIDTH="86" HEIGHT="29" WC="0.93" CONTENT="även"/><SP WIDTH="25" VPOS="1829" HPOS="945"/>
							<String ID="string_322" HPOS="970" VPOS="1830" WIDTH="334" HEIGHT="40" WC="0.91" CONTENT="mönsterskaparen"/><SP WIDTH="26" VPOS="1830" HPOS="1304"/>
							<String ID="string_323" HPOS="1330" VPOS="1833" WIDTH="88" HEIGHT="29" WC="0.96" CONTENT="skall"/><SP WIDTH="26" VPOS="1833" HPOS="1418"/>
							<String ID="string_324" HPOS="1444" VPOS="1842" WIDTH="84" HEIGHT="31" WC="0.95" CONTENT="avge"/><SP WIDTH="26" VPOS="1842" HPOS="1528"/>
							<String ID="string_325" HPOS="1554" VPOS="1844" WIDTH="42" HEIGHT="20" WC="0.96" CONTENT="en"/>
						</TextLine>
						<TextLine ID="line_31" HPOS="105" VPOS="1876" WIDTH="824" HEIGHT="38">
							<String ID="string_326" HPOS="105" VPOS="1876" WIDTH="168" HEIGHT="31" WC="0.96" CONTENT="liknande"/><SP WIDTH="15" VPOS="1876" HPOS="273"/>
							<String ID="string_327" HPOS="288" VPOS="1879" WIDTH="197" HEIGHT="35" WC="0.96" CONTENT="försäkran,"/><SP WIDTH="15" VPOS="1879" HPOS="485"/>
							<String ID="string_328" HPOS="500" VPOS="1881" WIDTH="64" HEIGHT="28" WC="0.96" CONTENT="när"/><SP WIDTH="16" VPOS="1881" HPOS="564"/>
							<String ID="string_329" HPOS="580" VPOS="1890" WIDTH="117" HEIGHT="21" WC="0.96" CONTENT="annan"/><SP WIDTH="14" VPOS="1890" HPOS="697"/>
							<String ID="string_330" HPOS="711" VPOS="1883" WIDTH="38" HEIGHT="28" WC="0.96" CONTENT="är"/><SP WIDTH="16" VPOS="1883" HPOS="749"/>
							<String ID="string_331" HPOS="765" VPOS="1883" WIDTH="164" HEIGHT="30" WC="0.96" CONTENT="sökande."/>
						</TextLine>
					</TextBlock>
					<TextBlock ID="block_4" HPOS="109" VPOS="1933" WIDTH="1487" HEIGHT="483">
						<TextLine ID="line_32" HPOS="155" VPOS="1933" WIDTH="1441" HEIGHT="46">
							<String ID="string_332" HPOS="155" VPOS="1933" WIDTH="80" HEIGHT="30" WC="0.96" CONTENT="Som"/><SP WIDTH="19" VPOS="1933" HPOS="235"/>
							<String ID="string_333" HPOS="254" VPOS="1942" WIDTH="43" HEIGHT="21" WC="0.96" CONTENT="en"/><SP WIDTH="16" VPOS="1942" HPOS="297"/>
							<String ID="string_334" HPOS="313" VPOS="1934" WIDTH="111" HEIGHT="40" WC="0.96" CONTENT="viktig"/><SP WIDTH="17" VPOS="1934" HPOS="424"/>
							<String ID="string_335" HPOS="441" VPOS="1936" WIDTH="107" HEIGHT="39" WC="0.96" CONTENT="nyhet"/><SP WIDTH="18" VPOS="1936" HPOS="548"/>
							<String ID="string_336" HPOS="566" VPOS="1937" WIDTH="148" HEIGHT="30" WC="0.96" CONTENT="föreslår"/><SP WIDTH="18" VPOS="1937" HPOS="714"/>
							<String ID="string_337" HPOS="732" VPOS="1938" WIDTH="232" HEIGHT="41" WC="0.96" CONTENT="utredningen"/><SP WIDTH="17" VPOS="1938" HPOS="964"/>
							<String ID="string_338" HPOS="981" VPOS="1939" WIDTH="184" HEIGHT="40" WC="0.96" CONTENT="möjlighet"/><SP WIDTH="18" VPOS="1939" HPOS="1165"/>
							<String ID="string_339" HPOS="1183" VPOS="1941" WIDTH="52" HEIGHT="30" WC="0.96" CONTENT="till"/><SP WIDTH="19" VPOS="1941" HPOS="1235"/>
							<String ID="string_340" HPOS="1254" VPOS="1941" WIDTH="70" HEIGHT="31" WC="0.96" CONTENT="viss"/><SP WIDTH="21" VPOS="1941" HPOS="1324"/>
							<String ID="string_341" HPOS="1345" VPOS="1941" WIDTH="66" HEIGHT="31" WC="0.96" CONTENT="tids"/><SP WIDTH="30" VPOS="1941" HPOS="1411"/>
							<String ID="string_342" HPOS="1441" VPOS="1942" WIDTH="110" HEIGHT="30" WC="0.86" CONTENT="sekr"/><SP WIDTH="13" VPOS="1942" HPOS="1551"/>
							<String ID="string_343" HPOS="1564" VPOS="1952" WIDTH="32" HEIGHT="20" WC="0.86" CONTENT="e-"/>
						</TextLine>
						<TextLine ID="line_33" HPOS="109" VPOS="1988" WIDTH="1487" HEIGHT="46">
							<String ID="string_344" HPOS="109" VPOS="1988" WIDTH="101" HEIGHT="29" WC="0.96" CONTENT="tess"/><SP WIDTH="33" VPOS="1988" HPOS="210"/>
							<String ID="string_345" HPOS="243" VPOS="1988" WIDTH="11" HEIGHT="29" WC="0.93" CONTENT="i"/><SP WIDTH="21" VPOS="1988" HPOS="254"/>
							<String ID="string_346" HPOS="275" VPOS="1989" WIDTH="566" HEIGHT="42" WC="0.90" CONTENT="mönsterregistreringsärenden."/><SP WIDTH="23" VPOS="1989" HPOS="841"/>
							<String ID="string_347" HPOS="864" VPOS="1993" WIDTH="116" HEIGHT="40" WC="0.96" CONTENT="Enligt"/><SP WIDTH="21" VPOS="1993" HPOS="980"/>
							<String ID="string_348" HPOS="1001" VPOS="1994" WIDTH="167" HEIGHT="40" WC="0.96" CONTENT="förslaget"/><SP WIDTH="22" VPOS="1994" HPOS="1168"/>
							<String ID="string_349" HPOS="1190" VPOS="1995" WIDTH="89" HEIGHT="30" WC="0.96" CONTENT="skall"/><SP WIDTH="23" VPOS="1995" HPOS="1279"/>
							<String ID="string_350" HPOS="1302" VPOS="1995" WIDTH="147" HEIGHT="31" WC="0.93" CONTENT="sålunda"/><SP WIDTH="22" VPOS="1995" HPOS="1449"/>
							<String ID="string_351" HPOS="1471" VPOS="1997" WIDTH="125" HEIGHT="30" WC="0.92" CONTENT="sökan-"/>
						</TextLine>
						<TextLine ID="line_34" HPOS="109" VPOS="2042" WIDTH="1487" HEIGHT="46">
							<String ID="string_352" HPOS="109" VPOS="2042" WIDTH="67" HEIGHT="29" WC="0.96" CONTENT="den"/><SP WIDTH="20" VPOS="2042" HPOS="176"/>
							<String ID="string_353" HPOS="196" VPOS="2042" WIDTH="123" HEIGHT="30" WC="0.96" CONTENT="kunna"/><SP WIDTH="20" VPOS="2042" HPOS="319"/>
							<String ID="string_354" HPOS="339" VPOS="2043" WIDTH="126" HEIGHT="40" WC="0.96" CONTENT="begära"/><SP WIDTH="22" VPOS="2043" HPOS="465"/>
							<String ID="string_355" HPOS="487" VPOS="2045" WIDTH="150" HEIGHT="30" WC="0.96" CONTENT="anstånd"/><SP WIDTH="20" VPOS="2045" HPOS="637"/>
							<String ID="string_356" HPOS="657" VPOS="2046" WIDTH="80" HEIGHT="30" WC="0.93" CONTENT="med"/><SP WIDTH="20" VPOS="2046" HPOS="737"/>
							<String ID="string_357" HPOS="757" VPOS="2047" WIDTH="244" HEIGHT="39" WC="0.92" CONTENT="kungörandet"/><SP WIDTH="22" VPOS="2047" HPOS="1001"/>
							<String ID="string_358" HPOS="1023" VPOS="2058" WIDTH="42" HEIGHT="20" WC="0.96" CONTENT="av"/><SP WIDTH="21" VPOS="2058" HPOS="1065"/>
							<String ID="string_359" HPOS="1086" VPOS="2049" WIDTH="243" HEIGHT="39" WC="0.95" CONTENT="ansökningen"/><SP WIDTH="20" VPOS="2049" HPOS="1329"/>
							<String ID="string_360" HPOS="1349" VPOS="2050" WIDTH="112" HEIGHT="30" WC="0.96" CONTENT="under"/><SP WIDTH="21" VPOS="2050" HPOS="1461"/>
							<String ID="string_361" HPOS="1482" VPOS="2060" WIDTH="43" HEIGHT="20" WC="0.96" CONTENT="en"/><SP WIDTH="20" VPOS="2060" HPOS="1525"/>
							<String ID="string_362" HPOS="1545" VPOS="2050" WIDTH="51" HEIGHT="31" WC="0.96" CONTENT="tid"/>
						</TextLine>
						<TextLine ID="line_35" HPOS="109" VPOS="2096" WIDTH="1487" HEIGHT="47">
							<String ID="string_363" HPOS="109" VPOS="2105" WIDTH="42" HEIGHT="20" WC="0.96" CONTENT="av"/><SP WIDTH="24" VPOS="2105" HPOS="151"/>
							<String ID="string_364" HPOS="175" VPOS="2096" WIDTH="102" HEIGHT="39" WC="0.96" CONTENT="högst"/><SP WIDTH="26" VPOS="2096" HPOS="277"/>
							<String ID="string_365" HPOS="303" VPOS="2106" WIDTH="59" HEIGHT="20" WC="0.96" CONTENT="sex"/><SP WIDTH="23" VPOS="2106" HPOS="362"/>
							<String ID="string_366" HPOS="385" VPOS="2098" WIDTH="178" HEIGHT="35" WC="0.96" CONTENT="månader,"/><SP WIDTH="26" VPOS="2098" HPOS="563"/>
							<String ID="string_367" HPOS="589" VPOS="2100" WIDTH="112" HEIGHT="29" WC="0.95" CONTENT="under"/><SP WIDTH="24" VPOS="2100" HPOS="701"/>
							<String ID="string_368" HPOS="725" VPOS="2100" WIDTH="117" HEIGHT="30" WC="0.96" CONTENT="vilken"/><SP WIDTH="26" VPOS="2100" HPOS="842"/>
							<String ID="string_369" HPOS="868" VPOS="2102" WIDTH="476" HEIGHT="41" WC="0.91" CONTENT="ansökningshandlingarna"/><SP WIDTH="25" VPOS="2102" HPOS="1344"/>
							<String ID="string_370" HPOS="1369" VPOS="2104" WIDTH="89" HEIGHT="30" WC="0.96" CONTENT="skall"/><SP WIDTH="25" VPOS="2104" HPOS="1458"/>
							<String ID="string_371" HPOS="1483" VPOS="2104" WIDTH="113" HEIGHT="31" WC="0.96" CONTENT="hållas"/>
						</TextLine>
						<TextLine ID="line_36" HPOS="109" VPOS="2148" WIDTH="1487" HEIGHT="45">
							<String ID="string_372" HPOS="109" VPOS="2148" WIDTH="162" HEIGHT="42" WC="0.96" CONTENT="hemliga."/><SP WIDTH="26" VPOS="2148" HPOS="271"/>
							<String ID="string_373" HPOS="297" VPOS="2151" WIDTH="178" HEIGHT="41" WC="0.96" CONTENT="Förslaget"/><SP WIDTH="24" VPOS="2151" HPOS="475"/>
							<String ID="string_374" HPOS="499" VPOS="2152" WIDTH="64" HEIGHT="31" WC="0.92" CONTENT="har"/><SP WIDTH="23" VPOS="2152" HPOS="563"/>
							<String ID="string_375" HPOS="586" VPOS="2153" WIDTH="189" HEIGHT="40" WC="0.92" CONTENT="tillstyrkts"/><SP WIDTH="24" VPOS="2153" HPOS="775"/>
							<String ID="string_376" HPOS="799" VPOS="2155" WIDTH="83" HEIGHT="30" WC="0.77" CONTENT="eler"/><SP WIDTH="23" VPOS="2155" HPOS="882"/>
							<String ID="string_377" HPOS="905" VPOS="2156" WIDTH="152" HEIGHT="30" WC="0.96" CONTENT="lämnats"/><SP WIDTH="24" VPOS="2156" HPOS="1057"/>
							<String ID="string_378" HPOS="1081" VPOS="2158" WIDTH="87" HEIGHT="28" WC="0.96" CONTENT="utan"/><SP WIDTH="23" VPOS="2158" HPOS="1168"/>
							<String ID="string_379" HPOS="1191" VPOS="2158" WIDTH="141" HEIGHT="29" WC="0.97" CONTENT="erinran"/><SP WIDTH="23" VPOS="2158" HPOS="1332"/>
							<String ID="string_380" HPOS="1355" VPOS="2167" WIDTH="43" HEIGHT="21" WC="0.96" CONTENT="av"/><SP WIDTH="22" VPOS="2167" HPOS="1398"/>
							<String ID="string_381" HPOS="1420" VPOS="2159" WIDTH="57" HEIGHT="29" WC="0.96" CONTENT="det"/><SP WIDTH="25" VPOS="2159" HPOS="1477"/>
							<String ID="string_382" HPOS="1502" VPOS="2160" WIDTH="94" HEIGHT="29" WC="0.96" CONTENT="stora"/>
						</TextLine>
						<TextLine ID="line_37" HPOS="109" VPOS="2204" WIDTH="1487" HEIGHT="43">
							<String ID="string_383" HPOS="109" VPOS="2204" WIDTH="152" HEIGHT="30" WC="0.96" CONTENT="flertalet"/><SP WIDTH="17" VPOS="2204" HPOS="261"/>
							<String ID="string_384" HPOS="278" VPOS="2205" WIDTH="312" HEIGHT="32" WC="0.96" CONTENT="remissinstanser."/><SP WIDTH="18" VPOS="2205" HPOS="590"/>
							<String ID="string_385" HPOS="608" VPOS="2208" WIDTH="65" HEIGHT="29" WC="0.96" CONTENT="Det"/><SP WIDTH="16" VPOS="2208" HPOS="673"/>
							<String ID="string_386" HPOS="689" VPOS="2208" WIDTH="65" HEIGHT="30" WC="0.96" CONTENT="har"/><SP WIDTH="15" VPOS="2208" HPOS="754"/>
							<String ID="string_387" HPOS="769" VPOS="2209" WIDTH="121" HEIGHT="30" WC="0.96" CONTENT="därvid"/><SP WIDTH="17" VPOS="2209" HPOS="890"/>
							<String ID="string_388" HPOS="907" VPOS="2210" WIDTH="80" HEIGHT="30" WC="0.93" CONTENT="från"/><SP WIDTH="16" VPOS="2210" HPOS="987"/>
							<String ID="string_389" HPOS="1003" VPOS="2210" WIDTH="226" HEIGHT="31" WC="0.86" CONTENT="industrihåll"/><SP WIDTH="17" VPOS="2210" HPOS="1229"/>
							<String ID="string_390" HPOS="1246" VPOS="2211" WIDTH="214" HEIGHT="36" WC="0.91" CONTENT="omvittnats,"/><SP WIDTH="19" VPOS="2211" HPOS="1460"/>
							<String ID="string_391" HPOS="1479" VPOS="2214" WIDTH="49" HEIGHT="28" WC="0.93" CONTENT="att"/><SP WIDTH="17" VPOS="2214" HPOS="1528"/>
							<String ID="string_392" HPOS="1545" VPOS="2221" WIDTH="51" HEIGHT="21" WC="0.92" CONTENT="re-"/>
						</TextLine>
						<TextLine ID="line_38" HPOS="109" VPOS="2259" WIDTH="1487" HEIGHT="44">
							<String ID="string_393" HPOS="109" VPOS="2259" WIDTH="78" HEIGHT="38" WC="0.92" CONTENT="geln"/><SP WIDTH="21" VPOS="2259" HPOS="187"/>
							<String ID="string_394" HPOS="208" VPOS="2259" WIDTH="112" HEIGHT="30" WC="0.96" CONTENT="skulle"/><SP WIDTH="20" VPOS="2259" HPOS="320"/>
							<String ID="string_395" HPOS="340" VPOS="2259" WIDTH="88" HEIGHT="40" WC="0.96" CONTENT="fylla"/><SP WIDTH="19" VPOS="2259" HPOS="428"/>
							<String ID="string_396" HPOS="447" VPOS="2269" WIDTH="42" HEIGHT="21" WC="0.95" CONTENT="en"/><SP WIDTH="19" VPOS="2269" HPOS="489"/>
							<String ID="string_397" HPOS="508" VPOS="2260" WIDTH="110" HEIGHT="41" WC="0.95" CONTENT="viktig"/><SP WIDTH="20" VPOS="2260" HPOS="618"/>
							<String ID="string_398" HPOS="638" VPOS="2261" WIDTH="176" HEIGHT="31" WC="0.93" CONTENT="funktion."/><SP WIDTH="22" VPOS="2261" HPOS="814"/>
							<String ID="string_399" HPOS="836" VPOS="2262" WIDTH="461" HEIGHT="41" WC="0.91" CONTENT="Offentlighetskommittén"/><SP WIDTH="21" VPOS="2262" HPOS="1297"/>
							<String ID="string_400" HPOS="1318" VPOS="2267" WIDTH="64" HEIGHT="29" WC="0.96" CONTENT="har"/><SP WIDTH="21" VPOS="2267" HPOS="1382"/>
							<String ID="string_401" HPOS="1403" VPOS="2268" WIDTH="193" HEIGHT="30" WC="0.95" CONTENT="emellertid"/>
						</TextLine>
						<TextLine ID="line_39" HPOS="109" VPOS="2313" WIDTH="1485" HEIGHT="49">
							<String ID="string_402" HPOS="109" VPOS="2313" WIDTH="158" HEIGHT="39" WC="0.91" CONTENT="avstyrkt"/><SP WIDTH="14" VPOS="2313" HPOS="267"/>
							<String ID="string_403" HPOS="281" VPOS="2313" WIDTH="167" HEIGHT="40" WC="0.96" CONTENT="förslaget"/><SP WIDTH="15" VPOS="2313" HPOS="448"/>
							<String ID="string_404" HPOS="463" VPOS="2314" WIDTH="111" HEIGHT="31" WC="0.96" CONTENT="under"/><SP WIDTH="14" VPOS="2314" HPOS="574"/>
							<String ID="string_405" HPOS="588" VPOS="2315" WIDTH="211" HEIGHT="42" WC="0.96" CONTENT="hänvisning"/><SP WIDTH="14" VPOS="2315" HPOS="799"/>
							<String ID="string_406" HPOS="813" VPOS="2317" WIDTH="52" HEIGHT="30" WC="0.96" CONTENT="till"/><SP WIDTH="16" VPOS="2317" HPOS="865"/>
							<String ID="string_407" HPOS="881" VPOS="2318" WIDTH="41" HEIGHT="30" WC="0.96" CONTENT="de"/><SP WIDTH="14" VPOS="2318" HPOS="922"/>
							<String ID="string_408" HPOS="936" VPOS="2318" WIDTH="222" HEIGHT="40" WC="0.96" CONTENT="olägenheter"/><SP WIDTH="16" VPOS="2318" HPOS="1158"/>
							<String ID="string_409" HPOS="1174" VPOS="2328" WIDTH="74" HEIGHT="22" WC="0.96" CONTENT="som"/><SP WIDTH="15" VPOS="2328" HPOS="1248"/>
							<String ID="string_410" HPOS="1263" VPOS="2322" WIDTH="48" HEIGHT="29" WC="0.93" CONTENT="ett"/><SP WIDTH="16" VPOS="2322" HPOS="1311"/>
							<String ID="string_411" HPOS="1327" VPOS="2321" WIDTH="267" HEIGHT="41" WC="0.91" CONTENT="sekretesskydd"/>
						</TextLine>
						<TextLine ID="line_40" HPOS="109" VPOS="2368" WIDTH="1384" HEIGHT="48">
							<String ID="string_412" HPOS="109" VPOS="2368" WIDTH="70" HEIGHT="28" WC="0.96" CONTENT="kan"/><SP WIDTH="15" VPOS="2368" HPOS="179"/>
							<String ID="string_413" HPOS="194" VPOS="2368" WIDTH="160" HEIGHT="30" WC="0.96" CONTENT="medföra"/><SP WIDTH="14" VPOS="2368" HPOS="354"/>
							<String ID="string_414" HPOS="368" VPOS="2369" WIDTH="55" HEIGHT="29" WC="0.96" CONTENT="för"/><SP WIDTH="14" VPOS="2369" HPOS="423"/>
							<String ID="string_415" HPOS="437" VPOS="2369" WIDTH="119" HEIGHT="40" WC="0.96" CONTENT="övriga"/><SP WIDTH="16" VPOS="2369" HPOS="556"/>
							<String ID="string_416" HPOS="572" VPOS="2371" WIDTH="154" HEIGHT="29" WC="0.96" CONTENT="sökande"/><SP WIDTH="16" VPOS="2371" HPOS="726"/>
							<String ID="string_417" HPOS="742" VPOS="2381" WIDTH="42" HEIGHT="20" WC="0.96" CONTENT="av"/><SP WIDTH="13" VPOS="2381" HPOS="784"/>
							<String ID="string_418" HPOS="797" VPOS="2372" WIDTH="271" HEIGHT="40" WC="0.95" CONTENT="mönsterskydd"/><SP WIDTH="15" VPOS="2372" HPOS="1068"/>
							<String ID="string_419" HPOS="1083" VPOS="2374" WIDTH="66" HEIGHT="29" WC="0.96" CONTENT="och"/><SP WIDTH="14" VPOS="2374" HPOS="1149"/>
							<String ID="string_420" HPOS="1163" VPOS="2375" WIDTH="110" HEIGHT="30" WC="0.96" CONTENT="andra"/><SP WIDTH="14" VPOS="2375" HPOS="1273"/>
							<String ID="string_421" HPOS="1287" VPOS="2375" WIDTH="206" HEIGHT="41" WC="0.96" CONTENT="företagare."/>
						</TextLine>
					</TextBlock>
					<TextBlock ID="block_5" HPOS="107" VPOS="2421" WIDTH="1487" HEIGHT="158">
						<TextLine ID="line_41" HPOS="152" VPOS="2421" WIDTH="1442" HEIGHT="51">
							<String ID="string_422" HPOS="152" VPOS="2421" WIDTH="72" HEIGHT="29" WC="0.96" CONTENT="Mot"/><SP WIDTH="24" VPOS="2421" HPOS="224"/>
							<String ID="string_423" HPOS="248" VPOS="2421" WIDTH="98" HEIGHT="39" WC="0.96" CONTENT="varje"/><SP WIDTH="24" VPOS="2421" HPOS="346"/>
							<String ID="string_424" HPOS="370" VPOS="2423" WIDTH="146" HEIGHT="39" WC="0.95" CONTENT="ingrepp"/><SP WIDTH="24" VPOS="2423" HPOS="516"/>
							<String ID="string_425" HPOS="540" VPOS="2424" WIDTH="11" HEIGHT="29" WC="0.93" CONTENT="i"/><SP WIDTH="25" VPOS="2424" HPOS="551"/>
							<String ID="string_426" HPOS="576" VPOS="2425" WIDTH="234" HEIGHT="38" WC="0.92" CONTENT="grundsatsen"/><SP WIDTH="24" VPOS="2425" HPOS="810"/>
							<String ID="string_427" HPOS="834" VPOS="2434" WIDTH="57" HEIGHT="21" WC="0.96" CONTENT="om"/><SP WIDTH="25" VPOS="2434" HPOS="891"/>
							<String ID="string_428" HPOS="916" VPOS="2426" WIDTH="179" HEIGHT="31" WC="0.93" CONTENT="allmänna"/><SP WIDTH="23" VPOS="2426" HPOS="1095"/>
							<String ID="string_429" HPOS="1118" VPOS="2428" WIDTH="229" HEIGHT="41" WC="0.91" CONTENT="handlingars"/><SP WIDTH="26" VPOS="2428" HPOS="1347"/>
							<String ID="string_430" HPOS="1373" VPOS="2431" WIDTH="221" HEIGHT="41" WC="0.96" CONTENT="offentlighet"/>
						</TextLine>
						<TextLine ID="line_42" HPOS="107" VPOS="2475" WIDTH="1487" HEIGHT="49">
							<String ID="string_431" HPOS="107" VPOS="2475" WIDTH="90" HEIGHT="30" WC="0.96" CONTENT="talar"/><SP WIDTH="20" VPOS="2475" HPOS="197"/>
							<String ID="string_432" HPOS="217" VPOS="2476" WIDTH="120" HEIGHT="29" WC="0.96" CONTENT="starka"/><SP WIDTH="17" VPOS="2476" HPOS="337"/>
							<String ID="string_433" HPOS="354" VPOS="2476" WIDTH="220" HEIGHT="40" WC="0.96" CONTENT="principiella"/><SP WIDTH="19" VPOS="2476" HPOS="574"/>
							<String ID="string_434" HPOS="593" VPOS="2478" WIDTH="86" HEIGHT="30" WC="0.93" CONTENT="skäl."/><SP WIDTH="20" VPOS="2478" HPOS="679"/>
							<String ID="string_435" HPOS="699" VPOS="2479" WIDTH="541" HEIGHT="43" WC="0.91" CONTENT="Mönsterskyddsutredningens"/><SP WIDTH="19" VPOS="2479" HPOS="1240"/>
							<String ID="string_436" HPOS="1259" VPOS="2484" WIDTH="132" HEIGHT="40" WC="0.96" CONTENT="förslag"/><SP WIDTH="20" VPOS="2484" HPOS="1391"/>
							<String ID="string_437" HPOS="1411" VPOS="2487" WIDTH="50" HEIGHT="29" WC="0.96" CONTENT="att"/><SP WIDTH="18" VPOS="2487" HPOS="1461"/>
							<String ID="string_438" HPOS="1479" VPOS="2486" WIDTH="115" HEIGHT="31" WC="0.96" CONTENT="införa"/>
						</TextLine>
						<TextLine ID="line_43" HPOS="108" VPOS="2529" WIDTH="1486" HEIGHT="50">
							<String ID="string_439" HPOS="108" VPOS="2529" WIDTH="85" HEIGHT="29" WC="0.93" CONTENT="visst"/><SP WIDTH="20" VPOS="2529" HPOS="193"/>
							<String ID="string_440" HPOS="213" VPOS="2530" WIDTH="269" HEIGHT="39" WC="0.92" CONTENT="sekretesskydd"/><SP WIDTH="17" VPOS="2530" HPOS="482"/>
							<String ID="string_441" HPOS="499" VPOS="2531" WIDTH="45" HEIGHT="40" WC="0.93" CONTENT="på"/><SP WIDTH="17" VPOS="2531" HPOS="544"/>
							<String ID="string_442" HPOS="561" VPOS="2532" WIDTH="315" HEIGHT="32" WC="0.91" CONTENT="mönsterområdet"/><SP WIDTH="18" VPOS="2532" HPOS="876"/>
							<String ID="string_443" HPOS="894" VPOS="2534" WIDTH="145" HEIGHT="31" WC="0.96" CONTENT="innebär"/><SP WIDTH="18" VPOS="2534" HPOS="1039"/>
							<String ID="string_444" HPOS="1057" VPOS="2535" WIDTH="192" HEIGHT="32" WC="0.96" CONTENT="emellertid"/><SP WIDTH="17" VPOS="2535" HPOS="1249"/>
							<String ID="string_445" HPOS="1266" VPOS="2537" WIDTH="73" HEIGHT="31" WC="0.96" CONTENT="inte"/><SP WIDTH="17" VPOS="2537" HPOS="1339"/>
							<String ID="string_446" HPOS="1356" VPOS="2539" WIDTH="114" HEIGHT="40" WC="0.96" CONTENT="någon"/><SP WIDTH="18" VPOS="2539" HPOS="1470"/>
							<String ID="string_447" HPOS="1488" VPOS="2540" WIDTH="106" HEIGHT="39" WC="0.96" CONTENT="nyhet"/>
						</TextLine>
					</TextBlock>
				</ComposedBlock>
			</PrintSpace>
		</Page>
	</Layout>
</alto>
