1871 2827
431 164 124 30 Första
574 164 245 40 lagutskottets
837 164 179 30 utlåtande
1035 174 42 20 nr
1095 165 42 29 44
1154 165 40 29 år
1214 163 82 31 1970
1567 163 38 29 31

121 244 95 41 piskt
234 247 66 28 sett
319 246 100 39 sägas
436 246 91 40 ligga
543 247 129 30 mellan
690 247 57 30 det
764 247 139 40 vanliga
919 246 306 41 mönsterskyddet
1244 246 65 30 och
1327 244 281 43 patentskyddet.

168 299 238 41 Utredningen
426 299 64 31 har
511 300 72 31 inte
603 300 119 31 funnit
744 300 76 31 skäl
842 302 50 29 att
912 301 143 30 förorda
1076 302 47 29 ett
1144 298 465 40 Gebrauchsmuster-skydd

124 354 63 30 här
205 354 11 29 i
234 354 127 30 landet.
381 354 43 31 Så
442 356 72 38 gott
533 364 74 21 som
627 355 160 41 samtliga
805 355 302 30 remissinstanser
1125 354 96 31 delar
1239 355 114 30 denna
1371 353 238 41 uppfattning.

124 408 65 31 Vid
204 409 41 30 de
261 409 166 30 nordiska
442 409 595 40 departementsöverläggningarna
1051 409 64 30 har
1130 409 105 30 också
1250 408 139 40 enighet
1403 408 70 30 rått
1488 417 57 20 om
1560 409 50 29 att

124 472 43 20 en
185 463 109 30 sådan
312 463 226 40 skyddsform
555 464 70 29 f.n.
643 464 72 30 inte
731 464 62 30 bör
809 464 145 30 införas.
972 463 49 31 De
1040 464 75 30 skäl
1134 472 75 22 som
1226 463 64 30 har
1308 462 136 31 anförts
1461 462 53 30 till
1533 462 77 30 stöd

123 518 56 30 för
201 518 114 30 denna
339 518 218 40 ståndpunkt
580 518 117 30 finner
718 518 60 40 jag
800 519 242 39 övertygande.
1065 518 64 40 Jag
1151 518 145 30 beaktar
1320 516 152 35 särskilt,
1497 518 49 29 att
1569 517 41 30 de

124 572 163 30 ändamål
315 581 74 21 som
416 574 48 28 ett
489 572 452 40 Gebrauchsmusterskydd
968 572 112 31 skulle
1106 572 100 40 tjäna
1231 572 12 29 i
1268 572 71 30 viss
1365 571 245 39 utsträckning

124 627 159 29 kommer
311 629 50 28 att
388 627 202 40 tillgodoses
618 635 124 32 genom
770 627 57 30 det
856 627 111 40 skydd
997 636 73 21 som
1098 627 159 30 kommer
1286 628 49 28 att
1363 625 144 31 beredas
1536 625 73 30 s.k.

125 682 265 39 nyttomönster,
405 681 49 31 låt
469 691 83 21 vara
568 683 49 29 att
633 681 148 40 skyddet
795 681 64 30 här
875 681 187 40 begränsas
1078 681 51 30 till
1146 680 67 30 den
1229 680 102 41 givna
1346 679 264 40 utformningen

124 735 65 30 och
206 736 71 30 inte
296 736 55 29 får
369 736 168 30 karaktär
554 746 43 20 av
613 738 49 28 ett
678 736 182 40 idéskydd.

167 791 58 29 Att
252 791 131 29 tanken
408 792 45 38 på
479 793 48 28 ett
553 791 451 37 Gebrauchsmusterskydd
1032 790 135 31 avvisas
1194 790 11 29 i
1233 790 94 30 detta
1356 789 255 40 sammanhang

123 845 145 30 hindrar
290 845 144 39 givetvis
455 845 72 30 inte
548 848 50 27 att
620 845 125 40 frågan
766 846 70 29 kan
857 848 54 27 tas
934 854 71 30 upp
1027 845 45 39 på
1093 847 77 36 nytt
1193 845 106 29 sedan
1322 845 41 29 de
1385 854 69 29 nya
1475 846 135 37 patent-

122 898 65 29 och
208 898 436 40 mönsterskyddslagarna
665 898 65 30 har
749 898 91 30 varit
862 897 158 41 gällande
1042 898 114 39 någon
1178 897 50 30 tid
1251 897 64 30 och
1336 897 146 30 behovet
1505 907 42 20 av
1567 906 43 20 en

123 952 151 31 särskild
292 952 225 41 skyddsform
536 962 42 21 av
595 953 113 30 denna
726 955 60 38 typ
804 953 70 30 kan
891 952 165 31 bedömas
1073 952 12 29 i
1101 952 183 40 belysning
1303 961 42 21 av
1362 951 44 31 då
1422 961 120 21 vunna
1560 961 50 20 er-

121 1007 200 30 farenheter
336 1017 42 20 av
392 1008 41 29 de
447 1017 68 29 nya
530 1008 162 38 lagarnas
706 1008 233 40 tillämpning.

169 1061 117 29 Under
304 1060 384 40 remissbehandlingen
708 1060 64 30 har
791 1060 209 30 framställts
1020 1060 181 30 önskemål
1221 1069 56 20 om
1308 1068 54 21 en
1390 1058 220 31 särskild

126 1115 308 39 skyddsform
460 1115 74 29 för
591 1114 171 31 enklare
788 1114 363 40 uppfinningar.
1179 1114 80 30 Som
1284 1114 59 40 jag
1368 1113 166 31 framhöll
1561 1123 51 20 re-

126 1171 69 28 dan
209 1170 58 29 vid
282 1170 169 29 remissen
466 1170 53 30 till
534 1170 156 39 lagrådet
706 1179 42 20 av
762 1170 166 39 förslaget
944 1169 52 30 till
1012 1169 178 40 patentlag
1211 1169 114 39 (prop.
1344 1168 144 30 1966:40
1506 1178 25 20 s.
1548 1168 58 34 52)

123 1225 98 29 torde
234 1224 57 29 det
307 1224 192 30 emellertid
514 1224 72 30 inte
599 1224 168 39 föreligga
780 1224 104 40 något
898 1225 109 29 större
1021 1224 176 39 praktiskt
1210 1224 111 30 behov
1334 1234 42 20 av
1389 1224 132 30 sådana
1538 1232 73 31 spe-

126 1278 188 39 cialregler.
329 1278 65 40 Jag
409 1279 37 28 är
461 1278 121 30 därför
595 1278 72 30 inte
681 1278 127 30 beredd
824 1279 49 28 att
889 1287 47 20 nu
951 1278 99 39 lägga
1065 1277 91 31 fram
1173 1278 104 39 något
1292 1278 132 39 förslag
1438 1278 45 39 på
1498 1278 112 30 denna

126 1332 123 39 punkt.

539 1473 46 29 De
603 1473 159 29 allmänna
781 1473 411 38 skyddsförutsättningarna

168 1548 12 29 I
199 1548 111 29 likhet
328 1548 79 29 med
426 1547 232 40 utredningen
677 1557 102 20 anser
798 1548 59 39 jag
876 1549 60 33 att,
963 1548 3 28 i
985 1547 348 30 överensstämmelse
1352 1548 80 29 med
1452 1547 159 39 gällande

123 1602 79 34 rätt,
220 1601 382 40 upphovsmannaskap
619 1601 53 30 till
689 1602 171 29 mönstret
876 1601 62 30 bör
955 1601 90 39 gälla
1063 1610 74 20 som
1155 1600 254 40 förutsättning
1425 1601 55 30 för
1499 1600 113 40 skydd

123 1656 107 39 enligt
252 1656 403 39 mönsterskyddslagen.
680 1655 75 30 Den
780 1654 289 41 skyddssökande
1092 1655 111 30 måste
1229 1654 91 40 själv
1342 1654 47 30 ha
1412 1655 199 30 åstadkom-

123 1710 64 29 mit
211 1711 171 29 mönstret
409 1718 124 31 genom
558 1710 115 39 någon
698 1709 92 30 form
817 1719 42 20 av
884 1709 178 39 skapande
1089 1709 115 30 arbete
1231 1709 83 30 eller
1340 1709 107 30 också
1470 1709 47 29 ha
1543 1708 68 31 för-

122 1765 120 28 värvat
266 1764 351 39 mönsterskaparens
641 1764 69 29 rätt
734 1763 52 30 till
810 1764 182 33 mönstret,
1018 1763 72 30 dvs.
1115 1772 83 20 vara
1223 1763 130 29 dennes
1377 1762 235 30 rättsinneha-

123 1826 91 21 vare.
237 1818 12 28 I
272 1817 61 29 allt
353 1817 187 40 väsentligt
560 1817 71 29 kan
651 1817 61 40 jag
732 1817 106 30 också
859 1817 140 30 ansluta
1020 1817 72 39 mig
1113 1816 52 30 till
1186 1817 252 39 utredningens
1460 1816 151 30 uttalan-

124 1871 67 30 den
212 1880 57 20 om
290 1872 69 29 vad
381 1872 95 29 detta
498 1871 86 30 krav
607 1871 89 30 skall
719 1870 178 30 innebära.
921 1871 13 29 I
958 1871 110 29 likhet
1090 1870 80 30 med
1193 1870 94 30 vissa
1309 1870 302 30 remissinstanser

124 1934 102 21 anser
247 1925 59 39 jag
328 1925 89 29 dock
439 1926 50 28 att
510 1925 132 29 kraven
663 1925 45 39 på
730 1924 178 39 skapande
930 1924 111 30 insats
1063 1924 72 30 inte
1156 1924 62 30 bör
1242 1924 119 30 ställas
1385 1924 39 30 så
1444 1924 93 39 högt,
1561 1926 51 28 att

123 1988 82 21 man
226 1979 71 29 helt
317 1979 170 29 utesluter
507 1979 229 39 möjligheten
758 1980 49 28 att
827 1978 128 30 bereda
976 1978 111 39 skydd
1108 1978 55 30 för
1185 1979 156 29 mönster
1362 1987 75 21 som
1458 1978 65 29 har
1544 1977 67 30 till-

124 2033 149 29 kommit
293 2042 96 20 mera
410 2042 42 20 av
473 2042 42 20 en
538 2032 115 40 slump
675 2033 44 29 än
741 2041 74 21 som
837 2033 182 28 resultatet
1041 2041 41 21 av
1104 2041 42 20 en
1167 2031 12 30 i
1200 2032 149 39 egentlig
1370 2032 142 39 mening
1535 2031 77 30 ska-

124 2086 113 39 pande
257 2086 239 30 arbetsinsats.
517 2086 64 30 Det
602 2086 70 30 kan
691 2086 12 29 i
723 2087 58 29 det
800 2086 160 30 enskilda
979 2086 98 29 fallet
1096 2095 83 20 vara
1200 2086 87 29 nära
1306 2093 67 32 nog
1393 2085 148 39 ogörligt
1562 2087 50 27 att

124 2140 79 30 med
223 2140 219 30 bestämdhet
462 2140 136 39 avgöra,
618 2139 68 30 hur
705 2140 171 29 mönstret
894 2139 65 30 har
978 2139 214 30 tillkommit.
1213 2138 131 31 Genom
1365 2140 49 28 att
1435 2138 70 30 fast
1527 2147 85 31 upp-

124 2195 165 29 rätthålla
310 2194 140 39 nyhets-
470 2194 66 29 och
558 2193 304 30 skillnadskraven
884 2194 98 29 torde
1003 2202 83 20 man
1107 2193 11 29 i
1140 2192 188 40 praktiken
1349 2193 123 29 kunna
1493 2192 119 39 uppnå

124 2249 106 29 också
248 2249 66 29 den
333 2248 234 39 begränsning
585 2257 42 20 av
644 2247 401 39 tillämpningsområdet
1065 2256 74 20 som
1159 2247 38 29 är
1215 2246 177 30 önskvärd
1411 2246 81 30 från
1511 2247 101 29 dessa

125 2303 227 39 synpunkter.

124 2436 377 40 Registreringskravet

170 2516 256 40 Utredningens
450 2516 131 39 förslag
606 2518 49 27 att
679 2515 272 30 mönsterrätten
973 2514 128 30 liksom
1126 2513 125 30 hittills
1277 2514 89 29 skall
1390 2514 154 39 grundas
1569 2514 44 39 på
