1866 2790
252 136 19 29 2
595 134 328 30 Utrikesutskottets
945 135 178 30 utlåtande
1143 144 43 20 nr
1206 136 19 29 3
1245 136 39 29 år
1307 136 83 29 1966

300 213 12 29 I
329 214 109 29 likhet
456 214 78 29 med
551 215 65 29 vad
636 223 74 20 som
728 214 87 29 varit
834 215 97 29 fallet
950 214 56 30 för
1023 215 180 29 Danmark
1222 215 63 28 och
1305 215 117 30 Island
1441 215 146 30 föreslås
1608 218 48 27 att
1677 216 59 39 gil-

254 266 226 39 tighetstiden
505 266 189 30 fastställes
719 267 51 29 till
796 267 70 29 fem
891 267 49 29 år.
966 267 125 30 Vidare
1118 267 147 31 föreslås
1291 268 72 29 dels
1391 270 49 27 att
1467 269 268 38 godkännandet

255 319 206 40 förknippas
482 320 77 29 med
580 320 403 38 ömsesidighetsvillkor,
1003 321 74 29 dels
1098 321 66 29 ock
1185 322 49 28 att
1257 320 94 30 detta
1372 321 89 29 skall
1484 331 79 21 avse
1586 322 150 30 domsto-

254 372 74 30 lens
351 372 203 39 behörighet
577 372 106 39 enligt
708 372 92 31 såväl
825 373 258 30 konventionen
1109 383 76 20 som
1207 374 79 29 dess
1311 374 312 40 tilläggsprotokoll
1649 385 41 19 nr
1718 377 12 28 1

255 426 64 29 och
339 426 29 29 4.

299 532 185 36 Utskottet,
506 542 73 20 som
599 532 74 30 icke
695 532 116 30 funnit
833 533 188 39 anledning
1040 533 52 30 till
1114 533 139 30 erinran
1275 536 71 27 mot
1368 535 66 29 vad
1457 544 74 20 som
1554 535 181 30 framförts

254 585 10 29 i
286 586 270 39 propositionen,
580 586 211 34 hemställer,

618 640 49 28 att
693 639 185 39 riksdagen
904 640 107 29 måtte
1036 640 78 29 med
1141 640 97 30 bifall
1265 640 52 29 till
1344 641 125 39 Kungl.
1497 642 122 39 Maj:ts
1648 642 87 29 före-

572 692 151 29 varande
748 692 217 39 proposition
990 692 159 40 medgiva
1175 695 49 27 att
1251 693 136 39 Sverige
1414 701 103 32 avger
1543 694 193 39 förklaring

573 746 78 29 med
670 746 55 29 det
744 745 164 35 innehåll,
928 755 74 20 som
1022 746 146 39 angivits
1188 747 9 28 i
1216 747 272 39 propositionen.

300 816 199 30 Stockholm
518 816 64 29 den
604 817 36 29 15
660 816 86 37 april
770 816 77 30 1966

710 904 48 30 På
780 905 323 30 utrikesutskottets
1128 906 145 38 vägnar:

762 993 163 30 BIRGER
951 993 270 31 LUNDSTRÖM

868 1251 242 29 Närvarande:

297 1312 79 29 från
425 1314 138 28 första
594 1313 221 29 kammaren:
837 1313 122 29 herrar
980 1313 224 34 Lundström,
1227 1314 92 28 John
1341 1314 173 34 Ericsson,
1538 1314 196 40 Holmberg,

255 1357 118 29 Möller
396 1357 65 29 och
483 1357 112 34 Palm;

297 1419 79 29 från
413 1420 154 28 andra
602 1419 220 29 kammaren:
850 1420 57 29 fru
934 1420 359 38 Renström-Ingenäs,
1320 1421 122 29 herrar
1468 1421 150 40 Alemyr,
1646 1422 89 29 Hed-

253 1463 95 34 lund,
365 1463 170 34 Bohman,
551 1463 144 34 Wedén,
713 1463 182 41 Mellqvist,
914 1464 119 29 Allard
1051 1465 64 28 och
1132 1464 188 30 Gustafson
1340 1465 9 28 i
1368 1465 179 39 Göteborg.
