2207 2660
440 114 119 32 Andra
581 115 201 33 kommarens
804 119 118 37 fjärde
946 117 160 44 tillfälliga
1130 119 133 33 utskotts
1286 120 162 33 utlåtande
1470 122 53 31 Nr
1546 124 29 31 9.
1725 125 39 32 31

211 193 122 37 denne
360 193 156 50 upplyst
556 195 11 36 i
609 209 46 23 en
696 196 73 37 den
811 199 21 34 9
857 197 152 49 januari
1040 200 96 36 1909
1166 199 109 37 ställd
1304 200 182 39 skrivelse
1513 203 228 49 visserligen
1769 207 41 34 år

212 246 98 35 1905
350 260 47 22 av
439 247 537 40 fortifikationsbefälhavaren
1021 252 235 49 upphandlat
1300 253 69 37 ved
1400 253 59 37 för
1486 254 323 40 detachementets

208 297 125 38 behov
360 311 88 24 men
478 305 123 32 ansett
629 301 64 37 det
734 304 40 34 år
818 304 96 35 1907
949 303 169 49 begärda
1144 305 118 49 priset
1289 319 90 23 vara
1407 307 61 36 väl
1495 308 97 48 högt
1619 308 13 36 i
1659 308 149 38 betrak-

208 351 114 37 tande
352 364 46 23 av
426 357 55 31 att
510 352 71 37 den
609 353 46 37 då
683 354 186 49 utbjudna
908 356 122 37 veden
1071 357 119 37 skulle
1216 358 188 37 levereras
1433 359 63 37 vid
1525 360 71 37 den
1624 363 49 47 på
1700 362 109 49 långt

208 404 161 36 avstånd
416 404 83 37 från
544 405 571 41 kustartillerietablissementet
1155 410 13 36 i
1196 410 197 38 Fårösund
1420 412 181 49 liggande
1629 413 178 49 bryggan

207 454 65 37 vid
301 455 118 36 andra
446 456 188 37 batteriet.

337 507 556 41 Fortifikationsbefälhavaren
935 513 107 36 sökte
1084 518 96 32 även
1220 527 139 36 genom
1400 516 212 49 personligt
1639 517 168 37 hänvän-

209 559 122 37 dande
355 560 57 36 till
440 560 95 49 dem,
565 575 81 22 som
674 562 126 38 kunde
841 569 159 43 antagas
1032 566 91 48 vilja
1150 566 100 49 köpa
1279 567 335 50 avverkningsrätt
1641 569 58 37 till
1728 583 78 24 om-

207 611 153 48 rådena,
389 612 220 37 införskaffa
638 615 195 49 antagliga
861 616 137 37 anbud.
1055 618 114 36 Detta
1204 618 278 38 hänvändande
1510 621 196 37 medförde
1733 622 71 36 lik-

207 663 61 36 väl
296 664 32 48 ej
359 664 117 37 heller
520 666 138 36 önskat
702 668 168 47 resultat,
918 669 180 37 ehuruväl
1139 670 242 38 handlanden
1408 671 47 36 K.
1484 672 39 36 F.
1556 672 250 51 Smitterberg

207 715 115 49 köpte
351 716 378 50 avverkningsrätten
759 720 55 36 till
843 726 54 30 ett
924 734 69 36 par
1019 722 145 37 mindre
1192 722 242 50 skogslotter.

336 768 219 37 Emellertid
584 770 96 37 hade
708 771 321 49 röjningsarbetet
1057 777 41 34 så
1126 775 238 49 småningom
1406 776 146 37 kunnat
1579 777 127 50 börjas
1735 779 70 36 och

207 820 180 49 slutligen
414 822 149 47 utförts,
594 822 130 37 därvid
753 824 72 36 den
866 825 239 50 upphuggna
1134 828 132 47 veden,
1296 841 79 23 som
1405 828 82 37 icke
1514 843 68 22 var
1611 843 46 23 av
1685 831 120 48 prima

207 872 270 49 beskaffenhet,
521 874 181 50 upplagts
746 877 157 37 ovanför
944 877 176 51 bryggan
1162 880 63 36 vid
1263 880 117 36 andra
1407 880 187 38 batteriet.
1651 882 72 38 Vid
1752 889 54 32 ett

206 924 129 49 besök,
365 939 80 23 som
474 927 171 48 majoren
675 930 42 34 A.
747 928 41 36 L.
819 929 144 38 Törner
991 931 212 38 sedermera
1231 932 135 49 gjorde
1394 935 20 34 å
1442 934 161 48 platsen,
1623 934 181 50 lyckades

205 977 538 40 fortifikationsbefälhavaren
772 986 55 31 att
855 983 85 35 med
981 983 121 37 denne
1135 989 172 44 uppgöra
1336 998 60 23 om
1424 985 75 50 köp
1528 1000 46 22 av
1602 987 84 36 hela
1714 988 90 36 ved-

204 1030 138 48 partiet
369 1030 57 36 till
455 1036 53 31 ett
535 1032 80 49 pris
644 1046 46 22 av
720 1035 21 34 8
771 1033 138 37 kronor
935 1048 68 36 per
1031 1036 115 48 famn,
1192 1036 116 37 vilket
1336 1037 91 49 pris,
1457 1038 84 36 med
1570 1039 148 50 hänsyn
1747 1039 57 37 till

204 1082 104 36 såväl
335 1083 145 36 vedens
509 1083 260 39 beskaffenhet
797 1099 78 23 som
907 1087 255 38 kostnaderna
1191 1088 59 37 för
1278 1089 84 36 dess
1404 1095 191 44 transport
1623 1092 96 36 först
1746 1092 58 37 till

203 1133 65 37 båt
312 1134 64 37 vid
423 1135 72 37 den
536 1137 153 48 mycket
729 1138 114 48 långa
884 1139 176 49 bryggan
1095 1141 71 36 och
1195 1141 116 36 sedan
1340 1141 175 48 därifrån,
1544 1145 121 35 måste
1693 1157 110 24 anses

204 1185 86 37 fullt
317 1187 205 49 nöjaktigt.
577 1188 216 50 Angeläget
820 1204 69 23 var
911 1191 44 49 ju
984 1196 95 33 även
1108 1198 54 32 att
1196 1193 37 36 få
1257 1193 85 37 bort
1374 1193 45 37 de
1438 1194 248 50 skymmande
1714 1198 89 35 ved-

202 1242 177 33 travarna
408 1240 83 36 från
521 1240 194 38 batteriets
744 1242 182 49 skjutfält.

332 1290 82 37 Den
443 1292 84 47 ved,
557 1306 80 23 som
666 1293 551 40 detachementsbefälhavaren
1245 1298 118 36 under
1390 1300 41 34 år
1467 1300 95 35 1907
1592 1299 135 50 inköpt
1757 1314 46 23 av

204 1341 252 51 Smitterberg
485 1344 59 36 för
572 1349 55 32 ett
655 1346 79 49 pris
763 1360 47 23 av
841 1349 44 35 11
915 1348 139 37 kronor
1081 1362 68 36 per
1177 1349 115 48 famn,
1314 1363 78 33 var,
1414 1351 121 49 enligt
1549 1351 73 37 vad
1637 1353 166 36 nämnda

202 1394 241 38 befälhavare
471 1396 12 36 i
511 1396 60 37 sin
612 1397 217 38 förberörda
870 1400 181 37 skrivelse
1093 1401 56 36 till
1192 1402 408 50 marinförvaltningen
1634 1405 167 48 upplyst,

202 1446 159 50 huggen
388 1451 49 46 på
467 1447 250 51 Smitterberg
744 1450 171 50 tillhörig
943 1453 121 44 mark;
1108 1453 70 36 och
1206 1454 107 36 torde
1340 1454 141 37 vedens
1509 1455 77 50 pris
1614 1456 97 36 hava
1738 1457 64 37 be-

202 1499 146 48 tingats
377 1500 78 37 dels
484 1514 46 23 av
559 1501 85 37 dess
671 1502 271 49 beskaffenhet,
985 1505 78 37 dels
1100 1505 114 37 därav
1257 1511 54 31 att
1351 1506 218 38 densamma
1597 1509 204 37 levererats

201 1551 65 37 vid
295 1552 121 49 själva
443 1553 471 39 kasernetablissementet.
969 1557 69 37 Att
1065 1558 148 37 kronan
1249 1558 63 37 vid
1340 1558 116 51 inköp
1485 1560 119 37 under
1632 1563 39 34 år
1702 1562 97 36 1908

203 1616 47 23 av
276 1605 73 35 ved
378 1605 72 36 fått
490 1605 137 37 liksom
668 1607 173 36 enskilda
881 1608 211 38 vidkännas
1134 1614 176 33 avsevärt
1350 1610 119 49 högre
1501 1612 77 49 pris
1606 1617 48 31 än
1681 1613 120 37 under

201 1655 231 49 föregående
462 1660 50 45 år,
541 1658 98 37 lärer
665 1673 90 22 vara
790 1659 80 37 helt
910 1662 184 48 naturligt
1122 1662 84 37 med
1235 1662 149 49 hänsyn
1411 1663 58 37 till
1497 1664 123 36 denna
1647 1665 152 37 artikels

202 1709 219 37 nuvarande
448 1710 180 49 prisläge,
672 1711 153 37 särskilt
867 1712 92 38 efter
1000 1713 239 50 Riksdagens
1273 1715 72 37 den
1375 1717 20 34 9
1425 1716 73 49 maj
1532 1718 96 35 1908
1658 1717 141 37 fattade

201 1759 124 37 beslut
354 1762 194 47 angående
577 1763 294 48 skogsvårdslag
898 1765 58 36 för
985 1765 193 38 Gottland.

333 1812 285 39 Statsutskottet
658 1815 65 36 vid
767 1817 96 36 1909
906 1819 59 35 års
1006 1818 157 50 riksdag
1198 1818 154 38 anförde
1392 1819 64 36 vid
1489 1820 122 36 denna
1638 1821 162 49 punkt
1772 1808 30 66 i

202 1865 350 38 statsrevisorernag
580 1866 215 38 berättelse:

332 1917 194 37 Utskottet
571 1919 69 35 har
684 1920 126 36 funnit
852 1921 368 50 anmärkningsvärt,
1263 1928 65 41 att,
1363 1926 123 34 såsom
1513 1924 12 36 i
1553 1925 246 37 förevarande

201 1967 65 38 fall
313 1973 66 45 ägt
423 1984 96 33 rum,
566 1984 46 23 en
658 1972 139 36 militär
841 1973 223 49 myndighet
1105 1974 56 37 till
1189 1974 172 38 enskilda
1388 1989 191 35 personer,
1610 1977 114 37 därav
1752 1991 47 23 en

201 2020 129 38 officer
375 2022 12 36 i
433 2022 129 49 tjänst,
609 2023 133 37 försålt
788 2037 45 23 en
878 2038 103 35 vara,
1010 2026 128 37 vilken
1168 2040 46 23 en
1243 2041 125 22 annan
1395 2028 138 36 militär
1560 2029 237 50 myndighet,

201 2072 226 38 tillhörande
456 2087 143 24 samma
627 2076 278 49 truppförband
934 2090 80 23 som
1043 2079 249 36 omförmälda
1332 2080 139 47 officer,
1507 2081 120 37 under
1656 2095 142 23 samma

201 2127 42 34 år
271 2126 83 36 från
384 2126 145 36 enskild
557 2140 138 35 person
724 2128 59 36 för
811 2128 62 37 det
903 2129 206 38 allmännas
1137 2131 167 49 räkning
1331 2131 236 50 upphandlat
1594 2134 57 36 till
1678 2134 118 48 högre

199 2178 91 49 pris,
321 2182 48 32 än
398 2178 71 37 den
498 2178 261 38 förstnämnda
800 2181 272 49 myndigheten
1105 2183 162 46 erhållit;
1310 2183 133 37 varvid
1484 2185 313 49 upphandlingen

201 2230 207 49 försiggått
449 2230 79 36 dels
570 2233 21 33 å
632 2244 145 24 samma
812 2233 112 49 plats,
953 2233 68 37 där
1049 2234 275 52 försäljningen
1352 2241 66 43 ägt
1445 2249 95 37 rum,
1570 2238 70 37 och
1668 2238 79 36 dels
1777 2240 20 34 å
