2236 2610
410 200 19 28 2
954 198 228 28 Statsutskottets
1203 196 150 29 utlåtande
1375 195 47 28 Nr
1445 195 51 31 16.

228 270 171 59 Nybyggnad
515 277 17 35 I
563 275 192 37 skrifvelse
783 275 71 35 den
882 276 23 33 4
932 274 201 35 november
1162 274 94 34 1909
1286 273 69 35 har
1380 272 176 35 kanslern
1583 270 59 37 för
1667 271 114 36 rikets
1809 270 217 36 universitet

208 309 48 32 för
269 308 143 25 botaniska
842 332 6 6 i
923 325 6 7 5
1066 323 39 11 -
1398 323 6 7 5
1624 322 6 7 Ö
1842 321 7 7 5
2016 321 7 6 5

221 341 241 33 institutionen
430 316 43 62 På
497 326 121 47 grund
645 325 41 36 af
708 325 320 45 framställningar
1055 325 81 34 från
1164 323 46 36 de
1237 323 240 36 akademiska
1504 322 311 45 myndigheterna
1840 334 12 22 i
1880 320 108 36 Lund
2013 334 12 21 i

255 376 12 25 i
282 375 91 26 Lund.
417 377 300 45 underdånighet
757 375 157 37 anhållit
954 388 61 23 om
1041 374 211 36 beredande
1279 374 41 35 af
1344 374 132 44 anslag
1501 373 60 35 till
1587 373 226 45 uppförande
1841 372 40 45 af
1910 384 41 23 en
1977 384 48 32 ny

413 429 160 46 byggnad
598 428 62 46 för
687 428 66 35 den
780 426 184 37 botaniska
990 426 242 35 institutionen
1258 425 61 36 vid
1345 424 239 36 universitetet
1609 425 16 33 i
1652 423 108 36 Lund
1786 435 47 22 m.
1861 435 47 22 m.

514 478 56 36 Då
599 478 67 45 jag
700 490 53 23 nu
788 477 66 46 går
889 481 56 31 att
978 475 99 36 inför
1111 475 115 36 Eders
1261 475 136 45 Kungl.
1433 473 102 46 Maj:t
1571 474 150 35 anmäla
1752 473 102 35 detta
1880 472 147 44 ärende,

412 529 108 36 torde
554 530 67 45 jag
655 529 60 35 till
746 540 44 23 en
817 527 133 45 början
977 526 38 36 få
1040 527 126 35 lämna
1193 539 45 22 en
1265 525 235 46 redogörelse
1527 523 58 36 för
1612 523 72 36 den
1711 523 278 45 framställning
2015 522 12 35 i

413 585 134 38 ämnet,
583 592 80 23 som
700 578 121 36 bildar
854 577 170 36 ärendets
1058 576 292 46 utgångspunkt.
1403 575 132 36 Denna
1571 573 277 46 framställning
1879 573 149 45 gjordes

413 631 42 36 af
477 629 280 37 föreståndarne
783 628 59 36 för
868 628 73 36 den
968 628 197 35 botaniska
1190 627 279 35 institutionens
1496 625 244 45 fysiologiska
1766 624 70 36 och
1855 629 174 39 systema-

413 682 98 35 tiska
545 680 245 46 afdelningar,
826 678 277 47 professorerna
1138 678 40 35 B.
1214 677 162 36 Jönsson
1408 677 67 35 och
1503 675 32 37 S.
1563 675 178 36 Murbeck
1766 676 13 34 i
1806 688 45 23 en
1880 674 72 36 den
1981 675 45 34 28

414 731 207 47 september
663 732 95 34 1909
799 730 60 35 till
899 729 62 36 det
1001 734 116 31 större
1157 728 242 36 akademiska
1435 727 239 35 konsistoriet
1708 726 13 35 i
1757 725 109 36 Lund
1893 724 135 36 aflåten

412 782 192 37 skrifvelse
632 780 41 37 af
695 780 165 46 följande
886 779 176 37 innehåll.

519 832 97 36 >När
650 832 14 35 i
699 831 132 46 början
867 830 42 36 af
943 830 202 36 1860-talet
1181 829 71 36 den
1283 828 200 36 botaniska
1508 826 227 46 trädgården
1762 825 164 45 anlades,
1952 824 81 37 blef

412 885 14 35 i
454 884 121 35 denna
602 881 109 37 äfven
739 895 45 22 en
810 880 409 46 institutionsbyggnad
1245 878 174 47 uppförd,
1446 878 170 36 hvilkens
1643 877 114 36 nedre
1784 876 139 44 våning
1940 889 90 32 upp-

413 935 72 35 läts
511 935 58 34 till
595 933 136 36 bostad
758 932 38 36 åt
822 930 556 46 akademiträdgårdsmästaren
1407 929 67 36 och
1501 929 123 35 tillika
1645 928 169 35 innehöll
1832 932 53 31 ett
1903 925 128 46 trångt

415 985 238 42 auditorium,
685 983 134 36 medan
847 983 73 35 den
947 981 78 37 öfre
1051 1000 48 5 —
1126 980 166 36 frånsedt
1319 985 53 30 ett
1399 992 289 23 amanuensrum
1715 998 47 3 —
1791 978 119 35 skulle
1937 977 94 44 hysa

414 1035 279 37 institutionens
729 1034 213 44 samlingar,
978 1045 79 23 som
1091 1031 66 36 vid
1192 1031 72 36 den
1294 1030 226 46 tidpunkten
1547 1028 192 46 utgjordes
1767 1028 38 36 så
1831 1028 93 45 godt
1950 1040 81 23 som

414 1085 237 37 uteslutande
692 1084 41 36 af
768 1083 187 47 professor
988 1082 33 36 J.
1058 1081 40 38 G.
1134 1081 173 46 Agardhs
1341 1081 13 35 i
1389 1079 165 36 nämnda
1592 1079 178 45 byggnad
1797 1077 235 47 deponerade

416 1138 71 35 och
518 1136 39 35 år
588 1137 95 34 1880
710 1135 60 35 till
796 1134 256 36 universitetet
1078 1133 158 35 skänkta
1262 1130 444 46 fanerogamherbarium.
1759 1128 191 37 Särskilda
1977 1141 54 22 ar-

414 1187 227 36 betslokaler
675 1185 136 36 funnos
848 1185 42 45 ej.
949 1184 80 36 Den
1066 1183 223 44 utveckling,
1316 1194 81 23 som
1424 1180 307 37 växtanatomien
1758 1180 67 35 och
1852 1178 180 45 växtfysi-

416 1238 148 45 ologien
598 1242 89 40 togo
724 1236 118 35 under
873 1235 46 35 de
947 1233 116 47 därpå
1089 1233 164 46 följande
1281 1231 254 45 decennierna,
1562 1230 347 46 nödvändiggjorde
1937 1230 95 35 dock

416 1294 104 30 snart
546 1287 149 45 sådana,
707 1287 68 35 och
802 1286 40 35 år
871 1287 96 34 1888
998 1284 181 46 beviljade
1205 1283 214 45 Riksdagen
1446 1287 53 31 ett
1525 1282 131 45 anslag
1683 1281 41 36 af
1740 1282 133 44 54,000
1893 1281 140 35 kronor

415 1340 61 35 till
503 1352 45 23 en
574 1337 241 46 nybyggnad,
843 1336 72 36 den
943 1349 25 23 s.
987 1336 34 35 k.
1040 1334 84 45 Nya
1141 1334 199 36 botaniska
1356 1333 270 42 institutionen,
1645 1332 152 35 hvilken
1815 1330 217 46 innehåller,

415 1390 166 36 förutom
608 1394 53 30 ett
687 1388 202 45 rymligare
916 1386 238 44 auditorium,
1182 1385 78 35 dels
1287 1384 235 36 anatomiska
1540 1383 68 36 och
1627 1382 243 46 fysiologiska
1888 1381 144 36 laborar

416 1441 115 35 torier
566 1444 97 31 samt
699 1443 53 32 ett
785 1451 68 33 par
888 1450 85 23 rum
1008 1436 59 36 för
1102 1435 257 46 själfständiga
1395 1434 160 43 arbeten,
1588 1433 78 36 dels
1695 1434 68 35 ock
1790 1438 52 30 ett
1867 1432 65 36 vid
1960 1431 71 36 den

417 1491 103 36 tiden
548 1490 155 45 anlagdt
729 1501 169 23 museum
925 1487 42 36 af
989 1486 252 46 hvarjehanda
1266 1485 59 36 för
1352 1485 72 36 den
1451 1484 269 45 morfologiska
1738 1484 67 35 och
1824 1482 210 46 biologiska

418 1541 316 45 undervisningen
765 1539 240 45 nödvändiga
1031 1536 256 38 växtföremål.
1340 1536 81 35 Den
1448 1548 75 31 nya
1548 1535 199 35 botaniska
1773 1534 260 35 institutionen

417 1605 69 23 var
513 1591 158 36 sålunda
696 1589 169 37 bestämd
891 1589 60 36 för
977 1589 98 36 vissa
1100 1588 253 44 nytillkomna
1380 1587 91 35 eller
1498 1585 101 36 förut
1618 1585 145 35 mindre
1781 1585 61 35 väl
1861 1584 173 45 tillgodo-

419 1642 115 37 sedda
569 1655 134 32 grenar
738 1640 40 36 af
809 1641 72 35 den
916 1639 198 36 botaniska
1148 1638 260 45 vetenskapen,
1445 1637 68 35 och
1550 1636 81 36 dess
1667 1636 184 35 tillkomst
1876 1634 157 36 innebar

418 1693 235 46 följaktligen
680 1692 111 45 ingen
818 1690 170 36 afsevärd
1016 1690 140 44 ökning
1181 1689 13 35 i
1220 1692 205 40 utrymmet
1447 1686 59 36 för
1524 1686 70 36 den
1614 1687 125 45 gamla
1756 1686 278 35 institutionens

418 1744 212 44 gamlingar.
683 1742 128 36 Under
837 1741 63 36 det
925 1739 190 46 halfsekel,
1135 1752 79 23 som
1241 1744 103 30 snart
1369 1737 140 46 förgått
1527 1737 112 36 sedan
1659 1737 123 35 denna
1800 1736 102 35 äldre
1920 1736 115 45 bygg-

418 1795 76 35 nad
520 1793 213 47 uppfördes,
760 1791 114 37 hafva
901 1791 207 36 emellertid
1136 1790 81 36 dess
1245 1789 203 45 samlingar
1473 1787 301 46 mångdubblats,
1802 1787 67 35 och
1897 1786 60 36 för
1976 1786 58 36 de-

419 1858 60 23 ras
507 1844 192 45 förvaring
725 1842 112 37 hafva
864 1841 255 46 hvarjehanda
1145 1847 158 39 utvägar
1328 1840 213 45 begagnats.
1594 1838 75 36 Till
1696 1851 44 22 en
1759 1837 131 45 början
1908 1837 126 36 kunde

420 1896 22 36 å
469 1896 71 35 den
567 1908 76 31 nya
668 1894 260 36 institutionen
956 1906 45 22 en
1023 1892 145 35 mindre
1187 1892 54 35 sal
1259 1903 206 23 reserveras
1483 1889 58 36 för
1558 1888 477 47 kryptogamherbarierna,

420 1947 130 35 hvilka
581 1944 111 37 också
724 1944 54 36 dit
805 1943 287 45 öfverflyttades,
1120 1955 85 23 men
1233 1941 47 36 då
1307 1941 123 36 denna
1457 1941 63 39 sal,
1547 1940 152 35 hvilken
1728 1945 102 29 snart
1856 1939 75 35 blir
1957 1938 79 35 helt

420 1997 163 45 behöflig
617 1995 60 36 för
713 1996 62 35 det
810 1994 234 36 därvarande
1079 1991 483 47 morfologiskt-biologiska
1588 1995 152 39 museet,
1766 1989 59 36 för
1851 1988 117 46 några
1994 1987 42 36 år

421 2048 114 35 sedan
561 2047 167 46 partiellt
753 2050 82 41 togs
861 2045 13 35 i
902 2046 95 34 bruk
1025 2043 58 37 för
1110 2044 112 44 detta,
1250 2042 115 36 måste
1393 2055 45 22 en
1457 2042 60 35 del
1536 2040 40 36 af
1591 2041 326 46 kryptogamerna,
1935 2045 101 28 näm-

420 2099 101 44 ligen
547 2096 250 45 lafherbariet,
824 2096 127 44 flyttas
978 2095 157 36 tillbaka
1161 2094 59 35 till
1248 2093 71 36 den
1338 2093 126 46 gamla
1481 2090 468 46 institutionsbyggnaden,
1969 2088 67 36 där

422 2148 48 35 då
496 2149 111 45 ingen
635 2160 125 23 annan
786 2147 97 46 plats
911 2146 125 36 kunde
1064 2145 153 36 beredas
1244 2151 47 28 än
1318 2144 12 35 i
1358 2143 63 36 det
1438 2141 269 37 förutvarande
1726 2140 211 43 auditoriet,
1956 2152 79 23 som

422 2198 97 35 dock
556 2198 117 36 redan
708 2211 67 23 var
809 2202 102 40 taget
936 2197 13 35 i
977 2195 159 47 anspråk
1161 2195 59 36 för
1245 2194 178 45 rensning
1451 2194 67 35 och
1545 2191 316 45 vinterförvaring
1887 2189 42 36 af
1951 2189 85 36 frön

421 2253 97 32 samt
545 2249 121 36 såsom
693 2249 102 35 lokal
820 2247 59 36 för
906 2247 99 37 vissa
1032 2246 83 36 utaf
1137 2245 434 46 trädgårdspersonalens
1600 2243 160 36 arbeten.
1813 2241 113 36 Detta
1951 2254 84 22 rum
