1884 2836
319 183 188 32 Allmänna
534 185 398 42 beredningsutskottets
959 188 178 32 utlåtande
1163 198 42 21 nr
1231 189 39 32 14
1295 191 39 30 år
1360 190 84 33 1970
1609 197 10 30 1

809 490 64 41 Nr
901 491 54 41 14

338 590 184 32 Utlåtande
543 593 10 29 i
570 592 189 42 anledning
776 604 42 21 av
835 595 174 31 motioner
1027 606 55 20 om
1102 597 171 41 prövning
1293 608 41 20 av
1352 598 269 41 handikappads

535 646 134 30 önskan
685 649 51 28 att
751 648 130 30 erhålla
896 650 209 38 fosterbarn.

181 750 14 30 I
226 751 41 30 de
298 752 234 40 likalydande,
565 755 51 30 till
650 755 179 31 allmänna
859 757 382 41 beredningsutskottet
1274 760 190 31 hänvisade
1498 761 122 30 motio-

137 813 110 22 nerna
267 806 31 29 I:
311 806 64 29 268
398 816 41 20 av
462 807 56 30 fru
545 807 245 32 Wallentheim
814 810 97 40 m.
871 802 57 53 fl.
936 812 65 29 och
1025 812 44 30 11:
1086 812 61 30 302
1172 823 42 20 av
1238 813 57 30 fru
1319 813 300 31 Lewén-Eliasson

135 858 66 31 och
220 859 81 30 herr
319 859 203 31 Andersson
543 862 9 29 i
575 861 193 42 Södertälje
789 864 157 35 föreslås,
968 867 51 28 att
1040 866 187 40 riksdagen
1248 867 108 30 måtte
1378 868 136 30 besluta
1536 870 50 29 att
1609 869 9 29 i

136 912 166 31 skrivelse
329 914 52 29 till
408 915 125 40 Kungl.
561 916 105 39 Maj:t
692 917 185 31 hemställa
903 927 57 21 om
988 919 160 40 åtgärder
1176 920 162 39 syftande
1364 922 53 29 till
1446 924 49 28 att
1523 924 57 28 ute
1608 923 11 28 i

135 965 258 33 kommunerna
415 969 206 31 säkerställa
644 979 43 21 en
709 971 155 40 objektiv
887 973 64 29 och
976 973 137 40 allsidig
1136 975 170 39 prövning
1331 975 73 30 före
1428 975 113 31 beslut
1566 977 52 29 rö-

134 1020 108 31 rande
256 1021 270 40 handikappads
541 1023 158 30 ansökan
713 1026 50 28 att
778 1025 133 30 erhålla
925 1026 207 30 fosterbarn.

178 1074 260 32 Motionärerna
456 1076 204 31 framhåller
680 1081 49 27 att
748 1079 56 30 det
824 1080 111 40 aldrig
953 1081 71 29 kan
1042 1091 84 20 vara
1145 1091 42 20 en
1207 1082 252 40 medborgerlig
1478 1084 70 29 rätt
1568 1085 50 28 att

134 1128 133 30 erhålla
289 1129 199 30 fosterbarn
509 1131 82 29 eller
612 1132 240 40 adoptivbarn.
875 1134 144 40 Hänsyn
1041 1135 53 29 till
1116 1135 141 31 barnets
1280 1136 100 30 bästa
1402 1137 111 29 måste
1535 1147 83 20 vara

133 1181 73 31 helt
221 1183 195 39 avgörande
431 1183 55 30 för
500 1185 308 39 myndigheternas
822 1187 199 30 handlande
1037 1188 10 29 i
1062 1189 100 29 dessa
1178 1189 162 30 ärenden.

178 1235 52 30 Då
254 1236 95 30 detta
373 1237 193 40 fastslagits
590 1239 61 30 bör
676 1239 106 40 enligt
807 1240 260 32 motionärerna
1092 1252 42 20 en
1160 1252 116 21 annan
1301 1244 136 40 princip
1464 1246 10 28 i
1499 1246 117 38 praxis

133 1298 83 21 vara
236 1290 72 29 lika
327 1291 156 39 entydigt
503 1292 168 39 gällande,
693 1294 175 39 nämligen
889 1297 49 28 att
958 1295 69 29 alla
1047 1296 153 30 sökande
1221 1297 51 30 till
1294 1298 198 30 fosterbarn
1518 1299 99 34 (eller

133 1343 248 39 adoptivbarn)
414 1345 88 29 skall
527 1345 166 31 bedömas
721 1348 222 30 uteslutande
971 1349 133 30 utifrån
1131 1351 276 31 vederbörandes
1436 1352 180 31 förutsätt-

133 1396 125 40 ningar
280 1399 50 29 att
354 1406 38 31 ge
415 1398 123 30 barnet
560 1399 326 32 tillferdsställande
909 1402 86 30 vård
1018 1404 65 29 och
1106 1404 209 31 kärleksfull
1340 1414 148 31 omsorg.
1515 1407 101 29 Detta

133 1459 121 21 senare
270 1452 37 29 är
322 1452 63 29 när
400 1452 57 29 det
472 1452 107 40 gäller
593 1453 269 41 handikappade
879 1456 153 30 sökande
1047 1456 76 30 icke
1137 1458 98 30 alltid
1251 1458 107 30 fallet.

177 1503 13 30 I
209 1504 454 41 fosterbarnskungörelsen
682 1517 41 20 av
742 1508 67 29 den
828 1508 41 30 28
888 1509 144 31 oktober
1053 1510 83 30 1960
1158 1511 15 30 7
1197 1516 15 35 &
1233 1512 112 40 tredje
1366 1514 134 38 stycket
1521 1515 92 39 sägs:

133 1557 178 31 >Särskild
335 1560 313 38 uppmärksamhet
669 1561 62 30 bör
753 1562 57 29 vid
834 1563 231 39 utredningen
1089 1566 106 37 ägnas
1220 1565 124 40 frågan
1366 1567 175 30 huruvida
1565 1569 52 29 sö-

131 1610 115 31 kande
267 1612 82 29 eller
369 1622 117 20 annan
505 1614 10 29 i
534 1613 153 31 hemmet
707 1615 132 30 boende
860 1616 86 30 lider
966 1626 43 20 av
1029 1617 165 40 sjukdom
1216 1629 74 20 som
1312 1620 71 30 kan
1403 1620 143 32 komma
1566 1624 50 28 att

131 1665 145 40 menligt
289 1666 145 30 inverka
449 1667 44 39 på
506 1667 141 31 barnets
662 1668 202 41 kroppsliga
878 1670 82 30 eller
975 1670 157 41 själsliga
1146 1672 129 30 hälsa.»

177 1719 80 30 Som
283 1719 257 41 förtydligande
565 1722 52 29 till
643 1722 95 30 detta
763 1723 139 40 stadgas
928 1725 9 28 i
965 1724 297 41 socialstyrelsens
1290 1728 95 30 »Råd
1411 1729 64 30 och
1503 1730 112 29 anvis-

132 1773 143 39 ningar»
296 1773 127 31 förbud
441 1776 50 28 att
509 1775 138 39 placera
666 1776 197 30 fosterbarn
881 1778 11 29 i
910 1778 80 29 hem
1009 1778 62 30 där
1091 1780 153 31 sökande
1264 1781 82 30 eller
1365 1782 112 39 någon
1500 1792 115 20 annan

131 1825 10 29 i
159 1826 153 30 hemmet
329 1827 87 30 lider
434 1837 42 21 av
493 1828 175 30 smittsam
687 1830 82 29 eller
788 1830 135 41 själslig
941 1831 166 40 sjukdom
1125 1832 82 31 eller
1228 1834 166 39 sjukdom
1413 1836 9 29 i
1444 1836 171 40 allvarligt

131 1881 212 39 progressivt
364 1881 114 30 skede.
500 1882 64 30 Det
587 1883 77 40 sägs
684 1883 118 30 vidare
824 1886 49 28 att
895 1885 363 33 kontaktbesvärande
1281 1888 94 39 lyten
1399 1890 115 29 såsom
1538 1900 77 30 syn-

130 1933 66 30 och
219 1934 385 41 hörselnedsättningar
628 1937 65 29 och
719 1938 138 30 nedsatt
881 1938 291 41 rörelseförmåga
1198 1950 74 21 som
1299 1942 146 31 innebär
1472 1944 143 30 skötsel-

131 1987 213 40 svårigheter
360 1989 89 29 skall
463 1989 155 30 beaktas.

174 2041 51 29 Av
242 2041 56 30 det
316 2041 150 31 anförda
482 2042 165 40 framgår,
666 2052 120 21 menar
803 2045 270 36 motionärerna,
1093 2049 50 27 att
1161 2048 270 41 handikappade
1450 2059 164 31 personer

130 2093 72 31 inte
226 2095 169 30 uteslutes
420 2095 81 30 från
524 2096 230 40 möjligheten
778 2100 50 28 att
853 2099 133 30 erhålla
1011 2100 207 31 fosterbarn,
1246 2102 285 40 Socialstyrelsen
1556 2114 58 31 ger

129 2148 93 29 klart
249 2148 129 30 besked
404 2158 57 21 om
489 2151 50 28 att
566 2150 250 40 handikappad
844 2161 136 31 person,
1010 2162 75 21 som
1113 2154 163 31 bedömes
1306 2156 90 40 själv
1424 2158 82 30 eller
1535 2159 79 30 med

129 2202 100 39 hjälp
244 2211 43 21 av
303 2212 117 20 annan
435 2203 122 30 kunna
574 2212 39 31 ge
628 2204 122 30 barnet
767 2205 325 33 tillfredsställande
1109 2208 95 34 vård,
1224 2209 88 30 skall
1329 2210 192 32 behandlas
1539 2222 75 20 som

131 2255 172 40 likvärdig
325 2257 79 29 med
426 2265 117 21 annan
566 2257 163 31 sökande,
752 2258 103 31 Detta
878 2261 135 37 synsätt
1036 2261 70 30 slår
1128 2262 71 29 inte
1222 2263 136 38 igenom
1383 2265 10 29 i
1416 2261 197 47 praktiken.

129 2309 442 31 Barnavårdsnämnderna
602 2310 114 31 tolkar
747 2312 41 30 de
820 2312 149 31 anförda
1000 2313 319 42 formuleringarna
1350 2316 103 33 olika.
1485 2319 129 31 Fördo-

129 2372 123 20 marna
277 2364 37 29 är
338 2363 75 31 ofta
437 2366 95 28 stora
555 2364 127 30 liksom
707 2365 272 41 okunnigheten.
1006 2367 65 31 Det
1095 2368 71 31 kan
1190 2370 72 30 inte
1287 2372 171 30 uteslutas
1485 2375 50 28 att
1562 2375 51 28 ut-

129 2416 121 30 redare
276 2417 65 30 och
365 2417 401 37 barnavårdsnämnder,
792 2421 11 29 i
829 2421 80 29 tron
935 2423 51 29 att
1013 2420 144 33 därmed
1184 2423 182 40 tillgodose
1394 2425 140 32 barnets
1562 2428 51 29 in-

129 2473 144 32 tressen,
301 2471 167 31 tillmäter
497 2474 48 28 ett
574 2473 185 29 stationärt
786 2474 204 40 handikapp
1020 2484 43 21 en
1092 2476 110 30 större
1231 2478 138 39 negativ
1396 2478 176 41 betydelse
1604 2482 7 29 i

129 2525 290 40 sammanhanget
441 2526 44 29 än
506 2526 67 29 vad
594 2535 74 21 som
689 2527 70 29 kan
779 2537 85 20 vara
885 2528 127 40 sakligt
1032 2529 156 39 betingat
1210 2532 142 30 särskilt
1375 2534 78 30 med
1475 2534 137 40 hänsyn

127 2592 122 22 0102380
340 2586 136 41 Bihang
490 2587 52 31 till
555 2587 207 41 riksdagens
775 2590 176 39 protokoll
966 2590 93 30 1970.
1077 2591 38 30 11
1131 2592 99 31 saml.
1246 2593 48 29 Nr
1310 2593 40 30 14
