1870 2782
384 171 452 31 Konstitutionsutskottets
855 168 183 31 memorial
1058 177 42 20 nr
1119 170 26 28 B
1166 167 17 30 7
1204 167 39 30 år
1264 167 83 29 1958
1599 166 16 30 1

785 473 162 41 Nr
868 469 29 56 B
917 469 32 56 7

336 576 452 30 Konstitutionsutskottets
814 574 184 30 memorial
1023 572 178 40 angående
1227 570 217 40 granskning
1472 579 42 20 av
1540 569 41 30 de
1609 568 11 30 i

556 626 189 30 statsrådet
763 625 101 39 förda
882 624 185 40 protokoll.

161 728 66 30 Till
244 727 428 31 konstitutionsutskottet
689 726 45 30 ha
751 726 45 39 på
812 725 122 30 därom
952 725 64 29 hos
1033 723 260 31 vederbörande
1311 722 100 40 gjord
1429 720 191 31 framställ-

118 779 83 41 ning
223 778 98 30 blivit
343 778 245 30 överlämnade
610 777 42 30 de
673 777 111 29 under
806 776 95 30 tiden
925 775 80 30 från
1027 774 66 30 och
1116 774 80 30 med
1218 774 67 29 den
1310 773 40 30 10
1370 772 143 40 januari
1536 771 83 30 1958

120 829 50 29 till
188 829 65 30 och
269 829 79 29 med
366 829 66 29 den
451 829 37 29 17
507 828 78 39 juni
605 827 84 31 1958
706 827 11 29 i
735 826 188 31 statsrådet
941 825 101 30 förda
1060 825 185 39 protokoll,
1263 823 176 40 nämligen
1456 824 81 29 över

161 878 554 40 justitiedepartementsärenden
739 877 80 30 från
845 876 64 30 och
934 876 80 30 med
1040 875 66 30 den
1137 876 38 30 10
1200 874 141 40 januari
1370 874 83 30 1958
1479 873 51 30 till
1556 872 65 30 och

118 929 79 30 med
217 929 66 30 den
307 929 37 30 13
365 929 78 39 juni
465 928 99 36 1958;

162 979 290 39 justitieärenden
471 978 79 30 från
568 978 65 30 och
650 978 78 29 med
746 978 67 29 den
833 977 38 29 10
888 977 143 38 januari
1052 976 82 30 1958
1152 976 51 29 till
1222 975 64 30 och
1304 975 79 29 med
1400 975 68 30 den
1488 975 38 29 13
1543 973 78 40 juni

122 1029 97 36 1958;

165 1079 550 40 utrikesdepartementsärenden
741 1078 78 30 från
846 1078 65 29 och
936 1077 80 30 med
1041 1077 68 29 den
1139 1076 38 31 10
1202 1076 142 40 januari
1372 1075 83 31 1958
1480 1075 52 30 till
1557 1075 65 29 och

120 1129 79 30 med
218 1129 66 30 den
303 1129 19 30 6
340 1129 79 39 juni
438 1129 99 36 1958;

164 1180 311 39 försvarsärenden
498 1179 80 30 från
602 1179 64 30 och
689 1179 79 30 med
791 1179 67 29 den
884 1179 38 29 10
945 1177 143 40 januari
1114 1177 83 30 1958
1220 1177 52 30 till
1298 1177 65 30 och
1386 1176 81 31 med
1489 1176 68 30 den
1583 1176 39 30 13

120 1230 79 38 juni
219 1229 99 36 1958;

165 1280 262 30 socialärenden
447 1279 80 31 från
546 1279 65 30 och
630 1279 80 30 med
729 1279 66 30 den
818 1279 38 30 10
875 1279 143 39 januari
1042 1278 83 31 1958
1144 1278 52 30 till
1216 1278 66 30 och
1300 1278 79 30 med
1398 1278 67 29 den
1487 1278 39 30 13
1545 1277 79 40 juni

125 1330 97 36 1958;

165 1380 483 30 kommunikationsärenden
671 1379 79 31 från
771 1379 66 31 och
857 1379 79 30 med
957 1379 68 30 den
1049 1379 39 30 10
1111 1378 141 40 januari
1276 1378 83 31 1958
1383 1378 52 30 till
1457 1378 66 30 och
1544 1378 80 30 med

122 1430 67 29 den
212 1430 38 30 13
271 1430 78 38 juni
372 1429 98 37 1958;

166 1480 275 39 finansärenden
460 1479 79 30 från
559 1479 65 30 och
642 1480 79 30 med
739 1480 66 29 den
827 1479 37 30 10
881 1479 143 39 januari
1045 1479 84 30 1958
1147 1479 52 29 till
1218 1479 65 30 och
1303 1479 79 30 med
1400 1479 68 30 den
1490 1479 38 30 13
1546 1478 79 40 juni

125 1529 98 36 1958;

167 1580 378 30 ecklesiastikärenden
564 1579 80 31 från
661 1580 65 29 och
742 1579 79 31 med
839 1580 67 30 den
926 1579 38 30 10
983 1579 143 40 januari
1145 1580 83 30 1958
1246 1580 52 29 till
1316 1579 66 30 och
1400 1579 81 30 med
1498 1579 67 31 den
1586 1579 38 31 13

122 1630 79 38 juni
225 1629 98 37 1958;

167 1680 346 39 jordbruksärenden
534 1680 80 30 från
634 1680 66 30 och
719 1680 79 30 med
817 1680 66 30 den
908 1679 37 30 10
966 1680 143 40 januari
1134 1680 83 30 1958
1237 1680 52 30 till
1310 1680 65 30 och
1395 1680 80 30 med
1496 1680 67 31 den
1587 1680 38 31 13

123 1730 79 38 juni
226 1729 98 37 1958;

168 1779 302 31 handelsärenden
495 1780 79 31 från
598 1780 66 30 och
687 1781 78 29 med
790 1780 67 30 den
885 1780 37 30 10
946 1781 143 39 januari
1117 1780 82 31 1958
1223 1781 52 29 till
1302 1781 65 30 och
1390 1781 81 29 med
1495 1781 67 30 den
1588 1781 38 30 13

125 1830 77 38 juni
225 1829 99 36 1958;

170 1879 286 31 inrikesärenden
474 1879 79 30 från
572 1880 64 29 och
653 1880 79 29 med
749 1880 67 29 den
836 1880 37 29 10
891 1880 142 39 januari
1053 1880 83 30 1958
1156 1881 51 30 till
1225 1881 64 29 och
1308 1882 79 29 med
1404 1881 67 30 den
1492 1882 39 30 13
1548 1881 80 40 juni

129 1929 97 35 1958;

170 1979 232 30 civilärenden
426 1979 78 30 från
526 1980 65 28 och
614 1980 77 29 med
714 1980 65 29 den
806 1981 38 29 10
864 1980 142 38 januari
1033 1980 83 30 1958
1139 1981 50 29 till
1212 1981 63 29 och
1297 1981 79 29 med
1398 1982 66 29 den
1489 1982 38 30 13
1549 1982 78 39 juni

129 2028 93 30 1958.

864 2132 28 28 A

172 2195 64 28 Vid
260 2195 67 30 den
352 2196 216 39 granskning
593 2205 42 20 av
659 2206 88 20 ovan
772 2196 235 31 omförmälda
1032 2198 184 38 prolokoll,
1242 2208 73 21 som
1341 2199 10 29 i
1376 2200 251 30 överensstäm-

128 2244 105 29 melse
250 2245 78 29 med
347 2245 235 38 grundlagens
600 2245 182 30 föreskrift
801 2256 41 19 av
863 2247 169 29 utskottet
1052 2247 191 40 företagits,
1263 2248 63 30 har
1345 2249 188 40 anledning
1553 2250 76 30 icke

126 2293 225 30 förekommit
368 2296 49 27 att
434 2296 71 27 mot
523 2295 113 37 någon
656 2295 151 30 ledamot
824 2304 42 21 av
883 2296 188 30 statsrådet
1088 2297 158 39 tillämpa
1266 2298 15 34 8
1305 2299 58 28 106
1380 2299 249 39 regeringsfor-

126 2351 89 25 men,
236 2343 105 29 vilket
363 2343 167 30 utskottet
553 2344 54 29 får
627 2344 54 29 för
701 2345 185 39 riksdagen

747 2395 149 30 anmäla.

158 2459 9 25 1
214 2459 110 30 Bihang
337 2459 47 24 till
394 2459 170 31 riksdagens
576 2461 147 29 protokoll
736 2463 100 24 1958.5
856 2461 85 25 saml.
960 2466 16 23 2
995 2465 56 23 avd.
1074 2466 37 23 Nr
1132 2465 21 23 B
1173 2466 14 23 7
