1918 2854
483 180 126 33 Andra
641 181 255 37 lagutskottets
924 181 187 34 utlåtande
1141 182 50 32 Nr
1216 183 51 30 33.
1556 182 20 30 5

833 258 69 37 8$.

157 317 127 33 Därest
310 319 179 36 fartygets
514 319 169 36 uppehåll
709 319 10 30 i
745 319 110 31 hamn
879 330 102 21 avses
1006 322 55 29 att
1087 331 88 20 vara
1200 320 124 35 längre
1352 323 45 28 än
1424 321 11 30 i
1460 321 17 30 7
1503 318 17 38 $
1546 330 69 21 om-

118 370 176 36 förmäles,
325 371 85 31 eller
439 371 286 36 skeppstjänsten
755 371 62 31 vid
847 371 142 31 kortare
1018 372 169 35 uppehåll
1216 372 88 31 dock
1333 372 33 36 ej
1397 372 130 30 varder
1556 382 58 21 an-

117 420 135 33 ordnad
276 423 38 30 så
340 432 74 21 som
440 423 10 30 i
475 423 157 31 nämnda
658 423 174 34 paragraf
857 424 90 35 sägs,
973 423 92 32 skall
1089 423 227 32 beträffande
1342 423 158 36 sjömans
1524 423 91 31 ordi-

117 473 99 31 narie
242 474 176 32 arbetstid
443 473 110 37 gälla:

157 527 52 29 att
239 525 150 37 sjöman,
420 536 74 21 som
524 526 32 36 ej
589 526 123 32 tillhör
742 526 309 37 kökspersonalen,
1082 527 76 31 icke
1188 528 58 30 må
1275 529 20 30 å
1327 527 198 36 söckendag
1556 537 59 21 an-

116 576 136 32 vändas
271 577 57 32 till
347 577 242 37 skeppstjänst
608 587 97 22 mera
725 579 46 30 än
788 580 88 35 åtta,
895 579 11 30 i
926 578 206 37 tropikerna
1152 578 56 36 sju
1228 579 159 35 timmar;

155 630 53 29 att
235 628 149 37 sjöman,
412 639 74 22 som
513 630 32 36 ej
576 629 123 32 tillhör
726 630 308 36 kökspersonalen,
1062 631 76 31 icke
1165 631 59 30 må
1252 632 21 30 å
1301 630 154 36 helgdag
1482 633 131 29 använ-

114 677 64 33 das
200 679 57 31 till
279 688 121 23 annan
421 680 244 37 skeppstjänst
691 683 46 29 än
759 680 105 37 högst
888 691 43 21 en
955 682 140 31 timmes
1117 682 131 32 lättare
1272 682 343 36 rengöringsarbete,

116 731 11 30 i
149 731 68 31 den
241 732 84 31 mån
348 732 127 32 sådant
500 732 335 36 rengöringsarbete
858 733 72 32 kan
955 743 101 22 anses
1080 734 84 36 ingå
1190 734 11 30 i
1226 733 157 36 sjömans
1407 734 205 35 åliggande;

155 784 53 29 att
238 783 149 37 sjöman,
416 794 73 21 som
519 784 123 31 tillhör
670 785 309 36 kökspersonalen,
1008 785 76 31 icke
1112 786 58 31 må
1200 787 21 29 å
1252 786 201 35 söckendag
1481 788 133 28 använ-

116 833 62 32 das
206 834 57 31 till
290 835 245 36 skeppstjänst
564 846 98 21 mera
692 839 45 28 än
767 837 51 31 tio
846 836 146 32 timmar
1022 837 63 31 och
1114 838 21 30 å
1163 836 156 36 helgdag
1347 837 35 36 ej
1410 837 56 31 till
1495 847 119 21 annan

116 885 242 37 skeppstjänst
406 889 45 29 än
481 887 212 36 tillredning
721 888 66 31 och
815 888 186 36 servering
1029 899 47 20 av
1105 888 124 32 kosten
1259 888 111 37 jämte
1398 888 217 32 tillhörande

114 935 170 38 diskning
307 940 166 30 ävensom
496 938 108 37 nödig
628 940 223 36 uppassning
872 940 12 30 i
908 940 119 36 övrigt
1051 942 90 30 samt
1164 941 70 31 den
1256 940 131 31 lättare
1411 940 202 36 rengöring,

114 997 73 21 som
212 988 71 31 kan
309 999 103 22 anses
435 990 85 35 ingå
545 991 12 30 i
583 990 226 35 sjömannens
834 990 206 37 åliggande;
1069 994 89 28 samt

154 1041 52 30 att
231 1040 220 33 arbetstiden
476 1042 92 31 skall
594 1042 183 36 förläggas
803 1044 55 30 för
882 1043 149 37 sjöman,
1056 1053 74 21 som
1154 1043 31 36 ej
1212 1043 124 32 tillhör
1361 1044 252 36 kökspersona-

114 1090 65 36 len,
202 1093 21 29 å
246 1092 201 36 söckendag
471 1093 131 30 mellan
625 1093 151 31 klockan
799 1095 19 30 6
843 1094 23 31 f.
889 1104 45 22 m.
958 1095 64 31 och
1046 1094 152 31 klockan
1221 1095 19 30 6
1261 1105 29 21 e.
1315 1104 44 21 m.
1385 1095 64 31 och
1473 1096 21 30 å
1520 1094 94 36 helg-

113 1143 70 36 dag
204 1144 133 31 mellan
356 1144 151 32 klockan
528 1145 18 31 6
566 1146 64 30 och
651 1146 152 31 klockan
823 1147 18 29 9
862 1147 23 31 f.
907 1157 43 20 m.
973 1149 91 29 samt
1087 1147 55 30 för
1162 1146 298 36 kökspersonalen
1482 1147 131 31 mellan

115 1194 150 32 klockan
284 1195 18 31 6
321 1197 23 30 f.
364 1206 44 22 m.
428 1196 64 32 och
511 1196 150 32 klockan
681 1197 19 31 7
719 1207 26 22 e.
766 1208 45 21 m.

827 1274 19 31 9
870 1273 28 37 $.

154 1332 16 29 1
200 1342 103 22 mom.
353 1332 53 31 Då
437 1334 124 35 fartyg
588 1334 205 30 ankommer
832 1334 57 31 till
916 1334 86 31 eller
1032 1336 113 34 avgår
1176 1335 83 31 från
1288 1335 107 31 hamn
1426 1335 21 31 å
1475 1335 140 31 söcken-

115 1383 78 37 dag,
218 1387 59 30 må
303 1384 140 36 sjöman
468 1386 185 31 användas
678 1386 55 31 till
759 1386 243 37 skeppstjänst
1029 1387 56 30 för
1109 1387 77 31 med
1212 1387 210 31 ankomsten
1447 1387 57 31 till
1528 1387 85 31 eller

113 1437 190 34 avgången
334 1436 83 31 från
447 1437 109 30 hamn
584 1437 118 31 direkt
733 1438 353 35 sammanhängande
1116 1438 146 31 arbeten
1292 1440 127 29 utöver
1448 1438 71 31 vad
1549 1438 66 31 här

115 1497 91 21 ovan
232 1488 173 36 stadgats,
431 1489 90 31 dock
550 1489 76 31 icke
654 1489 124 36 längre
806 1489 62 36 tid,
897 1492 46 28 än
969 1491 54 29 att
1051 1490 219 31 arbetstiden
1297 1489 112 31 under
1436 1491 51 30 ett
1515 1490 97 36 dygn

115 1540 56 30 må
194 1541 131 34 utgöra
347 1540 104 36 högst

154 1589 58 31 nio
231 1590 148 31 timmar
398 1592 55 30 för
470 1593 173 33 styrman,

153 1642 77 31 åtta
247 1642 147 31 timmar
412 1643 55 30 för
483 1652 120 21 annan
621 1642 148 36 sjöman.

153 1696 18 29 2
193 1704 104 22 mom.
339 1693 55 32 Då
418 1695 160 36 fartyget
601 1695 207 32 ankommer
833 1696 57 31 till
913 1695 85 32 eller
1021 1697 113 34 avgår
1171 1696 79 31 ifrån
1274 1696 108 31 hamn
1406 1698 20 29 å
1450 1696 162 35 helgdag.

113 1747 57 29 må
198 1745 140 36 sjöman
367 1746 76 32 icke
471 1747 185 32 användas
683 1747 55 31 till
768 1757 121 21 annan
917 1747 241 36 skeppstjänst
1186 1750 46 28 än
1260 1747 73 32 dels
1361 1748 71 31 vad
1460 1758 73 21 som
1562 1758 50 21 er-

115 1796 139 32 fordras
284 1798 55 30 för
370 1798 178 36 fartygets
578 1798 279 36 framdrivande,
887 1799 254 35 manövrering
1169 1799 84 31 eller
1284 1799 213 36 navigering
1528 1799 83 31 eller

111 1847 211 38 klargöring
350 1849 11 31 i
386 1849 196 36 anledning
606 1860 45 21 av
678 1850 208 31 ankomsten
912 1850 84 31 eller
1021 1852 198 34 avgången,
1245 1850 72 32 dels
1342 1851 160 35 lastning
1525 1851 86 31 eller

112 1898 160 37 lossning
303 1910 46 21 av
378 1909 278 27 passagerarnas
686 1902 153 32 effekter
871 1901 85 32 eller
985 1904 78 34 post
1095 1902 85 31 eller
1212 1902 95 36 gods,
1339 1913 83 20 vars
1452 1902 159 36 lastning

110 1948 86 31 eller
228 1949 160 38 lossning
422 1951 31 36 ej
489 1952 71 30 kan
584 1953 88 30 utan
697 1953 78 30 fara
800 1953 56 30 för
880 1952 120 35 godset
1024 1952 224 36 uppskjutas,
1272 1953 73 31 dels
1369 1954 73 35 ock,
1466 1953 65 31 där
1556 1953 56 31 det

113 2002 70 31 kan
211 2012 104 23 anses
344 2003 84 36 ingå
459 2004 11 30 i
500 2003 228 36 sjömannens
756 2003 201 38 åliggande,
987 2005 131 31 lättare
1147 2005 192 36 rengöring
1369 2005 84 32 eller
1484 2005 126 32 sådant

113 2054 128 36 arbete,
267 2065 86 25 som,
379 2054 111 36 enligt
517 2055 70 31 vad
614 2056 11 30 i
652 2056 18 29 6
696 2055 17 36 $
739 2056 155 35 stadgas,
918 2057 71 30 kan
1015 2057 21 30 å
1061 2056 155 35 helgdag
1242 2056 149 35 åläggas
1419 2057 8 30 i
1455 2057 153 31 nämnda

112 2106 173 34 paragraf
310 2106 134 31 avsedd
473 2106 172 36 personal.

817 2185 39 30 10
877 2183 27 36 $.

152 2242 122 32 Under
301 2244 179 35 fartygets
505 2244 166 35 uppehåll
700 2244 8 30 i
737 2245 108 30 hamn
872 2245 89 30 skall
987 2245 148 35 sjöman,
1163 2246 54 31 för
1242 2248 53 28 att
1326 2246 33 30 få
1388 2246 144 31 tillfälle
1558 2248 51 29 att

112 2294 111 30 under
250 2294 131 31 affärs-
407 2295 64 30 och
499 2295 276 35 expeditionstid
803 2297 44 32 gå
876 2297 11 29 i
914 2296 94 35 land,
1035 2306 42 20 en
1105 2298 96 33 gång
1230 2297 5 30 i
1265 2297 174 30 månaden
1467 2297 140 35 åtnjuta

112 2343 154 36 ledighet
295 2345 82 30 från
402 2345 287 36 skeppstjänsten
715 2346 55 30 för
795 2346 98 31 tiden
917 2346 91 31 efter
1032 2346 148 31 klockan
1208 2348 38 29 12
1271 2347 187 34 middagen
1486 2349 19 29 å
1530 2349 80 32 dag.

113 2395 44 31 då
184 2396 131 31 affärs-
342 2396 63 31 och
431 2396 358 36 expeditionslokaler
816 2396 116 32 hållas
959 2399 125 34 öppna.
1134 2395 203 38 Överstiger
1365 2398 76 31 icke
1470 2399 141 34 fartygs

111 2446 201 32 oavbrutna
339 2447 169 36 uppehåll
538 2448 8 30 i
576 2447 108 31 hamn
712 2448 192 36 fyrtioåtta
931 2448 155 36 timmar,
1115 2450 57 30 må
1198 2449 90 31 dock
1317 2449 108 31 sådan
1454 2449 155 34 ledighet

113 2498 189 35 påfordras
334 2498 160 34 allenast,
527 2499 125 31 såvida
686 2500 178 35 fartygets
896 2501 145 33 avgång
1072 2500 204 34 därigenom
1314 2500 76 30 icke
1425 2500 184 36 fördröjes.
