1956 2804
517 142 126 34 Första
661 140 255 43 lagutskottets
936 139 185 35 utlåtande
1142 152 43 21 nr
1204 141 55 32 18.
1617 141 20 31 5

311 222 191 46 (Gällande
518 222 147 44 lydelse)

144 288 87 41 utgå
252 287 53 34 till
331 285 174 35 ordinarie
527 285 65 34 och
617 289 100 30 extra
740 283 91 35 ordi-

144 340 95 34 narie
274 343 148 40 präster,
456 339 98 34 vilka
587 338 199 43 tjänstgöra
820 337 12 34 1

145 406 118 22 annan
302 393 200 35 territoriell
540 392 206 42 församling
786 394 46 31 än

143 447 212 43 Karlsborgs
369 446 215 43 församling,
596 449 167 32 ävensom
776 444 55 35 till

143 501 111 35 stifts-
280 501 66 34 och
369 499 393 43 kontraktsadjunkter.

1095 219 225 45 (Föreslagen
1335 219 148 44 lydelse)

946 284 85 41 utgå
1054 283 53 34 till
1131 282 174 34 ordinarie
1328 281 66 35 och
1418 286 99 29 extra
1541 280 92 35 ordi-

945 337 96 33 narie
1074 339 148 40 präster,
1257 335 97 34 vilka
1387 335 200 43 tjänstgöra
1622 333 11 35 i

945 402 119 22 annan
1103 389 199 35 territoriell
1342 388 205 43 församling
1588 391 45 31 än

943 444 211 42 Karlsborgs
1170 442 217 44 församling,
1398 446 167 31 ävensom
1579 442 53 34 till

943 497 110 35 stifts-
1062 497 65 34 och
1148 496 383 43 kontraktsadjunkter
1539 500 95 29 samt

945 552 54 34 till
1026 555 122 39 pastor
1175 550 62 35 vid
1264 550 114 34 sådan
1406 549 130 35 svensk
1564 550 69 42 för-

943 605 149 42 samling
1137 605 13 33 i
1193 604 176 39 utlandet,
1414 604 56 41 för
1514 603 119 34 vilken

945 658 263 43 kyrkoordning
1257 657 103 34 blivit
1408 669 46 22 av
1500 657 133 42 Kungl.

944 712 111 43 Maj:t
1072 711 191 43 fastställd.

187 875 208 35 Emeritilön
415 875 96 34 delas
528 896 45 4 —
590 895 45 5 —
652 895 46 4 —
717 873 354 35 ettusenfemhundra
1088 872 141 35 kronor.

189 1116 74 35 Det
279 1115 238 44 provisoriska
531 1136 46 5 —
592 1136 45 5 —
653 1136 46 4 —
714 1118 20 31 4
755 1114 15 40 $
790 1118 20 30 3
828 1126 108 23 mom.

190 1277 90 45 [Vad
298 1289 60 22 om
376 1276 219 44 domkapitel
613 1276 13 34 i
645 1276 115 34 denna
778 1275 56 41 lag

144 1335 41 31 är
207 1331 145 43 stadgat
375 1331 108 43 gäller
509 1334 91 31 även
623 1343 60 22 om
709 1330 123 35 Stock-

143 1384 114 35 holms
275 1384 99 35 stads
393 1384 274 43 konsistorium.]

989 936 71 34 För
1072 940 123 39 pastor
1209 935 63 34 vid
1285 934 131 35 svensk
1429 934 205 42 församling

944 991 12 33 i
977 990 164 34 utlandet
1161 989 91 34 skall
1273 988 283 43 grundbeloppet
1577 991 56 31 ut-

944 1046 84 40 göra
1044 1041 401 45 fyratusenfemhundra
1461 1042 139 35 kronor.

994 1274 351 43 Tjänstinnehavare,
1376 1273 21 34 å
1427 1272 119 35 vilken
1577 1272 57 34 be-

944 1329 268 34 stämmelserna
1229 1327 162 42 härförut
1409 1339 58 21 om
1484 1325 151 35 emeriti-

947 1383 59 34 lön
1035 1385 67 40 äga
1131 1381 235 43 tillämpning,
1394 1392 85 22 vare
1507 1379 127 44 pliktig

949 1440 56 30 att
1034 1435 220 34 underkasta
1281 1434 51 42 sig
1363 1433 200 43 framdeles,
1593 1432 40 34 så

946 1490 100 41 länge
1081 1488 71 34 han
1183 1488 165 34 kvarstår
1380 1487 13 34 i
1428 1486 124 43 tjänst,
1589 1498 46 22 av

945 1542 134 43 Kungl.
1112 1541 112 43 Maj:t
1257 1540 66 35 och
1356 1540 188 43 riksdagen
1578 1539 58 35 be-

946 1596 138 34 slutade
1110 1595 156 34 ändrade
1293 1594 264 35 bestämmelser
1582 1595 53 32 rö-

946 1649 109 34 rande
1093 1648 247 44 skyldigheten
1378 1652 56 30 att
1472 1651 76 30 mot
1585 1658 50 22 er-

947 1703 163 34 hållande
1138 1714 46 22 av
1213 1701 197 35 emeritilön
1439 1702 91 41 avyå
1556 1700 80 43 från

948 1757 158 42 tjänsten
1140 1755 67 35 och
1242 1767 59 22 om
1335 1755 213 34 emeritidöns
1582 1754 53 34 åt-

946 1809 173 44 njutande
1139 1809 82 34 eller
1240 1808 101 43 eljest
1361 1808 83 34 med
1462 1807 173 35 avseende

946 1865 21 32 å
984 1863 112 34 sådan
1114 1865 116 40 prästs
1247 1861 388 44 tjänstepensionering.

191 2122 128 33 Denna
336 2122 56 42 lag
410 2122 118 33 träder
546 2121 10 34 i
575 2120 97 35 kraft
691 2120 67 34 den
778 2124 15 29 1
814 2119 63 43 juli
897 2122 100 37 1947;
1015 2118 91 35 dock
1124 2123 56 29 att
1198 2117 243 35 dessförinnan
1460 2118 175 33 utnämnd

147 2179 120 38 pastor
282 2174 61 34 vid
361 2174 129 34 svensk
507 2173 204 42 församling
726 2173 10 33 i
753 2173 164 33 utlandet
933 2172 76 34 icke
1026 2176 77 29 mot
1119 2171 64 34 sitt
1199 2171 226 34 bestridande
1443 2174 38 30 är
1498 2170 138 43 skyldig

146 2233 55 28 att
218 2232 75 29 mot
309 2227 202 34 erhållande
527 2239 46 21 av
589 2226 195 34 emeritilön
801 2226 92 41 avgå
910 2225 78 33 från
1006 2224 52 34 sin
1075 2223 203 42 befattning
1294 2229 93 28 samt
1404 2228 56 29 att
1479 2223 73 34 före
1568 2224 67 33 den

147 2285 15 29 1
181 2280 138 42 januari
337 2283 88 30 1947
443 2279 175 34 utnämnd
636 2290 118 22 annan
770 2277 329 43 tjänstinnehavare
1116 2276 75 34 icke
1207 2281 88 29 utan
1312 2281 78 37 eget
1407 2276 228 41 godkännan-

146 2333 44 34 de
205 2337 38 30 är
260 2332 239 34 underkastad
515 2331 227 43 förpliktelse,
759 2343 74 21 som
849 2330 10 33 i
878 2333 38 30 11
939 2331 15 37 $
973 2330 10 33 i
999 2330 77 33 dess
1092 2341 70 30 nya
1177 2329 132 41 lydelse
1324 2341 112 21 avses.
