2202 2672
752 219 204 37 Lagutskottets
983 219 151 30 Utlåtande
1156 218 46 30 Nr
1228 221 49 28 33.
1790 216 12 30 1

924 797 70 43 Nr
1023 797 85 44 33.

744 961 112 24 Ankom
879 960 38 26 till
942 961 175 31 Riksdagens
1138 960 90 26 kansli
1250 960 54 26 den
1325 960 33 26 29
1380 968 74 18 mars
1475 960 68 26 1910
1564 961 35 25 kl.
1622 959 12 27 1
1656 969 22 18 e.
1702 969 33 17 m.

544 1107 185 35 Utlåtande
769 1108 13 33 i
823 1107 184 45 anledning
1050 1106 48 44 af
1128 1107 102 35 väckt
1270 1107 125 35 motion
1438 1118 52 24 om
1531 1106 181 47 skrifvelse
1757 1107 52 35 till

643 1179 130 45 Kungl.
805 1179 109 44 Maj:t
943 1181 176 44 angående
1147 1179 118 45 tillägg
1295 1179 51 36 till
1375 1179 99 45 lagen
1493 1181 64 34 den
1578 1181 24 33 4
1621 1181 74 41 maj
1710 1181 97 34 1906

644 1252 177 44 angående
846 1251 134 43 förbud
1006 1253 13 34 i
1046 1253 96 34 vissa
1167 1251 76 47 fall
1262 1254 65 43 för
1357 1250 96 45 bolag
1483 1252 59 35 och
1562 1253 168 45 förening
1761 1255 49 32 att

634 1327 195 43 förvärfva
852 1324 81 43 fast
959 1325 158 43 egendom
1145 1336 42 23 m.
1219 1336 43 22 m.

325 1484 64 37 Uti
424 1498 43 23 en
501 1485 99 36 inom
630 1484 128 37 Andra
786 1486 212 35 kammaren
1029 1484 115 45 väckt,
1174 1484 59 36 till
1262 1484 241 49 lagutskottet
1532 1483 174 36 hänvisad
1734 1495 75 24 mo-

215 1540 90 45 tion,
349 1552 43 23 nr
431 1540 83 43 108,
546 1537 111 38 hafva
692 1538 128 37 herrar
853 1539 95 36 Karl
976 1538 126 45 Staaff,
1133 1538 165 44 Fridtjuv
1326 1538 104 46 Berg,
1459 1538 113 35 Jakob
1599 1537 207 45 Pettersson,

216 1595 68 35 Ad.
338 1594 177 42 Wiklund,
547 1593 47 37 D.
630 1593 153 37 Persson
810 1593 12 35 i
851 1592 182 50 Tällberg,
1064 1593 47 35 E.
1142 1593 45 36 A.
1217 1592 139 41 Nilson,
1389 1592 83 36 Carl
1499 1592 157 35 Jansson
1684 1592 12 34 i
1723 1590 86 37 Eds-

216 1647 147 44 bäcken,
408 1647 41 36 G.
488 1647 168 44 Jansson,
691 1647 35 36 J.
758 1647 155 44 Bromée,
941 1647 47 35 K.
1021 1647 42 35 G.
1095 1646 186 43 Karlsson,
1313 1647 63 35 Th.
1409 1649 47 43 af
1478 1646 215 45 Callerholm,
1727 1646 83 35 Carl

217 1701 167 36 Carlsson
425 1701 131 44 Bonde,
600 1701 119 36 Johan
756 1701 182 45 Ericsson,
974 1700 36 36 S.
1045 1700 47 36 H.
1123 1700 245 45 Kvarngelius,
1399 1700 163 47 Frithiof
1585 1699 222 45 Söderbergh,

214 1756 79 36 Joh.
339 1756 125 44 Ström,
510 1756 42 36 LDL.
597 1755 99 37 Gust.
736 1755 158 44 Broomé,
939 1755 114 36 Ernst
1093 1754 187 45 Beckman,
1326 1754 89 36 Axel
1455 1754 132 36 Schotte
1602 1755 85 35 och
1716 1754 94 35 Karl

215 1809 170 36 Starbäck
413 1808 121 37 anfört
560 1807 175 51 följande:

327 1879 12 18 »
347 1862 74 37 Vid
452 1864 100 37 1909
583 1862 55 38 års
662 1862 149 51 riksdag
839 1861 176 51 föreslogs
1045 1863 12 36 i
1086 1863 181 36 motionen
1298 1875 42 24 nr
1374 1864 68 36 127
1476 1860 40 38 af
1539 1861 269 38 undertecknad

217 1918 89 36 Karl
330 1916 116 39 Staaff
468 1930 47 23 m.
543 1917 57 36 £fl.:

324 1971 68 50 1:o)
421 1975 55 33 att
516 1971 208 50 Riksdagen
766 1970 109 38 måtte
918 1972 11 35 i
962 1971 190 36 skrifvelse
1184 1971 60 36 till
1272 1970 137 49 Kungl.
1434 1971 108 48 Maj:t
1570 1970 155 47 anhålla,
1755 1975 53 32 att

214 2026 143 49 Kungl.
386 2026 108 48 Maj:t
522 2025 139 37 täcktes
689 2030 141 32 snarast
857 2025 147 50 möjligt
1032 2026 75 35 låta
1126 2025 171 37 utarbeta
1315 2025 68 36 och
1402 2023 56 38 för
1474 2024 206 49 Riksdagen
1697 2026 111 35 fram-

215 2080 105 48 lägga
346 2080 137 49 förslag
510 2080 60 36 till
598 2078 129 38 sådant
754 2080 132 48 tillägg
913 2079 60 36 till
1001 2079 109 49 lagen
1138 2078 186 50 angående
1352 2077 138 38 förbud
1518 2079 12 36 i
1555 2079 89 36 vissa
1668 2078 64 37 fall
1751 2078 57 37 för

215 2135 110 49 bolag
366 2135 68 35 och
472 2132 169 51 förening
669 2138 55 31 att
747 2132 189 38 förvärfva
963 2132 71 37 fast
1063 2133 178 49 egendom
1269 2133 70 36 den
1369 2134 22 36 4
1421 2133 72 49 maj
1526 2134 113 44 1906,
1669 2137 65 42 att,
1765 2133 43 36 då

214 2186 93 38 aftal
343 2201 62 23 om
446 2186 140 38 förvärf
625 2188 116 48 enligt
783 2188 124 49 lagens
940 2189 21 35 3
997 2187 18 49 $
1044 2192 62 43 ägt
1133 2200 94 33 rum,
1257 2189 119 34 staten
1405 2187 88 36 eller
1517 2186 70 37 den
1615 2187 190 45 kommun,

214 2241 66 37 där
322 2242 67 36 den
428 2240 236 38 förvärfvade
698 2240 130 50 jorden
868 2254 86 24 vore
993 2241 167 50 belägen,
1202 2240 247 50 berättigades
1477 2242 46 47 på
1551 2241 93 36 vissa
1671 2241 138 37 villkor

214 2296 116 37 inlösa
353 2296 225 45 densamma;

260 2356 78 46 Bih.
356 2360 42 30 till
429 2360 97 30 Riksd.
553 2360 81 30 Prot.
662 2361 94 29 1910.
806 2361 19 28 7
851 2360 87 30 Saml.
990 2360 36 29 31
1057 2360 83 35 Häft.
1190 2357 55 40 (Nr
1271 2358 59 40 33).
1745 2358 13 30 1
