2207 2673
752 221 209 38 Lagutskottets
989 225 149 30 Utlåtande
1161 228 45 28 Nr
1231 230 50 28 33.
1794 237 16 27 9

218 293 195 38 utskottets
441 296 212 50 tillstyrkan
683 321 48 5 —
762 301 137 38 bifallit
926 304 188 38 enahanda
1134 305 279 55 framställning.
1469 310 186 53 Förslaget
1670 314 141 51 bygger

216 348 45 47 på
303 347 71 37 den
409 350 198 50 principen,
636 358 54 31 att
719 355 61 37 det
807 356 248 41 öfverhufvud
1084 366 100 45 taget
1210 363 80 37 icke
1313 367 39 33 är
1380 367 148 49 nyttigt,
1556 375 54 28 att
1639 368 174 51 bolagens

211 401 191 49 jordvälde
430 406 215 50 ytterligare
674 409 94 37 ökas.
826 411 70 38 Det
924 420 40 29 är
992 415 78 36 icke
1098 417 139 49 nyttigt
1265 431 43 23 ur
1336 421 111 35 social
1475 423 189 48 synpunkt
1691 425 122 36 därför

215 461 54 30 att
311 456 61 37 det
415 458 127 49 lägger
584 473 43 23 en
668 462 70 37 död
775 465 98 37 hand
907 466 101 38 öfver
1036 468 135 39 folkets
1201 473 154 36 utsikter
1383 478 55 32 att
1465 473 38 37 få
1530 478 200 36 tomtmark
1758 479 56 36 för

215 509 168 38 bostäder
412 513 66 36 och
503 515 83 48 jord
615 516 60 37 till
704 518 125 50 odling
857 527 93 31 samt
978 522 108 38 andel
1115 525 12 35 i
1156 525 198 50 skogarnas
1381 530 323 52 nettoatkastning.
1742 532 72 37 Det

213 564 151 37 innebär
392 568 68 35 ock
489 581 44 23 ur
560 569 259 50 skogsvårdens
847 578 188 47 synpunkt
1059 584 94 32 stora
1181 579 327 53 äfventyrligheter
1535 584 58 37 för
1617 585 194 39 framtiden

215 631 130 35 genom
371 620 62 37 det
461 625 200 47 uttagande
690 625 40 37 af
755 629 297 50 skogskapitalet,
1080 646 76 24 som
1184 633 76 38 förr
1279 637 90 35 eller
1397 650 125 25 senare
1552 639 73 37 blir
1653 654 44 23 en
1721 640 91 51 följd

213 685 133 36 genom
380 675 45 37 de
452 678 95 35 stora
576 679 227 52 skogsköpen
832 684 59 36 till
919 685 164 49 stigande
1111 688 293 52 köpeskillingar.
1439 693 80 37 Den
1535 702 137 30 senaste
1691 696 120 50 skogs-

213 728 257 38 kommmittén
512 730 174 40 framhöll
732 736 107 37 också
881 739 109 39 detta.
1053 740 183 49 »Staten»,
1279 746 102 36 heter
1421 747 63 36 det
1516 748 12 35 i
1558 749 253 48 betänkandet,

215 783 172 36 >hvilken
426 788 38 33 är
501 785 126 38 afsedd
655 794 55 31 att
737 789 171 40 fortlefva
936 794 11 35 i
976 793 216 40 årtusenden
1220 798 67 36 och
1312 800 67 36 har
1406 801 60 36 till
1494 815 43 24 en
1566 804 37 35 af
1630 805 78 35 sina
1736 806 76 35 vik-

212 836 128 48 tigaste
371 840 185 48 uppgifter
584 844 53 34 att
655 844 111 45 tillse,
787 851 53 30 att
860 847 68 36 den
945 848 168 38 lefvande
1133 854 255 46 generationen
1409 854 37 37 så
1464 855 102 37 utför
1585 857 62 36 det
1665 859 147 36 kultur-

214 890 131 48 arbete,
390 905 75 24 som
510 901 39 30 är
590 895 70 37 den
699 896 191 52 förelagdt,
927 906 55 33 att
1014 904 220 38 kommande
1262 908 159 37 släktens
1448 910 195 38 lifsvillkor
1671 913 32 48 ej
1733 913 78 37 där-

212 944 145 48 igenom
396 945 190 50 försvåras,
629 957 39 30 är
708 954 117 49 enligt
866 956 71 36 alla
973 957 142 38 länders
1152 959 206 40 erfarenhet
1394 963 68 37 den
1490 973 172 41 yppersta
1690 968 119 49 skogs-

212 1005 165 42 ägaren.»
407 1001 231 39 Detsamma
667 1005 70 37 kan
765 1008 13 36 i
808 1011 177 49 väsentlig
1013 1012 58 36 del
1099 1020 103 43 sägas
1231 1028 61 24 om
1316 1017 347 52 kommunalskogar
1692 1023 117 36 under

213 1054 260 51 statskontroll.

317 1109 54 36 Ar
416 1110 101 36 detta
560 1125 44 23 en
632 1114 112 50 riktig
772 1117 142 50 princip
944 1119 65 36 bör
1037 1133 85 24 man
1152 1123 87 35 söka
1266 1124 109 37 vinna
1403 1126 227 39 erkännande
1659 1128 38 37 åt
1726 1131 81 36 den-

211 1174 150 35 samma,
406 1165 187 37 hvarhelst
633 1173 53 31 ett
724 1169 149 39 tillfälle
906 1186 126 36 yppas.
1089 1176 65 36 Ett
1182 1176 130 39 sådant
1339 1178 150 39 tillfälle
1518 1183 251 51 tillvaratages
1796 1186 12 34 i

209 1216 198 38 motionen.
465 1220 107 37 Först
599 1222 112 36 sedan
739 1226 37 34 så
804 1226 96 36 skett
927 1228 69 36 kan
1027 1241 86 24 man
1142 1231 168 46 beräkna,
1340 1236 55 34 att
1422 1234 137 39 krafter
1583 1238 102 36 skola
1715 1242 93 34 sätta

209 1270 55 49 sig
292 1271 11 35 i
331 1273 133 36 rörelse
493 1273 57 37 för
578 1281 55 31 att
661 1280 163 47 utnyttja
853 1281 209 39 detsamma.
1107 1284 72 37 Det
1207 1293 39 29 är
1270 1288 148 37 vackert
1437 1289 47 46 så,
1506 1304 60 23 om
1587 1292 100 36 detta
1706 1293 100 37 kom-

210 1337 79 24 mer
322 1331 55 31 att
411 1328 61 36 ske
501 1329 12 35 i
536 1329 129 51 många
695 1333 79 44 fall,
805 1335 103 36 äfven
938 1350 59 22 om
1026 1338 60 36 det
1114 1340 32 47 ej
1177 1340 70 36 kan
1278 1348 66 42 äga
1371 1356 83 23 rum
1484 1344 12 36 1
1525 1346 74 35 alla
1628 1348 90 36 eller
1746 1361 61 24 ens

208 1378 13 35 i
249 1379 43 36 de
334 1380 111 37 flesta.
501 1382 56 37 En
590 1386 151 36 särskild
775 1388 181 50 betydelse
984 1391 67 36 har
1079 1391 175 53 förslaget
1282 1396 227 47 därutinnan,
1539 1402 55 34 att
1622 1401 61 36 det
1711 1403 95 37 inne-

208 1433 108 37 fattar
357 1440 53 31 ett
450 1436 80 38 litet
572 1438 127 50 bidrag
738 1442 57 36 till
837 1444 187 47 lösningen
1058 1446 41 37 af
1128 1448 128 49 frågan
1289 1463 60 24 om
1380 1451 187 39 bildandet
1595 1456 38 35 af
1661 1457 143 37 socken-

208 1488 280 51 allmänningar.
545 1491 71 38 Det
644 1502 39 28 är
710 1496 201 50 säkerligen
939 1498 91 38 både
1059 1501 54 36 för
1141 1502 153 50 skogens
1322 1506 88 36 vård
1438 1507 66 36 och
1532 1509 273 49 afkastningens

209 1541 175 51 behöriga
417 1546 236 50 användning
686 1549 60 36 det
779 1552 92 35 enda
903 1554 144 48 riktiga,
1082 1561 55 30 att
1165 1560 232 47 utskogarna,
1427 1562 65 35 där
1521 1563 42 35 de
1591 1565 32 47 ej
1653 1565 152 36 tillhöra

208 1600 128 41 staten,
365 1598 136 38 brukas
528 1602 169 36 samfäldt
725 1605 38 35 af
801 1605 245 40 kommunens.
1065 1594 213 65 medlemmar
1326 1614 11 34 i
1366 1616 121 36 stället
1515 1617 58 36 för
1600 1624 53 30 att
1673 1626 133 42 utstyc-

201 1650 68 36 kas
298 1650 46 49 på
372 1653 120 36 skilda
520 1654 146 38 händer.

313 1704 328 41 Hufvudsumman
671 1717 39 30 är
738 1714 207 36 emellertid
973 1728 78 24 som
1080 1718 118 49 sagdt,
1226 1725 54 30 att
1310 1722 178 37 utskottet
1516 1724 30 49 ej
1576 1725 67 36 har
1671 1725 133 49 någon-

206 1758 80 48 ting
328 1767 99 29 emot
470 1769 88 29 utan
593 1767 114 34 såsom
736 1765 60 37 det
824 1780 107 37 synes
959 1782 143 25 snarare
1130 1777 112 44 gärna
1274 1787 66 33 ser,
1368 1779 55 33 att
1452 1777 155 50 bolagen
1637 1779 37 37 få
1699 1787 106 44 »taga

202 1812 131 48 jorden
362 1813 94 39 ifrån
485 1817 222 38 bönderna».

312 1977 231 45 Beträffande
570 1983 175 36 utskottets
774 1985 204 37 hemställan
1007 1989 110 35 under
1140 1990 71 35 2:0:

312 2084 39 37 af
377 2086 126 37 herrar
539 2089 134 47 Widén,
704 2091 217 47 Lindhagen,
954 2095 195 37 Pettersson
1172 2096 81 37 från
1282 2097 210 52 Södertälje,
1521 2103 181 37 Jansson
1686 2093 20 60 i
1718 2104 84 37 Eds-

206 2138 150 46 bäcken,
386 2141 179 46 Berggren
593 2143 67 37 och
692 2145 124 38 Olsson
843 2147 13 36 i
884 2146 74 47 See,
990 2149 127 37 hvilka
1145 2156 128 40 ansett,
1289 2159 54 29 att
1363 2154 68 36 den
1447 2157 235 38 norrländska
1696 2159 106 48 lagen

206 2205 60 23 om
309 2192 136 39 förbud
473 2196 12 35 i
512 2197 94 36 vissa
635 2196 66 38 fall
729 2202 53 34 att
810 2200 185 39 förvärfva
1023 2202 73 38 fast
1124 2206 177 48 egendom
1332 2208 65 36 bör
1424 2211 200 36 utsträckas
1648 2219 54 30 att
1730 2226 71 24 om-

205 2247 95 36 fatta
327 2248 76 37 hela
433 2249 201 49 Gäfleborgs
659 2253 60 36 län
747 2254 68 36 och
844 2256 124 37 därför
995 2258 121 49 yrkat,
1144 2262 55 34 att
1226 2261 205 49 Riksdagen
1460 2263 112 38 måtte
1596 2265 56 38 för
1672 2267 53 36 sin
1744 2267 59 37 del

205 2306 133 44 antaga
366 2301 162 51 följande

250 2365 68 30 Bih.
345 2366 45 30 till
413 2367 102 31 Biksd.
542 2369 80 31 Prot.
648 2371 96 31 1910.
794 2374 19 27 7
838 2371 91 34 Saml.
980 2377 36 27 31
1044 2376 88 37 Häft.
1739 2385 17 29 2
