1900 2834
298 185 37 31 16
753 190 274 30 Statsutskottets
1052 189 176 30 utlåtande
1253 199 42 20 nr
1320 189 29 30 3.

651 276 50 28 att
722 273 184 35 riksdagen
925 272 58 31 må
1003 272 50 30 till
1074 273 105 30 Extro
1202 273 139 36 utgifter
1361 272 54 30 för
1438 271 200 37 budgetåret
1662 269 143 33 1947/48

608 324 120 30 anvisa
745 327 46 27 ett
808 323 345 36 reservationsanslag
1174 332 42 21 av
1235 323 41 30 30
1289 323 64 30 000
1373 323 138 29 kronor.

763 468 356 51 Uppskjutna
1144 464 203 55 frågor.

343 566 90 40 26:0)
477 567 179 35 Utskottet,
696 575 75 21 som
811 566 112 30 denna
959 567 67 35 dag
1054 566 137 36 avgiver
1216 566 138 31 särskilt
1380 565 176 31 utlåtande
1585 565 222 31 beträffande

300 619 120 37 Kungl.
440 618 119 37 Maj:ts
576 618 128 36 förslag
725 618 110 30 under
854 617 156 37 punkten
1031 617 53 30 17:
1106 617 149 30 Förenta
1275 616 219 37 Nationerna,
1517 617 159 29 kommer
1695 616 106 30 fram-

299 670 89 30 deles
410 673 49 27 att
484 669 121 36 avgiva
627 668 178 31 utlåtande
828 669 10 29 i
862 667 99 37 fråga
984 677 57 21 om
1063 667 270 31 nedannämnda
1355 677 41 21 av
1420 667 122 36 Kungl.
1567 666 101 36 Maj:t
1692 666 112 31 under

298 721 155 36 följande
475 721 150 35 punkter
644 719 219 31 framställda
883 719 139 36 förslag,
1044 718 173 36 nämligen

344 770 156 37 punkten
520 771 55 30 21:
597 769 454 37 Upplysningsverksamhet
1071 770 10 29 i
1100 768 156 31 utlandet
1277 767 177 37 angående
1476 767 135 37 Sverige
1632 768 67 30 och

343 822 155 37 punkten
523 822 54 30 29:
601 820 211 38 Barntillägg
833 820 34 31 åt
889 820 90 31 vissa
1002 820 341 35 befattningshavare
1365 820 10 29 i
1398 822 127 28 statens
1549 819 120 36 tjänst;

343 871 105 31 vilket
468 872 163 30 utskottet
651 870 146 31 härmed
818 869 55 32 får
893 870 55 30 för
969 869 183 36 riksdagen

916 937 148 31 anmäla,

347 1031 201 31 Stockholm
568 1032 66 29 den
653 1031 41 30 25
714 1029 154 31 februari
891 1030 93 30 1947.

803 1179 48 31 På
871 1180 266 31 statsutskottets
1158 1180 144 35 vägnar:

858 1264 28 30 J.
908 1264 36 31 B.
968 1262 271 32 JOHANSSON.

344 1533 63 31 Vid
431 1533 217 38 förestående
676 1532 145 31 ärendes
848 1531 292 37 slutbehandlling
1166 1532 94 29 inom
1288 1530 163 31 utskottet
1476 1531 91 29 hava
1591 1529 168 31 närvarit:

342 1592 79 32 från
462 1593 166 30 första
662 1591 218 30 kammaren:
908 1591 119 29 herrar
1056 1590 114 30 Johan
1198 1589 181 30 Bernhard
1408 1589 207 35 Johansson,
1642 1588 161 34 Larsson,

300 1636 80 30 Karl
396 1636 207 34 Andersson,
622 1634 123 30 Gustaf
765 1634 173 34 Karlsson,
958 1632 157 37 Heiding,
1135 1632 123 30 Gustaf
1278 1632 90 30 Iwar
1384 1631 189 36 Anderson,
1593 1631 124 30 fröken
1737 1630 66 30 An-

299 1679 151 37 dersson,
473 1679 120 29 herrar
616 1677 185 35 Gillström,
823 1685 66 21 von
911 1676 145 35 Heland,
1079 1674 146 37 Berling,
1249 1674 129 30 Wetter
1402 1674 65 30 och
1492 1674 198 36 Lundgren;
1715 1674 90 29 samt

342 1746 81 31 från
482 1746 121 30 andra
632 1746 218 29 kammaren:
870 1744 121 30 herrar
1009 1742 194 36 Törnkvist,
1223 1742 178 37 Skoglund
1417 1743 11 29 i
1448 1742 219 36 Doverstorp,
1687 1740 116 31 Eriks-

300 1799 60 20 son
380 1790 11 29 i
417 1789 210 36 Stockholm,
654 1788 170 30 Svensson
849 1787 10 30 i
880 1786 162 36 Grönvik,
1067 1785 106 36 Falla,
1199 1784 225 36 Mårtensson,
1450 1785 194 30 Pettersson
1669 1784 10 30 i
1702 1783 101 35 Dahl,

299 1827 208 41 Åkerström,
531 1832 131 35 Hoppe,
684 1831 172 35 Thapper,
876 1830 146 29 Persson
1041 1828 12 30 i
1071 1828 149 37 Vinberg
1242 1828 66 30 och
1329 1828 145 29 Persson
1496 1828 10 29 i
1530 1826 188 37 Svensköp.

495 2451 183 28 Stockholm,
697 2450 85 27 1947.
804 2449 109 35 Kungl.
932 2448 235 35 Boktryckeriet
1186 2447 32 28 P.
1240 2448 32 26 A.
1295 2447 145 27 Norstedt
1458 2447 23 26 &
1501 2446 105 27 Söner.

999 2499 97 20 470704
