1904 2834
518 145 302 36 Statsutskottets
844 143 190 35 utlåtande
1058 142 54 35 Nr
1135 144 53 31 61.
1582 140 19 31 7

782 502 68 42 Nr
877 501 66 42 61.

703 648 105 26 Ankom
828 647 40 26 till
888 646 152 32 riksdagens
1059 644 85 26 kansli
1162 644 51 25 den
1234 646 32 23 27
1287 651 69 17 mars
1377 644 67 24 1936
1464 641 34 26 kl.
1521 643 31 24 12
1573 649 34 17 m.

336 766 195 35 Utlåtande
556 765 11 34 i
591 764 193 41 anledning
809 775 45 21 av
879 761 133 42 Kungl.
1038 760 128 42 Maj:ts
1182 758 225 44 proposition
1424 756 186 42 angående

546 818 234 41 avskrivning
814 829 45 21 av
893 815 55 34 till
973 814 165 35 Västerås
1162 813 68 34 och
1253 811 111 43 Växjö
1390 809 221 43 domkyrkor

546 871 211 35 utlämnade
783 871 68 33 lån.

1378 909 68 43 (2:a
1470 908 96 42 avd.)

165 1020 18 34 I
207 1031 44 22 en
276 1019 55 33 till
356 1017 189 42 riksdagen
571 1016 155 38 avlåten,
753 1014 68 33 den
846 1017 40 30 21
913 1011 156 35 februari
1096 1014 83 30 1936
1205 1007 228 44 dagtecknad
1452 1006 160 44 proposi-

121 1073 88 40 tion,
234 1085 42 21 nr
302 1075 73 36 111,
400 1071 65 33 har
490 1069 133 42 Kungl.
649 1067 122 43 Maj:t,
796 1067 113 33 under
934 1064 226 43 åberopande
1185 1075 46 22 av
1256 1062 63 34 vid
1343 1060 271 45 propositionen

122 1127 100 43 fogat
247 1126 132 41 utdrag
403 1136 45 22 av
466 1121 398 44 statsrådsprotokollet
881 1123 85 30 över
983 1116 384 37 ecklesiastikärenden
1384 1115 55 34 för
1456 1113 158 35 nämnda

122 1181 79 42 dag,
237 1179 195 39 hemställt,
469 1182 56 29 att
561 1176 189 43 riksdagen
785 1174 84 34 ville
897 1172 177 44 medgiva,
1104 1176 55 30 att
1184 1183 42 22 ur
1250 1169 365 43 riksgäldskontorets

123 1234 241 42 räkenskaper
387 1232 60 34 må
471 1230 187 35 avskrivas
683 1233 138 30 statens
839 1227 147 35 fordran
1003 1226 74 34 dels
1095 1226 20 33 å
1132 1218 483 53 domkyrkokommissionen

123 1289 11 33 i
169 1288 169 34 Västerås
367 1287 47 42 på
438 1284 116 44 grund
579 1296 45 22 av
650 1283 60 34 det
735 1282 62 34 vid
824 1284 218 32 1859—1860
1068 1280 55 33 års
1147 1278 146 42 riksdag
1316 1276 181 43 beviljade
1520 1276 96 33 låne-

124 1340 237 36 understödet
384 1340 55 33 till
463 1338 169 35 Västerås
657 1336 202 43 domkyrka
884 1336 20 33 å
928 1337 120 37 28,000
1072 1333 70 40 rdr,
1168 1332 74 34 dels
1263 1331 67 34 ock
1347 1331 21 33 å
1383 1329 116 43 Växjö
1517 1329 99 33 dom-

124 1395 137 44 kapitel
296 1395 47 42 på
379 1393 115 43 grund
526 1404 45 22 av
596 1391 62 34 det
682 1390 80 34 från
787 1389 124 42 anslag
934 1389 20 33 å
978 1387 195 34 riksstaten
1197 1386 55 33 för
1276 1384 216 43 budgetåret
1518 1381 100 37 1923/

127 1453 85 31 1924
247 1448 114 35 under
391 1446 161 43 Utgifter
577 1445 55 34 för
655 1442 277 45 kapitalökning
955 1442 67 33 och
1046 1440 170 35 rubriken
1240 1436 297 37 Låneunderstöd
1562 1440 55 29 ut-

125 1503 167 34 lämnade
317 1500 172 35 räntefria
513 1500 99 33 lånet
636 1498 55 33 till
714 1496 117 43 Växjö
856 1494 201 44 domkyrka
1081 1494 21 33 å
1125 1496 121 38 20,000
1270 1492 142 34 kronor.

172 1603 55 33 Av
253 1597 398 44 statsrådsprotokollet
675 1596 193 38 inhämtas,
886 1598 56 30 att
959 1590 397 46 departementschefen
1373 1589 55 34 för
1448 1600 87 31 egen
1552 1588 67 39 del,

128 1657 90 33 efter
243 1659 57 30 att
323 1654 96 34 hava
442 1653 140 33 lämnat
606 1662 43 22 en
674 1648 221 43 redogörelse
920 1647 54 34 för
999 1647 69 34 den
1092 1646 10 34 i
1128 1645 148 35 ärendet
1301 1642 242 44 föreliggande
1563 1646 56 29 ut-

129 1709 205 42 redningen,
359 1706 121 35 anfört
505 1704 173 43 följande:

174 1772 125 34 Såsom
336 1769 156 42 framgår
528 1780 46 22 av
608 1767 68 34 den
700 1765 167 35 lämnade
891 1764 246 42 redogörelsen
1163 1766 38 30 är
1225 1761 126 42 frågan
1376 1772 59 22 om
1460 1759 161 34 avskriv-

130 1818 86 41 ning
251 1828 46 21 av
332 1812 276 44 ifrågavarande
642 1811 95 34 båda
761 1811 60 33 lån
846 1822 45 21 av
916 1808 172 43 gammalt
1113 1807 136 34 datum.
1281 1800 26 51 I
1341 1804 281 42 statsverkspro-

130 1861 204 44 positionen
358 1859 56 33 till
439 1861 85 31 1926
550 1858 56 32 års
630 1855 146 42 riksdag
799 1853 164 35 uttalade
988 1853 53 42 sig
1064 1851 151 35 sålunda
1235 1849 207 35 dåvarande
1460 1849 163 42 departe-

131 1904 246 36 mentschefen
406 1903 54 33 för
485 1915 44 21 en
554 1900 234 41 avskrivning
812 1911 46 21 av
883 1898 61 33 det
968 1898 55 33 till
1047 1896 115 42 Växjö
1187 1895 203 42 domkyrka
1414 1892 210 35 utlämnade

131 1952 97 33 lånet
261 1961 83 22 men
369 1948 109 41 ansåg
503 1947 53 41 sig
579 1946 77 33 icke
681 1945 46 33 då
751 1944 88 33 böra
864 1942 138 39 föreslå,
1030 1946 56 29 att
1109 1940 182 42 budgeten
1316 1938 202 34 belastades
1542 1936 82 34 med

132 1995 124 41 anslag
291 1994 55 33 för
382 1992 101 33 detta
520 1990 178 38 ändamål,
729 2000 83 22 vars
836 1985 280 44 tillgodoseende
1140 1985 72 33 han
1237 1984 111 33 funne
1372 1983 124 33 kunna
1520 1982 105 33 anstå

132 2040 55 34 till
223 2043 54 29 ett
312 2036 217 35 kommande
568 2034 186 42 budgetår.
803 2033 81 33 Den
918 2044 45 21 av
993 2029 224 42 fullmäktige
1242 2029 11 33 i
1278 2027 347 43 riksgäldskontoret

134 2082 261 36 föranstaltade
420 2080 238 42 utredningen
683 2091 60 30 ger
767 2077 62 34 vid
852 2076 153 40 handen,
1023 2080 56 29 att
1096 2074 227 42 domkyrkan
1340 2073 77 33 icke
1436 2075 37 30 är
1490 2071 11 34 i
1519 2070 107 35 stånd

134 2134 55 29 att
225 2128 107 43 gälda
367 2127 54 33 sin
452 2124 275 43 ifrågavarande
753 2122 105 34 skuld
882 2121 110 33 bland
1018 2124 112 30 annat
1153 2120 46 41 på
1224 2118 116 42 grund
1365 2130 45 21 av
1436 2121 56 29 att
1516 2116 110 41 några

134 2174 198 34 inkomster
356 2171 80 33 från
460 2170 153 33 Kalmar
637 2167 202 43 domkyrka
862 2166 145 42 jämlikt
1031 2169 54 29 ett
1110 2176 45 21 av
1177 2167 84 30 1925
1280 2163 55 33 års
1353 2161 145 42 riksdag
1514 2160 113 34 fattat

134 2219 118 33 beslut
276 2217 78 33 icke
379 2215 179 33 överförts
583 2213 53 34 till
661 2213 83 33 eller
769 2211 72 33 fått
866 2210 207 42 disponeras
1098 2220 45 22 av
1169 2207 117 42 Växjö
1311 2206 212 42 domkyrka.
1571 2205 56 32 Av

135 2263 68 33 den
228 2259 243 43 föreliggande
496 2257 239 41 utredningen
760 2255 103 33 torde
887 2254 136 42 jämväl
1048 2253 148 41 framgå,
1222 2256 56 29 att
1304 2251 61 33 det
1390 2251 54 32 för
1459 2249 169 34 Västerås

136 2306 202 41 domkyrka
363 2304 122 38 skulle,
511 2315 58 20 om
595 2300 265 41 återbetalning
884 2311 44 20 av
952 2297 244 42 domkyrkans
1214 2296 105 33 skuld
1337 2295 55 33 till
1409 2293 220 34 statsverket

135 2350 165 38 krävdes,
326 2349 10 32 i
363 2347 193 34 framtiden
582 2345 222 42 uppkomma
829 2342 206 43 betydande
1061 2341 220 41 svårigheter
1306 2343 57 29 att
1379 2337 189 42 tillgodose
1586 2337 43 32 de

137 2394 178 38 ändamål,
352 2393 55 32 för
442 2391 98 33 vilka
577 2389 245 42 domkyrkans
858 2387 114 33 medel
1002 2389 61 30 äro
1088 2384 167 34 avsedda.
1305 2381 324 41 Framställningen

137 2452 57 20 om
220 2436 235 42 avskrivning
479 2447 45 22 av
550 2435 44 32 de
618 2434 94 33 båda
736 2433 106 33 lånen
866 2432 64 32 har
955 2431 106 33 också
1087 2432 81 31 rönt
1193 2427 198 35 understöd
1417 2427 78 33 från
1521 2430 108 29 samt-

137 2484 70 42 liga
232 2483 10 33 i
269 2481 147 35 ärendet
440 2479 114 35 hörda
579 2477 261 44 myndigheter.
