1875 2834
268 195 20 30 4
596 192 387 31 Jordbruksutskottets
999 191 178 31 utlåtande
1192 201 42 20 nr
1249 192 18 29 8
1282 192 38 29 år
1337 191 82 29 1968

267 275 118 30 täcker
411 274 469 40 förrättningskostnaderna
907 274 111 30 skulle
1045 275 87 29 dock
1159 275 107 29 kräva
1293 276 47 27 ett
1367 274 137 39 mycket
1531 272 218 30 omfattande

267 320 116 30 arbete
411 320 64 30 och
504 321 90 29 stöta
623 320 44 40 på
695 322 92 28 stora
817 320 212 39 svårigheter
1057 320 170 30 beroende
1257 319 45 40 på
1331 321 49 28 att
1410 318 203 40 uppdragen
1644 318 37 29 är
1713 317 37 30 så

267 366 69 29 rikt
351 365 278 30 diffirentierade
644 366 64 29 och
724 367 49 28 att
789 366 131 29 arbetet
935 367 38 28 är
989 365 36 30 så
1042 364 318 31 svårkontrollerat.

312 411 63 29 Det
395 411 62 29 bör
476 411 117 30 vidare
615 411 206 30 framhållas
842 413 50 27 att
913 411 422 29 lantbruksnämndernas
1359 410 141 30 service-
1523 410 64 28 och
1610 409 140 39 upplys-

267 456 326 40 ningsverksamhet
618 456 52 29 till
697 466 41 19 en
765 456 272 29 förhållandevis
1064 456 138 39 mycket
1227 456 195 39 betydande
1450 455 52 30 del
1532 456 37 28 är
1595 454 71 29 helt
1695 463 54 20 av-

267 501 142 40 giftsfri.
428 502 67 29 För
514 502 186 39 utredning
720 511 73 20 som
813 510 99 21 avser
930 503 90 37 yttre
1040 501 280 40 rationalisering
1340 501 65 29 och
1425 500 54 30 för
1499 500 149 39 muntlig
1668 501 82 29 eller

268 547 153 39 skriftlig
451 547 205 39 rådgivning
687 556 73 20 som
791 547 70 29 inte
891 547 124 29 kräver
1046 546 150 30 särskild
1228 546 186 39 utredning
1446 546 81 30 eller
1560 546 189 29 undersök-

268 592 82 40 ning
370 592 100 40 utgår
490 592 146 30 sålunda
657 592 80 39 inga
755 591 157 40 avgifter.
934 592 63 29 Det
1017 592 70 29 kan
1107 592 85 29 även
1212 600 84 21 vara
1316 601 42 20 av
1377 591 146 30 intresse
1545 593 49 27 att
1615 591 135 39 påpeka

268 639 59 33 att,
351 647 56 20 om
430 638 101 29 dessa
555 637 252 39 förrättningar
831 637 87 29 hade
942 637 222 39 taxebelagts,
1189 638 41 29 de
1255 637 221 39 olägenheter
1501 646 74 20 som
1600 636 149 41 påtalats

268 692 42 20 av
327 683 259 29 motionärerna
604 683 238 38 otvivelaktigt
861 682 111 30 skulle
991 683 44 28 ha
1054 682 177 30 framträtt
1252 683 151 28 starkast
1423 682 43 39 på
1486 682 94 30 detta
1599 682 151 29 område.

267 810 385 40 Lantmäteristyrelsen
672 809 207 34 (19.2.1968)

313 890 387 37 Lantmäteristyrelsen
716 890 180 37 avstyrker
912 889 218 28 motionerna
1145 890 65 27 och
1224 889 102 28 anför
1343 889 132 28 därvid.

313 961 12 29 I
343 962 41 30 de
403 962 301 29 lantmäteritaxor
723 971 73 20 som
816 962 110 38 gällde
945 961 87 30 efter
1050 962 253 30 lantmäteriets
1323 961 266 39 förstatligande
1610 961 38 29 år
1670 960 81 30 1948

269 1006 91 30 fram
386 1006 51 30 till
464 1007 66 29 den
558 1007 13 28 1
600 1007 143 28 oktober
773 1007 81 29 1966
882 1007 241 38 utnyttjandes
1151 1007 72 30 s.k,
1251 1006 299 38 sakersättningar
1578 1006 10 28 i
1615 1006 137 28 relativt

269 1053 72 28 stor
362 1051 223 39 omfattning.
609 1051 150 29 Motiven
784 1051 119 30 härför
926 1052 63 29 har
1013 1052 9 28 i
1045 1052 186 29 huvudsak
1254 1052 89 29 varit
1367 1051 167 39 följande.
1561 1050 191 30 Sakersätt-

268 1096 172 39 ningarna
461 1096 185 39 möjliggör
668 1106 42 20 en
735 1097 7 28 i
766 1097 91 29 vissa
881 1097 193 29 avseenden
1098 1097 186 39 smidigare
1309 1095 442 31 subventionsdifferentie-

268 1141 86 39 ring.
375 1141 122 30 Denna
516 1141 273 39 debiteringstyp
810 1141 185 40 möjliggör
1013 1142 117 29 vidare
1151 1151 44 20 en
1215 1141 214 30 automatisk
1449 1141 200 39 utjämning
1671 1141 81 29 mel-

270 1186 56 29 lan
353 1186 181 29 »enklare»>
562 1187 64 29 och
654 1186 177 30 »svårare»>
861 1186 252 39 förrättningar
1140 1196 42 20 av
1209 1196 134 20 samma
1370 1186 72 39 slag
1470 1186 126 29 liksom
1625 1186 127 29 mellan

269 1231 209 30 >snabbare»
500 1232 64 29 och
584 1232 156 30 »mindre
760 1232 149 29 snabba»
931 1232 325 39 förrättningsmän.
1276 1232 244 29 Kostnaderna
1539 1231 54 29 för
1612 1231 140 29 förrätt-

270 1276 122 39 ningar
416 1276 65 30 och
506 1276 158 40 uppdrag
689 1277 122 29 kunna
835 1276 8 29 i
870 1278 71 28 stor
967 1276 243 40 utsträckning
1236 1284 105 32 anges
1367 1277 10 29 i
1404 1276 130 39 förväg.
1562 1276 52 29 En
1641 1275 110 30 fördel

269 1322 38 29 är
327 1321 106 30 också
454 1323 49 28 att
524 1321 452 40 ersättningsberäkningen
999 1322 37 29 är
1058 1321 274 30 administrativt
1355 1321 100 30 enkel
1477 1339 45 3 —
1544 1321 102 39 ingen
1669 1321 84 29 tids-

268 1366 185 39 bokföring
469 1366 187 30 erfordras.

313 1410 241 39 Anledningen
577 1410 51 30 till
654 1412 48 28 att
727 1411 268 38 användningen
1020 1420 42 20 av
1086 1411 203 29 saktariffer
1314 1411 9 29 i
1349 1410 307 30 lantmäteritaxan
1682 1419 70 20 om-

271 1455 166 39 prövades
458 1455 38 30 år
519 1455 82 30 1966
622 1465 60 20 var
704 1457 48 28 att
773 1456 88 29 efter
882 1456 38 29 år
943 1455 82 30 1948
1048 1456 188 29 successivt
1259 1456 153 30 ändrade
1434 1455 246 30 förhållanden
1703 1455 49 29 in-

269 1500 134 29 träffat.
426 1501 52 29 En
501 1500 252 39 förutsättning
778 1500 53 29 för
855 1501 298 39 sakersättningar
1178 1503 37 28 är
1240 1503 49 27 att
1313 1502 41 28 de
1378 1510 79 20 avse
1482 1501 74 29 ofta
1580 1500 172 30 förekom-

270 1546 125 29 mande
422 1545 252 39 förrättningar
701 1546 82 28 eller
810 1546 157 38 uppdrag
994 1555 42 20 av
1062 1546 219 38 någorlunda
1307 1546 163 29 ensartad
1497 1545 255 30 beskaffenhet.

270 1590 130 29 Genom
432 1590 40 29 de
503 1590 159 39 partiella
695 1590 188 39 ändringar
916 1591 8 28 i
956 1590 344 40 jorddelningslagen
1333 1600 74 20 som
1441 1590 188 30 successivt
1663 1590 91 30 skett

270 1634 88 30 efter
375 1635 38 29 år
433 1634 82 30 1948
533 1635 64 29 har
614 1637 46 27 ett
680 1635 186 39 smidigare
885 1635 436 39 förrättningsförfarande
1341 1635 208 39 tillskapats.
1570 1635 185 39 Samtidigt

269 1680 64 29 har
354 1680 93 29 detta
469 1680 176 29 inneburit
668 1682 49 27 att
739 1681 146 38 tidigare
907 1681 137 29 relativt
1067 1681 183 29 ensartade
1275 1681 331 38 förrättningstyper
1630 1688 123 31 genom

270 1725 110 29 ökade
400 1725 485 39 kombinationsmöjligheter
905 1725 98 30 blivit
1025 1734 95 20 mera
1141 1726 164 29 variabla.
1328 1726 49 29 De
1399 1726 63 29 har
1484 1725 143 29 därmed
1649 1725 105 29 också

270 1778 42 20 ur
332 1770 261 39 taxesynpunkt
616 1770 97 29 blivit
735 1770 136 29 mindre
893 1770 160 39 lämpade
1076 1770 54 29 för
1154 1770 299 40 sakersättningar
1478 1770 177 39 samtidigt
1680 1779 74 20 som

270 1814 260 39 svårigheterna
560 1816 49 27 att
639 1815 244 29 åstadkomma
911 1817 47 27 ett
988 1815 265 38 representativt
1285 1815 187 30 statistiskt
1502 1815 168 39 underlag
1700 1815 54 29 för

271 1859 455 29 saktariffkonstruktioner
755 1860 91 29 ökat.
877 1860 73 28 Den
981 1860 281 29 administrativa
1291 1860 206 30 enkelheten
1527 1860 10 29 i
1568 1860 186 29 sakersätt-

270 1904 123 39 ningar
414 1904 149 29 framför
584 1904 287 39 tidersättningar
891 1905 66 29 blir
979 1905 29 38 ej
1033 1905 107 29 heller
1163 1905 69 29 lika
1255 1905 263 29 framträdande
1541 1905 9 28 i
1574 1905 180 29 kombina-

270 1949 211 29 tionsfallen.
504 1949 126 30 Härtill
654 1949 157 29 kommer
835 1951 50 28 att
908 1950 65 29 den
998 1950 145 39 tidigare
1167 1950 137 29 relativt
1328 1949 152 40 kraftiga
1505 1950 9 29 i
1540 1950 214 29 lantmäteri-

271 1995 104 28 taxan
396 1994 172 38 inbyggda
589 1994 351 39 subventioneringen
962 2004 41 20 av
1024 1995 253 29 lantmäteriets
1300 1995 455 38 förrättningsverksamhet

271 2038 106 30 sedan
401 2038 38 30 år
466 2038 82 30 1948
573 2047 123 30 genom
722 2039 195 29 successiva
940 2039 113 29 beslut
1079 2049 41 20 av
1145 2040 272 29 statsmakterna
1442 2040 204 39 begränsats
1673 2039 82 29 eller

270 2085 126 28 ersatts
417 2093 41 20 av
478 2085 90 37 yttre
590 2084 306 39 subventionering
916 2102 45 3 —
980 2087 23 27 t.
1017 2094 50 20 ex.
1091 2093 122 31 genom
1236 2085 132 39 bidrag.
1392 2085 48 30 De
1463 2085 146 39 tidigare
1634 2085 119 30 skälen

271 2128 53 29 för
360 2129 508 39 subventionsdifferentiering
903 2137 123 31 genom
1064 2130 203 29 saktariffer
1302 2131 63 28 har
1402 2131 201 38 därigenom
1641 2131 8 28 i
1687 2131 66 38 hög

271 2173 83 39 grad
370 2173 145 30 förlorat
532 2173 8 29 i
557 2174 130 38 styrka.

314 2227 66 29 Vid
399 2227 66 29 den
485 2225 228 38 taxeändring
734 2233 74 21 som
828 2223 243 39 genomfördes
1092 2222 65 30 den
1181 2222 12 29 1
1217 2221 143 30 oktober
1384 2220 82 30 1966
1487 2219 169 30 bibehölls
1678 2220 76 29 sak-

270 2272 234 38 ersättningar
524 2271 123 29 endast
668 2270 7 28 i
698 2269 97 39 fråga
815 2278 57 19 om
894 2267 228 39 avstyckning
1143 2277 41 19 av
1206 2266 128 40 ägolott
1355 2266 136 28 mindre
1514 2266 43 28 än
1580 2265 16 28 5
1611 2264 61 29 000
1695 2266 58 31 m?,

270 2316 249 38 tomtmätning
546 2325 42 19 av
613 2316 87 28 tomt
728 2314 134 29 mindre
890 2314 43 28 än
961 2312 93 30 5000
1083 2313 47 28 m?
1157 2312 64 29 och
1318 2311 125 29 främst
1471 2311 78 28 med
1578 2310 104 29 tanke
1710 2309 45 39 på

272 2360 424 39 stadsmätningstaxorna
712 2376 45 3 —
774 2359 9 28 i
804 2358 98 39 fråga
921 2367 56 20 om
997 2357 233 40 upprättande
1250 2366 42 20 av
1310 2356 131 38 förslag
1460 2355 52 29 till
1538 2355 164 38 (ändring
1723 2354 26 33 i)

272 2405 278 39 tomtindelning,
570 2404 152 30 kontroll
744 2413 41 20 av
803 2403 178 39 byggnads
1002 2403 65 28 och
1088 2402 156 39 hägnads
1265 2401 74 39 läge
1361 2403 90 27 samt
1473 2400 205 39 utstakning
1700 2400 54 29 för

271 2450 206 40 nybyggnad
496 2459 45 20 m.
556 2459 44 19 m.
619 2449 181 39 Därjämte
818 2448 169 29 bibehölls
1007 2447 347 38 sakersättningarna
1372 2446 54 29 för
1445 2445 197 34 avskrifter,
1662 2445 94 30 vissa

270 2496 106 39 intyg,
397 2495 204 40 kartkopior
621 2496 89 28 samt
731 2494 124 38 utdrag
876 2503 41 19 av
937 2491 341 40 fastighetsregister.
1299 2491 65 30 Vid
1385 2492 114 29 denna
1520 2490 234 40 avgränsning
