2250 2622
505 188 114 30 Första
641 189 199 32 "kammarens
858 191 107 37 första
990 193 164 38 tillfälliga
1178 196 132 29 utskotts
1339 197 159 32 ullåtande
1521 200 47 29 Nr
1591 201 28 29 2.
1844 200 16 31 7

372 265 34 48 5)
436 266 327 49 tackjärnsprisen,

371 321 33 44 6)
430 319 353 50 järnvägstrafiken,

371 373 33 46 7)
434 374 371 50 kolförbrukningen,

369 427 35 48 3)
435 428 295 38 arbetslösheten
758 431 99 36 inom
891 433 44 35 de
964 433 235 39 industriella
1227 436 153 49 yrkena.
1715 468 3 2 |

368 481 196 38 Sannolikt
584 483 147 37 komma
752 485 107 36 dessa
875 487 191 47 uppgifter
1086 491 53 34 att
1154 493 136 33 ersätta
1307 492 44 35 de
1371 492 167 37 »Indices
1552 490 305 58 Economiques»>,

261 545 77 25 som
367 535 152 36 franska
548 537 418 48 finansdepartementet
985 543 115 35 sedan
1116 543 189 48 åtskilliga
1321 548 40 33 år
1375 546 208 47 publicerat
1597 550 54 35 uti
1672 564 13 19 »
1693 550 165 37 Bulletin

261 588 45 36 de
336 589 256 48 Statistique>,
623 592 57 35 till
708 592 128 37 hvilka
865 594 37 37 vi
931 594 33 49 ej
994 595 48 36 ha
1070 599 125 45 någon
1223 599 278 48 motsvarighet.

365 643 234 48 Visserligen
640 645 75 36 kan
753 647 91 37 hvar
886 649 69 35 och
994 662 46 23 en
1083 650 40 36 af
1161 652 107 36 dessa
1309 654 190 47 uppgifter
1532 655 158 39 behöfva
1724 659 131 36 under-

260 696 125 37 kastas
424 709 47 24 en
513 698 192 49 sorgfällig
746 700 116 37 kritik
905 703 68 35 och
1013 703 32 49 ej
1086 716 125 32 ensam
1257 718 108 25 anses
1399 721 87 24 vara
1519 707 333 57 utslagsgifvande,

260 762 84 24 men
385 751 156 48 tillhopa
588 753 113 36 borde
744 755 45 35 de
831 756 119 48 enligt
982 756 239 39 kommitténs
1251 761 242 49 uppfattning
1521 763 128 38 kunna
1678 765 101 37 bilda
1808 779 46 24 en

258 804 220 48 tillräckligt
506 806 146 48 pålitlig
686 807 264 48 »barometer»,
982 822 76 25 som
1081 824 115 36 anger
1214 814 209 38 tillståndet
1442 817 66 36 hos
1530 818 62 36 det
1612 819 242 37 ekonomiska

259 859 295 37 sambhällslifvet.

365 905 125 44 Äfven
517 913 14 36 i
564 914 192 48 Tyskland
784 917 67 36 har
875 930 86 24 man
989 919 125 37 funnit
1141 921 71 36 bur
1240 921 138 49 viktigt
1406 924 63 36 det
1497 930 50 39 är,
1579 929 55 34 att
1662 927 84 46 alla,
1776 941 77 24 som

259 968 47 45 på
351 969 52 34 ett
438 968 90 35 eller
557 972 114 33 annat
700 973 73 33 sätt
801 976 61 31 äro
891 972 186 37 beroende
1107 974 41 35 af
1170 975 279 48 näringslifvets
1477 980 213 46 pendlande
1717 982 137 36 rörelse

259 1020 136 36 mellan
432 1022 87 47 hög-
549 1023 69 35 och
651 1024 306 49 lågkonjunktur,
988 1026 129 38 kunna
1147 1031 39 43 så
1216 1029 175 42 bekvämt
1417 1032 71 36 och
1516 1033 230 50 tillförlitligt
1775 1049 76 24 som

258 1073 146 50 möjligt
442 1075 156 37 bedöma
645 1078 63 36 det
746 1079 95 47 läge,
885 1080 150 37 hvaruti
1076 1082 442 49 näringsverksamheten
1550 1087 169 38 befinner
1747 1090 57 48 sig
1833 1093 20 34 å

259 1128 72 35 den
359 1129 174 49 böljande
557 1132 200 36 rörelsen".
814 1134 75 35 Det
917 1134 41 36 af
983 1135 212 38 Statistiska
1226 1137 269 51 Centralbyrån
1524 1140 13 37 i
1555 1142 129 37 Berlin
1708 1144 145 47 utgifna

266 1196 13 19 »
288 1182 388 39 Reichsarbeitsblatt>
709 1186 208 37 innehåller
945 1189 112 36 också
1086 1191 187 36 allmänna
1300 1194 256 46 redogörelser
1587 1196 57 36 för
1677 1197 72 36 den
1769 1198 82 36 eko-

258 1235 171 37 nomiska
471 1237 237 46 situationen,
754 1240 177 37 särskildt
971 1244 84 35 med
1097 1244 147 49 hänsyn
1285 1246 57 35 till
1384 1247 210 37 utsikterna
1637 1252 47 45 på
1718 1251 133 37 arbets-

257 1290 244 47 marknaden,
547 1292 69 35 och
654 1292 191 49 begagnar
886 1295 57 47 sig
986 1297 41 35 af
1065 1297 99 36 olika
1208 1299 86 36 data
1325 1300 56 36 för
1410 1304 54 33 att
1491 1302 114 36 vinna
1630 1303 222 49 tillräckligt

255 1343 110 36 säker
407 1344 205 37 öfverblick
646 1347 40 35 af
716 1348 72 35 den
816 1349 320 49 rörelseriktning,
1166 1352 260 48 näringslifvet
1455 1355 168 37 befinner
1651 1357 57 48 sig
1736 1358 112 37 uti".

362 1397 55 36 Af
443 1404 101 30 ännu
574 1402 114 34 större
717 1401 157 37 intresse
904 1408 62 31 äro
997 1404 45 35 de
1071 1407 420 47 månadsredogörelser,
1514 1421 77 25 som
1617 1412 84 35 med
1719 1413 132 35 under-

252 1452 83 35 stöd
365 1453 39 34 af
434 1453 270 37 »Gesellschaft
732 1455 59 36 fär
819 1456 303 38 wirtschaftliche
1151 1458 241 51 Ausbildung
1430 1475 45 23 zu
1494 1463 203 38 Frankfurt
1716 1478 32 23 a.
1770 1467 74 36 M.»>

250 1505 162 47 utgifves
455 1506 40 36 af
530 1508 91 47 prof.
666 1509 43 35 IL.
742 1509 116 37 Pohle.
916 1512 65 36 Ett
1010 1514 260 48 sammandrag
1299 1515 40 36 af
1364 1516 83 36 dem
1476 1517 143 37 lämnas
1648 1519 13 35 i
1689 1519 161 37 särskild

250 1558 135 49 bilaga.

358 1614 56 35 De
456 1614 190 37 innehålla
688 1616 56 36 för
786 1617 210 48 Tysklands
1034 1620 60 35 del
1122 1621 189 48 uppgifter
1339 1624 103 35 såväl
1471 1627 194 45 angående
1694 1627 154 47 kapital-

251 1666 248 38 marknadens
519 1669 69 35 och
607 1669 152 36 börsens
781 1672 157 35 rörelser
959 1685 77 23 som
1053 1673 229 48 beträffande
1300 1676 308 49 förändringarna
1625 1681 20 33 å
1661 1692 104 24 varu-
1780 1682 68 35 och

251 1720 365 38 arbetsmarknaden.
665 1722 55 36 Af
736 1724 49 35 de
805 1723 96 37 förra
917 1738 112 35 synas
1044 1727 313 46 privatdiskontot
1372 1732 20 33 å
1406 1730 316 48 Berlinerbörsen,
1739 1735 110 47 tyska

249 1772 249 39 riksbankens
528 1776 209 36 metalliska
766 1777 109 37 kassa
905 1780 68 35 och
1002 1781 378 48 stämpelafgifternas
1408 1783 134 49 belopp
1571 1785 57 36 för
1652 1798 140 36 papper
1812 1789 40 35 af

251 1826 100 36 olika
380 1828 91 47 slag,
501 1828 179 48 bolagens
709 1830 316 50 kapitalbildning
1054 1834 69 36 och
1152 1834 139 37 kursen
1320 1839 46 45 på
1395 1836 293 49 representativa
1708 1853 140 36 papper

250 1893 88 23 vara
381 1882 44 35 de
468 1881 214 39 förnämsta.
739 1885 116 36 Varu-
889 1887 69 42 och
988 1887 356 39 arbetsmarknaden
1372 1890 146 50 belyses
1548 1893 40 35 af
1614 1894 141 37 antalet
1782 1899 65 32 ton

249 1935 93 45 gods
385 1948 43 34 pr
470 1936 282 47 bankilometer,
792 1939 100 36 olika
920 1940 100 48 slags
1049 1941 253 47 prisstatistik,
1334 1944 76 36 kol-
1440 1946 68 35 och
1533 1946 313 49 järnproduktion

250 1991 96 32 samt
391 1991 246 45 procenttalet
680 1991 202 37 arbetslösa
925 2007 46 22 m.
1016 2007 46 23 m.
1120 1996 199 36 Dessutom
1362 1998 143 37 lämnas
1535 2000 247 37 öfverblickar
1810 2003 40 35 af

250 2040 118 37 delvis
398 2045 259 34 motsvarande
685 2044 259 38 förhållanden
972 2047 13 35 i
1013 2048 210 45 Frankrike,
1253 2050 172 45 England
1452 2053 69 34 och
1539 2053 179 45 Amerika,
1740 2056 105 36 hvar-

247 2093 148 47 igenom
439 2107 45 24 en
527 2097 74 46 god
640 2097 78 36 bild
759 2098 157 37 erhålles
959 2100 41 35 af
1041 2101 72 36 den
1155 2102 243 37 ekonomiska
1441 2105 228 37 situationen
1708 2108 66 35 hos
1800 2110 45 34 de

339 2164 13 15 +
372 2163 82 27 Jämf.
484 2164 97 27 Pohle:
618 2168 406 34 Konjunkturschwankungen
1049 2172 57 24 und
1134 2172 457 36 Konjunkturberichterstattung,
1620 2177 161 26 Zeitschrift
1802 2181 42 22 fär

249 2200 292 32 Socialwissenschaft,
561 2203 75 24 Heft.
658 2203 24 30 1,
703 2203 76 27 1910.

319 2234 29 15 ++
368 2237 58 23 Den
455 2238 29 23 af
516 2235 96 28 Board
639 2237 34 33 of
692 2237 114 27 Trade
798 2230 18 48 i
831 2241 126 31 England
987 2243 109 30 utgifna
1122 2244 211 30 publikationen
1357 2244 126 27 »Labour
1504 2245 125 28 Gazette>
1651 2249 137 30 redigeras
1808 2250 35 32 på

247 2272 132 25 liknande
399 2274 63 23 sätt.
502 2273 58 24 Den
581 2274 48 24 har
649 2277 18 22 t.
688 2283 23 16 o.
733 2283 34 17 m,
788 2277 184 30 redogörelser
993 2279 40 23 för
1053 2279 263 27 kolkonsumtionen
1337 2282 8 24 i
1366 2282 75 24 olika
1461 2283 103 25 länder.
