1860 2790
273 121 40 29 44
638 122 389 31 Jordbruksutskottets
1045 124 180 30 utlåtande
1242 134 42 20 nr
1300 125 39 29 31
1359 125 39 30 år
1416 126 84 29 1959

278 204 197 40 avgifterna
492 205 54 30 för
564 205 215 31 fodermedel
796 206 94 30 föres
908 207 52 29 till
979 217 42 20 en
1040 207 152 31 särskild
1210 207 96 37 fond,
1327 218 74 20 som
1421 209 88 30 skall
1530 210 178 30 användas
1727 210 52 30 till

276 256 51 28 att
351 254 179 31 förstärka
553 255 316 41 leveranstillägget
894 257 111 30 under
1030 258 421 40 stallfodringsperioden.
1478 259 120 31 Såsom
1623 260 156 41 framgår

278 314 42 20 av
340 305 188 30 utskottets
551 305 180 31 utlåtande
752 316 41 20 nr
815 306 53 35 29,
889 307 64 31 har
975 308 170 30 utskottet
1167 309 146 39 tidigare
1336 309 115 30 denna
1473 310 65 39 dag
1560 311 145 30 anslutit
1728 311 51 40 sig

277 354 51 30 till
349 355 68 29 vad
438 355 148 30 sålunda
605 356 122 39 yrkats
746 357 12 29 i
779 357 221 30 sistnämnda
1019 358 203 30 motioner.»

319 455 29 29 3.
375 464 43 20 av
444 455 121 30 herrar
592 456 194 39 Eskilsson,
814 458 201 39 Heggblom
1045 459 66 29 och
1140 458 159 38 Östlund,
1328 460 95 30 vilka
1451 461 11 29 i
1491 462 204 40 anslutning
1723 463 52 29 till

274 505 215 30 reservation
511 516 41 20 nr
577 507 14 28 1
616 516 57 20 om
696 507 215 42 arealtillägg

317 554 74 31 dels
412 556 91 30 velat
524 556 140 30 anföra:

320 606 293 30 >Reservationen
632 616 56 21 om
708 607 266 41 utformningen
993 619 42 20 av
1053 610 261 40 arealtilläggen
1333 611 11 29 i
1363 611 236 41 huvudsaklig
1618 614 159 30 överens-

273 656 201 30 stämmelse
492 657 79 29 med
589 657 252 40 utredningens
859 668 57 20 om
935 659 290 31 småbrukarstöd
1239 661 132 40 förslag
1384 662 138 30 medför
1535 672 42 20 en
1591 663 185 31 kostnads-

271 705 134 40 ökning
424 706 55 31 för
497 706 206 41 budgetåret
724 708 150 37 1959/60
894 710 46 39 på
959 710 148 39 ungefär
1129 711 37 29 11
1187 711 167 40 miljoner
1373 712 141 30 kronor.
1536 716 13 29 I
1570 714 204 40 anslutning

270 755 53 30 till
345 756 69 29 vad
437 766 74 20 som
533 758 147 30 uttalats
701 758 12 29 i
735 759 221 30 motionerna
978 760 29 30 I:
1024 760 62 30 506
1110 761 65 29 och
1198 762 45 29 II:
1260 762 63 30 612
1348 772 103 21 anser
1472 763 33 30 vi
1529 766 50 27 att
1602 765 170 30 utskottet

270 804 64 31 bör
354 805 130 32 föreslå
503 807 188 40 riksdagen
712 811 50 28 att
781 809 211 40 bemyndiga
1012 811 126 39 Kungl.
1160 812 105 39 Maj:t
1287 815 50 27 att
1359 813 55 30 för
1435 814 172 30 täckande
1630 824 42 20 av
1692 815 83 30 den-

269 865 46 20 na
336 857 274 41 anslagsökning
631 858 12 30 i
663 858 160 41 behövlig
844 859 83 32 mån
948 861 85 39 höja
1053 862 348 40 regleringsavgiften
1424 863 54 31 för
1501 864 204 36 fettvaror;»

313 906 75 30 dels
406 907 65 29 ock
489 910 114 28 ansett
622 910 50 29 att
690 910 171 31 utskottet
879 910 77 30 bort
975 912 83 38 göra
1075 911 159 40 följande
1251 913 227 31 hemställan:

627 959 75 30 »IV.
728 961 50 28 att
802 960 188 40 riksdagen
1015 961 58 31 må
1096 962 211 41 bemyndiga
1330 964 127 40 Kungl.
1484 965 105 39 Maj:t
1614 968 50 28 att
1688 966 85 40 höja

579 1009 348 40 regleringsavgiften
949 1011 55 31 för
1025 1011 169 32 fettvaror
1215 1014 12 29 i
1249 1013 111 31 sådan
1382 1015 245 41 utsträckning
1649 1018 50 29 att
1720 1017 52 29 in-

579 1059 203 31 komsterna
803 1061 108 30 därav
931 1062 85 29 ökar
1036 1062 79 30 med
1136 1064 97 29 cirka
1256 1064 36 29 11
1315 1064 166 40 miljoner
1501 1066 161 30 kronor.»

310 1156 29 29 6.
366 1166 42 21 av
427 1157 80 31 herr
525 1159 92 39 Lage
636 1160 183 40 Svedberg.

507 2427 96 22 590796
644 2425 167 25 Stockholm
823 2427 76 24 1959.
911 2427 80 24 Isaac
1001 2428 112 24 Marcus
1124 2429 188 31 Boktryckeri
1324 2430 172 32 Aktiebolag
