2188 2663
402 204 27 33 8
825 206 401 36 Konstitutionsutskottets
1254 208 172 35 Utlåtande
1449 208 62 35 N:o
1534 213 31 31 2.

401 290 186 49 exemplar,
618 303 74 23 som
721 291 145 48 jemlikt
894 293 152 35 nämnda
1080 293 136 48 lagrum
1257 294 99 36 skola
1398 295 37 35 af
1476 295 260 49 boktryckarne
1766 298 84 34 utan
1882 297 104 36 betal

400 346 88 47 ning
516 344 167 37 aflemnas
711 346 57 35 till
795 346 136 48 Kongl.
959 347 212 37 biblioteket
1200 349 63 35 och
1307 349 56 35 till
1405 350 188 35 hvartdera
1621 350 37 35 af
1685 350 110 47 rikets
1825 352 165 36 universi-

399 402 63 37 tet,
494 399 93 53 skola
617 412 80 23 vara
726 401 140 47 tryckta
895 402 19 34 å
943 401 155 36 hållbart
1126 415 145 36 papper,
1302 404 182 47 angående
1514 405 104 35 hvars
1646 399 248 43 beskaffenhet
1917 410 73 32 när-

399 460 95 29 mare
525 454 262 36 bestämmelser
816 455 177 36 meddelas
1022 457 12 34 i
1061 456 70 45 lag,
1161 457 123 36 stiftad
1315 458 37 35 af
1379 459 164 47 Konung
1572 459 64 35 och
1664 459 161 48 Riksdag
1844 473 144 35 gemen-

397 509 121 35 samt.»

503 616 127 44 Sedan,
664 616 113 50 enligt
805 619 210 36 hemställan
1044 620 38 35 af
1109 621 125 35 chefen
1265 621 53 35 för
1347 621 520 50 ecklesiastikdepartementet,
1887 623 101 37 Riks-

396 673 131 46 dagens
569 672 267 47 ifrågavarande
873 674 184 35 skrifvelse
1096 676 111 45 jemte
1249 675 114 47 öfriga
1401 675 55 36 till
1498 676 145 36 ärendet
1685 677 154 36 hörande
1877 678 111 42 hand-

395 726 115 47 lingar
556 726 54 35 för
652 726 117 36 vidare
804 727 218 48 bebandling
1049 728 252 36 öfverlemnats
1338 729 59 36 till
1431 728 434 51 justitiedepartementet,
1896 734 96 42 samt

394 781 125 35 chefen
564 781 55 35 för
660 781 98 36 detta
800 781 246 49 departement
1086 781 58 37 vid
1172 783 162 36 ärendets
1362 784 172 49 förnyade
1558 785 253 50 föredragning
1839 786 65 36 den
1938 784 53 39 31

393 835 161 35 sistlidne
589 836 141 47 januari
772 837 131 34 erinrat
940 849 56 22 om
1036 837 92 35 hvad
1170 838 149 35 sålunda
1359 839 11 34 i
1397 839 145 35 ärendet
1566 837 240 48 förekommit,
1837 841 146 36 anförde

393 889 217 36 sistnämnde
639 890 346 49 departementschef
1012 891 206 48 ytterligare
1247 892 168 48 följande.

505 943 111 36 »Lika
658 944 81 36 med
782 945 125 35 chefen
945 946 55 35 för
1034 945 508 50 ecklesiastikdepartementet
1570 949 64 34 och
1663 950 12 34 i
1703 949 146 36 ärendet
1876 950 109 47 hörda

391 998 224 48 sakkunnige
658 1011 101 23 anser
798 1000 105 35 äfven
944 1001 74 47 jag,
1057 1003 53 34 att
1147 1001 244 49 betryggande
1429 1002 163 36 säkerhet
1630 1003 53 36 för
1720 1005 54 35 att
1802 1003 42 36 de
1874 1004 109 36 arkiv-

391 1053 189 48 exemplar,
623 1065 77 24 som
742 1054 207 36 hädanefter
990 1055 178 45 aflemnas,
1211 1055 98 36 skola
1350 1057 142 35 komma
1524 1059 53 34 att
1615 1058 131 36 erhålla
1774 1056 109 50 nödig
1911 1056 74 39 var-

391 1107 175 48 aktighet,
596 1107 76 36 icke
701 1108 193 48 lämpligen
923 1110 71 34 står
1023 1111 53 34 att
1105 1110 106 35 vinna
1240 1112 44 47 på
1313 1113 109 33 annat
1449 1113 69 34 sätt
1537 1115 44 32 än
1602 1124 129 35 genom
1752 1113 230 36 meddelande

390 1162 37 34 af
468 1162 194 43 föreskrift,
707 1164 54 34 att
803 1163 98 35 dessa
936 1164 178 48 exemplar
1142 1164 98 35 skola
1269 1177 82 22 vara
1379 1166 143 47 tryckta
1550 1168 20 33 å
1599 1179 134 35 papper
1762 1167 37 35 af
1827 1168 69 34 viss
1925 1168 57 35 be-

389 1215 211 36 skaffenhet.
657 1217 70 35 Att
756 1216 54 36 för
838 1217 296 47 genomförandet
1163 1218 99 35 häraf
1291 1219 173 35 erfordras
1492 1219 152 47 ändring
1672 1221 12 34 i
1716 1223 16 33 1
1761 1220 22 47 8
1808 1222 41 34 11
1873 1234 106 22 mom.

388 1268 500 50 tryckfrihetsförordningen,
918 1274 37 32 är
997 1272 211 47 uppenbart.
1279 1273 74 35 Det
1393 1273 89 36 lärer
1519 1273 197 37 emellertid
1755 1274 75 36 icke
1860 1275 122 36 kunna

388 1324 223 47 ifrågasättas
649 1326 54 33 att
740 1325 10 34 i
779 1325 489 48 tryckfrihetsförordningen
1298 1327 114 35 införa
1442 1330 158 33 närmare
1630 1327 264 37 bestämmelser
1923 1342 57 22 om

387 1380 189 46 papperets
619 1378 256 45 beskaffenhet,
921 1381 84 33 utan
1049 1380 112 44 torde,
1201 1381 113 34 såsom
1353 1381 125 35 chefen
1518 1382 54 35 för
1600 1381 380 50 ecklesiastikdeparte-

389 1433 136 34 mentet
559 1432 132 47 jemväl
729 1433 167 44 förordat,
922 1433 129 36 sådana
1081 1434 264 36 bestämmelser
1374 1435 84 35 böra
1488 1435 176 36 meddelas
1692 1437 12 34 i
1732 1436 147 36 särskild
1908 1437 70 47 lag,

387 1486 124 35 stiftad
548 1486 12 35 i
598 1486 66 35 den
700 1487 152 47 ordning
881 1487 22 47 $
935 1488 45 35 87
1011 1488 319 48 regeringsformen
1361 1489 154 48 stadgar,
1546 1490 65 35 och
1639 1490 12 35 i
1679 1491 299 48 tryckfrihetsför-

387 1540 197 47 ordningen
615 1541 124 35 endast
766 1542 138 46 intagas
934 1554 42 22 en
1007 1543 213 46 hänvisning
1248 1543 55 35 till
1331 1543 243 46 stadgandena
1602 1545 12 33 i
1643 1545 116 35 denna
1787 1545 68 46 lag.

490 1594 140 36 Härvid
672 1597 148 46 uppstår
861 1595 197 36 emellertid
1100 1597 59 34 det
1196 1597 218 48 spörsmålet,
1454 1598 175 35 huruvida
1657 1598 77 36 icke
1761 1599 13 34 i
1802 1611 173 23 samman-

384 1649 97 47 bang
519 1649 80 35 med
643 1649 42 35 de
726 1649 206 48 ifrågasatta
970 1650 292 48 förändringarna
1301 1652 89 35 vissa
1424 1651 37 36 af
1488 1652 42 35 de
1560 1652 232 45 föreskrifter,
1822 1665 76 23 som
1928 1667 50 21 nu

384 1703 195 48 inrymmas
609 1704 51 35 uti
691 1703 266 48 ifrågavarande
988 1708 159 32 moment
1175 1706 12 33 i
1214 1705 501 49 tryckfrihetsförordningen,
1737 1707 108 35 borde
1865 1707 109 35 öfver-

383 1756 121 48 fyttas
537 1757 56 35 till
622 1757 67 35 den
719 1757 168 36 särskilda
915 1758 115 47 lagen.
1089 1759 114 46 Sagda
1233 1762 159 33 moment
1420 1760 197 35 innehåller
1646 1760 107 36 bland
1782 1763 110 34 annat
1920 1762 56 34 be-

383 1811 200 35 stämmelse
622 1824 56 22 om
718 1812 67 35 den
825 1812 63 44 tid,
927 1812 96 35 inom
1054 1813 143 35 hvilken
1229 1814 237 35 aflemnandet
1494 1814 37 35 af
1558 1814 326 49 arkivexemplaren
1916 1816 62 35 bör

382 1864 106 36 hafva
527 1867 60 46 egt
624 1878 90 32 rum,
749 1868 93 33 samt
870 1879 57 22 om
957 1867 282 48 straffpåföljden
1271 1868 53 35 för
1352 1868 273 36 underlåtenhet
1654 1870 52 34 att
1734 1869 154 47 fullgöra
1916 1869 60 36 det

381 1919 169 48 stadgade
593 1920 247 35 aflemnandet.
912 1921 73 35 Det
1027 1921 101 35 torde
1172 1934 78 22 vare
1284 1922 136 35 mindre
1449 1922 175 48 lämpligt,
1655 1935 57 22 om
1742 1923 43 35 de
1815 1926 160 32 närmare

382 1973 267 36 föreskrifterna
686 1974 147 35 rörande
875 1974 237 36 aflemnandet
1153 1975 37 36 af
1231 1975 267 48 ifrågavarande
1534 1977 179 48 exemplar
1749 1977 115 35 skulle
1895 1990 80 22 vara

382 2027 178 35 fördelade
604 2027 127 35 mellan
776 2028 485 48 tryckfrihetsförordningen
1303 2030 65 35 och
1401 2030 66 35 den
1498 2030 168 36 särskilda
1695 2030 115 48 lagen,
1841 2031 129 35 liksom

381 2081 64 35 ock
476 2094 56 23 om
562 2082 12 34 i
601 2081 488 49 tryckfrihetsförordningen
1119 2083 113 36 skulle
1261 2084 177 36 meddelas
1457 2084 192 47 stadgande
1670 2097 55 23 om
1746 2084 228 49 straffpåfölj-

380 2136 78 41 den,
489 2136 126 35 medan
644 2136 10 34 i
685 2136 66 35 den
782 2136 169 36 särskilda
979 2137 103 47 lagen
1112 2138 169 47 angåfves
1312 2138 88 35 vissa
1428 2139 37 35 af
1492 2139 42 35 de
1560 2138 313 48 omständigheter,
1895 2151 74 23 som

380 2193 58 32 äro
481 2190 37 35 af
556 2190 192 47 afgörande
790 2190 181 49 betydelse
1005 2191 55 35 för
1095 2192 123 47 frågan
1244 2204 57 24 om
1331 2193 153 35 straffets
1512 2193 206 35 ådömande.
1775 2193 51 35 På
1855 2193 116 47 grund

379 2244 101 35 häraf
506 2256 104 37 synes
639 2245 38 34 åt
703 2244 267 48 ifrågavarande
1000 2248 159 33 moment
1187 2246 12 34 i
1227 2246 487 48 tryckfrihetsförordningen
1745 2247 83 56 böra
1856 2247 114 46 gifvas

379 2299 60 34 det
467 2298 169 44 innehåll,
667 2300 53 33 att
748 2298 237 48 boktryckare
1014 2303 36 31 är
1080 2300 129 47 pligtig
1233 2302 53 33 att
1314 2301 37 34 af
1378 2301 74 43 allt,
1483 2313 75 22 som
1579 2301 63 34 hos
1663 2302 131 33 honom
1815 2302 153 47 tryckes,
