1886 2824
112 247 75 42 [47.]

79 1087 110 24 Motion.

318 168 41 31 30
638 176 393 38 Jordbruksutskottets
1060 183 188 34 utlåtande
1276 186 52 31 Nr
1355 186 51 32 68.

317 247 53 37 47)
394 247 118 32 Under
539 251 110 35 punkt
678 253 41 30 47
751 253 64 31 Har
842 255 132 37 Kungl.
1004 257 100 38 Maj:t
1127 260 179 39 föreslagit
1330 264 182 38 riksdagen
1537 268 169 39 medgiva,
1729 274 51 30 att

271 298 102 31 sedan
409 300 313 38 kronoegendomen
759 304 40 42 !/,
833 309 132 30 mantal
998 310 132 38 Hallby
1163 323 44 20 nr
1241 315 19 30 4
1295 315 228 39 Storegården
1546 321 12 30 i
1583 321 198 35 Vänersnäs

269 351 123 31 socken
425 363 45 20 av
500 353 212 39 Skaraborgs
744 357 57 32 län
833 359 104 32 blivit
971 370 120 28 genom
1125 364 408 44 lantmäteriförrättning
1572 375 169 35 uppdelad
1765 379 12 30 i

270 402 100 32 lotter
392 404 12 30 i
428 405 203 38 anslutning
654 408 58 31 till
734 410 67 31 vad
824 411 294 39 domänstyrelsen
1142 417 163 38 förordat,
1433 413 6 6 |

311 456 75 30 dels
436 457 57 31 det
543 460 138 31 område
727 472 55 20 om
838 463 93 32 3.302
979 466 120 32 hektar
1141 479 45 21 av
1222 469 294 43 Änghagsskiftet,
1556 488 72 22 som
1667 481 20 30 å
1721 481 55 31 då-

267 507 150 32 vatande
440 510 443 37 lantmäteriauskultanten
908 517 124 33 Lindes
1055 521 41 29 år
1119 522 85 31 1918
1229 527 201 33 upprättade
1455 528 96 32 karta
1574 533 83 30 över
1679 542 96 27 egen-

266 559 120 32 domen
407 562 163 32 omfattar
601 565 240 37 ägofigurerna
876 579 41 21 nr
952 570 72 37 135,
1058 572 173 34 137—148
1255 576 61 31 och
1340 579 171 32 150—158
1536 583 55 30 må
1615 584 160 38 försäljas

265 612 108 36 enligt
408 614 161 36 gällande
595 618 152 35 grunder
770 619 53 31 för
847 622 206 35 upplåtande
1076 635 46 21 av
1146 628 382 39 egnahemslägenheter
1551 635 78 32 från
1654 637 120 32 krono-

264 665 205 35 egendomar
492 668 75 31 med
592 669 239 34 hembudsrätt
854 673 55 31 för
931 674 37 32 O.
992 676 33 31 J.
1049 672 224 49 Krumlinde,

306 717 76 31 dels
416 719 65 31 ock
514 721 206 35 egendomen
754 724 12 31 i
798 726 115 36 övrigt
943 728 76 31 med
1054 729 179 39 undantag
1262 734 132 36 jämväl
1422 747 45 20 av
1499 739 93 32 förut
1619 741 152 33 försålda

262 768 96 31 delen
382 780 43 20 av
449 769 287 40 Änghagsskiftet
758 778 58 29 må
839 778 159 38 försäljas
1020 782 21 29 å
1073 782 157 38 offentlig
1257 787 143 32 auktion
1424 790 107 31 under
1554 792 41 31 de
1617 793 13 30 i
1655 794 116 32 brevet

261 820 63 31 den
360 822 40 30 29
429 824 70 36 maj
525 825 83 31 1874
633 827 160 36 stadgade
828 830 127 32 villkor
989 833 55 31 till
1072 834 64 32 den
1171 836 273 38 högstbjudande
1475 843 76 31 med
1586 845 184 33 tillträdes-

260 875 70 29 rätt
364 874 54 31 för
452 876 124 36 köpare
610 879 64 30 den
708 881 41 30 14
784 891 92 22 mars
909 884 83 31 1929
1024 888 90 30 samt
1142 889 76 31 med
1243 890 63 32 den
1330 894 70 30 rätt
1424 894 55 31 till
1503 895 265 38 ifrågavarande

259 935 121 25 genom
415 928 131 37 Kungl.
570 930 118 37 Maj:ts
716 932 82 31 brev
823 935 62 31 den
914 937 18 29 8
961 939 69 35 maj
1055 939 85 31 1874
1166 942 165 35 upplåtna
1355 947 145 36 område,
1525 957 71 22 som
1621 952 57 29 må
1701 952 67 30 till-

260 977 137 33 komma
421 981 142 32 kronan.

300 1083 18 30 I
351 1086 249 37 sammanhang
633 1088 141 33 härmed
809 1091 64 32 har
908 1095 164 31 utskottet
1105 1097 54 30 till
1196 1098 210 39 behandling
1431 1103 148 33 förehaft
1603 1116 42 21 en
1670 1108 93 31 inom

255 1135 108 31 andra
395 1137 198 33 kammaren
618 1151 44 20 av
685 1142 79 31 herr
787 1143 164 34 Hansson
975 1147 11 30 i
1009 1148 218 33 Trollhättan
1251 1162 44 21 m.
1320 1154 38 34 fl.
1384 1156 112 36 väckt,
1522 1158 53 30 till
1599 1160 165 32 utskottet

255 1187 167 33 hänvisad
445 1192 139 37 motion,
610 1204 43 20 nr
677 1196 72 36 476,
774 1198 75 30 vari
874 1194 199 47 hemställts,

297 1242 58 34 att,
379 1242 103 32 sedan
506 1244 314 38 kronoegendomen
848 1249 36 41 !/,
904 1253 130 30 mantal
1051 1254 133 38 Hallby
1199 1267 43 20 nr
1260 1259 17 29 4
1295 1258 225 37 Storegården
1536 1263 12 30 i
1565 1263 197 34 Vänersnäs

252 1293 121 31 socken
409 1305 45 21 av
489 1296 213 39 Skaraborgs
737 1301 58 30 län
830 1302 104 32 blivit
968 1314 120 26 genom
1118 1307 414 43 lantmäteriförrättning
1557 1316 203 36 uppdelad
1739 1303 24 53 i

251 1344 99 32 lotter
374 1346 11 30 i
409 1348 202 38 anslutning
635 1352 56 30 till
717 1353 67 31 vad
808 1354 291 39 domänstyrelsen
1124 1360 164 38 förordat,

294 1397 75 31 dels
404 1399 54 31 det
492 1402 136 31 område
663 1413 54 21 om
753 1404 93 32 3.302
884 1407 120 32 hektar
1031 1420 45 20 av
1100 1409 299 43 Änghagsskiftet,
1423 1427 73 21 som
1519 1420 20 29 å
1562 1419 198 35 dåvarande

250 1449 447 37 lantmäteriauskultanten
732 1457 123 32 Lindes
890 1461 39 29 år
965 1462 82 30 1918
1083 1466 204 34 upprättade
1321 1468 99 32 karta
1449 1472 80 29 över
1552 1473 206 35 egendomen

249 1502 162 31 omfattar
444 1505 243 36 ägofigurerna
720 1519 42 21 nr
796 1510 73 37 1385,
901 1512 169 33 137—148
1096 1517 61 30 och
1183 1518 182 38 150—158,
1389 1523 56 29 må
1469 1522 159 38 försäljas
1651 1527 107 36 enligt

248 1554 160 35 gällande
442 1558 150 34 grunder
627 1559 54 32 för
716 1562 205 35 upplåtande
955 1576 45 20 av
1034 1568 382 39 egnahemslägenheter
1450 1574 77 31 från
1550 1576 206 38 kronoegen-

247 1605 119 32 domar
400 1609 77 31 med
513 1609 237 36 hembudsrätt
785 1615 54 30 för
870 1616 178 33 arbetaren
1084 1620 89 31 Karl
1207 1622 183 37 Engström
1416 1626 78 31 från
1518 1628 123 37 Tegen,
1666 1631 90 31 Mar-

248 1659 185 37 greteberg,

289 1712 75 30 dels
388 1713 65 31 ock
487 1716 210 34 egendomen
733 1720 11 29 i
779 1721 115 35 övrigt
929 1723 75 30 med
1040 1725 179 37 undantag
1253 1728 131 35 jämväl
1420 1740 43 20 av
1488 1732 91 32 förut
1604 1734 149 33 försålda

245 1762 99 31 delen
381 1774 43 21 av
463 1764 287 39 Änghagsskiftet
786 1774 56 29 må
883 1774 55 30 till
973 1778 201 30 nuvarande
1206 1781 225 32 arrendatorn
1467 1784 132 32 Anders
1634 1786 118 33 Olsson

246 1816 156 35 upplåtas
425 1820 112 30 under
559 1820 151 39 åborätt,
1335 1846 4 7 d

289 1868 91 36 eller,
405 1880 55 20 om
485 1871 74 31 icke
583 1872 92 33 detta
699 1874 69 32 kan
792 1876 156 38 beviljas,
973 1881 207 34 egendomen
1205 1888 56 27 må
1286 1886 157 37 försäljas
1468 1889 108 37 enligt
1592 1892 162 35 gällande

244 1920 151 35 grunder
429 1922 53 31 för
516 1925 208 36 upplåtande
758 1939 46 20 av
831 1931 383 38 egnahemslägenheter
1237 1937 78 31 från
1340 1939 312 37 kronoegendomar
1675 1946 75 30 med

243 1971 237 35 hembudsrätt
504 1975 52 32 för
580 1980 202 31 nuvarande
805 1983 200 32 arrendator
1028 1985 136 33 Anders
1187 1988 128 32 Olsson.

287 2024 216 34 Beträffande
538 2028 38 31 de
608 2030 88 37 skäl,
732 2042 71 21 som
837 2035 177 37 åberopats
1048 2038 55 30 till
1127 2040 74 31 stöd
1226 2041 52 31 för
1302 2044 182 36 motionen,
1510 2046 162 32 hänvisas
1695 2050 55 29 till

242 2076 208 34 densamma.

284 2180 55 30 Av
364 2182 91 32 förut
479 2184 143 33 berörda
647 2190 336 36 statsrådsprotokoll
1007 2194 184 38 inhämtas,
1217 2197 102 32 bland
1343 2203 118 34 annat,
1486 2202 162 36 följande.

284 2233 96 31 Efter
413 2236 110 31 under
556 2239 40 29 år
631 2240 85 31 1925
746 2243 188 32 verkställd
960 2247 477 42 uppskattningsförrättning
1461 2254 86 31 hava
1572 2257 176 35 uppskatt-

240 2284 251 37 ningsmännen
526 2290 169 33 förklarat
730 2294 51 36 sig
817 2303 88 29 anse,
931 2299 51 29 att
1009 2300 209 35 egendomen
1242 2303 11 29 i
1279 2301 149 34 kronans
1452 2308 62 34 ägo
1539 2308 133 31 komme
1695 2311 51 29 att

237 2336 97 32 bliva
366 2341 134 34 mycket
534 2342 76 32 litet
645 2346 165 37 räntabel,
846 2349 112 31 vadan
994 2351 39 31 de
1068 2353 43 34 på
1146 2353 56 31 det
1238 2355 222 44 kraftigaste
1451 2351 14 52 ,
1482 2359 179 37 tillstyrkt,
1696 2364 50 28 att

238 2390 206 34 egendomen
460 2393 12 30 i
490 2394 72 31 dess
579 2399 201 30 nuvarande
793 2400 96 31 skick
902 2403 105 30 måtte
1024 2404 159 37 försäljas
1199 2407 21 30 å
1236 2408 153 37 auktion,
1406 2410 122 32 därvid
1546 2412 199 33 densamma

238 2440 101 33 borde
374 2445 162 35 uppdelas
560 2448 11 29 i
596 2450 60 29 två
691 2451 111 37 lotter,
838 2453 209 33 omfattande
1081 2457 64 31 den
1182 2468 64 21 ena
1275 2460 249 38 huvudgården
1549 2465 75 31 med
1648 2476 96 25 cgen-

248 2494 10 29 [q
333 2508 13 8 å
610 2514 3 5 H
869 2519 3 4 H
938 2506 6 18 )
1154 2511 5 3 Y
