1884 2824
105 528 76 42 [50.]

91 2355 76 42 [51]

312 191 40 31 36

635 197 396 35 Jordbruksutskottets
1059 199 188 32 utlåtande
1275 200 53 31 Nr
1354 200 51 31 68.

666 273 111 37 enligt
800 273 40 32 de
862 275 12 30 i
899 274 117 32 brevet
1039 275 65 32 den
1129 276 41 31 29
1187 276 71 37 maj
1277 277 83 31 1874
1376 278 163 36 stadgade
1555 280 129 31 villkor
1701 282 78 31 med

667 326 241 32 tillträdesrätt
930 327 54 31 för
1008 327 124 37 köpare
1156 328 66 32 den
1247 330 40 30 14
1311 339 92 22 mars
1427 331 96 35 1929,
1546 333 91 30 samt

711 378 153 32 lotterna
899 379 68 32 litt.
1004 379 27 32 C
1062 381 62 30 och
1158 380 31 32 D
1221 381 111 37 enligt
1358 383 161 35 gällande
1546 385 152 35 grunder
1725 385 55 31 för

669 430 208 36 upplåtande
896 441 44 21 av
956 432 381 37 egnahemslägenheter
1353 434 79 31 från
1447 435 331 38 kronoegendomar;

712 534 53 37 50)
800 536 60 35 att,
893 535 104 31 sedan
1030 536 313 37 kronoegendomen
1369 537 38 42 !/,
1432 540 133 31 mantal
1588 541 78 31 Tun
1691 552 43 20 nr
1757 543 19 30 2

667 586 125 37 Hagen
813 587 14 30 i
850 587 94 31 Tuns
968 588 120 31 socken
1111 599 46 21 av
1181 589 212 39 Skaraborgs
1416 592 58 31 län
1498 592 102 32 blivit
1623 594 154 31 fördelad

667 638 12 30 i
703 639 60 30 två
786 639 13 31 i
822 640 368 36 statsrådsprotokollet
1213 643 154 36 angivna
1390 644 111 37 lotter,
1524 645 172 32 desamma
1720 648 57 29 må

667 691 160 36 försäljas

709 745 170 36 antingen
914 744 66 31 vad
1015 746 108 36 angår
1157 746 65 31 den
1256 747 179 37 bebyggda
1469 749 105 32 lotten
1598 751 57 30 till
1679 761 98 26 egen-

665 795 141 32 domens
839 797 209 36 arrendator,
1084 797 103 32 Oscar
1215 799 160 36 Karlson,
1399 801 63 30 och
1487 801 64 31 den
1574 803 202 37 obebyggda

665 848 108 31 lotten
789 849 55 30 till
862 849 132 31 Gustav
1007 849 151 32 Karlson
1177 851 55 31 för
1243 852 270 38 köpeskillingar
1525 865 46 20 av
1582 857 194 35 respektive

667 900 117 36 25,700
817 901 128 31 kronor
979 902 61 31 och
1075 903 118 36 19,670
1229 904 127 31 kronor
1377 907 54 29 att
1453 906 156 36 erläggas
1634 908 77 31 med
1734 918 42 21 en

665 952 158 36 sjättedel
855 953 60 31 vid
944 954 165 32 tillträdet
1132 955 64 31 den
1221 957 41 29 14
1287 966 90 21 mars
1401 957 85 31 1929
1509 958 62 31 och
1595 968 43 21 en
1660 960 116 36 sjätte-

664 1004 55 31 del
754 1005 64 31 den
854 1007 41 30 14
929 1016 93 21 mars
1056 1007 96 35 varje
1186 1017 46 20 av
1266 1008 231 36 nästföljande
1530 1010 67 31 fem
1621 1011 41 30 år
1685 1013 90 29 samt

664 1057 110 31 under
807 1058 129 31 villkor
967 1059 70 30 dels
1061 1059 212 31 beträffande
1296 1060 64 31 den
1384 1061 178 37 bebyggda
1584 1063 118 36 lotten,
1725 1065 50 30 att

665 1109 227 31 förenämnda
915 1110 110 31 Bertil
1049 1111 196 31 Johansson
1261 1112 63 30 och
1339 1112 115 32 Johan
1471 1114 194 32 Johansson
1677 1116 97 31 skola

663 1163 66 34 äga
761 1162 108 31 under
901 1163 54 30 sin
978 1163 118 31 livstid
1120 1164 133 30 kvarbo
1277 1165 11 29 i
1311 1175 44 20 av
1378 1165 78 31 dem
1479 1176 49 21 nu
1551 1167 224 36 disponerade

662 1213 207 38 backstugor
900 1216 62 30 och
987 1216 113 36 nyttja
1123 1217 131 30 tomten
1278 1217 222 38 däromkring
1524 1221 69 29 mot
1615 1229 44 21 en
1683 1221 90 35 årlig

662 1267 128 35 avgäld
824 1278 43 20 av
900 1268 42 30 10
977 1268 125 31 kronor
1134 1269 53 30 för
1211 1269 144 31 vardera
1379 1270 213 37 lägenheten,
1616 1272 72 31 dels
1712 1273 62 31 ock

663 1319 213 32 beträffande
903 1330 107 21 envar
1033 1331 44 20 av
1100 1321 377 37 försäljningslotterna
1500 1326 53 28 att
1577 1324 106 31 lotten
1709 1325 65 30 för-

661 1372 104 35 säljes
788 1373 12 29 i
823 1372 56 31 det
912 1373 107 35 skick,
1055 1374 74 30 vari
1162 1373 66 31 den
1260 1375 59 30 vid
1343 1375 169 32 tillträdet
1534 1376 162 37 befinnes,
1720 1380 54 28 att

662 1424 274 36 köpeskillingen
971 1425 89 31 skall
1095 1426 159 36 erläggas
1287 1427 54 30 till
1364 1427 242 37 länsstyrelsen
1630 1429 13 30 i
1668 1429 104 36 länet,

662 1485 74 21 som
760 1477 62 30 har
844 1478 60 34 att,
928 1478 38 30 så
986 1480 95 28 snart
1097 1478 109 31 första
1221 1479 199 36 sjättedelen
1436 1490 45 20 av
1500 1480 273 38 köpeskillingen

661 1528 130 36 erlagts
814 1529 62 30 och
900 1530 166 35 köparens
1089 1530 310 33 skuldförbindelse
1421 1533 21 30 å
1458 1533 189 31 återstoden
1664 1534 108 31 därav

661 1581 208 36 avlämnats,
902 1583 21 29 å
946 1582 107 31 lotten
1076 1583 139 31 utfärda
1240 1584 176 36 köpebrev,
1441 1587 53 29 att
1518 1586 106 31 lotten
1647 1587 90 30 skall
1760 1588 12 30 i

659 1633 206 36 jordeboken
900 1637 166 34 upptagas
1098 1635 109 31 under
1230 1636 75 31 titel
1328 1637 149 31 allmänt
1500 1638 112 36 frälse,
1636 1642 54 28 att
1714 1640 56 30 kö-

661 1695 104 26 paren
800 1686 88 31 skall
922 1696 102 21 svara
1058 1687 53 31 för
1145 1688 41 30 de
1209 1690 22 29 å
1253 1689 206 35 egendomen
1487 1690 54 30 för
1564 1691 94 31 tiden
1682 1692 88 30 efter

659 1738 285 37 tillträdesdagen
967 1739 187 36 belöpande
1178 1750 104 21 onera
1305 1741 61 31 och
1390 1742 188 37 utskylder,
1602 1745 91 29 samt
1715 1746 54 29 att

660 1790 151 36 köparen
834 1791 88 31 skall
946 1801 118 21 ensam
1087 1792 196 31 vidkännas
1306 1794 70 30 alla
1400 1794 75 31 med
1500 1794 165 32 lotternas
1687 1796 82 31 skil-

658 1843 100 35 jande
793 1843 79 31 från
906 1844 183 36 varandra,
1125 1844 128 36 lagfart
1287 1846 19 30 å
1334 1846 118 35 fånget
1475 1847 61 31 och
1560 1848 109 31 andra
1693 1849 74 31 med

659 1895 102 36 köpet
784 1895 158 31 förenade
966 1897 143 35 utgifter
1132 1899 164 29 ävensom
1319 1898 227 32 kostnaderna
1569 1900 52 30 för
1640 1901 128 31 inteck-

659 1948 86 36 ning
768 1948 13 30 i
805 1948 107 31 lotten
946 1949 55 30 till
1024 1949 157 31 säkerhet
1205 1950 53 31 för
1283 1950 139 32 berörda
1445 1952 321 37 skuldförbindelse,

702 2000 97 36 eller,
830 2000 111 31 därest
965 2001 274 36 medgivandena
1262 2004 49 29 att
1335 2003 165 32 förvärva
1523 2004 147 31 lotterna
1692 2006 75 30 icke

659 2052 184 36 begagnas,
868 2063 63 20 var
954 2054 53 30 för
1030 2054 52 35 sig
1104 2055 21 29 å
1148 2054 159 37 offentlig
1330 2056 144 31 auktion
1498 2056 55 31 till
1574 2057 63 31 den
1654 2057 112 36 högst-

658 2104 174 36 bjudande
865 2105 107 31 under
1004 2106 40 30 de
1067 2107 12 29 i
1102 2106 121 31 brevet
1246 2107 65 31 den
1335 2108 41 30 29
1400 2108 70 36 maj
1495 2109 84 31 1874
1602 2110 164 36 stadgade

658 2157 129 30 villkor
818 2157 77 31 med
925 2158 238 31 tillträdesrätt
1187 2159 52 30 för
1264 2160 125 35 köpare
1411 2160 65 31 den
1500 2162 40 29 14
1564 2172 92 20 mars
1680 2162 85 31 1929

656 2209 64 30 och
755 2209 74 31 med
864 2210 242 31 ovannämnda
1140 2211 170 31 förbehåll
1333 2212 12 30 i
1369 2213 167 31 avseende
1569 2215 21 29 å
1613 2213 41 32 de
1678 2214 87 31 båda

657 2261 434 37 backstugulägenheterna
1114 2264 21 30 å
1157 2263 66 31 den
1248 2264 174 37 bebyggda
1445 2265 122 36 lotten;

703 2362 54 36 51)
773 2363 33 35 a)
822 2367 52 29 att
892 2366 79 30 från
987 2366 326 37 kronoegendomen
1331 2359 38 40 "/2
1385 2369 136 31 mantal
1537 2367 121 38 Östorp
1675 2380 43 21 nr
1735 2372 29 35 1,

661 2408 38 40 !/$
735 2418 135 30 mantal
905 2415 122 39 Östorp
1061 2428 43 21 nr
1136 2419 18 30 5
1187 2418 95 31 Lilla
1314 2420 139 31 Backen
1476 2421 63 31 och
1566 2422 38 39 !/,
1627 2422 137 31 mantal

657 2466 167 33 Öxenåna
852 2479 42 21 nr
929 2470 18 30 2
981 2470 86 30 eller
1098 2468 124 39 Östorp
1246 2470 157 37 Nolgård
1427 2473 12 30 i
1464 2472 149 32 Vinköls
1636 2475 128 30 socken

657 2530 45 21 av
719 2520 215 37 Skaraborgs
951 2521 60 31 län
1025 2522 12 30 i
1048 2522 383 36 statsrådsprotokollet
1448 2525 145 31 berörda
1610 2526 153 31 lotterna
