1882 2824
103 1192 76 42 [43.]

316 180 42 31 28

626 182 395 35 Jordbruksutskottets
1050 182 186 34 utlåtande
1263 184 54 32 Nr
1344 183 51 31 66.

673 268 53 30 att
760 267 62 32 vid
856 268 174 32 tillträdet
1053 269 148 31 kontant
1224 270 162 36 erläggas
1409 270 59 31 till
1492 270 250 38 länsstyrelsen
1766 272 15 31 i

674 319 97 32 länet
794 321 93 30 samt
909 319 111 32 under
1044 320 132 32 villkor
1199 321 13 31 i
1235 322 130 36 övrigt,
1388 324 54 29 att
1464 322 160 32 tillträde
1644 322 57 31 må
1717 323 64 32 ske

673 370 68 32 den
757 372 40 30 14
814 381 93 22 mars
924 372 94 37 1929,
1034 374 54 30 att
1103 372 154 37 köparen
1269 373 180 37 medgiver
1461 375 72 30 rätt
1545 374 55 32 för
1611 374 170 33 blivande

673 425 105 34 ägare
812 433 46 21 av
892 423 111 32 lotten
1035 424 71 31 litt.
1130 424 30 31 E
1192 425 88 31 eller
1311 423 99 33 Östra
1432 425 159 33 Korsvik
1622 427 53 31 att
1697 425 84 33 fritt

674 475 160 36 begagna
857 484 44 22 en
924 476 22 30 å
968 475 210 37 lägenheten
1194 476 131 32 Västra
1341 477 156 32 Korsvik
1513 477 164 37 befintlig
1688 477 91 32 kall-

673 526 97 32 källa
793 526 109 37 jämte
924 527 57 31 till
1005 528 153 31 nämnda
1181 528 98 32 källa
1294 528 147 32 ledande
1457 531 81 35 väg,
1554 532 54 29 att
1623 530 155 36 köparen

672 588 124 21 svarar
819 578 55 32 för
898 578 40 32 de
954 580 22 30 å
991 579 178 37 ägolotten
1196 580 56 31 för
1267 580 98 32 tiden
1380 581 89 31 efter
1484 581 295 37 tillträdesdagen

672 630 191 37 belöpande
887 640 103 22 onera
1013 631 64 32 och
1100 631 195 38 utskylder,
1312 634 91 30 samt
1416 635 54 30 att
1484 633 156 37 köparen
1655 643 123 22 ensam

672 681 198 32 vidkännes
903 682 72 32 alla
1009 683 78 31 med
1122 684 133 36 lagfart
1277 685 21 30 å
1322 684 121 36 fånget
1476 685 64 32 och
1563 684 111 32 andra
1697 684 79 32 med

672 734 104 36 köpet
798 734 165 32 förenade
986 735 202 36 kostnader;
1212 737 92 30 samt

714 786 152 32 lotterna
901 786 68 32 litt.
1013 787 14 31 B
1052 787 62 32 och
1137 787 28 33 C
1199 788 115 31 såsom
1336 788 271 37 åbolägenheter
1630 788 147 37 jämlikt

671 838 307 32 bestämmelserna
1001 839 13 31 i
1038 839 254 37 förordningen
1325 840 66 32 den
1424 840 40 32 17
1488 839 179 33 december
1690 841 86 31 1926

671 887 56 35 (nr
751 887 76 36 509)
861 891 182 36 angående
1076 891 155 36 grunder
1254 892 55 31 för
1337 891 214 37 upplåtande
1574 892 81 31 från
1677 892 99 32 vissa

670 941 323 37 kronoegendomar
1020 953 45 21 av
1088 943 393 37 jordbrukslägenheter
1503 943 112 32 under
1637 944 139 32 åborätt

668 993 115 37 enligt
810 994 106 36 lagen
938 1004 56 22 om
1018 995 194 36 upplåtelse
1236 995 112 32 under
1370 996 138 31 åborätt
1530 1006 46 21 av
1600 995 73 32 viss
1695 995 79 37 jord

669 1046 91 30 samt
787 1055 45 21 av
856 1046 402 37 egnahemslägenheter,
1282 1047 79 31 med
1385 1049 71 30 rätt
1479 1048 55 31 för
1557 1048 65 32 åbo
1645 1048 52 31 att
1721 1047 53 32 in-

668 1097 74 31 lösa
765 1097 229 37 fastigheten;

711 1198 53 39 43)
777 1203 53 29 att
843 1202 325 36 kronoegendomen
1180 1204 18 29 1
1213 1203 136 31 mantal
1362 1202 226 32 Knaverstad
1599 1212 42 22 nr
1652 1203 18 31 1
1683 1201 91 34 Övre

668 1254 13 30 i
703 1253 168 37 Solberga
893 1254 126 31 socken
1043 1264 45 21 av
1112 1254 191 37 Göteborgs
1327 1255 63 31 och
1412 1254 119 32 Bohus
1555 1255 60 31 län
1631 1256 57 30 må
1704 1255 69 32 för-

666 1305 108 37 säljas
808 1305 58 31 till
889 1305 207 32 nuvarande
1118 1306 244 37 arrendatorn,
1395 1306 137 32 Anders
1560 1306 213 38 Andersson,

667 1357 54 31 för
743 1367 45 21 en
810 1357 241 37 köpeskilling
1074 1368 45 21 av
1142 1358 118 37 26,400
1283 1359 130 31 kronor
1436 1359 52 31 att
1510 1358 160 37 erläggas
1693 1359 79 32 med

666 1419 43 21 en
741 1409 164 37 sjättedel
940 1409 61 32 vid
1035 1410 175 32 tillträdet
1244 1410 68 31 den
1346 1411 40 30 14
1419 1420 93 21 mars
1536 1410 94 37 1929,
1655 1410 43 32 då
1721 1421 50 21 nu

666 1460 165 37 gällande
864 1461 316 32 arrendekontrakt
1215 1462 92 31 skall
1341 1462 170 36 upphöra,
1535 1462 64 31 och
1621 1462 78 32 med
1726 1472 45 23 en

666 1512 163 37 sjättedel
862 1512 66 32 den
962 1514 41 30 14
1037 1523 95 21 mars
1163 1513 101 37 varje
1296 1523 45 21 av
1376 1513 238 37 nästföljande
1637 1514 70 31 fem
1730 1516 42 30 år

666 1567 89 29 samt
779 1563 112 33 under
914 1565 132 31 villkor
1069 1565 14 31 i
1105 1565 130 36 övrigt,
1259 1567 54 30 att
1335 1565 215 36 egendomen
1572 1566 161 37 försäljes
1757 1566 14 32 i

665 1616 56 32 det
753 1616 113 36 skick,
901 1616 65 31 den
1001 1616 61 32 vid
1097 1616 175 32 tillträdet
1306 1617 168 37 befinnes,
1508 1619 90 30 utan
1621 1619 70 30 rätt
1715 1618 57 32 för

665 1669 154 35 köparen
854 1668 57 31 till
935 1668 208 32 skadestånd
1167 1679 45 21 av
1236 1669 138 31 kronan
1398 1670 13 30 i
1433 1669 193 37 anledning
1649 1679 45 22 av
1716 1680 55 21 ar-

665 1719 222 33 rendetidens
911 1720 229 37 avbrytande,
1162 1723 54 29 att
1237 1721 283 36 köpeskillingen
1536 1721 158 37 erlägges
1711 1722 59 31 till

665 1772 254 36 länsstyrelsen
952 1772 13 31 i
999 1772 107 36 länet,
1138 1775 53 29 att
1214 1772 175 37 köpebrev
1413 1772 171 38 utfärdas,
1608 1774 39 31 så
1670 1775 99 30 snart

664 1824 110 31 första
810 1823 205 37 sjättedelen
1043 1834 46 21 av
1117 1824 284 37 köpeskillingen
1424 1825 131 36 erlagts
1578 1825 64 31 och
1664 1825 105 37 köpa-

665 1885 78 22 rens
778 1875 322 32 skuldförbindelse
1132 1877 21 30 å
1184 1876 201 32 återstoden
1409 1876 109 32 därav
1554 1877 212 37 avlämnats,

664 1929 54 30 att
751 1927 214 37 egendomen
999 1928 12 30 i
1045 1927 212 37 jordeboken
1282 1929 170 36 upptages
1475 1928 112 32 under
1610 1929 79 31 titel
1704 1929 65 32 all-

665 1980 98 30 mänt
794 1979 119 36 frälse,
947 1981 53 30 att
1033 1980 153 36 köparen
1220 1990 124 22 svarar
1368 1981 54 31 för
1446 1980 40 32 de
1509 1982 21 30 å
1553 1980 216 37 egendomen

664 2031 54 31 för
741 2030 99 32 tiden
863 2031 87 31 efter
974 2031 290 37 tillträdesdagen
1288 2032 190 36 belöpande
1500 2042 106 22 onera
1629 2032 62 32 och
1714 2034 55 30 ut-

664 2082 153 37 skylder,
852 2084 91 30 samt
976 2085 53 30 att
1052 2084 154 36 köparen
1229 2093 121 22 ensam
1374 2084 197 31 vidkännes
1594 2084 71 31 alla
1689 2084 78 32 med

664 2135 133 36 lagfart
820 2135 21 30 å
864 2135 120 37 fånget
1008 2136 64 31 och
1095 2135 111 32 andra
1222 2136 79 32 med
1318 2136 103 36 köpet
1436 2136 166 31 förenade
1618 2136 152 37 utgifter

664 2188 166 30 ävensom
864 2187 235 32 kostnaderna
1127 2187 53 32 för
1204 2187 207 38 inteckning
1435 2188 12 31 i
1471 2188 214 37 egendomen
1708 2188 59 32 till

662 2238 162 32 säkerhet
847 2239 54 31 för
925 2239 144 31 berörda
1093 2239 336 36 skuldförbindelse;

707 2338 53 38 44)
784 2343 64 35 att,
872 2342 106 31 sedan
1001 2342 326 37 kronoegendomen
1352 2344 17 30 1
1394 2344 135 31 mantal
1545 2343 127 32 Askim
1687 2352 43 23 nr
1747 2344 18 31 1

663 2393 261 37 Knapegården
953 2395 11 30 i
987 2394 145 32 Askims
1155 2395 126 31 socken
1304 2405 45 21 av
1366 2395 188 37 Göteborgs
1570 2395 63 32 och
1649 2394 118 33 Bohus

663 2445 60 31 län
747 2445 186 36 uppdelats
967 2446 12 30 i
1010 2446 77 31 med
1111 2447 69 31 litt.
1223 2446 13 32 A
1260 2447 63 31 och
1346 2447 29 31 B
1398 2447 212 32 betecknade
1633 2447 13 31 i
1666 2448 101 31 stats-

662 2496 293 38 rådsprotokollet
989 2498 233 32 omförmälda
1256 2499 115 36 lotter,
1407 2499 176 32 desamma
1618 2499 56 31 må
1702 2509 66 22 var
