2240 2610
628 152 387 33 Konstitutionsutskottets
1039 152 164 32 memorial
1224 152 54 30 Nr
1300 153 51 30 22.
1716 153 39 30 63

322 238 141 33 »Genom
495 238 189 32 resolution
718 237 65 32 den
816 238 39 31 29
890 236 89 42 april
1003 237 79 31 1921
1109 236 62 32 har
1193 235 109 33 Eders
1325 235 131 42 Kungl.
1481 234 101 43 Maj:t
1604 234 133 33 bifallit
1760 246 39 21 en

188 294 42 20 av
254 284 69 29 min
347 281 182 43 omyndige
552 292 69 27 son,
646 280 87 32 Erik
755 279 109 32 Adolf
882 278 177 40 Widlund,
1085 279 80 31 född
1188 278 62 32 den
1274 279 39 31 28
1334 277 68 43 juli
1421 278 89 38 1906,
1538 279 12 30 i
1567 278 232 41 ansökningen

186 324 119 32 kallad
339 323 88 32 Erik
450 323 108 32 Adolf
579 323 130 37 Olsson,
733 322 138 32 ingiven
894 321 212 41 underdånig
1129 320 190 42 ansökning
1341 323 53 29 att
1416 323 128 39 antaga
1567 320 232 32 släktnamnet

188 362 211 51 »Lindberg>.
510 365 232 41 ansökningen
799 364 61 32 hade
894 366 156 30 rättaren
1080 365 33 31 J.
1138 362 40 33 G.
1201 362 174 42 Lindberg
1398 362 60 32 och
1481 362 85 32 hans
1590 362 131 38 hustru,
1745 362 52 32 bo-

188 409 82 32 ende
292 410 20 30 å
334 409 141 31 Brunna
498 408 93 41 gård,
617 407 117 42 Vänge
758 406 130 39 socken,
912 405 194 43 påtecknat,
1131 408 53 29 att
1207 404 39 32 de
1270 405 193 41 tillstyrkte
1486 415 137 31 gossens
1647 404 152 32 ansökan

187 453 12 30 i
233 451 170 42 egenskap
438 461 43 21 av
515 450 194 31 »målsmän»
742 449 53 31 för
817 448 130 39 honom,
972 459 66 21 som
1065 448 40 32 de
1128 447 186 32 benämnde
1337 447 205 32 »fosterson».
1588 446 69 33 Vid
1680 446 118 32 ansök-

187 495 126 41 ningen
349 494 59 30 har
431 493 60 32 ock
514 492 114 41 fogats
651 493 52 29 ett
727 501 41 21 av
791 490 248 32 vederbörande
1062 489 265 43 pastorsämbete
1351 490 142 41 avgivet
1516 488 210 32 åldersbevis
1749 489 51 31 för

187 547 129 31 gossen,
341 535 74 31 vari
439 535 108 32 denne
569 533 167 32 likaledes
759 532 183 32 betecknas
966 534 110 30 såsom
1100 534 150 29 rättaren
1273 531 193 41 Lindbergs
1494 531 202 31 »fosterson>.

323 577 75 32 Den
420 576 269 41 framställning,
714 586 69 21 som
807 574 144 32 sålunda
973 575 107 41 givits
1103 573 142 32 rörande
1269 576 70 29 min
1363 584 57 21 son
1445 578 38 27 är
1506 572 191 33 emellertid
1720 571 80 33 full-

188 619 147 43 komligt
358 619 136 41 oriktig.
539 618 73 32 Min
636 629 96 30 gosse
756 622 37 27 är
816 617 188 42 ingalunda
1026 618 111 40 någon
1159 616 195 32 »fosterson»
1377 615 57 31 till
1456 617 154 30 rättaren
1626 614 174 42 Lindberg

189 662 58 32 och
283 662 123 32 dennes
429 662 133 37 hustru,
586 663 83 28 utan
693 665 37 26 är
752 659 89 32 blott
864 660 59 31 hos
947 659 74 32 dem
1044 658 252 32 inackorderad.
1342 657 54 32 Då
1418 668 121 31 gossen
1561 668 62 20 var
1646 658 17 30 9
1688 658 112 31 måna-

190 705 57 31 der
269 704 157 42 gammal,
450 703 147 32 träffade
616 702 62 43 jag
700 701 74 32 med
797 701 162 32 makarne
981 700 174 42 Lindberg
1178 700 95 32 avtal
1297 700 126 38 därom,
1447 701 53 30 att
1516 699 40 32 de
1572 699 109 32 skulle
1697 703 102 28 emot-

188 750 80 38 taga
302 756 121 31 gossen
453 745 13 32 i
488 744 261 41 inackordering
772 746 69 29 mot
863 754 40 21 en
926 743 197 42 ersättning
1144 754 43 20 av
1212 744 37 30 15
1273 741 126 32 kronor
1421 742 11 30 i
1457 741 174 37 månaden,
1656 741 60 32 och
1740 741 61 31 har

188 788 177 41 Lindberg
399 787 140 32 erhållit
570 786 178 42 betalning
770 785 51 32 för
844 785 303 41 inackorderingen
1169 784 73 32 med
1264 784 145 42 tillhopa
1432 783 94 33 cirka
1550 784 93 38 2,000
1665 784 135 37 kronor,

189 831 137 32 varmed
349 830 65 31 han
438 829 171 32 förklarat
632 829 53 40 sig
707 828 88 42 nöjd.

322 871 72 42 Jag
426 872 62 32 har
522 870 189 33 emellertid
745 869 112 43 aldrig
890 869 136 32 avstått
1060 869 76 31 från
1159 869 78 30 mitt
1260 867 252 43 målsmanskap
1536 872 80 28 över
1638 867 70 32 min
1732 878 68 27 son,

188 914 65 33 och
279 919 61 27 när
361 914 175 41 iindberg
558 913 183 32 betecknar
764 912 119 32 honom
907 912 109 31 såsom
1040 911 53 32 sin
1118 911 207 38 »fosterson»,
1349 915 37 26 är
1409 910 93 32 detta
1525 920 41 21 en
1589 909 212 42 fullkomligt

189 957 194 42 självtagen
417 958 79 30 rätt.
542 955 70 42 Jag
647 960 37 26 är
716 954 154 42 alltjämt
903 954 68 39 min
1006 965 77 20 sons
1116 954 215 40 förmyndare
1364 952 60 32 och
1459 957 116 26 ämnar
1608 952 73 31 icke
1704 952 97 31 avstå

188 998 161 33 därifrån.

200 1075 5 5 |
322 1040 56 32 Då
398 1040 61 42 jag
482 1039 191 32 emellertid
696 1038 75 32 icke
794 1037 109 33 finner
925 1048 83 22 vare
1033 1037 52 42 sig
1107 1037 163 42 lämpligt
1293 1036 84 32 eller
1399 1037 53 31 för
1474 1039 71 28 min
1568 1047 59 21 son
1650 1035 152 43 lyckligt

189 1085 53 31 att
264 1082 85 32 hans
373 1082 131 42 riktiga
527 1081 197 33 släktnamn
747 1079 168 34 Widlund
938 1080 142 42 utbytes
1103 1082 72 29 mot
1196 1078 187 42 Lindberg,
1400 1079 61 31 och
1477 1078 42 31 då
1535 1078 63 31 den
1615 1078 188 40 ansökning

189 1126 58 31 till
280 1124 313 41 namnförändring,
627 1134 69 21 som
731 1133 41 21 av
805 1122 108 32 Eders
947 1122 130 42 Kungl.
1101 1121 99 43 Maj:t
1222 1120 172 42 beviljats,
1418 1121 90 31 skett
1530 1123 87 29 utan
1640 1119 69 32 min
1732 1123 69 28 vet-

190 1168 94 72 skap,
319 1167 54 31 får
402 1167 62 42 jag
498 1166 140 31 härmed
664 1166 13 30 i
698 1164 275 42 underdånighet
994 1163 193 39 hemställa,
1211 1165 53 30 att
1287 1163 109 32 Eders
1420 1162 130 42 Kungl.
1574 1161 99 43 Maj:t
1695 1162 106 31 måtte

190 1220 51 21 med
287 1208 225 43 upphävande
535 1219 43 20 av
602 1207 224 42 nyssberörda
848 1205 184 33 resolution
1055 1206 165 36 förordna,
1245 1207 53 30 att
1320 1205 71 31 min
1406 1215 77 21 sons
1499 1204 198 40 släktnamn
1713 1203 89 32 skall

189 1262 82 21 vara
294 1251 56 31 det
372 1261 100 21 namn
496 1250 67 31 han
586 1250 186 40 rätteligen
795 1249 91 31 förut
908 1248 72 38 bar,
1004 1248 172 41 nämligen
1200 1248 78 30 mitt
1301 1257 100 21 namn
1417 1247 73 31 före
1506 1247 78 30 mitt
1601 1245 200 42 äktenskap,

189 1287 179 53 Widlund.
893 1306 16 7 =

325 1334 151 42 Uppsala
499 1333 64 32 den
587 1335 39 29 24
650 1332 89 43 april
761 1333 88 31 1922.

868 1398 258 42 Underdånigst

837 1458 122 33 Emma
983 1458 172 32 Ohlsson.»

324 1557 125 48 Enligt
490 1557 196 35 utskottets
727 1557 152 45 mening
917 1562 39 28 är
983 1554 268 48 föredragande
1280 1552 422 49 departementschefens
1729 1553 74 34 till-

191 1608 198 49 styrkande
430 1621 42 21 av
513 1607 160 35 beslutet
714 1606 69 35 den
826 1608 44 33 29
913 1607 93 46 april
1051 1607 93 33 1921
1175 1605 357 46 anmärkningsvärt.
1588 1603 13 34 I
1630 1602 66 36 fall
1724 1616 78 22 som

190 1659 102 35 detta
331 1658 105 35 torde
476 1659 188 45 nämligen
692 1657 89 42 icke,
811 1656 116 47 enligt
953 1656 170 46 gällande
1151 1656 286 41 bestämmelser,
1467 1655 249 46 ansökningar
1743 1666 58 21 om

190 1715 83 42 nytt
301 1708 209 35 släktnamn
539 1708 127 34 kunna
694 1706 165 45 beviljas.
994 1747 2 2 |

326 1758 15 35 I
382 1757 22 44 8
447 1760 16 33 1
508 1770 42 23 av
591 1759 107 45 lagen
739 1769 59 22 om
840 1757 91 34 barn
973 1761 102 30 utom
1117 1756 200 45 äktenskap
1346 1767 43 22 av
1417 1754 70 35 den
1523 1756 44 32 14
1592 1753 85 46 juni
1709 1755 92 33 1917

192 1809 159 48 stadgas,
381 1813 53 30 att
461 1808 108 35 »barn
600 1813 105 29 utom
733 1807 199 45 äktenskap
961 1806 156 35 erhåller
1145 1804 170 37 moderns
1343 1805 237 34 släktnamn».
1625 1804 12 34 I
1668 1802 22 44 $
1720 1805 19 32 2
1760 1816 43 22 av

192 1871 141 24 samma
373 1859 59 47 lag
472 1858 228 43 föreskrives,
743 1862 53 30 att
825 1856 167 35 »modern
1021 1857 91 34 have
1140 1855 212 36 vårdnaden
1381 1868 58 22 om
1468 1855 130 34 barnet
1626 1854 67 35 och
1721 1866 83 22 vare

191 1910 81 35 dess
314 1909 266 49 förmyndare».
636 1908 112 35 Dessa
788 1908 278 35 bestämmelser
1106 1907 99 41 böra,
1252 1906 58 35 för
1349 1905 245 48 belysningen
1635 1917 44 22 av
1709 1903 94 36 före-

191 1960 162 35 varande
382 1960 113 46 fråga,
521 1959 180 46 jämföras
730 1958 81 35 med
840 1957 22 44 $
892 1960 18 32 7
941 1971 44 21 av
1014 1957 267 46 förordningen
1310 1955 190 47 angående
1528 1954 206 48 antagande
1762 1967 42 21 av

192 2011 208 34 släktnamn
440 2009 71 35 den
554 2012 19 32 5
617 2008 193 35 december:
853 2009 106 42 1901,
989 2008 65 34 där
1088 2007 60 35 det
1176 2007 159 46 stadgas,
1365 2011 54 29 att
1448 2005 75 35 »för
1551 2006 83 41 den,
1664 2018 77 22 som
1770 2005 31 45 ej

194 2062 157 44 uppnått
392 2059 153 47 myndig
583 2058 112 43 ålder,
739 2064 105 40 göres
886 2058 170 33 anmälan
1100 2070 59 21 om
1201 2062 84 42 nytt
1314 2056 227 34 släktnamns
1570 2054 234 35 införande
1783 2050 24 60 i

191 2108 193 49 kyrkobok
417 2110 89 34 eller
533 2109 173 41 ansökan,
736 2120 76 22 som
841 2108 12 34 i
881 2107 121 35 denna
1030 2106 222 46 förordning
1277 2118 112 29 avses,
1420 2118 43 21 av
1491 2105 70 34 den
1592 2105 89 33 eller
1709 2103 94 43 dem,

193 2172 77 22 som
299 2160 93 33 hava
419 2158 212 35 vårdnaden
661 2170 60 22 om
749 2157 163 35 honom>.
950 2157 66 34 Att
1045 2156 61 35 det
1128 2156 355 46 vårdnadsbegrepp,
1506 2167 77 22 som
1604 2154 66 34 här
1690 2166 113 30 avses,

192 2218 39 26 är
271 2222 43 21 av
351 2221 138 22 samma
529 2208 162 35 innehåll
733 2220 76 22 som
839 2208 60 34 det
927 2208 10 33 i
972 2208 91 33 1917
1095 2211 56 30 års
1180 2208 59 45 lag
1267 2219 58 22 om
1355 2206 89 33 barn
1475 2210 102 29 utom
1606 2204 198 46 äktenskap
