2216 2612
618 139 391 34 Konstitutionsutskottets
1031 135 161 33 memorial
1215 135 52 31 Nr
1288 135 54 30 22.
1726 130 15 30 1

909 617 59 41 Nr
994 616 63 41 22.

748 774 118 29 Ankom
890 773 47 28 till
959 772 175 33 riksdagens
1157 769 95 29 kansli
1275 753 58 44 den
1358 769 37 27 16
1420 766 58 34 maj
1504 767 80 27 1922
1609 765 40 28 kl.
1676 765 36 27 10
1735 763 54 29 fm.

381 919 448 39 Konstitutionsutskottets
869 915 185 38 memorial
1094 913 183 50 angående
1311 911 219 50 fullbordad
1563 908 228 50 granskning

583 1001 44 23 av
655 987 43 36 de
725 987 14 35 i
765 984 195 38 statsrådet
979 983 113 49 förda
1115 979 191 51 protokoll.

318 1143 72 35 Till
430 1137 450 40 konstitutionsutskottet
919 1135 93 35 hava
1052 1137 46 45 på
1139 1132 125 36 därom
1291 1131 66 35 hos
1384 1127 273 38 vederbörande
1684 1126 109 48 gjord

182 1193 275 46 framställning
495 1190 106 36 blivit
638 1186 259 38 överlämnade
938 1185 45 36 de
1023 1184 121 36 under
1183 1182 102 36 tiden
1327 1180 80 36 från
1439 1180 66 35 och
1534 1178 84 36 med
1647 1177 71 36 den
1748 1178 45 35 10

179 1245 150 49 januari
360 1245 92 34 1921
481 1242 58 34 till
566 1240 67 35 och
663 1237 83 37 med
773 1238 71 34 den
873 1238 19 34 9
918 1236 150 47 januari
1098 1234 94 35 1922
1220 1234 13 34 i
1261 1230 195 37 statsrådet
1475 1229 105 36 förda
1599 1228 194 48 protokoll,

185 1295 186 47 nämligen
399 1300 84 28 över

314 1338 563 55 justitiedepartementsärenden
918 1336 82 36 från
1041 1335 69 36 och
1151 1333 84 36 med
1263 1332 71 35 den
1365 1333 44 33 14
1434 1330 148 47 januari
1613 1329 94 35 1921
1737 1328 58 35 till

185 1397 69 35 och
282 1394 82 36 med
393 1394 69 35 den
492 1395 19 33 7
537 1391 151 48 januari
718 1390 111 41 1922;

314 1444 307 50 justitieärenden
649 1440 81 36 från
759 1439 67 36 och
855 1437 84 36 med
967 1436 71 36 den
1067 1437 46 35 28
1138 1433 148 49 januari
1317 1433 93 36 1921
1440 1432 58 34 till
1525 1430 68 36 och
1622 1427 84 38 med
1726 1428 70 36 den

185 1500 21 33 7
233 1497 146 47 januari
410 1495 110 41 1922;
905 1533 4 4 |
1619 1505 2 4 .

321 1541 549 51 utrikesdepartementsärenden
913 1538 83 36 från
1036 1537 67 36 och
1145 1535 83 36 med
1269 1534 70 36 den
1371 1535 43 34 14
1440 1532 147 48 januari
1618 1532 93 34 1921
1742 1530 56 34 till

186 1598 70 35 och
286 1596 81 36 med
396 1596 70 35 den
495 1597 19 33 7
541 1594 149 47 januari
721 1592 110 40 1922;

314 1645 326 50 försvarsärenden
667 1641 84 36 från
779 1642 68 34 och
876 1640 83 35 med
988 1639 71 35 den
1090 1639 44 34 14
1159 1636 150 47 januari
1340 1635 93 35 1921
1458 1633 58 35 till
1535 1632 68 36 och
1624 1630 84 36 med
1728 1630 71 35 den

187 1698 73 35 den
290 1699 18 33 7
334 1696 148 46 januari
512 1695 113 41 1922;
773 1697 3 2 i

323 1745 267 38 socialärenden
631 1743 80 35 från
752 1742 67 35 och
848 1740 82 36 med
960 1739 71 36 den
1061 1740 44 33 14
1130 1737 149 48 januari
1312 1736 92 34 1921
1434 1734 57 34 till
1520 1732 67 35 och
1616 1730 84 36 med
1728 1730 70 35 den

189 1801 21 32 7
238 1798 147 47 januari
416 1797 110 40 1922;
1476 1795 7 7 :

326 1843 487 40 kommunikationsärenden
855 1839 83 37 från
966 1839 66 36 och
1062 1837 83 37 med
1172 1837 71 36 den
1275 1838 45 33 14
1344 1833 148 50 januari
1523 1834 93 34 1921
1646 1832 58 35 till
1733 1830 66 36 och

189 1898 86 36 med
303 1898 70 35 den
401 1899 19 33 7
446 1896 150 48 januari
627 1895 111 40 1922;

315 1947 288 47 finansärenden
645 1944 82 36 från
755 1943 66 36 och
851 1941 84 36 med
962 1941 70 35 den
1063 1941 41 34 11
1132 1939 149 47 januari
1312 1938 94 34 1921
1435 1936 59 34 till
1522 1934 67 35 och
1618 1932 84 36 med
1730 1930 71 37 den

192 2001 20 33 7
240 1999 147 47 januari
418 1999 110 39 1922;

328 2046 382 36 ecklesiastikärenden
742 2043 82 35 från
852 2041 67 35 och
949 2040 83 35 med
1061 2040 70 35 den
1162 2040 44 33 14
1231 2038 149 46 januari
1412 2037 90 33 1921
1534 2035 56 33 till
1620 2033 68 35 och
1717 2031 83 35 med

192 2098 72 35 den
293 2099 19 33 7
338 2097 146 46 januari
515 2097 111 39 1922;

322 2145 355 50 jordbruksärenden
718 2142 81 36 från
839 2141 68 36 och
950 2139 83 36 med
1066 2139 70 36 den
1169 2140 43 33 14
1238 2137 148 47 januari
1417 2136 91 34 1921
1539 2134 57 34 till
1626 2132 65 35 och
1721 2130 82 36 med

194 2199 73 35 den
295 2199 19 33 7
341 2196 149 48 januari
520 2197 111 39 1922;
661 2198 94 31 samt

327 2260 127 40 Bihang
479 2258 48 31 till
549 2257 182 41 riksdagens
749 2254 160 44 protokoll
931 2254 94 31 1922.
1071 2253 20 30 5
1113 2251 87 31 saml.
1246 2251 41 29 19
1310 2249 81 41 häft.
1437 2247 68 37 (Nr
1529 2247 67 36 22)
1748 2245 14 29 1
