2220 2610
481 144 20 29 4
896 148 387 37 Konstitutionsutskottets
1307 156 162 31 memorial
1491 156 52 31 Nr
1564 159 52 30 292.

1210 309 64 33 1:ö.

923 395 163 34 (Protokoll
1113 398 69 28 över
1204 400 466 35 utrikesdepartementsärenden
1693 405 57 29 den
1781 409 35 26 15
1841 409 74 33 april
1941 412 105 35 1921.)

567 484 52 36 På
659 486 218 37 hemställan
918 502 44 23 av
1005 491 192 36 ministern
1239 492 56 36 för
1336 496 137 35 utrikes
1514 498 183 36 ärendena
1734 513 108 35 greve
1870 502 174 50 Wrangel

434 533 116 36 beslöt
578 534 137 50 Kungl.
744 536 105 49 Maj:t
876 539 13 34 i
917 540 154 36 statsråd
1098 541 71 36 den
1200 544 42 34 15
1273 546 92 46 april
1397 548 92 33 1921
1521 553 53 30 att
1601 552 118 33 såsom
1747 551 131 49 bidrag
1903 554 58 35 till
1981 555 62 35 be-

432 585 145 35 talande
605 599 44 22 av
675 587 96 36 vissa
797 589 140 47 partier
964 589 55 37 för
1046 593 152 35 svenska
1225 594 192 37 koloniens
1445 598 12 34 i
1484 597 194 50 Hamburg
1705 601 157 50 räkning
1888 605 154 48 inköpta

432 635 187 36 livsmedel
660 638 57 34 till
757 640 379 45 generalkonsulatets
1177 642 216 51 förfogande
1435 649 105 34 ställa
1579 654 53 30 ett
1672 650 133 49 belopp
1833 666 44 23 av
1907 656 135 42 10,000

431 685 132 36 kronor
602 691 54 30 att
696 691 88 44 utgå
823 702 44 23 av
896 690 62 36 det
989 694 20 33 å
1039 694 94 35 1920
1162 696 57 33 års
1246 697 222 47 tilläggsstat
1496 698 182 48 uppförda
1706 700 335 54 förslagsanslaget,

431 735 114 48 högst,
575 736 337 49 hjälpverksamhet
940 741 110 36 bland
1077 745 97 34 vissa
1200 747 153 35 svenska
1381 748 215 36 undersåtar
1621 752 13 33 i
1663 752 181 36 utlandet.

564 786 49 37 Ur
624 786 232 39 ministerns
885 792 220 49 motivering
1132 793 58 36 för
1217 797 55 34 sin
1301 797 219 37 hemställan
1549 803 59 32 må
1636 800 145 38 anföras
1810 799 175 58 följande.

562 836 84 37 Med
687 839 144 49 hänsyn
873 842 58 35 till
974 842 69 36 den
1084 845 12 33 i
1136 844 189 48 Tyskland
1357 851 110 33 våren
1507 852 94 34 1919
1630 851 162 37 rådande
1820 858 103 33 svåra
1951 858 89 34 livs-

430 886 279 38 medelsbristen
746 890 92 36 hade
866 894 154 35 svenska
1048 894 172 37 kolonien
1247 897 12 35 i
1286 897 193 50 Hamburg
1505 900 82 36 låtit
1615 900 82 37 från
1724 902 149 50 Sverige
1901 907 138 48 inköpa

428 936 197 46 livsmedel,
655 940 155 36 avsedda
837 947 56 30 att
920 943 57 35 till
1006 946 231 45 någorlunda
1263 949 141 47 rimligt
1432 951 75 46 pris
1525 952 300 38 tillhandahållas
1844 956 194 37 koloniens

427 986 249 38 medlemmar.
731 990 69 36 För
840 997 55 31 att
923 994 219 48 möjliggöra
1164 1009 170 24 varornas
1362 998 195 38 införande
1583 1004 12 33 i
1615 1002 197 49 "Tyskland
1840 1005 93 37 hade
1961 1009 75 34 till-

427 1036 218 38 förordnade
686 1044 310 44 generalkonsuln
1036 1047 12 32 i
1085 1047 197 49 Hamburg
1320 1050 12 33 i
1374 1050 116 35 likhet
1517 1052 84 35 med
1628 1053 69 36 vad
1724 1055 97 35 skett
1849 1056 62 35 vid
1939 1057 96 36 före-

426 1088 138 46 gående
604 1090 187 46 tillfällen,
821 1093 46 35 då
895 1094 190 36 livsmedel
1114 1098 219 36 rekvirerats
1360 1100 83 35 låtit
1471 1102 220 47 konsignera
1718 1105 230 49 sändningen
1977 1110 58 34 till

424 1139 371 45 generalkonsulatet.
850 1143 27 35 F
879 1146 299 52 örsäljningspris
1206 1149 66 35 och
1297 1148 298 39 fraktkostnader
1614 1152 58 36 för
1690 1155 231 49 sändningen
1941 1158 94 36 hade

425 1187 194 38 debiterats
661 1192 82 35 med
783 1196 243 46 sammanlagt
1066 1198 183 42 42,524.13
1289 1200 136 35 kronor
1464 1201 67 36 och
1562 1203 93 35 hade
1691 1207 342 46 överenskommits,

424 1243 51 31 att
514 1240 163 36 likviden
705 1243 118 35 skulle
851 1244 13 34 i
892 1248 84 32 mån
1005 1246 192 49 betalning
1223 1249 127 36 inflöte
1377 1251 63 35 vid
1468 1250 219 52 försäljning
1714 1267 44 23 av
1784 1269 157 24 varorna
1969 1259 61 36 vid

422 1289 175 48 lämpliga
624 1291 216 48 tidpunkter
867 1296 218 36 översändas
1112 1298 12 34 i
1153 1299 98 35 olika
1278 1305 135 42 poster.
1456 1300 118 38 Sedan
1603 1304 12 34 i
1639 1304 72 47 juli
1734 1307 94 35 1919
1850 1320 44 22 en
1916 1307 116 38 första

421 1340 237 49 avbetalning
697 1346 21 32 å
757 1344 135 35 kronor
922 1348 179 41 19,267.30
1129 1349 127 47 gjorts,
1294 1350 94 36 hade
1416 1352 171 37 kolonien
1616 1358 47 43 på
1689 1356 122 47 grund
1839 1371 43 22 av
1911 1361 120 34 mark-

421 1390 153 36 kursens
614 1393 309 37 katastrofartade
951 1397 171 49 nedgång
1149 1403 94 32 måst
1270 1401 109 35 träffa
1406 1404 95 34 avtal
1530 1416 58 23 om
1617 1406 158 36 anstånd
1803 1408 84 36 med
1915 1409 115 36 betal-

420 1440 137 47 ningen
598 1455 43 23 av
681 1445 210 35 återstoden
932 1453 77 29 mot
1039 1448 182 46 gäldande
1249 1463 42 23 av
1320 1454 19 32 7
1370 1458 22 30 «z
1421 1458 105 30 ränta
1554 1458 20 31 å
1601 1456 152 46 oguldet
1782 1457 135 49 belopp
1945 1459 83 36 från

419 1489 189 37 fakturans
637 1492 71 47 dag
736 1494 69 35 den
836 1497 45 33 26
906 1496 86 46 juni
1022 1500 106 33 1919.
1182 1499 93 36 Dei
1301 1501 194 49 Hamburg
1521 1503 60 36 för
1599 1505 191 49 betalning
1809 1521 42 22 av
1871 1510 156 35 skulden

418 1539 210 49 disponibla
669 1543 145 36 medlen
856 1548 191 47 uppgingo
1087 1549 58 34 till
1174 1551 170 47 omkring
1375 1553 158 43 125,500
1562 1556 114 34 mark.
1731 1555 297 41 Generalkonsu-

416 1591 90 36 latet
545 1592 12 34 i
596 1592 195 50 Hamburg
830 1599 115 45 ansåg
985 1597 60 36 det
1084 1600 12 33 i
1138 1599 193 38 december
1361 1604 96 34 1920
1485 1604 227 50 nödvändigt
1740 1612 53 31 att
1821 1610 205 48 slutgiltigt

416 1643 139 46 reglera
594 1643 121 36 denna
755 1644 101 46 affär,
899 1646 277 47 framhållande,
1211 1656 51 30 att
1290 1655 122 45 någon
1440 1666 120 23 annan
1588 1661 113 43 utväg
1728 1658 79 35 icke
1835 1660 105 36 stode
1968 1663 57 33 till

415 1691 95 36 buds
551 1699 45 29 än
637 1699 55 30 att
723 1696 86 35 söka
841 1697 138 36 erhålla
1019 1704 50 30 ett
1097 1700 131 48 bidrag
1254 1715 44 21 av
1326 1704 210 36 statsmedel
1565 1719 43 23 av
1636 1709 223 35 åtminstone
1891 1713 134 42 10,000

415 1742 135 36 kronor
577 1743 57 36 för
668 1744 155 38 bristens
851 1748 188 45 täckande,
1070 1758 88 27 enär
1186 1752 193 48 möjlighet
1407 1755 32 45 ej
1471 1754 213 38 förefunnes
1712 1763 52 30 att
1792 1759 101 36 inom
1922 1762 102 35 kolo-

414 1793 86 35 nien
540 1792 57 37 för
637 1795 210 37 ändamålet
875 1798 164 37 anskaffa
1067 1813 77 23 mer
1171 1808 46 28 än
1246 1803 106 47 högst
1380 1806 110 42 4,000
1519 1806 144 36 kronor.
1720 1808 180 38 Kolonien
1931 1812 94 36 hade

414 1843 117 35 under
557 1844 44 35 de
630 1858 126 23 senare
784 1850 87 32 åren
900 1849 155 48 nödgats
1083 1854 46 44 på
1157 1851 285 50 frivillighetens
1470 1863 68 40 väg
1566 1862 110 31 utöva
1703 1872 45 22 en
1782 1858 238 56 synnerligen

412 1892 233 50 betungande
687 1895 211 47 fattigvård,
941 1912 84 23 men
1053 1901 45 35 då
1125 1907 53 30 ett
1205 1903 31 46 ej
1266 1904 208 48 obetydligt
1501 1908 99 34 antal
1628 1921 43 23 av
1698 1910 196 36 koloniens
1922 1925 101 23 mera

413 1944 244 37 välsituerade
686 1947 240 37 medlemmar
953 1949 94 37 efter
1074 1950 214 39 fredsslutet
1317 1955 201 49 återflyttat
1545 1958 56 35 till
1630 1957 158 50 Sverige,
1817 1961 94 36 hade
1929 1963 93 47 möj-

410 1993 162 48 ligheten
613 2009 44 22 av
695 1997 179 49 frivilliga
914 2001 158 36 tillskott
1112 2004 58 34 till
1210 2004 171 37 kolonien
1422 2007 13 33 i
1462 2007 73 48 hög
1560 2008 92 47 grad
1680 2009 212 50 förringats.
1949 2013 71 36 Det

410 2050 125 41 syntes
576 2046 193 37 ministern
811 2049 147 49 skäligt,
988 2057 53 30 att
1073 2052 130 49 bidrag
1230 2067 42 23 av
1300 2057 211 35 statsmedel
1539 2059 188 36 lämnades
1755 2062 57 34 till
1840 2063 180 36 täckande

409 2107 44 22 av
481 2095 69 35 den
576 2095 278 48 ifrågavarande
882 2099 193 47 förlusten,
1105 2104 68 34 och
1202 2105 166 36 erinrade
1396 2107 73 35 han
1496 2109 12 33 i
1536 2108 100 36 detta
1664 2112 266 49 sammanhang
1958 2127 58 22 om

409 2149 54 30 att
503 2147 137 47 Kungl.
670 2147 105 48 Maj:t
816 2163 134 35 genom
984 2152 121 36 beslut
1132 2154 71 35 den
1234 2157 44 34 18
1303 2156 87 46 juni
1422 2159 94 34 1920
1544 2160 57 34 till
1629 2160 194 49 betalning
1850 2177 43 21 av
1920 2166 99 33 vissa

409 2199 87 31 utav
524 2196 285 49 beskickningen
838 2201 11 33 i
877 2200 125 37 Berlin
1030 2202 56 36 för
1113 2204 224 38 därvarande
1365 2209 152 34 svenska
1545 2209 189 38 koloniens
1754 2213 161 47 räkning
1934 2213 83 36 från
