2226 2608
493 134 40 30 20
882 140 392 37 Konstitutionsutskottets
1293 150 165 31 memorial
1480 151 55 31 Nr
1557 154 51 30 22.

448 221 137 37 honom
613 224 108 35 också
749 226 11 33 i
789 232 362 36 överensstämmelse
1179 234 152 37 härmed
1358 237 78 36 dels
1466 241 71 34 600
1565 241 136 38 kronor
1728 248 153 45 pension
1909 250 11 33 i
1948 249 110 38 femte

448 272 144 36 klassen
632 287 43 23 av
716 278 145 35 arméns
902 281 292 47 pensionskassa,
1236 285 79 36 dels
1342 289 66 34 ock
1436 302 45 23 en
1514 290 321 52 fyllnadspension
1875 312 43 23 av
1947 302 109 42 2,120

447 322 136 36 kronor
613 325 115 47 jämte
759 328 108 41 1,270
895 330 137 36 kronor
1059 334 399 52 pensionsförbättring
1487 340 81 37 från
1596 343 125 37 därtill
1750 349 171 36 anvisade
1949 356 107 31 stats-

445 372 131 44 medel,
610 380 53 30 att
696 376 84 35 med
812 379 244 39 tillsammans
1089 385 111 41 3,990
1228 386 135 37 kronor
1391 386 100 51 (plus
1519 392 295 52 dyrtidstillägg)
1834 399 88 36 härå
1941 401 71 36 den
2035 405 17 32 1

444 422 211 48 påföljande
680 426 151 47 januari
859 431 191 36 tillträdas.
1096 433 132 38 Därest
1255 438 180 37 Paterson
1457 442 71 35 den
1552 445 42 33 15
1616 446 195 37 december
1832 451 92 34 1921
1946 452 110 36 kvar-

444 476 88 33 stått
573 476 120 35 såsom
735 480 121 42 major
896 484 20 32 å
955 488 212 40 reservstat,
1211 488 119 35 skulle
1370 490 86 45 han,
1499 505 79 24 som
1607 495 47 35 då
1683 499 133 35 endast
1842 512 69 23 var
1939 504 46 33 50
2013 504 42 34 år

442 528 165 43 gammal
635 527 80 35 icke
743 530 99 35 varit
868 532 213 49 berättigad
1108 537 58 34 till
1194 538 115 44 högre
1337 543 379 47 pensionsförmåner,
1745 552 48 31 än
1822 562 79 23 som:
1928 554 127 44 gällde

442 575 60 34 för
542 577 137 43 kapten
722 578 22 34 å
776 587 212 40 reservstat,
1017 587 189 44 nämligen
1240 593 251 44 sammanlagt
1521 596 107 41 1,800
1656 598 137 36 kronor
1818 600 119 44 jämte
1966 604 88 44 dyr-

442 626 221 46 tidstillägg.
719 626 141 40 Genom
901 633 169 37 besluten
1103 636 70 36 den
1204 640 46 33 10
1278 640 152 37 oktober
1457 643 68 35 och
1553 645 70 36 den
1658 648 46 34 22
1733 648 193 39 december
1956 655 93 34 1921

441 675 116 36 erhöll
605 678 155 35 sålunda
803 681 187 47 Paterson,
1036 699 133 34 genom
1216 691 220 37 återinträde
1481 694 69 36 och
1595 697 251 52 tjänstgöring
1889 705 46 44 på
1980 709 72 30 stat

441 725 120 37 under
600 741 45 22 en
685 728 57 37 tid
782 743 43 24 av
864 734 171 48 omkring
1066 740 60 32 två
1158 740 185 45 månader,
1385 755 43 23 en
1470 743 217 52 förhöjning
1714 750 12 33 i
1754 751 80 34 sina
1860 754 191 46 pensions-

439 774 188 40 förmåner
666 779 84 36 med
793 783 108 43 2,190
943 786 135 36 kronor
1116 789 120 43 Jämte
1278 793 210 37 skillnaden
1522 799 138 34 mellan
1689 800 45 35 de
1762 802 98 35 olika
1889 803 162 48 dyrtids-

439 826 192 49 tilläggen.

574 931 102 36 Enär
703 932 174 38 Paterson
905 937 62 35 vid
995 938 56 35 sin
1078 943 189 46 övergång
1294 946 19 32 å
1345 952 194 30 reservstat
1570 950 118 36 måste
1708 952 221 38 förutsättas
1949 957 99 35 hava

440 982 65 44 ägt
532 981 211 37 kännedom
772 997 60 23 om
859 985 253 40 förhållandet
1139 993 139 34 mellan
1307 997 396 44 pensionförmånerna
1730 1003 59 35 för
1816 1005 230 38 officerare
2025 993 23 59 å

436 1034 204 33 reservstat
667 1035 69 34 och
766 1036 191 37 officerare
985 1042 20 32 å
1033 1044 86 40 stat,
1149 1044 70 33 och
1247 1044 47 34 då
1321 1044 159 48 beslutet
1507 1048 72 36 den
1609 1052 46 34 10
1679 1052 154 37 oktober
1855 1057 91 34 1921
1969 1057 80 36 haft

434 1080 60 34 till
523 1079 103 49 följd,
647 1088 54 31 att
720 1088 216 35 statsverket
956 1090 181 36 åsamkats
1165 1093 119 36 ökade
1311 1095 197 38 kostnader
1540 1105 88 31 utan
1652 1105 255 36 motsvarande
1926 1112 117 43 nytta,

436 1135 99 31 samt
562 1131 119 37 denna
712 1134 96 48 följd
841 1137 62 35 vid
935 1141 168 35 ärendets
1137 1141 265 51 föredragning
1429 1151 116 33 måste
1572 1150 94 37 hava
1694 1152 204 45 förutsetts,
1927 1157 120 37 finner

434 1181 180 36 utskottet
657 1184 266 50 föredragande
965 1189 147 37 chefens
1140 1191 59 36 för
1227 1193 454 52 försvarsdepartementet
1712 1205 258 48 tillstyrkande
2002 1221 44 23 av

434 1230 161 38 beslutet
627 1235 357 50 anmärkningsvärt.

567 1332 51 36 På
657 1336 125 46 grund
822 1351 43 22 av
903 1339 70 36 vad
1012 1343 155 35 sålunda
1208 1344 151 47 anförts,
1402 1348 65 36 har
1495 1351 183 37 utskottet
1705 1353 127 38 funnit
1860 1358 55 47 sig
1942 1357 102 46 böra,

426 1382 152 46 Jämlikt
617 1383 23 45 $
670 1387 69 34 107
769 1390 346 47 regeringsformen,
1145 1394 66 36 hos
1239 1396 195 48 riksdagen
1461 1407 90 40 göra
1578 1405 171 35 anmälan
1776 1411 78 30 mot
1882 1407 162 38 föredra-

430 1432 120 47 gande
578 1434 414 51 departementschefen,
1022 1445 194 36 statsrådet
1244 1442 157 57 Lybeck.

565 1534 208 30 Närvarande:
806 1537 111 29 Herrar
940 1540 118 37 Clason,
1082 1543 153 36 Hellberg,
1263 1545 120 37 Thulin,
1408 1548 35 28 G.
1468 1550 46 29 W.
1538 1551 151 37 Hansson,
1713 1554 145 37 Lyberg,”
1883 1557 155 37 Stendahl,

427 1574 34 27 P.
486 1574 29 29 J.
541 1575 209 36 Gustafsson,"
773 1578 68 29 Nils
864 1581 100 29 Anton
987 1582 132 38 Nilsson,
1143 1585 35 28 A.
1196 1586 46 29 W.
1259 1587 201 39 Johansson,"
1483 1592 183 35 Magnusson
1681 1596 10 27 i
1707 1596 154 38 Tumbhult,
1884 1599 155 31 Jansson
2020 1592 21 47 i

427 1616 184 37 Edsbäcken,
646 1618 174 39 Starbäck,"
853 1622 172 31 Andersson
1048 1627 10 26 i
1081 1626 148 37 Igelboda,
1253 1629 128 30 Persson
1403 1633 10 27 i
1436 1633 126 38 Fritorp,
1589 1636 140 30 Karlsson
1752 1640 10 27 i
1786 1640 161 38 Vadstena,
1972 1642 66 35 Sjö-

426 1660 102 34 ström,
550 1660 81 36 Fast,
656 1661 150 30 Svensson
828 1665 10 26 i
861 1664 153 31 Grönvik”
1039 1668 54 28 och
1117 1669 115 31 Sehlin.

563 1753 13 13 +
596 1751 31 32 Ej
647 1748 166 31 närvarande
832 1755 44 25 vid
893 1757 172 31 justeringen.
