1920 2848
458 179 463 32 Konstitutionsutskottets
939 177 186 32 memorial
1143 178 52 31 Nr
1222 176 51 31 18.
1558 175 18 30 5

115 260 132 36 Kungl.
271 259 111 36 Maj:t
405 259 11 30 i
440 259 117 31 andra
579 258 65 31 fall
666 257 57 31 till
747 256 320 37 tjänstledigheten
1089 254 121 32 knutit
1234 254 206 37 skyldighet
1462 254 47 36 på
1531 253 89 31 visst

115 313 72 30 sätt
205 312 55 30 för
281 309 264 34 vederbörande
562 312 53 29 att
633 308 112 32 under
765 308 95 31 vissa
878 307 307 35 förutsättningar
1202 306 74 31 helt
1294 305 86 31 eller
1397 305 116 31 delvis
1530 305 90 31 åter-

115 363 145 32 inträda
286 363 12 30 i
325 361 245 38 tjänstgöring
598 361 75 31 före
700 359 212 36 riksdagens
939 358 222 32 avslutande.
1209 356 159 33 Sålunda
1394 357 66 30 har
1487 355 134 37 Kungl.

116 414 109 37 Maj:t
250 414 112 32 under
387 415 39 30 år
451 413 79 31 1932
554 412 151 36 beviljat
731 411 125 37 statlig
881 409 359 37 befattningshavare
1264 408 158 37 ledighet
1446 408 12 30 i
1481 409 51 30 ett
1556 406 66 32 fall

116 467 57 30 till
199 466 210 36 riksdagens
432 465 73 31 slut
529 464 80 32 med
633 465 92 30 »rätt
749 463 64 31 och
837 462 226 37 skyldighet»
1089 462 56 30 för
1169 461 129 31 honom
1321 461 64 35 att,
1408 460 122 31 därest
1553 468 68 22 om-

117 517 294 37 ständigheterna
436 516 78 32 icke
543 516 57 32 till
628 516 111 30 annat
767 513 196 37 föranleda,
994 514 78 30 före
1100 513 183 36 utgången
1309 522 46 21 av
1382 510 158 33 nämnda
1570 510 53 32 tid

117 569 224 32 återinträda
362 569 13 30 i
398 567 255 38 tjänstgöring,
676 568 65 30 och
764 566 12 31 i
798 568 50 29 ett
871 567 112 30 annat
1006 565 67 31 fall
1093 564 97 32 intill
1215 564 72 31 viss
1308 563 70 37 dag
1403 562 81 32 med
1510 562 112 36 »skyl-

119 621 139 36 dighet»
283 621 55 31 för
362 621 130 30 honom
515 620 64 36 att,
612 619 2 31 i
637 619 67 31 den
726 619 86 30 mån
834 616 356 37 omständigheterna
1213 615 130 32 sådant
1368 614 166 37 »påkalla
1556 613 64 31 och

116 673 197 36 medgiva»,
339 673 112 31 under
476 672 100 31 tiden
601 671 55 31 för
681 669 205 37 ledigheten
911 668 208 37 handlägga
1143 668 41 31 de
1208 668 57 31 till
1289 665 331 38 tjänstebefattnin-

120 734 65 28 gen
211 724 158 33 hörande
395 724 170 37 göromål,
594 733 75 21 som
696 722 127 32 chefen
848 722 56 31 för
932 720 264 33 vederbörande
1221 719 87 32 verk
1335 719 224 32 bestämmer.

159 778 18 31 I
204 778 79 30 åter
309 775 112 33 andra
450 775 67 31 fall
545 775 65 31 har
638 774 108 37 ingen
773 772 208 38 skyldighet
1008 773 54 31 att
1088 771 225 33 återinträda
1339 770 12 31 i
1379 770 245 37 tjänstgöring

119 828 114 32 under
250 827 268 37 riksdagstiden
538 826 137 32 knutits
694 825 57 32 till
769 824 222 37 beviljandet
1010 834 46 21 av
1074 822 283 38 tjänstledighet.

158 879 237 32 Beträffande
420 878 116 32 beslut
560 879 12 30 i
597 877 237 32 förevarande
858 880 104 28 ämne
987 886 45 22 av
1058 873 398 38 ämbetsmyndigheter,
1481 873 68 31 har
1573 873 52 31 ut-

120 932 131 32 skottet
275 931 190 35 inhämtat,
491 932 56 30 att
570 929 287 36 socialstyrelsen
881 928 63 31 vid
970 926 222 38 beviljandet
1218 937 44 20 av
1287 924 158 38 ledighet
1470 926 38 30 åt
1533 924 92 37 tjän-

120 985 138 30 stemän
284 984 54 31 för
367 982 214 37 deltagande
605 981 12 31 i
642 980 307 36 riksdagsarbetet
974 979 216 32 åtminstone
1216 978 13 31 i
1254 977 96 32 vissa
1376 976 66 32 fall
1467 976 159 32 avfattat

121 1035 80 32 sina
219 1035 115 32 beslut
353 1035 12 30 i
385 1044 43 21 en
450 1034 102 35 form,
572 1043 75 21 som
667 1033 75 31 helt
764 1031 161 32 ansluter
943 1031 55 36 sig
1019 1030 58 32 till
1096 1031 70 31 den
1185 1040 45 21 av
1249 1028 135 37 Kungl.
1404 1028 112 36 Maj:t
1535 1028 12 30 i
1568 1026 58 32 det

121 1087 90 31 först
231 1085 154 33 anförda
405 1085 155 32 beslutet
579 1095 45 21 av
644 1084 70 32 den
733 1084 20 30 4
773 1093 96 22 mars
889 1083 79 31 1932
988 1081 217 37 begagnade.
1242 1081 143 31 Statens
1405 1080 218 36 järnvägars

120 1137 370 36 befattningshavare,
513 1146 75 22 som
611 1135 120 32 tillika
754 1137 62 29 äro
838 1134 262 36 riksdagsmän,
1125 1133 108 37 pläga
1257 1132 125 31 endast
1405 1131 144 31 anmäla
1573 1130 54 36 sig

122 1188 232 33 förhindrade
381 1191 52 29 att
460 1188 113 31 under
597 1186 268 37 riksdagstiden
891 1186 160 36 fullgöra
1077 1185 56 31 sin
1157 1184 129 37 tjänst;
1313 1183 119 32 denna
1458 1182 170 31 anmälan

122 1241 203 31 föranleder
352 1241 90 31 intet
469 1239 193 37 styrelsens
688 1238 117 32 beslut
831 1238 120 36 ifråga
978 1247 57 21 om
1061 1235 282 38 tjänstledighet.

162 1396 17 31 I
203 1394 18 37 $
245 1396 18 29 4
286 1393 367 38 riksdagsordningen
675 1393 160 36 stadgas:
864 1392 63 36 »Ej
951 1393 58 30 må
1033 1393 119 34 någon
1174 1389 252 37 riksdagsman
1448 1389 181 31 förmenas

123 1448 52 30 att
195 1446 56 31 sin
269 1444 509 38 riksdagsmannabefattning
797 1445 124 34 utöva;
945 1443 89 31 dock
1055 1442 114 37 gäller
1187 1442 112 31 under
1319 1440 157 37 krigstid
1494 1439 134 32 undan-

124 1500 61 34 tag
214 1498 221 30 härutinnan
465 1497 56 30 för
548 1496 318 36 militärpersoner,
894 1494 46 32 då
966 1493 42 32 de
1035 1504 46 20 av
1108 1494 202 35 Konungen
1337 1492 12 30 i
1376 1492 111 30 rikets
1515 1491 114 36 tjänst

124 1549 197 32 beordras».

163 1600 288 37 Bestämmelsen,
479 1601 53 30 att
559 1598 250 37 riksdagsman
835 1598 78 31 icke
940 1597 57 31 får
1024 1597 180 31 förmenas
1231 1597 110 30 utöva
1367 1595 56 31 sin
1450 1594 180 36 riksdags-

124 1651 340 36 mannabefattning
486 1670 40 4 —
551 1651 83 30 från
660 1649 276 33 förhållandena
959 1649 13 31 i
995 1648 158 37 krigstid
1179 1647 72 32 kan
1276 1647 66 31 här
1366 1646 136 31 bortses
1526 1664 40 4 —
1590 1647 41 29 är

124 1704 77 32 icke
222 1703 223 32 tillkommen
467 1703 12 31 i
500 1702 68 32 den
589 1701 159 33 enskilde
770 1700 342 37 riksdagsmannens
1131 1699 150 31 intresse
1302 1700 89 29 utan
1412 1698 11 31 i
1445 1696 186 37 offentligt

124 1756 159 31 intresse.
326 1754 222 37 Stadgandet
568 1753 220 36 undanröjer
808 1753 45 31 de
873 1751 137 37 hinder,
1033 1761 76 22 som
1132 1751 12 31 i
1165 1749 341 38 tjänstebefattning
1528 1748 103 36 eljest

124 1807 114 32 skulle
277 1807 122 31 kunna
439 1815 104 22 anses
583 1804 178 37 föreligga
791 1805 55 30 för
876 1802 487 37 riksdagsmannauppdrags
1392 1800 238 37 fullgörande.

126 1858 131 37 Statlig
286 1857 359 36 befattningshavare
675 1856 153 32 behöver
857 1856 46 36 på
933 1854 117 37 grund
1079 1865 46 21 av
1154 1853 236 32 förevarande
1420 1851 210 37 grundlags-

124 1908 245 31 bestämmelse
401 1909 77 30 icke
514 1907 284 31 vederbörandes
832 1906 166 32 tillstånd
1030 1907 54 30 att
1117 1906 181 34 emottaga
1330 1904 97 30 valet
1461 1903 57 31 till
1540 1902 88 31 riks-

126 1959 173 37 dagsman
336 1960 64 30 och
437 1959 72 30 kan
545 1958 77 31 icke
661 1961 134 33 vägras
830 1957 136 36 begärd
1002 1956 274 36 tjänstledighet
1302 1955 56 31 för
1385 1955 67 30 den
1479 1954 53 31 tid
1557 1954 72 30 han

126 2012 93 37 själv
248 2021 104 22 anser
380 2011 109 35 nödig
520 2010 56 31 för
606 2011 54 30 att
689 2009 122 31 kunna
840 2008 196 36 behörigen
1065 2009 110 29 utöva
1204 2006 201 37 uppdraget
1435 2015 75 20 som
1540 2004 88 31 riks-

126 2065 182 35 dagsman,
331 2062 134 37 Kungl.
489 2062 110 36 Maj:t
621 2061 86 31 eller
730 2060 265 32 vederbörande
1017 2057 350 37 ämbetsmyndighet
1390 2057 165 35 obetaget
1576 2057 53 30 att

128 2116 54 31 för
209 2114 266 37 riksdagstiden
502 2115 20 30 å
552 2114 55 32 sin
634 2113 78 32 sida
741 2112 203 32 föreskriva
972 2110 283 38 tjänstledighet,
1279 2110 67 31 där
1374 2108 113 32 sådan
1515 2108 118 32 finnes

128 2167 54 31 för
209 2166 287 36 förvaltningens
520 2165 142 31 ostörda
687 2165 171 35 fortgång
880 2163 109 37 nödig
1014 2162 86 32 eller
1125 2161 159 37 lämplig.

165 2217 286 37 Tillstyrkandet
470 2227 46 20 av
534 2216 134 37 Kungl.
687 2215 129 36 Maj:ts
836 2214 238 32 förevarande
1092 2213 115 32 beslut
1225 2213 67 31 den
1310 2212 18 30 4
1346 2222 96 20 mars
1462 2212 78 30 1982
1559 2212 74 30 står

127 2269 123 31 därför
273 2269 76 31 icke
372 2269 12 30 i
411 2269 66 36 god
502 2266 351 32 överensstämmelse
879 2267 81 31 med
986 2264 242 37 grundlagens
1251 2262 209 37 stadgande.
1504 2261 129 33 Veder-

126 2319 155 32 hörande
304 2319 251 35 riksdagsman
578 2319 145 35 ålägges
749 2327 125 26 genom
897 2317 152 30 beslutet
1072 2315 287 36 skyldighet
1381 2315 54 30 att
1456 2313 145 31 inträda
1623 2313 10 29 i

127 2371 243 36 tjänstgöring
399 2370 75 31 före
503 2369 211 36 riksdagens
742 2368 209 35 avslutning
980 2367 76 31 icke
1085 2366 99 36 blott,
1213 2367 116 30 såsom
1356 2364 113 32 under
1500 2363 133 32 världs-

128 2422 126 36 kriget,
283 2422 55 31 för
365 2421 41 32 de
433 2420 305 35 utomordentliga
765 2419 75 36 fall,
867 2419 46 31 då
941 2417 194 36 riksdagen
1160 2418 89 30 utan
1274 2418 55 29 att
1358 2416 162 30 avslutas
1547 2414 87 31 dock

130 2473 151 32 faktiskt
307 2473 76 30 icke
409 2472 127 35 längre
563 2471 295 36 sammantrider,
884 2470 12 30 i
922 2471 91 30 trots
1039 2479 45 21 av
1110 2469 54 31 att
1189 2468 60 31 det
1276 2466 150 37 löpande
1456 2466 178 36 riksdags-
