1930 2852
359 159 40 32 34
646 162 462 34 Konstitutionsutskottets
1133 166 187 31 memorial
1344 167 53 31 Nr
1421 169 47 29 18.

316 238 184 37 angående
517 239 45 31 de
582 239 125 36 belopp
728 250 45 20 av
795 240 283 37 ifrågavarande
1095 243 70 35 lån,
1185 253 75 21 som
1279 244 141 36 bolaget
1442 245 11 30 i
1474 246 256 32 statskontoret
1749 243 68 45 Llyf-

316 290 54 31 ter
390 289 86 32 eller
497 289 55 32 dit
575 291 231 37 återbetalar;

354 341 75 31 dels
451 342 64 31 ock
538 342 182 32 anbefalla
744 344 256 32 statskontoret
1024 346 55 30 att
1101 347 46 35 på
1169 346 213 32 rekvisition
1404 348 115 31 under
1544 359 92 21 ovan
1659 350 158 36 angivna

314 392 132 32 villkor
476 392 57 31 till
563 393 140 37 bolaget
732 394 160 32 utbetala
921 396 282 37 ifrågavarande
1231 398 62 31 lån
1323 400 21 30 å
1374 399 153 36 tillhopa
1556 400 103 37 högst
1690 398 127 44 300,000

313 443 131 32 kronor
464 445 95 30 samt
579 445 55 32 för
653 445 129 32 sådant
803 446 167 32 ändamål
990 449 86 35 taga
1096 449 13 30 i
1128 450 159 35 anspråk
1307 450 320 38 förslagsanslaget
1649 452 57 31 till
1724 453 92 31 oför-

314 495 149 32 utsedda
480 496 153 35 utgifter
655 497 12 30 i
687 497 205 37 allmänhet,
911 500 64 35 att,
1005 500 3 30 i
1025 500 70 31 den
1114 501 83 30 mån
1216 501 265 37 återbetalning
1502 513 47 20 av
1567 503 249 37 ifrågavaran-

313 546 44 31 de
374 547 60 31 lån
456 546 112 37 jämte
588 550 106 29 ränta
713 549 88 32 därå
820 549 90 38 sker,
931 550 232 37 tillgodoföra
1184 554 243 34 nyssnämnda
1448 554 127 37 anslag
1595 555 111 31 sådan
1726 557 89 30 åter-

316 597 184 38 betalning
531 601 167 30 ävensom
727 602 54 30 att
810 601 203 32 tillsvidare
1043 603 57 30 för
1127 604 231 36 redovisning
1388 607 163 35 upptaga
1579 606 97 31 lånet
1705 608 113 31 under

314 649 153 32 särskild
489 650 80 32 titel
591 651 173 32 benämnd
783 652 292 38 ”Försträckning
1095 655 56 30 till
1171 654 286 33 Ostkustbanans
1478 657 244 37 aktiebolag.»

354 700 133 38 Kungl.
510 702 111 37 Maj:t
644 703 110 32 beslöt
779 704 12 30 i
814 704 158 37 enlighet
995 705 81 31 med
1097 706 411 36 departementschefens
1532 709 225 32 hemställan.

353 855 184 33 Utskottet
564 857 66 31 vill
660 858 197 37 ingalunda
887 861 160 35 förneka,
1078 862 53 31 att
1160 862 394 36 departementschefen
1584 864 80 31 haft
1694 865 123 31 starka

313 907 78 31 skäl
410 908 55 32 för
483 909 56 31 sin
556 910 245 37 uppfattning,
819 912 53 31 att
888 912 144 36 bolaget
1051 912 117 36 borde,
1187 923 57 21 om
1262 914 152 37 möjligt,
1432 915 140 31 erhålla
1588 916 108 37 nödig
1714 917 101 36 hjälp

313 960 53 30 att
387 959 169 33 fortsätta
577 961 310 37 järnvägsdriften
907 963 65 31 och
992 964 122 36 undgå
1133 965 168 36 konkurs,
1323 968 90 29 även
1434 976 56 21 om
1510 967 61 31 det
1589 967 70 31 kan
1681 968 134 37 ifråga-

311 1011 123 37 sättas,
457 1011 183 33 huruvida
661 1013 32 36 ej
718 1023 42 22 en
785 1014 166 37 tillfällig
976 1016 178 37 väsentlig
1176 1016 264 38 inskränkning
1463 1018 13 30 i
1499 1018 218 37 järnvägens
1743 1021 73 35 tåg-

311 1062 86 35 plan
419 1063 64 30 och
506 1073 44 21 en
571 1064 154 37 tidigare
748 1065 241 33 hänvändelse
1009 1067 57 31 till
1089 1067 133 37 Kungl.
1244 1068 111 37 Maj:t
1377 1069 96 31 varit
1493 1070 89 31 både
1604 1070 125 37 möjlig
1751 1071 64 31 och

311 1113 151 37 lämplig
492 1115 66 31 och
587 1115 208 37 därigenom
822 1118 61 31 det
911 1118 212 37 tvångsläge
1156 1119 138 32 kunnat
1326 1120 190 37 undvikas,
1548 1122 78 30 vari
1656 1122 158 36 departe-

310 1165 244 32 mentschefen
574 1176 49 21 nu
644 1175 126 28 genom
791 1169 371 36 omständigheternas
1182 1171 101 31 makt
1304 1181 104 26 synes
1429 1172 97 31 hava
1547 1172 105 32 blivit
1675 1174 140 31 försatt.

351 1216 79 32 Vad
453 1217 175 32 utskottet
647 1218 160 33 däremot
831 1220 119 31 finner
973 1221 201 37 betänkligt
1196 1225 41 28 är
1260 1223 200 32 anlitandet
1483 1234 47 21 av
1554 1224 58 31 det
1633 1226 97 30 utom
1752 1226 62 30 hu-

312 1268 224 33 vudtitlarna
554 1270 13 30 i
586 1270 194 31 riksstaten
798 1272 179 35 uppförda
997 1273 321 37 förslagsanslaget
1337 1275 57 30 för
1413 1275 231 32 oförutsedda
1661 1277 153 36 utgifter

311 1319 56 31 till
391 1319 177 33 täckande
591 1331 46 20 av
659 1321 59 32 det
741 1322 70 35 lån,
836 1333 73 21 som
935 1323 198 37 beviljades
1158 1325 151 36 bolaget.
1354 1326 17 31 I
1395 1327 114 30 likhet
1534 1328 80 30 med
1639 1328 172 31 statskon-

310 1372 92 29 toret
427 1371 120 32 finner
572 1372 173 32 utskottet
770 1373 59 31 det
853 1375 212 36 visserligen
1090 1376 77 31 icke
1192 1386 90 22 vara
1309 1378 117 35 någon
1451 1379 180 36 väsentlig
1657 1379 157 32 skillnad

310 1422 132 31 mellan
469 1424 52 30 ett
547 1423 130 37 bidrag
701 1435 44 20 ur
771 1425 111 36 sagda
908 1426 128 37 anslag
1065 1428 65 31 och
1155 1429 50 30 ett
1232 1428 158 33 formellt
1417 1429 60 31 lån
1504 1429 120 37 därur,
1653 1441 81 21 men
1760 1433 52 29 ut-

308 1473 131 32 skottet
459 1474 74 31 kan
555 1475 77 31 icke
653 1475 81 31 dela
757 1477 275 32 statskontorets
1043 1479 144 36 mening
1199 1480 54 30 att
1264 1490 61 21 ens
1336 1481 51 30 ett
1398 1480 129 38 bidrag
1539 1492 44 20 av
1595 1492 48 20 nu
1654 1483 159 36 angivna

310 1527 57 29 art
386 1544 40 4 —
445 1526 59 31 till
525 1526 286 33 driftkostnader
833 1529 12 30 i
867 1531 51 29 ett
939 1529 132 31 enskilt
1093 1530 114 37 bolag,
1232 1533 92 29 även
1344 1542 57 20 om
1422 1533 117 31 staten
1562 1534 79 31 däri
1662 1536 41 28 är
1723 1535 88 31 både

310 1584 125 28 genom
453 1578 61 30 lån
532 1578 65 30 och
615 1579 255 31 aktieinnehav
886 1580 118 31 starkt
1022 1581 219 32 intresserad
1257 1602 40 3 —
1313 1583 304 33 konstitutionellt
1636 1585 71 31 kan
1724 1585 86 31 eller

309 1627 64 32 bör
397 1628 123 32 täckas
545 1640 43 21 ur
613 1630 163 37 anslaget
803 1631 54 32 för
884 1632 230 33 oförutsedda
1139 1634 167 36 utgifter:
1332 1636 55 30 att
1413 1637 111 35 något
1551 1638 111 30 annat
1685 1638 127 36 anslag

309 1679 76 32 icke
406 1680 112 32 heller
539 1681 116 37 fanns,
675 1692 75 21 som
770 1683 139 32 kunnat
929 1685 195 37 användas,
1147 1688 40 28 är
1208 1686 153 37 möjligt,
1382 1697 82 21 men
1482 1697 59 21 om
1563 1690 39 29 så
1622 1689 96 31 varit
1742 1689 68 32 för-

308 1730 193 38 hållandet,
525 1733 101 32 torde
646 1734 105 31 också
773 1734 93 32 hava
888 1736 98 31 varit
1010 1736 175 37 riktigare
1205 1738 54 31 att
1281 1738 101 31 avslå
1404 1739 326 37 framställningen.

347 1783 58 31 Av
430 1783 268 38 handlingarna
726 1786 171 36 framgår,
925 1789 54 29 att
1007 1787 391 36 departementschefen
1425 1792 119 30 ansett
1571 1791 239 32 kostnaderna

308 1834 57 31 för
382 1834 330 38 järnvägsdriftens
733 1838 319 35 upprätthållande
1070 1840 13 30 i
1103 1840 168 31 händelse
1292 1851 46 20 av
1359 1841 159 36 bolagets
1539 1842 157 32 konkurs
1715 1844 95 30 kom-

307 1895 58 22 ma
386 1887 53 30 att
462 1886 139 33 belasta
622 1887 346 37 riksgäldskontoret
989 1891 66 30 och
1076 1892 53 30 att
1152 1891 12 31 i
1186 1891 112 31 sådan
1320 1892 168 32 händelse
1510 1895 205 31 statsmedel
1736 1895 73 31 lika

307 1936 84 33 fullt
413 1939 95 31 måst
528 1940 105 35 tagas
654 1939 11 30 i
688 1940 166 36 anspråk.
899 1942 18 30 I
939 1941 129 33 sådant
1091 1942 66 31 fall
1177 1943 90 31 hade
1290 1944 199 32 emellertid
1511 1945 77 32 icke
1610 1946 105 31 blivit
1739 1947 70 30 frå-

307 1997 46 27 ga
374 1998 58 21 om
455 1989 116 33 andra
594 1991 205 31 statsmedel
822 1994 47 29 än
892 1992 89 37 dem,
1006 1993 346 37 riksgäldskontoret
1377 1997 113 30 under
1514 1997 192 37 riksdagen
1729 1998 81 30 haft

306 2041 54 30 att
383 2040 168 37 förvalta,
574 2042 65 31 och
660 2042 78 31 icke
760 2043 116 31 såsom
897 2054 50 20 nu
969 2044 122 31 tillika
1113 2055 57 21 om
1191 2046 124 37 medel,
1338 2056 75 22 som
1434 2047 178 32 förvaltas
1634 2058 46 21 av
1701 2050 104 30 stats-

305 2091 164 33 kontoret
488 2094 113 30 under
623 2093 133 38 Kungl.
778 2094 119 37 Maj:t.
936 2096 404 36 Departementschefen
1360 2099 65 31 har
1448 2099 86 32 fullt
1555 2100 129 37 riktigt
1702 2101 107 32 också

306 2145 126 35 ansett,
455 2146 53 30 att
531 2145 59 32 det
613 2145 177 37 beviljade
813 2146 97 32 lånet
930 2157 49 21 nu
1001 2148 116 31 skulle
1138 2149 310 32 omhänderhavas
1471 2161 46 21 av
1540 2152 265 31 statskontoret.

305 2195 68 31 Det
394 2196 112 31 måste
528 2206 103 22 anses
653 2197 197 38 olämpligt,
871 2200 63 35 att,
957 2199 45 31 då
1022 2200 235 32 statsverkets
1276 2201 125 37 medel,
1422 2213 43 20 ur
1487 2203 101 31 vilka
1609 2204 162 36 anslaget
1792 2205 12 30 i

304 2246 195 33 riksstaten
520 2248 58 31 till
596 2249 230 32 oförutsedda
844 2251 153 36 utgifter
1017 2253 117 35 utgår,
1156 2253 222 36 principiellt
1397 2257 63 28 äro
1479 2255 118 32 skilda
1617 2256 82 31 från
1719 2256 88 32 riks-

305 2298 285 36 gäldskontorets
612 2300 123 38 medel,
757 2301 134 38 Kungl.
913 2302 112 36 Maj:t
1047 2303 115 33 skulle
1183 2305 118 31 såsom
1323 2306 66 30 här
1412 2306 102 37 skett,
1538 2308 55 30 för
1615 2307 192 38 riksgälds-

305 2349 182 33 kontorets
504 2351 96 31 skull
617 2352 64 31 och
698 2353 13 30 i
728 2353 78 31 dess
822 2353 160 37 intresse,
1000 2354 146 38 ingripa
1163 2364 127 28 genom
1306 2366 43 21 en
1366 2357 338 39 medelsanvisning,
1721 2369 84 25 som,

304 2411 84 22 vare
410 2402 54 37 sig
487 2403 69 31 den
577 2403 93 32 skett
692 2404 12 31 i
726 2404 182 37 bidragets
930 2406 87 31 eller
1040 2407 11 30 i
1076 2407 115 31 lånets
1215 2408 103 36 form,
1340 2408 80 32 bort
1441 2409 100 32 bliva
1563 2420 43 21 en
1629 2410 176 37 riksdags-
