1892 2780
378 174 403 40 Bevillningsutskottets
805 173 218 31 betänkande
1046 182 43 21 nr
1111 172 40 30 76
1173 172 39 31 år
1236 172 84 29 1960
1561 170 37 31 11

1487 305 115 40 Bilaga

734 404 237 44 Förteckning

812 480 78 28 över

350 560 118 30 varor,
489 548 59 34 för
570 548 97 34 vilka
687 547 150 35 särskild
860 546 184 35 varuskatt
1065 545 93 35 skall
1178 545 175 43 erläggas,

487 622 10 31 i
520 622 165 30 tulltaxan
706 621 182 39 hänförliga
909 620 50 31 till
982 618 243 32 nedanstående

709 671 291 31 tulltaxenummer

104 776 141 25 'Tulltaxe-
267 769 16 40 |
296 773 137 32 Varuslag
1300 769 165 29 Skattesats,|
1493 769 108 25 Skatte-

105 815 128 19 nummer
1300 804 114 29 procent
1430 808 36 19 av|
1491 804 67 28 sats,

1300 832 124 39 beskatt-
1493 837 45 24 öre
1568 835 43 25 för

1300 870 92 30 nings-
1493 869 117 31 angiven

1301 901 99 38 värdet
1493 904 81 23 enhet

108 952 1503 14 sed

159 1003 76 25 17.01
267 993 20 43 |
300 1002 66 25 Bet-
384 1002 51 24 och
451 1002 140 24 rörsocker
608 1001 8 25 i
634 1001 55 24 fast
706 1001 81 29 form,
804 1007 49 24 per
870 1001 398 30 kg.........sssosesssec
1246 993 25 43 >
1530 992 33 28 20

110 1078 32 18 ur
160 1069 78 26 17.02
268 1060 17 44 |
302 1069 78 31 Sirap
406 1070 50 24 och
482 1069 90 24 andra
598 1068 242 31 sockerlösningar,
868 1066 176 26 framställda
1070 1072 37 18 av
1133 1066 59 24 bet-
1210 1064 65 25 eller

301 1103 149 28 rörsocker,
468 1109 48 25 per
533 1103 737 30 kZg......ssssossssssocestsörseeseorsr
1148 1095 58 43 rare
1213 1095 60 43 reta
1533 1094 32 27 16

110 1178 33 19 ur
161 1170 78 27 17.03
303 1170 99 25 Melass
420 1177 37 18 av
473 1171 60 24 bet-
550 1170 65 24 eller
632 1170 149 28 rörsocker,
790 1168 101 32 tjänlig
898 1168 43 24 till
952 1167 221 27 människoföda,
1183 1172 48 24 per
1240 1166 37 30 kg
1532 1161 33 28 16

306 1220 83 25 Anm.
407 1220 42 25 lill
466 1227 33 18 nr
517 1220 194 25 17.01-—17.03

306 1256 24 24 1.
351 1255 84 25 Skatt
461 1254 70 25 skall
559 1254 61 25 icke
637 1253 67 31 utgå
722 1253 49 25 vid
787 1252 112 25 införsel
915 1252 43 24 till
979 1251 70 25 riket
1069 1257 37 18 av
1123 1251 103 28 socker,
1244 1249 22 24 si

353 1295 63 24 rap,
445 1289 86 23 andra
553 1287 234 31 sockerlösningar
805 1286 64 25 eller
887 1286 107 28 melass,
1012 1286 51 23 när
1080 1291 87 18 varan
1178 1284 100 24 införe-

352 1329 43 17 av
412 1322 157 24 tillverkare
589 1328 36 18 av
642 1320 87 25 sådan
746 1326 68 19 vara
832 1320 65 24 eller
913 1320 43 24 för
969 1320 101 24 dennes
1082 1318 124 30 räkning.
1220 1317 58 25 Näs

351 1356 87 24 sådan
459 1362 67 18 vara
544 1362 37 18 av
596 1354 177 25 tillverkaren
789 1354 135 24 levereras
941 1353 44 24 till
1001 1353 112 30 köpare,
1131 1351 70 25 skall
1212 1351 68 24 denr

357 1395 79 19 anses
453 1395 67 18 vara
538 1389 51 25 här
606 1389 9 23 i
632 1388 72 24 riket
720 1387 157 25 tillverkad.

307 1423 25 25 2.
357 1423 83 25 Skatt
462 1422 68 25 skall
552 1422 61 24 icke
631 1421 67 31 utgå
715 1421 49 25 vid
780 1421 125 24 leverans
923 1420 65 24 eller
1005 1418 111 25 införsel
1133 1425 36 18 av
1186 1418 94 24 socker

355 1457 45 24 för
416 1456 179 30 tillverkning
613 1461 36 18 av
666 1454 177 25 sockerkulör
861 1454 44 30 (ur
921 1453 247 24 tulltaxenummer
1182 1449 97 30 17.02).

312 1523 138 26 Choklad-
476 1523 51 24 och
553 1523 239 30 konfektyrvaror,
818 1521 157 30 hänförliga
1000 1519 43 25 till
1060 1519 122 31 följande
1200 1524 82 19 varu-

309 1563 126 25 grupper:

359 1607 131 30 choklad,
502 1607 63 24 med
577 1606 65 25 eller
653 1607 69 23 utan
733 1605 101 25 tillsats
847 1611 36 18 av
894 1605 95 24 socker
999 1604 63 24 eller
1071 1602 213 32 sötningsmedel

360 1657 172 30 karameller,
544 1657 127 31 praliner,
684 1656 125 29 konfekt,
823 1654 120 32 dragéer,
956 1654 73 29 kola,
1041 1653 131 32 pastiller,
1183 1653 101 24 tablet-

359 1693 54 27 ter,
431 1692 164 30 tuggummi,
613 1691 195 28 skumstrutar,
826 1688 179 26 kokosbollar
1023 1688 51 24 och
1092 1687 94 31 dylika
1198 1688 87 23 sötsa-

363 1726 58 28 ker,
441 1727 129 23 ävensom
588 1724 124 25 sötsaker
723 1723 58 25 helt
794 1723 64 24 eller
871 1722 86 25 delvis
970 1722 153 30 utgörande
1134 1721 65 24 eller
1210 1721 75 23 inne-

364 1759 130 25 hållande
519 1758 157 25 kanderade
694 1757 64 24 eller
776 1757 140 30 glaserade
933 1756 116 27 frukter,
1067 1754 137 25 fruktskal
1221 1754 65 24 eller

365 1793 86 24 andra
468 1792 147 25 växtdelar
633 1793 130 23 ävensom
781 1788 257 32 ersättningsmedel
1055 1788 94 25 härför
1158 1806 122 6 ........

359 1842 110 29 lakrits,
487 1841 193 25 innehållande
697 1847 58 18 mer
774 1841 35 24 än
829 1841 33 24 10
882 1840 26 28 4,
929 1840 95 24 socker
1036 1838 64 25 eller
1111 1838 64 24 med
1186 1838 101 23 tillsats

361 1883 41 18 av
428 1877 85 23 annat
539 1875 135 30 sötnings-
692 1875 64 24 eller
775 1872 307 31 smaksättningsmedel
1099 1872 64 24 eller
1180 1871 108 30 förelig-

366 1910 88 30 gande
473 1909 8 24 i
499 1909 157 24 utformade
673 1907 110 31 figurer,
802 1908 110 29 stänger
929 1906 65 24 eller
1011 1905 116 32 stycken
1160 1922 122 7 ........

364 1959 149 31 marsipan,
531 1958 211 28 mandelmassa,
760 1959 205 29 nougatmassa,
978 1962 21 18 s.
1012 1956 27 24 k.
1053 1955 40 25 vit
1107 1954 118 25 choklad
1237 1954 50 24 och

362 1994 90 23 andra
469 1993 130 24 liknande
616 1992 152 31 produkter
785 1991 9 24 i
812 1991 156 24 utformade
980 1989 110 31 figurer,
1103 1990 110 28 stänger
1224 1987 65 25 eller

367 2027 115 31 stycken
493 2039 790 12 .......ssoosssoostsoo00-rerrer
995 2022 76 40 EKRAR
1078 2022 125 40 RAPPA
1218 2022 68 40 KARA

368 2077 150 24 marmelad
536 2077 51 24 och
608 2074 256 31 ersättningsmedel
885 2073 93 25 härför
990 2073 9 24 i
1011 2073 156 24 utformade
1179 2072 110 30 figurer,

369 2112 110 29 stänger
496 2110 64 24 eller
577 2110 116 31 stycken
727 2123 557 10 .s..s...sesceotsöcoc0es>0x
1140 2105 48 40 ter
1197 2105 56 40 oron
1260 2105 28 40 00

318 2160 85 25 Anm,
420 2160 81 26 Skatt
519 2159 69 25 skall
606 2159 59 25 icke
683 2158 67 31 utgå
762 2159 43 23 för
817 2159 91 23 kakao
921 2157 8 24 i
942 2157 70 24 form
1025 2163 37 18 av
1073 2156 105 30 pulver,
1191 2155 100 30 flingor

364 2194 66 24 eller
447 2195 89 29 pasta,
554 2194 64 23 med
635 2192 65 24 eller
718 2193 68 23 utan
804 2192 101 23 tillsats
923 2197 37 18 av
971 2190 95 24 socker
1079 2189 64 24 eller
1155 2189 136 30 sötnings-

364 2227 98 29 medel,
480 2227 24 31 ej
524 2226 83 25 heller
624 2226 43 24 för
683 2232 21 18 s.
717 2226 27 24 k.
764 2225 214 30 fastlagsmassa.

115 1532 34 85 BER

167 1525 41 92 Se

211 1524 34 92 23

1346 1598 80 30 65
1403 1594 28 47 ZY

1350 1900 80 30 65
1406 1896 27 46 ”

1352 2018 79 29 65
1408 2014 27 46 ZH

129 2302 32 18 ur
179 2292 96 64 07
320 2294 64 25 Med
402 2294 94 24 socker
514 2293 64 24 eller
596 2291 214 32 sötningsmedel
828 2291 118 24 försatta
966 2289 98 31 pulver
1082 2290 51 23 och
1150 2288 140 29 tabletter,

129 2335 33 18 ur
179 2328 78 25 21.07)
293 2319 16 42 |
321 2328 123 24 avsedda
461 2327 43 24 för
522 2326 150 30 beredning
689 2332 36 18 av
743 2324 197 31 läskedrycker
963 2340 323 8 ..........sseoeo-te>>
1355 2318 33 27 65
1409 2319 26 28 /

431 2411 254 8 veseasererasseer
696 2410 89 7 asker
798 2410 55 6 sees
864 2409 22 6 RR
900 2409 19 6 rA
933 2408 54 7 KARA
999 2409 4 5 A
1015 2408 38 6 KAR
1065 2407 22 7 RR
1099 2406 121 7 REFERAR
1232 2406 55 6 RAA
1356 2385 79 29 65
1412 2381 26 44 ”

325 2445 80 24 Anm.
426 2444 80 25 Skatt
519 2443 69 25 skall
600 2443 59 24 icke
672 2442 66 31 utgå
750 2442 43 24 för
805 2440 190 31 färdigställda
1008 2440 43 24 för
1060 2438 118 29 hushåll,
1188 2439 104 24 restau-

368 2484 97 25 ranger
492 2477 64 24 eller
582 2476 229 30 matserveringar
829 2475 122 24 avsedda
970 2474 165 28 efterrätter,
1153 2472 58 24 helt
1229 2471 64 25 eller

130 2402 32 18 ur
180 2393 96 64 OT)
324 2394 78 25 Glass

130 2435 32 18 ur
180 2429 78 24 21.07
