2214 2630
472 189 118 32 Andra
612 188 204 32 kammarens
839 188 106 31 andra
969 186 168 43 tillfälliga
1160 186 135 33 utskotts
1317 186 168 32 utlåtande
1507 186 54 32 Nr
1584 188 30 29 4.
1822 186 20 30 9

245 270 90 33 inför
358 269 108 33 Eders
491 269 127 41 Kungl.
644 268 97 43 Maj:t
764 267 177 42 föreslagit
964 267 81 32 eller
1067 266 76 33 låtit
1166 267 126 32 inrätta
1315 267 115 40 någon
1447 265 396 42 stormvarningsstation

245 317 20 30 å
288 314 106 40 ställe,
419 314 63 33 där
505 315 30 41 ej
561 314 154 41 telegraf-
738 313 80 32 eller
841 312 256 33 telefonstation
1121 312 106 32 redan
1251 312 144 32 funnits.

352 359 68 33 För
450 359 235 32 innevarande
709 359 37 31 år
769 359 63 31 har
855 357 373 41 landtbruksstyrelsen
1251 356 167 32 beräknat
1440 356 188 41 utgifterna
1650 356 53 32 för
1726 358 120 30 storm-

245 404 384 42 varningsstationerna,
655 403 74 32 däri
751 402 234 32 inberäknade
1009 401 230 33 kostnaderna
1261 402 55 31 för
1339 400 307 43 kontrolltjänsten,
1671 400 51 33 till
1745 400 100 39 5,900

246 450 135 32 kronor.
429 449 104 32 Detta
556 448 108 32 skulle
687 448 11 31 i
723 447 161 32 medeltal
907 446 109 33 blifva
1040 446 159 41 omkring
1224 446 64 32 128
1311 446 126 32 kronor
1459 446 54 31 för
1536 455 42 22 en
1594 445 86 33 hvar
1696 445 36 32 af
1748 445 99 32 dessa

244 496 45 30 46
312 494 173 32 stationer.
532 492 199 33 Emellertid
755 492 100 32 ställa
878 492 53 41 sig
953 490 231 34 kostnaderna
1207 491 54 32 för
1284 491 164 32 stationer
1471 490 79 32 med
1573 489 80 33 eller
1676 494 83 28 utan
1783 490 63 41 sig-

246 538 147 32 nalmast
417 537 212 41 väsentligen
654 537 99 39 olika,
778 537 54 31 för
856 536 41 32 de
921 537 93 31 förra
1037 537 83 39 utgå
1143 535 106 41 högre
1273 535 165 33 arfvoden
1464 534 64 33 och
1551 536 45 40 på
1612 534 78 32 dem
1706 535 141 32 komma

245 584 106 41 högre
374 581 392 34 underhållskostnader.
814 580 67 33 För
904 591 43 22 en
971 580 79 32 med
1075 583 90 29 mast
1187 580 137 32 försedd
1349 580 125 32 station
1498 580 68 31 kan
1590 579 256 38 årskostnaden,

245 628 46 32 då
314 627 66 33 alla
408 628 150 41 utgifter,
584 627 102 33 äfven
709 627 54 31 för
787 624 310 43 kontrolltjänsten,
1122 624 148 33 fördelas
1294 626 45 40 på
1363 625 215 38 stationerna,
1604 624 167 32 beräknas
1795 623 66 32 till"

247 673 63 31 150
334 675 21 29 å
379 672 66 32 200
468 673 138 31 kronor.

335 725 117 32 Skulle
476 725 80 32 med
579 724 141 41 ledning
743 725 101 31 häraf
867 735 42 21 en
933 723 196 42 ungefärlig
1152 722 358 43 kostnadsberäkning
1533 726 172 39 uppgöras
1727 722 54 32 för
1804 722 42 31 de

246 772 42 31 28
325 770 445 41 stormvarningsstationer,
807 768 119 33 hvilka
957 779 48 21 nu
1028 768 193 41 föreslagits
1244 768 53 32 för
1322 767 286 42 Östersjökusten,
1634 768 38 31 så
1694 767 95 32 torde
1812 767 37 31 få

246 819 153 38 antagas,
425 818 50 29 att
498 815 207 32 åtminstone
729 814 42 32 de
795 813 84 32 allra
903 813 97 32 flesta
1024 814 37 30 af
1085 813 98 32 dessa
1206 812 106 32 borde
1335 813 107 31 förses
1466 812 78 31 med
1569 811 199 42 signalmast
1784 811 65 33 och

245 864 49 28 att
328 860 31 42 ej
396 865 109 35 gärna
528 859 133 32 mindre
680 858 106 42 antal
808 857 314 33 kontrollstationer
1147 862 44 27 än
1217 858 42 31 10
1282 857 138 32 komme
1444 860 49 29 att
1515 856 167 33 behöfvas
1704 856 54 32 för
1782 856 67 32 den

246 905 137 41 mycket
417 904 232 41 långsträckta
674 902 287 42 Östersjökusten.
1009 902 119 32 Under
1153 901 195 42 antagande
1372 901 128 38 vidare,
1525 904 49 29 att
1597 920 43 3 —
1664 902 111 31 såsom
1800 904 48 28 sö-

247 949 112 32 kande
383 949 244 41 föreningarna
650 957 102 32 synas
776 948 183 41 förutsätta
982 965 44 4 —
1050 957 134 21 samma
1208 946 102 32 enkla
1325 946 399 41 stormvarningssystem
1740 945 109 32 skulle

245 993 118 43 lämpa
398 994 53 41 sig
485 994 54 31 för
562 993 165 42 sjöfarten
751 992 59 32 vid
836 991 278 42 Östersjökusten
1138 1002 74 21 som
1236 992 54 31 för
1313 991 101 32 fisket
1437 990 59 32 vid
1519 990 104 32 rikets
1646 993 115 29 västra
1784 989 66 33 och

246 1039 100 32 södra
378 1038 126 39 kuster,
530 1037 107 33 skulle
662 1037 41 32 de
727 1037 108 41 årliga
859 1036 230 33 kostnaderna
1112 1036 53 32 för
1190 1036 41 32 de
1256 1036 42 32 28
1321 1035 194 42 föreslagna
1539 1035 208 32 stationerna
1769 1034 81 33 med

246 1082 313 42 kontrolltelegram
586 1083 77 31 från
690 1082 41 32 10
754 1082 163 32 stationer
941 1081 197 41 antagligen
1164 1081 140 32 komma
1328 1083 51 29 att
1402 1080 99 32 ställa
1524 1081 52 40 sig
1599 1079 126 33 mellan
1749 1080 101 38 4,000

246 1129 126 31 kronor
396 1127 65 33 och
485 1127 99 38 5,500
608 1127 133 38 kronor,
767 1125 107 33 bland
898 1129 107 28 annat
1028 1125 170 33 beroende
1222 1127 45 40 på
1289 1125 174 32 huruvida
1487 1124 65 33 alla
1577 1125 41 31 28
1642 1125 209 32 stationerna

246 1172 79 33 eller
359 1172 88 33 blott
482 1175 48 29 ett
564 1171 109 33 flertal
709 1171 35 32 af
778 1171 80 32 dem
894 1169 110 33 skulle
1038 1171 108 31 förses
1184 1170 78 32 med
1287 1169 211 42 signalmast.
1545 1169 172 32 Masterna
1740 1168 110 33 skulle

247 1217 174 32 sannolikt
456 1217 99 31 ställa
579 1216 51 41 sig
654 1215 168 42 betydligt
845 1215 155 41 billigare
1024 1216 126 31 utefter
1174 1215 177 32 ostkusten
1376 1219 43 26 än
1444 1214 58 31 vid
1526 1214 210 32 västkusten.
1784 1213 66 32 Nå-

247 1272 68 31 gon
351 1261 192 41 beräkning
571 1262 96 30 öfver
690 1260 184 32 kostnader
898 1260 53 31 för
975 1259 67 32 den
1065 1259 107 31 första
1195 1259 272 41 uppsättningen
1491 1259 36 30 af
1550 1261 125 29 master
1699 1258 64 32 och
1788 1258 62 41 sig-

246 1306 95 31 naler
363 1306 108 41 jämte
494 1304 171 42 behöfliga
695 1303 288 42 förvaringsskjul
1007 1304 53 31 för
1084 1303 42 32 de
1150 1314 119 21 senare
1292 1303 60 31 vid
1377 1303 175 32 ostkusten
1577 1308 37 26 är
1636 1301 216 33 landtbruks-

245 1350 165 41 styrelsen
434 1350 30 42 ej
490 1350 54 31 för
567 1349 217 32 närvarande
808 1349 11 31 i
843 1347 135 33 tillfälle
1003 1351 49 29 att
1075 1353 166 37 uppgöra.
1288 1346 204 33 Emellertid
1515 1347 96 32 torde
1635 1347 78 32 med
1730 1357 123 22 sanno-

247 1394 107 33 likhet
388 1395 120 31 kunna
541 1398 151 37 antagas,
719 1397 50 28 att
793 1392 421 43 anläggningskostnaden
1239 1393 54 31 för
1317 1392 122 41 hvarje
1463 1392 79 32 med
1567 1391 197 42 signalmast
1787 1392 66 31 för-

247 1439 83 32 sedd
366 1439 136 38 station,
536 1438 52 33 till
622 1438 141 32 hvilken
799 1438 155 41 telegraf-
990 1437 81 33 eller
1099 1437 270 41 telefonledning
1394 1437 110 32 finnes
1527 1438 46 41 på
1595 1436 157 39 förhand,
1778 1436 75 32 icke

248 1484 109 32 skulle
381 1483 185 42 öfverstiga
590 1484 65 31 300
679 1483 134 32 kronor.

354 1537 76 32 Den
466 1537 63 32 här
563 1536 262 42 ifrågavarande
860 1536 239 41 underdåniga
1133 1534 302 42 framställningen
1469 1536 60 40 går
1552 1533 302 42 hufvudsakligast

248 1586 39 28 ut
310 1584 55 41 på,
392 1585 49 29 att
458 1582 436 40 stormvarningsstationer
910 1582 107 31 måtte
1034 1580 174 32 anordnas
1225 1580 50 32 till
1291 1590 92 31 gagn
1399 1580 53 31 för
1469 1579 173 42 sjöfarten.
1678 1579 126 41 Många
1821 1579 36 31 af

248 1628 42 31 de
313 1627 194 40 föreslagna
531 1627 209 31 stationerna
764 1625 109 32 skulle
898 1625 87 32 dock
1010 1625 103 32 också
1136 1625 112 32 blifva
1271 1624 52 32 till
1344 1628 69 28 stor
1429 1627 99 38 nytta
1543 1624 53 31 för
1611 1624 106 32 fisket.
1753 1623 101 32 Hade

247 1672 163 41 förslaget
445 1670 160 33 särskildt
635 1672 102 30 afsett
764 1670 195 32 inrättande
984 1670 36 31 af
1043 1669 441 41 stormvarningsstationer
1506 1669 54 31 för
1585 1668 112 31 denna
1720 1668 133 41 näring,

248 1727 102 29 synas
386 1715 106 33 likväl
527 1717 106 39 några
669 1715 34 31 af
731 1714 41 32 de
796 1714 195 41 föreslagna
1016 1714 209 31 stationerna
1248 1713 106 31 hafva
1379 1713 77 31 bort
1478 1712 171 42 förläggas
1672 1712 51 32 till
1747 1712 108 31 andra

249 1761 133 40 platser,
420 1760 208 42 exempelvis
652 1760 11 31 i
688 1759 112 32 stället
823 1759 55 31 för
901 1758 326 32 Katthammarsvik
1251 1759 46 40 på
1322 1757 165 32 Gottland
1510 1756 53 32 till
1587 1756 178 38 Herrevik,
1791 1756 65 32 och

248 1805 92 31 vissa
364 1806 37 30 af
425 1806 41 31 de
490 1804 193 40 föreslagna
707 1804 210 31 stationerna
941 1802 109 32 skulle
1074 1801 109 33 blifva
1208 1802 37 31 af
1267 1803 137 40 ringare
1431 1801 172 41 betydelse
1626 1802 54 31 för
1703 1801 106 31 fisket.

356 1849 54 31 Då
438 1850 107 40 enligt
568 1848 226 33 förevarande
817 1846 257 41 framställning
1098 1857 111 31 synes,
1236 1849 50 29 att
1312 1846 40 31 de
1377 1856 70 31 nya
1471 1845 384 41 stormvarningsstatio-

250 1903 106 21 nerna
384 1894 108 31 skulle
517 1895 142 30 inrättas
683 1893 208 31 åtminstone
915 1892 10 31 i
950 1891 200 32 hufvudsak
1175 1893 44 40 på
1243 1901 135 22 samma
1403 1893 75 36 sätt,
1504 1901 73 21 som
1602 1890 41 32 de
1666 1890 51 32 till
1740 1890 116 32 fiskets

249 1948 90 30 gagn
376 1938 157 40 anlagda,
569 1938 79 31 med
684 1940 89 29 mast
808 1936 160 32 försedda
1003 1937 218 37 stationerna,
1259 1935 110 32 skulle
1404 1936 104 31 ofvan
1538 1935 120 41 gjorda
1681 1934 175 32 kostnads-

250 1982 229 40 beräkningar
514 1983 117 30 kunna
666 1982 95 41 tjäna
797 1981 51 32 till
883 1980 142 41 ledning
1049 1981 10 30 i
1083 1980 228 32 förevarande
1347 1979 70 39 fall,
1455 1979 145 32 hvarvid
1624 1979 105 32 likväl
1752 1979 104 31 förut-

251 2030 111 34 sättes,
401 2029 49 28 att
485 2026 378 32 fiskeriintendenterna
893 2028 84 28 utan
1001 2024 145 32 särskild
1171 2024 146 32 kostnad
1342 2024 53 31 för
1421 2023 437 40 stormvarningsväsendet

251 2070 108 32 skulle
395 2071 121 31 utöfva
551 2070 115 41 tillsyn
703 2071 96 31 öfver
834 2070 211 31 stationerna
1080 2072 88 28 samt
1207 2069 135 40 ingifva
1367 2071 177 38 rapporter
1568 2068 64 31 och
1655 2066 128 42 förslag
1808 2066 51 32 till

251 2115 239 42 reparationer,
516 2115 245 40 förbättringar
785 2113 80 32 eller
889 2113 307 40 nyanläggningar.

357 2169 122 31 Ehuru
512 2166 370 41 landtbruksstyrelsen
920 2166 74 31 icke
1023 2166 63 30 har
1111 2168 57 33 att,
1194 2165 60 31 vid
1277 2165 195 31 utöfvande
1497 2165 35 30 af
1555 2164 51 32 sin
1632 2164 226 35 verksamhet,

250 2215 79 38 taga
363 2213 135 40 hänsyn
535 2211 50 32 till
621 2212 174 40 sjöfarten,
833 2212 36 30 så
906 2210 110 32 skulle
1045 2210 209 31 inrättandet
1278 2210 36 30 af
1338 2208 439 41 stormvarningsstationer
1801 2208 61 31 vid

252 2256 276 42 Östersjökusten
564 2256 101 32 äfven
701 2256 106 31 hafva
835 2256 37 31 så
897 2258 71 28 stor
993 2253 173 42 betydelse
1190 2254 52 31 för
1266 2253 110 38 fisket,
1406 2256 50 29 att
1480 2253 163 41 styrelsen
1668 2253 119 38 finner,
1812 2256 49 28 att

297 2309 134 40 Bihang
456 2310 50 31 till
530 2310 115 31 Riksd.
666 2312 85 37 prot.
778 2311 98 29 1911.
925 2310 20 27 9
964 2307 99 32 Saml.
1088 2309 30 30 2.
1150 2307 78 41 Afd.
1254 2308 23 31 2
1306 2308 108 31 Band.
1446 2309 22 29 2
1499 2306 67 33 Ser.
1592 2309 20 28 4
1636 2306 96 40 Häft.
1792 2306 19 30 2
