2240 2642
740 142 277 32 Bankoutskottets
1040 141 164 33 utlåtande
1227 141 53 33 Nr
1303 142 50 31 17.
1786 141 20 31 5

250 272 113 50 slagit
397 272 205 49 riksdagen
629 273 190 49 medgiva,
849 278 55 31 att
931 272 72 37 den
1031 273 70 37 hos
1129 272 236 37 direktionen
1393 276 93 33 över
1513 271 336 38 folkskollärarnas
1868 254 42 65 för
1928 250 149 79 vaktmästa-

248 324 398 49 pensionsinrättning
673 327 125 34 såsom
826 324 144 38 vikarie
998 324 289 50 tjänstgörande
1305 324 284 37 vaktmästaren
1607 324 90 37 Carl
1714 325 141 45 Gustaf
1875 323 91 59 ”en
1944 319 30 67 6.
1990 323 30 59 &.
2036 319 28 67 FE.

248 377 103 36 Emil
389 377 202 46 Blomqvist
631 379 73 46 må,
746 377 127 37 därest
914 377 73 36 han
1015 376 64 37 vid
1110 376 72 37 den
1209 376 218 37 nuvarande
1454 376 396 49 tjänstinnehavarens
1938 367 65 73 [7]
2040 377 6 5 |

251 431 152 46 avgång
430 434 159 43 antages
617 428 57 36 till
702 428 189 37 ordinarie
918 428 255 37 vaktmästare
1201 428 69 36 hos
1290 428 247 47 direktionen,
1553 428 60 37 för
1627 428 223 48 åtnjutande
1885 424 19 57 =
1939 434 12 6 ”

249 494 47 22 av
336 480 311 49 löneförhöjning
687 482 22 34 å
751 480 500 48 vaktmästarbefattningen
1280 479 280 49 tillgodoräkna
1592 479 61 49 sig
1681 479 71 37 den
1780 480 67 48 tid,

248 532 187 37 varunder
475 532 76 36 han
591 532 96 36 efter
730 534 95 35 1911
869 535 59 33 års
967 532 147 49 ingång
1151 534 123 34 såsom
1304 531 144 37 vikarie
1474 531 211 50 uppehållit
1711 531 137 37 befatt-

249 597 153 36 ningen.

376 636 81 36 Den
499 635 11 36 i
553 636 103 36 detta
684 636 136 36 ärende
848 635 217 49 förebragta
1092 635 253 49 utredningen
1373 634 204 38 återfinnes
1605 634 14 36 i
1647 635 201 36 statsråds-

248 688 224 49 protokollet
500 692 89 32 över
603 687 407 37 ecklesiastikärenden
1026 688 72 36 den
1114 689 46 34 31
1178 686 197 38 december
1392 688 97 35 1915
1509 686 63 49 (10
1589 686 36 37 h.
1642 691 26 31 t.
1685 686 67 36 sid.
1771 686 75 49 97).

380 221 72 48 6:0)
488 221 9 36 I
537 221 124 49 punkt
704 224 18 33 7
764 221 120 37 under
917 221 126 37 tionde
1070 221 241 36 huvudtiteln
1340 220 68 37 har
1436 219 141 50 Kungl.
1606 219 110 49 Maj:t
1752 220 97 37 före-
1904 218 138 31 Angående

376 791 88 36 Med
492 791 265 50 tillstyrkande
786 805 46 22 av
860 791 106 37 bifall
994 791 56 36 till
1079 791 142 47 Kungl.
1241 791 126 48 Maj:ts
1382 790 295 49 ifrågavarande
1699 790 146 49 förslag

247 843 218 36 hemställer
491 843 195 47 utskottet,

777 935 55 31 att
872 929 205 48 riksdagen
1120 931 60 34 må
1220 929 186 49 medgiva,
1444 935 53 30 att
1526 929 71 36 den
1626 928 69 37 hos
1724 929 123 37 direk-

646 981 129 37 tionen
817 986 88 31 över
938 981 333 36 folkskollärarnas
1300 980 393 51 pensionsinrättning
1721 983 125 34 såsom

645 1033 143 37 vikarie
832 1033 288 49 tjänstgörande
1157 1032 282 37 vaktmästaren
1469 1032 86 37 Carl
1584 1031 141 37 Gustaf
1748 1032 98 37 Emil

645 1084 210 50 Blomqvist
897 1087 72 44 må,
1011 1084 127 36 därest
1171 1085 75 36 han
1273 1085 64 36 vid
1365 1085 73 37 den
1467 1083 218 37 nuvarande
1713 1084 134 49 tjänst-

644 1137 276 36 innehavarens
949 1139 153 46 avgång
1131 1142 158 43 antages
1308 1137 57 36 till
1384 1136 187 37 ordinarie
1589 1136 257 37 vaktmästare

644 1188 71 37 hos
756 1188 248 47 direktionen,
1047 1188 58 36 för
1143 1188 222 48 åtnjutande
1407 1202 46 23 av
1488 1187 310 50 löneförhöjning
1825 1190 21 34 å

644 1240 501 47 vaktmästarbefattningen
1173 1240 279 48 tillgodoräkna
1479 1239 60 49 sig
1567 1239 72 36 den
1667 1239 67 48 tid,
1762 1252 82 23 var-

644 1291 122 37 under
793 1291 76 36 han
898 1291 96 36 efter
1024 1293 95 34 1911
1151 1294 60 33 års
1239 1292 146 48 ingång
1412 1294 124 33 såsom
1565 1290 145 36 vikarie
1731 1303 114 37 uppe-

646 1343 106 36 hållit
779 1342 277 49 befattningen.

376 1463 71 50 7:o)
477 1464 16 36 I
533 1464 122 49 punkt
697 1466 21 34 8
761 1464 118 36 under
921 1463 126 37 tionde
1076 1464 240 36 huvudtiteln
1344 1464 67 36 har
1438 1464 141 48 Kungl.
1608 1463 109 49 Maj:t
1745 1463 98 38 före-
1898 1483 141 32 angående

245 1516 114 49 slagit
398 1516 205 48 riksdagen
646 1521 53 31 att
740 1516 12 36 i
793 1515 164 36 avbidan
998 1518 47 46 på
1086 1515 235 50 proposition
1350 1515 195 49 angående
1572 1515 205 37 understöd
1806 1518 38 34 åt
1873 1519 140 38 mnderstöd
2032 1519 28 24 åt

244 1567 101 37 äldre
387 1568 222 37 behövande
651 1567 86 37 med
765 1568 65 48 låg
857 1567 160 49 pension
1046 1570 206 46 avgångna
1280 1567 285 37 folkskollärare
1594 1567 164 36 beräkna
1786 1567 57 37 för
1879 1550 162 72 "behövande,

244 1618 210 37 ändamålet
480 1619 121 37 under
627 1619 131 37 tionde
786 1618 239 37 huvudtiteln
1054 1622 48 46 på
1130 1625 106 30 extra
1264 1624 74 31 stat
1367 1619 58 36 för
1453 1622 40 33 år
1523 1621 95 34 1917
1641 1624 53 30 ett
1710 1619 134 48 anslag
1861 1624 58 38 med
1942 1622 42 33 låg
2004 1632 64 22 pen-

244 1683 45 23 av
321 1672 139 46 20,000
488 1671 149 36 kronor.
1861 1658 207 64 fr

1934 1728 48 36 8.

373 1764 99 46 Över
513 1773 123 37 denna
674 1773 282 49 framställning
984 1773 170 36 kommer
1181 1774 185 35 utskottet
1393 1773 201 37 framdeles
1624 1779 53 30 att
1705 1773 137 49 avgiva
1987 1729 14 46 |

243 1825 208 45 utlåtande;
480 1825 117 37 vilket
624 1824 185 37 utskottet
836 1825 125 36 skolat
988 1824 224 48 härigenom
1241 1825 57 36 för
1325 1825 204 48 riksdagen

747 1912 159 35 anmäla.

372 2031 73 48 8:0)
472 2030 66 38 Uti
570 2032 123 48 punkt
723 2034 20 33 9
774 2032 119 36 under
920 2031 127 37 tionde
1075 2031 237 36 huvudtiteln
1341 2031 68 36 har
1436 2031 142 48 Kungl.
1609 2031 109 49 Maj:t
1745 2031 96 36 före-
1894 2037 139 32 Angående

243 2082 113 49 slagit
396 2083 205 47 riksdagen
631 2088 54 52 att
714 2083 57 36 för
799 2082 242 37 bestridande
1069 2095 46 23 av
1144 2082 46 36 de
1219 2087 105 31 extra
1350 2082 357 58 pensionsavgifter,
1737 2081 102 58 vilka
1869 2070 181 72 sionsavsifter

242 2136 48 47 på
331 2133 124 50 grund
498 2147 45 22 av
575 2134 20 45 $
623 2135 22 34 8
674 2147 12 22 i
713 2134 250 48 reglementet
991 2133 57 36 för
1076 2133 331 37 folkskollärarnas
1444 2138 395 45 pensionsinrättning
1869 2141 44 58 till
1930 2142 119 30 folkskol-

1915 2179 112 21 ärarnas

242 2199 50 23 nu
321 2188 91 46 utgå
439 2185 88 36 eller
554 2184 58 36 till
637 2184 94 49 följd
763 2198 46 23 av
837 2185 45 36 de
909 2190 89 30 utav
1030 2185 96 35 1906
1156 2184 70 36 och
1257 2186 95 34 1907
1375 2187 106 34 årens
1500 2183 200 50 riksdagar
1715 2184 122 37 beslu-
1863 2179 17 66 =
1891 2211 134 30 pesions-

241 2238 87 36 tade
355 2236 164 37 ändrade
547 2235 285 37 bestämmelser
860 2249 60 23 om
946 2235 439 49 delaktighetsbeloppen
1405 2236 12 35 i
1436 2236 164 36 nämnda
1624 2235 214 49 inrättning
1884 2245 154 81 TS
