2215 2686
398 207 20 34 6
908 205 238 33 Statsutskottets
1173 205 162 33 Utlåtande
1357 205 64 33 N:o
1447 207 48 30 58.

396 290 99 37 blott
523 290 46 36 de
607 289 141 37 erhölle
778 303 46 23 en
853 288 149 50 fullgod
1030 289 104 47 vård,
1164 289 156 37 hvarom
1344 288 97 37 intet
1468 288 133 37 tvifvel
1624 289 128 37 kunde
1781 290 218 49 förefinnas,

398 342 47 37 då
485 341 115 38 dessa
636 341 108 49 sjuke
781 340 152 50 intoges
971 343 20 34 å
1020 345 144 32 statens
1192 341 61 36 väl
1287 340 189 37 inrättade
1514 340 165 50 hospital
1703 340 63 37 vid
1791 342 110 37 Lund
1929 344 71 36 och

398 393 268 38 anförtroddes
696 396 37 33 åt
761 392 67 37 der
857 392 173 37 anstälde
1058 392 151 37 läkares
1237 392 103 37 vård.
1386 392 60 36 En
1471 392 103 57 dylik
1591 392 410 88 upptagningsanstalt

399 446 59 36 för
498 445 93 36 vård
630 445 42 36 af
695 444 158 49 nyligen
880 444 229 48 insjuknade
1138 444 97 37 hade
1263 444 113 48 länge
1405 443 99 36 varit
1532 444 41 36 af
1599 444 182 36 behofvet
1809 446 190 48 påkallad,

399 500 123 34 såsom
551 496 249 37 medförande
830 500 103 32 stora
961 495 168 37 fördelar
1158 495 58 37 för
1241 495 242 49 sjukvården,
1513 500 91 32 enär
1619 495 113 37 dessa
1748 495 80 38 ofta
1843 472 156 79 botliga,

398 548 106 37 alltid
544 547 169 38 särdeles
755 547 182 50 ömtåliga
977 547 108 49 sjuke
1128 547 222 48 derigenom
1385 526 123 57 skulle
1536 547 128 36 kunna
1695 547 121 37 bättre
1840 527 159 58 isoleras

398 600 71 37 och
506 600 205 49 undslippa
746 612 46 23 en
827 579 83 56 för
914 599 86 36 dem
1024 577 250 71 påkostande,
1304 599 81 36 ofta
1412 598 145 49 menlig
1584 598 181 50 beröring
1792 599 84 37 med
1907 600 93 37 eller

398 655 93 46 åsyn
532 652 41 36 af
607 652 119 36 andra
765 650 254 49 sinnessjuke,
1060 649 152 38 hvartill
1241 650 153 37 komme
1435 655 55 32 att
1523 649 237 38 våldsamma
1785 650 91 38 eller
1904 657 96 31 stor-

397 703 138 36 mande
578 702 241 48 sinnessjuke
853 702 123 36 skulle
1014 702 63 36 vid
1105 702 120 36 behof
1249 701 129 36 kunna
1408 701 239 49 öfverflyttas
1676 701 58 37 till
1763 702 130 46 andra,
1922 708 78 32 sär-

397 753 118 36 skildt
555 753 58 36 för
648 753 143 36 sådana
818 752 190 49 patienter
1043 752 159 36 afsedda
1231 752 243 48 afdelningar
1496 751 103 36 inom
1623 752 219 48 hospitalet,
1872 753 128 36 derest

397 805 74 36 den
507 818 75 35 nya
622 803 192 38 anstalten
842 803 246 37 betraktades
1113 806 125 34 såsom
1268 816 45 23 en
1339 802 60 37 del
1429 802 41 37 af
1495 802 64 37 det
1587 802 97 48 hela,
1709 803 107 37 öfver
1844 803 156 38 hvilken

396 855 157 38 läkarne
589 858 49 47 på
679 854 147 49 vanligt
866 859 77 32 sätt
976 854 202 49 förfogade
1208 854 70 37 och
1306 854 249 49 hvarigenom
1585 854 189 36 anstalten
1803 855 113 36 äfven
1942 856 59 36 för

397 907 206 37 framtiden
631 906 128 36 kunde
788 905 181 37 förblifva
996 906 101 36 hvad
1122 906 72 36 den
1220 905 118 37 borde
1366 919 102 33 vara,
1505 918 45 23 en
1588 906 58 35 för
1674 905 156 49 nyligen
1855 906 144 48 insjuk-

396 959 119 36 nades
544 958 92 37 vård
662 957 181 37 särskildt
872 957 133 36 afsedd
1034 957 93 48 lugn
1157 956 153 48 anstalt,
1340 957 66 36 der
1430 956 117 48 nödig
1575 970 40 23 ro
1645 957 70 36 och
1745 962 108 31 sömn
1870 957 128 37 kunde

397 1010 46 36 de
485 1009 108 49 sjuke
635 1009 171 37 beredas.
860 1008 123 37 Dessa
1020 1008 166 37 fördelar
1227 1021 90 23 vore
1352 1008 41 36 af
1429 1007 227 49 hospitalets
1689 1007 239 38 öfverläkare
1957 1012 42 33 så

395 1062 95 48 högt
518 1060 187 48 skattade,
736 1065 54 32 att
817 1060 75 37 han
916 1059 62 37 vid
1003 1059 101 37 olika
1130 1059 177 37 tillfällen
1331 1058 211 50 föreslagit,
1571 1058 64 37 det
1664 1072 46 23 en
1736 1059 104 49 dylik
1858 1059 141 37 anstalt

397 1116 116 33 måtte
541 1113 67 36 der
636 1112 202 37 anordnas.
892 1111 168 36 Härmed
1089 1111 97 36 hade
1215 1111 97 36 dock
1341 1114 99 32 måst
1467 1110 77 37 tills
1572 1110 130 36 vidare
1731 1114 110 33 anstå
1868 1114 42 34 så
1938 1110 61 37 väl

395 1163 237 38 beträffande
672 1163 131 37 Lunds
843 1176 80 23 som
962 1162 144 49 Upsala
1140 1161 176 50 hospital,
1351 1167 91 31 enär
1479 1162 118 36 andra
1625 1162 282 48 nybyggnader
1936 1162 63 37 vid

396 1214 215 50 hospitalen
651 1214 98 36 varit
781 1219 47 31 än
856 1227 80 23 mer
965 1214 40 35 af
1027 1213 180 36 behofvet
1234 1212 215 49 påkallade.
1502 1213 131 35 Ehuru
1664 1213 110 47 eljest
1801 1213 10 35 i
1842 1212 157 37 allmän-

396 1266 65 36 het
498 1265 283 49 förvecklingar
820 1265 70 37 och
930 1264 238 49 svårigheter
1202 1264 128 36 kunde
1354 1264 164 44 befaras,
1549 1263 128 37 derest
1700 1263 74 37 den
1803 1263 194 49 sjukvård,

396 1331 81 23 som
517 1316 109 49 ålåge
665 1291 247 78 landstinget,
955 1315 385 37 sammanblandades
1375 1315 85 36 med
1489 1294 74 57 den
1592 1314 293 49 hospitalsvård,
1916 1328 81 24 som

396 1368 227 49 öfvertagits
665 1368 42 36 af
743 1346 137 84 staten,
923 1367 68 36 och
1029 1371 54 32 ett
1111 1366 108 37 bifall
1246 1366 58 36 till
1333 1366 187 49 förslaget
1547 1365 128 37 kunde
1699 1365 201 37 framkalla
1928 1366 69 36 lik-

396 1419 130 37 artade
546 1397 176 71 anspråk
749 1418 84 37 från
857 1417 119 37 andra
1004 1417 73 47 län,
1108 1422 130 44 syntes
1267 1417 97 37 dock
1392 1417 12 35 i
1432 1395 268 71 föreliggande
1724 1416 78 48 fall,
1828 1417 47 36 då
1903 1422 96 32 mot-

394 1470 378 49 tagningsanstalten
801 1469 127 36 kunde
952 1469 153 36 komma
1132 1468 57 36 till
1213 1468 110 37 stånd
1351 1473 91 31 utan
1472 1468 235 36 nämnvärda
1735 1442 263 79 uppoffringar

395 1521 85 37 från
522 1526 145 31 statens
709 1520 93 44 sida,
842 1533 88 23 men
968 1519 58 37 till
1054 1525 79 31 stor
1160 1519 123 37 fördel
1312 1519 58 37 för
1399 1519 245 48 sjukvården,
1674 1519 74 36 den
1776 1519 223 48 föreslagna

395 1572 264 49 anordningen
688 1550 127 57 kunde
844 1571 185 36 förordas.

527 1601 243 58 Beträffande
798 1622 73 36 den
900 1622 84 36 från
1009 1622 223 36 ekonomisk
1260 1621 196 50 synpunkt
1491 1620 148 49 vigtiga
1667 1620 135 49 frågan
1827 1633 59 23 om
1906 1620 92 49 dag-

396 1674 184 49 afgiftens
621 1673 303 46 bestämmande,
965 1676 42 33 så
1040 1673 118 36 borde
1188 1673 124 35 denna
1341 1672 114 48 afgift
1483 1672 218 48 naturligen
1729 1673 148 47 lämpas
1902 1650 97 58 efter

396 1703 63 59 de
471 1725 173 49 verkliga
667 1703 259 58 kostnaderna
953 1724 60 36 för
1040 1723 46 37 de
1112 1723 130 49 sjukes
1271 1723 104 44 vård,
1403 1736 87 23 men
1518 1722 47 37 då
1594 1700 194 59 desamma
1809 1722 82 37 dels
1909 1736 89 23 vore

396 1781 92 32 nära
528 1789 78 35 nog
640 1775 181 49 omöjliga
863 1780 54 31 att
956 1774 191 49 nöjaktigt
1185 1775 180 46 beräkna,
1404 1774 80 36 dels
1514 1774 70 36 ock
1608 1787 89 23 vore
1728 1773 191 37 beroende
1947 1774 49 46 af,

395 1828 97 35 huru
521 1806 87 57 vida
637 1827 190 36 anstalten
857 1839 88 23 vore
970 1839 79 23 mer
1077 1826 92 36 eller
1197 1826 147 35 mindre
1373 1825 163 46 använd,
1565 1825 42 35 af
1630 1825 188 36 vexlande
1847 1824 78 49 pris
1949 1828 48 45 på

395 1878 375 45 lifsförnödenheter,
799 1877 269 48 betjeningens
1094 1877 168 48 aflöning
1286 1890 47 23 m.
1359 1890 61 32 m.,
1448 1854 99 58 hade
1577 1876 243 49 dagafgiften
1850 1881 145 31 ansetts

395 1929 83 37 icke
507 1930 92 36 böra
626 1942 50 23 nu
705 1929 233 36 bestämmas
968 1931 124 34 såsom
1121 1927 192 37 bindande
1342 1927 58 36 för
1424 1926 216 46 framtiden,
1666 1940 86 23 men
1775 1927 61 36 väl
1864 1927 57 36 för
1949 1940 47 23 en

395 1981 79 35 viss
498 1980 55 36 tid
583 1980 71 36 och
682 1983 47 45 på
757 1980 136 36 sådant
922 1984 86 42 sätt,
1039 1984 55 32 att
1118 1979 103 36 såväl
1247 1984 145 31 statens
1421 1991 82 23 som
1526 1978 266 49 landstingens
1807 1978 189 36 intressen

396 2031 126 37 blefve
550 2031 209 48 behörigen
787 2030 297 49 tillgodosedda,
1112 2030 146 36 hvilket
1286 2035 107 43 synts
1410 2029 129 36 kunna
1555 2029 151 36 säkrast
1729 2032 123 45 ernås,
1869 2028 127 37 derest

397 2082 245 49 dagafgiften
680 2081 214 49 föresloges
934 2082 42 35 af
999 2080 394 50 medicinalstyrelsen
1423 2080 71 37 och
1522 2080 97 36 efter
1646 2080 255 49 landstingets
1930 2080 66 36 hö-

396 2134 118 36 rande
543 2133 219 37 bestämdes
788 2133 41 36 af
850 2132 139 49 Kongl.
1018 2132 108 48 Maj:t
1153 2132 59 36 för
1235 2131 78 37 viss
1341 2131 54 37 tid
1426 2135 36 32 åt
1485 2134 166 46 gången.

529 2184 113 36 Hvad
670 2184 168 48 anginge
868 2184 71 35 den
970 2183 57 36 för
1055 2184 46 35 de
1129 2187 191 32 närmaste
1348 2183 77 35 fem
1450 2185 89 33 åren
1564 2181 220 49 föreslagna
1804 2181 194 48 dagafgif-

395 2241 66 30 ten
490 2235 41 36 af
556 2238 20 33 2
602 2235 140 36 kronor
770 2236 47 35 50
846 2240 75 40 öre,
951 2238 41 33 så
1019 2234 128 37 kunde
1176 2234 234 46 densamma,
1435 2247 60 22 om
1520 2232 75 37 den
1624 2232 69 37 ock
1721 2232 174 37 förefölle
1919 2232 79 48 hög

396 2286 12 37 i
432 2286 223 49 jemförelse
684 2286 87 36 med
800 2285 288 50 dagafgifterna
1111 2285 59 37 för
1197 2284 122 50 tredje
1349 2284 71 37 och
1448 2283 118 38 andra
1590 2284 175 36 klassens
1793 2282 205 51 hospitals-
