2152 2556
704 189 105 30 Stats-
823 187 160 32 Utskottets
1013 189 170 30 Utlåtande
1207 192 60 28 N:o
1291 192 50 28 46.
1779 196 16 26 5

348 274 12 35 I
392 275 166 47 enlighet
588 276 151 35 härmed
772 277 67 35 och
873 279 40 44 på
945 281 73 29 sätt
1046 276 38 35 af
1111 277 252 36 omförmälda
1392 279 202 47 protokoll,
1626 279 152 51 hvilket,
1800 285 40 31 så

215 326 56 34 väl
307 339 79 21 som
419 313 70 46 den
520 327 216 46 uppgjorda
764 328 201 40 traktaten,
994 328 117 35 finnes
1146 329 144 46 intaget
1318 329 9 33 i
1358 329 68 35 den
1458 330 137 47 nådiga
1611 323 228 55 propositio-

215 390 84 29 nen,
327 376 198 43 inhemtas,
568 389 92 23 voro
690 378 45 34 de
774 355 289 70 hufvudsakliga
1096 379 169 35 vilkoren
1301 378 57 36 för
1386 362 194 54 koloniens
1615 380 222 37 afträdande

214 425 185 49 följande:
443 431 56 29 att
540 427 137 35 svensk
721 427 202 35 undersåte
966 428 10 33 i
1017 410 172 54 kolonien
1234 430 122 35 skulle
1385 430 112 35 hafva
1519 438 74 28 rätt
1621 438 51 29 att
1703 445 136 34 genom

213 475 243 44 jakttagande
486 476 39 35 af
551 477 97 35 vissa
676 477 235 36 föreskrifter
940 478 136 36 bevara
1107 480 122 35 denna
1257 482 54 33 sin
1342 482 254 43 nationalitet;
1619 488 55 29 att
1689 483 151 35 franska

213 527 225 47 regeringen
481 527 120 35 skulle
635 527 173 36 förbinda
843 529 56 48 sig
928 536 53 28 att
1012 531 10 33 i
1053 530 66 35 och
1150 531 56 35 för
1235 531 315 47 pensioneringen
1582 511 39 56 af
1646 534 193 35 koloniens

213 579 10 33 i
265 556 134 57 svensk
442 578 117 46 tjenst
600 579 162 35 varande
805 561 159 54 embets-
1007 581 67 35 och
1110 582 225 56 tjenstemän
1371 582 169 35 utbetala
1569 589 54 29 ett
1651 584 189 35 bestämdt

215 628 140 48 belopp
385 627 39 35 af
450 630 162 41 320,000
641 629 136 44 francs,
808 636 95 29 samt
931 637 55 28 att
1015 644 141 22 samma
1177 633 177 46 regering
1369 632 129 35 vidare
1515 632 58 36 för
1590 634 69 35 den
1677 635 162 35 svenska

213 679 140 34 kronan
384 657 190 69 tillhöriga
604 680 182 46 egendom
817 684 19 31 å
865 688 46 28 ön
941 682 120 34 skulle
1092 661 152 69 erlägga
1270 689 54 28 ett.
1330 661 150 69 "belopp
1497 683 41 35 af
1550 685 136 42 80,000
1703 684 135 37 francs.

215 729 141 36 Genom
396 728 100 36 det
470 724 28 54 t
488 709 93 55 först
610 731 163 35 nämnda
802 731 40 35 af
867 732 106 34 dessa
1005 732 122 35 vilkor
1156 734 9 33 i
1173 713 198 67 "förening
1399 734 82 34 med
1514 734 70 35 den
1617 735 124 35 hållna
1769 737 69 34 all-

215 787 135 28 männa
394 782 284 43 omröstningen
714 784 117 33 måste
860 782 290 47 befolkningens
1179 784 9 34 i
1219 764 176 55 kolonien
1428 785 160 46 anspråk
1617 791 55 29 att
1700 786 31 46 ej
1761 793 78 28 mot

214 831 55 34 sin
299 830 88 45 vilja
416 830 149 35 komma
595 812 119 54 under
743 832 233 35 främmande
1005 811 105 56 välde
1141 840 139 29 ansetts
1296 834 293 46 tillgodosedda.
1631 836 74 35 Det
1721 837 116 35 andra

215 879 39 35 af
279 880 45 34 de
354 880 160 35 nämnda
544 881 154 36 vikoren
729 882 93 35 hade
851 883 219 34 tillkommit
1097 883 56 35 för
1182 891 55 27 att
1256 863 146 69 skydda
1419 886 161 34 embets-
1598 886 67 34 och
1682 887 155 46 tjenste-

214 938 179 27 männens
422 932 138 45 lagliga
583 938 77 28 rätt
677 938 54 29 att
747 933 31 48 ej
797 933 172 35 beröfvas
985 934 43 33 de
1046 933 83 36 dem
1147 935 281 35 tillförsäkrade
1445 935 390 49 aflöningsförmåner.

213 959 373 78 Penningebeloppet
616 982 91 34 hade
739 983 122 35 blifvit
891 983 185 35 bestämdt
1103 985 84 34 med
1219 985 154 46 ledning
1394 984 34 36 af
1446 999 31 21 en
1491 999 19 21 i
1508 985 64 35 fr:
1567 968 113 54 anska
1696 988 140 34 finans-

214 1031 222 35 ministeriet
465 1032 107 45 gjord
603 1032 208 46 beräkning
839 1033 40 35 af
903 1034 62 34 det
991 1034 152 48 kapital,
1170 1035 60 35 för
1246 1017 143 54 hvilket
1404 1042 120 29 staten
1542 1038 118 45 enligt
1676 1044 160 40 antagna

214 1082 517 45 sannolikhetsberäkningar
758 1061 120 57 skulle
911 1085 126 33 kunna
1065 1088 109 43 åtaga
1202 1086 55 45 sig
1286 1087 313 48 pensioneringen
1632 1087 40 35 af
1696 1087 139 48 ifråga-

213 1132 165 34 varande
420 1133 160 34 embets-
622 1111 67 57 och
734 1135 223 44 tjenstemän
1002 1135 117 34 under
1162 1117 106 54 deras
1311 1136 233 36 återstående
1586 1137 133 35 lifstid.
1769 1126 65 48 Då

215 1181 207 36 emellertid
467 1182 160 36 flertalet
668 1183 39 35 af
742 1185 164 34 embets-
936 1185 65 34 och
1033 1186 301 45 tjenstemännen
1365 1187 31 45 ej
1427 1188 150 34 komme
1606 1193 55 29 att
1689 1188 143 36 bosätta

213 1233 55 44 sig
308 1233 8 33 1
346 1231 163 47 Sverige,
551 1240 97 28 samt
678 1234 63 34 det
770 1233 235 36 fördenskull
1037 1236 94 35 hade
1162 1237 98 34 varit
1288 1236 174 35 förenadt
1490 1238 83 34 med
1606 1239 227 47 ömsesidiga

213 1260 260 68 olägenheter
499 1259 56 59 alt
596 1284 139 46 besörja
780 1284 107 35 deras
929 1286 266 61 pensionering
1236 1287 80 34 från
1360 1288 158 35 svenska
1551 1289 282 42 statskontoret,

213 1332 92 35 hade
347 1332 133 47 Kongl.
523 1334 117 46 Maj:t,
682 1335 58 34 för
781 1341 60 28 att
873 1336 139 46 jemväl
1054 1339 47 44 gå
1136 1338 354 46 pensionstagarnes
1520 1339 227 47 önskningar
1775 1341 54 34 till

213 1389 131 36 mötes,
387 1383 155 35 beslutit
576 1390 55 29 att
665 1385 53 34 till
750 1398 43 21 en
824 1386 91 34 hvar
944 1386 38 33 af
1008 1386 282 46 ifrågavarande
1320 1388 156 35 embets-
1506 1389 67 34 och
1604 1365 225 76 tjenstemän

213 1434 71 34 låta
329 1437 44 42 på
415 1447 43 22 en
488 1436 98 46 gång
614 1436 168 34 utbetala
812 1436 63 35 det
903 1436 59 35 för
990 1419 134 52 honom
1156 1437 154 35 afsedda
1340 1438 290 49 kapitalbelopp,
1661 1447 79 28 mot
1770 1441 62 34 det

212 1489 54 28 att
295 1483 72 35 han
397 1484 9 33 i
435 1473 139 46 stället
591 1485 151 47 afgifvit
771 1499 44 21 en
846 1486 239 45 förbindelse,
1114 1488 117 44 enligt
1260 1488 149 34 hvilken
1441 1489 70 35 han
1541 1491 121 44 afsagt
1688 1491 56 45 sig
1761 1491 66 35 och

212 1534 53 34 sin
308 1533 117 46 familj
457 1535 91 34 eller
576 1536 79 34 sina
683 1536 333 35 rättsinnehafvare
1045 1516 125 67 hvarje
1191 1519 183 66 anspråk,
1403 1552 78 21 som
1513 1540 82 34 med
1621 1521 209 66 anledning

213 1583 39 35 af
290 1584 92 34 hans
425 1585 253 47 tjenstgöring
721 1586 99 34 inom
850 1587 173 34 kolonien
1054 1588 124 35 kunde
1209 1589 133 34 väckas
1372 1602 87 22 vare
1488 1590 55 48 sig
1572 1598 75 27 mot
1677 1571 153 66 Sverige

212 1635 92 34 eller
334 1640 77 28 mot
439 1628 209 42 Frankrike
679 1636 69 34 och
778 1636 75 35 afse
883 1637 71 42 lön,
985 1639 203 44 pension
1171 1639 90 34 eller
1291 1652 121 22 annan
1444 1627 206 59 ersättning
1678 1641 39 35 af
1730 1620 96 56 hvad

210 1683 257 36 beskaffenhet
501 1685 70 35 den
608 1699 90 21 vara
727 1687 143 34 månde.
924 1665 74 57 Det
1025 1688 242 48 iakttagande
1298 1689 40 35 af
1355 1691 125 60 rikets
1509 1678 210 58 värdighet,
1748 1705 78 22 som

210 1733 212 48 Riksdagen
466 1736 8 34 i
520 1735 71 35 den
636 1736 296 48 underdåniga
910 1729 27 59 :
926 1727 224 46 skrifvelsen
1177 1738 36 36 af
1241 1739 121 36 den
1338 1723 28 64 6
1344 1742 18 33 6
1393 1740 70 47 Maj
1497 1742 93 34 1868
1621 1723 206 54 framhållit

207 1788 121 31 såsom
353 1762 69 57 det
452 1785 293 47 hufvudsakliga
773 1788 67 34 och
852 1765 148 57 nästan
1018 1789 93 35 enda
1128 1790 161 35 vilkoret
1304 1790 58 34 för
1378 1791 194 35 koloniens
1590 1791 235 45 afträdande,

208 1834 104 44 hade,
355 1835 8 34 i
406 1834 173 47 förening
621 1819 97 52 med
736 1838 132 46 Kongl.
897 1836 181 49 Maj:ts,
1082 1840 189 46 säkerligen
1303 1839 40 35 af
1366 1842 156 34 svenska
1549 1842 119 35 folket
1697 1843 129 35 delade

209 1886 140 34 önskan
393 1892 55 28 att
490 1873 176 49 kolonien
711 1868 130 54 måtte
859 1889 136 34 bevara
1029 1893 116 43 något
1174 1890 248 35 fortlefvande
1451 1892 124 35 minne
1606 1893 40 35 af
1670 1893 68 35 den
1770 1894 54 34 tid

208 1935 39 35 af
272 1943 89 27 nära
389 1943 54 28 ett
472 1936 252 44 århundrade,
763 1938 215 35 hvarunder
1007 1939 68 35 den
1106 1940 142 35 tillhört
1277 1940 170 46 Sveriges
1477 1942 131 43 krona,
1637 1943 188 35 föranledt

208 1985 134 45 Kongl.
386 1985 106 63 Maj:t
533 1995 55 26 att
629 1988 62 34 vid
717 1966 404 68 underhändlingarne
1151 2004 57 21 om
1240 1978 193 49 koloniens
1462 1972 275 56 återlemnande
1767 1994 55 33 till

206 2017 204 54 Frankrike
438 2041 120 31 såsom
589 2037 272 48 förutsättning
889 2039 58 34 för
975 2027 65 47 det
1067 2041 66 34 här
1164 2041 109 35 ofvan
1304 2043 189 35 omtalade
1521 2044 121 56 tredje
1663 2044 160 34 vilkoret

207 2098 57 22 om
296 2088 241 35 utbetalande
566 2088 38 34 af
630 2090 134 42 80,000
793 2070 123 54 francs
945 2089 57 36 för
1031 2092 152 34 svenska
1215 2093 163 34 kronans
1408 2093 213 47 egendom
1601 2088 25 56 i
1646 2094 171 34 kolonien

205 2134 175 47 förklara,
422 2145 54 27 att
517 2139 160 35 nämnda
721 2152 145 22 summa
905 2140 120 35 skulle
1066 2141 150 36 komma
1256 2149 56 29 att
1354 2124 191 54 användas
1587 2145 54 33 till
1673 2144 144 46 grund-

205 2166 199 66 läggandet
446 2189 40 35 af
524 2202 43 22 en
611 2189 158 35 stiftelse
811 2191 55 33 till
909 2193 269 45 upprättandet
1220 2197 20 31 å
1282 2200 46 28 ön
1358 2193 51 35 S:t
1439 2194 240 48 Barthelemy
1707 2194 40 35 af
1770 2200 53 30 ett

289 2242 72 30 Bih.
385 2243 50 30 till
459 2245 116 30 Riksd.
599 2245 89 30 Prot.
712 2246 92 30 1878.
850 2246 20 30 4
892 2245 97 31 Saml.
1036 2249 17 28 1
1076 2249 77 35 Afd.
1198 2249 43 30 26
1264 2249 95 39 Häft.
1761 2253 17 28 2
