<?xml version="1.0" encoding="UTF-8"?>
<alto xmlns="http://www.loc.gov/standards/alto/ns-v3#" xmlns:xlink="http://www.w3.org/1999/xlink" xmlns:xsi="http://www.w3.org/2001/XMLSchema-instance" xsi:schemaLocation="http://www.loc.gov/standards/alto/ns-v3# http://www.loc.gov/alto/v3/alto-3-0.xsd">
	<Description>
		<MeasurementUnit>pixel</MeasurementUnit>
		<sourceImageInformation>
			<fileName>/tmp/tess_v_fu1ue2_input.PNG</fileName>
		</sourceImageInformation>
		<OCRProcessing ID="OCR_0">
			<ocrProcessingStep>
				<processingSoftware>
					<softwareName>tesseract 5.3.0</softwareName>
				</processingSoftware>
			</ocrProcessingStep>
		</OCRProcessing>
	</Description>
	<Layout>
		<Page WIDTH="2162" HEIGHT="2544" PHYSICAL_IMG_NR="0" ID="page_0">
			<PrintSpace HPOS="0" VPOS="0" WIDTH="2162" HEIGHT="2544">
				<ComposedBlock ID="cblock_0" HPOS="369" VPOS="173" WIDTH="1087" HEIGHT="40">
					<TextBlock ID="block_0" HPOS="369" VPOS="173" WIDTH="1087" HEIGHT="40">
						<TextLine ID="line_0" HPOS="369" VPOS="173" WIDTH="1087" HEIGHT="40">
							<String ID="string_0" HPOS="369" VPOS="184" WIDTH="17" HEIGHT="29" WC="0.96" CONTENT="6"/><SP WIDTH="436" VPOS="184" HPOS="386"/>
							<String ID="string_1" HPOS="822" VPOS="176" WIDTH="101" HEIGHT="32" WC="0.91" CONTENT="Stats-"/><SP WIDTH="9" VPOS="176" HPOS="923"/>
							<String ID="string_2" HPOS="932" VPOS="175" WIDTH="168" HEIGHT="31" WC="0.95" CONTENT="Utskottets"/><SP WIDTH="29" VPOS="175" HPOS="1100"/>
							<String ID="string_3" HPOS="1129" VPOS="175" WIDTH="170" HEIGHT="31" WC="0.96" CONTENT="Utlåtande"/><SP WIDTH="23" VPOS="175" HPOS="1299"/>
							<String ID="string_4" HPOS="1322" VPOS="174" WIDTH="59" HEIGHT="30" WC="0.73" CONTENT="N:o"/><SP WIDTH="23" VPOS="174" HPOS="1381"/>
							<String ID="string_5" HPOS="1404" VPOS="173" WIDTH="52" HEIGHT="31" WC="0.94" CONTENT="46."/>
						</TextLine>
					</TextBlock>
				</ComposedBlock>
				<ComposedBlock ID="cblock_1" HPOS="321" VPOS="259" WIDTH="1641" HEIGHT="1008">
					<TextBlock ID="block_1" HPOS="321" VPOS="259" WIDTH="1641" HEIGHT="1008">
						<TextLine ID="line_1" HPOS="321" VPOS="259" WIDTH="1631" HEIGHT="60">
							<String ID="string_6" HPOS="321" VPOS="270" WIDTH="155" HEIGHT="49" WC="0.95" CONTENT="sjukhus"/><SP WIDTH="34" VPOS="270" HPOS="476"/>
							<String ID="string_7" HPOS="510" VPOS="269" WIDTH="91" HEIGHT="35" WC="0.96" CONTENT="eller"/><SP WIDTH="29" VPOS="269" HPOS="601"/>
							<String ID="string_8" HPOS="630" VPOS="278" WIDTH="122" HEIGHT="25" WC="0.93" CONTENT="annan"/><SP WIDTH="35" VPOS="278" HPOS="752"/>
							<String ID="string_9" HPOS="787" VPOS="264" WIDTH="411" HEIGHT="48" WC="0.90" CONTENT="välgörenhetsanstalt"/><SP WIDTH="30" VPOS="264" HPOS="1198"/>
							<String ID="string_10" HPOS="1228" VPOS="263" WIDTH="90" HEIGHT="35" WC="0.96" CONTENT="eller"/><SP WIDTH="28" VPOS="263" HPOS="1318"/>
							<String ID="string_11" HPOS="1346" VPOS="262" WIDTH="208" HEIGHT="45" WC="0.96" CONTENT="inrättning"/><SP WIDTH="30" VPOS="262" HPOS="1554"/>
							<String ID="string_12" HPOS="1584" VPOS="259" WIDTH="59" HEIGHT="36" WC="0.96" CONTENT="för"/><SP WIDTH="29" VPOS="259" HPOS="1643"/>
							<String ID="string_13" HPOS="1672" VPOS="260" WIDTH="280" HEIGHT="48" WC="0.96" CONTENT="allmännyttigt"/>
						</TextLine>
						<TextLine ID="line_2" HPOS="323" VPOS="310" WIDTH="1629" HEIGHT="48">
							<String ID="string_14" HPOS="323" VPOS="321" WIDTH="185" HEIGHT="37" WC="0.95" CONTENT="ändamål."/><SP WIDTH="59" VPOS="321" HPOS="508"/>
							<String ID="string_15" HPOS="567" VPOS="319" WIDTH="53" HEIGHT="35" WC="0.96" CONTENT="De"/><SP WIDTH="39" VPOS="319" HPOS="620"/>
							<String ID="string_16" HPOS="659" VPOS="324" WIDTH="173" HEIGHT="28" WC="0.96" CONTENT="närmare"/><SP WIDTH="29" VPOS="324" HPOS="832"/>
							<String ID="string_17" HPOS="861" VPOS="314" WIDTH="333" HEIGHT="36" WC="0.95" CONTENT="bestämmelserna"/><SP WIDTH="29" VPOS="314" HPOS="1194"/>
							<String ID="string_18" HPOS="1223" VPOS="313" WIDTH="161" HEIGHT="36" WC="0.96" CONTENT="rörande"/><SP WIDTH="30" VPOS="313" HPOS="1384"/>
							<String ID="string_19" HPOS="1414" VPOS="313" WIDTH="120" HEIGHT="35" WC="0.96" CONTENT="denna"/><SP WIDTH="29" VPOS="313" HPOS="1534"/>
							<String ID="string_20" HPOS="1563" VPOS="310" WIDTH="163" HEIGHT="37" WC="0.96" CONTENT="stiftelse"/><SP WIDTH="30" VPOS="310" HPOS="1726"/>
							<String ID="string_21" HPOS="1756" VPOS="310" WIDTH="93" HEIGHT="35" WC="0.92" CONTENT="hade"/><SP WIDTH="31" VPOS="310" HPOS="1849"/>
							<String ID="string_22" HPOS="1880" VPOS="313" WIDTH="72" HEIGHT="33" WC="0.92" CONTENT="vis-"/>
						</TextLine>
						<TextLine ID="line_3" HPOS="322" VPOS="359" WIDTH="1631" HEIGHT="60">
							<String ID="string_23" HPOS="322" VPOS="372" WIDTH="163" HEIGHT="47" WC="0.91" CONTENT="serligen"/><SP WIDTH="29" VPOS="372" HPOS="485"/>
							<String ID="string_24" HPOS="514" VPOS="377" WIDTH="102" HEIGHT="28" WC="0.95" CONTENT="ännu"/><SP WIDTH="29" VPOS="377" HPOS="616"/>
							<String ID="string_25" HPOS="645" VPOS="367" WIDTH="33" HEIGHT="48" WC="0.96" CONTENT="ej"/><SP WIDTH="31" VPOS="367" HPOS="678"/>
							<String ID="string_26" HPOS="709" VPOS="365" WIDTH="123" HEIGHT="37" WC="0.96" CONTENT="blifvit"/><SP WIDTH="28" VPOS="365" HPOS="832"/>
							<String ID="string_27" HPOS="860" VPOS="364" WIDTH="216" HEIGHT="47" WC="0.96" CONTENT="skriftligen"/><SP WIDTH="30" VPOS="364" HPOS="1076"/>
							<String ID="string_28" HPOS="1106" VPOS="363" WIDTH="331" HEIGHT="45" WC="0.96" CONTENT="sammanfattade;"/><SP WIDTH="32" VPOS="363" HPOS="1437"/>
							<String ID="string_29" HPOS="1469" VPOS="376" WIDTH="81" HEIGHT="22" WC="0.96" CONTENT="men"/><SP WIDTH="31" VPOS="376" HPOS="1550"/>
							<String ID="string_30" HPOS="1581" VPOS="362" WIDTH="135" HEIGHT="45" WC="0.96" CONTENT="Kongl."/><SP WIDTH="22" VPOS="362" HPOS="1716"/>
							<String ID="string_31" HPOS="1738" VPOS="359" WIDTH="103" HEIGHT="48" WC="0.96" CONTENT="Maj:t"/><SP WIDTH="17" VPOS="359" HPOS="1841"/>
							<String ID="string_32" HPOS="1858" VPOS="361" WIDTH="95" HEIGHT="35" WC="0.96" CONTENT="hade"/>
						</TextLine>
						<TextLine ID="line_4" HPOS="324" VPOS="411" WIDTH="1630" HEIGHT="56">
							<String ID="string_33" HPOS="324" VPOS="423" WIDTH="56" HEIGHT="35" WC="0.93" CONTENT="för"/><SP WIDTH="29" VPOS="423" HPOS="380"/>
							<String ID="string_34" HPOS="409" VPOS="420" WIDTH="115" HEIGHT="47" WC="0.92" CONTENT="afsigt"/><SP WIDTH="29" VPOS="420" HPOS="524"/>
							<String ID="string_35" HPOS="553" VPOS="424" WIDTH="56" HEIGHT="31" WC="0.96" CONTENT="att"/><SP WIDTH="28" VPOS="424" HPOS="609"/>
							<String ID="string_36" HPOS="637" VPOS="418" WIDTH="108" HEIGHT="36" WC="0.96" CONTENT="ställa"/><SP WIDTH="29" VPOS="418" HPOS="745"/>
							<String ID="string_37" HPOS="774" VPOS="417" WIDTH="220" HEIGHT="35" WC="0.96" CONTENT="densamma"/><SP WIDTH="29" VPOS="417" HPOS="994"/>
							<String ID="string_38" HPOS="1023" VPOS="415" WIDTH="121" HEIGHT="35" WC="0.96" CONTENT="under"/><SP WIDTH="30" VPOS="415" HPOS="1144"/>
							<String ID="string_39" HPOS="1174" VPOS="413" WIDTH="227" HEIGHT="48" WC="0.96" CONTENT="förvaltning"/><SP WIDTH="30" VPOS="413" HPOS="1401"/>
							<String ID="string_40" HPOS="1431" VPOS="413" WIDTH="38" HEIGHT="35" WC="0.96" CONTENT="af"/><SP WIDTH="25" VPOS="413" HPOS="1469"/>
							<String ID="string_41" HPOS="1494" VPOS="426" WIDTH="42" HEIGHT="22" WC="0.96" CONTENT="en"/><SP WIDTH="27" VPOS="426" HPOS="1536"/>
							<String ID="string_42" HPOS="1563" VPOS="412" WIDTH="115" HEIGHT="36" WC="0.96" CONTENT="bland"/><SP WIDTH="16" VPOS="412" HPOS="1678"/>
							<String ID="string_43" HPOS="1694" VPOS="419" WIDTH="68" HEIGHT="28" WC="0.91" CONTENT="öns"/><SP WIDTH="17" VPOS="419" HPOS="1762"/>
							<String ID="string_44" HPOS="1779" VPOS="411" WIDTH="175" HEIGHT="36" WC="0.90" CONTENT="invånare"/>
						</TextLine>
						<TextLine ID="line_5" HPOS="323" VPOS="463" WIDTH="1631" HEIGHT="56">
							<String ID="string_45" HPOS="323" VPOS="472" WIDTH="84" HEIGHT="37" WC="0.96" CONTENT="vald"/><SP WIDTH="40" VPOS="472" HPOS="407"/>
							<String ID="string_46" HPOS="447" VPOS="470" WIDTH="159" HEIGHT="49" WC="0.95" CONTENT="styrelse"/><SP WIDTH="44" VPOS="470" HPOS="606"/>
							<String ID="string_47" HPOS="650" VPOS="474" WIDTH="94" HEIGHT="30" WC="0.95" CONTENT="samt"/><SP WIDTH="42" VPOS="474" HPOS="744"/>
							<String ID="string_48" HPOS="786" VPOS="467" WIDTH="120" HEIGHT="35" WC="0.91" CONTENT="under"/><SP WIDTH="35" VPOS="467" HPOS="906"/>
							<String ID="string_49" HPOS="941" VPOS="464" WIDTH="285" HEIGHT="37" WC="0.90" CONTENT="öfverinseende"/><SP WIDTH="30" VPOS="464" HPOS="1226"/>
							<String ID="string_50" HPOS="1256" VPOS="464" WIDTH="39" HEIGHT="35" WC="0.96" CONTENT="af"/><SP WIDTH="25" VPOS="464" HPOS="1295"/>
							<String ID="string_51" HPOS="1320" VPOS="464" WIDTH="151" HEIGHT="34" WC="0.96" CONTENT="franska"/><SP WIDTH="30" VPOS="464" HPOS="1471"/>
							<String ID="string_52" HPOS="1501" VPOS="463" WIDTH="313" HEIGHT="48" WC="0.93" CONTENT="myndigheterna"/><SP WIDTH="28" VPOS="463" HPOS="1814"/>
							<String ID="string_53" HPOS="1842" VPOS="465" WIDTH="19" HEIGHT="32" WC="0.92" CONTENT="å"/><SP WIDTH="28" VPOS="465" HPOS="1861"/>
							<String ID="string_54" HPOS="1889" VPOS="468" WIDTH="65" HEIGHT="36" WC="0.96" CONTENT="ön;"/>
						</TextLine>
						<TextLine ID="line_6" HPOS="323" VPOS="511" WIDTH="1631" HEIGHT="56">
							<String ID="string_55" HPOS="323" VPOS="523" WIDTH="67" HEIGHT="36" WC="0.96" CONTENT="och"/><SP WIDTH="46" VPOS="523" HPOS="390"/>
							<String ID="string_56" HPOS="436" VPOS="522" WIDTH="66" HEIGHT="34" WC="0.96" CONTENT="har"/><SP WIDTH="30" VPOS="522" HPOS="502"/>
							<String ID="string_57" HPOS="532" VPOS="519" WIDTH="134" HEIGHT="48" WC="0.95" CONTENT="Kongl."/><SP WIDTH="29" VPOS="519" HPOS="666"/>
							<String ID="string_58" HPOS="695" VPOS="519" WIDTH="108" HEIGHT="46" WC="0.96" CONTENT="Maj:t"/><SP WIDTH="28" VPOS="519" HPOS="803"/>
							<String ID="string_59" HPOS="831" VPOS="531" WIDTH="50" HEIGHT="21" WC="0.96" CONTENT="nu"/><SP WIDTH="29" VPOS="531" HPOS="881"/>
							<String ID="string_60" HPOS="910" VPOS="517" WIDTH="102" HEIGHT="35" WC="0.96" CONTENT="velat"/><SP WIDTH="28" VPOS="517" HPOS="1012"/>
							<String ID="string_61" HPOS="1040" VPOS="516" WIDTH="141" HEIGHT="45" WC="0.96" CONTENT="begära"/><SP WIDTH="29" VPOS="516" HPOS="1181"/>
							<String ID="string_62" HPOS="1210" VPOS="514" WIDTH="236" HEIGHT="46" WC="0.96" CONTENT="Riksdagens"/><SP WIDTH="29" VPOS="514" HPOS="1446"/>
							<String ID="string_63" HPOS="1475" VPOS="513" WIDTH="276" HEIGHT="47" WC="0.95" CONTENT="godkännande"/><SP WIDTH="29" VPOS="513" HPOS="1751"/>
							<String ID="string_64" HPOS="1780" VPOS="511" WIDTH="40" HEIGHT="36" WC="0.95" CONTENT="af"/><SP WIDTH="24" VPOS="511" HPOS="1820"/>
							<String ID="string_65" HPOS="1844" VPOS="513" WIDTH="110" HEIGHT="34" WC="0.96" CONTENT="ofvan"/>
						</TextLine>
						<TextLine ID="line_7" HPOS="324" VPOS="563" WIDTH="1630" HEIGHT="55">
							<String ID="string_66" HPOS="324" VPOS="570" WIDTH="264" HEIGHT="44" WC="0.91" CONTENT="omförmälda,"/><SP WIDTH="30" VPOS="570" HPOS="588"/>
							<String ID="string_67" HPOS="618" VPOS="574" WIDTH="47" HEIGHT="44" WC="0.96" CONTENT="på"/><SP WIDTH="29" VPOS="574" HPOS="665"/>
							<String ID="string_68" HPOS="694" VPOS="568" WIDTH="231" HEIGHT="45" WC="0.95" CONTENT="Riksdagens"/><SP WIDTH="30" VPOS="568" HPOS="925"/>
							<String ID="string_69" HPOS="955" VPOS="565" WIDTH="195" HEIGHT="36" WC="0.96" CONTENT="skrifvelse"/><SP WIDTH="31" VPOS="565" HPOS="1150"/>
							<String ID="string_70" HPOS="1181" VPOS="564" WIDTH="73" HEIGHT="35" WC="0.94" CONTENT="den"/><SP WIDTH="19" VPOS="564" HPOS="1254"/>
							<String ID="string_71" HPOS="1273" VPOS="566" WIDTH="18" HEIGHT="33" WC="0.94" CONTENT="6"/><SP WIDTH="17" VPOS="566" HPOS="1291"/>
							<String ID="string_72" HPOS="1308" VPOS="563" WIDTH="72" HEIGHT="47" WC="0.96" CONTENT="Maj"/><SP WIDTH="25" VPOS="563" HPOS="1380"/>
							<String ID="string_73" HPOS="1405" VPOS="566" WIDTH="95" HEIGHT="34" WC="0.96" CONTENT="1868"/><SP WIDTH="18" VPOS="566" HPOS="1500"/>
							<String ID="string_74" HPOS="1518" VPOS="563" WIDTH="199" HEIGHT="48" WC="0.95" CONTENT="grundade"/><SP WIDTH="18" VPOS="563" HPOS="1717"/>
							<String ID="string_75" HPOS="1735" VPOS="563" WIDTH="219" HEIGHT="47" WC="0.96" CONTENT="disposition"/>
						</TextLine>
						<TextLine ID="line_8" HPOS="327" VPOS="613" WIDTH="1627" HEIGHT="51">
							<String ID="string_76" HPOS="327" VPOS="624" WIDTH="41" HEIGHT="35" WC="0.96" CONTENT="af"/><SP WIDTH="26" VPOS="624" HPOS="368"/>
							<String ID="string_77" HPOS="394" VPOS="623" WIDTH="73" HEIGHT="35" WC="0.96" CONTENT="den"/><SP WIDTH="30" VPOS="623" HPOS="467"/>
							<String ID="string_78" HPOS="497" VPOS="621" WIDTH="58" HEIGHT="35" WC="0.96" CONTENT="för"/><SP WIDTH="30" VPOS="621" HPOS="555"/>
							<String ID="string_79" HPOS="585" VPOS="621" WIDTH="159" HEIGHT="35" WC="0.96" CONTENT="svenska"/><SP WIDTH="16" VPOS="621" HPOS="744"/>
							<String ID="string_80" HPOS="760" VPOS="619" WIDTH="165" HEIGHT="34" WC="0.96" CONTENT="kronans"/><SP WIDTH="16" VPOS="619" HPOS="925"/>
							<String ID="string_81" HPOS="941" VPOS="615" WIDTH="185" HEIGHT="45" WC="0.93" CONTENT="egendom"/><SP WIDTH="18" VPOS="615" HPOS="1126"/>
							<String ID="string_82" HPOS="1144" VPOS="618" WIDTH="20" HEIGHT="31" WC="0.86" CONTENT="å"/><SP WIDTH="15" VPOS="618" HPOS="1164"/>
							<String ID="string_83" HPOS="1179" VPOS="614" WIDTH="55" HEIGHT="36" WC="0.96" CONTENT="S:t"/><SP WIDTH="16" VPOS="614" HPOS="1234"/>
							<String ID="string_84" HPOS="1250" VPOS="614" WIDTH="244" HEIGHT="50" WC="0.93" CONTENT="Barthelemy"/><SP WIDTH="16" VPOS="614" HPOS="1494"/>
							<String ID="string_85" HPOS="1510" VPOS="613" WIDTH="188" HEIGHT="36" WC="0.85" CONTENT="utfästade"/><SP WIDTH="18" VPOS="613" HPOS="1698"/>
							<String ID="string_86" HPOS="1716" VPOS="614" WIDTH="238" HEIGHT="34" WC="0.95" CONTENT="lösesumma."/>
						</TextLine>
						<TextLine ID="line_9" HPOS="474" VPOS="662" WIDTH="1483" HEIGHT="49">
							<String ID="string_87" HPOS="474" VPOS="671" WIDTH="52" HEIGHT="37" WC="0.96" CONTENT="Af"/><SP WIDTH="39" VPOS="671" HPOS="526"/>
							<String ID="string_88" HPOS="565" VPOS="671" WIDTH="98" HEIGHT="36" WC="0.96" CONTENT="hvad"/><SP WIDTH="42" VPOS="671" HPOS="663"/>
							<String ID="string_89" HPOS="705" VPOS="671" WIDTH="11" HEIGHT="34" WC="0.96" CONTENT="i"/><SP WIDTH="44" VPOS="671" HPOS="716"/>
							<String ID="string_90" HPOS="760" VPOS="669" WIDTH="124" HEIGHT="35" WC="0.96" CONTENT="denna"/><SP WIDTH="41" VPOS="669" HPOS="884"/>
							<String ID="string_91" HPOS="925" VPOS="668" WIDTH="59" HEIGHT="34" WC="0.93" CONTENT="till"/><SP WIDTH="43" VPOS="668" HPOS="984"/>
							<String ID="string_92" HPOS="1027" VPOS="665" WIDTH="337" HEIGHT="37" WC="0.91" CONTENT="Stats-Utskottets"/><SP WIDTH="42" VPOS="665" HPOS="1364"/>
							<String ID="string_93" HPOS="1406" VPOS="664" WIDTH="232" HEIGHT="47" WC="0.93" CONTENT="behandling"/><SP WIDTH="40" VPOS="664" HPOS="1638"/>
							<String ID="string_94" HPOS="1678" VPOS="662" WIDTH="279" HEIGHT="37" WC="0.92" CONTENT="öfverlemnade"/>
						</TextLine>
						<TextLine ID="line_10" HPOS="327" VPOS="712" WIDTH="1630" HEIGHT="59">
							<String ID="string_95" HPOS="327" VPOS="724" WIDTH="137" HEIGHT="47" WC="0.96" CONTENT="nådiga"/><SP WIDTH="42" VPOS="724" HPOS="464"/>
							<String ID="string_96" HPOS="506" VPOS="721" WIDTH="235" HEIGHT="50" WC="0.95" CONTENT="proposition"/><SP WIDTH="42" VPOS="721" HPOS="741"/>
							<String ID="string_97" HPOS="783" VPOS="718" WIDTH="158" HEIGHT="36" WC="0.96" CONTENT="sålunda"/><SP WIDTH="40" VPOS="718" HPOS="941"/>
							<String ID="string_98" HPOS="981" VPOS="718" WIDTH="120" HEIGHT="34" WC="0.93" CONTENT="finnes"/><SP WIDTH="41" VPOS="718" HPOS="1101"/>
							<String ID="string_99" HPOS="1142" VPOS="715" WIDTH="153" HEIGHT="37" WC="0.91" CONTENT="anfördt"/><SP WIDTH="28" VPOS="715" HPOS="1295"/>
							<String ID="string_100" HPOS="1323" VPOS="715" WIDTH="178" HEIGHT="48" WC="0.96" CONTENT="framgår,"/><SP WIDTH="29" VPOS="715" HPOS="1501"/>
							<String ID="string_101" HPOS="1530" VPOS="720" WIDTH="55" HEIGHT="30" WC="0.96" CONTENT="att"/><SP WIDTH="29" VPOS="720" HPOS="1585"/>
							<String ID="string_102" HPOS="1614" VPOS="713" WIDTH="61" HEIGHT="36" WC="0.92" CONTENT="vid"/><SP WIDTH="32" VPOS="713" HPOS="1675"/>
							<String ID="string_103" HPOS="1707" VPOS="712" WIDTH="250" HEIGHT="37" WC="0.91" CONTENT="omförmälda"/>
						</TextLine>
						<TextLine ID="line_11" HPOS="328" VPOS="763" WIDTH="1630" HEIGHT="54">
							<String ID="string_104" HPOS="328" VPOS="773" WIDTH="360" HEIGHT="44" WC="0.96" CONTENT="underhandlingar,"/><SP WIDTH="29" VPOS="773" HPOS="688"/>
							<String ID="string_105" HPOS="717" VPOS="768" WIDTH="196" HEIGHT="49" WC="0.96" CONTENT="angående"/><SP WIDTH="29" VPOS="768" HPOS="913"/>
							<String ID="string_106" HPOS="942" VPOS="766" WIDTH="288" HEIGHT="47" WC="0.93" CONTENT="ifrågavarande"/><SP WIDTH="30" VPOS="766" HPOS="1230"/>
							<String ID="string_107" HPOS="1260" VPOS="766" WIDTH="145" HEIGHT="35" WC="0.92" CONTENT="kolonis"/><SP WIDTH="30" VPOS="766" HPOS="1405"/>
							<String ID="string_108" HPOS="1435" VPOS="765" WIDTH="252" HEIGHT="43" WC="0.93" CONTENT="afhändande,"/><SP WIDTH="22" VPOS="765" HPOS="1687"/>
							<String ID="string_109" HPOS="1709" VPOS="764" WIDTH="71" HEIGHT="35" WC="0.96" CONTENT="den"/><SP WIDTH="17" VPOS="764" HPOS="1780"/>
							<String ID="string_110" HPOS="1797" VPOS="763" WIDTH="38" HEIGHT="36" WC="0.93" CONTENT="af"/><SP WIDTH="12" VPOS="763" HPOS="1835"/>
							<String ID="string_111" HPOS="1847" VPOS="764" WIDTH="111" HEIGHT="35" WC="0.91" CONTENT="Riks-"/>
						</TextLine>
						<TextLine ID="line_12" HPOS="328" VPOS="813" WIDTH="1631" HEIGHT="59">
							<String ID="string_112" HPOS="328" VPOS="826" WIDTH="124" HEIGHT="46" WC="0.95" CONTENT="dagen"/><SP WIDTH="43" VPOS="826" HPOS="452"/>
							<String ID="string_113" HPOS="495" VPOS="822" WIDTH="169" HEIGHT="37" WC="0.95" CONTENT="uttalade"/><SP WIDTH="36" VPOS="822" HPOS="664"/>
							<String ID="string_114" HPOS="700" VPOS="821" WIDTH="143" HEIGHT="35" WC="0.96" CONTENT="önskan"/><SP WIDTH="30" VPOS="821" HPOS="843"/>
							<String ID="string_115" HPOS="873" VPOS="832" WIDTH="61" HEIGHT="22" WC="0.96" CONTENT="om"/><SP WIDTH="30" VPOS="832" HPOS="934"/>
							<String ID="string_116" HPOS="964" VPOS="816" WIDTH="243" HEIGHT="48" WC="0.93" CONTENT="iakttagande"/><SP WIDTH="29" VPOS="816" HPOS="1207"/>
							<String ID="string_117" HPOS="1236" VPOS="816" WIDTH="135" HEIGHT="35" WC="0.90" CONTENT="dervid"/><SP WIDTH="29" VPOS="816" HPOS="1371"/>
							<String ID="string_118" HPOS="1400" VPOS="816" WIDTH="41" HEIGHT="36" WC="0.96" CONTENT="af"/><SP WIDTH="23" VPOS="816" HPOS="1441"/>
							<String ID="string_119" HPOS="1464" VPOS="816" WIDTH="116" HEIGHT="35" WC="0.96" CONTENT="rikets"/><SP WIDTH="30" VPOS="816" HPOS="1580"/>
							<String ID="string_120" HPOS="1610" VPOS="815" WIDTH="198" HEIGHT="44" WC="0.96" CONTENT="värdighet"/><SP WIDTH="27" VPOS="815" HPOS="1808"/>
							<String ID="string_121" HPOS="1835" VPOS="813" WIDTH="124" HEIGHT="37" WC="0.96" CONTENT="blifvit"/>
						</TextLine>
						<TextLine ID="line_13" HPOS="327" VPOS="865" WIDTH="1629" HEIGHT="52">
							<String ID="string_122" HPOS="327" VPOS="877" WIDTH="11" HEIGHT="34" WC="0.93" CONTENT="i"/><SP WIDTH="30" VPOS="877" HPOS="338"/>
							<String ID="string_123" HPOS="368" VPOS="875" WIDTH="73" HEIGHT="36" WC="0.91" CONTENT="allo"/><SP WIDTH="28" VPOS="875" HPOS="441"/>
							<String ID="string_124" HPOS="469" VPOS="873" WIDTH="179" HEIGHT="44" WC="0.92" CONTENT="beaktad,"/><SP WIDTH="29" VPOS="873" HPOS="648"/>
							<String ID="string_125" HPOS="677" VPOS="872" WIDTH="67" HEIGHT="35" WC="0.96" CONTENT="och"/><SP WIDTH="29" VPOS="872" HPOS="744"/>
							<String ID="string_126" HPOS="773" VPOS="883" WIDTH="111" HEIGHT="24" WC="0.96" CONTENT="anser"/><SP WIDTH="28" VPOS="883" HPOS="884"/>
							<String ID="string_127" HPOS="912" VPOS="868" WIDTH="211" HEIGHT="43" WC="0.96" CONTENT="Utskottet,"/><SP WIDTH="30" VPOS="868" HPOS="1123"/>
							<String ID="string_128" HPOS="1153" VPOS="872" WIDTH="54" HEIGHT="30" WC="0.96" CONTENT="att"/><SP WIDTH="30" VPOS="872" HPOS="1207"/>
							<String ID="string_129" HPOS="1237" VPOS="867" WIDTH="63" HEIGHT="35" WC="0.96" CONTENT="det"/><SP WIDTH="29" VPOS="867" HPOS="1300"/>
							<String ID="string_130" HPOS="1329" VPOS="866" WIDTH="56" HEIGHT="36" WC="0.96" CONTENT="för"/><SP WIDTH="28" VPOS="866" HPOS="1385"/>
							<String ID="string_131" HPOS="1413" VPOS="868" WIDTH="131" HEIGHT="45" WC="0.93" CONTENT="hvarje"/><SP WIDTH="16" VPOS="868" HPOS="1544"/>
							<String ID="string_132" HPOS="1560" VPOS="865" WIDTH="272" HEIGHT="37" WC="0.91" CONTENT="fosterländskt"/><SP WIDTH="16" VPOS="865" HPOS="1832"/>
							<String ID="string_133" HPOS="1848" VPOS="866" WIDTH="108" HEIGHT="34" WC="0.96" CONTENT="sinne"/>
						</TextLine>
						<TextLine ID="line_14" HPOS="329" VPOS="914" WIDTH="1629" HEIGHT="48">
							<String ID="string_134" HPOS="329" VPOS="927" WIDTH="68" HEIGHT="35" WC="0.96" CONTENT="bör"/><SP WIDTH="28" VPOS="927" HPOS="397"/>
							<String ID="string_135" HPOS="425" VPOS="938" WIDTH="90" HEIGHT="23" WC="0.93" CONTENT="vara"/><SP WIDTH="28" VPOS="938" HPOS="515"/>
							<String ID="string_136" HPOS="543" VPOS="920" WIDTH="352" HEIGHT="39" WC="0.90" CONTENT="tillfredsställande"/><SP WIDTH="29" VPOS="920" HPOS="895"/>
							<String ID="string_137" HPOS="924" VPOS="925" WIDTH="56" HEIGHT="30" WC="0.96" CONTENT="att"/><SP WIDTH="29" VPOS="925" HPOS="980"/>
							<String ID="string_138" HPOS="1009" VPOS="924" WIDTH="99" HEIGHT="37" WC="0.93" CONTENT="veta,"/><SP WIDTH="29" VPOS="924" HPOS="1108"/>
							<String ID="string_139" HPOS="1137" VPOS="918" WIDTH="180" HEIGHT="34" WC="0.92" CONTENT="hurusom"/><SP WIDTH="30" VPOS="918" HPOS="1317"/>
							<String ID="string_140" HPOS="1347" VPOS="918" WIDTH="63" HEIGHT="35" WC="0.92" CONTENT="vid"/><SP WIDTH="29" VPOS="918" HPOS="1410"/>
							<String ID="string_141" HPOS="1439" VPOS="917" WIDTH="196" HEIGHT="36" WC="0.92" CONTENT="koloniens"/><SP WIDTH="30" VPOS="917" HPOS="1635"/>
							<String ID="string_142" HPOS="1665" VPOS="915" WIDTH="183" HEIGHT="47" WC="0.92" CONTENT="skiljande"/><SP WIDTH="28" VPOS="915" HPOS="1848"/>
							<String ID="string_143" HPOS="1876" VPOS="914" WIDTH="82" HEIGHT="37" WC="0.96" CONTENT="från"/>
						</TextLine>
						<TextLine ID="line_15" HPOS="328" VPOS="966" WIDTH="1631" HEIGHT="53">
							<String ID="string_144" HPOS="328" VPOS="978" WIDTH="63" HEIGHT="35" WC="0.96" CONTENT="det"/><SP WIDTH="29" VPOS="978" HPOS="391"/>
							<String ID="string_145" HPOS="420" VPOS="975" WIDTH="102" HEIGHT="44" WC="0.96" CONTENT="land,"/><SP WIDTH="30" VPOS="975" HPOS="522"/>
							<String ID="string_146" HPOS="552" VPOS="975" WIDTH="219" HEIGHT="35" WC="0.96" CONTENT="densamma"/><SP WIDTH="31" VPOS="975" HPOS="771"/>
							<String ID="string_147" HPOS="802" VPOS="971" WIDTH="120" HEIGHT="36" WC="0.96" CONTENT="under"/><SP WIDTH="28" VPOS="971" HPOS="922"/>
							<String ID="string_148" HPOS="950" VPOS="983" WIDTH="43" HEIGHT="22" WC="0.96" CONTENT="en"/><SP WIDTH="30" VPOS="983" HPOS="993"/>
							<String ID="string_149" HPOS="1023" VPOS="972" WIDTH="40" HEIGHT="33" WC="0.96" CONTENT="så"/><SP WIDTH="29" VPOS="972" HPOS="1063"/>
							<String ID="string_150" HPOS="1092" VPOS="969" WIDTH="89" HEIGHT="45" WC="0.96" CONTENT="lång"/><SP WIDTH="28" VPOS="969" HPOS="1181"/>
							<String ID="string_151" HPOS="1209" VPOS="966" WIDTH="93" HEIGHT="48" WC="0.95" CONTENT="följd"/><SP WIDTH="31" VPOS="966" HPOS="1302"/>
							<String ID="string_152" HPOS="1333" VPOS="968" WIDTH="37" HEIGHT="35" WC="0.95" CONTENT="af"/><SP WIDTH="26" VPOS="968" HPOS="1370"/>
							<String ID="string_153" HPOS="1396" VPOS="972" WIDTH="40" HEIGHT="32" WC="0.95" CONTENT="år"/><SP WIDTH="23" VPOS="972" HPOS="1436"/>
							<String ID="string_154" HPOS="1459" VPOS="968" WIDTH="157" HEIGHT="41" WC="0.95" CONTENT="tillhört,"/><SP WIDTH="15" VPOS="968" HPOS="1616"/>
							<String ID="string_155" HPOS="1631" VPOS="980" WIDTH="45" HEIGHT="22" WC="0.95" CONTENT="en"/><SP WIDTH="17" VPOS="980" HPOS="1676"/>
							<String ID="string_156" HPOS="1693" VPOS="966" WIDTH="266" HEIGHT="48" WC="0.96" CONTENT="allmännyttig"/>
						</TextLine>
						<TextLine ID="line_16" HPOS="328" VPOS="1015" WIDTH="1631" HEIGHT="58">
							<String ID="string_157" HPOS="328" VPOS="1027" WIDTH="163" HEIGHT="35" WC="0.93" CONTENT="stiftelse"/><SP WIDTH="30" VPOS="1027" HPOS="491"/>
							<String ID="string_158" HPOS="521" VPOS="1024" WIDTH="258" HEIGHT="49" WC="0.90" CONTENT="grundlägges"/><SP WIDTH="30" VPOS="1024" HPOS="779"/>
							<String ID="string_159" HPOS="809" VPOS="1022" WIDTH="56" HEIGHT="35" WC="0.96" CONTENT="till"/><SP WIDTH="30" VPOS="1022" HPOS="865"/>
							<String ID="string_160" HPOS="895" VPOS="1026" WIDTH="54" HEIGHT="30" WC="0.96" CONTENT="ett"/><SP WIDTH="28" VPOS="1026" HPOS="949"/>
							<String ID="string_161" HPOS="977" VPOS="1019" WIDTH="192" HEIGHT="47" WC="0.95" CONTENT="varaktigt"/><SP WIDTH="29" VPOS="1019" HPOS="1169"/>
							<String ID="string_162" HPOS="1198" VPOS="1019" WIDTH="127" HEIGHT="35" WC="0.96" CONTENT="minne"/><SP WIDTH="29" VPOS="1019" HPOS="1325"/>
							<String ID="string_163" HPOS="1354" VPOS="1018" WIDTH="40" HEIGHT="36" WC="0.96" CONTENT="af"/><SP WIDTH="25" VPOS="1018" HPOS="1394"/>
							<String ID="string_164" HPOS="1419" VPOS="1019" WIDTH="72" HEIGHT="35" WC="0.96" CONTENT="den"/><SP WIDTH="31" VPOS="1019" HPOS="1491"/>
							<String ID="string_165" HPOS="1522" VPOS="1019" WIDTH="57" HEIGHT="34" WC="0.96" CONTENT="för"/><SP WIDTH="29" VPOS="1019" HPOS="1579"/>
							<String ID="string_166" HPOS="1608" VPOS="1017" WIDTH="175" HEIGHT="35" WC="0.93" CONTENT="kolonien"/><SP WIDTH="30" VPOS="1017" HPOS="1783"/>
							<String ID="string_167" HPOS="1813" VPOS="1015" WIDTH="146" HEIGHT="37" WC="0.92" CONTENT="skiftes-"/>
						</TextLine>
						<TextLine ID="line_17" HPOS="326" VPOS="1067" WIDTH="1634" HEIGHT="53">
							<String ID="string_168" HPOS="326" VPOS="1078" WIDTH="80" HEIGHT="35" WC="0.95" CONTENT="rika"/><SP WIDTH="42" VPOS="1078" HPOS="406"/>
							<String ID="string_169" HPOS="448" VPOS="1076" WIDTH="67" HEIGHT="44" WC="0.93" CONTENT="tid,"/><SP WIDTH="42" VPOS="1076" HPOS="515"/>
							<String ID="string_170" HPOS="557" VPOS="1074" WIDTH="192" HEIGHT="37" WC="0.92" CONTENT="derunder"/><SP WIDTH="43" VPOS="1074" HPOS="749"/>
							<String ID="string_171" HPOS="792" VPOS="1073" WIDTH="70" HEIGHT="35" WC="0.96" CONTENT="den"/><SP WIDTH="34" VPOS="1073" HPOS="862"/>
							<String ID="string_172" HPOS="896" VPOS="1072" WIDTH="100" HEIGHT="36" WC="0.96" CONTENT="varit"/><SP WIDTH="32" VPOS="1072" HPOS="996"/>
							<String ID="string_173" HPOS="1028" VPOS="1083" WIDTH="44" HEIGHT="23" WC="0.95" CONTENT="en"/><SP WIDTH="29" VPOS="1083" HPOS="1072"/>
							<String ID="string_174" HPOS="1101" VPOS="1069" WIDTH="211" HEIGHT="47" WC="0.95" CONTENT="besittning"/><SP WIDTH="29" VPOS="1069" HPOS="1312"/>
							<String ID="string_175" HPOS="1341" VPOS="1069" WIDTH="119" HEIGHT="36" WC="0.96" CONTENT="under"/><SP WIDTH="28" VPOS="1069" HPOS="1460"/>
							<String ID="string_176" HPOS="1488" VPOS="1068" WIDTH="174" HEIGHT="47" WC="0.96" CONTENT="Sveriges"/><SP WIDTH="28" VPOS="1068" HPOS="1662"/>
							<String ID="string_177" HPOS="1690" VPOS="1068" WIDTH="137" HEIGHT="39" WC="0.93" CONTENT="krona;"/><SP WIDTH="30" VPOS="1068" HPOS="1827"/>
							<String ID="string_178" HPOS="1857" VPOS="1067" WIDTH="103" HEIGHT="35" WC="0.92" CONTENT="hem-"/>
						</TextLine>
						<TextLine ID="line_18" HPOS="329" VPOS="1124" WIDTH="568" HEIGHT="42">
							<String ID="string_179" HPOS="329" VPOS="1127" WIDTH="189" HEIGHT="37" WC="0.96" CONTENT="ställande"/><SP WIDTH="29" VPOS="1127" HPOS="518"/>
							<String ID="string_180" HPOS="547" VPOS="1127" WIDTH="110" HEIGHT="35" WC="0.96" CONTENT="alltså"/><SP WIDTH="30" VPOS="1127" HPOS="657"/>
							<String ID="string_181" HPOS="687" VPOS="1124" WIDTH="210" HEIGHT="42" WC="0.96" CONTENT="Utskottet,"/>
						</TextLine>
						<TextLine ID="line_19" HPOS="784" VPOS="1168" WIDTH="1178" HEIGHT="50">
							<String ID="string_182" HPOS="784" VPOS="1179" WIDTH="55" HEIGHT="30" WC="0.96" CONTENT="att"/><SP WIDTH="28" VPOS="1179" HPOS="839"/>
							<String ID="string_183" HPOS="867" VPOS="1172" WIDTH="102" HEIGHT="37" WC="0.96" CONTENT="hvad"/><SP WIDTH="29" VPOS="1172" HPOS="969"/>
							<String ID="string_184" HPOS="998" VPOS="1171" WIDTH="135" HEIGHT="47" WC="0.93" CONTENT="Kongl."/><SP WIDTH="28" VPOS="1171" HPOS="1133"/>
							<String ID="string_185" HPOS="1161" VPOS="1170" WIDTH="105" HEIGHT="48" WC="0.96" CONTENT="Maj:t"/><SP WIDTH="28" VPOS="1170" HPOS="1266"/>
							<String ID="string_186" HPOS="1294" VPOS="1171" WIDTH="11" HEIGHT="35" WC="0.96" CONTENT="i"/><SP WIDTH="28" VPOS="1171" HPOS="1305"/>
							<String ID="string_187" HPOS="1333" VPOS="1169" WIDTH="249" HEIGHT="37" WC="0.96" CONTENT="förevarande"/><SP WIDTH="23" VPOS="1169" HPOS="1582"/>
							<String ID="string_188" HPOS="1605" VPOS="1168" WIDTH="176" HEIGHT="37" WC="0.93" CONTENT="afseende"/><SP WIDTH="19" VPOS="1168" HPOS="1781"/>
							<String ID="string_189" HPOS="1800" VPOS="1168" WIDTH="162" HEIGHT="47" WC="0.91" CONTENT="behagat"/>
						</TextLine>
						<TextLine ID="line_20" HPOS="735" VPOS="1219" WIDTH="843" HEIGHT="48">
							<String ID="string_190" HPOS="735" VPOS="1224" WIDTH="141" HEIGHT="37" WC="0.96" CONTENT="föreslå"/><SP WIDTH="29" VPOS="1224" HPOS="876"/>
							<String ID="string_191" HPOS="905" VPOS="1225" WIDTH="118" HEIGHT="33" WC="0.96" CONTENT="måtte"/><SP WIDTH="30" VPOS="1225" HPOS="1023"/>
							<String ID="string_192" HPOS="1053" VPOS="1222" WIDTH="113" HEIGHT="35" WC="0.96" CONTENT="vinna"/><SP WIDTH="29" VPOS="1222" HPOS="1166"/>
							<String ID="string_193" HPOS="1195" VPOS="1221" WIDTH="236" HEIGHT="46" WC="0.96" CONTENT="Riksdagens"/><SP WIDTH="28" VPOS="1221" HPOS="1431"/>
							<String ID="string_194" HPOS="1459" VPOS="1219" WIDTH="119" HEIGHT="37" WC="0.96" CONTENT="bifall."/>
						</TextLine>
					</TextBlock>
				</ComposedBlock>
				<ComposedBlock ID="cblock_2" HPOS="468" VPOS="1323" WIDTH="990" HEIGHT="145">
					<TextBlock ID="block_2" HPOS="468" VPOS="1323" WIDTH="990" HEIGHT="145">
						<TextLine ID="line_21" HPOS="468" VPOS="1323" WIDTH="663" HEIGHT="48">
							<String ID="string_195" HPOS="468" VPOS="1327" WIDTH="223" HEIGHT="36" WC="0.96" CONTENT="Stockholm"/><SP WIDTH="28" VPOS="1327" HPOS="691"/>
							<String ID="string_196" HPOS="719" VPOS="1325" WIDTH="73" HEIGHT="36" WC="0.96" CONTENT="den"/><SP WIDTH="31" VPOS="1325" HPOS="792"/>
							<String ID="string_197" HPOS="823" VPOS="1326" WIDTH="21" HEIGHT="34" WC="0.96" CONTENT="4"/><SP WIDTH="31" VPOS="1326" HPOS="844"/>
							<String ID="string_198" HPOS="875" VPOS="1323" WIDTH="110" HEIGHT="48" WC="0.96" CONTENT="April"/><SP WIDTH="35" VPOS="1323" HPOS="985"/>
							<String ID="string_199" HPOS="1020" VPOS="1323" WIDTH="111" HEIGHT="34" WC="0.93" CONTENT="1878."/>
						</TextLine>
						<TextLine ID="line_22" HPOS="849" VPOS="1423" WIDTH="609" HEIGHT="45">
							<String ID="string_200" HPOS="849" VPOS="1425" WIDTH="52" HEIGHT="35" WC="0.92" CONTENT="På"/><SP WIDTH="29" VPOS="1425" HPOS="901"/>
							<String ID="string_201" HPOS="930" VPOS="1423" WIDTH="342" HEIGHT="37" WC="0.90" CONTENT="Stats-Utskottets"/><SP WIDTH="31" VPOS="1423" HPOS="1272"/>
							<String ID="string_202" HPOS="1303" VPOS="1429" WIDTH="155" HEIGHT="39" WC="0.96" CONTENT="vägnar:"/>
						</TextLine>
					</TextBlock>
				</ComposedBlock>
				<ComposedBlock ID="cblock_3" HPOS="982" VPOS="1522" WIDTH="346" HEIGHT="39">
					<TextBlock ID="block_3" HPOS="982" VPOS="1522" WIDTH="346" HEIGHT="39">
						<TextLine ID="line_23" HPOS="982" VPOS="1522" WIDTH="346" HEIGHT="39">
							<String ID="string_203" HPOS="982" VPOS="1523" WIDTH="128" HEIGHT="38" WC="0.96" CONTENT="CARL"/><SP WIDTH="31" VPOS="1523" HPOS="1110"/>
							<String ID="string_204" HPOS="1141" VPOS="1522" WIDTH="187" HEIGHT="37" WC="0.96" CONTENT="EKMAN."/>
						</TextLine>
					</TextBlock>
				</ComposedBlock>
				<GraphicalElement ID="cblock_4" HPOS="964" VPOS="1713" WIDTH="383" HEIGHT="10"></GraphicalElement >
				<GraphicalElement ID="cblock_5" HPOS="669" VPOS="2223" WIDTH="1277" HEIGHT="20"></GraphicalElement >
				<ComposedBlock ID="cblock_6" HPOS="780" VPOS="2231" WIDTH="798" HEIGHT="61">
					<TextBlock ID="block_4" HPOS="780" VPOS="2231" WIDTH="798" HEIGHT="61">
						<TextLine ID="line_24" HPOS="780" VPOS="2231" WIDTH="798" HEIGHT="61">
							<String ID="string_205" HPOS="780" VPOS="2237" WIDTH="180" HEIGHT="50" WC="0.96" CONTENT="Stockholm,"/><SP WIDTH="25" VPOS="2237" HPOS="960"/>
							<String ID="string_206" HPOS="985" VPOS="2246" WIDTH="449" HEIGHT="46" WC="0.62" CONTENT="Associations-Boktryckeriet,"/><SP WIDTH="27" VPOS="2246" HPOS="1434"/>
							<String ID="string_207" HPOS="1461" VPOS="2231" WIDTH="117" HEIGHT="46" WC="0.65" CONTENT="1878."/>
						</TextLine>
					</TextBlock>
				</ComposedBlock>
			</PrintSpace>
		</Page>
	</Layout>
</alto>
