1903 2831
268 153 19 30 8
643 149 286 31 Statsutskottets
945 148 180 31 utlåtande
1138 157 43 21 nr
1195 148 40 30 93
1249 148 40 30 år
1304 147 84 31 1970

270 232 113 30 vilkas
411 232 246 39 anställnings-
686 232 81 29 eller
795 231 243 30 arbetsvillkor
1067 231 86 29 skall
1184 230 193 30 fastställas
1405 230 111 29 under
1545 228 211 31 medverkan

271 296 42 20 av
331 287 124 39 Kungl.
474 286 105 37 Maj:t
597 287 82 29 eller
696 285 203 41 myndighet
918 295 75 21 som
1011 286 124 39 Kungl.
1154 285 105 40 Maj:t
1276 285 221 29 bestämmer.
1517 283 240 30 Avtalsverket

271 341 74 30 leds
359 350 42 21 av
415 350 42 21 en
471 341 154 40 styrelse.

315 397 12 28 I
351 396 91 39 syfte
464 397 50 28 att
536 395 178 30 förstärka
735 394 415 40 ledningsfunktionerna
1172 393 147 30 föreslås
1342 395 49 28 att
1415 393 250 30 avtalsverkets
1689 394 69 37 sty-

270 451 90 28 relse
380 450 89 29 skall
488 450 126 29 utökas
634 450 79 29 med
732 451 53 27 tre
804 449 200 29 ledamöter.
1025 449 99 29 Inom
1144 448 171 39 styrelsen
1335 448 90 29 skall
1445 449 94 27 utses
1560 449 47 27 ett
1628 447 130 29 arbets-

271 504 136 30 utskott
425 503 188 31 bestående
631 513 42 20 av
691 502 230 31 verkschefen
939 502 65 31 och
1022 502 201 40 ytterligare
1241 502 101 40 högst
1361 503 53 28 ire
1432 501 200 30 ledamöter.
1652 500 76 31 Vad
1746 500 12 29 i

273 558 382 40 statsrådsprotokollet
672 557 136 30 anförts
826 566 101 31 synes
945 557 123 39 utgöra
1083 557 121 39 belägg
1220 556 54 30 för
1292 558 50 28 att
1359 565 41 20 en
1418 556 110 29 större
1545 554 185 40 smidighet
1746 554 12 29 i

271 612 379 40 förhandlingsarbetet
674 613 71 28 kan
767 612 138 39 uppnås
929 619 124 31 genom
1077 611 299 29 arbetsutskottet.
1402 610 265 30 Statsutskottet
1690 609 68 29 till-

273 667 136 39 styrker
425 667 124 39 Kungl.
564 667 69 39 Maj
646 668 42 28 :ls
702 666 268 39 ifrågavarande
984 665 140 39 förslag.

315 720 228 30 Beträffande
562 721 251 29 avtalsverkets
833 720 238 39 organisation
1091 719 185 30 framhölls
1296 719 108 29 redan
1424 719 11 29 i
1455 718 67 30 den
1541 717 217 41 proposition

272 784 75 21 som
367 774 55 41 låg
441 775 53 29 till
513 774 114 40 grund
646 774 55 30 för
720 774 207 40 riksdagens
946 774 114 29 beslut
1080 783 56 20 om
1155 773 216 30 inrättandet
1391 782 43 20 av
1452 773 120 29 verket
1592 773 50 29 att
1662 779 96 32 orga-

271 829 199 30 nisationen
496 829 107 30 borde
631 838 53 21 ses
711 829 81 29 över
820 829 107 29 sedan
954 829 132 29 arbetet
1113 828 149 29 kommit
1288 828 11 29 i
1327 827 99 40 gång.
1455 827 63 29 Det
1546 836 47 20 nu
1622 826 136 39 förelig-

271 882 112 39 gande
408 882 167 39 förslaget
601 882 52 28 till
680 882 298 38 omorganisation
1004 882 145 28 innebär
1176 883 51 27 att
1254 881 231 28 avtalsverket
1513 880 54 29 får
1595 889 42 19 en
1663 888 95 20 mera

271 936 140 30 flexibel
432 936 239 39 organisation
693 943 124 32 genom
839 937 50 28 att
911 935 67 30 den
1000 935 10 29 i
1031 935 138 30 verkets
1191 934 216 30 instruktion
1430 932 200 32 fastställda
1651 932 108 31 indel-

272 991 129 38 ningen
416 990 11 29 i
445 990 225 39 avdelningar
687 990 65 29 och
770 989 141 30 enheter
928 990 115 39 slopas
1060 989 65 29 och
1141 990 119 28 verket
1277 989 10 29 i
1306 989 114 29 stället
1438 988 54 30 får
1509 987 182 40 möjlighet
1709 989 49 28 att

271 1044 95 30 bilda
382 1044 294 40 projektgrupper
694 1053 41 20 av
751 1052 74 21 mer
843 1044 81 29 eller
942 1043 137 29 mindre
1095 1043 160 39 varaktig
1272 1042 168 30 karaktär
1456 1041 173 30 beroende
1645 1041 45 40 på
1707 1050 52 20 ar-

271 1098 321 40 betsuppgifternas
611 1097 214 40 omfattning
844 1098 82 29 eller
944 1096 230 40 varaktighet.
1194 1097 176 29 Utskottet
1389 1096 64 29 har
1471 1096 73 29 inte
1563 1095 118 30 funnit
1701 1104 58 20 an-

271 1152 142 39 ledning
427 1152 53 29 till
496 1152 140 29 erinran
651 1153 72 28 mot
739 1152 66 29 vad
822 1152 124 38 Kungl.
964 1151 104 39 Maj:t
1083 1151 11 29 i
1110 1160 48 20 nu
1172 1150 269 40 ifrågavarande
1457 1149 169 30 avseende
1642 1148 117 30 anfört

272 1205 65 30 och
352 1205 189 40 föreslagit.

317 1260 176 29 Utskottet
509 1259 194 40 tillstyrker
720 1261 50 27 att
788 1259 124 39 Kungl.
931 1259 106 39 Maj:t
1054 1258 54 30 får
1125 1259 119 38 begärt
1261 1257 279 40 bemyndigande
1557 1259 50 27 att
1624 1257 136 29 beslula

272 1323 57 20 om
344 1314 156 29 ändrade
514 1313 178 40 uppgifter
707 1313 55 29 för
778 1315 132 28 statens
926 1312 65 30 och
1006 1313 276 29 kommunernas
1298 1311 329 30 samarbetsnämnd
1641 1311 11 29 i
1668 1311 93 29 löne-

272 1367 128 39 frågor.
423 1367 125 39 Kungl.
572 1367 123 39 Maj:ts
718 1366 130 39 förslag
870 1366 145 29 innebär
1036 1366 44 29 bl.
1104 1375 29 20 a.
1156 1368 51 27 att
1228 1365 177 29 nämnden
1428 1365 54 28 får
1505 1364 183 39 möjlighet
1710 1366 50 27 att

272 1420 148 39 fungera
435 1430 75 20 som
524 1420 452 39 förhandlingsdelegation.

317 1475 176 29 Utskottet
506 1474 202 29 hemställer

639 1528 27 29 1.
692 1530 50 27 att
763 1528 188 38 riksdagen
972 1527 202 39 godkänner
1195 1527 68 29 den
1284 1526 154 30 ändrade
1459 1525 238 39 organisalion
1719 1534 41 20 av

594 1583 132 28 statens
741 1581 197 29 avtalsverk
953 1590 75 20 som
1043 1580 198 39 föreslagits
1254 1580 11 29 i
1281 1579 392 40 statsrådsprotokolHet,

636 1635 29 29 2.
692 1636 49 28 alt
764 1634 188 39 riksdagen
973 1634 229 39 bemyndigar
1226 1634 124 39 Kungl.
1374 1634 104 39 Maj:t
1503 1635 49 27 att
1575 1633 11 28 i
1609 1632 151 39 enlighet

592 1689 80 29 med
689 1689 67 29 vad
775 1688 11 29 i
807 1688 383 39 stalsrådsprotokollet
1210 1687 176 30 förordats
1405 1687 57 29 vid
1483 1689 132 27 statens
1635 1687 126 29 avtals-

592 1742 85 29 verk
693 1742 130 29 inrätta
839 1743 52 28 tre
907 1742 159 39 tjänster,
1083 1750 106 20 varav
1206 1750 42 20 en
1265 1750 75 20 som
1358 1740 402 39 förhandlingsdirektör

591 1796 12 29 i
618 1796 41 30 Cr
674 1796 29 34 3,

637 1850 28 29 3.
692 1851 49 28 att
759 1849 188 39 riksdagen
964 1849 228 39 bemyndigar
1211 1849 124 38 Kungl.
1355 1848 104 39 Maj:t
1479 1850 49 27 att
1546 1848 111 29 ändra
1675 1856 85 31 upp-

592 1903 151 39 gifterna
768 1902 54 30 för
848 1904 132 28 statens
1005 1902 65 30 och
1095 1903 275 29 kommunernas
1397 1901 327 30 samarbetsnämnd
1749 1901 11 28 i

591 1957 199 39 lönefrågor
815 1957 11 29 i
852 1956 236 39 huvudsaklig
1114 1956 349 30 överensstämmelse
1488 1955 79 30 med
1593 1955 65 29 vad
1685 1964 74 20 som

592 2010 137 30 anförts
742 2010 11 29 i
768 2010 393 39 statsrådsprotokollet,

636 2064 30 29 4.
692 2065 50 28 att
771 2064 189 39 riksdagen
989 2063 54 30 till
1072 2063 139 29 Statens
1242 2062 198 30 avtalsverk
1472 2062 54 29 för
1556 2061 203 40 budgetåret

594 2117 147 35 1970/71
762 2117 45 40 på
824 2117 262 39 driftbudgeten
1104 2117 111 29 under
1234 2116 127 40 sjunde
1378 2116 223 29 huvudtiteln
1621 2116 138 29 anvisar

593 2173 47 27 ett
654 2172 274 38 förslagsanslag
942 2180 41 20 av
997 2171 19 29 8
1030 2171 61 29 321
1108 2170 62 30 000
1185 2171 51 28 kr.

318 2242 201 30 Stockholm
533 2242 67 30 den
615 2242 40 30 28
671 2242 88 40 april
776 2242 83 30 1970

765 2323 49 29 På
828 2323 280 29 statsutskottets
1121 2323 147 38 vägnar:

838 2393 141 31 GÖSTA
996 2394 191 29 BOHMAN

311 2519 242 29 Närvarande:
570 2528 35 21 se
620 2519 111 30 under
746 2519 195 30 utlåtandet
957 2528 43 20 nr
1015 2519 50 30 95.
