<?xml version="1.0" encoding="UTF-8"?>
<alto xmlns="http://www.loc.gov/standards/alto/ns-v3#" xmlns:xlink="http://www.w3.org/1999/xlink" xmlns:xsi="http://www.w3.org/2001/XMLSchema-instance" xsi:schemaLocation="http://www.loc.gov/standards/alto/ns-v3# http://www.loc.gov/alto/v3/alto-3-0.xsd">
	<Description>
		<MeasurementUnit>pixel</MeasurementUnit>
		<sourceImageInformation>
			<fileName>/tmp/tess_lt3205tx_input.PNG</fileName>
		</sourceImageInformation>
		<OCRProcessing ID="OCR_0">
			<ocrProcessingStep>
				<processingSoftware>
					<softwareName>tesseract 5.3.0</softwareName>
				</processingSoftware>
			</ocrProcessingStep>
		</OCRProcessing>
	</Description>
	<Layout>
		<Page WIDTH="1900" HEIGHT="2788" PHYSICAL_IMG_NR="0" ID="page_0">
			<PrintSpace HPOS="0" VPOS="0" WIDTH="1900" HEIGHT="2788">
				<ComposedBlock ID="cblock_0" HPOS="280" VPOS="157" WIDTH="1218" HEIGHT="41">
					<TextBlock ID="block_0" HPOS="280" VPOS="157" WIDTH="1218" HEIGHT="41">
						<TextLine ID="line_0" HPOS="280" VPOS="157" WIDTH="1218" HEIGHT="41">
							<String ID="string_0" HPOS="280" VPOS="163" WIDTH="38" HEIGHT="29" WC="0.96" CONTENT="12"/><SP WIDTH="223" VPOS="163" HPOS="318"/>
							<String ID="string_1" HPOS="541" VPOS="159" WIDTH="404" HEIGHT="39" WC="0.91" CONTENT="Bevillningsutskottets"/><SP WIDTH="27" VPOS="159" HPOS="945"/>
							<String ID="string_2" HPOS="972" VPOS="157" WIDTH="218" HEIGHT="30" WC="0.96" CONTENT="betänkande"/><SP WIDTH="25" VPOS="157" HPOS="1190"/>
							<String ID="string_3" HPOS="1215" VPOS="166" WIDTH="42" HEIGHT="20" WC="0.96" CONTENT="nr"/><SP WIDTH="25" VPOS="166" HPOS="1257"/>
							<String ID="string_4" HPOS="1282" VPOS="157" WIDTH="39" HEIGHT="29" WC="0.96" CONTENT="61"/><SP WIDTH="28" VPOS="157" HPOS="1321"/>
							<String ID="string_5" HPOS="1349" VPOS="157" WIDTH="39" HEIGHT="29" WC="0.96" CONTENT="år"/><SP WIDTH="27" VPOS="157" HPOS="1388"/>
							<String ID="string_6" HPOS="1415" VPOS="157" WIDTH="83" HEIGHT="29" WC="0.93" CONTENT="1963"/>
						</TextLine>
					</TextBlock>
				</ComposedBlock>
				<ComposedBlock ID="cblock_1" HPOS="277" VPOS="235" WIDTH="1490" HEIGHT="460">
					<TextBlock ID="block_1" HPOS="277" VPOS="235" WIDTH="1490" HEIGHT="460">
						<TextLine ID="line_1" HPOS="278" VPOS="235" WIDTH="1488" HEIGHT="44">
							<String ID="string_7" HPOS="278" VPOS="241" WIDTH="129" HEIGHT="29" WC="0.96" CONTENT="största"/><SP WIDTH="21" VPOS="241" HPOS="407"/>
							<String ID="string_8" HPOS="428" VPOS="239" WIDTH="144" HEIGHT="40" WC="0.96" CONTENT="möjliga"/><SP WIDTH="21" VPOS="239" HPOS="572"/>
							<String ID="string_9" HPOS="593" VPOS="239" WIDTH="110" HEIGHT="29" WC="0.96" CONTENT="effekt"/><SP WIDTH="20" VPOS="239" HPOS="703"/>
							<String ID="string_10" HPOS="723" VPOS="238" WIDTH="62" HEIGHT="29" WC="0.96" CONTENT="bör"/><SP WIDTH="22" VPOS="238" HPOS="785"/>
							<String ID="string_11" HPOS="807" VPOS="237" WIDTH="191" HEIGHT="30" WC="0.96" CONTENT="emellertid"/><SP WIDTH="22" VPOS="237" HPOS="998"/>
							<String ID="string_12" HPOS="1020" VPOS="238" WIDTH="41" HEIGHT="29" WC="0.96" CONTENT="de"/><SP WIDTH="23" VPOS="238" HPOS="1061"/>
							<String ID="string_13" HPOS="1084" VPOS="237" WIDTH="170" HEIGHT="39" WC="0.96" CONTENT="åtgärder,"/><SP WIDTH="23" VPOS="237" HPOS="1254"/>
							<String ID="string_14" HPOS="1277" VPOS="245" WIDTH="75" HEIGHT="20" WC="0.96" CONTENT="som"/><SP WIDTH="23" VPOS="245" HPOS="1352"/>
							<String ID="string_15" HPOS="1375" VPOS="236" WIDTH="63" HEIGHT="29" WC="0.96" CONTENT="här"/><SP WIDTH="23" VPOS="236" HPOS="1438"/>
							<String ID="string_16" HPOS="1461" VPOS="236" WIDTH="72" HEIGHT="29" WC="0.93" CONTENT="kan"/><SP WIDTH="19" VPOS="236" HPOS="1533"/>
							<String ID="string_17" HPOS="1552" VPOS="235" WIDTH="214" HEIGHT="39" WC="0.92" CONTENT="ifrågakom-"/>
						</TextLine>
						<TextLine ID="line_2" HPOS="279" VPOS="288" WIDTH="1488" HEIGHT="38">
							<String ID="string_18" HPOS="279" VPOS="300" WIDTH="68" HEIGHT="26" WC="0.96" CONTENT="ma,"/><SP WIDTH="19" VPOS="300" HPOS="347"/>
							<String ID="string_19" HPOS="366" VPOS="291" WIDTH="247" HEIGHT="30" WC="0.96" CONTENT="företrädesvis"/><SP WIDTH="19" VPOS="291" HPOS="613"/>
							<String ID="string_20" HPOS="632" VPOS="291" WIDTH="249" HEIGHT="29" WC="0.95" CONTENT="koncentreras"/><SP WIDTH="20" VPOS="291" HPOS="881"/>
							<String ID="string_21" HPOS="901" VPOS="290" WIDTH="51" HEIGHT="29" WC="0.95" CONTENT="till"/><SP WIDTH="18" VPOS="290" HPOS="952"/>
							<String ID="string_22" HPOS="970" VPOS="289" WIDTH="250" HEIGHT="29" WC="0.96" CONTENT="multilaterala"/><SP WIDTH="18" VPOS="289" HPOS="1220"/>
							<String ID="string_23" HPOS="1238" VPOS="289" WIDTH="160" HEIGHT="29" WC="0.96" CONTENT="aktioner"/><SP WIDTH="19" VPOS="289" HPOS="1398"/>
							<String ID="string_24" HPOS="1417" VPOS="289" WIDTH="95" HEIGHT="28" WC="0.96" CONTENT="inom"/><SP WIDTH="20" VPOS="289" HPOS="1512"/>
							<String ID="string_25" HPOS="1532" VPOS="288" WIDTH="115" HEIGHT="29" WC="0.93" CONTENT="skilda"/><SP WIDTH="18" VPOS="288" HPOS="1647"/>
							<String ID="string_26" HPOS="1665" VPOS="288" WIDTH="102" HEIGHT="28" WC="0.91" CONTENT="inter-"/>
						</TextLine>
						<TextLine ID="line_3" HPOS="277" VPOS="342" WIDTH="1487" HEIGHT="43">
							<String ID="string_27" HPOS="277" VPOS="347" WIDTH="191" HEIGHT="29" WC="0.96" CONTENT="nationella"/><SP WIDTH="17" VPOS="347" HPOS="468"/>
							<String ID="string_28" HPOS="485" VPOS="354" WIDTH="119" HEIGHT="31" WC="0.96" CONTENT="organ,"/><SP WIDTH="19" VPOS="354" HPOS="604"/>
							<String ID="string_29" HPOS="623" VPOS="345" WIDTH="126" HEIGHT="29" WC="0.92" CONTENT="främst"/><SP WIDTH="18" VPOS="345" HPOS="749"/>
							<String ID="string_30" HPOS="767" VPOS="344" WIDTH="126" HEIGHT="30" WC="0.90" CONTENT="GATT."/><SP WIDTH="20" VPOS="344" HPOS="893"/>
							<String ID="string_31" HPOS="913" VPOS="344" WIDTH="77" HEIGHT="29" WC="0.96" CONTENT="Med"/><SP WIDTH="19" VPOS="344" HPOS="990"/>
							<String ID="string_32" HPOS="1009" VPOS="343" WIDTH="212" HEIGHT="39" WC="0.96" CONTENT="hänvisning"/><SP WIDTH="18" VPOS="343" HPOS="1221"/>
							<String ID="string_33" HPOS="1239" VPOS="343" WIDTH="119" HEIGHT="29" WC="0.96" CONTENT="härtill"/><SP WIDTH="20" VPOS="343" HPOS="1358"/>
							<String ID="string_34" HPOS="1378" VPOS="343" WIDTH="39" HEIGHT="28" WC="0.96" CONTENT="är"/><SP WIDTH="19" VPOS="343" HPOS="1417"/>
							<String ID="string_35" HPOS="1436" VPOS="342" WIDTH="171" HEIGHT="30" WC="0.95" CONTENT="utskottet"/><SP WIDTH="19" VPOS="342" HPOS="1607"/>
							<String ID="string_36" HPOS="1626" VPOS="342" WIDTH="71" HEIGHT="29" WC="0.96" CONTENT="inte"/><SP WIDTH="20" VPOS="342" HPOS="1697"/>
							<String ID="string_37" HPOS="1717" VPOS="351" WIDTH="47" HEIGHT="19" WC="0.96" CONTENT="nu"/>
						</TextLine>
						<TextLine ID="line_4" HPOS="277" VPOS="395" WIDTH="1488" HEIGHT="43">
							<String ID="string_38" HPOS="277" VPOS="400" WIDTH="111" HEIGHT="30" WC="0.96" CONTENT="berett"/><SP WIDTH="26" VPOS="400" HPOS="388"/>
							<String ID="string_39" HPOS="414" VPOS="401" WIDTH="49" HEIGHT="28" WC="0.96" CONTENT="att"/><SP WIDTH="25" VPOS="401" HPOS="463"/>
							<String ID="string_40" HPOS="488" VPOS="399" WIDTH="178" HEIGHT="39" WC="0.92" CONTENT="tillstyrka"/><SP WIDTH="26" VPOS="399" HPOS="666"/>
							<String ID="string_41" HPOS="692" VPOS="398" WIDTH="277" HEIGHT="29" WC="0.91" CONTENT="motionärernas"/><SP WIDTH="27" VPOS="398" HPOS="969"/>
							<String ID="string_42" HPOS="996" VPOS="397" WIDTH="131" HEIGHT="39" WC="0.96" CONTENT="förslag"/><SP WIDTH="27" VPOS="397" HPOS="1127"/>
							<String ID="string_43" HPOS="1154" VPOS="405" WIDTH="56" HEIGHT="21" WC="0.96" CONTENT="om"/><SP WIDTH="28" VPOS="405" HPOS="1210"/>
							<String ID="string_44" HPOS="1238" VPOS="396" WIDTH="198" HEIGHT="39" WC="0.95" CONTENT="utredning."/><SP WIDTH="28" VPOS="396" HPOS="1436"/>
							<String ID="string_45" HPOS="1464" VPOS="395" WIDTH="177" HEIGHT="30" WC="0.95" CONTENT="Utskottet"/><SP WIDTH="27" VPOS="395" HPOS="1641"/>
							<String ID="string_46" HPOS="1668" VPOS="395" WIDTH="59" HEIGHT="29" WC="0.95" CONTENT="vill"/><SP WIDTH="28" VPOS="395" HPOS="1727"/>
							<String ID="string_47" HPOS="1755" VPOS="395" WIDTH="10" HEIGHT="29" WC="0.96" CONTENT="i"/>
						</TextLine>
						<TextLine ID="line_5" HPOS="279" VPOS="448" WIDTH="1487" HEIGHT="43">
							<String ID="string_48" HPOS="279" VPOS="453" WIDTH="291" HEIGHT="38" WC="0.96" CONTENT="sammanhanget"/><SP WIDTH="22" VPOS="453" HPOS="570"/>
							<String ID="string_49" HPOS="592" VPOS="452" WIDTH="115" HEIGHT="29" WC="0.96" CONTENT="erinra"/><SP WIDTH="22" VPOS="452" HPOS="707"/>
							<String ID="string_50" HPOS="729" VPOS="461" WIDTH="57" HEIGHT="19" WC="0.95" CONTENT="om"/><SP WIDTH="23" VPOS="461" HPOS="786"/>
							<String ID="string_51" HPOS="809" VPOS="453" WIDTH="50" HEIGHT="27" WC="0.96" CONTENT="att"/><SP WIDTH="22" VPOS="453" HPOS="859"/>
							<String ID="string_52" HPOS="881" VPOS="453" WIDTH="47" HEIGHT="27" WC="0.96" CONTENT="ett"/><SP WIDTH="23" VPOS="453" HPOS="928"/>
							<String ID="string_53" HPOS="951" VPOS="451" WIDTH="95" HEIGHT="29" WC="0.96" CONTENT="antal"/><SP WIDTH="24" VPOS="451" HPOS="1046"/>
							<String ID="string_54" HPOS="1070" VPOS="450" WIDTH="170" HEIGHT="29" WC="0.96" CONTENT="motioner"/><SP WIDTH="25" VPOS="450" HPOS="1240"/>
							<String ID="string_55" HPOS="1265" VPOS="449" WIDTH="178" HEIGHT="40" WC="0.96" CONTENT="angående"/><SP WIDTH="25" VPOS="449" HPOS="1443"/>
							<String ID="string_56" HPOS="1468" VPOS="448" WIDTH="233" HEIGHT="30" WC="0.95" CONTENT="avskaffande"/><SP WIDTH="24" VPOS="448" HPOS="1701"/>
							<String ID="string_57" HPOS="1725" VPOS="457" WIDTH="41" HEIGHT="20" WC="0.96" CONTENT="av"/>
						</TextLine>
						<TextLine ID="line_6" HPOS="277" VPOS="501" WIDTH="1488" HEIGHT="45">
							<String ID="string_58" HPOS="277" VPOS="506" WIDTH="250" HEIGHT="40" WC="0.92" CONTENT="punktskatter"/><SP WIDTH="20" VPOS="506" HPOS="527"/>
							<String ID="string_59" HPOS="547" VPOS="513" WIDTH="123" HEIGHT="31" WC="0.96" CONTENT="genom"/><SP WIDTH="20" VPOS="513" HPOS="670"/>
							<String ID="string_60" HPOS="690" VPOS="505" WIDTH="113" HEIGHT="30" WC="0.96" CONTENT="beslut"/><SP WIDTH="19" VPOS="505" HPOS="803"/>
							<String ID="string_61" HPOS="822" VPOS="504" WIDTH="57" HEIGHT="29" WC="0.96" CONTENT="vid"/><SP WIDTH="19" VPOS="504" HPOS="879"/>
							<String ID="string_62" HPOS="898" VPOS="503" WIDTH="236" HEIGHT="30" WC="0.96" CONTENT="innevarande"/><SP WIDTH="21" VPOS="503" HPOS="1134"/>
							<String ID="string_63" HPOS="1155" VPOS="503" WIDTH="55" HEIGHT="30" WC="0.92" CONTENT="års"/><SP WIDTH="21" VPOS="503" HPOS="1210"/>
							<String ID="string_64" HPOS="1231" VPOS="502" WIDTH="207" HEIGHT="39" WC="0.91" CONTENT="vårriksdag"/><SP WIDTH="20" VPOS="502" HPOS="1438"/>
							<String ID="string_65" HPOS="1458" VPOS="502" WIDTH="235" HEIGHT="29" WC="0.96" CONTENT="överlämnats"/><SP WIDTH="21" VPOS="502" HPOS="1693"/>
							<String ID="string_66" HPOS="1714" VPOS="501" WIDTH="51" HEIGHT="30" WC="0.96" CONTENT="till"/>
						</TextLine>
						<TextLine ID="line_7" HPOS="278" VPOS="555" WIDTH="1487" HEIGHT="42">
							<String ID="string_67" HPOS="278" VPOS="560" WIDTH="178" HEIGHT="29" WC="0.93" CONTENT="allmänna"/><SP WIDTH="20" VPOS="560" HPOS="456"/>
							<String ID="string_68" HPOS="476" VPOS="558" WIDTH="362" HEIGHT="39" WC="0.88" CONTENT="skatteberedningen."/><SP WIDTH="21" VPOS="558" HPOS="838"/>
							<String ID="string_69" HPOS="859" VPOS="557" WIDTH="77" HEIGHT="30" WC="0.96" CONTENT="Med"/><SP WIDTH="20" VPOS="557" HPOS="936"/>
							<String ID="string_70" HPOS="956" VPOS="557" WIDTH="56" HEIGHT="29" WC="0.96" CONTENT="det"/><SP WIDTH="21" VPOS="557" HPOS="1012"/>
							<String ID="string_71" HPOS="1033" VPOS="556" WIDTH="147" HEIGHT="30" WC="0.96" CONTENT="anförda"/><SP WIDTH="20" VPOS="556" HPOS="1180"/>
							<String ID="string_72" HPOS="1200" VPOS="556" WIDTH="183" HEIGHT="39" WC="0.96" CONTENT="avstyrker"/><SP WIDTH="21" VPOS="556" HPOS="1383"/>
							<String ID="string_73" HPOS="1404" VPOS="555" WIDTH="170" HEIGHT="30" WC="0.96" CONTENT="utskottet"/><SP WIDTH="20" VPOS="555" HPOS="1574"/>
							<String ID="string_74" HPOS="1594" VPOS="555" WIDTH="99" HEIGHT="29" WC="0.96" CONTENT="bifall"/><SP WIDTH="21" VPOS="555" HPOS="1693"/>
							<String ID="string_75" HPOS="1714" VPOS="555" WIDTH="51" HEIGHT="29" WC="0.96" CONTENT="till"/>
						</TextLine>
						<TextLine ID="line_8" HPOS="279" VPOS="608" WIDTH="1487" HEIGHT="34">
							<String ID="string_76" HPOS="279" VPOS="613" WIDTH="220" HEIGHT="29" WC="0.96" CONTENT="motionerna"/><SP WIDTH="31" VPOS="613" HPOS="499"/>
							<String ID="string_77" HPOS="530" VPOS="612" WIDTH="28" HEIGHT="29" WC="0.15" CONTENT="I:"/><SP WIDTH="18" VPOS="612" HPOS="558"/>
							<String ID="string_78" HPOS="576" VPOS="612" WIDTH="36" HEIGHT="29" WC="0.15" CONTENT="51"/><SP WIDTH="34" VPOS="612" HPOS="612"/>
							<String ID="string_79" HPOS="646" VPOS="612" WIDTH="64" HEIGHT="29" WC="0.91" CONTENT="och"/><SP WIDTH="31" VPOS="612" HPOS="710"/>
							<String ID="string_80" HPOS="741" VPOS="611" WIDTH="103" HEIGHT="30" WC="0.90" CONTENT="II:56"/><SP WIDTH="32" VPOS="611" HPOS="844"/>
							<String ID="string_81" HPOS="876" VPOS="612" WIDTH="89" HEIGHT="28" WC="0.95" CONTENT="samt"/><SP WIDTH="33" VPOS="612" HPOS="965"/>
							<String ID="string_82" HPOS="998" VPOS="610" WIDTH="177" HEIGHT="29" WC="0.92" CONTENT="motionen"/><SP WIDTH="32" VPOS="610" HPOS="1175"/>
							<String ID="string_83" HPOS="1207" VPOS="608" WIDTH="125" HEIGHT="30" WC="0.71" CONTENT="11:430"/><SP WIDTH="33" VPOS="608" HPOS="1332"/>
							<String ID="string_84" HPOS="1365" VPOS="610" WIDTH="10" HEIGHT="28" WC="0.96" CONTENT="i"/><SP WIDTH="33" VPOS="610" HPOS="1375"/>
							<String ID="string_85" HPOS="1408" VPOS="609" WIDTH="62" HEIGHT="29" WC="0.96" CONTENT="sist"/><SP WIDTH="32" VPOS="609" HPOS="1470"/>
							<String ID="string_86" HPOS="1502" VPOS="609" WIDTH="148" HEIGHT="29" WC="0.93" CONTENT="berörda"/><SP WIDTH="32" VPOS="609" HPOS="1650"/>
							<String ID="string_87" HPOS="1682" VPOS="608" WIDTH="84" HEIGHT="29" WC="0.92" CONTENT="hän-"/>
						</TextLine>
						<TextLine ID="line_9" HPOS="279" VPOS="666" WIDTH="135" HEIGHT="29">
							<String ID="string_88" HPOS="279" VPOS="666" WIDTH="135" HEIGHT="29" WC="0.96" CONTENT="seende."/>
						</TextLine>
					</TextBlock>
				</ComposedBlock>
				<ComposedBlock ID="cblock_2" HPOS="277" VPOS="742" WIDTH="1491" HEIGHT="947">
					<TextBlock ID="block_2" HPOS="278" VPOS="742" WIDTH="1490" HEIGHT="468">
						<TextLine ID="line_10" HPOS="323" VPOS="742" WIDTH="1443" HEIGHT="40">
							<String ID="string_89" HPOS="323" VPOS="746" WIDTH="65" HEIGHT="29" WC="0.93" CONTENT="Vid"/><SP WIDTH="26" VPOS="746" HPOS="388"/>
							<String ID="string_90" HPOS="414" VPOS="745" WIDTH="152" HEIGHT="30" WC="0.91" CONTENT="EFTA:s"/><SP WIDTH="27" VPOS="745" HPOS="566"/>
							<String ID="string_91" HPOS="593" VPOS="744" WIDTH="337" HEIGHT="30" WC="0.90" CONTENT="ministerrådsmöte"/><SP WIDTH="27" VPOS="744" HPOS="930"/>
							<String ID="string_92" HPOS="957" VPOS="744" WIDTH="10" HEIGHT="29" WC="0.96" CONTENT="i"/><SP WIDTH="27" VPOS="744" HPOS="967"/>
							<String ID="string_93" HPOS="994" VPOS="743" WIDTH="169" HEIGHT="30" WC="0.96" CONTENT="Lissabon"/><SP WIDTH="27" VPOS="743" HPOS="1163"/>
							<String ID="string_94" HPOS="1190" VPOS="744" WIDTH="10" HEIGHT="28" WC="0.96" CONTENT="i"/><SP WIDTH="27" VPOS="744" HPOS="1200"/>
							<String ID="string_95" HPOS="1227" VPOS="743" WIDTH="69" HEIGHT="39" WC="0.96" CONTENT="maj"/><SP WIDTH="34" VPOS="743" HPOS="1296"/>
							<String ID="string_96" HPOS="1330" VPOS="742" WIDTH="83" HEIGHT="30" WC="0.95" CONTENT="1963"/><SP WIDTH="29" VPOS="742" HPOS="1413"/>
							<String ID="string_97" HPOS="1442" VPOS="742" WIDTH="205" HEIGHT="39" WC="0.90" CONTENT="uppnåddes"/><SP WIDTH="28" VPOS="742" HPOS="1647"/>
							<String ID="string_98" HPOS="1675" VPOS="742" WIDTH="91" HEIGHT="39" WC="0.90" CONTENT="enig-"/>
						</TextLine>
						<TextLine ID="line_11" HPOS="278" VPOS="794" WIDTH="1487" HEIGHT="44">
							<String ID="string_99" HPOS="278" VPOS="800" WIDTH="58" HEIGHT="29" WC="0.96" CONTENT="het"/><SP WIDTH="25" VPOS="800" HPOS="336"/>
							<String ID="string_100" HPOS="361" VPOS="808" WIDTH="56" HEIGHT="20" WC="0.96" CONTENT="om"/><SP WIDTH="25" VPOS="808" HPOS="417"/>
							<String ID="string_101" HPOS="442" VPOS="808" WIDTH="41" HEIGHT="20" WC="0.96" CONTENT="en"/><SP WIDTH="25" VPOS="808" HPOS="483"/>
							<String ID="string_102" HPOS="508" VPOS="808" WIDTH="46" HEIGHT="30" WC="0.96" CONTENT="ny"/><SP WIDTH="24" VPOS="808" HPOS="554"/>
							<String ID="string_103" HPOS="578" VPOS="798" WIDTH="156" HEIGHT="30" WC="0.96" CONTENT="tidtabell"/><SP WIDTH="26" VPOS="798" HPOS="734"/>
							<String ID="string_104" HPOS="760" VPOS="797" WIDTH="54" HEIGHT="30" WC="0.96" CONTENT="för"/><SP WIDTH="26" VPOS="797" HPOS="814"/>
							<String ID="string_105" HPOS="840" VPOS="797" WIDTH="230" HEIGHT="30" WC="0.96" CONTENT="reduktionen"/><SP WIDTH="28" VPOS="797" HPOS="1070"/>
							<String ID="string_106" HPOS="1098" VPOS="806" WIDTH="41" HEIGHT="20" WC="0.96" CONTENT="av"/><SP WIDTH="24" VPOS="806" HPOS="1139"/>
							<String ID="string_107" HPOS="1163" VPOS="797" WIDTH="152" HEIGHT="28" WC="0.95" CONTENT="tullarna"/><SP WIDTH="27" VPOS="797" HPOS="1315"/>
							<String ID="string_108" HPOS="1342" VPOS="796" WIDTH="95" HEIGHT="29" WC="0.93" CONTENT="inom"/><SP WIDTH="27" VPOS="796" HPOS="1437"/>
							<String ID="string_109" HPOS="1464" VPOS="794" WIDTH="301" HEIGHT="31" WC="0.91" CONTENT="EFTA-området."/>
						</TextLine>
						<TextLine ID="line_12" HPOS="278" VPOS="848" WIDTH="1489" HEIGHT="42">
							<String ID="string_110" HPOS="278" VPOS="852" WIDTH="68" HEIGHT="29" WC="0.96" CONTENT="För"/><SP WIDTH="23" VPOS="852" HPOS="346"/>
							<String ID="string_111" HPOS="369" VPOS="854" WIDTH="49" HEIGHT="27" WC="0.96" CONTENT="att"/><SP WIDTH="24" VPOS="854" HPOS="418"/>
							<String ID="string_112" HPOS="442" VPOS="852" WIDTH="198" HEIGHT="29" WC="0.96" CONTENT="underlätta"/><SP WIDTH="25" VPOS="852" HPOS="640"/>
							<String ID="string_113" HPOS="665" VPOS="853" WIDTH="47" HEIGHT="28" WC="0.97" CONTENT="ett"/><SP WIDTH="23" VPOS="853" HPOS="712"/>
							<String ID="string_114" HPOS="735" VPOS="851" WIDTH="142" HEIGHT="39" WC="0.96" CONTENT="positivt"/><SP WIDTH="24" VPOS="851" HPOS="877"/>
							<String ID="string_115" HPOS="901" VPOS="850" WIDTH="123" HEIGHT="30" WC="0.93" CONTENT="norskt"/><SP WIDTH="25" VPOS="850" HPOS="1024"/>
							<String ID="string_116" HPOS="1049" VPOS="849" WIDTH="336" HEIGHT="40" WC="0.92" CONTENT="ställningstagande"/><SP WIDTH="25" VPOS="849" HPOS="1385"/>
							<String ID="string_117" HPOS="1410" VPOS="849" WIDTH="52" HEIGHT="29" WC="0.96" CONTENT="till"/><SP WIDTH="26" VPOS="849" HPOS="1462"/>
							<String ID="string_118" HPOS="1488" VPOS="851" WIDTH="48" HEIGHT="27" WC="0.95" CONTENT="ett"/><SP WIDTH="26" VPOS="851" HPOS="1536"/>
							<String ID="string_119" HPOS="1562" VPOS="848" WIDTH="125" HEIGHT="30" WC="0.93" CONTENT="sådant"/><SP WIDTH="25" VPOS="848" HPOS="1687"/>
							<String ID="string_120" HPOS="1712" VPOS="848" WIDTH="55" HEIGHT="30" WC="0.90" CONTENT="be-"/>
						</TextLine>
						<TextLine ID="line_13" HPOS="279" VPOS="901" WIDTH="1487" HEIGHT="42">
							<String ID="string_121" HPOS="279" VPOS="906" WIDTH="70" HEIGHT="29" WC="0.96" CONTENT="slut"/><SP WIDTH="20" VPOS="906" HPOS="349"/>
							<String ID="string_122" HPOS="369" VPOS="905" WIDTH="199" HEIGHT="30" WC="0.96" CONTENT="förklarade"/><SP WIDTH="21" VPOS="905" HPOS="568"/>
							<String ID="string_123" HPOS="589" VPOS="914" WIDTH="82" HEIGHT="20" WC="0.96" CONTENT="man"/><SP WIDTH="21" VPOS="914" HPOS="671"/>
							<String ID="string_124" HPOS="692" VPOS="904" WIDTH="49" HEIGHT="39" WC="0.96" CONTENT="sig"/><SP WIDTH="22" VPOS="904" HPOS="741"/>
							<String ID="string_125" HPOS="763" VPOS="904" WIDTH="78" HEIGHT="29" WC="0.96" CONTENT="från"/><SP WIDTH="22" VPOS="904" HPOS="841"/>
							<String ID="string_126" HPOS="863" VPOS="904" WIDTH="126" HEIGHT="29" WC="0.96" CONTENT="svensk"/><SP WIDTH="21" VPOS="904" HPOS="989"/>
							<String ID="string_127" HPOS="1010" VPOS="903" WIDTH="75" HEIGHT="30" WC="0.96" CONTENT="sida"/><SP WIDTH="21" VPOS="903" HPOS="1085"/>
							<String ID="string_128" HPOS="1106" VPOS="903" WIDTH="125" HEIGHT="29" WC="0.96" CONTENT="beredd"/><SP WIDTH="23" VPOS="903" HPOS="1231"/>
							<String ID="string_129" HPOS="1254" VPOS="904" WIDTH="49" HEIGHT="28" WC="0.96" CONTENT="att"/><SP WIDTH="23" VPOS="904" HPOS="1303"/>
							<String ID="string_130" HPOS="1326" VPOS="902" WIDTH="111" HEIGHT="30" WC="0.93" CONTENT="sänka"/><SP WIDTH="20" VPOS="902" HPOS="1437"/>
							<String ID="string_131" HPOS="1457" VPOS="901" WIDTH="309" HEIGHT="40" WC="0.92" CONTENT="införselavgifter-"/>
						</TextLine>
						<TextLine ID="line_14" HPOS="278" VPOS="955" WIDTH="1490" HEIGHT="40">
							<String ID="string_132" HPOS="278" VPOS="968" WIDTH="45" HEIGHT="20" WC="0.95" CONTENT="na"/><SP WIDTH="21" VPOS="968" HPOS="323"/>
							<String ID="string_133" HPOS="344" VPOS="959" WIDTH="44" HEIGHT="36" WC="0.96" CONTENT="på"/><SP WIDTH="21" VPOS="959" HPOS="388"/>
							<String ID="string_134" HPOS="409" VPOS="959" WIDTH="118" HEIGHT="29" WC="0.92" CONTENT="färska"/><SP WIDTH="22" VPOS="959" HPOS="527"/>
							<String ID="string_135" HPOS="549" VPOS="958" WIDTH="172" HEIGHT="29" WC="0.92" CONTENT="fiskfiléer"/><SP WIDTH="22" VPOS="958" HPOS="721"/>
							<String ID="string_136" HPOS="743" VPOS="957" WIDTH="65" HEIGHT="30" WC="0.93" CONTENT="och"/><SP WIDTH="22" VPOS="957" HPOS="808"/>
							<String ID="string_137" HPOS="830" VPOS="956" WIDTH="415" HEIGHT="38" WC="0.90" CONTENT="prisregleringsavgiften"/><SP WIDTH="23" VPOS="956" HPOS="1245"/>
							<String ID="string_138" HPOS="1268" VPOS="956" WIDTH="44" HEIGHT="36" WC="0.96" CONTENT="på"/><SP WIDTH="23" VPOS="956" HPOS="1312"/>
							<String ID="string_139" HPOS="1335" VPOS="956" WIDTH="81" HEIGHT="29" WC="0.96" CONTENT="fisk."/><SP WIDTH="23" VPOS="956" HPOS="1416"/>
							<String ID="string_140" HPOS="1439" VPOS="956" WIDTH="126" HEIGHT="29" WC="0.96" CONTENT="Vidare"/><SP WIDTH="24" VPOS="956" HPOS="1565"/>
							<String ID="string_141" HPOS="1589" VPOS="955" WIDTH="179" HEIGHT="29" WC="0.96" CONTENT="utlovades"/>
						</TextLine>
						<TextLine ID="line_15" HPOS="278" VPOS="1008" WIDTH="1488" HEIGHT="42">
							<String ID="string_142" HPOS="278" VPOS="1021" WIDTH="43" HEIGHT="20" WC="0.96" CONTENT="en"/><SP WIDTH="27" VPOS="1021" HPOS="321"/>
							<String ID="string_143" HPOS="348" VPOS="1011" WIDTH="264" HEIGHT="39" WC="0.96" CONTENT="undersökning"/><SP WIDTH="27" VPOS="1011" HPOS="612"/>
							<String ID="string_144" HPOS="639" VPOS="1020" WIDTH="42" HEIGHT="20" WC="0.96" CONTENT="av"/><SP WIDTH="26" VPOS="1020" HPOS="681"/>
							<String ID="string_145" HPOS="707" VPOS="1010" WIDTH="268" HEIGHT="40" WC="0.96" CONTENT="möjligheterna"/><SP WIDTH="27" VPOS="1010" HPOS="975"/>
							<String ID="string_146" HPOS="1002" VPOS="1012" WIDTH="50" HEIGHT="27" WC="0.96" CONTENT="att"/><SP WIDTH="28" VPOS="1012" HPOS="1052"/>
							<String ID="string_147" HPOS="1080" VPOS="1009" WIDTH="162" HEIGHT="30" WC="0.96" CONTENT="avveckla"/><SP WIDTH="28" VPOS="1009" HPOS="1242"/>
							<String ID="string_148" HPOS="1270" VPOS="1009" WIDTH="111" HEIGHT="29" WC="0.95" CONTENT="tullen"/><SP WIDTH="28" VPOS="1009" HPOS="1381"/>
							<String ID="string_149" HPOS="1409" VPOS="1008" WIDTH="44" HEIGHT="40" WC="0.92" CONTENT="på"/><SP WIDTH="28" VPOS="1008" HPOS="1453"/>
							<String ID="string_150" HPOS="1481" VPOS="1008" WIDTH="183" HEIGHT="39" WC="0.92" CONTENT="spillånga,"/><SP WIDTH="29" VPOS="1008" HPOS="1664"/>
							<String ID="string_151" HPOS="1693" VPOS="1016" WIDTH="73" HEIGHT="21" WC="0.96" CONTENT="som"/>
						</TextLine>
						<TextLine ID="line_16" HPOS="279" VPOS="1062" WIDTH="1487" HEIGHT="42">
							<String ID="string_152" HPOS="279" VPOS="1065" WIDTH="101" HEIGHT="39" WC="0.96" CONTENT="utgör"/><SP WIDTH="24" VPOS="1065" HPOS="380"/>
							<String ID="string_153" HPOS="404" VPOS="1065" WIDTH="39" HEIGHT="29" WC="0.96" CONTENT="75"/><SP WIDTH="21" VPOS="1065" HPOS="443"/>
							<String ID="string_154" HPOS="464" VPOS="1065" WIDTH="58" HEIGHT="29" WC="0.96" CONTENT="öre"/><SP WIDTH="22" VPOS="1065" HPOS="522"/>
							<String ID="string_155" HPOS="544" VPOS="1073" WIDTH="62" HEIGHT="30" WC="0.96" CONTENT="per"/><SP WIDTH="22" VPOS="1073" HPOS="606"/>
							<String ID="string_156" HPOS="628" VPOS="1064" WIDTH="181" HEIGHT="38" WC="0.95" CONTENT="kilogram."/><SP WIDTH="25" VPOS="1064" HPOS="809"/>
							<String ID="string_157" HPOS="834" VPOS="1063" WIDTH="96" HEIGHT="29" WC="0.95" CONTENT="Efter"/><SP WIDTH="23" VPOS="1063" HPOS="930"/>
							<String ID="string_158" HPOS="953" VPOS="1063" WIDTH="107" HEIGHT="29" WC="0.96" CONTENT="mötet"/><SP WIDTH="24" VPOS="1063" HPOS="1060"/>
							<String ID="string_159" HPOS="1084" VPOS="1063" WIDTH="63" HEIGHT="29" WC="0.96" CONTENT="har"/><SP WIDTH="23" VPOS="1063" HPOS="1147"/>
							<String ID="string_160" HPOS="1170" VPOS="1063" WIDTH="113" HEIGHT="29" WC="0.96" CONTENT="beslut"/><SP WIDTH="25" VPOS="1063" HPOS="1283"/>
							<String ID="string_161" HPOS="1308" VPOS="1062" WIDTH="122" HEIGHT="29" WC="0.96" CONTENT="fattats"/><SP WIDTH="24" VPOS="1062" HPOS="1430"/>
							<String ID="string_162" HPOS="1454" VPOS="1071" WIDTH="57" HEIGHT="20" WC="0.95" CONTENT="om"/><SP WIDTH="24" VPOS="1071" HPOS="1511"/>
							<String ID="string_163" HPOS="1535" VPOS="1063" WIDTH="51" HEIGHT="28" WC="0.93" CONTENT="att"/><SP WIDTH="23" VPOS="1063" HPOS="1586"/>
							<String ID="string_164" HPOS="1609" VPOS="1062" WIDTH="157" HEIGHT="38" WC="0.90" CONTENT="borttaga"/>
						</TextLine>
						<TextLine ID="line_17" HPOS="278" VPOS="1114" WIDTH="1489" HEIGHT="43">
							<String ID="string_165" HPOS="278" VPOS="1118" WIDTH="84" HEIGHT="29" WC="0.93" CONTENT="eller"/><SP WIDTH="19" VPOS="1118" HPOS="362"/>
							<String ID="string_166" HPOS="381" VPOS="1118" WIDTH="160" HEIGHT="29" WC="0.92" CONTENT="nedsätta"/><SP WIDTH="19" VPOS="1118" HPOS="541"/>
							<String ID="string_167" HPOS="560" VPOS="1117" WIDTH="194" HEIGHT="40" WC="0.96" CONTENT="avgifterna"/><SP WIDTH="20" VPOS="1117" HPOS="754"/>
							<String ID="string_168" HPOS="774" VPOS="1117" WIDTH="42" HEIGHT="39" WC="0.96" CONTENT="på"/><SP WIDTH="22" VPOS="1117" HPOS="816"/>
							<String ID="string_169" HPOS="838" VPOS="1117" WIDTH="91" HEIGHT="29" WC="0.96" CONTENT="vissa"/><SP WIDTH="20" VPOS="1117" HPOS="929"/>
							<String ID="string_170" HPOS="949" VPOS="1117" WIDTH="73" HEIGHT="39" WC="0.96" CONTENT="slag"/><SP WIDTH="21" VPOS="1117" HPOS="1022"/>
							<String ID="string_171" HPOS="1043" VPOS="1126" WIDTH="42" HEIGHT="20" WC="0.95" CONTENT="av"/><SP WIDTH="19" VPOS="1126" HPOS="1085"/>
							<String ID="string_172" HPOS="1104" VPOS="1116" WIDTH="118" HEIGHT="29" WC="0.96" CONTENT="färska"/><SP WIDTH="23" VPOS="1116" HPOS="1222"/>
							<String ID="string_173" HPOS="1245" VPOS="1115" WIDTH="98" HEIGHT="30" WC="0.96" CONTENT="filéer"/><SP WIDTH="22" VPOS="1115" HPOS="1343"/>
							<String ID="string_174" HPOS="1365" VPOS="1115" WIDTH="80" HEIGHT="29" WC="0.93" CONTENT="från"/><SP WIDTH="20" VPOS="1115" HPOS="1445"/>
							<String ID="string_175" HPOS="1465" VPOS="1114" WIDTH="302" HEIGHT="30" WC="0.91" CONTENT="EFTA-länderna"/>
						</TextLine>
						<TextLine ID="line_18" HPOS="279" VPOS="1169" WIDTH="927" HEIGHT="41">
							<String ID="string_176" HPOS="279" VPOS="1171" WIDTH="66" HEIGHT="29" WC="0.96" CONTENT="och"/><SP WIDTH="20" VPOS="1171" HPOS="345"/>
							<String ID="string_177" HPOS="365" VPOS="1173" WIDTH="50" HEIGHT="27" WC="0.93" CONTENT="att"/><SP WIDTH="21" VPOS="1173" HPOS="415"/>
							<String ID="string_178" HPOS="436" VPOS="1171" WIDTH="161" HEIGHT="29" WC="0.92" CONTENT="nedsätta"/><SP WIDTH="20" VPOS="1171" HPOS="597"/>
							<String ID="string_179" HPOS="617" VPOS="1170" WIDTH="421" HEIGHT="40" WC="0.92" CONTENT="prisregleringsavgiften"/><SP WIDTH="22" VPOS="1170" HPOS="1038"/>
							<String ID="string_180" HPOS="1060" VPOS="1169" WIDTH="44" HEIGHT="39" WC="0.96" CONTENT="på"/><SP WIDTH="23" VPOS="1169" HPOS="1104"/>
							<String ID="string_181" HPOS="1127" VPOS="1169" WIDTH="79" HEIGHT="29" WC="0.95" CONTENT="fisk."/>
						</TextLine>
					</TextBlock>
					<TextBlock ID="block_3" HPOS="277" VPOS="1221" WIDTH="1491" HEIGHT="203">
						<TextLine ID="line_19" HPOS="323" VPOS="1221" WIDTH="1444" HEIGHT="42">
							<String ID="string_182" HPOS="323" VPOS="1224" WIDTH="240" HEIGHT="39" WC="0.96" CONTENT="Beredningen"/><SP WIDTH="28" VPOS="1224" HPOS="563"/>
							<String ID="string_183" HPOS="591" VPOS="1233" WIDTH="42" HEIGHT="20" WC="0.93" CONTENT="av"/><SP WIDTH="26" VPOS="1233" HPOS="633"/>
							<String ID="string_184" HPOS="659" VPOS="1223" WIDTH="171" HEIGHT="40" WC="0.91" CONTENT="spillånga"/><SP WIDTH="28" VPOS="1223" HPOS="830"/>
							<String ID="string_185" HPOS="858" VPOS="1223" WIDTH="78" HEIGHT="29" WC="0.96" CONTENT="sker"/><SP WIDTH="28" VPOS="1223" HPOS="936"/>
							<String ID="string_186" HPOS="964" VPOS="1223" WIDTH="151" HEIGHT="29" WC="0.96" CONTENT="normalt"/><SP WIDTH="28" VPOS="1223" HPOS="1115"/>
							<String ID="string_187" HPOS="1143" VPOS="1223" WIDTH="93" HEIGHT="29" WC="0.95" CONTENT="inom"/><SP WIDTH="30" VPOS="1223" HPOS="1236"/>
							<String ID="string_188" HPOS="1266" VPOS="1222" WIDTH="128" HEIGHT="29" WC="0.95" CONTENT="landet."/><SP WIDTH="28" VPOS="1222" HPOS="1394"/>
							<String ID="string_189" HPOS="1422" VPOS="1222" WIDTH="117" HEIGHT="29" WC="0.96" CONTENT="Under"/><SP WIDTH="29" VPOS="1222" HPOS="1539"/>
							<String ID="string_190" HPOS="1568" VPOS="1230" WIDTH="121" HEIGHT="21" WC="0.96" CONTENT="senare"/><SP WIDTH="29" VPOS="1230" HPOS="1689"/>
							<String ID="string_191" HPOS="1718" VPOS="1221" WIDTH="49" HEIGHT="29" WC="0.96" CONTENT="tid"/>
						</TextLine>
						<TextLine ID="line_20" HPOS="279" VPOS="1275" WIDTH="1489" HEIGHT="42">
							<String ID="string_192" HPOS="279" VPOS="1278" WIDTH="66" HEIGHT="29" WC="0.96" CONTENT="har"/><SP WIDTH="28" VPOS="1278" HPOS="345"/>
							<String ID="string_193" HPOS="373" VPOS="1277" WIDTH="215" HEIGHT="40" WC="0.96" CONTENT="efterfrågan"/><SP WIDTH="30" VPOS="1277" HPOS="588"/>
							<String ID="string_194" HPOS="618" VPOS="1277" WIDTH="43" HEIGHT="39" WC="0.93" CONTENT="på"/><SP WIDTH="31" VPOS="1277" HPOS="661"/>
							<String ID="string_195" HPOS="692" VPOS="1277" WIDTH="170" HEIGHT="39" WC="0.92" CONTENT="spillånga"/><SP WIDTH="29" VPOS="1277" HPOS="862"/>
							<String ID="string_196" HPOS="891" VPOS="1276" WIDTH="89" HEIGHT="30" WC="0.96" CONTENT="varit"/><SP WIDTH="31" VPOS="1276" HPOS="980"/>
							<String ID="string_197" HPOS="1011" VPOS="1276" WIDTH="112" HEIGHT="30" WC="0.96" CONTENT="starkt"/><SP WIDTH="33" VPOS="1276" HPOS="1123"/>
							<String ID="string_198" HPOS="1156" VPOS="1276" WIDTH="168" HEIGHT="39" WC="0.96" CONTENT="stigande,"/><SP WIDTH="31" VPOS="1276" HPOS="1324"/>
							<String ID="string_199" HPOS="1355" VPOS="1275" WIDTH="118" HEIGHT="29" WC="0.96" CONTENT="varför"/><SP WIDTH="31" VPOS="1275" HPOS="1473"/>
							<String ID="string_200" HPOS="1504" VPOS="1275" WIDTH="138" HEIGHT="29" WC="0.96" CONTENT="relativt"/><SP WIDTH="33" VPOS="1275" HPOS="1642"/>
							<String ID="string_201" HPOS="1675" VPOS="1276" WIDTH="93" HEIGHT="27" WC="0.96" CONTENT="stora"/>
						</TextLine>
						<TextLine ID="line_21" HPOS="279" VPOS="1328" WIDTH="1489" HEIGHT="41">
							<String ID="string_202" HPOS="279" VPOS="1331" WIDTH="210" HEIGHT="29" WC="0.96" CONTENT="kvantiteter"/><SP WIDTH="22" VPOS="1331" HPOS="489"/>
							<String ID="string_203" HPOS="511" VPOS="1331" WIDTH="101" HEIGHT="29" WC="0.96" CONTENT="färsk"/><SP WIDTH="20" VPOS="1331" HPOS="612"/>
							<String ID="string_204" HPOS="632" VPOS="1330" WIDTH="103" HEIGHT="39" WC="0.96" CONTENT="långa"/><SP WIDTH="22" VPOS="1330" HPOS="735"/>
							<String ID="string_205" HPOS="757" VPOS="1330" WIDTH="66" HEIGHT="29" WC="0.96" CONTENT="fått"/><SP WIDTH="23" VPOS="1330" HPOS="823"/>
							<String ID="string_206" HPOS="846" VPOS="1330" WIDTH="207" HEIGHT="39" WC="0.96" CONTENT="importeras"/><SP WIDTH="24" VPOS="1330" HPOS="1053"/>
							<String ID="string_207" HPOS="1077" VPOS="1329" WIDTH="54" HEIGHT="29" WC="0.96" CONTENT="för"/><SP WIDTH="24" VPOS="1329" HPOS="1131"/>
							<String ID="string_208" HPOS="1155" VPOS="1331" WIDTH="48" HEIGHT="28" WC="0.95" CONTENT="att"/><SP WIDTH="23" VPOS="1331" HPOS="1203"/>
							<String ID="string_209" HPOS="1226" VPOS="1329" WIDTH="182" HEIGHT="39" WC="0.96" CONTENT="tillgodose"/><SP WIDTH="24" VPOS="1329" HPOS="1408"/>
							<String ID="string_210" HPOS="1432" VPOS="1328" WIDTH="227" HEIGHT="39" WC="0.93" CONTENT="efterfrågan."/><SP WIDTH="24" VPOS="1328" HPOS="1659"/>
							<String ID="string_211" HPOS="1683" VPOS="1328" WIDTH="85" HEIGHT="28" WC="0.93" CONTENT="Här-"/>
						</TextLine>
						<TextLine ID="line_22" HPOS="277" VPOS="1382" WIDTH="1093" HEIGHT="42">
							<String ID="string_212" HPOS="277" VPOS="1385" WIDTH="111" HEIGHT="39" WC="0.96" CONTENT="jämte"/><SP WIDTH="22" VPOS="1385" HPOS="388"/>
							<String ID="string_213" HPOS="410" VPOS="1384" WIDTH="156" HEIGHT="29" WC="0.96" CONTENT="infördes"/><SP WIDTH="23" VPOS="1384" HPOS="566"/>
							<String ID="string_214" HPOS="589" VPOS="1384" WIDTH="95" HEIGHT="29" WC="0.96" CONTENT="förra"/><SP WIDTH="23" VPOS="1384" HPOS="684"/>
							<String ID="string_215" HPOS="707" VPOS="1383" WIDTH="73" HEIGHT="30" WC="0.96" CONTENT="året"/><SP WIDTH="25" VPOS="1383" HPOS="780"/>
							<String ID="string_216" HPOS="805" VPOS="1383" WIDTH="39" HEIGHT="30" WC="0.96" CONTENT="35"/><SP WIDTH="23" VPOS="1383" HPOS="844"/>
							<String ID="string_217" HPOS="867" VPOS="1385" WIDTH="59" HEIGHT="27" WC="0.93" CONTENT="ton"/><SP WIDTH="24" VPOS="1385" HPOS="926"/>
							<String ID="string_218" HPOS="950" VPOS="1383" WIDTH="172" HEIGHT="39" WC="0.92" CONTENT="spillånga"/><SP WIDTH="24" VPOS="1383" HPOS="1122"/>
							<String ID="string_219" HPOS="1146" VPOS="1382" WIDTH="77" HEIGHT="30" WC="0.96" CONTENT="från"/><SP WIDTH="24" VPOS="1382" HPOS="1223"/>
							<String ID="string_220" HPOS="1247" VPOS="1382" WIDTH="123" HEIGHT="39" WC="0.96" CONTENT="Norge."/>
						</TextLine>
					</TextBlock>
					<TextBlock ID="block_4" HPOS="280" VPOS="1434" WIDTH="1488" HEIGHT="149">
						<TextLine ID="line_23" HPOS="324" VPOS="1434" WIDTH="1444" HEIGHT="42">
							<String ID="string_221" HPOS="324" VPOS="1438" WIDTH="13" HEIGHT="28" WC="0.94" CONTENT="I"/><SP WIDTH="26" VPOS="1438" HPOS="337"/>
							<String ID="string_222" HPOS="363" VPOS="1437" WIDTH="203" HEIGHT="39" WC="0.96" CONTENT="anslutning"/><SP WIDTH="25" VPOS="1437" HPOS="566"/>
							<String ID="string_223" HPOS="591" VPOS="1437" WIDTH="51" HEIGHT="29" WC="0.96" CONTENT="till"/><SP WIDTH="26" VPOS="1437" HPOS="642"/>
							<String ID="string_224" HPOS="668" VPOS="1437" WIDTH="65" HEIGHT="29" WC="0.96" CONTENT="vad"/><SP WIDTH="27" VPOS="1437" HPOS="733"/>
							<String ID="string_225" HPOS="760" VPOS="1446" WIDTH="74" HEIGHT="20" WC="0.96" CONTENT="som"/><SP WIDTH="27" VPOS="1446" HPOS="834"/>
							<String ID="string_226" HPOS="861" VPOS="1436" WIDTH="225" HEIGHT="29" WC="0.95" CONTENT="förekommit"/><SP WIDTH="25" VPOS="1436" HPOS="1086"/>
							<String ID="string_227" HPOS="1111" VPOS="1436" WIDTH="57" HEIGHT="29" WC="0.96" CONTENT="vid"/><SP WIDTH="26" VPOS="1436" HPOS="1168"/>
							<String ID="string_228" HPOS="1194" VPOS="1435" WIDTH="247" HEIGHT="29" WC="0.93" CONTENT="ovannämnda"/><SP WIDTH="27" VPOS="1435" HPOS="1441"/>
							<String ID="string_229" HPOS="1468" VPOS="1434" WIDTH="300" HEIGHT="30" WC="0.91" CONTENT="EFTA-förhand-"/>
						</TextLine>
						<TextLine ID="line_24" HPOS="280" VPOS="1488" WIDTH="1486" HEIGHT="42">
							<String ID="string_230" HPOS="280" VPOS="1491" WIDTH="112" HEIGHT="39" WC="0.96" CONTENT="lingar"/><SP WIDTH="21" VPOS="1491" HPOS="392"/>
							<String ID="string_231" HPOS="413" VPOS="1490" WIDTH="147" HEIGHT="30" WC="0.96" CONTENT="föreslås"/><SP WIDTH="22" VPOS="1490" HPOS="560"/>
							<String ID="string_232" HPOS="582" VPOS="1491" WIDTH="10" HEIGHT="28" WC="0.96" CONTENT="i"/><SP WIDTH="22" VPOS="1491" HPOS="592"/>
							<String ID="string_233" HPOS="614" VPOS="1490" WIDTH="273" HEIGHT="39" WC="0.96" CONTENT="propositionen,"/><SP WIDTH="22" VPOS="1490" HPOS="887"/>
							<String ID="string_234" HPOS="909" VPOS="1491" WIDTH="48" HEIGHT="28" WC="0.96" CONTENT="att"/><SP WIDTH="23" VPOS="1491" HPOS="957"/>
							<String ID="string_235" HPOS="980" VPOS="1490" WIDTH="109" HEIGHT="29" WC="0.95" CONTENT="tullen"/><SP WIDTH="23" VPOS="1490" HPOS="1089"/>
							<String ID="string_236" HPOS="1112" VPOS="1489" WIDTH="44" HEIGHT="39" WC="0.93" CONTENT="på"/><SP WIDTH="23" VPOS="1489" HPOS="1156"/>
							<String ID="string_237" HPOS="1179" VPOS="1489" WIDTH="171" HEIGHT="39" WC="0.90" CONTENT="spillånga"/><SP WIDTH="24" VPOS="1489" HPOS="1350"/>
							<String ID="string_238" HPOS="1374" VPOS="1489" WIDTH="114" HEIGHT="38" WC="0.96" CONTENT="slopas"/><SP WIDTH="24" VPOS="1489" HPOS="1488"/>
							<String ID="string_239" HPOS="1512" VPOS="1488" WIDTH="43" HEIGHT="29" WC="0.93" CONTENT="fr."/><SP WIDTH="24" VPOS="1488" HPOS="1555"/>
							<String ID="string_240" HPOS="1579" VPOS="1497" WIDTH="30" HEIGHT="20" WC="0.91" CONTENT="o."/><SP WIDTH="23" VPOS="1497" HPOS="1609"/>
							<String ID="string_241" HPOS="1632" VPOS="1497" WIDTH="46" HEIGHT="20" WC="0.91" CONTENT="m."/><SP WIDTH="24" VPOS="1497" HPOS="1678"/>
							<String ID="string_242" HPOS="1702" VPOS="1488" WIDTH="64" HEIGHT="29" WC="0.96" CONTENT="den"/>
						</TextLine>
						<TextLine ID="line_25" HPOS="281" VPOS="1543" WIDTH="306" HEIGHT="40">
							<String ID="string_243" HPOS="281" VPOS="1545" WIDTH="14" HEIGHT="28" WC="0.94" CONTENT="1"/><SP WIDTH="28" VPOS="1545" HPOS="295"/>
							<String ID="string_244" HPOS="323" VPOS="1545" WIDTH="142" HEIGHT="38" WC="0.95" CONTENT="januari"/><SP WIDTH="28" VPOS="1545" HPOS="465"/>
							<String ID="string_245" HPOS="493" VPOS="1543" WIDTH="94" HEIGHT="30" WC="0.95" CONTENT="1964."/>
						</TextLine>
					</TextBlock>
					<TextBlock ID="block_5" HPOS="279" VPOS="1595" WIDTH="1488" HEIGHT="94">
						<TextLine ID="line_26" HPOS="324" VPOS="1595" WIDTH="1443" HEIGHT="41">
							<String ID="string_246" HPOS="324" VPOS="1598" WIDTH="117" HEIGHT="29" WC="0.95" CONTENT="Under"/><SP WIDTH="27" VPOS="1598" HPOS="441"/>
							<String ID="string_247" HPOS="468" VPOS="1597" WIDTH="212" HEIGHT="39" WC="0.95" CONTENT="hänvisning"/><SP WIDTH="27" VPOS="1597" HPOS="680"/>
							<String ID="string_248" HPOS="707" VPOS="1596" WIDTH="53" HEIGHT="30" WC="0.96" CONTENT="till"/><SP WIDTH="26" VPOS="1596" HPOS="760"/>
							<String ID="string_249" HPOS="786" VPOS="1597" WIDTH="66" HEIGHT="28" WC="0.95" CONTENT="vad"/><SP WIDTH="30" VPOS="1597" HPOS="852"/>
							<String ID="string_250" HPOS="882" VPOS="1597" WIDTH="9" HEIGHT="28" WC="0.95" CONTENT="i"/><SP WIDTH="28" VPOS="1597" HPOS="891"/>
							<String ID="string_251" HPOS="919" VPOS="1596" WIDTH="261" HEIGHT="39" WC="0.96" CONTENT="propositionen"/><SP WIDTH="30" VPOS="1596" HPOS="1180"/>
							<String ID="string_252" HPOS="1210" VPOS="1595" WIDTH="136" HEIGHT="30" WC="0.96" CONTENT="anförts"/><SP WIDTH="30" VPOS="1595" HPOS="1346"/>
							<String ID="string_253" HPOS="1376" VPOS="1595" WIDTH="193" HEIGHT="39" WC="0.96" CONTENT="tillstyrker"/><SP WIDTH="30" VPOS="1595" HPOS="1569"/>
							<String ID="string_254" HPOS="1599" VPOS="1595" WIDTH="168" HEIGHT="29" WC="0.96" CONTENT="utskottet"/>
						</TextLine>
						<TextLine ID="line_27" HPOS="279" VPOS="1649" WIDTH="875" HEIGHT="40">
							<String ID="string_255" HPOS="279" VPOS="1650" WIDTH="100" HEIGHT="30" WC="0.95" CONTENT="bifall"/><SP WIDTH="23" VPOS="1650" HPOS="379"/>
							<String ID="string_256" HPOS="402" VPOS="1650" WIDTH="51" HEIGHT="30" WC="0.95" CONTENT="till"/><SP WIDTH="23" VPOS="1650" HPOS="453"/>
							<String ID="string_257" HPOS="476" VPOS="1650" WIDTH="126" HEIGHT="39" WC="0.94" CONTENT="Kungl."/><SP WIDTH="24" VPOS="1650" HPOS="602"/>
							<String ID="string_258" HPOS="626" VPOS="1650" WIDTH="123" HEIGHT="39" WC="0.96" CONTENT="Maj:ts"/><SP WIDTH="25" VPOS="1650" HPOS="749"/>
							<String ID="string_259" HPOS="774" VPOS="1650" WIDTH="130" HEIGHT="39" WC="0.92" CONTENT="förslag"/><SP WIDTH="23" VPOS="1650" HPOS="904"/>
							<String ID="string_260" HPOS="927" VPOS="1649" WIDTH="227" HEIGHT="30" WC="0.91" CONTENT="härutinnan."/>
						</TextLine>
					</TextBlock>
				</ComposedBlock>
				<ComposedBlock ID="cblock_3" HPOS="279" VPOS="1729" WIDTH="1491" HEIGHT="777">
					<TextBlock ID="block_6" HPOS="279" VPOS="1729" WIDTH="1490" HEIGHT="626">
						<TextLine ID="line_28" HPOS="325" VPOS="1729" WIDTH="1443" HEIGHT="40">
							<String ID="string_261" HPOS="325" VPOS="1731" WIDTH="76" HEIGHT="29" WC="0.96" CONTENT="Med"/><SP WIDTH="22" VPOS="1731" HPOS="401"/>
							<String ID="string_262" HPOS="423" VPOS="1731" WIDTH="137" HEIGHT="38" WC="0.96" CONTENT="hänsyn"/><SP WIDTH="21" VPOS="1731" HPOS="560"/>
							<String ID="string_263" HPOS="581" VPOS="1730" WIDTH="52" HEIGHT="30" WC="0.95" CONTENT="till"/><SP WIDTH="22" VPOS="1730" HPOS="633"/>
							<String ID="string_264" HPOS="655" VPOS="1732" WIDTH="49" HEIGHT="27" WC="0.96" CONTENT="att"/><SP WIDTH="22" VPOS="1732" HPOS="704"/>
							<String ID="string_265" HPOS="726" VPOS="1730" WIDTH="230" HEIGHT="29" WC="0.96" CONTENT="definitionen"/><SP WIDTH="22" VPOS="1730" HPOS="956"/>
							<String ID="string_266" HPOS="978" VPOS="1739" WIDTH="42" HEIGHT="20" WC="0.96" CONTENT="av"/><SP WIDTH="21" VPOS="1739" HPOS="1020"/>
							<String ID="string_267" HPOS="1041" VPOS="1729" WIDTH="184" HEIGHT="40" WC="0.96" CONTENT="begreppet"/><SP WIDTH="23" VPOS="1729" HPOS="1225"/>
							<String ID="string_268" HPOS="1248" VPOS="1729" WIDTH="192" HEIGHT="29" WC="0.96" CONTENT="läkemedel"/><SP WIDTH="23" VPOS="1729" HPOS="1440"/>
							<String ID="string_269" HPOS="1463" VPOS="1729" WIDTH="10" HEIGHT="29" WC="0.96" CONTENT="i"/><SP WIDTH="23" VPOS="1729" HPOS="1473"/>
							<String ID="string_270" HPOS="1496" VPOS="1729" WIDTH="67" HEIGHT="29" WC="0.96" CONTENT="den"/><SP WIDTH="23" VPOS="1729" HPOS="1563"/>
							<String ID="string_271" HPOS="1586" VPOS="1738" WIDTH="69" HEIGHT="30" WC="0.93" CONTENT="nya"/><SP WIDTH="22" VPOS="1738" HPOS="1655"/>
							<String ID="string_272" HPOS="1677" VPOS="1729" WIDTH="91" HEIGHT="28" WC="0.91" CONTENT="läke-"/>
						</TextLine>
						<TextLine ID="line_29" HPOS="279" VPOS="1782" WIDTH="1489" HEIGHT="41">
							<String ID="string_273" HPOS="279" VPOS="1784" WIDTH="398" HEIGHT="39" WC="0.92" CONTENT="medelsförordningen,"/><SP WIDTH="27" VPOS="1784" HPOS="677"/>
							<String ID="string_274" HPOS="704" VPOS="1792" WIDTH="74" HEIGHT="20" WC="0.96" CONTENT="som"/><SP WIDTH="27" VPOS="1792" HPOS="778"/>
							<String ID="string_275" HPOS="805" VPOS="1783" WIDTH="116" HEIGHT="30" WC="0.96" CONTENT="träder"/><SP WIDTH="25" VPOS="1783" HPOS="921"/>
							<String ID="string_276" HPOS="946" VPOS="1784" WIDTH="12" HEIGHT="28" WC="0.96" CONTENT="i"/><SP WIDTH="27" VPOS="1784" HPOS="958"/>
							<String ID="string_277" HPOS="985" VPOS="1783" WIDTH="97" HEIGHT="29" WC="0.96" CONTENT="kraft"/><SP WIDTH="25" VPOS="1783" HPOS="1082"/>
							<String ID="string_278" HPOS="1107" VPOS="1783" WIDTH="57" HEIGHT="29" WC="0.96" CONTENT="vid"/><SP WIDTH="27" VPOS="1783" HPOS="1164"/>
							<String ID="string_279" HPOS="1191" VPOS="1782" WIDTH="193" HEIGHT="34" WC="0.96" CONTENT="årsskiftet,"/><SP WIDTH="28" VPOS="1782" HPOS="1384"/>
							<String ID="string_280" HPOS="1412" VPOS="1782" WIDTH="70" HEIGHT="30" WC="0.96" CONTENT="inte"/><SP WIDTH="28" VPOS="1782" HPOS="1482"/>
							<String ID="string_281" HPOS="1510" VPOS="1782" WIDTH="72" HEIGHT="29" WC="0.93" CONTENT="helt"/><SP WIDTH="28" VPOS="1782" HPOS="1582"/>
							<String ID="string_282" HPOS="1610" VPOS="1782" WIDTH="158" HEIGHT="29" WC="0.92" CONTENT="överens-"/>
						</TextLine>
						<TextLine ID="line_30" HPOS="280" VPOS="1835" WIDTH="1488" HEIGHT="39">
							<String ID="string_283" HPOS="280" VPOS="1838" WIDTH="168" HEIGHT="29" WC="0.96" CONTENT="stämmer"/><SP WIDTH="22" VPOS="1838" HPOS="448"/>
							<String ID="string_284" HPOS="470" VPOS="1837" WIDTH="79" HEIGHT="29" WC="0.96" CONTENT="med"/><SP WIDTH="23" VPOS="1837" HPOS="549"/>
							<String ID="string_285" HPOS="572" VPOS="1837" WIDTH="66" HEIGHT="29" WC="0.96" CONTENT="den"/><SP WIDTH="24" VPOS="1837" HPOS="638"/>
							<String ID="string_286" HPOS="662" VPOS="1836" WIDTH="197" HEIGHT="34" WC="0.96" CONTENT="definition,"/><SP WIDTH="24" VPOS="1836" HPOS="859"/>
							<String ID="string_287" HPOS="883" VPOS="1845" WIDTH="73" HEIGHT="21" WC="0.95" CONTENT="som"/><SP WIDTH="26" VPOS="1845" HPOS="956"/>
							<String ID="string_288" HPOS="982" VPOS="1836" WIDTH="235" HEIGHT="29" WC="0.96" CONTENT="förekommer"/><SP WIDTH="24" VPOS="1836" HPOS="1217"/>
							<String ID="string_289" HPOS="1241" VPOS="1836" WIDTH="9" HEIGHT="29" WC="0.93" CONTENT="i"/><SP WIDTH="26" VPOS="1836" HPOS="1250"/>
							<String ID="string_290" HPOS="1276" VPOS="1836" WIDTH="184" HEIGHT="33" WC="0.90" CONTENT="tulltaxan,"/><SP WIDTH="25" VPOS="1836" HPOS="1460"/>
							<String ID="string_291" HPOS="1485" VPOS="1835" WIDTH="147" HEIGHT="30" WC="0.95" CONTENT="föreslås"/><SP WIDTH="26" VPOS="1835" HPOS="1632"/>
							<String ID="string_292" HPOS="1658" VPOS="1835" WIDTH="9" HEIGHT="29" WC="0.93" CONTENT="i"/><SP WIDTH="25" VPOS="1835" HPOS="1667"/>
							<String ID="string_293" HPOS="1692" VPOS="1844" WIDTH="76" HEIGHT="30" WC="0.92" CONTENT="pro-"/>
						</TextLine>
						<TextLine ID="line_31" HPOS="279" VPOS="1888" WIDTH="1488" HEIGHT="41">
							<String ID="string_294" HPOS="279" VPOS="1891" WIDTH="196" HEIGHT="36" WC="0.96" CONTENT="positionen"/><SP WIDTH="28" VPOS="1891" HPOS="475"/>
							<String ID="string_295" HPOS="503" VPOS="1890" WIDTH="94" HEIGHT="30" WC="0.96" CONTENT="vissa"/><SP WIDTH="28" VPOS="1890" HPOS="597"/>
							<String ID="string_296" HPOS="625" VPOS="1890" WIDTH="159" HEIGHT="29" WC="0.96" CONTENT="formella"/><SP WIDTH="28" VPOS="1890" HPOS="784"/>
							<String ID="string_297" HPOS="812" VPOS="1889" WIDTH="189" HEIGHT="40" WC="0.96" CONTENT="ändringar"/><SP WIDTH="29" VPOS="1889" HPOS="1001"/>
							<String ID="string_298" HPOS="1030" VPOS="1890" WIDTH="10" HEIGHT="29" WC="0.91" CONTENT="i"/><SP WIDTH="32" VPOS="1890" HPOS="1040"/>
							<String ID="string_299" HPOS="1072" VPOS="1889" WIDTH="171" HEIGHT="30" WC="0.91" CONTENT="tulltaxan"/><SP WIDTH="31" VPOS="1889" HPOS="1243"/>
							<String ID="string_300" HPOS="1274" VPOS="1889" WIDTH="65" HEIGHT="29" WC="0.93" CONTENT="och"/><SP WIDTH="29" VPOS="1889" HPOS="1339"/>
							<String ID="string_301" HPOS="1368" VPOS="1888" WIDTH="399" HEIGHT="39" WC="0.92" CONTENT="tulltaxeförordningen"/>
						</TextLine>
						<TextLine ID="line_32" HPOS="281" VPOS="1942" WIDTH="1487" HEIGHT="40">
							<String ID="string_302" HPOS="281" VPOS="1944" WIDTH="55" HEIGHT="29" WC="0.96" CONTENT="för"/><SP WIDTH="30" VPOS="1944" HPOS="336"/>
							<String ID="string_303" HPOS="366" VPOS="1943" WIDTH="227" HEIGHT="30" WC="0.96" CONTENT="undvikande"/><SP WIDTH="30" VPOS="1943" HPOS="593"/>
							<String ID="string_304" HPOS="623" VPOS="1952" WIDTH="41" HEIGHT="21" WC="0.96" CONTENT="av"/><SP WIDTH="31" VPOS="1952" HPOS="664"/>
							<String ID="string_305" HPOS="695" VPOS="1943" WIDTH="295" HEIGHT="39" WC="0.95" CONTENT="komplikationer"/><SP WIDTH="31" VPOS="1943" HPOS="990"/>
							<String ID="string_306" HPOS="1021" VPOS="1942" WIDTH="59" HEIGHT="30" WC="0.96" CONTENT="vid"/><SP WIDTH="32" VPOS="1942" HPOS="1080"/>
							<String ID="string_307" HPOS="1112" VPOS="1942" WIDTH="66" HEIGHT="29" WC="0.95" CONTENT="den"/><SP WIDTH="31" VPOS="1942" HPOS="1178"/>
							<String ID="string_308" HPOS="1209" VPOS="1942" WIDTH="185" HEIGHT="39" WC="0.95" CONTENT="praktiska"/><SP WIDTH="32" VPOS="1942" HPOS="1394"/>
							<String ID="string_309" HPOS="1426" VPOS="1942" WIDTH="268" HEIGHT="38" WC="0.96" CONTENT="tillämpningen"/><SP WIDTH="34" VPOS="1942" HPOS="1694"/>
							<String ID="string_310" HPOS="1728" VPOS="1951" WIDTH="40" HEIGHT="20" WC="0.96" CONTENT="av"/>
						</TextLine>
						<TextLine ID="line_33" HPOS="280" VPOS="1995" WIDTH="1488" HEIGHT="40">
							<String ID="string_311" HPOS="280" VPOS="1997" WIDTH="227" HEIGHT="29" WC="0.92" CONTENT="läkemedels-"/><SP WIDTH="27" VPOS="1997" HPOS="507"/>
							<String ID="string_312" HPOS="534" VPOS="1996" WIDTH="66" HEIGHT="30" WC="0.93" CONTENT="och"/><SP WIDTH="27" VPOS="1996" HPOS="600"/>
							<String ID="string_313" HPOS="627" VPOS="1996" WIDTH="375" HEIGHT="39" WC="0.89" CONTENT="tullförfattningarna."/><SP WIDTH="30" VPOS="1996" HPOS="1002"/>
							<String ID="string_314" HPOS="1032" VPOS="1996" WIDTH="13" HEIGHT="28" WC="0.95" CONTENT="I"/><SP WIDTH="29" VPOS="1996" HPOS="1045"/>
							<String ID="string_315" HPOS="1074" VPOS="1995" WIDTH="203" HEIGHT="39" WC="0.96" CONTENT="anslutning"/><SP WIDTH="28" VPOS="1995" HPOS="1277"/>
							<String ID="string_316" HPOS="1305" VPOS="1995" WIDTH="119" HEIGHT="29" WC="0.96" CONTENT="härtill"/><SP WIDTH="30" VPOS="1995" HPOS="1424"/>
							<String ID="string_317" HPOS="1454" VPOS="1995" WIDTH="161" HEIGHT="29" WC="0.96" CONTENT="förordas"/><SP WIDTH="30" VPOS="1995" HPOS="1615"/>
							<String ID="string_318" HPOS="1645" VPOS="2004" WIDTH="41" HEIGHT="20" WC="0.90" CONTENT="en"/><SP WIDTH="31" VPOS="2004" HPOS="1686"/>
							<String ID="string_319" HPOS="1717" VPOS="1997" WIDTH="51" HEIGHT="27" WC="0.90" CONTENT="ut-"/>
						</TextLine>
						<TextLine ID="line_34" HPOS="280" VPOS="2048" WIDTH="1487" HEIGHT="41">
							<String ID="string_320" HPOS="280" VPOS="2050" WIDTH="166" HEIGHT="39" WC="0.92" CONTENT="vidgning"/><SP WIDTH="31" VPOS="2050" HPOS="446"/>
							<String ID="string_321" HPOS="477" VPOS="2059" WIDTH="42" HEIGHT="20" WC="0.93" CONTENT="av"/><SP WIDTH="30" VPOS="2059" HPOS="519"/>
							<String ID="string_322" HPOS="549" VPOS="2049" WIDTH="219" HEIGHT="30" WC="0.89" CONTENT="tullfriheten"/><SP WIDTH="33" VPOS="2049" HPOS="768"/>
							<String ID="string_323" HPOS="801" VPOS="2049" WIDTH="55" HEIGHT="30" WC="0.96" CONTENT="för"/><SP WIDTH="31" VPOS="2049" HPOS="856"/>
							<String ID="string_324" HPOS="887" VPOS="2049" WIDTH="275" HEIGHT="29" WC="0.95" CONTENT="farmaceutiska"/><SP WIDTH="31" VPOS="2049" HPOS="1162"/>
							<String ID="string_325" HPOS="1193" VPOS="2048" WIDTH="193" HEIGHT="40" WC="0.96" CONTENT="produkter"/><SP WIDTH="32" VPOS="2048" HPOS="1386"/>
							<String ID="string_326" HPOS="1418" VPOS="2050" WIDTH="50" HEIGHT="28" WC="0.96" CONTENT="att"/><SP WIDTH="32" VPOS="2050" HPOS="1468"/>
							<String ID="string_327" HPOS="1500" VPOS="2048" WIDTH="150" HEIGHT="30" WC="0.96" CONTENT="omfatta"/><SP WIDTH="33" VPOS="2048" HPOS="1650"/>
							<String ID="string_328" HPOS="1683" VPOS="2048" WIDTH="84" HEIGHT="29" WC="0.96" CONTENT="även"/>
						</TextLine>
						<TextLine ID="line_35" HPOS="279" VPOS="2101" WIDTH="1490" HEIGHT="40">
							<String ID="string_329" HPOS="279" VPOS="2104" WIDTH="140" HEIGHT="33" WC="0.96" CONTENT="ämnen,"/><SP WIDTH="25" VPOS="2104" HPOS="419"/>
							<String ID="string_330" HPOS="444" VPOS="2112" WIDTH="74" HEIGHT="20" WC="0.96" CONTENT="som"/><SP WIDTH="25" VPOS="2112" HPOS="518"/>
							<String ID="string_331" HPOS="543" VPOS="2103" WIDTH="177" HEIGHT="29" WC="0.96" CONTENT="användes"/><SP WIDTH="26" VPOS="2103" HPOS="720"/>
							<String ID="string_332" HPOS="746" VPOS="2102" WIDTH="117" HEIGHT="30" WC="0.93" CONTENT="såsom"/><SP WIDTH="25" VPOS="2102" HPOS="863"/>
							<String ID="string_333" HPOS="888" VPOS="2102" WIDTH="425" HEIGHT="39" WC="0.91" CONTENT="röntgenkontrastmedel"/><SP WIDTH="26" VPOS="2102" HPOS="1313"/>
							<String ID="string_334" HPOS="1339" VPOS="2102" WIDTH="65" HEIGHT="29" WC="0.96" CONTENT="och"/><SP WIDTH="26" VPOS="2102" HPOS="1404"/>
							<String ID="string_335" HPOS="1430" VPOS="2101" WIDTH="241" HEIGHT="40" WC="0.92" CONTENT="diagnostiska"/><SP WIDTH="26" VPOS="2101" HPOS="1671"/>
							<String ID="string_336" HPOS="1697" VPOS="2111" WIDTH="72" HEIGHT="20" WC="0.91" CONTENT="rea-"/>
						</TextLine>
						<TextLine ID="line_36" HPOS="279" VPOS="2155" WIDTH="1489" HEIGHT="41">
							<String ID="string_337" HPOS="279" VPOS="2164" WIDTH="123" HEIGHT="32" WC="0.91" CONTENT="genser"/><SP WIDTH="21" VPOS="2164" HPOS="402"/>
							<String ID="string_338" HPOS="423" VPOS="2157" WIDTH="81" HEIGHT="29" WC="0.96" CONTENT="eller"/><SP WIDTH="22" VPOS="2157" HPOS="504"/>
							<String ID="string_339" HPOS="526" VPOS="2156" WIDTH="55" HEIGHT="29" WC="0.91" CONTENT="för"/><SP WIDTH="21" VPOS="2156" HPOS="581"/>
							<String ID="string_340" HPOS="602" VPOS="2156" WIDTH="203" HEIGHT="39" WC="0.91" CONTENT="tillredning"/><SP WIDTH="20" VPOS="2156" HPOS="805"/>
							<String ID="string_341" HPOS="825" VPOS="2165" WIDTH="42" HEIGHT="20" WC="0.96" CONTENT="av"/><SP WIDTH="22" VPOS="2165" HPOS="867"/>
							<String ID="string_342" HPOS="889" VPOS="2155" WIDTH="130" HEIGHT="30" WC="0.96" CONTENT="sådana"/><SP WIDTH="23" VPOS="2155" HPOS="1019"/>
							<String ID="string_343" HPOS="1042" VPOS="2164" WIDTH="111" HEIGHT="21" WC="0.95" CONTENT="varor."/><SP WIDTH="23" VPOS="2164" HPOS="1153"/>
							<String ID="string_344" HPOS="1176" VPOS="2155" WIDTH="267" HEIGHT="39" WC="0.96" CONTENT="Propositionen"/><SP WIDTH="22" VPOS="2155" HPOS="1443"/>
							<String ID="string_345" HPOS="1465" VPOS="2155" WIDTH="195" HEIGHT="30" WC="0.96" CONTENT="innehåller"/><SP WIDTH="23" VPOS="2155" HPOS="1660"/>
							<String ID="string_346" HPOS="1683" VPOS="2155" WIDTH="85" HEIGHT="29" WC="0.95" CONTENT="även"/>
						</TextLine>
						<TextLine ID="line_37" HPOS="280" VPOS="2208" WIDTH="1489" HEIGHT="41">
							<String ID="string_347" HPOS="280" VPOS="2210" WIDTH="132" HEIGHT="39" WC="0.96" CONTENT="förslag"/><SP WIDTH="21" VPOS="2210" HPOS="412"/>
							<String ID="string_348" HPOS="433" VPOS="2210" WIDTH="52" HEIGHT="29" WC="0.96" CONTENT="till"/><SP WIDTH="22" VPOS="2210" HPOS="485"/>
							<String ID="string_349" HPOS="507" VPOS="2219" WIDTH="43" HEIGHT="20" WC="0.96" CONTENT="en"/><SP WIDTH="23" VPOS="2219" HPOS="550"/>
							<String ID="string_350" HPOS="573" VPOS="2209" WIDTH="148" HEIGHT="39" WC="0.96" CONTENT="ändring"/><SP WIDTH="23" VPOS="2209" HPOS="721"/>
							<String ID="string_351" HPOS="744" VPOS="2219" WIDTH="42" HEIGHT="19" WC="0.96" CONTENT="av"/><SP WIDTH="23" VPOS="2219" HPOS="786"/>
							<String ID="string_352" HPOS="809" VPOS="2209" WIDTH="137" HEIGHT="29" WC="0.95" CONTENT="formell"/><SP WIDTH="23" VPOS="2209" HPOS="946"/>
							<String ID="string_353" HPOS="969" VPOS="2209" WIDTH="168" HEIGHT="29" WC="0.96" CONTENT="karaktär"/><SP WIDTH="23" VPOS="2209" HPOS="1137"/>
							<String ID="string_354" HPOS="1160" VPOS="2209" WIDTH="11" HEIGHT="29" WC="0.93" CONTENT="i"/><SP WIDTH="23" VPOS="2209" HPOS="1171"/>
							<String ID="string_355" HPOS="1194" VPOS="2208" WIDTH="399" HEIGHT="40" WC="0.91" CONTENT="tulltaxeförordningen"/><SP WIDTH="24" VPOS="2208" HPOS="1593"/>
							<String ID="string_356" HPOS="1617" VPOS="2209" WIDTH="12" HEIGHT="29" WC="0.93" CONTENT="i"/><SP WIDTH="24" VPOS="2209" HPOS="1629"/>
							<String ID="string_357" HPOS="1653" VPOS="2209" WIDTH="116" HEIGHT="29" WC="0.92" CONTENT="anled-"/>
						</TextLine>
						<TextLine ID="line_38" HPOS="280" VPOS="2261" WIDTH="1488" HEIGHT="42">
							<String ID="string_358" HPOS="280" VPOS="2263" WIDTH="85" HEIGHT="40" WC="0.96" CONTENT="ning"/><SP WIDTH="20" VPOS="2263" HPOS="365"/>
							<String ID="string_359" HPOS="385" VPOS="2273" WIDTH="42" HEIGHT="20" WC="0.96" CONTENT="av"/><SP WIDTH="19" VPOS="2273" HPOS="427"/>
							<String ID="string_360" HPOS="446" VPOS="2263" WIDTH="136" HEIGHT="29" WC="0.96" CONTENT="ändrad"/><SP WIDTH="21" VPOS="2263" HPOS="582"/>
							<String ID="string_361" HPOS="603" VPOS="2262" WIDTH="220" HEIGHT="40" WC="0.96" CONTENT="lagstiftning"/><SP WIDTH="21" VPOS="2262" HPOS="823"/>
							<String ID="string_362" HPOS="844" VPOS="2263" WIDTH="10" HEIGHT="28" WC="0.96" CONTENT="i"/><SP WIDTH="22" VPOS="2263" HPOS="854"/>
							<String ID="string_363" HPOS="876" VPOS="2262" WIDTH="98" HEIGHT="39" WC="0.96" CONTENT="fråga"/><SP WIDTH="22" VPOS="2262" HPOS="974"/>
							<String ID="string_364" HPOS="996" VPOS="2271" WIDTH="55" HEIGHT="20" WC="0.96" CONTENT="om"/><SP WIDTH="25" VPOS="2271" HPOS="1051"/>
							<String ID="string_365" HPOS="1076" VPOS="2262" WIDTH="172" HEIGHT="29" WC="0.96" CONTENT="särskilda"/><SP WIDTH="23" VPOS="2262" HPOS="1248"/>
							<String ID="string_366" HPOS="1271" VPOS="2261" WIDTH="179" HEIGHT="30" WC="0.96" CONTENT="förmåner"/><SP WIDTH="23" VPOS="2261" HPOS="1450"/>
							<String ID="string_367" HPOS="1473" VPOS="2262" WIDTH="54" HEIGHT="29" WC="0.96" CONTENT="för"/><SP WIDTH="22" VPOS="2262" HPOS="1527"/>
							<String ID="string_368" HPOS="1549" VPOS="2262" WIDTH="93" HEIGHT="29" WC="0.93" CONTENT="vissa"/><SP WIDTH="23" VPOS="2262" HPOS="1642"/>
							<String ID="string_369" HPOS="1665" VPOS="2262" WIDTH="103" HEIGHT="29" WC="0.90" CONTENT="inter-"/>
						</TextLine>
						<TextLine ID="line_39" HPOS="280" VPOS="2316" WIDTH="503" HEIGHT="39">
							<String ID="string_370" HPOS="280" VPOS="2317" WIDTH="190" HEIGHT="29" WC="0.96" CONTENT="nationella"/><SP WIDTH="25" VPOS="2317" HPOS="470"/>
							<String ID="string_371" HPOS="495" VPOS="2316" WIDTH="288" HEIGHT="39" WC="0.96" CONTENT="organisationer."/>
						</TextLine>
					</TextBlock>
					<TextBlock ID="block_7" HPOS="280" VPOS="2368" WIDTH="1490" HEIGHT="138">
						<TextLine ID="line_40" HPOS="325" VPOS="2368" WIDTH="1444" HEIGHT="40">
							<String ID="string_372" HPOS="325" VPOS="2370" WIDTH="176" HEIGHT="29" WC="0.95" CONTENT="Utskottet"/><SP WIDTH="32" VPOS="2370" HPOS="501"/>
							<String ID="string_373" HPOS="533" VPOS="2369" WIDTH="65" HEIGHT="29" WC="0.96" CONTENT="har"/><SP WIDTH="29" VPOS="2369" HPOS="598"/>
							<String ID="string_374" HPOS="627" VPOS="2369" WIDTH="57" HEIGHT="29" WC="0.96" CONTENT="vid"/><SP WIDTH="33" VPOS="2369" HPOS="684"/>
							<String ID="string_375" HPOS="717" VPOS="2368" WIDTH="52" HEIGHT="30" WC="0.96" CONTENT="sin"/><SP WIDTH="33" VPOS="2368" HPOS="769"/>
							<String ID="string_376" HPOS="802" VPOS="2368" WIDTH="217" HEIGHT="40" WC="0.96" CONTENT="granskning"/><SP WIDTH="32" VPOS="2368" HPOS="1019"/>
							<String ID="string_377" HPOS="1051" VPOS="2378" WIDTH="42" HEIGHT="20" WC="0.96" CONTENT="av"/><SP WIDTH="32" VPOS="2378" HPOS="1093"/>
							<String ID="string_378" HPOS="1125" VPOS="2369" WIDTH="40" HEIGHT="29" WC="0.96" CONTENT="de"/><SP WIDTH="33" VPOS="2369" HPOS="1165"/>
							<String ID="string_379" HPOS="1198" VPOS="2368" WIDTH="236" HEIGHT="39" WC="0.93" CONTENT="föreliggande"/><SP WIDTH="34" VPOS="2368" HPOS="1434"/>
							<String ID="string_380" HPOS="1468" VPOS="2368" WIDTH="301" HEIGHT="39" WC="0.91" CONTENT="författningsför-"/>
						</TextLine>
						<TextLine ID="line_41" HPOS="280" VPOS="2421" WIDTH="1490" HEIGHT="41">
							<String ID="string_381" HPOS="280" VPOS="2423" WIDTH="119" HEIGHT="39" WC="0.96" CONTENT="slagen"/><SP WIDTH="26" VPOS="2423" HPOS="399"/>
							<String ID="string_382" HPOS="425" VPOS="2423" WIDTH="72" HEIGHT="30" WC="0.96" CONTENT="inte"/><SP WIDTH="27" VPOS="2423" HPOS="497"/>
							<String ID="string_383" HPOS="524" VPOS="2422" WIDTH="119" HEIGHT="30" WC="0.96" CONTENT="funnit"/><SP WIDTH="28" VPOS="2422" HPOS="643"/>
							<String ID="string_384" HPOS="671" VPOS="2422" WIDTH="188" HEIGHT="39" WC="0.96" CONTENT="anledning"/><SP WIDTH="28" VPOS="2422" HPOS="859"/>
							<String ID="string_385" HPOS="887" VPOS="2422" WIDTH="51" HEIGHT="29" WC="0.96" CONTENT="till"/><SP WIDTH="28" VPOS="2422" HPOS="938"/>
							<String ID="string_386" HPOS="966" VPOS="2422" WIDTH="142" HEIGHT="29" WC="0.96" CONTENT="erinran"/><SP WIDTH="29" VPOS="2422" HPOS="1108"/>
							<String ID="string_387" HPOS="1137" VPOS="2421" WIDTH="65" HEIGHT="30" WC="0.96" CONTENT="och"/><SP WIDTH="26" VPOS="2421" HPOS="1202"/>
							<String ID="string_388" HPOS="1228" VPOS="2422" WIDTH="194" HEIGHT="38" WC="0.96" CONTENT="tillstyrker"/><SP WIDTH="29" VPOS="2422" HPOS="1422"/>
							<String ID="string_389" HPOS="1451" VPOS="2421" WIDTH="134" HEIGHT="30" WC="0.93" CONTENT="således"/><SP WIDTH="29" VPOS="2421" HPOS="1585"/>
							<String ID="string_390" HPOS="1614" VPOS="2422" WIDTH="156" HEIGHT="39" WC="0.91" CONTENT="proposi-"/>
						</TextLine>
						<TextLine ID="line_42" HPOS="282" VPOS="2476" WIDTH="386" HEIGHT="30">
							<String ID="string_391" HPOS="282" VPOS="2476" WIDTH="117" HEIGHT="30" WC="0.96" CONTENT="tionen"/><SP WIDTH="26" VPOS="2476" HPOS="399"/>
							<String ID="string_392" HPOS="425" VPOS="2476" WIDTH="11" HEIGHT="29" WC="0.96" CONTENT="i"/><SP WIDTH="26" VPOS="2476" HPOS="436"/>
							<String ID="string_393" HPOS="462" VPOS="2476" WIDTH="115" HEIGHT="30" WC="0.95" CONTENT="denna"/><SP WIDTH="27" VPOS="2476" HPOS="577"/>
							<String ID="string_394" HPOS="604" VPOS="2476" WIDTH="64" HEIGHT="29" WC="0.95" CONTENT="del."/>
						</TextLine>
					</TextBlock>
				</ComposedBlock>
			</PrintSpace>
		</Page>
	</Layout>
</alto>
