1900 2790
400 149 405 40 Bevillningsutskottets
832 150 219 31 betänkande
1076 161 43 20 nr
1144 153 38 29 61
1210 153 39 29 år
1276 153 84 30 1963
1590 156 35 30 11

140 227 160 31 förordas
328 247 44 3 —
403 231 84 27 utan
516 230 113 30 direkt
659 232 245 29 motsvarande
936 232 160 39 åtgärder
1128 233 79 29 från
1239 234 110 29 andra
1381 234 138 29 länders
1552 234 76 29 sida

137 300 43 2 —
199 283 50 28 att
268 282 138 30 skatten
425 283 44 39 på
489 283 97 30 kaffe
607 284 87 29 skall
717 285 115 38 slopas
854 285 79 29 från
955 294 134 21 samma
1110 286 177 39 tidpunkt.

182 335 67 30 Till
272 335 212 41 behandling
507 337 10 29 i
541 337 94 30 detta
658 338 256 40 sammanhang
938 339 64 29 har
1026 339 170 30 utskottet
1222 341 158 39 upptagit
1405 341 41 30 de
1470 341 57 30 vid
1552 341 76 30 vår-

138 389 179 29 sessionen
342 399 41 20 av
408 390 235 31 innevarande
670 391 57 29 års
753 391 142 41 riksdag
921 392 124 31 väckta
1072 394 220 29 motionerna
1320 394 28 29 I:
1365 394 37 30 51
1431 395 65 42 och
1524 395 44 30 II:
1586 395 40 29 56

138 444 91 27 samt
255 443 176 30 motionen
459 444 44 29 II:
520 443 73 30 430.
622 445 12 29 I
662 445 215 30 sistnämnda
903 446 132 30 motion
1061 447 64 29 har
1151 448 120 36 yrkats
1299 448 72 29 dels
1399 448 227 37 upphävande

137 505 42 20 av
203 496 136 30 skatten
361 497 43 37 på
427 497 96 30 kaffe
548 498 64 29 och
635 499 73 29 dels
732 499 328 37 riksdagsskrivelse
1084 501 78 29 med
1188 501 149 37 begäran
1363 511 56 20 om
1443 503 184 36 utredning

137 558 42 20 av
203 550 41 29 de
269 550 167 39 problem,
462 560 74 20 som
563 552 295 39 sammanhänger
885 554 78 29 med
991 554 182 39 slopandet
1201 564 42 20 av
1269 556 105 29 tullar
1401 556 65 29 och
1493 556 133 30 skatter

136 602 45 39 på
202 612 101 21 varor
325 603 78 30 från
430 605 216 34 u-länderna,
670 606 209 39 exempelvis
903 606 108 35 kaffe,
1036 608 126 34 kakao,
1186 610 43 31 te,
1254 608 153 39 kryddor
1432 610 64 29 och
1521 609 105 30 bana-

137 665 71 20 ner.
235 657 137 29 Jämväl
398 658 10 28 i
435 658 219 30 motionerna
682 658 84 30 1:51
797 660 64 29 och
889 660 45 29 II:
952 660 39 29 56
1020 661 63 29 har
1111 661 138 40 begärts
1280 663 186 39 utredning
1495 663 9 29 i
1534 663 90 39 syfte

136 711 50 27 att
208 710 162 30 avskaffa
392 711 82 29 eller
496 712 184 39 väsentligt
703 713 166 30 reducera
893 714 105 29 tullar
1020 715 65 29 och
1108 715 110 29 andra
1242 715 283 35 handelshinder,
1550 726 75 20 som

136 762 178 31 försvårar
337 764 225 30 u-ländernas
588 767 131 38 export.

181 816 138 30 Allmän
338 818 138 39 enighet
495 818 101 30 råder
615 829 56 19 om
691 822 49 28 att
761 820 135 40 Sverige
917 822 9 28 i
946 821 90 29 ökad
1056 821 213 40 omfattning
1289 823 61 29 bör
1371 823 135 40 deltaga
1526 824 11 29 i
1558 824 66 29 den

135 870 394 36 biståndsverksamhet,
552 881 74 20 som
650 882 99 20 avser
772 875 49 28 att
845 873 130 40 främja
999 875 56 29 det
1079 875 231 31 ekonomiska
1334 876 291 31 framåtskridan-

135 923 56 29 det
218 924 10 29 i
254 924 217 30 u-länderna.
498 925 175 31 Utskottet
700 927 59 29 vill
785 927 10 29 i
822 927 94 30 detta
945 929 255 40 sammanhang
1227 930 115 29 erinra
1370 939 56 20 om
1456 930 82 30 1962
1567 931 56 29 års

135 977 277 39 riksdagsbeslut
438 979 148 29 rörande
613 980 41 29 de
682 980 178 30 allmänna
887 981 223 39 principerna
1139 982 54 30 för
1222 983 56 30 det
1308 984 148 29 svenska
1485 985 140 29 utveck-

134 1030 278 39 lingsbiståndet.
438 1032 79 29 Som
541 1034 48 28 ett
613 1033 54 29 led
692 1034 10 28 i
727 1034 114 29 denna
866 1034 222 31 verksamhet
1113 1035 65 30 har
1204 1036 135 40 Sverige
1366 1038 109 29 under
1502 1046 121 22 senare

134 1083 38 29 år
198 1084 111 29 aktivt
335 1085 142 39 deltagit
504 1086 95 29 inom
625 1086 94 30 olika
745 1087 284 31 internationella
1056 1090 277 38 organisationer
1360 1091 10 28 i
1397 1091 227 40 behandling-

134 1146 42 20 en
197 1147 42 19 av
259 1138 40 29 de
319 1138 167 39 problem,
508 1148 73 20 som
604 1141 295 39 sammanhänger
920 1142 79 29 med
1021 1142 215 40 främjandet
1258 1153 43 20 av
1322 1144 225 30 u-ländernas
1571 1147 52 27 ut-

135 1190 233 31 rikeshandel.
400 1191 130 30 Genom
561 1193 60 29 vår
653 1194 236 30 traditionella
922 1195 323 40 frihandelspolitik
1277 1198 199 38 tillgodoses
1509 1199 10 28 i
1553 1199 69 29 viss

133 1244 83 29 mån
239 1245 86 29 även
349 1246 226 29 u-ländernas
599 1247 174 30 intressen
797 1257 42 20 av
862 1249 444 40 avsättningsmöjligheter
1331 1251 54 29 för
1411 1252 53 29 sin
1491 1254 131 37 export.

134 1298 49 29 De
213 1298 368 36 överenskommelser,
613 1309 75 21 som
720 1310 48 20 nu
800 1301 143 30 träffats
975 1303 93 29 inom
1102 1303 417 40 GATT-organisationen
1552 1306 70 30 kan

133 1353 72 27 mot
226 1351 231 40 bakgrunden
477 1353 109 29 härav
606 1354 71 29 inte
701 1355 94 29 möta
817 1355 109 39 några
948 1356 192 39 väsentliga
1164 1358 267 39 invändningar,
1454 1359 65 29 och
1542 1359 80 30 från

134 1405 128 29 svensk
288 1405 76 29 sida
389 1406 61 28 bör
478 1407 189 38 självfallet
696 1407 160 40 åtgärder
885 1411 138 27 snarast
1050 1409 158 40 vidtagas
1237 1411 11 29 i
1276 1411 345 31 överensstämmelse

132 1458 79 29 med
231 1458 41 29 de
291 1459 243 30 ovannämnda
556 1460 424 31 rekommendationerna.
1001 1463 176 30 Utskottet
1199 1464 192 39 tillstyrker
1412 1465 119 30 därför
1553 1466 69 29 för-

133 1511 108 39 slaget
266 1512 10 28 i
300 1512 261 39 propositionen
586 1522 56 20 om
668 1514 232 39 upphävande
927 1524 42 20 av
993 1516 109 29 tullen
1128 1517 45 38 på
1200 1519 41 28 (te.
1268 1518 178 39 Förslaget
1473 1528 54 20 om
1556 1520 65 29 slo-

132 1565 113 38 pande
268 1574 42 20 av
332 1565 138 30 skatten
493 1566 44 39 på
560 1566 97 30 kaffe
681 1567 75 34 har,
781 1567 116 30 såsom
922 1568 213 31 framhållits
1159 1580 42 19 av
1225 1571 396 39 departementschefen,

132 1619 47 27 ett
201 1618 97 34 visst,
319 1627 56 20 om
397 1619 43 29 än
463 1620 137 29 relativt
623 1620 185 39 begränsat
831 1622 105 29 värde
959 1622 116 30 såsom
1099 1623 152 30 initiativ
1273 1624 55 30 för
1351 1625 270 40 tillgodoseende

131 1680 43 19 av
198 1672 225 29 u-ländernas
450 1673 191 30 önskemål.
679 1674 176 30 Utskottet
881 1676 193 38 tillstyrker
1100 1678 263 39 propositionen
1389 1679 86 30 även
1502 1680 10 29 i
1540 1681 81 29 den-

132 1734 44 19 na
201 1725 53 29 del
280 1734 79 20 men
384 1726 59 29 vill
467 1727 11 28 i
502 1726 110 30 likhet
637 1728 78 29 med
742 1728 387 39 departementschefen
1155 1731 236 40 understryka
1417 1734 204 39 angelägen-

131 1777 104 29 heten
263 1788 42 19 av
331 1781 50 27 att
410 1779 337 40 skattesänkningen
776 1782 159 30 kommer
964 1783 51 29 till
1045 1783 115 30 direkt
1189 1786 141 38 uttryck
1359 1786 9 29 i
1399 1795 41 20 en
1470 1789 151 27 motsva-

131 1831 107 29 rande
273 1832 260 40 prissänkning.
569 1834 212 39 Härigenom
816 1835 64 29 har
915 1836 87 29 även
1025 1837 206 38 yrkandena
1256 1838 11 29 i
1292 1839 177 30 motionen
1495 1840 45 30 II:
1557 1840 63 30 430

131 1884 10 28 i
162 1884 92 29 vissa
276 1885 94 29 delar
392 1885 98 30 blivit
511 1886 263 39 tillgodosedda.

175 1938 74 28 Vad
273 1937 153 30 härefter
450 1938 107 40 angår
582 1940 359 39 motionsyrkandena
966 1950 56 21 om
1048 1943 188 39 utredning
1262 1945 147 29 rörande
1435 1946 110 30 andra
1571 1947 49 29 åt-

129 1990 125 39 gärder
274 1991 54 29 för
349 1993 50 28 att
420 1991 130 40 främja
571 1992 153 30 handeln
746 1994 78 29 med
848 1995 207 30 u-länderna
1077 1995 54 30 får
1155 1997 169 30 utskottet
1346 1998 123 31 anföra
1493 1999 127 40 följan-

130 2044 51 29 de.
209 2044 49 29 De
284 2044 125 30 hittills
436 2045 189 39 uppnådda
652 2047 192 29 resultaten
873 2057 42 20 av
941 2048 57 30 det
1026 2049 284 31 internationella
1338 2052 209 31 samarbetet
1576 2054 44 39 på

130 2096 229 31 förevarande
388 2098 141 30 område
559 2099 68 29 kan
657 2100 202 39 visserligen
890 2101 178 30 betraktas
1099 2111 75 21 som
1204 2103 274 32 förhållandevis
1508 2106 111 40 ringa,

129 2158 80 21 men
228 2151 217 38 spörsmålen
464 2152 118 38 ägnas,
602 2152 116 30 såsom
739 2153 154 40 framgår
913 2164 42 19 av
973 2156 275 38 propositionen,
1269 2157 140 31 fortsatt
1430 2160 189 38 uppmärk-

130 2203 136 29 samhet
285 2213 42 20 av
346 2204 114 29 skilda
479 2205 283 30 internationella
782 2214 118 31 organ,
922 2207 43 29 bl.
987 2217 28 20 a.
1044 2209 3 28 i
1069 2209 40 29 de
1131 2209 223 32 kommittéer
1374 2211 95 30 inom
1491 2212 127 34 GATT,

130 2264 74 20 som
226 2256 191 29 behandlar
438 2258 319 38 u-landsfrågorna.
779 2259 228 31 Beträffande
1030 2261 114 29 kakao
1167 2262 64 29 har
1253 2272 82 20 man
1358 2264 10 29 i
1391 2264 111 30 första
1524 2265 94 30 hand

130 2308 79 29 sökt
230 2308 35 29 få
284 2310 47 28 ett
351 2309 219 30 råvaruavtal
592 2311 51 28 till
665 2311 103 30 stånd
790 2312 9 28 i
821 2312 90 38 syfte
934 2314 49 27 att
1005 2314 118 38 uppnå
1145 2314 111 30 bättre
1279 2316 252 38 prisstabilitet,
1554 2319 64 29 och

128 2361 86 28 även
237 2361 91 30 vissa
350 2362 109 30 andra
483 2363 155 38 tropiska
661 2364 192 38 produkter
876 2365 38 29 är
938 2365 145 30 föremål
1108 2366 54 30 för
1187 2367 141 31 fortsatt
1352 2370 266 38 uppmärksam-

130 2414 67 29 het.
220 2414 135 39 Sverige
376 2415 61 29 bör
458 2416 85 29 även
566 2416 8 29 i
598 2416 270 39 fortsättningen
893 2418 130 30 inrikta
1046 2419 78 30 sina
1146 2420 150 30 insatser
1318 2422 44 38 på
1383 2425 50 27 alt
1455 2424 163 30 avskaffa

130 2467 240 30 restriktioner
402 2468 52 29 för
487 2469 225 30 u-ländernas
743 2473 132 36 export,
908 2471 123 30 främst
1064 2473 305 40 råvaruexporten.
1402 2476 66 29 För
1500 2479 49 28 att
1584 2478 34 29 få
