2226 2648
704 188 255 34 Statsutskottets
989 187 171 34 Utlåtande
1185 184 62 33 N:o
1274 189 49 28 78.
1773 183 37 30 11

215 274 94 35 stick
347 274 68 35 och
453 272 201 47 litografier
692 274 97 32 samt
827 270 189 36 dessutom
1054 267 169 38 stålstick
1261 267 67 35 och
1368 266 150 36 träsnitt
1551 265 39 36 af
1618 276 78 24 mer
1725 264 89 36 eller

216 328 138 35 mindre
375 326 122 37 värde.
534 326 200 35 Dessutom
754 324 135 35 funnes
911 335 46 24 en
978 323 57 35 del
1056 322 139 36 vackra
1214 320 257 48 planschverk.
1509 318 304 47 Manuskriptens

215 382 102 35 antal
347 392 88 24 vore
463 380 82 35 icke
574 379 112 46 ringa.

347 433 79 36 Allt
454 433 103 35 detta
585 431 122 48 gjorde
737 431 103 35 detta
863 430 176 37 bibliotek
1059 429 52 35 till
1134 432 53 32 ett
1205 427 174 47 gifvande
1400 425 197 37 arbetsfält
1615 425 57 36 för
1691 424 122 36 forsk-

218 488 132 46 ningen
379 487 48 46 på
456 497 144 24 samma
628 485 96 46 gång
753 496 79 24 som
861 484 61 35 det
951 484 113 35 äfven
1092 482 95 35 hade
1217 480 64 36 sitt
1310 484 103 31 stora
1441 479 113 36 värde
1578 478 57 36 för
1655 478 158 35 allmän-

216 542 122 42 heten,
379 539 175 36 särskildt
591 538 57 36 för
686 538 70 35 den
794 537 250 36 intresserade
1078 535 106 35 delen
1214 534 38 36 af
1280 534 225 35 densamma.
1560 532 144 42 Denna,
1735 542 79 24 som

217 594 120 36 sällan
374 593 115 35 funne
528 594 119 44 vägen
685 591 55 35 till
774 590 318 42 skolbiblioteken,
1124 588 121 36 skulle
1274 587 76 35 helt
1379 585 96 36 visst
1504 585 121 35 erfara
1655 595 46 25 en
1731 583 85 36 vida

217 647 168 36 starkare
415 644 301 48 dragningskraft
743 643 54 36 till
827 643 212 36 Jämtlands
1067 641 186 44 bibliotek,
1285 651 59 24 om
1373 639 102 35 detta
1500 638 217 47 inflyttades
1737 637 10 35 i
1768 648 46 24 en

218 701 132 36 enkom
387 699 57 37 för
481 699 85 35 dess
604 697 158 47 räkning
799 697 154 47 uppförd
987 695 180 49 byggnad,
1199 694 10 35 i
1239 693 203 48 synnerhet
1472 704 58 24 om
1559 692 11 35 i
1598 691 218 36 densamma

218 754 185 48 inrymdes
432 753 113 36 äfven
575 756 54 32 ett
656 763 169 24 museum
854 750 57 36 för
939 751 94 36 skön
1061 750 122 42 konst,
1209 751 47 33 än
1277 745 250 38 förhållandet
1547 745 119 36 skulle
1686 744 127 44 blifva,

217 820 58 24 om
304 808 61 36 det
394 806 226 48 inpackades
649 805 11 35 i
690 817 46 24 en
766 804 212 47 antagligen
1007 804 107 45 trång
1142 802 99 36 lokal
1271 802 9 34 i
1310 801 203 36 skolhuset.

349 859 243 37 Beträffande
613 859 61 35 det
694 858 216 36 nuvarande
930 856 309 38 bibliotekshuset
1253 855 95 35 hade
1365 854 103 36 detta
1482 865 132 35 genom
1630 852 186 47 professor

217 914 259 37 Zetterströms
506 924 92 36 egen
627 912 143 47 försorg
799 911 213 36 anskaffats
1040 911 57 35 för
1125 909 70 35 den
1225 908 39 36 af
1291 908 135 35 honom
1456 906 163 36 skänkta
1642 906 173 35 boksam-

217 969 123 46 lingen
370 967 68 36 och
466 966 170 36 tillhörde
666 965 158 36 sålunda
843 964 131 36 denna.
1030 963 136 36 Likaså
1186 974 87 24 vore
1294 965 152 39 tomten,
1469 960 46 47 på
1535 959 152 36 hvilken
1707 959 110 35 huset

219 1022 114 44 stode,
363 1032 133 36 genom
524 1021 85 46 laga
638 1019 111 36 skifte
779 1018 116 36 afsatt
924 1018 38 35 åt
991 1017 224 42 biblioteket,
1245 1015 81 36 icke
1356 1015 39 35 åt
1423 1013 219 36 läroverket.

349 1074 242 47 Landstinget
634 1073 86 36 ville
758 1072 120 36 uttala
907 1072 57 36 sin
994 1070 214 48 anslutning
1235 1069 53 36 till
1317 1067 499 49 justitiekanslersämbetets

219 1129 157 47 mening,
416 1132 56 32 att
505 1131 53 33 ett
586 1129 231 45 gemensamt
844 1138 114 24 namn
987 1126 115 35 måtte
1130 1124 121 48 gifvas
1280 1123 40 35 åt
1348 1123 44 35 de
1421 1121 285 47 boksamlingar,
1738 1132 78 24 som

217 1184 145 35 komme
401 1186 55 32 att
493 1182 11 35 i
539 1182 71 35 den
638 1193 76 35 nya
743 1179 416 48 biblioteksbyggnaden
1194 1178 182 42 förvaras,
1407 1175 194 37 äfvensom
1632 1178 56 32 att
1716 1174 102 36 detta

218 1248 112 25 namn
367 1237 118 35 måtte
521 1235 117 36 blifva
675 1233 212 37 Jämtlands
925 1233 183 36 bibliotek.
1164 1230 190 48 Därjämte
1391 1230 116 35 funne
1546 1228 228 47 landstinget
1806 1227 11 35 i

218 1291 116 35 likhet
361 1290 83 35 med
474 1301 144 24 samma
646 1287 362 47 ämbetsmyndighet
1026 1286 288 36 bestämmelsen
1335 1283 192 48 angående
1547 1282 270 48 äganderätten

218 1344 53 36 till
302 1343 43 36 de
375 1342 185 37 särskilda
586 1341 327 47 boksamlingarna
942 1340 183 47 obehöflig
1153 1339 68 36 och
1250 1338 11 35 i
1291 1337 77 36 viss
1397 1337 87 36 mån
1504 1337 113 35 äfven
1638 1335 178 47 olämplig.

218 1397 227 51 Läroverket
464 1396 95 36 hade
579 1395 130 37 härvid
730 1395 132 36 endast
882 1406 46 24 en
949 1396 75 34 rätt
1043 1397 53 33 att
1116 1392 171 44 förvalta,
1310 1403 79 24 som
1408 1391 110 47 ingen
1538 1390 103 36 torde
1657 1392 159 33 antasta.

350 1451 125 36 Äfven
504 1462 57 24 om
592 1449 220 36 Jämtlands
840 1447 197 45 bibliotek',
1068 1448 124 35 såsom
1217 1445 227 47 landstinget
1464 1444 176 43 önskade,
1663 1443 153 36 ställdes

219 1505 115 36 under
363 1517 46 24 en
439 1504 159 47 styrelse
629 1503 38 36 af
695 1506 55 32 tre
780 1513 187 37 personer,
999 1501 156 37 utsedda
1183 1500 47 48 på
1259 1501 77 35 sätt
1363 1499 202 47 föreslaget
1593 1509 99 32 vore,
1713 1496 104 36 torde

220 1560 121 35 denna
379 1558 103 36 alltid
519 1558 149 36 komma
705 1560 55 32 att
789 1556 55 36 till
874 1555 253 37 bibliotekarie
1156 1553 174 37 förordna
1358 1565 47 24 en
1435 1552 39 36 af
1502 1552 152 37 skolans
1684 1551 131 43 lärare,

220 1614 124 35 därest
373 1625 46 23 en
449 1612 117 36 sådan
595 1612 147 43 funnes,
774 1623 79 24 som
882 1622 88 23 vore
1000 1608 148 48 lämplig
1171 1608 56 36 för
1248 1607 147 36 värfvet
1416 1607 67 36 och
1503 1606 119 36 tillika
1642 1605 102 47 villig
1763 1607 54 33 att

220 1668 111 46 åtaga
359 1666 55 47 sig
443 1666 207 36 detsamma
678 1668 76 32 mot
778 1664 70 36 den
870 1663 217 47 ersättning,
1110 1675 79 24 som
1208 1661 123 36 kunde
1351 1661 155 36 lämnas.
1562 1659 135 36 Säkert
1716 1669 99 32 vore,

220 1724 65 41 att,
316 1733 58 23 om
404 1720 116 36 saken
551 1719 43 36 så
623 1719 192 43 ordnades,
847 1718 120 36 skulle
990 1717 81 36 med
1092 1717 62 35 det
1171 1716 119 36 första
1310 1718 55 33 ett
1384 1714 189 47 tidsenligt
1594 1713 223 47 reglemente

219 1775 191 36 utarbetas
440 1774 67 35 och
536 1773 169 36 utfärdas
734 1775 96 34 samt
858 1771 119 36 tillika
1007 1783 45 24 en
1082 1769 155 37 effektiv
1265 1769 160 36 kontroll
1454 1768 105 36 öfver
1581 1766 236 37 bibliotekets

219 1828 225 46 förvaltning
472 1827 148 36 införas.
912 1839 2 2 i
1714 1823 6 3 i

325 1882 133 47 Kungl.
487 1880 122 48 Maj:ts
637 1878 414 49 befallningshafvande
1080 1878 10 35 i
1120 1878 102 35 länet
1250 1876 95 36 hade
1375 1875 201 47 föreslagit,
1608 1878 56 32 att
1688 1873 129 36 biblio-

220 1936 103 36 teket
360 1936 120 35 skulle
519 1935 58 36 stå
616 1934 116 36 under
769 1933 283 36 öfverinseende
1090 1932 39 36 af
1166 1930 241 48 domkapitlet
1442 1929 5 35 i
1475 1928 232 44 Hernösand,
1739 1940 79 24 som

222 1990 119 36 skulle
361 1989 173 37 förordna
553 1987 265 45 bibliotekarie,
840 1987 195 36 hvaremot
1055 1986 69 35 den
1146 1984 241 37 ekonomiska
1406 1983 275 47 förvaltningen
1697 1981 120 37 skulle

221 2044 235 36 handhafvas
494 2042 39 36 af
570 2054 46 24 en
655 2042 170 48 styrelse,
865 2040 203 37 bestående
1106 2039 39 37 af
1171 2042 56 33 tre
1256 2039 57 35 för
1341 2038 78 36 viss
1449 2037 48 36 tid
1529 2036 157 37 utsedda
1714 2035 103 37 leda-

220 2099 127 42 möter,
388 2097 39 35 af
463 2096 128 36 hvilka
628 2095 251 48 domkapitlet,
916 2094 226 46 landstinget
1171 2093 66 36 och
1268 2091 337 47 stadsfullmäktige
1634 2089 184 37 hvardera

222 2152 136 35 insatte
388 2163 57 31 en,
477 2154 98 32 samt
603 2154 56 32 att
687 2150 167 36 skötseln
875 2148 39 37 af
933 2147 214 37 biblioteket
1167 2146 121 37 skulle
1308 2146 67 36 ske
1395 2145 12 35 i
1427 2144 390 38 öfverensstämmelse

221 2206 79 35 med
331 2204 235 44 instruktion,
598 2216 78 24 som
706 2203 39 37 af
773 2202 241 47 domkapitlet
1041 2200 240 37 fastställdes.

354 2258 118 37 Häraf
500 2258 215 47 framginge,
746 2261 55 32 att
825 2257 86 36 hela
932 2255 222 48 inflytandet
1174 2255 22 35 å
1215 2253 235 37 bibliotekets
1472 2253 99 43 vård,
1594 2251 225 47 förvaltning

223 2313 65 36 och
328 2312 193 47 tillökning
557 2324 131 35 genom
727 2311 183 48 bokinköp
949 2310 193 36 äfvensom
1171 2307 298 38 bestämmandet
1497 2307 39 36 af
1564 2307 62 35 det
1654 2308 87 41 sätt,
1773 2305 45 47 på
