1912 2827
474 160 451 30 Konstitutionsutskottets
942 160 177 29 utlåtande
1134 169 42 20 nr
1190 160 41 30 23
1246 161 38 28 år
1300 160 83 29 1967
1655 163 13 28 1

850 461 50 35 Nr
930 461 49 35 23

598 565 451 30 Konstitutionsutskottets
1065 565 178 30 utlåtande
1259 565 10 30 i
1281 564 189 40 anledning
1484 574 43 21 av
1540 564 131 30 motion

628 620 178 39 angående
830 620 153 29 ändrade
1010 619 259 29 bestämmelser
1293 628 54 20 om
1374 619 233 39 upprättande
1631 627 41 21 av

628 673 189 40 röstlängd.

233 781 13 29 I
272 781 178 30 motionen
475 790 42 20 nr
544 781 61 29 339
632 782 10 28 i
669 781 110 29 andra
804 781 206 29 kammaren
1036 790 42 20 av
1103 781 80 29 herr
1211 780 144 30 Werbro
1381 780 192 35 hemställs,
1603 782 70 28 »att

186 835 187 40 riksdagen
396 835 79 30 ville
498 836 12 29 i
534 835 166 29 skrivelse
723 835 52 29 till
799 835 125 39 Kungl.
948 835 106 39 Maj:t
1077 834 142 30 anhålla
1241 835 51 29 att
1315 834 125 40 Kungl.
1464 835 106 39 Maj:t
1593 834 79 30 ville

188 889 55 30 för
268 889 237 30 innevarande
531 889 142 39 riksdag
700 888 193 40 framlägga
920 888 131 40 förslag
1076 888 52 30 till
1155 889 109 39 regler
1291 889 11 29 i
1329 889 99 38 lagen
1455 897 57 20 om
1538 889 56 29 val
1619 888 54 30 till

186 944 188 38 riksdagen
398 943 149 29 rörande
572 952 42 20 en
638 952 47 29 ny
709 943 159 29 rationell
894 943 148 39 ordning
1065 942 54 29 för
1144 942 225 39 uppgörande
1394 952 42 19 av
1461 943 211 38 röstlängd>.

706 1107 169 32 Gällande
891 1106 264 33 bestämmelser

232 1211 290 39 Grundläggande
545 1210 216 40 stadganden
783 1219 58 20 om
860 1210 218 39 röstlängder
1101 1219 75 20 som
1197 1210 169 38 grundval
1389 1210 55 29 för
1465 1210 208 30 rösträttens

188 1265 174 29 utövande
381 1264 172 30 återfinns
572 1265 11 29 i
604 1264 38 29 16
664 1264 15 37 $
700 1264 365 39 riksdagsordningen,
1086 1264 18 29 6
1135 1263 6 37 $
1161 1264 319 39 kommunallagen,
1501 1264 18 29 6
1541 1263 15 37 $
1577 1264 97 29 kom-

188 1319 223 39 munallagen
434 1318 54 29 för
513 1318 211 34 Stockholm,
749 1317 16 29 7
792 1317 14 37 8
832 1317 297 40 landstingslagen
1152 1317 65 30 och
1240 1317 18 30 9
1284 1317 14 37 8
1323 1318 100 39 lagen
1446 1327 58 20 om
1527 1317 147 31 försam-

189 1372 248 39 lingsstyrelse.
453 1372 168 29 Närmare
637 1371 262 30 bestämmelser
917 1379 56 32 ges
990 1371 11 29 i
1017 1371 128 29 37—53
1163 1381 20 19 a
1201 1371 36 37 $$
1256 1371 100 39 lagen
1372 1380 57 20 om
1445 1371 55 29 val
1517 1371 53 29 till
1586 1371 88 29 riks-

189 1425 111 39 dagen
318 1426 66 29 och
402 1425 107 30 6-—10
525 1425 23 29 b
568 1425 36 37 $$
624 1424 229 30 kommunala
870 1425 173 38 vallagen;
1065 1424 104 30 såvitt
1186 1425 64 29 här
1270 1425 37 29 är
1326 1434 41 20 av
1385 1425 176 39 betydelse
1580 1425 95 29 över-

188 1481 232 28 ensstämmer
443 1479 41 30 de
506 1479 91 30 båda
618 1479 200 39 vallagarna
841 1479 81 29 helt.
946 1479 205 39 Ytterligare
1175 1479 220 30 föreskrifter
1419 1480 136 30 lämnas
1578 1480 12 29 i
1613 1479 61 29 KK

188 1534 67 29 den
276 1534 38 29 18
332 1534 89 39 april
441 1532 81 31 1947
542 1542 57 21 om
617 1533 234 39 upprättande
869 1542 41 20 av
928 1533 179 39 röstlängd
1125 1532 55 30 för
1197 1534 55 28 val
1270 1534 52 28 till
1340 1533 205 39 riksdagens
1565 1533 110 30 andra

187 1588 181 29 kammare
384 1589 90 27 samt
488 1596 42 20 av
543 1587 206 29 kommunal
764 1586 189 40 röstlängd.

233 1641 277 39 Röstlängderna
539 1641 213 29 tillkommer
782 1641 112 29 under
922 1640 207 30 samverkan
1158 1641 129 29 mellan
1316 1641 234 39 länsstyrelse,
1581 1641 94 30 lokal

190 1694 319 40 skattemyndighet
536 1694 65 29 och
627 1694 204 35 valnämnd;
862 1694 80 29 från
968 1694 94 29 vissa
1089 1694 190 30 avvikelser
1306 1694 222 30 beträffande
1557 1695 117 29 Stock-

188 1749 98 30 holm
304 1749 71 28 kan
395 1748 63 30 här
478 1748 145 29 bortses.
644 1747 126 30 Vidare
791 1748 204 29 medverkar
1015 1748 324 38 pastorsämbetena
1359 1756 124 31 genom
1503 1748 172 39 uppgifts-

189 1802 198 29 lämnande.
406 1801 58 30 Ett
480 1802 10 28 i
508 1801 104 39 detalj
635 1800 167 30 fastställt
820 1801 140 29 schema
978 1801 105 39 gäller
1101 1801 55 29 för
1173 1802 234 38 upprättande
1425 1811 42 20 av
1484 1802 190 39 röstlängd,

188 1865 43 20 av
253 1856 11 30 i
287 1855 208 39 huvuddrag
519 1854 157 40 följande
700 1854 179 30 innebörd.
903 1854 265 39 Länsstyrelsen
1193 1854 214 30 framställer
1431 1855 168 30 stommar
1622 1856 53 29 till

187 1909 267 39 röstlängderna
480 1908 45 39 på
550 1908 170 39 grundval
746 1917 41 20 av
812 1908 314 39 mantalslängden,
1154 1908 106 29 sedan
1286 1909 115 29 denna
1426 1909 98 29 blivit
1550 1909 124 39 färdig.

190 1962 221 30 Stommarna
436 1962 89 29 skall
550 1963 116 28 senast
692 1961 66 30 den
785 1961 37 29 12
847 1961 79 39 juni
950 1961 175 30 tillställas
1151 1961 40 30 de
1216 1962 117 29 lokala
1357 1962 317 40 skattemyndighe-

192 2018 111 33 terna;
324 2016 11 29 i
354 2015 192 30 allmänhet
564 2015 218 30 överlämnas
802 2015 41 29 de
861 2015 191 29 emellertid
1071 2015 108 29 redan
1197 2015 12 29 i
1226 2025 94 20 mars
1339 2016 84 29 eller
1440 2017 98 38 april.
1558 2017 117 29 Under

189 2070 70 39 maj
289 2070 65 29 och
377 2070 79 39 juni
480 2070 185 38 upprättar
690 2068 153 30 härefter
869 2069 41 29 de
935 2069 115 29 lokala
1076 2069 405 40 skattemyndigheterna
1506 2071 169 39 röstläng-

190 2124 118 29 derna.
330 2124 123 28 Pastor
474 2123 89 29 skall
585 2125 117 27 senast
723 2123 66 29 den
813 2123 38 29 12
872 2123 79 39 juni
972 2123 161 29 avlämna
1153 2122 94 30 vissa
1267 2123 176 39 uppgifter
1464 2133 61 30 per
1546 2124 66 30 den
1637 2124 38 29 10

188 2178 90 39 juni.
303 2177 122 30 Senast
448 2177 66 29 den
539 2176 39 30 30
601 2177 80 39 juni
704 2176 87 30 skall
815 2176 266 40 röstlängderna
1102 2186 85 20 vara
1209 2177 136 39 färdiga
1368 2177 65 30 och
1456 2178 219 30 överlämnas

189 2231 52 29 till
261 2231 287 29 valnämnderna.
569 2231 109 28 Dessa
699 2230 88 29 skall
809 2229 194 40 framlägga
1023 2230 190 39 längderna
1234 2230 54 29 för
1309 2231 130 29 allmän
1461 2232 215 39 granskning

190 2286 66 29 den
280 2284 106 30 6—12
410 2285 68 38 juli
501 2284 65 29 och
589 2284 110 29 sända
722 2284 198 39 personliga
942 2284 273 29 underrättelser
1238 2284 52 29 till
1315 2294 106 20 envar
1445 2286 78 29 med
1548 2286 127 39 stadigt

190 2338 158 34 hemvist,
378 2347 75 20 som
480 2337 65 29 har
572 2337 204 30 antecknats
805 2346 75 20 som
908 2337 29 39 ej
969 2337 277 39 röstberättigad.
1274 2337 284 41 Anmärkningar
1587 2339 88 30 skall

190 2401 84 20 vara
295 2392 142 39 ingivna
461 2393 118 27 senast
602 2391 66 29 den
695 2390 37 30 18
756 2391 76 39 juli.
856 2391 75 28 Den
955 2390 40 29 25
1019 2391 66 38 juli
1110 2391 91 34 eller,
1226 2400 57 20 om
1307 2392 56 28 det
1388 2393 38 28 är
1449 2392 122 40 lördag
1594 2393 82 29 eller

191 2445 141 39 söndag,
356 2446 101 28 nästa
479 2445 130 38 vardag
633 2444 277 30 sammanträder
933 2444 276 30 valnämnderna
1233 2444 55 30 för
1310 2445 172 39 prövning
1505 2455 42 20 av
1570 2446 106 30 fram-

191 2499 127 30 ställda
336 2498 284 39 anmärkningar.
639 2498 119 29 Beslut
776 2498 89 29 skall
884 2497 106 30 fattas
1009 2500 116 27 senast
1143 2497 203 40 påföljande
1366 2499 75 39 dag.
1460 2499 128 30 Besvär
1606 2500 70 29 kan

226 2572 15 25 1
279 2569 113 30 Bihang
407 2569 47 24 till
466 2568 170 30 riksdagens
650 2568 147 31 protokoll
812 2568 76 24 1967.
910 2568 15 24 5
939 2568 84 24 saml.
1048 2568 15 24 2
1077 2568 63 24 avd.
1153 2568 40 24 Nr
1211 2572 31 21 23
