2220 2677
679 144 338 33 Jordbrulsutskottets
1034 145 165 33 utlåtande
1222 147 51 31 Nr
1297 148 74 31 131.
1765 148 18 31 5

238 223 222 50 geologiska
488 223 287 50 undersökning
801 225 219 50 ytterligare
1050 226 136 48 anfört,
1216 231 53 32 att
1296 227 75 36 han
1391 227 85 37 med
1495 227 336 59 uppmärksamhet

238 254 85 72 följt
349 253 269 73 utredningen
652 290 60 24 om
749 278 210 37 kostnaden
1001 279 58 36 för
1086 256 243 60 riksmuseets
1357 279 203 50 inredning
1588 280 70 37 och
1686 280 142 48 därvid,

237 328 114 39 bland
393 335 127 42 annat,
542 306 106 60 "med
691 330 245 38 intendenten
969 331 56 37 för
1053 332 70 37 den
1152 333 395 49 zoopaleontologiska
1575 310 255 72 avdelningen

237 383 185 49 överlagt,
452 383 12 36 i
491 359 72 60 vad
591 385 87 34 mån
706 385 376 36 överensstämmelse
1110 385 125 36 kunde
1262 385 133 36 vinnas
1416 385 231 37 beträffande
1667 392 162 31 monter-

237 435 70 36 och
336 435 242 49 möbeltyper.
634 435 120 37 Dessa
786 436 249 48 utredningar
1063 436 94 38 hade
1186 437 207 37 emellertid
1422 439 32 48 ej
1486 438 176 36 föranlett
1690 438 139 37 honom

238 492 55 31 att
320 488 12 35 i
361 490 127 46 någon
516 487 121 49 punkt
665 488 133 48 frångå
827 488 58 36 sin
912 489 12 36 i
953 489 207 37 skrivelsen
1190 490 71 36 den
1292 492 45 34 16
1367 503 99 23 mars
1497 491 95 35 1912
1620 490 211 48 framlagda

237 518 212 70 beräkning
490 539 158 37 rörande
684 516 433 72 inredningskostnaden
1147 541 58 36 för
1239 541 177 49 Sveriges
1444 542 222 49 geologiska
1693 543 137 36 under-

238 591 175 50 sökning,
454 591 127 37 vilken
624 592 171 47 kostnad,
838 593 84 37 med
964 594 148 48 hänsyn
1153 593 55 37 till
1240 567 210 80 lokalernas
1479 596 165 47 omfång,
1669 594 43 49 ju
1740 608 89 23 vore

237 644 237 48 väsentligen
502 644 172 48 billigare
701 649 48 31 än
777 622 211 59 kostnaden
1016 646 60 36 för
1104 646 245 36 riksmuseets
1378 647 212 48 inredning.

365 696 17 36 I
400 672 262 73 ”Riksdagens
692 696 181 38 skrivelse
901 698 159 37 rörande
1094 698 159 49 förnyad
1281 698 203 50 utredning
1513 676 194 71 angående
1726 699 103 37 kost-

237 749 121 36 naden
400 748 59 37 för
500 748 247 38 anskaffande
789 763 46 23 av
876 750 143 37 möbler
1061 751 69 36 och
1170 757 165 30 montrer
1370 751 56 36 till
1454 751 250 37 riksmuseum
1734 752 96 36 hade

238 801 234 48 framhållits,
517 806 53 31 att
611 814 46 24 en
698 802 78 37 viss
817 802 206 50 besparing
1064 803 118 37 skulle
1224 803 128 36 kunna
1384 809 111 43 göras
1524 817 138 36 genom
1691 809 56 31 att
1774 805 56 35 in-

237 854 163 35 skränka
442 853 296 50 användningen
778 868 45 22 av
851 856 217 48 spegelglas
1096 856 11 36 i
1136 861 166 31 montrer
1330 856 70 36 och
1428 856 104 49 skåp.
1589 855 71 37 Om
1688 856 64 36 vid
1775 857 55 35 in-

235 906 208 48 redningen
486 919 45 23 av
573 905 177 51 Sveriges
787 907 221 50 geologiska
1035 908 304 49 undersöknings
1367 908 139 37 lokaler
1535 909 255 48 spegelglaset
1818 909 12 35 i

236 958 460 50 utställningsmontrerna
723 959 171 65 utbyttes
923 966 78 31 mot
1028 973 28 24 s.
1086 961 35 36 k.
1152 960 260 62 dubbeltjockt
1440 961 240 48 fönsterglas,
1710 960 120 37 skulle

235 1010 225 50 visserligen
489 1024 46 23 en
564 1010 202 51 besparing
795 1015 20 33 å
843 1013 111 47 2,325
984 1013 139 36 kronor
1153 1014 46 36 80
1229 1017 62 32 öre
1320 1013 126 36 kunna
1475 1018 124 44 göras,
1630 990 86 59 men
1744 1013 86 37 med

236 1064 148 49 hänsyn
425 1064 57 36 till
514 1064 310 37 beskaffenheten
853 1078 45 23 av
927 1065 45 37 de
1000 1068 80 34 små
1109 1066 70 36 och
1207 1065 117 37 delvis
1353 1065 171 64 otydliga
1552 1066 166 47 föremål,
1748 1079 81 22 som

236 1115 120 37 skulle
397 1116 173 36 utställas
611 1116 13 36 1
663 1116 351 49 undersökningens
1057 1131 181 33 museum,
1281 1120 139 45 ansåge
1461 1118 133 36 chefen
1636 1095 82 58 det
1740 1131 91 23 vara

236 1168 153 36 alldeles
418 1168 244 49 oförsvarligt
691 1173 54 32 att
774 1170 173 36 använda
975 1175 114 31 annat
1117 1175 47 32 än
1192 1169 227 50 spegelglas.
1476 1170 85 36 Han
1589 1170 88 36 ville
1696 1170 12 36 i
1728 1170 101 36 detta

235 1220 217 37 hänseende
495 1221 162 49 åberopa
699 1221 45 37 de
787 1222 232 48 uttalanden,
1062 1236 80 23 som
1181 1223 58 36 för
1266 1222 245 37 riksmuseets
1538 1222 292 37 vidkommande

236 1272 107 36 blivit
371 1273 136 49 gjorda
534 1273 78 36 dels
641 1287 46 22 av
706 1274 296 48 intendenterna,
1012 1252 90 59 'dels
1124 1288 46 23 av
1190 1274 133 37 chefen
1344 1274 58 36 för
1422 1274 408 49 ecklesiastikdeparte-

236 1330 152 31 mentet.

364 1377 58 37 Då
463 1378 192 36 dessutom
700 1379 71 36 alla
803 1384 166 32 montrer
996 1380 70 36 och
1095 1380 116 36 andra
1239 1378 378 59 inredningsföremål
1644 1379 13 36 i
1686 1378 45 37 de
1760 1393 69 22 nu-

238 1429 161 37 varande
426 1430 203 58 lokalerna,
661 1443 79 24 som
769 1434 48 46 på
845 1434 117 46 något
990 1436 74 32 sätt
1091 1432 126 36 kunde
1246 1431 12 36 i
1287 1431 199 37 framtiden
1506 1431 197 50 utnyttjas,
1719 1430 110 38 blivit

236 1481 233 49 anbringade
509 1483 12 35 i
562 1482 364 50 inredningsplanen
965 1485 57 35 för
1047 1484 71 37 den
1146 1498 75 36 nya
1248 1484 244 49 byggnaden,
1521 1484 95 36 hade
1644 1484 58 36 för
1728 1483 100 37 visso

236 1534 49 36 all
327 1534 134 49 möjlig
499 1536 234 47 sparsamhet
760 1536 198 49 iakttagits
986 1536 63 36 vid
1078 1524 462 60 kostnadsberäkningens
1569 1536 258 49 uppgörande.

364 1586 356 50 Byggnadsarbetet
761 1588 96 37 hade
885 1602 50 22 nu
964 1589 232 36 framskridit
1224 1591 41 34 så
1293 1589 118 47 långt,
1442 1593 53 31 att
1524 1602 87 22 man
1639 1587 84 37 med
1750 1588 78 36 viss

234 1638 94 48 grad
371 1652 46 23 av
459 1639 176 36 säkerhet
675 1639 126 38 kunde
845 1641 137 48 angiva
1014 1641 71 36 den
1119 1616 261 73 ungefärliga
1387 1617 237 73 tidpunkten,
1653 1640 47 36 då
1727 1640 102 49 flytt-

234 1691 142 49 ningen
419 1690 120 43 skulle
581 1691 128 37 kunna
746 1693 78 36 ske.
881 1670 130 72 Enligt
1040 1666 292 81 upplysningar,
1357 1706 79 23 som
1464 1693 162 36 lämnats
1656 1705 45 24 av
1731 1692 97 37 arki-

234 1743 129 36 tekten
392 1739 235 72 Anderberg,
659 1745 121 36 skulle
809 1746 44 36 de
881 1759 74 35 nya
968 1722 196 59 lökalerna,
1183 1746 129 35 kunna
1330 1750 133 31 väntas
1477 1758 90 23 vars
1587 1745 148 48 färdiga
1753 1751 77 30 mot

235 1795 114 37 slutet
390 1809 45 23 av
476 1798 40 34 år
548 1797 108 35 1914.
713 1797 57 36 Då
799 1784 294 62 försiktigheten
1121 1797 123 49 bjöde,
1276 1802 54 31 att
1356 1810 171 23 rummen
1555 1797 102 48 finge
1686 1797 143 48 grund-

234 1847 72 49 ligt
346 1848 161 48 uttorka,
549 1848 116 37 innan
706 1849 234 37 korkmattor
951 1828 182 71 ”pålades
1171 1850 69 36 och
1281 1849 269 50 inflyttningen
1593 1826 117 72 ägde
1731 1862 96 50 rum,

235 1876 97 60 samt
360 1873 230 80 flyttningen
619 1902 134 36 endast
781 1903 84 36 med
894 1908 77 30 stor
1000 1903 203 47 olägenhet
1232 1892 125 46 skulle
1379 1879 127 58 kunna
1534 1901 222 36 verkställas
1781 1904 48 46 på

235 1965 124 23 annan
401 1953 116 36 årstid
555 1958 47 31 än
631 1966 223 37 sommaren,
884 1954 46 36 då
959 1933 229 70 geologerna
1216 1967 88 23 vore
1332 1959 63 31 ute
1423 1957 47 46 på
1498 1953 211 47 fältarbete,
1739 1966 90 23 vore

234 2003 64 36 det
339 2005 151 50 tydligt,
542 2010 53 31 att
626 2005 411 50 besittningstagandet
1074 2020 46 23 av
1149 2006 45 37 de
1221 2020 75 36 nya
1323 2006 191 36 lokalerna
1542 2006 34 48 ej
1607 2005 125 36 kunde
1762 2005 67 36 ske

234 2056 127 37 förrän
391 2071 212 23 sommaren
635 2059 109 36 1915.

365 2108 123 38 Sedan
530 2110 157 36 sålunda
726 2111 104 36 tiden
871 2111 59 36 för
961 2110 230 49 flyttningen
1219 2111 110 36 blivit
1356 2110 184 47 bestämd,
1570 2110 96 36 hade
1696 2109 134 37 chefen

233 2160 168 38 hänvänt
430 2162 61 48 sig
518 2162 57 36 till
604 2162 45 36 de
679 2156 145 60 firmor,
855 2156 71 60 som
956 2163 197 36 anmodats
1183 2168 52 31 att
1264 2164 167 35 leverera
1458 2163 265 47 inredningen,
1744 2162 85 36 med

233 2225 47 23 en
309 2214 207 48 förfrågan,
546 2218 67 32 när
641 2214 45 37 de
714 2221 127 31 senast
869 2215 167 36 önskade
1064 2215 73 36 den
1167 2215 194 37 definitiva
1388 2215 280 49 beställningen
1697 2214 60 36 för
1777 2219 54 30 att

233 2264 128 40 kunna
389 2266 86 38 med
503 2266 265 48 omsorgsfullt
797 2268 128 36 arbete
954 2267 70 37 och
1053 2267 247 37 användande
1329 2281 46 23 av
1406 2267 58 36 väl
1492 2267 125 36 torkat
1645 2272 58 32 trä
1721 2266 109 37 verk-
