1916 2828
277 137 19 29 4
669 141 117 30 Första
811 140 238 37 lagutskottets
1076 138 174 32 utlåtande
1275 139 49 31 Nr
1348 140 48 30 19.

280 224 205 30 hemställde
507 225 109 30 mötet
639 234 56 20 om
715 223 197 37 beviljande
934 233 42 21 av
996 224 122 36 anslag
1139 223 55 30 för
1214 225 49 29 att
1285 226 215 33 uppmuntra
1525 231 177 22 samernas
1723 225 64 28 tre-

281 275 113 30 vande
415 274 118 31 försök
555 275 52 30 till
630 275 233 36 organisation
886 275 65 30 och
971 274 152 31 framför
1145 275 58 29 allt
1224 274 51 30 till
1299 274 226 30 anordnande
1547 283 43 20 av
1612 273 177 31 allmänna

281 326 91 29 läns-
393 326 65 29 och
476 326 228 29 landsmöten.

327 435 69 29 För
422 434 278 36 övervakningen
727 444 41 21 av
797 434 159 36 gällande
982 435 98 35 lagar
1107 434 65 30 och
1198 433 246 36 förordningar
1469 434 151 30 rörande
1647 434 140 36 lappvä-

282 485 119 30 sendet
424 484 115 31 finnas
563 485 94 30 olika
682 484 351 37 befattningshavare,
1056 484 175 37 nämligen
1256 484 73 30 dels
1354 485 42 29 de
1419 493 41 21 av
1484 485 172 35 lapparna
1679 484 110 36 själva

281 535 147 30 utsedda
448 535 317 36 ordningsmännen
789 536 66 29 och
877 535 71 30 dels
968 536 41 30 de
1032 545 43 20 av
1098 535 288 36 statsmyndighet
1408 535 212 30 förordnade
1639 535 148 36 lapptill-

281 586 297 36 syningsmännen
602 587 66 29 och
690 585 264 37 lappfogdarna.

327 636 131 31 Genom
486 635 84 31 1886
595 635 55 32 års
673 637 212 35 renbeteslag
907 636 153 30 infördes
1085 637 69 29 rätt
1177 636 55 30 för
1255 636 172 36 lapparna
1450 638 48 28 att
1521 636 97 30 inom
1643 635 49 37 sig
1715 640 74 26 utse

282 687 171 30 särskilda
470 687 352 36 befattningshavare,
845 687 42 30 de
907 696 24 21 s.
951 687 32 30 k.
1004 686 329 36 ordningsmännen.
1372 687 120 30 Denna
1511 686 194 30 institution
1725 687 66 30 har

281 736 197 31 bibehållits
499 737 10 30 i
532 746 122 21 senare
675 737 261 36 renbeteslagar.
979 738 13 29 I
1013 747 48 20 nu
1084 737 158 36 gällande
1264 737 57 36 lag
1343 746 57 21 om
1420 737 42 30 de
1483 737 149 30 svenska
1652 737 136 36 lappar-

283 797 61 21 nas
366 789 67 29 rätt
454 788 50 30 till
521 788 141 30 renbete
680 788 11 30 i
710 788 135 36 Sverige
870 792 54 35 (av
943 788 65 30 den
1031 788 40 29 18
1091 787 65 37 juli
1177 787 94 39 1928)
1296 788 138 36 stadgas
1452 787 11 30 i
1484 788 39 29 13
1544 788 30 36 $,
1596 790 49 28 att
1664 787 11 30 i
1692 788 96 36 lapp-

281 839 46 38 by
346 838 89 30 skall
455 838 117 30 finnas
591 848 43 20 en
654 838 258 36 ordningsman,
932 838 114 30 vilken
1067 839 43 29 de
1131 838 50 30 till
1198 838 156 36 lappbyn
1374 838 165 36 hörande,
1559 837 230 31 renskötande

282 889 171 36 lapparna
475 889 64 35 äga
562 889 97 30 inom
682 889 49 36 sig
754 892 75 27 utse
854 889 57 30 vid
934 889 268 34 sammanträde,
1227 898 75 20 som
1326 888 87 30 efter
1436 888 211 36 Konungens
1670 888 119 31 befall-

282 939 279 36 ningshavandes
592 939 235 30 förordnande
855 938 108 31 hålles
989 938 94 30 inför
1110 938 188 37 lappfogde
1321 939 84 29 eller
1431 939 219 30 landsfiskal.
1703 938 86 31 Ord-

282 989 185 36 ningsman
487 989 129 36 åligger
635 993 49 27 att
704 990 89 30 vaka
812 990 83 29 över
913 989 257 30 efterlevnaden
1190 998 41 21 av
1250 989 160 36 gällande
1430 989 96 36 lagar
1546 989 148 30 rörande
1714 999 75 20 ren-

283 1040 153 30 skötseln
463 1041 64 29 och
553 1050 43 20 av
623 1040 66 30 den
713 1040 55 30 för
792 1040 157 36 lappbyn
974 1039 187 31 utfärdade
1187 1039 239 36 byordningen
1452 1043 89 27 samt
1569 1042 49 28 att
1643 1039 11 30 i
1680 1039 110 36 övrigt

282 1090 102 30 ställa
407 1090 49 36 sig
478 1090 50 30 till
549 1090 225 30 efterrättelse
796 1091 68 29 den
885 1090 210 30 instruktion
1118 1089 208 37 Konungens
1348 1089 369 37 befallningshavande
1737 1092 52 28 ut-

282 1140 122 30 färdar
424 1140 55 30 för
496 1141 142 30 honom.
679 1140 257 36 Ordningsman
955 1140 153 36 åtnjuter
1128 1140 55 31 det
1201 1140 113 39 skydd
1335 1141 66 29 och
1421 1141 39 29 är
1478 1141 236 30 underkastad
1733 1141 57 30 det

282 1200 138 27 ansvar,
445 1200 73 21 som
541 1191 12 30 i
579 1191 57 36 lag
660 1191 135 36 stadgas
819 1190 222 31 beträffande
1065 1190 220 36 tjänsteman.
1336 1190 66 30 Till
1426 1191 250 35 ordningsman
1701 1191 92 42 skall

283 1251 42 20 av
352 1241 176 31 allmänna
551 1242 113 29 medel
686 1241 81 36 utgå
791 1241 188 36 ersättning
1004 1241 106 36 enligt
1132 1242 66 29 vad
1222 1241 123 30 därom
1368 1241 137 30 särskilt
1531 1242 148 35 stadgas.

326 1291 365 39 Tillsyningsmännen
712 1292 160 30 tillsättas
894 1301 42 21 av
956 1291 257 31 vederbörande
1233 1292 229 36 länsstyrelse.
1485 1291 186 37 Angående
1691 1292 99 30 deras

282 1342 206 36 åligganden
509 1343 178 30 meddelas
708 1343 161 29 närmare
891 1342 261 31 bestämmelser
1172 1343 10 29 i
1204 1342 149 31 särskild
1376 1342 220 31 instruktion.

327 1392 76 31 Den
424 1392 105 31 förste
553 1392 212 37 lappfogden
789 1393 157 30 tillsattes
968 1392 39 32 år
1031 1393 95 30 1885.
1175 1392 242 37 Befattningen
1440 1402 61 21 var
1523 1392 46 31 då
1592 1393 126 30 avsedd
1741 1395 49 29 att

283 1452 84 22 vara
392 1443 120 31 endast
537 1443 162 36 tillfällig.
746 1443 151 31 Behovet
922 1453 43 21 av
986 1443 211 37 lappfogdar
1221 1444 65 30 har
1311 1444 188 29 emellertid
1524 1443 195 31 sedermera
1743 1443 46 29 vi-

284 1498 52 26 sat
358 1494 51 36 sig
427 1494 275 36 stadigvarande.
740 1493 89 31 F.n.
850 1495 61 29 äro
931 1494 255 36 lappfogdarna
1194 1489 20 45 4
1247 1494 51 30 till
1319 1495 137 29 antalet.

327 1544 160 30 Rörande
510 1544 231 36 lappfogdens
766 1544 293 37 arbetsuppgifter
1080 1545 138 30 lämnar
1243 1545 84 30 1930
1352 1545 56 30 års
1433 1544 269 37 lapputredning
1726 1544 64 31 föl-

283 1595 107 36 jande
411 1595 254 36 upplysningar
693 1595 72 39 (sid.
789 1594 96 40 222):

325 1662 228 37 Lappfogden
578 1663 100 35 skall,
704 1663 153 30 förutom
883 1664 78 29 med
987 1664 152 29 ärenden
1164 1673 73 20 som
1262 1664 92 30 hava
1378 1663 110 31 direkt
1514 1663 172 31 samband
1711 1663 78 30 med

282 1705 188 35 lapparnas
497 1705 203 35 renskötsel,
727 1704 130 37 jämväl
887 1708 79 33 taga
992 1705 196 36 befattning
1215 1706 78 29 med
1325 1704 371 37 fattigvårdsväsendet
1723 1705 65 30 och

281 1747 396 36 taxeringsförfarandet
701 1751 88 26 samt
815 1748 80 29 med
922 1747 256 36 förvaltningen
1203 1757 41 21 av
1269 1748 154 29 kronans
1448 1748 140 30 marker
1614 1757 89 20 ovan
1729 1747 59 30 od-

281 1789 247 36 lingsgränsen.
579 1789 14 30 I
619 1788 98 37 fråga
743 1798 56 21 om
826 1789 231 36 fattigvården
1085 1789 107 30 bland
1216 1789 172 36 lapparna
1412 1790 119 30 kunna
1559 1789 230 36 lappfogdens

282 1831 205 36 åligganden
510 1832 66 29 och
598 1831 245 36 befogenheter
865 1831 191 36 jämställas
1080 1832 80 29 med
1183 1834 126 28 statens
1335 1831 219 36 fattigvårds-
1578 1832 66 29 och
1666 1831 123 30 barna-

283 1873 356 30 vårdskonsulenters.
676 1874 78 30 Han
775 1874 65 30 har
861 1877 49 27 att
928 1876 89 34 yttra
1040 1873 50 36 sig
1110 1874 10 29 i
1140 1873 149 30 ärenden
1312 1874 148 30 rörande
1481 1873 253 31 samhällsvård
1755 1873 34 31 åt

282 1916 134 35 lappar,
441 1918 48 28 att
512 1916 151 29 närvara
685 1915 56 30 vid
763 1916 272 29 kommunernas
1060 1914 491 37 fattigvårdssammanträden
1578 1916 65 29 och
1667 1918 48 27 att
1739 1918 49 27 ut-

282 1958 65 29 öva
369 1957 116 36 tillsyn
505 1958 83 29 över
609 1957 150 30 skötseln
782 1967 43 20 av
848 1958 43 29 de
912 1958 122 35 lapska
1055 1956 361 31 ålderdomshemmen
1437 1958 65 29 och
1526 1967 43 20 av
1590 1957 198 35 lappfattig-

284 1999 130 30 vården
444 2000 80 29 över
551 1999 123 30 huvud
700 2002 98 33 taget.
855 1999 14 30 I
897 1998 294 37 taxeringsfrågor
1219 1999 88 30 skall
1336 1998 212 37 lappfogden
1576 1997 215 37 tillhandagå

283 2041 463 36 taxeringsmyndigheterna
771 2042 80 29 med
879 2041 253 37 upplysningar
1159 2050 55 20 om
1241 2041 189 36 lapparnas
1460 2040 329 36 förmögenhetsför-

292 2083 190 30 hållanden
514 2093 45 21 m.
596 2093 45 20 m.
679 2084 63 29 och
778 2083 150 31 närvara
962 2083 56 30 vid
1051 2083 409 36 taxeringsnämndernas
1495 2082 292 30 sammanträden.

282 2125 246 36 Lappfogdens
549 2125 195 36 befattning
765 2126 79 29 med
867 2125 256 36 förvaltningen
1147 2134 42 21 av
1209 2125 298 30 kronomarkerna
1529 2133 91 21 ovan
1642 2124 147 37 odlings-

282 2168 149 34 gränsen
448 2166 114 32 består
582 2167 11 30 i
614 2167 251 30 förberedande
887 2167 258 36 handläggning
1164 2176 42 21 av
1224 2167 67 30 alla
1311 2165 300 37 framställningar
1628 2176 57 21 om
1703 2176 86 27 upp-

283 2208 120 31 låtelse
426 2219 41 21 av
491 2209 86 37 jakt,
603 2209 100 36 fiske,
729 2208 127 37 slåtter,
881 2209 265 36 fjällägenheter
1168 2219 44 20 m.
1236 2219 44 20 m.

329 2285 13 29 1
369 2285 40 29 41
438 2285 18 36 8
483 2294 41 21 av
549 2284 426 37 taxeringsförordningen
1000 2285 66 29 den
1096 2285 43 29 28
1167 2284 192 36 september
1389 2284 82 30 1928
1496 2283 219 37 föreskrives,
1742 2286 49 28 att

284 2335 150 30 särskild
455 2335 138 36 uppgift
617 2335 104 36 enligt
744 2335 164 31 fastställt
931 2335 170 30 formulär
1124 2335 87 30 skall
1233 2335 136 30 lämnas
1392 2333 177 37 angående
1591 2334 198 31 renskötsel.

285 2387 64 29 Det
376 2385 127 37 åligger
527 2386 249 35 ordningsman
802 2386 10 29 i
837 2386 131 36 lappby
993 2388 48 28 att
1064 2386 151 35 granska
1240 2385 50 30 till
1316 2386 131 29 honom
1474 2385 207 31 avlämnade
1704 2394 86 27 upp-
