<?xml version="1.0" encoding="UTF-8"?>
<alto xmlns="http://www.loc.gov/standards/alto/ns-v3#" xmlns:xlink="http://www.w3.org/1999/xlink" xmlns:xsi="http://www.w3.org/2001/XMLSchema-instance" xsi:schemaLocation="http://www.loc.gov/standards/alto/ns-v3# http://www.loc.gov/alto/v3/alto-3-0.xsd">
	<Description>
		<MeasurementUnit>pixel</MeasurementUnit>
		<sourceImageInformation>
			<fileName>/tmp/tess_snu91f1o_input.PNG</fileName>
		</sourceImageInformation>
		<OCRProcessing ID="OCR_0">
			<ocrProcessingStep>
				<processingSoftware>
					<softwareName>tesseract 5.3.0</softwareName>
				</processingSoftware>
			</ocrProcessingStep>
		</OCRProcessing>
	</Description>
	<Layout>
		<Page WIDTH="2182" HEIGHT="2612" PHYSICAL_IMG_NR="0" ID="page_0">
			<PrintSpace HPOS="0" VPOS="0" WIDTH="2182" HEIGHT="2612">
				<ComposedBlock ID="cblock_0" HPOS="449" VPOS="175" WIDTH="1113" HEIGHT="41">
					<TextBlock ID="block_0" HPOS="449" VPOS="175" WIDTH="1113" HEIGHT="41">
						<TextLine ID="line_0" HPOS="449" VPOS="175" WIDTH="1113" HEIGHT="41">
							<String ID="string_0" HPOS="449" VPOS="178" WIDTH="38" HEIGHT="28" WC="0.95" CONTENT="10"/><SP WIDTH="348" VPOS="178" HPOS="487"/>
							<String ID="string_1" HPOS="835" VPOS="175" WIDTH="376" HEIGHT="41" WC="0.88" CONTENT="Bevillningsutskoltets"/><SP WIDTH="23" VPOS="175" HPOS="1211"/>
							<String ID="string_2" HPOS="1234" VPOS="176" WIDTH="172" HEIGHT="32" WC="0.96" CONTENT="Memorial"/><SP WIDTH="22" VPOS="176" HPOS="1406"/>
							<String ID="string_3" HPOS="1428" VPOS="176" WIDTH="63" HEIGHT="32" WC="0.96" CONTENT="N:o"/><SP WIDTH="21" VPOS="176" HPOS="1491"/>
							<String ID="string_4" HPOS="1512" VPOS="178" WIDTH="50" HEIGHT="30" WC="0.96" CONTENT="43."/>
						</TextLine>
					</TextBlock>
				</ComposedBlock>
				<ComposedBlock ID="cblock_1" HPOS="404" VPOS="261" WIDTH="780" HEIGHT="151">
					<TextBlock ID="block_1" HPOS="404" VPOS="261" WIDTH="780" HEIGHT="151">
						<TextLine ID="line_1" HPOS="630" VPOS="261" WIDTH="331" HEIGHT="39">
							<String ID="string_5" HPOS="630" VPOS="261" WIDTH="189" HEIGHT="30" WC="0.94" CONTENT="Nuvarande"/><SP WIDTH="23" VPOS="261" HPOS="819"/>
							<String ID="string_6" HPOS="842" VPOS="261" WIDTH="119" HEIGHT="39" WC="0.95" CONTENT="lydelse."/>
						</TextLine>
						<TextLine ID="line_2" HPOS="404" VPOS="311" WIDTH="777" HEIGHT="50">
							<String ID="string_7" HPOS="404" VPOS="311" WIDTH="163" HEIGHT="37" WC="0.93" CONTENT="klockan"/><SP WIDTH="27" VPOS="311" HPOS="567"/>
							<String ID="string_8" HPOS="594" VPOS="312" WIDTH="76" HEIGHT="36" WC="0.92" CONTENT="tolf"/><SP WIDTH="24" VPOS="312" HPOS="670"/>
							<String ID="string_9" HPOS="694" VPOS="315" WIDTH="49" HEIGHT="46" WC="0.96" CONTENT="på"/><SP WIDTH="28" VPOS="315" HPOS="743"/>
							<String ID="string_10" HPOS="771" VPOS="312" WIDTH="124" HEIGHT="49" WC="0.95" CONTENT="dagen"/><SP WIDTH="30" VPOS="312" HPOS="895"/>
							<String ID="string_11" HPOS="925" VPOS="312" WIDTH="74" HEIGHT="37" WC="0.96" CONTENT="den"/><SP WIDTH="28" VPOS="312" HPOS="999"/>
							<String ID="string_12" HPOS="1027" VPOS="325" WIDTH="70" HEIGHT="24" WC="0.96" CONTENT="ena"/><SP WIDTH="27" VPOS="325" HPOS="1097"/>
							<String ID="string_13" HPOS="1124" VPOS="312" WIDTH="57" HEIGHT="36" WC="0.96" CONTENT="till"/>
						</TextLine>
						<TextLine ID="line_3" HPOS="405" VPOS="362" WIDTH="779" HEIGHT="50">
							<String ID="string_14" HPOS="405" VPOS="375" WIDTH="146" HEIGHT="24" WC="0.96" CONTENT="samma"/><SP WIDTH="30" VPOS="375" HPOS="551"/>
							<String ID="string_15" HPOS="581" VPOS="362" WIDTH="133" HEIGHT="37" WC="0.93" CONTENT="timme"/><SP WIDTH="29" VPOS="362" HPOS="714"/>
							<String ID="string_16" HPOS="743" VPOS="366" WIDTH="20" HEIGHT="33" WC="0.92" CONTENT="å"/><SP WIDTH="27" VPOS="366" HPOS="763"/>
							<String ID="string_17" HPOS="790" VPOS="363" WIDTH="258" HEIGHT="48" WC="0.93" CONTENT="nästföljande"/><SP WIDTH="28" VPOS="363" HPOS="1048"/>
							<String ID="string_18" HPOS="1076" VPOS="363" WIDTH="108" HEIGHT="49" WC="0.90" CONTENT="helg-"/>
						</TextLine>
					</TextBlock>
				</ComposedBlock>
				<ComposedBlock ID="cblock_2" HPOS="404" VPOS="412" WIDTH="186" HEIGHT="49">
					<TextBlock ID="block_2" HPOS="404" VPOS="412" WIDTH="186" HEIGHT="49">
						<TextLine ID="line_4" HPOS="404" VPOS="412" WIDTH="186" HEIGHT="49">
							<String ID="string_19" HPOS="404" VPOS="412" WIDTH="72" HEIGHT="37" WC="0.96" CONTENT="fria"/><SP WIDTH="28" VPOS="412" HPOS="476"/>
							<String ID="string_20" HPOS="504" VPOS="413" WIDTH="86" HEIGHT="48" WC="0.96" CONTENT="dag."/>
						</TextLine>
					</TextBlock>
				</ComposedBlock>
				<ComposedBlock ID="cblock_3" HPOS="735" VPOS="984" WIDTH="83" HEIGHT="48">
					<TextBlock ID="block_3" HPOS="735" VPOS="984" WIDTH="83" HEIGHT="48">
						<TextLine ID="line_5" HPOS="735" VPOS="984" WIDTH="83" HEIGHT="48">
							<String ID="string_21" HPOS="735" VPOS="984" WIDTH="21" HEIGHT="48" WC="0.79" CONTENT="8"/><SP WIDTH="30" VPOS="984" HPOS="756"/>
							<String ID="string_22" HPOS="786" VPOS="989" WIDTH="32" HEIGHT="33" WC="0.83" CONTENT="7."/>
						</TextLine>
					</TextBlock>
				</ComposedBlock>
				<ComposedBlock ID="cblock_4" HPOS="393" VPOS="1069" WIDTH="790" HEIGHT="757">
					<TextBlock ID="block_4" HPOS="393" VPOS="1069" WIDTH="790" HEIGHT="757">
						<TextLine ID="line_6" HPOS="479" VPOS="1069" WIDTH="704" HEIGHT="38">
							<String ID="string_23" HPOS="479" VPOS="1070" WIDTH="68" HEIGHT="37" WC="0.96" CONTENT="Om"/><SP WIDTH="52" VPOS="1070" HPOS="547"/>
							<String ID="string_24" HPOS="599" VPOS="1069" WIDTH="154" HEIGHT="37" WC="0.93" CONTENT="anmäld"/><SP WIDTH="48" VPOS="1069" HPOS="753"/>
							<String ID="string_25" HPOS="801" VPOS="1069" WIDTH="382" HEIGHT="37" WC="0.86" CONTENT="brännvinstillverk-"/>
						</TextLine>
						<TextLine ID="line_7" HPOS="400" VPOS="1119" WIDTH="780" HEIGHT="50">
							<String ID="string_26" HPOS="400" VPOS="1121" WIDTH="95" HEIGHT="48" WC="0.96" CONTENT="ning"/><SP WIDTH="39" VPOS="1121" HPOS="495"/>
							<String ID="string_27" HPOS="534" VPOS="1120" WIDTH="34" HEIGHT="48" WC="0.93" CONTENT="ej"/><SP WIDTH="44" VPOS="1120" HPOS="568"/>
							<String ID="string_28" HPOS="612" VPOS="1120" WIDTH="195" HEIGHT="49" WC="0.92" CONTENT="företages"/><SP WIDTH="40" VPOS="1120" HPOS="807"/>
							<String ID="string_29" HPOS="847" VPOS="1119" WIDTH="103" HEIGHT="37" WC="0.96" CONTENT="inom"/><SP WIDTH="41" VPOS="1119" HPOS="950"/>
							<String ID="string_30" HPOS="991" VPOS="1120" WIDTH="75" HEIGHT="36" WC="0.92" CONTENT="fem"/><SP WIDTH="38" VPOS="1120" HPOS="1066"/>
							<String ID="string_31" HPOS="1104" VPOS="1120" WIDTH="76" HEIGHT="35" WC="0.72" CONTENT="till-"/>
						</TextLine>
						<TextLine ID="line_8" HPOS="401" VPOS="1170" WIDTH="776" HEIGHT="49">
							<String ID="string_32" HPOS="401" VPOS="1171" WIDTH="318" HEIGHT="48" WC="0.91" CONTENT="verkningsdygn"/><SP WIDTH="29" VPOS="1171" HPOS="719"/>
							<String ID="string_33" HPOS="748" VPOS="1171" WIDTH="96" HEIGHT="36" WC="0.95" CONTENT="efter"/><SP WIDTH="28" VPOS="1171" HPOS="844"/>
							<String ID="string_34" HPOS="872" VPOS="1170" WIDTH="74" HEIGHT="36" WC="0.96" CONTENT="den"/><SP WIDTH="28" VPOS="1170" HPOS="946"/>
							<String ID="string_35" HPOS="974" VPOS="1170" WIDTH="11" HEIGHT="36" WC="0.83" CONTENT="i"/><SP WIDTH="16" VPOS="1170" HPOS="985"/>
							<String ID="string_36" HPOS="1001" VPOS="1170" WIDTH="176" HEIGHT="37" WC="0.83" CONTENT="anmälan"/>
						</TextLine>
						<TextLine ID="line_9" HPOS="399" VPOS="1220" WIDTH="783" HEIGHT="51">
							<String ID="string_37" HPOS="399" VPOS="1221" WIDTH="188" HEIGHT="50" WC="0.91" CONTENT="uppgifna"/><SP WIDTH="24" VPOS="1221" HPOS="587"/>
							<String ID="string_38" HPOS="611" VPOS="1221" WIDTH="55" HEIGHT="36" WC="0.96" CONTENT="tid"/><SP WIDTH="23" VPOS="1221" HPOS="666"/>
							<String ID="string_39" HPOS="689" VPOS="1221" WIDTH="92" HEIGHT="37" WC="0.92" CONTENT="eller"/><SP WIDTH="19" VPOS="1221" HPOS="781"/>
							<String ID="string_40" HPOS="800" VPOS="1220" WIDTH="382" HEIGHT="37" WC="0.90" CONTENT="brännvinstillverk-"/>
						</TextLine>
						<TextLine ID="line_10" HPOS="398" VPOS="1271" WIDTH="780" HEIGHT="50">
							<String ID="string_41" HPOS="398" VPOS="1273" WIDTH="95" HEIGHT="48" WC="0.93" CONTENT="ning"/><SP WIDTH="27" VPOS="1273" HPOS="493"/>
							<String ID="string_42" HPOS="520" VPOS="1272" WIDTH="173" HEIGHT="49" WC="0.90" CONTENT="afbrytes"/><SP WIDTH="29" VPOS="1272" HPOS="693"/>
							<String ID="string_43" HPOS="722" VPOS="1277" WIDTH="90" HEIGHT="31" WC="0.96" CONTENT="utan"/><SP WIDTH="29" VPOS="1277" HPOS="812"/>
							<String ID="string_44" HPOS="841" VPOS="1271" WIDTH="119" HEIGHT="37" WC="0.95" CONTENT="sådan"/><SP WIDTH="30" VPOS="1271" HPOS="960"/>
							<String ID="string_45" HPOS="990" VPOS="1271" WIDTH="188" HEIGHT="47" WC="0.96" CONTENT="anmälan,"/>
						</TextLine>
						<TextLine ID="line_11" HPOS="399" VPOS="1320" WIDTH="781" HEIGHT="49">
							<String ID="string_46" HPOS="399" VPOS="1336" WIDTH="82" HEIGHT="23" WC="0.96" CONTENT="som"/><SP WIDTH="46" VPOS="1336" HPOS="481"/>
							<String ID="string_47" HPOS="527" VPOS="1322" WIDTH="11" HEIGHT="36" WC="0.96" CONTENT="i"/><SP WIDTH="46" VPOS="1322" HPOS="538"/>
							<String ID="string_48" HPOS="584" VPOS="1320" WIDTH="21" HEIGHT="49" WC="0.0" CONTENT="$$"/><SP WIDTH="43" VPOS="1320" HPOS="605"/>
							<String ID="string_49" HPOS="648" VPOS="1325" WIDTH="20" HEIGHT="33" WC="0.96" CONTENT="6"/><SP WIDTH="43" VPOS="1325" HPOS="668"/>
							<String ID="string_50" HPOS="711" VPOS="1335" WIDTH="110" HEIGHT="24" WC="0.93" CONTENT="mom."/><SP WIDTH="44" VPOS="1335" HPOS="821"/>
							<String ID="string_51" HPOS="865" VPOS="1324" WIDTH="17" HEIGHT="33" WC="0.93" CONTENT="1"/><SP WIDTH="42" VPOS="1324" HPOS="882"/>
							<String ID="string_52" HPOS="924" VPOS="1321" WIDTH="256" HEIGHT="44" WC="0.89" CONTENT="omförmäles,"/>
						</TextLine>
						<TextLine ID="line_12" HPOS="399" VPOS="1372" WIDTH="778" HEIGHT="49">
							<String ID="string_53" HPOS="399" VPOS="1373" WIDTH="92" HEIGHT="37" WC="0.96" CONTENT="eller"/><SP WIDTH="19" VPOS="1373" HPOS="491"/>
							<String ID="string_54" HPOS="510" VPOS="1380" WIDTH="91" HEIGHT="29" WC="0.96" CONTENT="utan"/><SP WIDTH="15" VPOS="1380" HPOS="601"/>
							<String ID="string_55" HPOS="616" VPOS="1373" WIDTH="143" HEIGHT="48" WC="0.93" CONTENT="Kungl."/><SP WIDTH="22" VPOS="1373" HPOS="759"/>
							<String ID="string_56" HPOS="781" VPOS="1372" WIDTH="127" HEIGHT="48" WC="0.96" CONTENT="Maj:ts"/><SP WIDTH="17" VPOS="1372" HPOS="908"/>
							<String ID="string_57" HPOS="925" VPOS="1372" WIDTH="130" HEIGHT="36" WC="0.92" CONTENT="därom"/><SP WIDTH="17" VPOS="1372" HPOS="1055"/>
							<String ID="string_58" HPOS="1072" VPOS="1372" WIDTH="105" HEIGHT="36" WC="0.92" CONTENT="med-"/>
						</TextLine>
						<TextLine ID="line_13" HPOS="399" VPOS="1422" WIDTH="775" HEIGHT="49">
							<String ID="string_59" HPOS="399" VPOS="1423" WIDTH="135" HEIGHT="37" WC="0.96" CONTENT="delade"/><SP WIDTH="41" VPOS="1423" HPOS="534"/>
							<String ID="string_60" HPOS="575" VPOS="1423" WIDTH="201" HEIGHT="37" WC="0.96" CONTENT="föreskrift"/><SP WIDTH="32" VPOS="1423" HPOS="776"/>
							<String ID="string_61" HPOS="808" VPOS="1423" WIDTH="72" HEIGHT="36" WC="0.96" CONTENT="och"/><SP WIDTH="28" VPOS="1423" HPOS="880"/>
							<String ID="string_62" HPOS="908" VPOS="1422" WIDTH="34" HEIGHT="49" WC="0.96" CONTENT="ej"/><SP WIDTH="28" VPOS="1422" HPOS="942"/>
							<String ID="string_63" HPOS="970" VPOS="1422" WIDTH="100" HEIGHT="37" WC="0.96" CONTENT="inom"/><SP WIDTH="29" VPOS="1422" HPOS="1070"/>
							<String ID="string_64" HPOS="1099" VPOS="1423" WIDTH="75" HEIGHT="36" WC="0.96" CONTENT="fem"/>
						</TextLine>
						<TextLine ID="line_14" HPOS="397" VPOS="1473" WIDTH="776" HEIGHT="49">
							<String ID="string_65" HPOS="397" VPOS="1474" WIDTH="391" HEIGHT="48" WC="0.91" CONTENT="tillverkningsdygn,"/><SP WIDTH="63" VPOS="1474" HPOS="788"/>
							<String ID="string_66" HPOS="851" VPOS="1473" WIDTH="65" HEIGHT="37" WC="0.92" CONTENT="det"/><SP WIDTH="58" VPOS="1473" HPOS="916"/>
							<String ID="string_67" HPOS="974" VPOS="1473" WIDTH="199" HEIGHT="46" WC="0.88" CONTENT="oräknadt,"/>
						</TextLine>
						<TextLine ID="line_15" HPOS="397" VPOS="1524" WIDTH="776" HEIGHT="48">
							<String ID="string_68" HPOS="397" VPOS="1525" WIDTH="218" HEIGHT="36" WC="0.89" CONTENT="hvarunder"/><SP WIDTH="34" VPOS="1525" HPOS="615"/>
							<String ID="string_69" HPOS="649" VPOS="1525" WIDTH="184" HEIGHT="35" WC="0.89" CONTENT="afbrottet"/><SP WIDTH="26" VPOS="1525" HPOS="833"/>
							<String ID="string_70" HPOS="859" VPOS="1524" WIDTH="187" HEIGHT="46" WC="0.96" CONTENT="inträdde,"/><SP WIDTH="31" VPOS="1524" HPOS="1046"/>
							<String ID="string_71" HPOS="1077" VPOS="1527" WIDTH="96" HEIGHT="45" WC="0.96" CONTENT="ånyo"/>
						</TextLine>
						<TextLine ID="line_16" HPOS="396" VPOS="1574" WIDTH="779" HEIGHT="50">
							<String ID="string_72" HPOS="396" VPOS="1576" WIDTH="207" HEIGHT="48" WC="0.92" CONTENT="företages,"/><SP WIDTH="29" VPOS="1576" HPOS="603"/>
							<String ID="string_73" HPOS="632" VPOS="1574" WIDTH="149" HEIGHT="50" WC="0.96" CONTENT="åligger"/><SP WIDTH="25" VPOS="1574" HPOS="781"/>
							<String ID="string_74" HPOS="806" VPOS="1575" WIDTH="64" HEIGHT="36" WC="0.93" CONTENT="det"/><SP WIDTH="19" VPOS="1575" HPOS="870"/>
							<String ID="string_75" HPOS="889" VPOS="1574" WIDTH="286" HEIGHT="37" WC="0.91" CONTENT="brännvinstill-"/>
						</TextLine>
						<TextLine ID="line_17" HPOS="395" VPOS="1624" WIDTH="779" HEIGHT="49">
							<String ID="string_76" HPOS="395" VPOS="1626" WIDTH="186" HEIGHT="36" WC="0.92" CONTENT="verkaren"/><SP WIDTH="44" VPOS="1626" HPOS="581"/>
							<String ID="string_77" HPOS="625" VPOS="1631" WIDTH="56" HEIGHT="31" WC="0.95" CONTENT="att"/><SP WIDTH="40" VPOS="1631" HPOS="681"/>
							<String ID="string_78" HPOS="721" VPOS="1625" WIDTH="58" HEIGHT="36" WC="0.95" CONTENT="för"/><SP WIDTH="33" VPOS="1625" HPOS="779"/>
							<String ID="string_79" HPOS="812" VPOS="1625" WIDTH="46" HEIGHT="36" WC="0.93" CONTENT="de"/><SP WIDTH="28" VPOS="1625" HPOS="858"/>
							<String ID="string_80" HPOS="886" VPOS="1624" WIDTH="288" HEIGHT="49" WC="0.90" CONTENT="tillverknings-"/>
						</TextLine>
						<TextLine ID="line_18" HPOS="394" VPOS="1675" WIDTH="777" HEIGHT="50">
							<String ID="string_81" HPOS="394" VPOS="1676" WIDTH="118" HEIGHT="49" WC="0.95" CONTENT="dygn,"/><SP WIDTH="41" VPOS="1676" HPOS="512"/>
							<String ID="string_82" HPOS="553" VPOS="1676" WIDTH="123" HEIGHT="36" WC="0.96" CONTENT="under"/><SP WIDTH="40" VPOS="1676" HPOS="676"/>
							<String ID="string_83" HPOS="716" VPOS="1675" WIDTH="129" HEIGHT="37" WC="0.96" CONTENT="hvilka"/><SP WIDTH="27" VPOS="1675" HPOS="845"/>
							<String ID="string_84" HPOS="872" VPOS="1675" WIDTH="299" HEIGHT="49" WC="0.95" CONTENT="tillverkningen"/>
						</TextLine>
						<TextLine ID="line_19" HPOS="394" VPOS="1725" WIDTH="782" HEIGHT="49">
							<String ID="string_85" HPOS="394" VPOS="1727" WIDTH="162" HEIGHT="36" WC="0.96" CONTENT="sålunda"/><SP WIDTH="18" VPOS="1727" HPOS="556"/>
							<String ID="string_86" HPOS="574" VPOS="1727" WIDTH="84" HEIGHT="35" WC="0.93" CONTENT="icke"/><SP WIDTH="16" VPOS="1727" HPOS="658"/>
							<String ID="string_87" HPOS="674" VPOS="1726" WIDTH="180" HEIGHT="46" WC="0.91" CONTENT="utöfvats,"/><SP WIDTH="16" VPOS="1726" HPOS="854"/>
							<String ID="string_88" HPOS="870" VPOS="1725" WIDTH="116" HEIGHT="49" WC="0.90" CONTENT="gälda"/><SP WIDTH="15" VPOS="1725" HPOS="986"/>
							<String ID="string_89" HPOS="1001" VPOS="1729" WIDTH="48" HEIGHT="45" WC="0.93" CONTENT="på"/><SP WIDTH="15" VPOS="1729" HPOS="1049"/>
							<String ID="string_90" HPOS="1064" VPOS="1726" WIDTH="112" HEIGHT="36" WC="0.90" CONTENT="brän-"/>
						</TextLine>
						<TextLine ID="line_20" HPOS="393" VPOS="1775" WIDTH="778" HEIGHT="51">
							<String ID="string_91" HPOS="393" VPOS="1777" WIDTH="123" HEIGHT="37" WC="0.89" CONTENT="neriet"/><SP WIDTH="27" VPOS="1777" HPOS="516"/>
							<String ID="string_92" HPOS="543" VPOS="1776" WIDTH="215" HEIGHT="50" WC="0.91" CONTENT="belöpande"/><SP WIDTH="25" VPOS="1776" HPOS="758"/>
							<String ID="string_93" HPOS="783" VPOS="1775" WIDTH="388" HEIGHT="38" WC="0.91" CONTENT="kontrollkostnader."/>
						</TextLine>
					</TextBlock>
				</ComposedBlock>
				<ComposedBlock ID="cblock_5" HPOS="726" VPOS="1892" WIDTH="83" HEIGHT="48">
					<TextBlock ID="block_5" HPOS="726" VPOS="1892" WIDTH="83" HEIGHT="48">
						<TextLine ID="line_21" HPOS="726" VPOS="1892" WIDTH="83" HEIGHT="48">
							<String ID="string_94" HPOS="726" VPOS="1892" WIDTH="21" HEIGHT="48" WC="0.90" CONTENT="$"/><SP WIDTH="29" VPOS="1892" HPOS="747"/>
							<String ID="string_95" HPOS="776" VPOS="1895" WIDTH="33" HEIGHT="36" WC="0.94" CONTENT="8."/>
						</TextLine>
					</TextBlock>
				</ComposedBlock>
				<ComposedBlock ID="cblock_6" HPOS="387" VPOS="1977" WIDTH="783" HEIGHT="301">
					<TextBlock ID="block_6" HPOS="387" VPOS="1977" WIDTH="783" HEIGHT="301">
						<TextLine ID="line_22" HPOS="467" VPOS="1977" WIDTH="703" HEIGHT="50">
							<String ID="string_96" HPOS="467" VPOS="1978" WIDTH="262" HEIGHT="48" WC="0.96" CONTENT="Förteckning"/><SP WIDTH="38" VPOS="1978" HPOS="729"/>
							<String ID="string_97" HPOS="767" VPOS="1977" WIDTH="108" HEIGHT="37" WC="0.96" CONTENT="öfver"/><SP WIDTH="28" VPOS="1977" HPOS="875"/>
							<String ID="string_98" HPOS="903" VPOS="1977" WIDTH="267" HEIGHT="50" WC="0.96" CONTENT="anmälningar"/>
						</TextLine>
						<TextLine ID="line_23" HPOS="392" VPOS="2025" WIDTH="776" HEIGHT="52">
							<String ID="string_99" HPOS="392" VPOS="2028" WIDTH="71" HEIGHT="37" WC="0.96" CONTENT="och"/><SP WIDTH="40" VPOS="2028" HPOS="463"/>
							<String ID="string_100" HPOS="503" VPOS="2029" WIDTH="201" HEIGHT="48" WC="0.96" CONTENT="uppgifter"/><SP WIDTH="41" VPOS="2029" HPOS="704"/>
							<String ID="string_101" HPOS="745" VPOS="2028" WIDTH="121" HEIGHT="48" WC="0.95" CONTENT="enligt"/><SP WIDTH="38" VPOS="2028" HPOS="866"/>
							<String ID="string_102" HPOS="904" VPOS="2025" WIDTH="46" HEIGHT="49" WC="0.94" CONTENT="$$"/><SP WIDTH="37" VPOS="2025" HPOS="950"/>
							<String ID="string_103" HPOS="987" VPOS="2030" WIDTH="22" HEIGHT="34" WC="0.95" CONTENT="4"/><SP WIDTH="33" VPOS="2030" HPOS="1009"/>
							<String ID="string_104" HPOS="1042" VPOS="2028" WIDTH="71" HEIGHT="37" WC="0.96" CONTENT="och"/><SP WIDTH="35" VPOS="2028" HPOS="1113"/>
							<String ID="string_105" HPOS="1148" VPOS="2030" WIDTH="20" HEIGHT="34" WC="0.95" CONTENT="5"/>
						</TextLine>
						<TextLine ID="line_24" HPOS="391" VPOS="2078" WIDTH="777" HEIGHT="49">
							<String ID="string_106" HPOS="391" VPOS="2078" WIDTH="98" HEIGHT="37" WC="0.96" CONTENT="skall"/><SP WIDTH="30" VPOS="2078" HPOS="489"/>
							<String ID="string_107" HPOS="519" VPOS="2080" WIDTH="41" HEIGHT="35" WC="0.96" CONTENT="af"/><SP WIDTH="26" VPOS="2080" HPOS="560"/>
							<String ID="string_108" HPOS="586" VPOS="2079" WIDTH="142" HEIGHT="48" WC="0.91" CONTENT="Kungl."/><SP WIDTH="28" VPOS="2079" HPOS="728"/>
							<String ID="string_109" HPOS="756" VPOS="2079" WIDTH="126" HEIGHT="48" WC="0.93" CONTENT="Maj:ts"/><SP WIDTH="28" VPOS="2079" HPOS="882"/>
							<String ID="string_110" HPOS="910" VPOS="2078" WIDTH="258" HEIGHT="49" WC="0.92" CONTENT="Befallnings-"/>
						</TextLine>
						<TextLine ID="line_25" HPOS="389" VPOS="2129" WIDTH="779" HEIGHT="37">
							<String ID="string_111" HPOS="389" VPOS="2129" WIDTH="192" HEIGHT="36" WC="0.91" CONTENT="hafvande"/><SP WIDTH="29" VPOS="2129" HPOS="581"/>
							<String ID="string_112" HPOS="610" VPOS="2129" WIDTH="251" HEIGHT="37" WC="0.89" CONTENT="öfversändas"/><SP WIDTH="27" VPOS="2129" HPOS="861"/>
							<String ID="string_113" HPOS="888" VPOS="2129" WIDTH="58" HEIGHT="36" WC="0.92" CONTENT="till"/><SP WIDTH="20" VPOS="2129" HPOS="946"/>
							<String ID="string_114" HPOS="966" VPOS="2129" WIDTH="202" HEIGHT="37" WC="0.90" CONTENT="öfverkon-"/>
						</TextLine>
						<TextLine ID="line_26" HPOS="387" VPOS="2178" WIDTH="781" HEIGHT="50">
							<String ID="string_115" HPOS="387" VPOS="2178" WIDTH="133" HEIGHT="38" WC="0.92" CONTENT="trollör"/><SP WIDTH="40" VPOS="2178" HPOS="520"/>
							<String ID="string_116" HPOS="560" VPOS="2179" WIDTH="70" HEIGHT="36" WC="0.96" CONTENT="sist"/><SP WIDTH="40" VPOS="2179" HPOS="630"/>
							<String ID="string_117" HPOS="670" VPOS="2180" WIDTH="126" HEIGHT="48" WC="0.96" CONTENT="dagen"/><SP WIDTH="35" VPOS="2180" HPOS="796"/>
							<String ID="string_118" HPOS="831" VPOS="2180" WIDTH="97" HEIGHT="36" WC="0.96" CONTENT="efter"/><SP WIDTH="29" VPOS="2180" HPOS="928"/>
							<String ID="string_119" HPOS="957" VPOS="2180" WIDTH="64" HEIGHT="36" WC="0.97" CONTENT="det"/><SP WIDTH="28" VPOS="2180" HPOS="1021"/>
							<String ID="string_120" HPOS="1049" VPOS="2179" WIDTH="119" HEIGHT="37" WC="0.96" CONTENT="sådan"/>
						</TextLine>
						<TextLine ID="line_27" HPOS="388" VPOS="2229" WIDTH="777" HEIGHT="49">
							<String ID="string_121" HPOS="388" VPOS="2229" WIDTH="177" HEIGHT="38" WC="0.96" CONTENT="anmälan"/><SP WIDTH="20" VPOS="2229" HPOS="565"/>
							<String ID="string_122" HPOS="585" VPOS="2229" WIDTH="104" HEIGHT="37" WC="0.95" CONTENT="skett"/><SP WIDTH="16" VPOS="2229" HPOS="689"/>
							<String ID="string_123" HPOS="705" VPOS="2230" WIDTH="71" HEIGHT="37" WC="0.95" CONTENT="och"/><SP WIDTH="15" VPOS="2230" HPOS="776"/>
							<String ID="string_124" HPOS="791" VPOS="2229" WIDTH="56" HEIGHT="37" WC="0.92" CONTENT="till"/><SP WIDTH="16" VPOS="2229" HPOS="847"/>
							<String ID="string_125" HPOS="863" VPOS="2230" WIDTH="302" HEIGHT="48" WC="0.45" CONTENT="finansdeparte-"/>
						</TextLine>
					</TextBlock>
				</ComposedBlock>
				<ComposedBlock ID="cblock_7" HPOS="1228" VPOS="261" WIDTH="788" HEIGHT="657">
					<TextBlock ID="block_7" HPOS="1228" VPOS="261" WIDTH="788" HEIGHT="398">
						<TextLine ID="line_28" HPOS="1282" VPOS="261" WIDTH="639" HEIGHT="41">
							<String ID="string_126" HPOS="1282" VPOS="262" WIDTH="50" HEIGHT="38" WC="0.96" CONTENT="Af"/><SP WIDTH="15" VPOS="262" HPOS="1332"/>
							<String ID="string_127" HPOS="1347" VPOS="262" WIDTH="115" HEIGHT="40" WC="0.95" CONTENT="Kungl."/><SP WIDTH="25" VPOS="262" HPOS="1462"/>
							<String ID="string_128" HPOS="1487" VPOS="262" WIDTH="97" HEIGHT="40" WC="0.94" CONTENT="Maj:t"/><SP WIDTH="17" VPOS="262" HPOS="1584"/>
							<String ID="string_129" HPOS="1601" VPOS="263" WIDTH="177" HEIGHT="38" WC="0.96" CONTENT="föreslagen"/><SP WIDTH="23" VPOS="263" HPOS="1778"/>
							<String ID="string_130" HPOS="1801" VPOS="261" WIDTH="120" HEIGHT="41" WC="0.96" CONTENT="lydelse."/>
						</TextLine>
						<TextLine ID="line_29" HPOS="1234" VPOS="312" WIDTH="778" HEIGHT="46">
							<String ID="string_131" HPOS="1234" VPOS="314" WIDTH="89" HEIGHT="41" WC="0.84" CONTENT="majs"/><SP WIDTH="40" VPOS="314" HPOS="1323"/>
							<String ID="string_132" HPOS="1363" VPOS="312" WIDTH="82" HEIGHT="36" WC="0.94" CONTENT="eller"/><SP WIDTH="40" VPOS="312" HPOS="1445"/>
							<String ID="string_133" HPOS="1485" VPOS="313" WIDTH="162" HEIGHT="35" WC="0.94" CONTENT="utländsk"/><SP WIDTH="26" VPOS="313" HPOS="1647"/>
							<String ID="string_134" HPOS="1673" VPOS="313" WIDTH="139" HEIGHT="45" WC="0.96" CONTENT="potatis,"/><SP WIDTH="33" VPOS="313" HPOS="1812"/>
							<String ID="string_135" HPOS="1845" VPOS="313" WIDTH="61" HEIGHT="34" WC="0.93" CONTENT="vill"/><SP WIDTH="26" VPOS="313" HPOS="1906"/>
							<String ID="string_136" HPOS="1932" VPOS="324" WIDTH="80" HEIGHT="33" WC="0.90" CONTENT="upp-"/>
						</TextLine>
						<TextLine ID="line_30" HPOS="1237" VPOS="363" WIDTH="779" HEIGHT="45">
							<String ID="string_137" HPOS="1237" VPOS="363" WIDTH="83" HEIGHT="34" WC="0.95" CONTENT="höra"/><SP WIDTH="32" VPOS="363" HPOS="1320"/>
							<String ID="string_138" HPOS="1352" VPOS="364" WIDTH="77" HEIGHT="34" WC="0.95" CONTENT="med"/><SP WIDTH="26" VPOS="364" HPOS="1429"/>
							<String ID="string_139" HPOS="1455" VPOS="364" WIDTH="269" HEIGHT="44" WC="0.96" CONTENT="användningen"/><SP WIDTH="28" VPOS="364" HPOS="1724"/>
							<String ID="string_140" HPOS="1752" VPOS="363" WIDTH="45" HEIGHT="35" WC="0.96" CONTENT="af"/><SP WIDTH="21" VPOS="363" HPOS="1797"/>
							<String ID="string_141" HPOS="1818" VPOS="364" WIDTH="117" HEIGHT="44" WC="0.93" CONTENT="dylika"/><SP WIDTH="28" VPOS="364" HPOS="1935"/>
							<String ID="string_142" HPOS="1963" VPOS="365" WIDTH="53" HEIGHT="33" WC="0.86" CONTENT="rå-"/>
						</TextLine>
						<TextLine ID="line_31" HPOS="1235" VPOS="413" WIDTH="778" HEIGHT="45">
							<String ID="string_143" HPOS="1235" VPOS="419" WIDTH="121" HEIGHT="29" WC="0.95" CONTENT="ämnen"/><SP WIDTH="20" VPOS="419" HPOS="1356"/>
							<String ID="string_144" HPOS="1376" VPOS="413" WIDTH="84" HEIGHT="43" WC="0.96" CONTENT="före"/><SP WIDTH="26" VPOS="413" HPOS="1460"/>
							<String ID="string_145" HPOS="1486" VPOS="415" WIDTH="66" HEIGHT="34" WC="0.96" CONTENT="den"/><SP WIDTH="20" VPOS="415" HPOS="1552"/>
							<String ID="string_146" HPOS="1572" VPOS="414" WIDTH="178" HEIGHT="35" WC="0.89" CONTENT="allmänna"/><SP WIDTH="15" VPOS="414" HPOS="1750"/>
							<String ID="string_147" HPOS="1765" VPOS="414" WIDTH="248" HEIGHT="44" WC="0.89" CONTENT="tillverknings-"/>
						</TextLine>
						<TextLine ID="line_32" HPOS="1228" VPOS="465" WIDTH="780" HEIGHT="43">
							<String ID="string_148" HPOS="1228" VPOS="465" WIDTH="112" HEIGHT="34" WC="0.94" CONTENT="tidens"/><SP WIDTH="29" VPOS="465" HPOS="1340"/>
							<String ID="string_149" HPOS="1369" VPOS="465" WIDTH="137" HEIGHT="43" WC="0.96" CONTENT="utgång,"/><SP WIDTH="30" VPOS="465" HPOS="1506"/>
							<String ID="string_150" HPOS="1536" VPOS="470" WIDTH="84" HEIGHT="38" WC="0.96" CONTENT="göre"/><SP WIDTH="26" VPOS="470" HPOS="1620"/>
							<String ID="string_151" HPOS="1646" VPOS="465" WIDTH="69" HEIGHT="34" WC="0.96" CONTENT="han"/><SP WIDTH="28" VPOS="465" HPOS="1715"/>
							<String ID="string_152" HPOS="1743" VPOS="466" WIDTH="119" HEIGHT="33" WC="0.93" CONTENT="därom"/><SP WIDTH="27" VPOS="466" HPOS="1862"/>
							<String ID="string_153" HPOS="1889" VPOS="470" WIDTH="119" HEIGHT="29" WC="0.84" CONTENT="anmä-"/>
						</TextLine>
						<TextLine ID="line_33" HPOS="1233" VPOS="515" WIDTH="776" HEIGHT="44">
							<String ID="string_154" HPOS="1233" VPOS="515" WIDTH="58" HEIGHT="34" WC="0.95" CONTENT="lan"/><SP WIDTH="27" VPOS="515" HPOS="1291"/>
							<String ID="string_155" HPOS="1318" VPOS="516" WIDTH="50" HEIGHT="43" WC="0.95" CONTENT="på"/><SP WIDTH="26" VPOS="516" HPOS="1368"/>
							<String ID="string_156" HPOS="1394" VPOS="518" WIDTH="69" HEIGHT="32" WC="0.95" CONTENT="sätt"/><SP WIDTH="32" VPOS="518" HPOS="1463"/>
							<String ID="string_157" HPOS="1495" VPOS="516" WIDTH="6" HEIGHT="33" WC="0.96" CONTENT="i"/><SP WIDTH="27" VPOS="516" HPOS="1501"/>
							<String ID="string_158" HPOS="1528" VPOS="526" WIDTH="96" HEIGHT="23" WC="0.96" CONTENT="mom."/><SP WIDTH="31" VPOS="526" HPOS="1624"/>
							<String ID="string_159" HPOS="1655" VPOS="518" WIDTH="20" HEIGHT="31" WC="0.95" CONTENT="1"/><SP WIDTH="30" VPOS="518" HPOS="1675"/>
							<String ID="string_160" HPOS="1705" VPOS="521" WIDTH="96" HEIGHT="38" WC="0.95" CONTENT="sägs;"/><SP WIDTH="27" VPOS="521" HPOS="1801"/>
							<String ID="string_161" HPOS="1828" VPOS="515" WIDTH="57" HEIGHT="35" WC="0.96" CONTENT="och"/><SP WIDTH="26" VPOS="515" HPOS="1885"/>
							<String ID="string_162" HPOS="1911" VPOS="515" WIDTH="98" HEIGHT="42" WC="0.96" CONTENT="skall,"/>
						</TextLine>
						<TextLine ID="line_34" HPOS="1232" VPOS="564" WIDTH="782" HEIGHT="46">
							<String ID="string_163" HPOS="1232" VPOS="566" WIDTH="45" HEIGHT="34" WC="0.95" CONTENT="då"/><SP WIDTH="38" VPOS="566" HPOS="1277"/>
							<String ID="string_164" HPOS="1315" VPOS="566" WIDTH="110" HEIGHT="34" WC="0.95" CONTENT="sådan"/><SP WIDTH="38" VPOS="566" HPOS="1425"/>
							<String ID="string_165" HPOS="1463" VPOS="566" WIDTH="164" HEIGHT="34" WC="0.94" CONTENT="anmälan"/><SP WIDTH="37" VPOS="566" HPOS="1627"/>
							<String ID="string_166" HPOS="1664" VPOS="566" WIDTH="88" HEIGHT="42" WC="0.93" CONTENT="sker,"/><SP WIDTH="23" VPOS="566" HPOS="1752"/>
							<String ID="string_167" HPOS="1775" VPOS="564" WIDTH="169" HEIGHT="44" WC="0.92" CONTENT="förfaras"/><SP WIDTH="20" VPOS="564" HPOS="1944"/>
							<String ID="string_168" HPOS="1964" VPOS="566" WIDTH="50" HEIGHT="44" WC="0.96" CONTENT="på"/>
						</TextLine>
						<TextLine ID="line_35" HPOS="1231" VPOS="615" WIDTH="655" HEIGHT="44">
							<String ID="string_169" HPOS="1231" VPOS="618" WIDTH="67" HEIGHT="32" WC="0.48" CONTENT="säll"/><SP WIDTH="27" VPOS="618" HPOS="1298"/>
							<String ID="string_170" HPOS="1325" VPOS="616" WIDTH="12" HEIGHT="34" WC="0.95" CONTENT="i"/><SP WIDTH="27" VPOS="616" HPOS="1337"/>
							<String ID="string_171" HPOS="1364" VPOS="627" WIDTH="135" HEIGHT="23" WC="0.96" CONTENT="samma"/><SP WIDTH="25" VPOS="627" HPOS="1499"/>
							<String ID="string_172" HPOS="1524" VPOS="627" WIDTH="96" HEIGHT="23" WC="0.92" CONTENT="mom."/><SP WIDTH="21" VPOS="627" HPOS="1620"/>
							<String ID="string_173" HPOS="1641" VPOS="615" WIDTH="245" HEIGHT="44" WC="0.92" CONTENT="föreskrifves."/>
						</TextLine>
					</TextBlock>
					<TextBlock ID="block_8" HPOS="1229" VPOS="666" WIDTH="783" HEIGHT="252">
						<TextLine ID="line_36" HPOS="1304" VPOS="666" WIDTH="706" HEIGHT="49">
							<String ID="string_174" HPOS="1304" VPOS="668" WIDTH="34" HEIGHT="33" WC="0.93" CONTENT="4."/><SP WIDTH="55" VPOS="668" HPOS="1338"/>
							<String ID="string_175" HPOS="1393" VPOS="667" WIDTH="89" HEIGHT="36" WC="0.92" CONTENT="Med"/><SP WIDTH="41" VPOS="667" HPOS="1482"/>
							<String ID="string_176" HPOS="1523" VPOS="666" WIDTH="380" HEIGHT="49" WC="0.91" CONTENT="tillverkningsdygn"/><SP WIDTH="32" VPOS="666" HPOS="1903"/>
							<String ID="string_177" HPOS="1935" VPOS="666" WIDTH="75" HEIGHT="36" WC="0.91" CONTENT="för-"/>
						</TextLine>
						<TextLine ID="line_37" HPOS="1229" VPOS="716" WIDTH="780" HEIGHT="50">
							<String ID="string_178" HPOS="1229" VPOS="720" WIDTH="79" HEIGHT="34" WC="0.91" CONTENT="stås"/><SP WIDTH="31" VPOS="720" HPOS="1308"/>
							<String ID="string_179" HPOS="1339" VPOS="717" WIDTH="11" HEIGHT="36" WC="0.63" CONTENT="i"/><SP WIDTH="33" VPOS="717" HPOS="1350"/>
							<String ID="string_180" HPOS="1383" VPOS="717" WIDTH="126" HEIGHT="37" WC="0.96" CONTENT="denna"/><SP WIDTH="27" VPOS="717" HPOS="1509"/>
							<String ID="string_181" HPOS="1536" VPOS="717" WIDTH="229" HEIGHT="49" WC="0.96" CONTENT="förordning"/><SP WIDTH="27" VPOS="717" HPOS="1765"/>
							<String ID="string_182" HPOS="1792" VPOS="716" WIDTH="106" HEIGHT="37" WC="0.96" CONTENT="tiden"/><SP WIDTH="28" VPOS="716" HPOS="1898"/>
							<String ID="string_183" HPOS="1926" VPOS="717" WIDTH="83" HEIGHT="36" WC="0.96" CONTENT="från"/>
						</TextLine>
						<TextLine ID="line_38" HPOS="1231" VPOS="767" WIDTH="781" HEIGHT="49">
							<String ID="string_184" HPOS="1231" VPOS="767" WIDTH="162" HEIGHT="37" WC="0.93" CONTENT="klockan"/><SP WIDTH="31" VPOS="767" HPOS="1393"/>
							<String ID="string_185" HPOS="1424" VPOS="767" WIDTH="75" HEIGHT="36" WC="0.92" CONTENT="tolf"/><SP WIDTH="20" VPOS="767" HPOS="1499"/>
							<String ID="string_186" HPOS="1519" VPOS="771" WIDTH="48" HEIGHT="45" WC="0.96" CONTENT="på"/><SP WIDTH="29" VPOS="771" HPOS="1567"/>
							<String ID="string_187" HPOS="1596" VPOS="768" WIDTH="128" HEIGHT="48" WC="0.96" CONTENT="dagen"/><SP WIDTH="29" VPOS="768" HPOS="1724"/>
							<String ID="string_188" HPOS="1753" VPOS="767" WIDTH="73" HEIGHT="37" WC="0.96" CONTENT="den"/><SP WIDTH="29" VPOS="767" HPOS="1826"/>
							<String ID="string_189" HPOS="1855" VPOS="781" WIDTH="72" HEIGHT="23" WC="0.95" CONTENT="ena"/><SP WIDTH="27" VPOS="781" HPOS="1927"/>
							<String ID="string_190" HPOS="1954" VPOS="767" WIDTH="58" HEIGHT="36" WC="0.96" CONTENT="till"/>
						</TextLine>
						<TextLine ID="line_39" HPOS="1230" VPOS="818" WIDTH="779" HEIGHT="48">
							<String ID="string_191" HPOS="1230" VPOS="831" WIDTH="146" HEIGHT="24" WC="0.96" CONTENT="samma"/><SP WIDTH="32" VPOS="831" HPOS="1376"/>
							<String ID="string_192" HPOS="1408" VPOS="818" WIDTH="131" HEIGHT="37" WC="0.93" CONTENT="timme"/><SP WIDTH="29" VPOS="818" HPOS="1539"/>
							<String ID="string_193" HPOS="1568" VPOS="821" WIDTH="21" HEIGHT="34" WC="0.90" CONTENT="å"/><SP WIDTH="27" VPOS="821" HPOS="1589"/>
							<String ID="string_194" HPOS="1616" VPOS="818" WIDTH="262" HEIGHT="48" WC="0.93" CONTENT="nästföljande"/><SP WIDTH="24" VPOS="818" HPOS="1878"/>
							<String ID="string_195" HPOS="1902" VPOS="818" WIDTH="107" HEIGHT="47" WC="0.92" CONTENT="helg-"/>
						</TextLine>
						<TextLine ID="line_40" HPOS="1230" VPOS="869" WIDTH="187" HEIGHT="49">
							<String ID="string_196" HPOS="1230" VPOS="869" WIDTH="72" HEIGHT="37" WC="0.95" CONTENT="fria"/><SP WIDTH="28" VPOS="869" HPOS="1302"/>
							<String ID="string_197" HPOS="1330" VPOS="869" WIDTH="87" HEIGHT="49" WC="0.96" CONTENT="dag."/>
						</TextLine>
					</TextBlock>
				</ComposedBlock>
				<ComposedBlock ID="cblock_8" HPOS="1589" VPOS="983" WIDTH="83" HEIGHT="49">
					<TextBlock ID="block_9" HPOS="1589" VPOS="983" WIDTH="83" HEIGHT="49">
						<TextLine ID="line_41" HPOS="1589" VPOS="983" WIDTH="83" HEIGHT="49">
							<String ID="string_198" HPOS="1589" VPOS="983" WIDTH="20" HEIGHT="49" WC="0.42" CONTENT="8"/><SP WIDTH="20" VPOS="983" HPOS="1609"/>
							<String ID="string_199" HPOS="1629" VPOS="983" WIDTH="43" HEIGHT="49" WC="0.66" CONTENT="7."/>
						</TextLine>
					</TextBlock>
				</ComposedBlock>
				<ComposedBlock ID="cblock_9" HPOS="1225" VPOS="1069" WIDTH="787" HEIGHT="756">
					<TextBlock ID="block_10" HPOS="1225" VPOS="1069" WIDTH="787" HEIGHT="756">
						<TextLine ID="line_42" HPOS="1304" VPOS="1069" WIDTH="708" HEIGHT="37">
							<String ID="string_200" HPOS="1304" VPOS="1069" WIDTH="70" HEIGHT="37" WC="0.95" CONTENT="Om"/><SP WIDTH="55" VPOS="1069" HPOS="1374"/>
							<String ID="string_201" HPOS="1429" VPOS="1069" WIDTH="151" HEIGHT="37" WC="0.77" CONTENT="anmäld"/><SP WIDTH="51" VPOS="1069" HPOS="1580"/>
							<String ID="string_202" HPOS="1631" VPOS="1069" WIDTH="381" HEIGHT="37" WC="0.82" CONTENT="brännvinstillverk-"/>
						</TextLine>
						<TextLine ID="line_43" HPOS="1233" VPOS="1120" WIDTH="779" HEIGHT="49">
							<String ID="string_203" HPOS="1233" VPOS="1120" WIDTH="93" HEIGHT="49" WC="0.95" CONTENT="ning"/><SP WIDTH="28" VPOS="1120" HPOS="1326"/>
							<String ID="string_204" HPOS="1354" VPOS="1121" WIDTH="33" HEIGHT="47" WC="0.92" CONTENT="ej"/><SP WIDTH="32" VPOS="1121" HPOS="1387"/>
							<String ID="string_205" HPOS="1419" VPOS="1121" WIDTH="194" HEIGHT="48" WC="0.92" CONTENT="företages"/><SP WIDTH="28" VPOS="1121" HPOS="1613"/>
							<String ID="string_206" HPOS="1641" VPOS="1120" WIDTH="103" HEIGHT="36" WC="0.95" CONTENT="inom"/><SP WIDTH="29" VPOS="1120" HPOS="1744"/>
							<String ID="string_207" HPOS="1773" VPOS="1123" WIDTH="51" HEIGHT="31" WC="0.91" CONTENT="tre"/><SP WIDTH="24" VPOS="1123" HPOS="1824"/>
							<String ID="string_208" HPOS="1848" VPOS="1120" WIDTH="164" HEIGHT="36" WC="0.91" CONTENT="tillverk-"/>
						</TextLine>
						<TextLine ID="line_44" HPOS="1229" VPOS="1170" WIDTH="779" HEIGHT="50">
							<String ID="string_209" HPOS="1229" VPOS="1171" WIDTH="223" HEIGHT="49" WC="0.92" CONTENT="ningsdygn"/><SP WIDTH="25" VPOS="1171" HPOS="1452"/>
							<String ID="string_210" HPOS="1477" VPOS="1170" WIDTH="96" HEIGHT="37" WC="0.96" CONTENT="efter"/><SP WIDTH="27" VPOS="1170" HPOS="1573"/>
							<String ID="string_211" HPOS="1600" VPOS="1170" WIDTH="74" HEIGHT="37" WC="0.96" CONTENT="den"/><SP WIDTH="20" VPOS="1170" HPOS="1674"/>
							<String ID="string_212" HPOS="1694" VPOS="1170" WIDTH="11" HEIGHT="36" WC="0.96" CONTENT="i"/><SP WIDTH="15" VPOS="1170" HPOS="1705"/>
							<String ID="string_213" HPOS="1720" VPOS="1170" WIDTH="177" HEIGHT="36" WC="0.93" CONTENT="anmälan"/><SP WIDTH="15" VPOS="1170" HPOS="1897"/>
							<String ID="string_214" HPOS="1912" VPOS="1184" WIDTH="96" HEIGHT="35" WC="0.91" CONTENT="upp-"/>
						</TextLine>
						<TextLine ID="line_45" HPOS="1235" VPOS="1220" WIDTH="776" HEIGHT="50">
							<String ID="string_215" HPOS="1235" VPOS="1221" WIDTH="108" HEIGHT="49" WC="0.91" CONTENT="gifna"/><SP WIDTH="27" VPOS="1221" HPOS="1343"/>
							<String ID="string_216" HPOS="1370" VPOS="1221" WIDTH="53" HEIGHT="36" WC="0.95" CONTENT="tid"/><SP WIDTH="18" VPOS="1221" HPOS="1423"/>
							<String ID="string_217" HPOS="1441" VPOS="1221" WIDTH="92" HEIGHT="37" WC="0.93" CONTENT="eller"/><SP WIDTH="14" VPOS="1221" HPOS="1533"/>
							<String ID="string_218" HPOS="1547" VPOS="1220" WIDTH="464" HEIGHT="49" WC="0.91" CONTENT="brännvinstillverkning"/>
						</TextLine>
						<TextLine ID="line_46" HPOS="1233" VPOS="1271" WIDTH="776" HEIGHT="49">
							<String ID="string_219" HPOS="1233" VPOS="1272" WIDTH="171" HEIGHT="48" WC="0.91" CONTENT="afbrytes"/><SP WIDTH="37" VPOS="1272" HPOS="1404"/>
							<String ID="string_220" HPOS="1441" VPOS="1277" WIDTH="92" HEIGHT="31" WC="0.95" CONTENT="utan"/><SP WIDTH="29" VPOS="1277" HPOS="1533"/>
							<String ID="string_221" HPOS="1562" VPOS="1271" WIDTH="117" HEIGHT="37" WC="0.96" CONTENT="sådan"/><SP WIDTH="31" VPOS="1271" HPOS="1679"/>
							<String ID="string_222" HPOS="1710" VPOS="1271" WIDTH="189" HEIGHT="47" WC="0.95" CONTENT="anmälan,"/><SP WIDTH="28" VPOS="1271" HPOS="1899"/>
							<String ID="string_223" HPOS="1927" VPOS="1285" WIDTH="82" HEIGHT="23" WC="0.96" CONTENT="som"/>
						</TextLine>
						<TextLine ID="line_47" HPOS="1233" VPOS="1320" WIDTH="777" HEIGHT="49">
							<String ID="string_224" HPOS="1233" VPOS="1322" WIDTH="11" HEIGHT="36" WC="0.86" CONTENT="i"/><SP WIDTH="43" VPOS="1322" HPOS="1244"/>
							<String ID="string_225" HPOS="1287" VPOS="1320" WIDTH="20" HEIGHT="49" WC="0.78" CONTENT="$"/><SP WIDTH="44" VPOS="1320" HPOS="1307"/>
							<String ID="string_226" HPOS="1351" VPOS="1325" WIDTH="20" HEIGHT="34" WC="0.96" CONTENT="6"/><SP WIDTH="42" VPOS="1325" HPOS="1371"/>
							<String ID="string_227" HPOS="1413" VPOS="1336" WIDTH="112" HEIGHT="23" WC="0.96" CONTENT="mom."/><SP WIDTH="44" VPOS="1336" HPOS="1525"/>
							<String ID="string_228" HPOS="1569" VPOS="1324" WIDTH="17" HEIGHT="33" WC="0.93" CONTENT="1"/><SP WIDTH="44" VPOS="1324" HPOS="1586"/>
							<String ID="string_229" HPOS="1630" VPOS="1322" WIDTH="259" HEIGHT="47" WC="0.91" CONTENT="omförmäles,"/><SP WIDTH="29" VPOS="1322" HPOS="1889"/>
							<String ID="string_230" HPOS="1918" VPOS="1322" WIDTH="92" HEIGHT="37" WC="0.95" CONTENT="eller"/>
						</TextLine>
						<TextLine ID="line_48" HPOS="1231" VPOS="1372" WIDTH="778" HEIGHT="49">
							<String ID="string_231" HPOS="1231" VPOS="1378" WIDTH="91" HEIGHT="31" WC="0.96" CONTENT="utan"/><SP WIDTH="40" VPOS="1378" HPOS="1322"/>
							<String ID="string_232" HPOS="1362" VPOS="1372" WIDTH="141" HEIGHT="49" WC="0.95" CONTENT="Kungl."/><SP WIDTH="40" VPOS="1372" HPOS="1503"/>
							<String ID="string_233" HPOS="1543" VPOS="1372" WIDTH="126" HEIGHT="48" WC="0.95" CONTENT="Maj:ts"/><SP WIDTH="29" VPOS="1372" HPOS="1669"/>
							<String ID="string_234" HPOS="1698" VPOS="1373" WIDTH="132" HEIGHT="36" WC="0.93" CONTENT="därom"/><SP WIDTH="24" VPOS="1373" HPOS="1830"/>
							<String ID="string_235" HPOS="1854" VPOS="1373" WIDTH="155" HEIGHT="36" WC="0.92" CONTENT="medde-"/>
						</TextLine>
						<TextLine ID="line_49" HPOS="1231" VPOS="1422" WIDTH="777" HEIGHT="49">
							<String ID="string_236" HPOS="1231" VPOS="1422" WIDTH="85" HEIGHT="37" WC="0.96" CONTENT="lade"/><SP WIDTH="28" VPOS="1422" HPOS="1316"/>
							<String ID="string_237" HPOS="1344" VPOS="1422" WIDTH="198" HEIGHT="38" WC="0.96" CONTENT="föreskrift"/><SP WIDTH="28" VPOS="1422" HPOS="1542"/>
							<String ID="string_238" HPOS="1570" VPOS="1423" WIDTH="71" HEIGHT="36" WC="0.96" CONTENT="och"/><SP WIDTH="28" VPOS="1423" HPOS="1641"/>
							<String ID="string_239" HPOS="1669" VPOS="1422" WIDTH="34" HEIGHT="49" WC="0.96" CONTENT="ej"/><SP WIDTH="28" VPOS="1422" HPOS="1703"/>
							<String ID="string_240" HPOS="1731" VPOS="1422" WIDTH="103" HEIGHT="37" WC="0.91" CONTENT="inom"/><SP WIDTH="29" VPOS="1422" HPOS="1834"/>
							<String ID="string_241" HPOS="1863" VPOS="1426" WIDTH="51" HEIGHT="31" WC="0.73" CONTENT="tre"/><SP WIDTH="19" VPOS="1426" HPOS="1914"/>
							<String ID="string_242" HPOS="1933" VPOS="1423" WIDTH="75" HEIGHT="36" WC="0.91" CONTENT="till-"/>
						</TextLine>
						<TextLine ID="line_50" HPOS="1227" VPOS="1473" WIDTH="779" HEIGHT="49">
							<String ID="string_243" HPOS="1227" VPOS="1473" WIDTH="330" HEIGHT="49" WC="0.91" CONTENT="verkningsdygn,"/><SP WIDTH="30" VPOS="1473" HPOS="1557"/>
							<String ID="string_244" HPOS="1587" VPOS="1473" WIDTH="64" HEIGHT="36" WC="0.93" CONTENT="det"/><SP WIDTH="28" VPOS="1473" HPOS="1651"/>
							<String ID="string_245" HPOS="1679" VPOS="1473" WIDTH="199" HEIGHT="46" WC="0.88" CONTENT="oräknadt,"/><SP WIDTH="17" VPOS="1473" HPOS="1878"/>
							<String ID="string_246" HPOS="1895" VPOS="1474" WIDTH="111" HEIGHT="36" WC="0.92" CONTENT="hvar-"/>
						</TextLine>
						<TextLine ID="line_51" HPOS="1228" VPOS="1524" WIDTH="777" HEIGHT="49">
							<String ID="string_247" HPOS="1228" VPOS="1524" WIDTH="121" HEIGHT="37" WC="0.92" CONTENT="under"/><SP WIDTH="29" VPOS="1524" HPOS="1349"/>
							<String ID="string_248" HPOS="1378" VPOS="1524" WIDTH="182" HEIGHT="36" WC="0.91" CONTENT="afbrottet"/><SP WIDTH="26" VPOS="1524" HPOS="1560"/>
							<String ID="string_249" HPOS="1586" VPOS="1524" WIDTH="188" HEIGHT="44" WC="0.96" CONTENT="inträdde,"/><SP WIDTH="19" VPOS="1524" HPOS="1774"/>
							<String ID="string_250" HPOS="1793" VPOS="1527" WIDTH="97" HEIGHT="46" WC="0.92" CONTENT="ånyo"/><SP WIDTH="18" VPOS="1527" HPOS="1890"/>
							<String ID="string_251" HPOS="1908" VPOS="1525" WIDTH="97" HEIGHT="36" WC="0.92" CONTENT="före-"/>
						</TextLine>
						<TextLine ID="line_52" HPOS="1227" VPOS="1574" WIDTH="778" HEIGHT="49">
							<String ID="string_252" HPOS="1227" VPOS="1581" WIDTH="122" HEIGHT="42" WC="0.95" CONTENT="tages,"/><SP WIDTH="35" VPOS="1581" HPOS="1349"/>
							<String ID="string_253" HPOS="1384" VPOS="1575" WIDTH="147" HEIGHT="48" WC="0.94" CONTENT="åligger"/><SP WIDTH="28" VPOS="1575" HPOS="1531"/>
							<String ID="string_254" HPOS="1559" VPOS="1574" WIDTH="64" HEIGHT="36" WC="0.92" CONTENT="det"/><SP WIDTH="28" VPOS="1574" HPOS="1623"/>
							<String ID="string_255" HPOS="1651" VPOS="1574" WIDTH="354" HEIGHT="37" WC="0.90" CONTENT="brännvinstillver-"/>
						</TextLine>
						<TextLine ID="line_53" HPOS="1226" VPOS="1624" WIDTH="777" HEIGHT="50">
							<String ID="string_256" HPOS="1226" VPOS="1625" WIDTH="118" HEIGHT="37" WC="0.92" CONTENT="karen"/><SP WIDTH="29" VPOS="1625" HPOS="1344"/>
							<String ID="string_257" HPOS="1373" VPOS="1630" WIDTH="55" HEIGHT="32" WC="0.96" CONTENT="att"/><SP WIDTH="27" VPOS="1630" HPOS="1428"/>
							<String ID="string_258" HPOS="1455" VPOS="1626" WIDTH="55" HEIGHT="36" WC="0.96" CONTENT="för"/><SP WIDTH="28" VPOS="1626" HPOS="1510"/>
							<String ID="string_259" HPOS="1538" VPOS="1625" WIDTH="46" HEIGHT="35" WC="0.93" CONTENT="de"/><SP WIDTH="28" VPOS="1625" HPOS="1584"/>
							<String ID="string_260" HPOS="1612" VPOS="1624" WIDTH="391" HEIGHT="50" WC="0.91" CONTENT="tillverkningsdygn,"/>
						</TextLine>
						<TextLine ID="line_54" HPOS="1225" VPOS="1675" WIDTH="778" HEIGHT="48">
							<String ID="string_261" HPOS="1225" VPOS="1676" WIDTH="121" HEIGHT="36" WC="0.96" CONTENT="under"/><SP WIDTH="27" VPOS="1676" HPOS="1346"/>
							<String ID="string_262" HPOS="1373" VPOS="1675" WIDTH="129" HEIGHT="37" WC="0.95" CONTENT="hvilka"/><SP WIDTH="19" VPOS="1675" HPOS="1502"/>
							<String ID="string_263" HPOS="1521" VPOS="1675" WIDTH="299" HEIGHT="48" WC="0.96" CONTENT="tillverkningen"/><SP WIDTH="23" VPOS="1675" HPOS="1820"/>
							<String ID="string_264" HPOS="1843" VPOS="1676" WIDTH="160" HEIGHT="36" WC="0.96" CONTENT="sålunda"/>
						</TextLine>
						<TextLine ID="line_55" HPOS="1228" VPOS="1725" WIDTH="777" HEIGHT="49">
							<String ID="string_265" HPOS="1228" VPOS="1726" WIDTH="83" HEIGHT="37" WC="0.93" CONTENT="icke"/><SP WIDTH="41" VPOS="1726" HPOS="1311"/>
							<String ID="string_266" HPOS="1352" VPOS="1727" WIDTH="182" HEIGHT="43" WC="0.90" CONTENT="utöfvats,"/><SP WIDTH="36" VPOS="1727" HPOS="1534"/>
							<String ID="string_267" HPOS="1570" VPOS="1725" WIDTH="117" HEIGHT="48" WC="0.91" CONTENT="gälda"/><SP WIDTH="23" VPOS="1725" HPOS="1687"/>
							<String ID="string_268" HPOS="1710" VPOS="1729" WIDTH="49" HEIGHT="45" WC="0.92" CONTENT="på"/><SP WIDTH="27" VPOS="1729" HPOS="1759"/>
							<String ID="string_269" HPOS="1786" VPOS="1726" WIDTH="219" HEIGHT="36" WC="0.92" CONTENT="bränneriet"/>
						</TextLine>
						<TextLine ID="line_56" HPOS="1227" VPOS="1775" WIDTH="629" HEIGHT="50">
							<String ID="string_270" HPOS="1227" VPOS="1776" WIDTH="214" HEIGHT="49" WC="0.92" CONTENT="belöpande"/><SP WIDTH="28" VPOS="1776" HPOS="1441"/>
							<String ID="string_271" HPOS="1469" VPOS="1775" WIDTH="387" HEIGHT="38" WC="0.90" CONTENT="kontrollkostnader."/>
						</TextLine>
					</TextBlock>
				</ComposedBlock>
				<ComposedBlock ID="cblock_10" HPOS="1579" VPOS="1891" WIDTH="79" HEIGHT="48">
					<TextBlock ID="block_11" HPOS="1579" VPOS="1891" WIDTH="79" HEIGHT="48">
						<TextLine ID="line_57" HPOS="1579" VPOS="1891" WIDTH="79" HEIGHT="48">
							<String ID="string_272" HPOS="1579" VPOS="1891" WIDTH="21" HEIGHT="48" WC="0.48" CONTENT="8"/><SP WIDTH="25" VPOS="1891" HPOS="1600"/>
							<String ID="string_273" HPOS="1625" VPOS="1895" WIDTH="33" HEIGHT="35" WC="0.83" CONTENT="8."/>
						</TextLine>
					</TextBlock>
				</ComposedBlock>
				<ComposedBlock ID="cblock_11" HPOS="1220" VPOS="1977" WIDTH="782" HEIGHT="289">
					<TextBlock ID="block_12" HPOS="1220" VPOS="1977" WIDTH="782" HEIGHT="289">
						<TextLine ID="line_58" HPOS="1297" VPOS="1977" WIDTH="705" HEIGHT="49">
							<String ID="string_274" HPOS="1297" VPOS="1978" WIDTH="260" HEIGHT="47" WC="0.96" CONTENT="Förteckning"/><SP WIDTH="40" VPOS="1978" HPOS="1557"/>
							<String ID="string_275" HPOS="1597" VPOS="1977" WIDTH="109" HEIGHT="36" WC="0.96" CONTENT="öfver"/><SP WIDTH="29" VPOS="1977" HPOS="1706"/>
							<String ID="string_276" HPOS="1735" VPOS="1977" WIDTH="267" HEIGHT="49" WC="0.96" CONTENT="anmälningar"/>
						</TextLine>
						<TextLine ID="line_59" HPOS="1224" VPOS="2026" WIDTH="774" HEIGHT="51">
							<String ID="string_277" HPOS="1224" VPOS="2028" WIDTH="71" HEIGHT="37" WC="0.96" CONTENT="och"/><SP WIDTH="40" VPOS="2028" HPOS="1295"/>
							<String ID="string_278" HPOS="1335" VPOS="2028" WIDTH="198" HEIGHT="49" WC="0.95" CONTENT="uppgifter"/><SP WIDTH="40" VPOS="2028" HPOS="1533"/>
							<String ID="string_279" HPOS="1573" VPOS="2027" WIDTH="121" HEIGHT="49" WC="0.93" CONTENT="enligt"/><SP WIDTH="39" VPOS="2027" HPOS="1694"/>
							<String ID="string_280" HPOS="1733" VPOS="2026" WIDTH="25" HEIGHT="46" WC="0.93" CONTENT="$"/><SP WIDTH="32" VPOS="2026" HPOS="1758"/>
							<String ID="string_281" HPOS="1790" VPOS="2029" WIDTH="24" HEIGHT="32" WC="0.96" CONTENT="4"/><SP WIDTH="36" VPOS="2029" HPOS="1814"/>
							<String ID="string_282" HPOS="1850" VPOS="2039" WIDTH="96" HEIGHT="23" WC="0.95" CONTENT="mom."/><SP WIDTH="32" VPOS="2039" HPOS="1946"/>
							<String ID="string_283" HPOS="1978" VPOS="2031" WIDTH="20" HEIGHT="30" WC="0.86" CONTENT="I"/>
						</TextLine>
						<TextLine ID="line_60" HPOS="1221" VPOS="2078" WIDTH="779" HEIGHT="48">
							<String ID="string_284" HPOS="1221" VPOS="2079" WIDTH="57" HEIGHT="34" WC="0.92" CONTENT="och"/><SP WIDTH="37" VPOS="2079" HPOS="1278"/>
							<String ID="string_285" HPOS="1315" VPOS="2078" WIDTH="26" HEIGHT="45" WC="0.91" CONTENT="$"/><SP WIDTH="28" VPOS="2078" HPOS="1341"/>
							<String ID="string_286" HPOS="1369" VPOS="2081" WIDTH="22" HEIGHT="32" WC="0.61" CONTENT="I"/><SP WIDTH="29" VPOS="2081" HPOS="1391"/>
							<String ID="string_287" HPOS="1420" VPOS="2079" WIDTH="97" HEIGHT="36" WC="0.95" CONTENT="skall"/><SP WIDTH="29" VPOS="2079" HPOS="1517"/>
							<String ID="string_288" HPOS="1546" VPOS="2078" WIDTH="41" HEIGHT="36" WC="0.96" CONTENT="af"/><SP WIDTH="24" VPOS="2078" HPOS="1587"/>
							<String ID="string_289" HPOS="1611" VPOS="2078" WIDTH="139" HEIGHT="48" WC="0.94" CONTENT="Kungl."/><SP WIDTH="28" VPOS="2078" HPOS="1750"/>
							<String ID="string_290" HPOS="1778" VPOS="2078" WIDTH="127" HEIGHT="48" WC="0.93" CONTENT="Maj:ts"/><SP WIDTH="24" VPOS="2078" HPOS="1905"/>
							<String ID="string_291" HPOS="1929" VPOS="2078" WIDTH="71" HEIGHT="36" WC="0.92" CONTENT="Be-"/>
						</TextLine>
						<TextLine ID="line_61" HPOS="1222" VPOS="2128" WIDTH="778" HEIGHT="49">
							<String ID="string_292" HPOS="1222" VPOS="2128" WIDTH="379" HEIGHT="49" WC="0.91" CONTENT="fallningshafvande"/><SP WIDTH="50" VPOS="2128" HPOS="1601"/>
							<String ID="string_293" HPOS="1651" VPOS="2128" WIDTH="251" HEIGHT="37" WC="0.88" CONTENT="öfversändas"/><SP WIDTH="40" VPOS="2128" HPOS="1902"/>
							<String ID="string_294" HPOS="1942" VPOS="2128" WIDTH="58" HEIGHT="37" WC="0.81" CONTENT="till"/>
						</TextLine>
						<TextLine ID="line_62" HPOS="1222" VPOS="2179" WIDTH="778" HEIGHT="48">
							<String ID="string_295" HPOS="1222" VPOS="2179" WIDTH="320" HEIGHT="37" WC="0.91" CONTENT="öfverkontrollör"/><SP WIDTH="27" VPOS="2179" HPOS="1542"/>
							<String ID="string_296" HPOS="1569" VPOS="2179" WIDTH="70" HEIGHT="36" WC="0.96" CONTENT="sist"/><SP WIDTH="24" VPOS="2179" HPOS="1639"/>
							<String ID="string_297" HPOS="1663" VPOS="2179" WIDTH="127" HEIGHT="48" WC="0.96" CONTENT="dagen"/><SP WIDTH="28" VPOS="2179" HPOS="1790"/>
							<String ID="string_298" HPOS="1818" VPOS="2179" WIDTH="98" HEIGHT="37" WC="0.96" CONTENT="efter"/><SP WIDTH="19" VPOS="2179" HPOS="1916"/>
							<String ID="string_299" HPOS="1935" VPOS="2179" WIDTH="65" HEIGHT="36" WC="0.96" CONTENT="det"/>
						</TextLine>
						<TextLine ID="line_63" HPOS="1220" VPOS="2229" WIDTH="778" HEIGHT="37">
							<String ID="string_300" HPOS="1220" VPOS="2229" WIDTH="117" HEIGHT="37" WC="0.96" CONTENT="sådan"/><SP WIDTH="29" VPOS="2229" HPOS="1337"/>
							<String ID="string_301" HPOS="1366" VPOS="2229" WIDTH="176" HEIGHT="37" WC="0.96" CONTENT="anmälan"/><SP WIDTH="28" VPOS="2229" HPOS="1542"/>
							<String ID="string_302" HPOS="1570" VPOS="2229" WIDTH="103" HEIGHT="36" WC="0.96" CONTENT="skett"/><SP WIDTH="20" VPOS="2229" HPOS="1673"/>
							<String ID="string_303" HPOS="1693" VPOS="2229" WIDTH="71" HEIGHT="36" WC="0.96" CONTENT="och"/><SP WIDTH="21" VPOS="2229" HPOS="1764"/>
							<String ID="string_304" HPOS="1785" VPOS="2229" WIDTH="56" HEIGHT="36" WC="0.93" CONTENT="till"/><SP WIDTH="16" VPOS="2229" HPOS="1841"/>
							<String ID="string_305" HPOS="1857" VPOS="2229" WIDTH="141" HEIGHT="37" WC="0.88" CONTENT="finans-"/>
						</TextLine>
					</TextBlock>
				</ComposedBlock>
			</PrintSpace>
		</Page>
	</Layout>
</alto>
