2212 2624
394 193 37 28 12
913 192 227 29 Statsutskottets
1169 191 154 29 Utlåtande
1346 192 59 27 N:o
1427 192 48 28 94.

392 281 79 33 nor,
510 274 153 31 testator
702 268 109 37 afsett
845 269 58 35 till
930 268 236 37 bestridande
1192 266 41 37 af
1258 267 83 36 med
1368 266 246 46 egendomens
1642 265 241 48 mottagande
1909 264 89 46 möj-

392 320 99 46 ligen
526 319 213 37 förbundna
773 319 208 45 kostnader,
1007 318 122 37 blefve
1156 318 64 37 vid
1248 317 245 47 egendomens
1520 316 267 46 öfvertagande
1815 315 40 36 af
1878 321 120 30 staten

392 370 59 36 för
490 370 113 46 sagda
643 370 173 36 ändamål
852 369 224 47 disponibelt
1111 369 68 36 och
1212 374 54 30 att
1293 368 245 48 egendomens
1566 368 101 47 skog,
1695 367 152 36 hvilken
1874 372 125 39 syntes

392 422 126 35 lämna
544 421 74 46 god
645 421 157 47 tillgång
828 421 21 36 å
875 421 104 36 virke
1005 421 58 35 till
1089 420 177 48 möjligen
1294 418 240 48 erforderliga
1559 417 271 49 nybyggnader
1856 417 69 36 och
1948 429 51 24 re-

391 472 221 47 parationer,
647 473 100 45 finge
783 472 126 36 därtill
940 471 198 36 användas.
1190 470 16 36 I
1237 470 128 46 hvarje
1391 468 69 37 fall
1487 474 123 39 syntes
1638 473 120 31 staten
1784 481 135 33 genom
1946 468 54 35 in-

392 523 167 47 flytande
598 523 182 36 arrenden
818 522 68 36 och
926 522 246 47 ersättningar
1208 520 58 36 för
1293 519 417 48 lägenhetsupplåtelser
1735 520 13 35 i
1776 531 45 24 en
1847 517 153 37 framtid

392 574 93 35 böra
524 572 116 38 blifva
680 579 111 31 ersatt
829 572 59 37 för
928 573 44 36 de
1011 571 163 47 utgifter,
1210 576 119 31 staten
1363 571 63 36 vid
1459 569 247 47 egendomens
1734 568 266 48 öfvertagande

393 624 126 36 kunde
557 623 38 37 få
633 624 214 37 vidkännas.
899 623 53 36 På
991 623 104 36 dessa
1134 622 163 46 grunder
1324 621 133 49 ansåge
1484 622 55 45 sig
1566 621 279 36 ämbetsverken
1871 620 129 35 kunna

393 675 120 36 såsom
549 675 55 35 sin
641 675 96 36 åsikt
770 675 128 43 uttala,
927 678 53 31 att
1006 680 79 30 mot
1112 679 52 30 ett
1192 672 265 47 öfvertagande
1483 671 83 37 från
1594 676 137 32 statens
1758 670 79 37 sida
1865 670 41 36 af
1929 670 71 36 den

393 726 307 37 testamenterade
727 725 229 48 egendomen
974 738 45 23 ur
1038 725 217 36 ekonomisk
1273 724 191 46 synpunkt
1482 723 30 46 ej
1532 735 90 24 vore
1639 722 115 48 något
1773 726 53 32 att
1845 722 155 35 erinra».

496 827 289 45 Statsutskottet,
825 827 59 35 till
922 827 110 36 hvars
1072 824 269 38 förberedande
1367 824 229 48 behandling
1623 822 244 38 förevarande
1892 821 108 37 fram-

395 879 176 46 ställning
597 878 126 37 blifvit
748 877 227 44 remitterad,
1003 877 67 35 har
1096 877 80 36 icke
1202 875 82 37 haft
1309 875 115 48 något
1442 880 53 31 att
1514 879 99 32 emot
1631 874 214 36 densamma
1864 874 136 43 erinra;

395 930 68 35 och
492 930 210 35 hemställer
728 929 180 36 utskottet
934 928 117 43 alltså,

896 983 54 32 att
985 978 136 47 Kungl.
1157 977 120 48 Maj:ts
1311 976 282 47 ifrågavarande
1619 976 231 46 proposition
1877 974 62 37 må
1966 974 39 36 af

796 1029 210 46 Riksdagen
1032 1028 157 37 bifallas.

497 1130 215 38 Stockholm
739 1131 70 36 den
838 1132 45 35 29
912 1130 96 47 april
1036 1131 107 35 1904.

928 1231 52 36 På
1006 1231 287 37 statsutskottets
1320 1236 153 42 vägnar:

1039 1380 140 39 HUGO
1207 1381 152 37 TAMM.

499 1674 95 36 Herr
631 1672 47 37 H.
715 1672 207 37 Andersson
949 1672 67 35 har
1042 1671 130 45 begärt
1198 1669 38 36 få
1262 1668 233 45 antecknadt,
1523 1673 55 31 att
1605 1668 72 35 han
1705 1667 79 36 icke
1811 1666 155 46 deltagit
1991 1667 12 35 i

399 1723 231 38 förestående
657 1723 155 37 ärendes
839 1722 228 46 behandling
1093 1722 103 35 inom
1222 1721 190 35 utskottet.

837 2263 139 26 Stockholm,
995 2262 50 22 Ivar
1063 2262 155 27 Haggströms
1236 2260 147 28 Boktryckeri
1402 2259 26 23 ÅA.
1452 2260 35 26 B.,
1508 2262 61 19 1904,
