1842 2766
247 92 42 29 30
522 89 403 40 Bevillningsutskottets
948 92 217 31 betänkande
1186 103 41 19 nr
1248 95 42 28 36
1311 94 39 29 år
1372 95 83 28 1965

249 176 40 19 nr
315 168 35 29 14
375 168 140 32 väcktes
540 170 168 29 motioner
732 171 76 29 med
833 171 155 38 yrkande
1012 172 43 29 bl.
1079 183 29 18 a.
1133 174 48 27 att
1207 173 123 38 Kungl.
1355 174 102 38 Maj:t
1482 176 107 27 måtte
1615 175 114 28 lämna

248 221 184 38 riksdagen
452 223 328 39 sammanställning
798 225 146 29 rörande
963 225 398 39 långsiktsplaneringen
1382 236 41 19 av
1441 228 132 28 statens
1594 228 138 37 utgilts-

248 274 63 28 och
330 274 292 39 inkomstpolitik.
640 277 218 29 Motionerna
876 277 207 30 hänvisades
1102 279 8 28 i
1131 288 46 19 nu
1196 279 146 29 berörda
1361 280 53 28 del
1434 280 49 29 till
1506 281 223 28 statsutskot-

248 327 56 33 tet,
328 336 72 20 som
420 347 8 2 —
485 329 106 38 enligt
613 330 63 28 vad
698 330 378 38 bevillningsutskottet
1099 332 120 29 erfarit
1279 352 6 2 --
1306 333 156 28 kommer
1485 335 50 27 att
1557 334 169 29 behandla

247 381 219 29 motionerna
481 382 55 29 vid
556 382 233 30 innevarande
807 386 56 27 års
880 385 234 38 höstriksdag.
1132 386 75 28 Med
1227 386 136 38 hänsyn
1381 387 47 28 till
1451 388 48 27 att
1518 387 40 29 de
1577 396 47 20 nu
1641 388 87 28 före-

246 434 150 29 varande
414 435 357 39 motionsyrkandena
789 437 119 29 därvid
927 438 158 29 kommer
1103 440 49 27 att
1169 439 45 29 bli
1233 439 186 29 besvarade
1438 449 103 20 anser
1560 441 166 28 utskottet

247 487 51 37 sig
317 487 68 30 inte
404 489 45 28 ha
468 488 188 39 anledning
676 491 47 28 att
744 490 8 28 i
772 490 94 29 detta
886 491 255 38 sammanhang
1161 492 80 38 göra
1263 493 102 37 något
1386 493 141 29 särskilt
1551 494 176 28 uttalande

246 540 8 29 i
270 541 126 29 ämnet.

290 596 74 28 Vad
382 596 155 29 härefter
556 597 107 38 angår
681 597 57 29 det
757 598 9 28 i
787 598 218 29 motionerna
1025 599 28 29 1:
1071 599 58 29 761
1152 608 41 20 av
1211 600 81 29 herr
1311 601 212 29 Lundström
1544 610 44 20 m.
1610 601 36 29 fl.
1666 601 63 29 och

246 648 45 29 II:
308 648 61 30 893
391 658 41 20 av
451 649 82 29 herr
554 649 104 30 Ohlin
679 659 44 21 m.
745 650 37 29 fl.
804 651 195 30 framförda
1017 653 182 37 yrkandet,
1222 654 49 28 att
1293 653 123 39 Kungl.
1439 654 105 38 Maj:t
1565 655 51 28 till
1638 655 93 28 höst-

246 702 176 29 sessionen
442 711 44 20 av
505 703 235 30 innevarande
761 704 57 29 års
838 704 140 39 riksdag
999 705 106 29 måtte
1126 706 194 39 framlägga
1339 716 41 19 en
1402 707 152 29 särskild
1573 708 83 39 plan
1676 707 57 30 för

245 754 160 39 åtgärder
428 757 50 27 att
501 756 174 39 bekämpa
696 757 282 39 prisstegringen,
1003 758 59 29 vill
1088 759 167 29 utskottet
1280 759 114 30 erinra
1419 769 55 20 om
1500 762 49 27 att
1575 761 157 38 departe-

244 808 241 30 mentschefen
512 809 11 29 i
551 809 552 41 kompletteringspropositionen
1131 812 173 30 redovisat
1332 822 41 20 en
1402 814 128 38 mängd
1560 813 170 39 åtgärder,

245 870 75 20 som
337 862 106 29 redan
461 862 164 39 vidtagits
642 863 82 29 eller
742 864 37 28 är
797 864 149 29 avsedda
964 866 50 27 att
1031 865 157 39 vidtagas
1206 866 94 28 inom
1319 866 142 34 finans-,
1480 867 168 39 penning-
1666 867 64 29 och

244 914 479 41 arbetsmarknadspolitiken
746 917 55 28 för
822 919 49 27 att
892 918 180 29 motverka
1093 918 41 29 de
1155 918 291 30 inflationistiska
1466 920 231 29 tendenserna
1720 921 8 28 i

245 968 388 30 samhällsekonomien.
659 970 130 29 Chefen
816 970 53 29 för
894 970 423 40 handelsdepartementet
1342 972 63 29 har
1430 973 118 29 vidare
1574 974 70 28 helt
1670 983 62 29 ny-

244 1021 91 38 ligen
355 1022 8 28 i
385 1030 78 20 svar
482 1022 46 38 på
547 1032 40 19 en
609 1022 96 30 enkel
728 1023 99 39 fråga
847 1024 9 28 i
877 1024 109 29 andra
1006 1024 205 29 kammaren
1232 1025 204 34 framhållit,
1457 1028 49 27 att
1527 1027 201 38 regeringen

244 1074 107 38 ägnar
373 1074 241 39 prisfrågorna
635 1076 151 29 intensiv
810 1077 321 39 uppmärksamhet.
1155 1078 391 39 Departementschefen
1571 1080 161 29 erinrade

243 1127 121 30 därvid
386 1137 56 19 om
464 1130 50 28 att
536 1129 66 28 den
625 1129 93 29 inom
741 1129 422 40 handelsdepartementet
1186 1131 145 29 tillsatta
1353 1132 275 39 arbetsgruppen
1651 1133 77 29 med

245 1180 136 40 uppgift
400 1183 49 27 att
469 1182 125 29 utreda
612 1182 354 40 prisövervakningen
987 1183 165 40 framlagt
1170 1185 171 29 konkreta
1361 1185 141 39 förslag,
1522 1186 92 29 vilka
1634 1186 44 29 bl.
1700 1196 28 19 a.

243 1234 61 29 lett
326 1234 50 29 till
398 1234 198 39 betydande
618 1236 444 39 personalförstärkningar
1084 1238 63 28 hos
1169 1238 41 29 de
1233 1238 316 39 prisövervakande
1572 1239 159 39 myndig-

242 1287 143 29 heterna
409 1290 90 26 samt
523 1296 43 20 en
588 1288 277 40 effektivisering
888 1299 42 19 av
951 1290 311 40 prisövervakning
1285 1292 65 28 och
1372 1292 358 40 konsumentupplys-

243 1340 92 39 ning.
353 1341 183 38 Därjämte
555 1342 64 28 har
637 1351 41 20 en
698 1342 149 29 särskild
868 1343 199 39 sakkunnig
1087 1343 179 31 tillkallats
1287 1344 53 29 för
1359 1347 49 27 att
1428 1345 122 29 utreda
1570 1346 159 39 riktpris-

242 1395 175 37 systemet.
433 1394 117 39 Några
567 1394 169 39 åtgärder,
755 1404 75 20 som
848 1396 148 29 behöver
1014 1397 232 30 underställas
1265 1397 195 39 riksdagen,
1480 1399 37 28 är
1536 1399 189 29 emellertid

242 1446 72 30 inte
341 1447 163 30 aktuella.
534 1448 76 29 Med
639 1448 134 39 hänsyn
805 1448 50 29 till
885 1451 49 27 att
962 1449 125 39 Kungl.
1118 1450 102 39 Maj:t
1249 1451 65 29 och
1342 1451 41 29 de
1411 1451 318 39 prisövervakande

241 1500 290 39 myndigheterna
556 1501 106 29 redan
686 1501 63 29 har
774 1501 54 29 sin
854 1503 311 38 uppmärksamhet
1189 1504 114 29 riktad
1330 1504 44 39 på
1397 1505 331 39 prisutvecklingen,

241 1562 104 20 anser
372 1554 171 29 utskottet
572 1554 50 39 sig
651 1554 69 29 inte
750 1555 45 28 ha
824 1555 189 39 anledning
1042 1556 174 39 tillstyrka
1245 1557 57 29 det
1331 1557 10 29 i
1370 1558 221 29 motionerna
1620 1558 27 29 1:
1666 1559 57 29 761

241 1606 64 29 och
329 1606 43 29 II:
389 1606 62 29 893
475 1606 196 31 framförda
693 1608 339 39 skrivelseyrkandet
1054 1610 148 29 rörande
1225 1610 160 38 åtgärder
1408 1610 53 30 för
1483 1613 50 27 att
1555 1611 171 40 bekämpa

240 1659 284 39 prisstegringen.

286 1712 11 28 I
319 1712 41 30 de
379 1713 56 29 vid
456 1713 208 39 riksdagens
683 1714 125 39 början
830 1715 122 29 väckta
974 1716 219 29 motionerna
1214 1717 28 29 I:
1259 1716 62 30 482
1343 1726 42 20 av
1405 1718 80 28 herr
1507 1718 133 29 Sundin
1662 1719 62 29 och

241 1765 45 29 11:
303 1766 62 29 570
390 1775 42 20 av
455 1766 81 29 herr
562 1767 206 29 Gustafsson
794 1768 10 28 i
826 1768 119 39 Kårby
970 1768 178 39 angående
1174 1770 228 29 användande
1428 1780 43 19 av
1493 1771 153 29 indirekt
1671 1772 56 28 be-

240 1819 179 39 skattning
442 1820 10 28 i
476 1820 383 39 konjunkturpolitiskt
883 1821 89 39 syfte
997 1822 203 29 framhåller
1225 1824 270 34 motionärerna,
1519 1826 49 27 att
1593 1824 132 30 finans-

239 1872 167 38 politiken
434 1873 9 28 i
471 1873 80 30 dess
578 1874 200 29 nuvarande
807 1874 218 39 utformning
1051 1875 71 29 inte
1149 1876 37 28 är
1215 1876 198 39 tillräckligt
1442 1877 125 39 smidig
1595 1877 54 29 för
1676 1880 49 27 att

239 1925 121 29 kunna
381 1926 178 29 bemästra
580 1928 47 27 ett
648 1926 200 39 balansläge
870 1928 128 28 mellan
1020 1928 291 39 högkonjunktur
1334 1931 63 28 och
1420 1930 306 39 överkonjunktur

239 1980 85 27 utan
343 1978 62 30 bör
423 1979 250 39 kompletteras
692 1981 77 28 med
791 1987 42 21 en
854 1981 108 29 snabb
982 1982 214 38 anpassning
1216 1992 42 19 av
1276 1983 268 39 beskattningen
1565 1984 10 28 i
1596 1983 130 30 förhål-

239 2031 102 30 lande
364 2032 50 28 till
437 2032 334 39 konjunkturlägets
794 2034 188 39 växlingar.
1007 2035 122 28 Denna
1152 2036 213 39 anpassning
1388 2037 61 28 bör
1473 2037 106 37 enligt
1603 2037 121 29 motio-

239 2085 167 30 närernas
428 2086 143 38 mening
594 2086 62 38 äga
678 2095 77 20 rum
780 2087 94 28 inom
898 2087 65 29 den
988 2088 174 29 indirekta
1184 2089 287 39 beskattningens
1494 2099 86 21 ram.
1605 2090 118 30 Motio-

239 2147 109 20 nerna
363 2139 189 37 utmynnar
566 2139 8 28 i
591 2141 48 27 ett
654 2140 361 38 utredningsyrkande
1030 2141 10 28 i
1056 2142 126 29 ämnet.

284 2191 11 28 I
315 2191 188 39 anledning
520 2201 43 20 av
579 2193 64 28 vad
662 2192 9 29 i
690 2192 220 30 motionerna
927 2193 136 30 anförts
1080 2194 58 29 vill
1159 2195 167 29 utskottet
1344 2195 113 30 erinra
1477 2205 56 20 om
1552 2198 50 27 att
1621 2197 103 29 stabi-

238 2243 395 41 liseringsutredningen
653 2245 10 29 i
684 2245 58 30 sitt
762 2246 39 29 år
823 2246 79 29 1961
925 2246 147 39 avgivna
1091 2247 219 30 betänkande
1330 2257 57 20 om
1406 2249 68 29 mål
1496 2250 64 28 och
1581 2250 110 29 medel
1713 2250 9 28 i

238 2297 423 40 stabiliseringspolitiken
697 2299 100 33 (SOU
832 2299 171 34 1961:42)
1039 2300 168 39 ingående
1239 2302 121 38 prövat
1391 2302 41 29 de
1463 2303 95 28 olika
1587 2303 136 38 möjlig-

236 2350 144 30 heterna
402 2352 49 27 att
475 2351 163 30 använda
658 2352 268 39 beskattningen
950 2353 116 29 såsom
1090 2353 410 40 stabiliseringspolitiskt
1524 2356 111 29 medel
1659 2356 63 29 och

238 2402 120 29 därvid
375 2403 43 29 bl.
436 2413 29 19 a.
482 2403 130 35 funnit,
630 2406 48 27 att
695 2413 41 21 en
754 2404 129 29 allmän
901 2405 153 29 indirekt
1071 2405 222 39 beskattning
1311 2406 75 30 bäst
1403 2407 111 29 skulle
1533 2408 84 38 fylla
1636 2416 84 30 upp-
