2218 2648
390 218 40 30 10
915 218 212 36 Lagutskottets
1153 217 152 30 Utlåtande
1328 217 57 29 N:o
1408 217 53 28 28.

387 297 88 37 stått
516 302 57 31 att
612 298 12 34 i
660 296 553 37 koncessionsbestämmelserna
1249 294 133 38 föreslå
1414 307 63 24 ens
1505 293 112 50 något
1644 294 12 35 i
1684 293 109 37 sådan
1822 293 167 49 riktning

388 350 140 50 gående
555 350 145 37 villkor.

495 404 70 36 Att
593 402 337 38 tillfredsställande
959 406 158 46 utvägar
1144 403 61 36 till
1233 400 148 50 frågans
1408 401 147 48 lösning
1574 399 154 38 sålunda
1748 400 80 36 icke
1847 401 142 40 saknas,

388 457 64 37 har
480 458 181 35 utskottet
702 457 83 36 med
827 456 62 37 det
916 455 114 38 ofvan
1058 455 154 37 anförda
1241 456 100 36 velat
1369 455 88 44 visa,
1488 453 110 37 äfven
1626 466 60 24 om
1715 454 179 36 utskottet
1922 452 67 50 gif-

388 511 117 36 vetvis
547 511 79 35 icke
669 511 97 35 varit
793 511 13 34 i
833 508 151 38 tillfälle
1012 514 53 32 att
1087 516 170 29 närmare
1285 507 161 50 angifva,
1474 508 99 35 huru
1601 507 119 36 denna
1748 507 146 48 lösning
1922 508 68 35 bör

388 563 168 50 försiggå.
611 565 113 35 Detta
752 564 103 36 torde
883 563 136 49 Kungl.
1049 563 102 48 Maj:t
1177 562 64 36 vid
1270 575 45 23 en
1343 562 188 36 eventuell
1550 560 198 48 utredning
1768 560 82 36 bäst
1869 560 120 36 blifva

387 618 12 35 i
427 617 107 37 stånd
576 620 55 33 att
670 616 135 49 afgöra.
857 617 142 36 Därvid
1040 617 95 35 lärer
1176 615 47 36 då
1265 616 67 35 ock
1361 615 76 36 visa
1465 616 66 47 sig,
1562 614 184 36 huruvida
1775 614 110 35 saken
1916 614 71 35 kan

387 671 134 36 ordnas
549 683 133 37 genom
713 671 96 36 blott
832 671 294 35 administrativa
1168 668 239 45 föreskrifter,
1436 669 125 35 hvilka
1589 667 139 49 Kungl.
1758 668 111 46 Maj:t
1897 667 12 34 i
1938 666 51 37 så-

388 725 88 35 dant
504 723 68 37 fall
599 725 80 35 icke
703 725 98 35 lärer
829 723 193 37 underlåta
1050 728 55 31 att
1132 723 179 43 meddela,
1335 723 89 35 eller
1444 721 184 37 huruvida
1648 719 235 50 lagstiftning
1903 720 85 36 med

388 778 228 49 Riksdagens
643 778 217 36 medverkan
890 777 194 36 erfordras.

495 884 83 36 Med
600 884 79 37 stöd
708 883 39 37 af
772 884 63 36 det
862 883 155 37 sålunda
1044 882 152 37 anförda
1225 882 214 36 hemställer
1467 881 190 44 utskottet,

921 995 55 31 att
1004 989 222 48 Riksdagen,
1257 988 12 35 i
1297 988 199 48 anledning
1520 986 43 37 af
1578 985 239 38 förevarande
1837 987 152 43 motion,

813 1044 90 36 ville
932 1044 12 35 i
973 1041 190 38 skrifvelse
1191 1043 61 35 till
1281 1042 140 48 Kungl.
1450 1041 105 48 Maj:t
1582 1040 158 44 anhålla,
1768 1040 63 36 det
1849 1040 140 35 täcktes

814 1097 134 48 Kungl.
977 1097 107 47 Maj:t
1110 1095 74 36 låta
1212 1094 214 36 föranstalta
1454 1107 62 23 om
1542 1094 209 47 utredning,
1781 1095 46 46 på
1844 1093 145 36 hvilket

813 1154 71 32 sätt
903 1149 253 50 betryggande
1175 1148 184 47 garantier
1378 1146 57 37 för
1451 1147 309 48 kontraktsenligt
1773 1147 215 48 åtnjutande

813 1202 41 37 af
879 1203 178 36 elektrisk
1085 1202 123 48 energi
1237 1200 60 36 må
1325 1201 126 36 kunna
1479 1213 132 36 genom
1640 1199 234 50 lagstiftning
1897 1200 92 36 eller

814 1257 101 47 eljest
957 1256 149 36 beredas
1148 1255 190 35 afnämare
1380 1252 41 37 af
1450 1254 114 36 sådan
1591 1253 135 48 energi,
1754 1256 94 33 samt
1876 1254 12 35 i
1918 1253 68 36 den

813 1309 85 36 mån
936 1309 226 49 Riksdagens
1203 1308 226 36 medverkan
1467 1307 61 36 till
1564 1307 234 49 lagstiftning
1825 1307 11 34 i
1865 1311 125 32 ämnet

813 1364 196 44 erfordras,
1036 1362 56 36 för
1119 1361 210 49 Riksdagen
1358 1360 208 49 framlägga
1589 1360 61 37 det
1665 1360 150 49 förslag,
1836 1360 152 37 hvartill

815 1416 241 49 utredningen
1082 1416 72 35 kan
1182 1413 104 50 gifva
1314 1414 208 49 anledning.

496 1523 212 37 Stockholm
738 1523 70 36 den
842 1525 44 35 18
916 1535 100 23 mars
1047 1523 112 37 1907.

927 1664 53 37 På
1007 1664 261 49 lagutskottets
1298 1669 151 42 vägnar:

984 1752 40 38 C.
1054 1752 45 37 A.
1126 1745 266 45 SJÖCRONA.

499 1967 96 37 Herr
621 1967 209 46 Lindhagen
857 1967 68 36 har
953 1967 126 49 begärt
1106 1967 37 35 få
1166 1965 232 45 antecknadt,
1425 1969 56 31 att
1509 1964 72 35 han
1609 1964 80 36 icke
1718 1964 153 49 deltagit
1893 1964 13 35 i
1931 1964 58 36 be-

391 2021 226 49 handlingen
650 2019 41 37 af
717 2021 98 36 detta
843 2020 131 37 ärende
1002 2021 100 34 inom
1131 2019 191 44 utskottet,
1350 2018 68 36 och
1447 2019 84 35 herr
1565 2018 135 45 Widén,
1728 2023 54 30 att
1810 2018 72 35 han
1911 2018 78 36 icke

389 2074 158 50 deltagit
574 2075 13 35 i
614 2073 70 37 den
713 2074 152 48 slutliga
893 2073 322 49 handläggningen
1244 2071 111 37 däraf.

867 2274 339 25 CENTRALTRYCKERIET,
1226 2272 190 26 STOCKHOLM,
1438 2273 77 20 1907.
