1896 2810
252 151 40 30 28

387 239 141 37 (Kungl.
557 241 118 36 Maj:ts
703 242 158 37 förslag.)

622 158 394 37 Bevillningsutskottets
1036 162 218 32 betänkande
1272 174 41 21 nr
1340 166 53 31 66.

1190 245 206 35 (Utskottets
1422 249 159 38 förslag.)

552 299 63 31 Om
638 301 175 39 undantag
833 302 81 32 eller
934 303 156 39 befrielse
1112 305 81 38 från
1211 307 246 36 nöjesskatten.

959 389 39 30 13
1017 389 28 37 8.

299 448 329 39 Nöjestillställning,
651 461 74 22 som
749 454 174 31 anordnas
947 464 42 21 av
1011 456 116 36 kungl.
1151 460 130 28 teatern
1302 459 81 30 eller
1405 460 117 36 kungi.
1545 461 213 31 dramatiska

254 501 130 28 teatern
404 500 10 30 i
436 500 200 31 Stockholm
655 501 21 32 å
694 503 103 36 lokal,
818 513 74 21 som
914 505 55 30 för
989 508 146 29 teaterns
1155 508 220 32 verksamhet
1393 510 10 29 i
1424 509 241 32 huvudstaden
1690 514 66 28 sta-

253 549 210 36 digvarande
480 551 181 38 begagnas,
679 553 39 30 är
734 554 222 37 undantagen
974 555 78 31 från
1068 556 264 38 tillämpningen
1352 569 43 21 av
1413 560 113 30 denna
1542 557 213 45 förordning.

959 640 39 30 14
1017 640 29 37 8.

296 699 67 31 För
386 700 324 40 nöjestillställning,
737 713 76 22 som
837 703 117 38 tjänar
979 708 252 38 vetenskapligt
1253 709 173 38 ändamål,
1452 711 89 31 skall
1565 711 191 38 nöjesskatt

252 749 75 32 icke
343 750 91 37 utgå.

296 800 41 36 Ej
358 801 107 31 heller
484 802 88 30 skall
589 802 191 37 nöjesskatt
797 805 81 37 utgå
897 806 55 30 för
968 806 324 40 nöjestillställning,
1314 819 75 21 som
1410 812 174 30 anordnas
1602 814 9 30 i
1630 813 123 30 under-

251 850 166 37 visnings-
442 852 81 30 eller
544 854 329 38 uppfostringssyfte
892 857 66 29 och
981 866 74 21 som
1079 860 79 29 med
1179 860 136 36 hänsyn
1337 860 52 30 till
1411 862 58 30 sitt
1491 861 151 32 innehåll
1666 863 87 36 jäm-

250 901 55 30 väl
324 902 38 29 är
378 903 115 35 ägnad
509 906 49 27 att
573 903 98 37 tjäna
687 903 122 33 sådant
829 906 99 36 syfte.

572 988 39 30 15
632 989 29 36 $.

290 1052 16 30 I
338 1052 101 38 fråga
474 1064 57 20 om
567 1057 206 37 uppvisning
808 1058 80 30 eller
911 1059 71 29 täv-

246 1101 70 37 ling
350 1104 10 29 i
391 1104 75 30 icke
497 1104 240 37 professionell
767 1106 104 32 idrott
901 1108 81 30 eller

245 1154 200 34 gymnastik
467 1154 150 36 åtnjutes
642 1156 56 37 för
720 1158 94 36 varje
837 1158 144 31 tillställ-

246 1204 80 36 ning
350 1203 158 38 befrielse
534 1206 78 37 från
635 1206 66 31 den
725 1208 54 30 del
803 1217 42 21 av
868 1209 113 36 nöjes-

246 1253 146 39 skatten,
421 1264 75 21 som
525 1255 136 37 belöper
688 1257 21 30 å
734 1261 47 27 ett
806 1268 175 22 samman-

245 1303 70 36 lagt
337 1304 252 39 avgiftsbelopp
614 1317 41 20 av
679 1308 20 29 2
711 1308 64 30 000
797 1309 138 30 kronor.

1341 995 40 29 15
1402 995 29 36 $.

1058 1059 72 30 Där
1169 1058 100 32 ideell
1308 1063 245 37 organisation,
1584 1072 74 22 som
1687 1064 64 31 har

1015 1109 51 30 till
1084 1110 135 38 uppgift
1238 1114 49 27 att
1304 1111 115 38 stödja
1438 1116 120 27 teater-
1579 1114 80 30 eller
1677 1125 74 21 mu-

1016 1159 285 39 sikverksamhet,
1337 1165 50 27 att
1423 1162 162 37 befordra
1613 1165 138 35 nykter-

1011 1209 68 38 het,
1104 1210 234 39 folkbildning
1362 1211 81 32 eller
1466 1213 283 38 folkuppfostran

1014 1260 80 29 eller
1124 1264 49 27 att
1204 1261 128 38 främja
1362 1263 160 37 religiösa
1555 1265 80 30 eller
1664 1266 85 36 poli-

1013 1310 90 30 tiska
1138 1310 126 39 syften,
1296 1312 176 32 anordnar
1505 1314 245 36 nöjestillställ-

1013 1361 92 37 ning,
1129 1371 79 21 vars
1236 1361 197 40 behållning
1458 1364 89 31 skall
1571 1366 179 31 användas

1013 1413 49 27 att
1093 1410 113 32 direkt
1234 1412 129 38 främja
1391 1414 155 32 nämnda
1575 1416 172 39 ändamål,

1014 1460 149 36 dtnjutes
1199 1463 54 38 för
1288 1463 94 36 varje
1408 1465 216 38 tillställning.
1647 1466 101 38 befri-

1014 1511 66 31 else
1098 1512 80 37 från
1199 1513 66 31 den
1285 1513 56 31 del
1361 1523 42 21 av
1416 1515 245 39 nöjesskatten,
1673 1526 75 22 som

1012 1561 137 38 belöper
1174 1563 21 30 å
1239 1567 44 27 ett
1306 1566 232 36 sammanlagt
1565 1568 182 37 avgiftsbe-

1009 1612 81 37 lopp
1129 1623 42 20 av
1212 1615 63 30 500
1307 1616 139 31 kronor.
1476 1617 74 30 Vad
1578 1628 47 20 au
1653 1621 91 33 sagts

1009 1662 89 30 skall
1126 1662 91 31 dock
1248 1665 74 30 icke
1350 1666 92 35 gälla
1470 1667 79 30 med
1577 1668 169 31 avseende

1010 1712 20 30 å
1053 1712 224 40 tillställning,
1301 1716 10 28 i
1333 1715 116 31 vilken
1474 1716 51 31 till
1547 1717 195 33 huvudsak-

1008 1762 45 37 lig
1083 1762 56 31 del
1167 1764 97 36 ingår
1294 1764 87 32 dans
1410 1767 82 29 eller
1520 1766 224 40 biografföre-

1009 1814 162 37 ställning
1210 1815 79 30 med
1327 1815 178 39 undantag
1543 1818 55 38 för
1636 1819 109 31 sådan

1010 1863 300 40 filmförevisning,
1336 1875 75 23 som
1445 1877 124 27 genom
1593 1870 58 29 sitt
1673 1871 72 30 äm-

1006 1915 118 30 nesval
1143 1916 39 29 är
1203 1915 111 37 ägnad
1336 1920 50 27 att
1407 1917 113 32 direkt
1539 1919 133 37 fräinja
1690 1929 52 21 or-

1006 1966 256 34 ganisationens
1292 1967 99 37 syfte.

1051 2015 73 31 Vad
1155 2017 11 29 i
1191 2016 109 37 första
1328 2019 135 34 stycket
1488 2018 139 37 stadgas
1653 2020 89 31 skall

1006 2065 64 37 äga
1096 2067 244 31 motsvarande
1367 2069 219 37 lillämpning
1613 2070 130 36 jämväl

1004 2115 219 39 beträffande
1269 2118 109 31 sådan
1422 2120 100 30 ideell
1566 2123 173 35 oiganisa-

1004 2168 82 37 tion,
1113 2177 75 23 som
1218 2178 97 22 avser
1341 2173 49 27 att
1420 2171 114 36 stödja
1562 2172 75 30 icke
1662 2182 77 27 pro-

1004 2217 176 37 fessionell
1204 2218 103 32 idrott
1331 2220 81 30 eller
1438 2223 199 34 gymnastik
1661 2223 80 30 eller

1004 2271 48 27 att
1076 2268 130 37 främja
1229 2270 184 36 hästsport.

1047 2319 71 30 Där
1156 2320 316 39 nöjestillställning
1497 2323 175 31 anordnas
1697 2332 43 20 av

1004 2371 245 37 organisation,
1273 2380 75 22 som
1371 2372 65 30 har
1459 2373 51 30 till
1534 2373 134 37 uppgift
1690 2375 49 28 att

1002 2418 265 33 tillhandahålla
1305 2422 131 31 allmän
1477 2422 261 37 samlingslokal

1003 2470 64 30 och
1106 2480 76 21 som
1218 2470 109 33 under
1363 2472 42 31 de
1429 2476 116 27 senast
1568 2473 170 38 förflutna
