2273 2678
808 215 224 41 Lagutskottets
1061 216 164 33 Utlåtande
1248 217 66 32 N:o
1335 220 31 29 2.
1829 221 16 28 7

284 292 60 47 de,
385 292 132 36 hvilka
557 306 73 36 ega
672 293 144 49 åtnjuta
843 294 46 36 de
918 308 140 35 genom
1088 296 310 49 presterskapets
1426 297 225 49 privilegier
1678 298 210 37 förunnade

283 343 204 47 förmåner,
529 344 34 48 ej
606 344 162 49 pligtige
810 351 55 31 att
904 345 10 36 i
956 346 584 50 inqvarteringsskyldighetens
1568 349 213 49 utgörande
1810 350 79 37 del-

282 399 90 43 taga
411 394 12 36 i
464 395 278 37 vidsträcktare
785 399 87 33 mån
914 401 47 32 än
1002 410 81 24 som
1126 397 89 37 med
1256 411 144 24 samma
1440 399 225 50 privilegier
1707 403 60 34 må
1800 415 89 23 vara

282 444 214 49 förenligt.»

414 698 137 37 Denna
578 699 239 49 proposition
846 700 69 36 har
942 699 42 37 af
997 700 98 37 båda
1113 701 200 37 kamrarne
1331 702 196 36 hänvisats
1545 702 57 37 till
1617 702 267 49 lagutskottet.

414 748 76 36 Det
515 749 12 36 i
558 750 289 48 propositionen
876 750 212 49 framlagda
1116 751 253 49 lagförslaget
1397 752 132 50 skiljer
1557 753 60 48 sig
1644 754 83 36 från
1755 754 65 37 det
1848 758 39 33 år

283 800 93 35 1887
407 799 42 36 af
471 799 221 50 Riksdagen
721 806 167 43 antagna
916 801 135 37 endast
1079 802 135 47 deruti,
1244 808 55 31 att
1325 804 202 47 ingressen
1543 804 129 37 blifvit
1687 804 198 38 förkortad

280 849 70 36 och
393 855 55 30 att
489 850 118 36 orden
647 851 142 36 »under
830 852 182 36 fredstid»
1047 852 125 37 blifvit
1203 854 203 48 uteslutna,
1437 853 58 37 för
1522 855 130 36 hvilka
1681 855 206 49 ändringar

280 900 83 36 skäl
403 900 122 37 finnas
573 901 156 48 angifna
768 902 13 36 i
826 902 65 37 det
931 903 290 49 propositionen
1265 904 180 49 bifogade
1487 906 397 48 statsrådsprotokoll;

279 951 213 49 hvarjemte
534 952 106 37 tiden
657 952 81 37 "för
776 953 137 49 lagens
940 954 184 36 trädande
1152 955 11 35 i
1192 955 100 36 kraft
1319 955 125 37 blifvit
1471 956 176 37 bestämd
1675 956 56 37 till
1760 957 75 37 den
1865 960 17 33 1

273 1002 153 48 januari
470 1005 112 43 1891;
625 1004 71 35 och
736 1003 56 37 får
831 1004 201 48 utskottet,
1062 1018 81 23 som
1171 1005 86 38 icke
1286 1006 126 37 funnit
1438 1009 120 46 något
1585 1012 55 31 att
1668 1007 125 37 erinra
1820 1008 64 36 vid

278 1066 50 23 nu
357 1053 272 49 föreliggande
658 1054 224 49 lagförslag,
911 1055 213 48 hemställa,

781 1161 55 31 att
863 1157 293 49 propositionen
1183 1161 62 33 må
1272 1157 41 37 af
1336 1158 223 49 Riksdagen
1586 1158 162 38 bifallas.

413 1256 225 37 Stockholm
667 1256 75 38 den
771 1260 20 33 3
820 1257 168 37 februari
1019 1260 105 35 1890.

808 1359 52 36 På
888 1359 274 49 lagutskottets
1189 1365 160 44 vägnar:

837 1460 135 36 AXEL
1000 1452 318 46 BERGSTRÖM.
