1907 2831
249 146 239 32 Sammansatt
507 151 148 29 utrikes-
673 152 64 29 och
756 153 111 39 första
887 155 209 40 lagutskotts
1117 159 178 31 utlåtande
1314 170 42 20 nr
1376 162 15 28 1
1413 162 39 30 år
1472 163 84 30 1969
1629 168 11 29 1

857 457 102 33 Nr
929 453 33 47 1

380 553 184 32 Utlåtande
586 555 10 30 i
615 556 188 42 anledning
823 567 41 20 av
883 559 127 41 Kungl.
1030 562 125 39 Maj:ts
1174 565 217 39 proposition
1413 568 79 29 med
1511 568 132 41 förslag

601 610 52 29 till
668 611 54 39 lag
737 620 56 21 om
811 612 90 30 vissa
916 615 203 30 sanktioner
1134 620 73 26 mot
1221 618 173 31 Rhodesia
1410 630 45 20 m.
1472 631 45 20 m.
1532 623 109 38 jämte

600 664 171 30 motioner
786 665 11 30 i
810 666 127 31 ämnet.

201 767 129 30 Genom
354 778 42 20 en
419 770 66 29 den
508 771 39 29 21
572 781 94 21 mars
692 773 82 30 1969
798 775 217 39 dagtecknad
1037 780 227 38 proposition,
1288 791 41 19 nr
1354 782 50 34 78,
1427 783 63 30 har
1514 785 125 39 Kungl.

155 821 116 39 Maj:t,
294 822 111 31 under
428 824 219 41 åberopande
670 836 42 20 av
732 829 262 39 propositionen
1017 831 137 41 bilagda
1177 834 124 41 utdrag
1325 846 41 20 av
1389 838 250 41 statsrådspro-

156 875 142 31 tokollet
324 877 80 30 över
429 878 291 39 justitieärenden
746 883 65 29 och
838 884 172 39 lagrådets
1037 888 184 37 protokoll,
1248 888 177 42 föreslagit
1451 892 187 40 riksdagen

154 931 49 27 att
218 932 126 37 antaga
358 931 58 29 vid
430 934 262 38 propositionen
707 935 123 40 fogade
846 937 130 41 förslag
989 940 52 29 till

199 983 34 33 1)
264 984 55 39 lag
333 993 56 21 om
403 986 93 29 vissa
511 987 202 31 sanktioner
727 992 73 27 mot
814 987 182 44 Rhodesia,

197 1036 36 34 2)
263 1037 56 40 lag
333 1047 56 21 om
405 1039 148 41 ändring
566 1041 10 29 i
591 1042 305 42 utlänningslagen
909 1046 67 29 den
991 1046 40 30 30
1046 1048 88 39 april
1152 1048 82 31 1954
1254 1050 57 34 (nr
1328 1051 93 35 193).

197 1145 265 39 Propositionen
492 1148 63 29 har
584 1149 180 31 hänvisats
794 1152 52 29 till
876 1153 191 39 lagutskott
1097 1157 65 28 och
1191 1157 165 32 tilldelats
1386 1159 111 31 första
1526 1162 110 39 lagut-

153 1198 138 31 skottet.
315 1199 130 32 Genom
468 1202 337 33 överenskommelse
827 1207 128 29 mellan
978 1209 306 32 utrikesutskottet
1306 1214 65 28 och
1394 1213 110 31 första
1526 1215 110 40 lagut-

152 1253 128 29 skottet
306 1254 64 29 har
395 1257 261 38 propositionen
682 1258 218 41 hänskjutits
926 1262 51 29 till
1005 1267 230 27 sammansatt
1261 1267 148 29 utrikes-
1435 1269 64 29 och
1525 1269 111 30 första

150 1306 203 40 lagutskott.
381 1309 67 29 Till
475 1310 56 29 det
560 1314 252 29 sammansatta
839 1315 169 31 utskottet
1035 1317 63 29 har
1126 1318 173 40 därjämte
1325 1321 218 40 hänskjutits
1572 1323 63 30 föl-

149 1360 108 39 Jjande
275 1361 11 29 i
305 1363 188 40 anledning
512 1374 42 20 av
571 1367 261 38 propositionen
851 1369 124 30 väckta
994 1371 181 35 motioner,
1196 1374 174 40 nämligen

198 1415 33 30 1)
262 1416 40 29 de
332 1417 223 40 likalydande
585 1419 218 32 motionerna
831 1422 132 30 I:1014
994 1434 41 20 av
1064 1425 120 30 herrar
1215 1426 103 31 Gösta
1347 1429 191 30 Jacobsson
1569 1432 65 29 och

150 1467 212 42 Strandberg
376 1472 65 29 och
455 1472 45 29 II:
519 1472 81 30 1167
616 1483 42 20 av
671 1474 121 30 herrar
805 1475 182 41 Lothigius
1002 1479 65 28 och
1080 1479 130 39 Björck
1224 1481 11 29 i
1248 1481 136 40 Nässjö,

194 1523 36 33 2)
260 1523 41 30 de
327 1524 223 40 likalydande
578 1528 218 30 motionerna
823 1530 28 30 I:
869 1531 83 30 1016
979 1541 42 20 av
1046 1532 80 30 herr
1156 1533 143 31 Werner
1326 1537 65 29 och
1417 1537 47 29 II:
1481 1538 83 29 1166
1592 1549 42 20 av

148 1577 80 29 herr
242 1577 239 31 Hermansson
496 1589 46 20 m.
557 1580 48 39 fl.,

193 1631 36 33 3)
259 1633 178 30 motionen
453 1634 28 29 1:
498 1634 81 30 1015
595 1645 42 20 av
650 1636 80 29 herr
743 1636 182 38 Lindblad,

190 1685 38 31 4)
258 1687 178 29 motionen
451 1688 45 30 II:
515 1688 83 30 1164
613 1699 42 20 av
668 1690 121 30 herrar
802 1691 171 31 Ahlmark
987 1694 65 29 och
1067 1694 143 37 Ullsten,

191 1739 37 32 3)
257 1740 178 30 motionen
451 1742 44 29 II:
514 1742 81 30 1165
612 1753 42 19 av
667 1743 80 30 herr
761 1745 181 40 Bergqvist
956 1756 45 20 m.
1015 1747 38 39 fl.

191 1820 228 39 Redogörelse
448 1822 54 29 för
531 1824 358 39 motionsyrkandena
917 1827 136 31 lämnas
1082 1829 114 30 nedan
1226 1840 24 20 s.
1280 1831 95 31 5—06.
1405 1833 226 31 Beträffande

148 1874 236 30 motionernas
405 1876 207 40 motivering
631 1878 165 31 hänvisas
816 1880 52 29 till
889 1881 188 31 utskottets
1099 1883 113 30 nedan
1233 1893 25 21 s.
1280 1885 39 29 53
1341 1885 39 30 ff.
1402 1887 143 39 intagna
1564 1890 66 37 ytt-

146 1927 108 30 rande
270 1930 88 27 samt
373 1929 52 29 till
441 1929 41 30 de
496 1931 138 38 tryckta
648 1932 228 31 motionerna.

522 2068 282 44 Propositionens
820 2071 258 46 huvudsakliga
1094 2075 157 33 innehåll

187 2169 13 28 I
219 2170 262 39 propositionen
501 2172 95 40 läggs
617 2172 91 31 fram
728 2174 44 30 bl.
788 2184 29 20 a.
839 2175 130 41 förslag
989 2177 53 30 till
1063 2178 56 39 lag
1138 2187 57 21 om
1215 2179 93 31 vissa
1330 2182 202 30 sanktioner
1554 2185 71 28 mot

141 2222 183 31 Rhodesia.
349 2224 239 42 Lagförslaget
612 2227 61 39 går
696 2230 39 27 ut
757 2228 44 40 på
826 2231 49 28 att
901 2229 55 31 för
981 2230 154 41 Sveriges
1160 2233 272 33 vidkommande
1458 2237 89 29 skall
1572 2245 53 32 ge-

140 2277 180 31 nomföras
341 2278 40 30 de
403 2279 95 30 delar
519 2290 42 20 av
582 2281 41 29 de
644 2291 43 20 av
708 2282 92 31 FN:s
822 2284 241 31 säkerhetsråd
1085 2286 177 31 beslutade
1286 2289 246 32 sanktionerna
1554 2294 71 27 mot

141 2330 175 30 Rhodesia
336 2340 74 21 som
431 2333 95 30 ännu
546 2334 73 30 inte
637 2335 65 29 har
723 2336 136 31 kunnat
881 2338 230 39 genomföras.

186 2384 241 41 Lagförslaget
448 2387 195 31 innehåller
666 2389 128 30 förbud
817 2394 73 27 mot
913 2392 93 30 olika
1029 2393 228 32 förfaranden
1281 2396 64 29 och
1369 2397 159 39 åtgärder
1553 2408 73 21 som

142 2436 64 30 har
227 2438 169 31 samband
414 2441 80 29 med
513 2441 184 31 Rhodesia.
719 2443 153 31 Sålunda
891 2445 162 37 förbjuds
1073 2447 49 29 in-
1142 2449 65 29 och
1226 2449 147 30 utförsel
1394 2460 41 20 av
1453 2461 101 21 varor
1574 2453 52 29 till

141 2491 65 30 och
220 2491 80 30 från
315 2492 183 32 Rhodesia.

174 2564 16 24 1
231 2563 112 31 Bihang
358 2564 48 24 till
419 2564 169 32 riksdagens
602 2567 148 30 protokoll
764 2568 77 25 1969.
854 2569 15 24 5
883 2570 83 25 saml.
980 2570 15 25 3
1010 2571 65 24 avd.
1087 2572 41 24 Nr
1148 2576 12 21 1
