2110 2664
302 223 18 30 2
787 220 81 42 Lag-
880 219 163 32 Utskottets
1072 218 173 33 Utlåtande
1270 218 61 33 N:o
1358 220 57 30 49.

302 305 117 37 under
460 304 67 37 N:o
566 306 45 35 87
653 303 46 49 på
736 303 102 36 sidan
875 304 86 37 530.
1018 300 78 39 Och
1134 301 40 37 af
1204 315 90 37 egen
1324 300 207 38 erfarenhet
1559 305 60 32 vet
1643 301 74 49 jag,
1747 304 54 31 att
1829 298 66 38 vår

301 359 278 51 åklagaremakt
606 359 79 36 icke
713 357 223 38 försummar
963 357 121 51 något,
1112 356 57 38 för
1197 363 55 31 att
1279 357 11 35 i
1319 355 79 47 fall,
1426 356 133 37 sådana
1587 368 78 24 som
1694 355 111 45 dessa,
1834 354 59 49 på-

299 416 93 50 yrka
421 414 363 49 skadeersättningar,
813 414 64 36 der
905 414 219 43 menniskor,
1152 425 77 23 som
1258 412 113 36 sakna
1400 411 69 37 den
1499 412 111 48 högre
1634 410 180 49 juridiska
1842 410 51 35 in-

300 472 127 49 sigten,
455 470 79 36 icke
564 469 142 36 kunnat
734 468 168 37 drömma
930 482 61 22 om
1020 473 54 31 att
1102 466 409 51 ersättningsyrkanden
1531 478 62 23 ens
1613 465 119 36 skulle
1751 465 143 34 kunnat

298 526 221 36 förutsättas.
576 523 45 38 Så
653 524 60 35 till
742 524 169 48 exempel
939 524 138 35 erinrar
1101 523 65 49 jag
1194 523 87 48 mig,
1309 529 67 28 när
1400 522 65 49 jag
1493 534 78 23 som
1599 518 169 51 tillfällig
1796 519 96 35 leda-

297 586 78 31 mot
403 581 12 34 i
444 578 295 50 Krigshofrätten
769 579 97 36 varit
894 578 83 36 med
1007 577 61 37 vid
1097 577 277 49 handläggning
1402 575 40 37 af
1468 581 52 31 ett
1548 574 75 37 mål
1651 580 79 31 mot
1758 587 42 22 en
1821 572 72 37 far-

296 633 178 53 tygschef,
503 647 77 23 som
610 633 84 37 med
723 646 44 23 en
796 632 186 37 kanonbåt
1010 638 87 31 stött
1125 631 45 49 på
1198 631 121 50 grund
1348 632 12 35 i
1379 630 232 38 Stockholms
1631 628 174 51 skärgård
1825 628 67 37 och

296 691 91 34 först
428 688 92 36 efter
557 694 55 29 tre
648 688 114 48 dagar
796 689 143 34 kunnat
966 693 103 42 tagas
1097 686 41 36 af
1163 686 169 49 grundet,
1360 691 55 30 att
1442 686 159 35 kronans
1630 684 171 48 åklagare
1830 684 61 35 vid

295 743 232 50 krigsrätten,
556 740 163 37 förutom
739 742 74 35 alla
833 740 416 49 kostnadsersättningar
1267 738 58 37 för
1339 738 180 51 fartygets
1537 738 158 49 tagande
1716 736 40 36 af
1771 736 120 50 grund

296 813 48 21 m.
373 812 60 31 m.,
461 796 107 37 äfven
597 796 197 50 påyrkade,
823 802 54 30 att
905 794 270 51 fartygschefen
1204 795 121 36 skulle
1353 794 138 36 kännas
1519 793 147 49 skyldig
1687 797 54 31 att
1760 796 132 32 ersätta

297 854 141 35 kronan
480 850 57 37 för
572 851 60 36 till
668 849 218 38 underbefäl
922 850 68 36 och
1027 850 177 48 manskap
1238 848 181 50 utgående
1452 848 161 48 aflöning
1645 847 69 36 och
1747 846 145 49 portion

297 907 117 37 under
443 906 43 36 de
515 906 114 49 dagar
657 904 163 51 fartyget
849 904 172 50 qvarstod
1050 903 47 51 på
1124 903 169 51 grundet,
1321 903 117 36 under
1462 901 240 38 förebärande
1723 906 63 40 att,
1806 907 87 29 enär

296 961 164 50 fartyget
487 961 79 35 icke
595 960 117 36 under
741 960 102 36 dessa
871 960 114 49 dagar
1013 959 123 36 kunde
1165 971 100 24 anses
1285 958 172 49 bibringa
1477 958 71 35 den
1566 956 58 36 för
1638 956 254 48 besättningen

297 1017 85 36 med
419 1015 256 49 expeditionen
711 1013 150 38 afsedda
890 1013 184 50 öfningen,
1103 1014 101 36 dessa
1232 1012 195 37 kostnader
1455 1025 89 24 voro
1573 1010 57 37 för
1659 1011 141 36 kronan
1827 1022 65 23 ren

296 1071 144 44 förlust,
482 1083 77 23 som
593 1069 113 37 borde
742 1068 41 37 af
808 1068 272 51 fartygschefen
1109 1073 161 31 ersättas.
1327 1067 223 49 Visserligen
1579 1064 80 38 blef
1683 1065 80 36 icke
1792 1064 101 37 detta

296 1125 166 51 yrkande
490 1123 41 37 af
556 1122 297 52 Krigshofrätten
881 1123 203 50 godkändt;
1114 1136 83 23 men
1226 1136 78 23 som
1333 1121 61 37 det
1423 1128 39 29 är
1490 1119 323 38 kännetecknande
1836 1117 57 37 för

297 1181 70 34 den
391 1180 183 48 juridiska
602 1178 285 49 uppfattningen
916 1179 12 33 i
956 1177 124 49 frågor
1108 1191 77 22 som
1215 1177 111 44 dessa,
1354 1177 67 34 har
1436 1177 64 48 jag
1519 1181 92 30 trott
1630 1176 76 47 mig
1725 1174 84 35 med
1829 1173 64 48 fog

296 1235 126 35 kunna
450 1234 66 35 här
543 1231 199 37 framhålla
770 1233 211 35 detsamma.

402 1342 91 37 »För
521 1347 54 30 att
602 1341 207 37 emellertid
837 1342 126 35 kunna
991 1340 102 37 bilda
1122 1341 53 49 sig
1204 1345 53 31 ett
1284 1339 169 37 omdöme
1483 1340 8 34 i
1512 1337 140 50 frågan,
1672 1344 40 29 är
1728 1336 60 36 det
1805 1336 86 35 nöd-

296 1397 154 49 vändigt
478 1401 54 31 att
560 1409 35 23 se
623 1396 70 45 till,
722 1396 98 35 huru
849 1395 190 36 enahanda
1066 1393 124 51 frågor
1219 1394 173 36 bedömas
1420 1393 67 36 och
1517 1392 201 37 behandlas
1745 1392 12 34 i
1777 1390 115 36 andra

296 1452 142 44 länder;
468 1450 67 36 och
564 1450 137 37 vänder
725 1451 64 48 jag
817 1451 78 48 mig
924 1449 45 36 då
996 1449 91 36 först
1105 1450 60 34 till
1185 1449 87 36 våra
1290 1453 183 31 närmaste
1493 1445 257 52 grannländer,
1768 1443 124 50 Norge

297 1507 67 35 och
393 1505 200 36 Danmark.

403 1559 36 36 »I
476 1558 140 49 Norges
651 1559 274 48 kriminnallag,
960 1559 46 35 26
1038 1558 82 48 kap.
1155 1560 14 34 1
1203 1557 29 49 $,
1260 1557 102 36 heter
1391 1557 74 36 det:
1507 1556 101 36 »Den
1636 1554 70 37 ved
1734 1553 157 49 Forbry-

297 1615 98 36 delse
436 1612 185 38 forvoldte
663 1612 118 38 Skade
817 1613 190 49 paaligger
1039 1612 69 36 den
1137 1612 168 51 skyldige
1335 1617 37 31 at
1400 1616 159 40 erstatte,
1588 1615 107 31 enten
1723 1609 74 35 han
1825 1608 67 35 har

296 1669 172 36 forbrudt
497 1669 54 48 sig
578 1667 178 50 forsetlig
784 1669 91 34 eller
903 1666 40 36 af
968 1666 280 50 Uagtsomhed.»

402 1722 126 37 »Enda
555 1721 178 46 tillfället,
766 1721 45 36 då
839 1722 61 36 det
927 1721 97 36 varit
1050 1722 12 34 i
1090 1720 104 51 fråga
1223 1726 55 31 att
1305 1727 88 43 göra
1422 1719 171 50 gällande
1622 1718 118 36 denna
1768 1721 124 32 ersätt-

296 1777 321 49 ningsskyldighet
654 1775 40 37 af
727 1777 110 35 norsk
873 1775 180 50 sjöofficer
1080 1789 77 32 var,
1185 1783 67 29 när
1280 1773 129 38 chefen
1437 1774 46 49 på
1511 1774 184 36 monitorn
1724 1772 167 49 Mjölner,

297 1832 85 36 med
410 1832 70 35 lots
508 1844 60 23 om
592 1831 102 45 bord,
723 1830 69 37 den
824 1833 43 35 21
900 1829 90 37 Juni
1023 1832 97 36 1869
1151 1835 108 31 stötte
1287 1828 47 50 på
1361 1828 122 50 grund
1510 1828 64 37 vid
1603 1828 171 48 Kragerö.
1821 1826 69 36 En-

296 1888 70 47 ligt
394 1886 68 35 den
491 1884 41 37 af
556 1885 204 36 Höiesteret
788 1885 70 36 den
888 1887 21 35 8
939 1884 178 36 Februari
1140 1886 99 36 1870
1259 1883 192 37 faststälda
1471 1883 131 36 domen
1622 1881 122 37 ålades
1763 1880 128 37 chefen

301 1944 43 34 15
386 1940 132 48 dagars
553 1940 215 43 vaktarrest,
798 1939 82 36 med
910 1938 211 49 skyldighet
1149 1944 54 30 att
1231 1939 110 47 jemte
1356 1935 154 53 jlotsenå
1520 1938 120 35 betala
1668 1935 222 49 rättegångs-

296 1994 253 37 kostnaderna.
604 1993 83 37 Men
715 1992 128 50 frågan
873 2006 60 23 om
962 1993 200 48 ersättning
1189 1993 60 35 till
1277 1997 116 31 staten
1422 1990 57 37 för
1507 1990 309 37 omkostnaderna
1834 1987 57 38 för

296 2048 179 50 fartygets
503 2047 159 50 tagande
691 2046 41 37 af
757 2047 120 50 grund
906 2047 68 36 och
1002 2048 209 48 reparation
1240 2045 81 37 blef
1345 2045 47 50 på
1419 2045 472 48 Marine-Departementets

295 2103 221 36 hemställan
557 2102 79 35 icke
678 2107 187 44 upptagen
907 2102 59 35 till
1008 2101 226 49 behandling
1270 2101 62 36 vid
1366 2099 148 50 frågans
1547 2099 278 49 handläggning
1852 2096 40 36 af

294 2159 233 47 krigsrätten,
569 2162 88 29 utan
699 2156 126 49 gjorde
863 2156 213 48 regeringen
1111 2156 12 34 i
1160 2155 224 49 proposition
1413 2155 60 35 till
1502 2154 226 48 Storthinget
1755 2152 41 36 af
1821 2152 68 35 den

297 2214 46 35 25
389 2210 166 37 Oktober
601 2212 98 35 1870
743 2211 230 43 hemställan,
1009 2215 54 30 att
1099 2210 70 36 allt
1204 2207 306 50 ersättningskraf
1539 2214 99 31 emot
1666 2206 126 38 chefen
1821 2205 68 37 och

294 2267 116 35 lotsen
453 2265 120 36 skulle
611 2263 265 47 efterskänkas;
914 2264 68 36 och
1018 2264 89 36 ville
1135 2264 215 49 regeringen
1378 2263 131 37 härvid
1537 2269 88 43 göra
1653 2263 70 36 den
1751 2261 140 50 åsigten

290 2320 183 51 gällande,
501 2324 63 40 att,
584 2320 83 34 med
688 2325 51 30 ett
758 2319 127 36 sådant
903 2317 314 46 efterskänkande,
1237 2325 52 29 ett
1308 2317 264 49 precedensfall
1592 2318 120 35 skulle
1740 2317 150 35 komma
