2242 2650
712 191 264 39 Statsulskuttets
1005 190 174 33 Utlåtande
1203 189 61 40 N:o
1285 192 29 29 3.
1737 189 75 39 21

867 281 296 34 Reservationer:

347 383 56 34 vid
426 383 153 44 punkten
608 385 55 32 1:o
691 380 194 48 (angående
914 382 161 44 anslaget
1103 381 52 36 till
1183 377 391 48 fångvårdsstyrelsen):

340 451 38 33 af
405 451 123 34 herrar
555 451 42 34 P.
628 450 183 42 Pehrsson,
841 450 36 34 S.
911 449 41 35 G.
982 461 62 23 von
1072 449 147 35 Friesen
1247 449 63 34 och
1342 448 98 35 Olas
1469 447 42 35 A.
1541 447 184 44 Ericsson;

345 518 56 34 vid
424 518 153 44 punkten
604 519 58 33 2:o
689 529 95 23 mom.
814 518 27 34 b.
863 517 58 35 och
940 529 26 23 c.
989 515 193 48 (angående
1202 516 246 45 aflöningsstat
1467 517 54 34 för
1536 516 279 44 tjenstemännen

208 569 57 34 vid
294 567 425 46 tvångsarbetsanstalten
747 567 21 36 å
796 567 187 48 Svartsjö):

343 637 39 34 af
407 637 123 34 herrar
561 637 34 34 C.
625 636 44 35 E.
703 637 226 44 Casparsson,
957 636 123 44 grefve
1108 635 44 35 E.
1185 637 35 33 C.
1251 635 44 35 A.
1325 635 119 45 Piper,
1469 634 107 36 R..G.
1598 646 63 23 von
1680 634 136 35 Heden-

207 687 88 43 berg,
329 687 149 35 friherre
513 687 117 39 A.;R:
660 687 260 48 von-Kremer,
953 688 56 34 OC.
1018 687 215 43 Lundeberg,
1263 686 45 35 K.
1339 686 200 42 Bohnstedt,
1568 686 31 34 I.
1636 685 182 43 Kerfstedt

208 738 62 34 och
303 737 31 35 I.
372 737 104 44 Wijk,
505 749 70 23 som
603 733 128 48 ansett,
758 741 54 31 att
840 732 174 40 utskottet
1040 739 79 33 bort
1146 738 194 43 hemställa,
1369 740 55 31 att
1450 736 128 44 Kongl.
1608 736 87 45 Maj:
1701 740 32 50 ts
1752 737 65 61 för-

208 787 75 45 slag
310 787 57 36 till
393 788 243 45 aflöningsstat
666 763 108 75 måtte
803 789 228 34 oförändrädt
1058 789 39 34 af
1121 766 219 66 Riksdagen
1352 788 221 44 godkännas;

341 857 39 34 af
405 857 125 35 herrar
560 857 39 34 O.
627 857 160 43 Jonsson,
816 857 36 35 S.
886 857 42 35 G.
958 868 62 23 von
1048 857 147 34 Friesen
1223 857 63 33 och
1318 855 98 36 Ollas
1442 855 44 36 A.
1515 855 183 43 Ericsson;

342 926 59 33 vid
421 926 157 43 punkten
605 927 56 33 4:o
689 923 194 47 (angående
910 923 247 45 utsträckning
1185 922 39 36 af
1248 924 248 34 nämndemäns
1523 926 73 31 rätt
1620 923 52 34 till
1692 925 122 32 ersätt-

210 975 84 45 ning
322 976 53 34 för
402 976 136 35 biträde
566 976 58 35 vid
652 976 260 43 ransakningar
940 975 10 34 i
978 973 188 47 brottmål):

342 1044 40 34 af
413 1044 80 34 herr
526 1044 43 34 ÅA.
605 1044 42 34 P.
683 1043 202 43 Danielson,
920 1053 69 24 som
1018 1043 119 44 yrkat,
1166 1045 54 32 att
1247 1042 192 35 utskottets
1467 1041 210 44 motivering
1704 1039 110 36 måtte

209 1092 133 37 erhålla
370 1094 152 45 följande
550 1095 144 44 lydelse:

348 1145 144 36 »Under
524 1146 182 35 uttalande
738 1146 39 34 af
806 1146 66 34 den
906 1145 236 44 uppfattning,
1177 1146 54 33 att
1263 1144 76 34 med
1372 1144 180 43 uttrycket
1580 1147 100 30 extra
1707 1146 106 31 rätte-

206 1194 183 49 gångsdag
429 1197 110 34 under
578 1197 145 43 lagtima
763 1196 77 44 ting
871 1196 78 34 icke
981 1196 62 34 bör
1074 1196 118 34 kunna
1225 1192 129 37 förstås
1382 1205 115 24 annan
1524 1198 45 30 än
1597 1192 107 36 sådan
1733 1194 83 44 dag,
1848 1222 27 3 .-

207 1256 69 24 som
318 1247 76 34 icke
435 1251 40 30 är
515 1247 10 33 i
567 1247 85 44 följd
693 1248 75 33 med
801 1247 144 44 vanliga
978 1247 217 43 tingsdagar,
1229 1243 55 37 får
1316 1246 185 42 utskottet,
1530 1255 69 24 som
1629 1247 117 32 ansett
1774 1255 42 23 en

207 1297 142 45 lämplig
377 1298 183 43 medelväg
588 1298 125 35 mellan
742 1298 42 34 de
812 1298 92 34 inom
925 1297 203 43 Riksdagen
1148 1297 11 34 i
1178 1299 118 32 ämnet
1315 1296 159 34 uttalade
1493 1296 181 45 meningar
1692 1305 125 38 genom

208 1345 275 46 ifrågavarande
510 1348 132 44 förslag
670 1359 86 24 vara
784 1348 130 35 träffad
942 1351 90 32 samt
1059 1347 85 35 icke
1164 1347 113 35 funnit
1307 1345 109 46 något
1439 1349 54 32 att
1517 1346 116 35 erinra
1654 1349 72 31 mot
1749 1346 66 34 den

210 1397 199 45 föreslagna
436 1398 245 47 förhöjningen
709 1399 11 34 i
747 1400 173 43 anslaget,
949 1399 220 43 hemställa>;
1704 1424 3 2 i

339 1467 59 34 vid
420 1467 153 44 punkten
611 1469 51 33 7:o
691 1465 195 48 (angående
913 1467 123 44 anslag
1064 1466 53 35 till
1145 1475 70 35 nya
1241 1464 321 47 lagberedningen):
1590 1502 11 3 :

341 1535 39 34 af
416 1535 123 35 herrar
579 1536 46 35 H.
668 1536 42 35 P.
745 1535 43 35 P.
826 1535 130 50 Tamm,
992 1535 38 34 V.
1059 1534 46 34 N.
1134 1534 193 43 Ekenman;
1360 1534 45 42 R.
1438 1533 41 35 G.
1509 1544 63 23 von
1600 1532 214 43 Hedenberg,

208 1585 148 35 friherre
385 1586 43 34 A.
459 1586 43 34 R.
532 1597 63 24 von
622 1587 159 34 Kremer
809 1586 63 34 och
886 1582 62 38 K.
978 1584 198 44 Bohnstedt,
1205 1594 69 25 som
1304 1588 128 40 ansett,
1461 1587 54 31 att
1538 1578 130 69 Kongl.
1689 1583 127 45 Mäj:ts

208 1636 132 45 förslag
367 1638 96 33 bort
473 1636 226 37 oförändradt
726 1638 39 34 af
789 1637 174 36 utskottet
990 1630 187 50 förordas;
1842 1647 3 1 |

343 1687 39 34 af
407 1688 124 33 herrar
557 1687 42 35 P.
630 1689 201 34 Andersson
859 1687 62 34 och
951 1687 35 34 S.
1020 1687 41 34 G.
1082 1698 62 23 von
1157 1660 164 73 "Friesen,
1342 1696 70 24 som
1432 1686 118 44 yrkat,
1570 1688 54 32 att
1642 1661 173 65 utskottet

212 1735 107 37 måtte
348 1735 127 36 föreslå
503 1739 177 43 anslagets
707 1738 231 35 nedsättande
965 1737 53 34 till
1047 1739 135 41 30,000
1211 1710 139 75 kronor.
1474 1761 2 2 ,
1577 1763 2 3 i
1684 1765 10 10 a

343 1939 98 40 Herr
470 1943 36 32 C.
535 1941 152 35 Persson
714 1942 64 34 har
806 1942 122 43 begärt
958 1938 36 38 få
1020 1914 226 76 antecknadt,
1265 1921 65 55 att
1357 1938 70 35 hän
1452 1939 77 35 icke
1551 1920 148 67 deltagit
1721 1938 92 35 inom

209 1991 174 35 utskottet
410 1991 10 35 i
448 1989 219 38 förestående
695 1992 231 38 hufvudtitels.
952 1991 223 45 behandling,
