1876 2838
489 150 397 35 Jordbruksutskottets
909 147 189 32 utlåtande
1120 147 51 32 Nr
1197 147 27 29 1.
1526 143 41 29 71

104 234 180 37 ändamål,
315 233 93 32 dock
439 232 126 32 endast
599 230 57 32 för
687 228 272 33 Västerbottens
991 227 66 31 och
1090 225 236 32 Norrbottens
1351 223 79 31 läns
1454 222 158 31 vidkom-

104 288 140 32 mande.
305 286 73 31 Till
400 284 78 32 stöd
502 284 126 31 härför
651 283 66 30 har
737 278 394 38 departementscheien
1154 277 122 32 anfört
1298 275 13 31 i
1334 274 190 32 huvudsak
1548 272 65 32 föl-

103 340 125 37 jande:

152 413 14 17 »
170 401 167 35 Anslaget
350 399 56 31 till
416 396 255 38 landsbygdens
681 394 249 35 elektrifiering
940 393 137 31 tillkom
1088 392 53 30 för
1151 392 52 30 att
1214 389 196 32 underlätta
1419 388 192 36 utbyggan-

104 455 57 31 det
193 464 46 21 av
268 452 57 31 det
353 450 186 33 elektriska
562 447 339 33 distributionsnätet
923 446 94 30 inom
1041 444 124 31 landet.
1212 442 79 31 Med
1316 441 111 32 denna
1449 440 163 35 utgångs-

104 507 111 36 punkt
247 506 112 35 ligger
393 504 56 31 det
481 501 20 42 i!
522 502 122 31 sakens
667 502 115 34 natur,
805 500 53 30 att
880 498 104 31 sedan
1006 496 292 35 elektrifieringen
1323 492 209 38 genomförts
1554 501 59 21 an-

103 558 329 38 slagsanvisningen
465 556 61 30 bör
560 554 167 37 upphöra.
773 550 350 33 Distributionsnätet
1154 547 95 32 torde
1280 556 147 21 numera
1455 545 36 30 få
1514 553 99 22 anses

104 611 173 38 praktiskt
308 611 95 36 taget
425 607 227 37 färdigbyggt
674 607 96 30 utom
793 606 13 30 i
830 603 259 35 Västerbottens
1112 602 62 30 och
1197 599 225 33 Norrbottens
1445 598 70 36 län.
1554 596 59 31 Så-

105 675 73 21 som
205 664 94 31 förut
322 663 131 31 berörts
476 660 64 31 har
564 660 110 31 den
650 647 21 53 å
697 658 41 31 de
760 657 150 37 tidigare
932 655 167 36 anslagen
1122 653 56 32 till
1202 651 251 37 landsbygdens
1476 645 137 45 elektri-

104 718 123 36 fiering
262 713 229 34 kvarstående
525 711 250 36 behållningen
809 709 101 31 också
945 707 213 37 disponerats
1192 703 219 33 uteslutande
1438 702 55 31 för
1516 701 97 31 dessa

104 770 91 31 båda
217 771 69 30 län.
332 765 270 33 Reservationen
625 764 21 30 å
669 763 158 36 anslaget
850 762 132 36 uppgår
1005 758 192 33 emellertid
1220 766 145 22 numera
1387 755 147 31 allenast
1556 753 57 31 till

104 823 161 36 omkring
301 820 64 32 300
397 819 135 31 kronor.
580 816 54 31 Då
667 816 58 36 jag
759 824 112 26 anser,
903 814 50 31 att
976 813 55 31 för
1054 812 41 31 de
1117 812 61 30 två
1202 810 120 31 länens
1345 805 268 34 vidkommande

104 878 90 28 även
227 875 54 31 för
314 873 100 32 nästa
447 871 168 36 budgetår
648 869 63 31 bör
745 867 121 32 ställas
888 866 56 31 till
968 863 203 38 förfogande
1194 861 181 33 enahanda
1398 860 118 36 belopp
1540 868 74 21 som

104 927 112 32 under
248 928 50 30 ett
330 926 81 31 vart
443 935 44 20 av
519 924 41 31 de
582 923 63 31 två
668 923 131 29 senaste
822 919 212 36 budgetåren
1056 917 85 31 eller
1165 915 94 36 5,300
1283 915 137 33 kronor,
1443 911 171 32 erfordras

101 990 44 21 en
180 978 329 37 anslagsanvisning
544 986 45 20 av
626 974 95 37 53,000
749 973 157 31 kronor.»

147 1032 227 32 Motionerna
395 1029 131 37 åsyfta,
546 1029 55 30 att
619 1026 222 35 statsbidrag
862 1024 115 32 skulle
995 1023 141 30 lämnas
1155 1023 91 29 även
1265 1019 59 31 till
1344 1017 271 32 verksamheten

106 1086 12 30 i
165 1083 180 33 Jämtlands
364 1083 71 31 län.
473 1080 127 36 Enligt
620 1078 284 32 motionärernas
924 1075 136 36 förslag
1080 1073 114 33 skulle
1213 1071 166 37 anslaget
1399 1070 215 31 bestämmas

107 1138 58 31 till
182 1137 89 36 7,500
286 1136 143 35 kronor,
447 1140 46 25 av
507 1133 116 31 vilket
640 1131 125 36 belopp
783 1130 112 37 jämte
912 1126 269 33 reservationen
1199 1126 21 30 å
1237 1124 59 31 300
1313 1123 130 31 kronor
1461 1131 43 22 en
1521 1120 94 32 tred-

104 1188 94 38 jedel
220 1187 116 32 skulle
361 1186 158 32 tilldelas
543 1183 207 33 Jämtlands
772 1182 80 31 läns
874 1177 403 35 elektricitetsförening
1302 1186 33 20 u.
1360 1185 32 26 Dp.
1417 1184 30 20 a.

146 1292 183 31 Utskottet
353 1289 65 32 vill
441 1290 13 30 i
476 1287 195 36 anledning
694 1297 45 21 av
761 1285 286 31 motionärernas
1069 1280 218 33 hemställan
1310 1289 57 21 om
1391 1272 222 45 statsbidrag

106 1347 92 29 även
221 1345 38 30 åt
283 1341 207 33 Jämtlands
513 1341 80 31 läns
617 1336 403 36 elektrieitetsförening
1044 1345 35 21 u.
1103 1344 32 27 p.
1159 1343 31 21 a.
1215 1332 123 32 erinra
1360 1340 58 22 om
1440 1329 72 32 vad
1531 1324 82 47 sak-

104 1396 164 37 kunniga
308 1395 57 31 för
402 1393 194 33 elektriska
633 1389 338 35 kontrollväsendet,
1008 1384 376 37 kommerskollegium
1421 1382 65 32 och
1522 1381 92 31 lant-

106 1447 290 37 bruksstyrelsen
422 1447 12 29 i
458 1445 148 32 ärendet
630 1443 131 32 anfört.
806 1441 51 31 De
881 1439 229 36 sakkunniga
1134 1438 95 31 hava
1253 1435 188 38 tillstyrkt,
1465 1435 56 30 att
1544 1443 70 21 me-

105 1501 57 31 del
179 1500 150 31 äskades
349 1509 45 20 av
414 1498 77 30 1935
509 1498 59 30 års
585 1495 148 36 riksdag
751 1495 57 31 för
826 1492 195 32 understöd
1040 1501 46 21 av
1103 1486 468 35 konsulentverksamheten
1588 1485 22 35 i,

105 1552 159 31 förutom
282 1551 42 31 de
344 1551 62 30 två
424 1548 222 36 nordligaste
664 1547 117 35 länen,
825 1544 180 32 Jämtlands
1022 1542 72 32 län.
1124 1541 139 32 Därvid
1282 1541 95 30 hava
1395 1539 42 31 de
1456 1537 154 32 sakkun-

104 1603 88 37 niga
208 1601 179 32 förklarat
404 1600 55 37 sig
477 1600 105 31 finna
601 1599 58 31 det
676 1597 143 37 mycket
834 1595 210 37 beklagligt,
1061 1603 57 22 om
1136 1591 340 36 länsföreningarna
1494 1589 116 31 skulle

107 1653 135 38 nödgas
268 1653 164 37 upphöra
455 1652 11 31 i
489 1651 43 31 de
556 1650 100 32 delar
680 1660 45 21 av
748 1648 132 37 landet,
902 1648 67 31 där
991 1647 46 32 de
1061 1646 58 31 för
1142 1645 56 31 sin
1221 1643 157 32 existens
1402 1641 99 32 torde
1527 1651 88 22 vara

107 1707 174 31 beroende
302 1716 47 21 av
374 1705 146 31 fortsatt
542 1702 129 38 bidrag
698 1702 83 31 från
803 1702 118 30 staten
943 1699 65 32 och
1029 1699 68 32 där
1119 1698 91 31 stort
1231 1696 114 32 behov
1369 1705 45 22 av
1436 1704 43 21 en
1501 1693 115 33 sådan

107 1759 225 36 rådgivande
357 1756 230 33 verksamhet
614 1754 159 37 alltjämt
801 1753 169 36 förelåge.
1017 1748 388 37 Kommerskollegium
1430 1747 66 31 och
1524 1746 91 32 lant-

107 1810 290 37 bruksstyrelsen
416 1809 94 31 hava
527 1807 99 32 delat
646 1806 236 32 förenämnda
902 1803 246 36 sakkunnigas
1168 1800 246 38 uppfattning,
1434 1800 55 30 att
1510 1799 106 31 stats-

107 1863 130 36 bidrag
262 1863 57 31 för
342 1873 50 20 nu
416 1859 282 38 ifrågavarande
722 1857 169 33 ändamål
916 1857 55 31 för
994 1854 229 33 närvarande
1247 1852 108 32 borde
1378 1852 88 36 utgå
1491 1851 58 31 till
1571 1851 46 31 de

106 1918 54 28 tre
207 1914 222 35 nordligaste
474 1912 117 35 länen,
628 1911 65 31 där
718 1908 425 35 elektricitetsföretagen
1169 1906 65 31 och
1259 1904 244 32 förbrukarna
1529 1912 83 21 vore

108 1966 148 37 spridda
278 1965 99 31 inom
401 1964 95 31 olika
516 1963 102 31 delar
641 1973 46 21 av
708 1962 107 30 länen
838 1960 64 31 och
925 1959 200 31 avstånden
1148 1956 201 38 betydande
1371 1956 93 31 samt
1486 1954 42 32 de
1551 1954 64 31 kli-

106 2018 158 32 matiska
296 2015 275 34 förhållandena
603 2013 125 38 gjorde
759 2012 390 36 förrättningsresorna
1179 2008 221 35 tidsödande,
1431 2006 185 32 krävande

109 2071 65 31 och
197 2069 167 38 dyrbara.
407 2068 193 35 Utskottet,
623 2076 74 22 som
721 2065 120 32 finner
863 2065 44 32 de
929 2062 153 33 sålunda
1104 2061 155 33 anförda
1282 2060 124 31 skälen
1429 2059 187 31 beaktans-

109 2122 122 36 värda,
249 2131 116 26 anser,
385 2121 12 30 i
417 2120 112 31 likhet
548 2120 81 31 med
647 2118 277 34 motionärerna,
943 2117 54 30 att
1015 2114 222 36 statsbidrag
1259 2113 56 31 för
1335 2111 281 37 ifrågavarande

107 2174 170 44 ändamål
304 2174 56 30 för
388 2173 105 30 nista
518 2171 178 36 budgetår
721 2170 63 31 bör
812 2170 88 35 utgå
926 2168 66 36 till,
1019 2167 159 31 förutom
1206 2166 41 30 de
1273 2165 94 31 båda
1392 2163 221 36 nordligaste

107 2207 116 59 läxien,
246 2227 93 29 även
363 2223 206 31 Jämtlands
592 2222 71 30 län.
706 2221 52 31 På
780 2220 119 37 grund
922 2219 116 31 härav
1059 2218 161 30 biträder
1244 2216 174 57 utskottet
1441 2209 172 45 motioniä-

108 2285 124 21 rernas
256 2276 138 34 förslag
418 2284 56 21 om
496 2274 183 35 anslagets
700 2272 155 36 höjande
877 2271 57 30 till
955 2270 88 36 7,500
1066 2270 141 30 kronor.

150 2326 121 31 Tnder
293 2325 222 35 åberopande
536 2335 45 20 av
602 2323 59 32 det
682 2323 151 31 anförda
855 2321 206 31 hemställer
1080 2320 183 34 utskottet,

554 2420 54 30 att
627 2419 192 35 riksdagen
838 2419 59 29 må
917 2417 13 30 i
947 2416 195 34 anledning
1164 2425 45 20 av
1227 2413 135 36 Kungl.
1381 2412 127 36 Maj:ts
1528 2412 90 31 före-

513 2470 158 31 varande
724 2468 269 36 framställning
1033 2468 95 30 samt
1166 2466 224 31 motionerna
1430 2465 82 30 1:57
1553 2463 65 31 och

1669 1283 139 24 Utskottet.
