2221 2668
385 206 118 32 Andra
526 207 216 32 Kammarens
770 207 183 43 Tillfälliga
987 209 134 34 Utskotts
1145 211 80 41 (N:o
1250 215 33 31 4)
1317 213 170 33 Utlåtande
1510 215 63 32 N:o
1598 217 57 31 29.
1811 217 20 31 5

336 297 56 36 Af
426 299 96 35 hvad
562 299 179 36 utskottet
769 300 150 36 sålunda
947 302 120 36 anfört
1094 303 168 48 framgår,
1293 307 53 34 att
1373 306 179 37 utskottet
1579 307 211 37 instämmer
1818 309 13 36 i

229 353 71 34 den
342 352 41 35 af
420 352 223 37 motionären
684 354 160 36 uttalade
886 356 150 45 önskan,
1081 360 53 33 att
1167 359 167 46 åtgärder
1361 362 110 34 måtte
1500 360 164 49 vidtagas
1694 362 56 36 för
1778 366 53 33 att

229 407 135 35 sådana
405 407 167 45 ärenden,
608 419 75 24 som
712 407 13 36 i
753 408 183 37 motionen
964 410 104 46 afses,
1100 411 112 37 vinna
1239 425 45 23 en
1312 413 197 49 skyndsam
1538 416 197 48 utredning
1763 418 67 35 och

229 462 53 33 ett
323 460 131 36 snabbt
481 461 206 47 afgörande,
719 474 83 23 men
830 464 45 34 då
904 464 60 35 det
992 464 216 46 förfarande,
1239 479 73 23 som
1342 467 41 35 af
1407 468 223 37 motionären
1658 470 14 35 i
1702 472 129 35 sådant

229 513 96 48 syfte
366 514 174 36 särskildt
567 514 188 46 förordats,
785 529 150 24 numera
975 518 13 35 i
1016 519 196 36 allmänhet
1239 520 192 49 tillämpas,
1462 526 93 33 samt
1581 524 97 36 hvad
1707 525 122 36 motio-

229 573 113 30 nären
369 567 14 37 i
411 568 112 46 öfrigt
550 568 186 49 föreslagit
762 569 82 37 icke
871 571 197 49 lämpligen
1096 574 103 36 torde
1226 574 126 37 kunna
1380 575 143 38 fastslås
1551 580 115 34 såsom
1696 579 135 36 allmän

228 622 111 47 regel,
369 622 209 37 hemställer
605 623 189 46 utskottet,

762 735 53 34 att
842 732 275 49 ifrågavarande
1146 735 135 37 motion
1309 736 82 37 icke
1411 740 57 34 må
1486 738 58 37 till
1563 742 119 45 någon
1701 740 129 37 Andra

654 786 239 37 Kammarens
921 789 128 46 åtgärd
1076 789 196 38 föranleda.

337 891 206 37 Stockholm
572 893 71 35 den
673 896 21 33 2
725 893 68 49 maj
828 896 112 34 1905.

806 1002 51 35 På
884 1003 195 36 utskottets
1108 1010 146 42 vägnar.

770 1109 43 36 G.
846 1110 40 35 0.
918 1110 364 39 WALLENBERG.

335 1492 98 36 Herr
470 1493 93 36 Roos
597 1493 67 36 har
692 1496 46 45 på
765 1495 120 46 grund
913 1495 40 35 af
978 1496 122 36 arbete
1128 1496 99 37 inom
1257 1502 112 33 annat
1397 1500 140 37 utskott
1564 1501 81 36 icke
1674 1503 152 48 deltagit

228 1545 13 36 i
270 1545 226 37 förestående
525 1548 150 35 ärendes
705 1548 147 48 slutliga
879 1549 234 48 behandling.

316 2353 77 36 Bih.
419 2354 48 35 till
491 2357 114 33 Biksd.
630 2355 88 35 Prot.
744 2359 98 31 1905.
892 2361 21 29 8
937 2357 99 34 Saml.
1085 2361 24 30 2
1132 2359 80 40 Afd.
1259 2362 25 30 2
1307 2359 108 33 Band.
1463 2363 48 30 27
1539 2361 90 38 Häft.
1762 2362 20 30 3
