2171 2648
200 486 124 26 Utskottets

200 523 122 30 yltrande.

427 190 38 34 18
873 185 249 35 Statsutskottets
1153 183 165 35 Utlåtande
1341 183 61 33 N:o
1427 183 72 32 116.

383 271 111 50 Maj:t
530 269 254 39 öfverlämnas
813 273 67 44 att,
910 267 96 38 efter
1035 266 144 50 förslag
1208 265 41 37 af
1273 264 118 38 Eders
1411 263 142 50 Kungl.
1576 262 126 50 Maj:ts
1722 259 249 49 befallnings-

384 323 189 39 hafvande
610 324 12 36 i
659 322 186 49 Blekinge
888 321 73 49 län,
1005 320 129 37 därom
1177 317 200 39 framdeles
1416 316 171 38 meddela
1624 313 248 51 erforderliga
1908 311 64 37 be-

385 377 268 39 stämmelser.»

514 483 54 38 Af
605 483 72 37 den
717 482 13 37 i
771 481 159 38 ärendet
970 478 221 50 förebragta
1231 476 257 49 utredningen
1528 475 67 37 har
1636 473 185 38 utskottet
1848 470 127 39 funnit

385 538 160 48 framgå,
585 541 54 32 att
666 535 74 37 den
767 534 220 38 nuvarande
1015 530 481 50 landshöfdingsbostaden
1524 529 13 36 i
1564 527 185 49 Blekinge
1778 527 62 36 län
1869 530 41 32 är
1939 524 40 37 af

383 591 74 37 den
484 589 271 46 beskaffenhet,
785 593 55 31 att
868 587 218 37 densamma
1113 584 82 37 icke
1223 584 133 48 längre
1389 583 75 36 kan
1497 586 90 32 utan
1603 579 197 50 allvarliga
1821 578 153 50 olägen-

384 644 105 37 heter
529 643 60 37 för
631 642 66 37 sitt
729 640 175 38 ändamål
934 638 191 38 användas
1154 642 96 32 samt
1279 641 53 32 att
1360 635 56 38 till
1443 634 167 38 rådande
1640 632 40 38 af
1703 632 66 38 bot
1797 635 47 47 på
1873 631 104 37 detta

384 694 328 38 missförhållande
758 706 53 34 ny
859 690 345 48 boställsbyggnad
1246 691 119 33 måste
1406 688 192 48 uppföras.
1654 685 223 36 Kostnaden
1918 683 59 36 för

385 748 123 37 denna
535 752 42 32 är
606 745 191 38 beräknad
825 744 58 37 till
913 743 162 48 183,200
1103 741 152 44 kronor,
1286 739 153 38 hvartill
1470 739 171 37 kommer
1659 736 317 50 inköpssumman

385 801 59 37 för
485 799 226 48 erforderlig
742 803 96 31 tomt
867 798 138 47 43,000
1035 795 139 36 kronor
1203 794 89 37 eller
1320 793 160 49 tillhopa
1508 792 164 47 226,200
1700 790 150 36 kronor.
1880 788 97 36 Här-

381 854 120 49 jämte
542 852 112 37 äskas
698 850 225 50 ytterligare
966 849 134 45 25,000
1142 847 143 36 kronor
1326 846 58 36 för
1424 843 212 38 beredande
1679 842 40 37 af
1742 840 235 38 förbättrade

385 905 145 38 lokaler
570 904 101 37 inom
701 901 321 39 landsstatshuset
1050 902 38 35 åt
1116 899 290 49 länsstyrelsens
1436 896 69 38 och
1534 893 443 40 landtmäterikontorets

388 958 117 38 arkiv.
561 957 97 36 Hela
686 954 335 51 anslagsbeloppet
1048 955 149 48 uppgår
1226 952 108 35 alltså
1361 951 57 35 till
1447 950 163 47 251,200
1630 949 148 36 kronor.
1834 946 56 36 De
1910 958 68 23 nu-

387 1010 165 39 varande
593 1008 638 49 landshöfdingresidenstomterna
1276 1003 187 38 beräknas
1496 1000 210 39 emellertid
1733 999 64 37 vid
1826 997 151 49 försälj-

387 1064 95 48 ning
508 1063 152 36 komma
693 1067 54 31 att
774 1061 127 36 lämna
929 1073 47 24 en
1003 1057 254 51 köpeskilling
1286 1056 40 37 af
1353 1056 136 48 75,000
1518 1055 149 36 kronor.
1723 1052 131 37 Ehuru
1873 1051 105 36 kost-

388 1116 122 38 naden
551 1115 59 37 för
651 1114 65 37 det
756 1127 75 36 nya
871 1111 208 39 residenset
1116 1110 223 49 visserligen
1369 1121 112 37 synes
1509 1107 187 37 utskottet
1723 1104 150 51 ganska
1900 1103 80 48 hög

388 1169 69 36 och
500 1168 63 36 det
604 1166 282 46 otvifvelaktigt
921 1177 91 23 vore
1041 1162 223 47 önskvärdt,
1295 1167 55 30 att
1378 1162 191 35 desamma
1596 1159 64 36 vid
1690 1158 162 37 arbetets
1879 1156 100 36 utfö-

387 1221 115 37 rande
542 1219 127 37 kunde
710 1221 117 46 något
869 1216 243 49 nedbringas,
1152 1214 69 37 har
1250 1213 198 46 utskottet,
1478 1226 81 23 som
1587 1211 83 38 icke
1699 1209 126 38 funnit
1853 1207 127 38 anled-

387 1273 94 49 ning
522 1271 58 38 till
609 1271 149 37 erinran
786 1275 79 32 mot
894 1269 45 37 de
967 1269 11 36 i
1007 1267 155 38 ärendet
1192 1265 195 38 företedda
1415 1265 200 49 ritningar,
1646 1268 123 32 ansett
1802 1261 60 49 sig
1890 1261 92 36 böra

389 1325 191 51 tillstyrka
608 1323 141 49 Kungl.
781 1322 128 50 Maj:ts
937 1320 154 49 förslag.
1905 1329 3 4 |

517 1377 199 38 Utskottet
744 1375 58 37 får
831 1375 108 36 alltså
967 1373 210 47 hemställa,

920 1483 56 33 att
1003 1478 220 49 Riksdagen
1252 1479 61 34 må

919 1531 33 49 a)
983 1531 56 36 för
1066 1530 116 49 inköp
1213 1530 39 35 af
1280 1534 144 31 tomten
1446 1541 62 23 n:o
1529 1529 46 34 32
1596 1526 12 37 i
1628 1526 232 37 Karlskrona
1879 1524 103 37 stads

790 1583 154 37 åttonde
987 1583 151 36 kvarter
1180 1586 97 32 samt
1315 1581 57 37 för
1399 1579 238 51 uppförande
1667 1580 21 35 å
1716 1590 144 25 samma
1887 1581 97 32 tomt

791 1637 39 35 af
855 1650 52 35 ny
934 1635 136 37 bostad
1100 1638 37 33 åt
1165 1633 321 49 landshöfdingen
1513 1632 14 37 i
1553 1631 186 49 Blekinge
1771 1630 64 36 län
1854 1629 130 37 äfven-

790 1702 79 23 som
922 1688 59 36 för
1026 1686 280 38 verkställande
1352 1686 41 36 af
1430 1685 46 37 de
1517 1684 13 37 i
1572 1681 413 51 statsrådsprotokollet

789 1741 108 36 öfver
942 1739 290 38 finansärenden
1277 1739 71 36 den
1393 1739 48 35 24
1484 1737 95 50 april
1610 1737 98 45 1908
1736 1733 249 39 omförmälda

790 1793 155 37 arbeten
974 1795 20 34 å
1022 1791 316 38 landsstatshuset
1366 1790 12 37 i
1406 1789 165 38 nämnda
1598 1789 74 48 län,
1706 1787 65 38 allt
1797 1787 6 37 i
1822 1785 163 38 hufvud-

790 1846 124 48 saklig
955 1843 395 39 öfverensstämmelse
1392 1842 85 37 med
1512 1842 41 37 af
1578 1839 406 39 öfverimtendentsäm-

790 1898 103 37 betet
937 1897 161 37 rörande
1144 1895 289 50 ifrågavarande
1479 1895 153 36 arbeten
1674 1892 219 51 uppgjorda
1920 1890 65 37 rit-

792 1951 139 47 ningar
979 1950 70 36 och
1099 1948 342 48 kostnadsförslag,
1493 1946 141 49 bevilja
1676 1951 55 31 ett
1773 1943 136 49 anslag
1951 1943 40 36 af

793 2003 164 47 251,200
986 2002 150 47 kronor,
1166 2006 97 32 samt
1292 2000 110 36 däraf
1425 2000 119 36 under
1573 1998 135 49 sjunde
1732 1996 254 37 hufvudtiteln

792 2057 48 47 på
869 2060 104 31 extra
1001 2059 75 31 stat
1104 2054 58 36 för
1194 2056 40 33 år
1255 2054 97 35 1909
1381 2052 131 36 anvisa
1539 2051 162 48 151,200
1730 2049 151 47 kronor,
1902 2047 85 37 med

793 2111 76 32 rätt
897 2107 59 36 för
992 2106 141 49 Kungl.
1163 2105 108 49 Maj:t
1299 2110 53 31 att
1379 2104 118 37 redan
1520 2103 120 37 under
1667 2100 258 39 innevarande
1946 2103 41 34 år

794 2159 203 49 disponera
1038 2157 234 37 sistnämnda
1299 2157 156 49 belopp;
1486 2161 97 31 samt

923 2210 37 50 b)
991 2211 121 36 under
1154 2209 276 48 förutsättning
1471 2213 55 31 att
1567 2206 247 38 förenämnda
1843 2204 145 49 förslag

795 2277 58 23 om
883 2263 236 50 uppförande
1147 2262 42 37 af
1212 2275 52 36 ny
1291 2259 411 50 landshöfdingbostad
1730 2258 134 38 vinner
1892 2257 95 49 god-

794 2315 213 48 kännande,
1037 2314 208 49 medgifva,
1276 2319 53 31 att
1358 2313 231 48 fastigheten
1620 2312 70 36 n:is
1718 2312 46 35 41
1796 2310 70 37 och
1896 2312 47 33 42
1977 2308 12 36 i
