2170 2637
697 174 248 34 Statsutskottets
973 177 168 34 Utlåtande
1165 180 61 33 N:o
1250 181 74 32 116.
1730 186 37 32 17

217 247 113 37 äfven
350 248 46 37 de
415 249 157 38 sålunda
592 251 201 38 förordade
814 253 309 51 anordningarna
1139 260 114 35 måtte
1269 259 151 39 komma
1436 261 57 37 till
1509 263 122 39 stånd.
1660 265 16 36 1
1692 265 120 39 likhet

215 299 85 37 med
323 300 497 42 öfverintendentsämbetet
841 318 110 25 anser
965 307 82 49 jag,
1070 314 53 31 att
1142 310 74 37 den
1236 311 222 50 ifrågasatta
1474 317 335 50 värmeledningen

216 352 134 37 därvid
391 354 69 37 bör
501 356 187 38 anordnas
726 357 98 38 efter
852 358 62 38 det
943 360 274 40 vidsträcktare
1248 364 252 51 alternativet,
1531 371 123 36 såsom
1684 371 126 37 siiker-

215 405 105 48 ligen
358 406 12 36 i
397 406 168 50 längden
593 409 59 36 för
681 411 229 36 statsverket
937 412 179 49 billigast.
1172 415 134 50 Enligt
1332 418 104 37 inom
1465 420 344 40 öfverintendents-

216 457 169 37 ämbetet
424 460 216 49 uppgjorda
680 461 327 53 kostnadsförslag
1048 466 122 38 skulle
1211 470 119 36 under
1377 471 116 37 sådan
1534 473 277 53 förutsättning

216 509 211 38 kostnaden
468 512 59 36 för
567 527 51 23 nu
659 514 290 49 ifrågavarande
993 518 154 38 arbeten
1188 520 11 36 i
1241 521 58 37 sin
1340 522 128 39 helhet
1498 524 133 51 belöpa
1660 527 61 49 sig
1753 528 57 37 till

215 561 133 38 inalles
380 565 138 46 25,000
548 565 150 38 kronor.

344 615 74 37 För
446 616 116 50 inköp
592 619 41 35 af
657 619 69 36 den
757 620 191 38 tilltänkta
967 635 74 36 nya
1060 623 400 42 länsresidenstomten
1480 629 71 37 och
1569 632 239 48 uppförande

215 666 193 39 därstädes
451 669 41 36 ar
529 683 53 36 ny
622 671 358 51 residensbyggnad
1025 678 117 34 måste
1185 678 173 50 tydligen
1400 681 186 38 särskilda
1619 684 122 38 medel
1769 687 42 36 af

214 719 219 50 Riksdagen
461 721 123 38 äskas.
629 723 55 37 Då
714 724 63 37 det
806 725 188 38 ordinarie
1021 727 393 54 byggnadsanslaget,
1445 734 145 38 hvilket
1613 735 58 38 för
1691 738 115 37 andra

213 771 174 38 ändamål
415 778 41 32 är
483 775 61 35 väl
564 774 195 50 behöfligt,
780 777 83 37 icke
883 779 209 48 lämpligen
1112 793 114 36 synes
1248 783 91 37 böra
1358 785 138 38 anlitas
1515 787 60 36 för
1592 788 44 36 de
1653 789 153 38 afsedda

213 823 282 50 tillbyggnads-
539 827 70 36 och
650 829 364 49 ändringsarbetena
1042 834 20 34 å
1090 832 330 53 landsstatshuset,
1450 839 121 47 gäller
1599 840 207 40 detsamma

212 876 111 37 älven
355 890 62 23 om
446 878 63 37 det
537 879 130 37 härför
696 881 247 49 erforderliga
971 883 188 51 beloppet.

344 929 52 37 De
425 930 58 37 för
511 932 254 50 tomtinköpet
790 934 71 37 och
880 935 45 37 de
945 935 217 50 föreslagna
1182 938 406 50 byggnadsarbetenas
1606 946 201 39 utförande

212 981 251 50 erforderliga
491 982 187 51 beloppen
707 990 137 44 utgöra
871 987 159 50 tillhopa
1059 991 163 46 251,200
1251 992 150 39 kronor.

342 1034 108 37 Hvad
480 1036 180 37 särskildt
689 1041 120 46 angår
837 1039 72 37 den
939 1054 74 36 nya
1040 1042 419 53 residensbyggnaden,
1490 1062 113 36 synes
1624 1050 59 37 för
1703 1051 103 38 detta

213 1085 147 38 arbetes
400 1087 261 51 planmässiga
699 1090 247 40 bedrifvande
974 1094 221 49 önskvärdt,
1225 1101 56 32 att
1309 1098 63 37 det
1400 1099 130 38 härför
1559 1102 247 51 erforderliga

212 1138 174 49 anslaget
415 1139 162 50 beviljas
606 1145 47 46 på
682 1155 46 24 en
756 1146 114 47 gång.
914 1145 87 37 Med
1029 1145 150 50 hänsyn
1208 1148 57 36 till
1285 1149 101 38 detta
1405 1152 147 37 arbetes
1573 1151 234 58 omfattning

212 1203 112 36 synes
353 1191 172 39 däremot
553 1193 186 51 lämpligt,
769 1200 56 32 att
853 1197 173 49 anslaget
1055 1199 165 38 fördelas
1249 1204 47 46 på
1325 1207 64 33 två
1418 1207 50 34 år.

342 1244 13 35 I
390 1246 187 36 anseende
613 1246 127 37 härtill
768 1248 69 36 har
859 1249 71 49 jag
957 1250 112 37 tänkt
1098 1252 89 48 mig,
1218 1258 55 31 att
1301 1255 45 36 de
1375 1256 58 37 för
1461 1258 176 49 samtliga
1665 1260 142 50 ifråga-

214 1296 162 36 varande
405 1297 174 37 ändamål
609 1299 247 49 erforderliga
885 1302 121 37 medel
1034 1303 207 50 lämpligen
1270 1305 120 39 skulle
1414 1308 128 38 kunna
1577 1310 227 40 bestämmas

211 1352 55 31 att
306 1351 93 47 utgå
440 1352 49 46 på
530 1350 63 37 det
630 1356 86 44 sätt,
747 1357 55 31 att
834 1355 160 46 151,200
1024 1354 140 38 kronor
1194 1357 148 38 anvisas
1371 1361 59 36 för
1458 1362 118 37 första
1606 1364 70 37 och
1704 1368 96 34 åter-

210 1400 144 47 stoden,
387 1403 162 47 100,000
578 1403 153 49 kronor,
761 1404 58 37 för
848 1406 118 36 andra
995 1409 88 34 året.

336 1452 116 48 Enär,
482 1467 81 24 som
591 1460 163 43 nämnts,
785 1456 63 37 det
876 1458 388 52 försäljningsanbud,
1293 1476 80 24 som
1402 1465 42 36 af
1468 1471 141 44 ägaren
1639 1469 162 38 lämnats

209 1513 20 27 å
269 1504 233 50 förberörda,
545 1509 230 36 statsverket
816 1510 56 36 till
906 1511 114 48 inköp
1049 1512 184 48 erbjudna
1260 1520 107 44 tomt,
1397 1518 124 49 gjorts
1551 1519 185 39 beroende
1764 1524 42 35 af

209 1556 72 37 den
322 1557 289 50 förutsättning,
654 1565 55 31 att
749 1561 166 38 tillträde
957 1563 70 36 och
1068 1564 118 37 likvid
1225 1567 42 35 af
1290 1571 145 34 tomten
1464 1574 73 45 äga
1564 1586 84 22 rum
1677 1574 73 36 den
1782 1577 17 33 1

207 1608 315 39 nästkommande
546 1611 85 49 juli,
662 1617 98 32 samt
789 1613 62 38 det
879 1613 181 50 gifvetvis
1089 1621 41 32 är
1150 1618 218 50 önskvärdt,
1389 1626 55 32 att
1463 1623 178 50 samtliga
1659 1624 141 51 ifråga-

211 1661 162 37 varande
414 1662 275 50 npybyggnads-
731 1666 86 36 med
855 1667 89 36 flera
987 1668 155 37 arbeten
1179 1673 60 33 må
1267 1670 151 40 komma
1445 1674 57 37 till
1530 1676 201 39 utförande
1761 1681 40 34 så

207 1718 107 31 snart
343 1727 78 23 som
452 1716 161 49 möjligt,
643 1717 107 37 torde
778 1718 240 51 Riksdagens
1045 1721 270 49 medgifvande
1343 1724 91 38 böra
1462 1728 179 38 utverkas
1662 1730 137 49 därtill,

208 1770 56 31 att
293 1766 64 36 det
384 1766 150 51 belopp,
565 1781 80 24 som
674 1770 58 36 för
760 1770 292 49 ifrågavarande
1081 1774 173 37 ändamål
1274 1778 150 37 anvisas
1445 1781 21 34 å
1486 1781 314 39 nästkommande

208 1819 60 35 ärs
290 1823 86 42 stat,
397 1821 60 35 må
478 1820 39 36 af
534 1820 121 38 Eders
675 1821 141 50 Kungl.
839 1823 107 50 Maj:t
962 1824 219 50 disponeras
1201 1827 116 38 redan
1336 1830 119 37 under
1474 1831 257 40 innevarande
1747 1838 51 34 år.

336 1871 136 37 Därest
513 1872 182 50 förslaget
729 1888 62 23 om
819 1876 235 49 uppförande
1084 1878 39 36 af
1148 1893 52 35 ny
1227 1879 409 54 landshöfdingbostad
1664 1887 137 38 vinner

207 1922 290 50 godkännande,
539 1925 98 37 lärer
679 1927 71 37 den
791 1928 195 49 fastighet,
1030 1930 117 37 hvarå
1185 1932 63 36 det
1276 1936 219 37 nuvarande
1523 1938 209 38 residenset
1759 1946 41 31 är

206 1974 197 49 uppfördt,
445 1977 32 48 ej
521 1977 139 49 vidare,
704 1979 115 37 sedan
860 1994 51 36 ny
953 1981 408 51 landshöfdingbostad
1402 1988 160 38 kommit
1589 1991 57 36 till
1676 1993 122 47 stånd,

206 2026 119 37 blifva
367 2028 59 37 för
460 2031 121 46 något
609 2031 272 38 statsändamål
910 2033 195 51 behöfligt.
1150 2035 73 38 Vid
1252 2038 135 37 sådant
1416 2040 236 40 förhållande
1680 2045 117 48 torde,

205 2080 49 47 på
296 2084 75 32 sätt
410 2082 316 48 myndigheterna
754 2084 210 49 föreslagit,
993 2088 258 48 nyssnämnda
1280 2090 186 50 fastighet
1493 2093 91 38 böra
1613 2091 183 59 försäljas.

208 2130 51 37 De
288 2131 195 38 blifvande
511 2138 174 34 närmare
715 2136 188 38 villkoren
933 2138 57 36 för
1019 2152 46 23 en
1096 2139 106 50 dylik
1229 2141 230 52 försäljning
1478 2146 106 37 torde
1604 2147 84 38 icke
1708 2147 90 38 böra

205 2182 59 37 för
293 2186 236 36 närvarande
558 2186 217 51 fastställas,
800 2194 92 32 utan
913 2203 113 36 synes
1046 2191 64 37 det
1128 2193 232 50 lämpligast,
1382 2201 55 31 att
1458 2200 37 34 åt
1515 2198 118 38 Eders
1653 2196 142 58 Kungl.

293 2297 73 33 Bih.
391 2299 50 32 till
464 2299 111 34 Riksd.
601 2301 89 32 Prot.
720 2303 90 32 1908.
858 2304 19 31 4
902 2304 97 32 Saml.
1048 2308 17 28 1
1093 2303 76 43 Afd.
1195 2307 38 31 71
1263 2307 93 41 Häft.
1735 2314 18 31 3
