1886 2794
244 147 18 29 ES

266 147 16 28 no

690 145 285 30 Statsutskottets
994 145 180 30 utlåtande
1191 155 43 20 nr
1253 145 50 29 10.

291 230 50 29 De
369 230 220 38 sakkunniga
613 229 45 30 ha
682 229 65 29 den
771 229 41 28 20
837 228 70 39 maj
937 228 82 29 1948
1044 228 128 39 avgivit
1195 228 220 29 betänkande
1440 228 78 28 med
1542 227 132 38 förslag
1698 228 53 28 rö-

248 281 108 28 rande
385 281 90 29 vissa
504 279 485 38 utrikeshandelsfrämjande
1018 278 171 39 åtgärder.
1221 278 110 29 Bland
1362 279 40 28 de
1434 277 172 39 spörsmål
1636 278 116 28 utred-

247 331 125 38 ringen
412 330 186 29 behandlat
637 330 98 38 ingår
764 330 87 28 även
879 330 123 37 frågan
1031 337 57 20 om
1119 328 363 39 medelsanvisningen
1513 328 111 29 under
1653 336 98 30 nyss-

247 381 156 29 nämnda
426 382 50 28 tre
499 380 131 38 anslag.

291 431 387 37 Departementschefen
703 431 63 28 har
794 430 133 29 lämnat
953 439 42 20 en
1023 429 216 39 redogörelse
1265 429 55 29 för
1346 429 40 29 de
1413 429 241 38 sakkunnigas
1682 429 70 29 för-

248 482 84 38 slag.

292 532 118 39 Enligt
437 532 165 38 förslaget
628 532 11 28 i
666 532 98 38 fråga
792 531 112 29 skulle
931 530 509 39 marknadsundersökningar,
1469 539 75 20 som
1571 529 181 30 befunnits

247 592 85 20 vara
357 592 43 20 en
423 582 276 39 ändamålsenlig
722 582 91 29 form
837 582 55 29 för
918 581 138 30 bistånd
1080 581 80 29 från
1185 582 57 28 det
1265 581 198 29 allmännas
1487 581 74 29 sida
1585 581 58 29 vid
1666 589 87 30 upp-

247 633 187 29 arbetande
452 642 41 19 av
512 632 145 37 vidgade
676 632 217 33 marknader,
912 631 234 30 intensifieras
1167 631 64 30 och
1252 631 135 37 spridas
1407 631 81 29 över
1508 630 88 30 flera
1615 638 138 29 geogra-

247 683 95 30 fiska
363 683 175 29 områden.
561 683 125 29 Vidare
707 683 104 29 borde
834 682 167 29 anställas
1023 682 51 29 till
1095 683 93 29 vissa
1208 682 270 38 beskickningar
1499 681 66 30 och
1588 681 164 29 konsulat

247 734 139 29 knutna
411 733 371 33 handelssekreterare,
807 733 95 29 vilka
925 733 11 28 i
958 733 111 29 första
1093 733 94 29 hand
1214 732 113 30 skulle
1351 732 89 29 hava
1465 732 51 29 till
1540 731 138 40 uppgift
1702 733 50 28 att

247 784 100 29 driva
372 783 236 30 kommersiell
632 782 479 40 förhandlingsverksamhet.
1138 783 108 29 Dessa
1270 782 345 39 befattningshavare
1641 782 111 29 skulle

252 834 124 30 kunna
392 834 89 30 bliva
500 833 53 30 till
572 835 100 38 nytta
690 833 142 30 särskilt
849 834 20 29 å
887 834 164 38 avlägsna
1070 833 222 33 marknader,
1311 833 50 29 dit
1379 842 82 20 man
1480 832 88 30 hade
1588 832 93 30 svårt
1702 834 50 28 att

248 885 55 29 för
336 885 175 29 skiftande
543 884 260 29 kommersiella
835 883 274 40 studieuppdrag
1139 883 150 30 utsända
1321 883 171 29 särskilda
1526 882 227 40 stipendiater

247 935 84 29 eller
356 935 247 29 undersökare.
627 935 397 29 Handelssekreterarna
1048 934 106 30 borde
1179 934 169 29 anställas
1372 934 44 39 på
1440 933 169 29 kontrakt
1633 933 54 29 för
1710 942 43 20 en

252 985 50 30 tid
323 995 42 20 av
383 985 106 30 minst
507 985 59 30 två
584 985 40 29 år
643 987 89 27 samt
753 994 41 20 ur
815 985 415 39 anställningssynpunkt
1249 984 114 29 hållas
1383 984 90 29 klart
1498 984 152 29 åtskilda
1672 983 80 29 från

248 1036 141 38 vanliga
412 1036 249 39 diplomatiska
685 1035 64 29 och
773 1034 191 30 konsulära
991 1034 226 39 tjänstemän.

293 1086 263 40 Benämningen
589 1087 315 39 exportstipendier
935 1087 64 29 och
1031 1085 456 40 handelsstudiestipendier
1522 1086 112 29 skulle
1667 1085 84 29 änd-

249 1145 57 20 ras
331 1136 54 29 till
408 1136 486 39 utrikeshandelsstipendier.

293 1186 163 39 Bidraget
474 1187 52 29 till
547 1186 150 30 svenska
717 1186 291 29 handelskamrar
1028 1186 11 28 i
1059 1186 157 29 utlandet
1237 1185 106 30 borde
1366 1186 158 29 avsevärt
1543 1185 114 38 höjas,
1677 1185 78 28 där-

248 1237 58 29 vid
331 1237 208 29 kamrarnas
566 1236 222 30 verksamhet
815 1236 111 29 skulle
952 1237 99 37 göras
1077 1236 192 29 oberoende
1298 1245 41 21 av
1365 1235 172 30 särskilda
1562 1235 191 29 understöd

249 1289 82 30 från
358 1289 168 29 enskilda.

293 1337 394 40 Departementschefen
709 1337 62 29 har
791 1337 120 30 funnit
932 1337 64 29 vad
1021 1345 74 21 som
1117 1337 51 29 till
1189 1338 186 37 exportens
1399 1337 75 28 stöd
1497 1336 147 29 sålunda
1666 1336 89 29 före-

250 1389 122 39 slagits
394 1390 119 38 riktigt
534 1389 67 30 och
622 1388 165 39 påkallat.

293 1439 127 29 Vidare
443 1438 73 35 har,
541 1438 201 30 framhåller
766 1437 389 38 departementschefen,
1181 1437 457 38 småföretagsutredningen
1664 1437 89 29 före-

251 1490 103 39 slagit
379 1490 198 30 inrättande
604 1499 42 20 av
671 1499 42 20 en
739 1489 293 30 småindustriens
1057 1489 219 39 exportbyrå,
1303 1498 75 21 som
1404 1488 111 31 skulle
1541 1489 176 38 förläggas
1741 1488 12 29 i

249 1539 206 39 anslutning
476 1539 52 29 till
554 1539 155 38 Sveriges
733 1538 180 30 allmänna
934 1538 294 39 exportförening.
1251 1538 117 39 Byrån
1391 1538 111 30 skulle
1525 1538 46 29 ha
1595 1538 52 29 till
1670 1546 86 31 upp-

251 1589 64 39 gift
345 1591 50 28 att
425 1589 130 39 främja
585 1589 226 29 hantverkets
842 1589 65 29 och
939 1588 293 30 småindustriens
1262 1591 122 37 export
1413 1590 23 28 t.
1467 1598 50 20 ex.
1551 1596 124 31 genom
1705 1590 50 27 att

251 1640 120 29 skaffa
395 1640 36 29 in
455 1639 188 39 utredning
667 1649 56 20 om
748 1639 167 40 lämpliga
940 1638 269 40 exportartiklar
1234 1639 65 29 och
1326 1639 212 29 marknader
1563 1638 56 30 för
1644 1638 111 29 dessa.

251 1690 80 29 Helt
360 1690 167 39 naturligt
556 1690 113 29 skulle
700 1690 76 34 den,
808 1689 205 30 framhåller
1041 1689 397 40 departementschefen,
1467 1689 76 29 icke
1575 1689 100 38 åtaga
1706 1689 50 38 sig

252 1741 183 39 praktiska
460 1740 246 39 försäljnings-
731 1740 83 30 eller
842 1740 336 39 agenturuppgifter.
1205 1740 78 29 Med
1309 1740 138 38 hänsyn
1475 1739 51 30 till
1553 1739 203 39 angelägen-

250 1791 105 29 heten
378 1793 50 27 att
450 1791 108 39 byrån
585 1793 137 27 snarast
744 1791 141 29 komme
907 1791 11 29 i
941 1790 89 39 gång
1052 1790 148 30 ämnade
1222 1790 387 40 departementschefen
1631 1790 126 29 under-

252 1842 86 29 söka
361 1841 270 39 möjligheterna
655 1843 49 27 att
728 1841 70 30 låta
822 1841 111 39 byrån
956 1841 230 39 provisoriskt
1210 1840 101 39 börja
1338 1840 59 30 sitt
1422 1840 116 30 arbete
1562 1841 108 29 redan
1695 1849 62 20 un-

251 1892 60 28 der
330 1892 112 29 första
460 1892 156 29 halvåret
639 1891 92 30 1949.
751 1892 161 29 Rörande
932 1892 362 37 sammansättningen
1316 1900 42 22 av
1376 1891 57 29 det
1452 1891 72 34 råd,
1547 1900 74 20 som
1645 1891 112 29 skulle

251 1951 85 21 vara
359 1942 124 29 knutet
507 1942 53 29 till
586 1942 121 38 byrån,
733 1944 118 36 syntes
876 1942 55 29 det
956 1941 385 40 departementschefen
1367 1941 84 30 böra
1477 1941 219 30 överlämnas
1722 1942 35 29 åt

250 1992 128 39 Kungl.
399 1992 104 39 Maj:t
523 1994 50 28 att
592 1994 86 27 utan
697 1992 202 29 bundenhet
918 1992 51 29 till
990 1992 94 29 vissa
1105 1992 149 38 angivna
1274 1992 277 38 organisationer
1570 1992 110 29 träffa
1701 2001 57 20 av-

252 2043 163 38 görande.

295 2093 77 29 Den
393 2093 106 39 årliga
521 2093 197 29 kostnaden
739 2093 54 29 för
814 2093 42 29 de
879 2093 92 30 olika
992 2092 324 39 exportfrämjande
1337 2093 208 38 åtgärderna
1567 2092 111 30 skulle
1700 2101 58 21 en-

252 2145 61 39 ligt
338 2145 322 39 förslagsställarna
683 2145 115 39 uppgå
821 2145 54 30 till
901 2144 232 39 sammanlagt
1158 2144 61 30 295
1235 2144 63 30 000
1323 2145 140 29 kronor.
1488 2144 13 29 I
1525 2145 131 38 dagens
1680 2144 73 39 läge

252 2194 64 29 har
338 2194 386 40 departementschefen
746 2194 193 29 emellertid
963 2193 118 30 funnit
1106 2193 51 39 sig
1178 2193 75 30 icke
1276 2195 122 29 kunna
1420 2194 187 39 tillstyrka,
1630 2195 50 28 att
1702 2194 56 29 för

252 2246 103 29 nästa
381 2245 167 38 budgetår
573 2254 75 20 mer
672 2246 44 28 än
743 2245 62 29 255
820 2244 64 31 000
908 2245 130 28 kronor
1063 2244 139 30 anvisas
1226 2244 56 30 för
1307 2244 209 30 ändamålet.
1542 2244 216 39 Erforderlig

251 2295 320 39 medelsanvisning
590 2295 106 29 borde
720 2296 58 28 ske
801 2296 82 28 över
903 2297 47 27 ett
970 2295 357 39 reservationsanslag
1348 2295 19 29 å
1387 2295 117 29 tionde
1524 2295 233 33 huvudtiteln,

252 2346 169 32 benämnt
468 2346 230 40 Åtgärder
747 2347 73 29 för
870 2346 273 39 främjande
1192 2355 51 21 av
1290 2346 314 39 varuutbytet
1654 2346 101 29 med

251 2395 345 30 främmmande
627 2395 178 34 länder,
836 2395 120 30 varvid
976 2395 41 31 de
1038 2394 91 30 båda
1149 2395 402 39 reservationsanslagen
1571 2396 53 29 till
1647 2395 112 29 orien-

250 2447 146 29 terande
418 2446 500 38 marknadsundersökningar
942 2448 89 27 samt
1056 2445 53 29 till
1132 2445 313 40 exportstipendier
1469 2446 64 30 och
1556 2445 203 30 handelstu-
