1874 2836
459 153 398 36 Jordbruksutskottets
882 151 188 34 utlåtande
1092 151 52 33 Nr
1169 150 50 32 45.
1525 147 18 32 1

765 500 58 41 Nr
852 499 62 41 45.

587 630 112 25 Ankom
719 629 42 24 till
783 627 162 33 riksdagens
964 627 90 24 kansli
1075 626 53 24 den
1148 627 29 23 21
1201 632 75 17 mars
1296 624 67 25 1935
1383 623 36 25 kl.
1440 623 14 24 3
1475 630 22 17 e.
1518 629 36 17 m.

188 734 195 33 Utlåtande
404 736 12 30 i
438 733 196 37 anledning
658 743 44 21 av
725 731 131 32 väckta
877 730 174 31 motioner
1073 738 55 22 om
1151 727 198 37 skärpning
1371 735 45 23 av
1438 723 147 37 straffet

386 786 57 37 för
464 785 168 37 förseelse
651 786 73 29 mot
743 782 103 38 lagen
869 792 55 22 om
946 778 471 41 hingstbesiktningstvång.

1356 846 72 37 (2:a
1449 845 94 37 avd.)

127 972 18 31 I
174 973 62 30 två
265 971 98 31 inom
392 970 192 36 riksdagen
615 968 139 35 väckta,
785 967 58 31 till
873 963 369 40 jordbruksutskottet
1272 961 196 32 hänvisade
1498 960 87 31 lika-

87 1023 153 37 lydande
264 1021 185 37 motioner,
473 1020 184 37 nämligen
680 1019 31 32 I:
727 1019 58 30 184
808 1028 45 21 av
878 1018 82 31 herr
985 1017 200 36 Bengtsson
1209 1025 45 21 m.
1280 1014 39 36 fl.
1344 1014 93 30 samt
1462 1012 52 32 IT:
1529 1011 58 32 235

88 1086 44 21 av
156 1075 81 32 herr
264 1075 168 36 Hagman
456 1084 45 21 m.
525 1073 50 37 fl.,
600 1073 65 31 har
690 1070 210 36 hemställts,
927 1070 53 30 att
1003 1068 194 36 riksdagen
1219 1067 112 31 måtte
1357 1065 150 36 besluta,
1533 1064 52 31 att

88 1128 18 36 $
130 1128 19 30 4
171 1128 12 31 i
206 1128 106 35 lagen
337 1136 56 22 om
417 1123 463 39 hingstbesiktningstvång
904 1121 110 31 måtte
1037 1120 138 32 erhålla
1199 1118 161 37 följande
1383 1116 148 39 lydelse:

127 1178 200 32 »Förseelse
351 1178 73 31 mot
446 1177 118 31 denna
587 1176 59 36 lag
668 1175 151 31 straffas
842 1174 80 31 med
942 1173 100 30 böter
1067 1172 83 31 från
1174 1171 64 31 och
1262 1170 81 32 med
1367 1169 219 32 tvåhundra-

88 1231 123 32 femtio
233 1230 58 32 till
311 1231 65 31 och
397 1230 79 32 med
499 1229 142 31 ettusen
661 1228 140 30 kronor.

127 1283 129 32 Därest
279 1283 120 36 någon
423 1282 113 31 under
563 1281 62 36 tid,
653 1280 44 31 då
722 1279 72 31 han
819 1281 40 29 är
886 1277 108 32 ställd
1021 1277 112 31 under
1160 1275 110 32 tilltal
1298 1276 56 31 för
1380 1275 113 32 sådan
1517 1274 69 31 för-

89 1336 117 36 seelse,
233 1336 207 31 densamma
467 1333 197 35 fortsätter,
693 1331 91 31 skall
812 1331 73 30 han
914 1330 55 31 för
1000 1328 101 37 varje
1130 1329 94 36 gång
1252 1327 183 37 stämning
1463 1326 123 32 därför

89 1388 165 32 utfärdas
283 1387 65 31 och
377 1385 168 37 delgivits
573 1384 106 32 fällas
706 1383 57 31 till
792 1383 41 31 de
862 1381 108 36 böter,
997 1391 74 21 som
1099 1381 55 31 för
1184 1379 193 32 förseelsen
1402 1382 62 28 äro
1493 1378 93 32 stad-

88 1439 117 38 gade.»

128 1490 237 32 Beträffande
390 1490 40 31 de
455 1489 87 35 skäl,
568 1497 74 22 som
665 1487 188 36 åberopats
878 1486 57 30 till
957 1486 79 30 stöd
1060 1485 55 30 för
1141 1485 115 30 denna
1279 1482 224 36 hemställan,
1530 1481 57 31 får

89 1542 172 32 utskottet
284 1541 154 32 hänvisa
460 1540 57 31 till
541 1539 233 32 motionerna.

129 1592 89 34 Över
244 1592 225 32 motionerna
494 1592 66 31 har
586 1591 173 31 utskottet
785 1591 9 30 i
825 1589 223 36 vederbörlig
1075 1588 152 36 ordning
1254 1586 238 32 införskaffat
1518 1587 69 36 ytt-

90 1646 108 32 rande
221 1656 46 21 av
291 1643 378 37 lantbruksstyrelsen.

130 1749 152 32 Jämlikt
310 1748 106 37 lagen
444 1748 67 31 den
540 1747 37 31 23
609 1745 180 33 december
820 1745 78 31 1914
926 1755 55 21 om
1011 1743 460 37 hingstbesiktningstvång
1502 1745 85 34 äger

90 1802 211 35 Konungen,
330 1800 65 32 där
422 1798 274 32 förhållandena
724 1797 95 31 inom
848 1797 109 36 något
986 1795 429 37 hushållningssällskaps
1443 1795 144 31 område

90 1853 128 31 sådant
248 1851 157 38 påkalla,
435 1851 45 37 på
511 1849 271 36 framställning
815 1859 45 20 av
892 1847 449 37 hushållningssällskapet
1371 1847 64 31 och
1466 1847 120 31 veder-

89 1904 154 32 börande
261 1903 195 36 landsting,
474 1902 181 34 förordna,
673 1902 52 30 att
745 1899 462 37 hingstbesiktningstvång
1224 1899 93 30 skall
1336 1898 137 31 införas
1492 1899 96 30 inom

91 1954 466 37 hushållningssällskapets
585 1953 142 31 område
752 1953 86 30 eller
867 1952 71 31 viss
965 1952 55 30 del
1047 1952 121 30 därav.

129 2008 18 31 I
170 2008 18 30 2
213 2006 18 37 $
256 2017 44 21 av
324 2015 136 22 samma
482 2005 60 36 lag
569 2004 224 35 föreskrives,
818 2005 53 29 att
895 2003 96 31 inom
1015 2003 153 33 område,
1193 2004 119 29 varest
1336 2002 251 37 hingstbesikt-

90 2059 219 36 ningstvång
329 2057 141 36 införts,
491 2057 121 36 hingst
633 2056 76 31 icke
727 2057 68 35 må,
817 2056 78 30 med
913 2054 140 33 mindre
1075 2055 71 31 han
1166 2055 154 36 uppnått
1340 2055 53 30 tre
1411 2055 60 31 års
1489 2054 99 31 ålder

92 2113 166 29 ävensom
275 2110 149 37 prövats
444 2119 89 21 vara
553 2110 116 30 såsom
688 2107 199 32 beskällare
907 2107 96 31 inom
1022 2108 100 29 orten
1140 2106 160 37 lämplig,
1321 2116 84 22 vare
1424 2106 55 37 sig
1498 2106 93 31 kost-

91 2162 173 32 nadsfritt
289 2161 86 32 eller
399 2162 73 30 mot
497 2160 202 36 ersättning
725 2160 186 31 användas
935 2159 57 30 till
1016 2158 215 37 betäckning
1258 2169 46 20 av
1331 2159 62 35 sto,
1420 2168 75 21 som
1518 2157 70 32 till-

92 2215 63 30 hör
179 2224 121 22 annan
325 2216 46 28 än
397 2213 145 31 hästens
569 2214 117 34 ägare,
712 2212 64 30 och
803 2211 32 37 ej
862 2211 120 36 heller,
1008 2211 119 31 därest
1153 2210 168 36 hingsten
1347 2213 83 33 äges
1457 2220 44 21 av
1527 2210 62 31 två

91 2266 85 30 eller
205 2265 93 31 flera
325 2274 167 27 personer
522 2263 171 35 samfällt,
723 2263 54 30 till
809 2261 215 37 betäckning
1052 2272 45 20 av
1125 2263 62 33 sto,
1216 2272 72 20 som
1320 2261 123 31 tillhör
1471 2262 118 35 någon

92 2329 44 20 av
159 2318 78 31 dem
258 2316 142 32 enskilt.

131 2369 18 30 4
171 2368 49 36 $i
244 2369 106 35 lagen
371 2367 115 38 lyder:

135 2421 197 31 »Förseelse
354 2420 74 31 mot
451 2419 117 31 denna
589 2418 59 36 lag
673 2418 148 30 straffes
845 2418 77 30 med
949 2417 97 31 böter
1072 2418 81 30 från
1177 2418 61 30 och
1266 2418 77 30 med
1370 2417 49 31 tio
1443 2416 55 31 till
1526 2416 61 31 och

93 2474 75 30 med
191 2471 206 32 tvåhundra
417 2470 141 32 kronor.

96 2545 108 31 Bihang
226 2544 39 25 till
288 2543 166 31 riksdagens
475 2542 144 32 protokoll
642 2542 72 23 1935.
758 2543 32 22 10
809 2543 82 23 saml.
931 2542 38 23 Nr
988 2542 113 24 45—47.
1546 2539 8 23 1
