1880 2786
441 150 287 31 Statsutskottets
754 150 181 30 utlåtande
961 159 42 20 nr
1027 152 41 27 94
1094 151 39 28 år
1161 151 82 28 1956
1573 155 16 28 3

99 241 76 29 icke
199 241 138 29 restlöst
362 241 256 36 förverkligats,
642 241 76 28 med
742 240 136 36 påföljd
903 241 49 28 att
974 240 41 29 de
1037 240 153 28 militära
1213 240 176 28 ärendena
1411 248 47 19 nu
1480 239 109 28 hand-

101 286 116 36 läggas
238 286 9 28 i
268 286 147 35 somliga
436 285 60 29 fall
519 295 40 19 av
578 292 108 29 organ
707 294 73 19 som
802 286 60 27 äro
882 292 261 28 gemensamma
1163 284 54 28 för
1237 284 163 36 samtliga
1420 283 169 29 försvars-

99 338 125 28 grenar
249 331 64 28 och
340 330 10 29 i
377 331 110 28 andra
513 330 60 29 fall
601 339 40 19 av
666 337 107 28 organ
800 338 75 20 som
901 329 142 29 tillhöra
1069 329 147 29 allenast
1240 328 70 30 viss
1337 328 251 36 försvarsgren.

99 375 167 29 Gällande
289 374 398 37 försvarsorganisation
709 374 64 29 har
795 373 203 37 därigenom
1021 373 149 30 kommit
1192 375 50 28 att
1263 372 263 31 kännetecknas
1548 381 42 21 av

101 429 41 20 en
164 420 161 33 dualism,
347 429 75 19 som
443 419 151 30 medfört
614 419 223 36 olägenheter
857 428 41 19 av
917 418 94 29 olika
1031 419 83 35 slag.
1135 419 121 28 Denna
1277 418 152 29 dualism
1449 418 141 29 bottnar

99 464 144 37 djupast
267 465 10 28 i
300 465 57 28 det
381 464 247 34 förhållandet,
652 465 49 28 att
724 464 41 29 de
787 465 53 28 tre
863 463 331 37 försvarsgrenarna
1218 463 67 29 alla
1308 463 282 29 enhetssträvan-

101 510 66 28 den
188 510 52 28 till
262 511 88 27 trots
373 509 152 36 alltjämt
546 509 10 28 i
577 509 112 36 grund
710 509 65 28 och
795 509 120 29 botten
936 508 148 36 fungera
1105 517 74 20 som
1200 508 163 29 inbördes
1385 507 80 30 fullt
1486 507 105 37 själv-

101 554 161 36 ständiga
281 554 154 34 enheter,
455 563 105 20 envar
579 554 112 28 under
710 553 53 29 sin
784 553 89 29 chef.
894 553 74 29 Den
988 552 178 37 operativa
1187 552 403 37 krigsplanläggningen,

99 599 117 28 vilken
243 599 98 28 torde
368 598 121 29 kunna
514 598 187 29 betecknas
728 607 73 20 som
829 598 136 28 kärnan
991 597 10 29 i
1027 598 61 28 allt
1113 597 146 29 militärt
1285 597 216 29 stabsarbete
1525 597 65 29 och

113 643 103 29 vilken
246 643 67 29 blir
342 643 265 29 bestämmande
637 642 54 29 för
720 642 41 29 de
791 642 181 29 stridande
1001 641 213 30 förbandens
1244 642 237 36 utnyttjande,
1511 642 80 29 sker

102 687 148 29 sålunda
270 687 75 29 icke
366 697 74 19 som
461 696 41 20 en
523 687 78 29 hela
621 687 171 29 försvaret
812 687 266 35 omspännande
1098 687 250 36 angelägenhet
1367 688 85 27 utan
1472 687 38 28 är
1529 687 61 28 allt

101 732 88 29 efter
214 732 242 36 försvarsgren
481 731 157 30 fördelad
663 731 43 36 på
730 731 115 29 skilda
868 738 119 30 organ.
1011 731 60 29 Att
1094 731 124 29 märka
1240 732 39 28 är
1302 731 122 29 därvid
1449 733 49 28 att
1521 730 70 30 för-

101 777 233 33 svarsstaben,
370 777 122 28 utöver
525 776 93 29 vissa
653 775 428 37 samordningsuppgifter
1115 776 9 28 i
1159 777 97 32 stort,
1291 776 209 29 anförtrotts
1534 776 57 29 det

100 821 171 36 egentliga
296 820 467 38 krigsförberedelsearbetet
786 821 10 28 i
821 820 99 37 fråga
943 829 57 20 om
1023 820 132 34 armén,
1179 821 125 29 medan
1328 822 162 28 ansvaret
1513 821 78 28 här-

101 866 149 28 utinnan
273 866 223 29 beträffande
518 866 160 28 marinen
700 865 64 29 och
787 866 203 36 flygvapnet
1013 865 205 29 ankommer
1240 865 43 36 på
1305 865 195 36 respektive
1522 866 69 29 för-

101 911 332 36 svarsgrensstaber.
463 910 65 29 Till
559 910 88 36 följd
676 910 109 29 härav
813 910 64 29 har
905 910 281 29 försvarsstaben
1214 910 98 30 blivit
1341 911 113 29 starkt
1482 910 110 29 armé-

101 955 149 29 betonad
275 955 65 29 och
365 955 10 29 i
399 955 70 29 viss
494 955 81 29 mån
601 954 146 30 förlorat
771 955 54 29 sin
849 955 152 29 avsedda
1024 954 168 30 karaktär
1216 964 40 20 av
1280 957 48 27 ett
1352 954 55 30 för
1430 955 151 37 samtlig:

102 999 283 37 försvarsgrenar
410 1001 216 35 gemensamt
651 1007 118 29 organ.
796 1000 130 28 Genom
953 1001 50 27 att
1028 999 387 30 militärbefälhavarna
1439 1000 10 29 i
1473 1008 120 28 opera-

101 1044 64 29 tivt
193 1044 199 29 hänseende
420 1044 114 29 direkt
561 1044 258 29 underordnats
848 1044 332 29 överbefälhavaren
1208 1044 64 29 och
1300 1044 293 34 försvarsstaben,

103 1089 178 35 samtidigt
303 1098 75 20 som
400 1088 221 30 arméchefen
643 1089 64 28 och
728 1088 221 30 arméstaben
969 1088 132 37 tiilagts
1123 1090 161 28 ansvaret
1305 1089 55 29 för
1381 1089 137 30 arméns
1539 1091 54 27 ut-

102 1133 161 36 rustning
293 1133 65 29 och
387 1133 251 37 organisation,
667 1133 45 29 ha
741 1133 180 29 dessutom
950 1133 268 36 befälslinjerna
1247 1134 95 28 inom
1372 1134 220 29 sistnämnda

102 1177 241 37 försvarsgren
376 1178 259 36 komplicerats.
668 1178 330 36 Gränsdragningen
1030 1178 129 29 mellan
1192 1178 330 37 försvarsgrenarna
1553 1179 40 28 är

103 1223 44 28 än
173 1231 96 20 mera
295 1223 185 29 markerad
507 1222 10 29 i
543 1222 99 37 fråga
667 1231 56 20 om
749 1223 66 29 den
842 1223 357 29 militärterritoriella
1224 1223 236 37 indelningen.
1486 1223 108 36 Varje

103 1266 241 38 försvarsgren
369 1267 65 29 har
457 1267 64 29 här
546 1267 53 29 sin
625 1267 162 36 speciella
810 1267 332 37 indelningsgrund:
1169 1268 118 29 armén
1312 1268 11 29 i
1347 1268 246 29 militärområ-

102 1312 77 33 den,
208 1312 160 29 marinen
397 1312 10 29 i
435 1312 260 29 marindistrikt
723 1312 64 29 och
817 1312 202 36 flygvapnet
1047 1313 10 28 i
1086 1312 317 36 flygbasområden,
1432 1313 162 36 samtliga

103 1358 86 27 utan
215 1364 262 28 gemensamma
502 1357 154 36 gränser,
682 1358 77 27 vart
785 1357 65 28 och
877 1358 48 28 ett
952 1357 149 36 lydande
1127 1357 110 29 under
1263 1357 54 29 sin
1343 1357 81 30 chef
1448 1358 64 28 och
1538 1358 54 29 sin

103 1401 86 29 stab.
219 1400 93 29 Även
342 1401 43 36 på
416 1400 347 37 förvaltningssidan,
793 1401 63 29 där
885 1401 379 36 samordningstanken
1293 1402 90 29 dock
1412 1404 112 28 avsatt
1552 1403 43 28 de

103 1445 176 36 praktiskt
300 1447 88 27 mest
408 1445 175 36 påtagliga
602 1445 202 34 resultaten,
824 1445 107 37 ligger
949 1445 286 30 verksamhetens
1255 1447 224 35 tyngdpunkt
1498 1447 95 28 inom

103 1490 41 29 de
161 1489 314 37 försvarsgrensvis
491 1490 245 36 organiserade
752 1490 302 37 myndigheterna.

148 1543 73 28 Vad
245 1543 144 29 särskilt
412 1543 66 29 den
500 1543 106 36 högre
629 1543 110 29 stabs-
761 1543 64 30 och
848 1543 393 37 förvaltningstjänsten
1263 1544 174 30 beträffar
1458 1545 44 29 ha
1525 1544 70 29 för-

104 1587 63 29 sök
189 1587 111 36 gjorts
324 1589 50 27 att
396 1595 124 29 genom
543 1587 162 37 speciella
727 1588 239 36 anordningar
988 1597 41 20 av
1050 1588 94 29 olika
1166 1589 73 36 slag
1260 1589 182 29 eliminera
1463 1590 40 28 de
1524 1589 71 29 olä-

103 1632 164 35 genheter
300 1641 74 19 som
408 1632 348 37 försvarsgrenarnas
788 1632 201 30 bibehållna
1020 1633 293 37 självständighet
1343 1633 117 30 vållat.
1491 1634 104 29 Detta

104 1676 65 29 har
193 1676 87 29 dock
305 1677 180 36 samtidigt
510 1677 66 29 fått
600 1677 52 29 till
677 1677 88 36 följd
791 1679 50 28 att
866 1677 131 29 antalet
1020 1685 108 29 organ
1152 1679 157 29 närmast
1333 1679 112 28 under
1469 1679 125 36 Kungl.

104 1720 106 36 Maj:t
229 1721 200 36 ytterligare
448 1721 91 30 ökat.
558 1722 281 36 Uppenbarligen
858 1722 263 29 kännetecknas
1139 1723 105 29 också
1263 1723 190 29 försvarets
1472 1723 123 37 högsta

105 1767 140 35 ledning
281 1776 41 19 av
357 1776 42 19 en
435 1766 69 29 viss
540 1766 333 37 överorganisation.
910 1767 50 28 Av
995 1767 56 29 det
1087 1767 207 36 föregående
1318 1767 156 37 framgår
1497 1768 98 33 även,

106 1812 50 28 att
177 1811 237 29 kostnaderna
435 1811 54 28 för
509 1811 41 29 de
570 1811 105 36 högre
696 1811 164 29 staberna
880 1811 65 29 och
965 1811 41 29 de
1026 1812 155 29 centrala
1202 1812 395 37 förvaltningsmyndig-

105 1855 144 29 heterna
266 1864 147 20 numera
428 1855 123 36 belöpa
567 1855 51 36 sig
633 1855 52 29 till
703 1855 275 30 förhållandevis
994 1856 139 36 mycket
1148 1856 195 36 betydande
1358 1857 135 36 belopp.

149 1900 64 28 Vid
241 1899 232 30 bedömandet
500 1909 41 19 av
568 1900 229 29 förevarande
824 1899 172 36 spörsmål
1022 1900 84 29 böra
1133 1901 106 35 enligt
1264 1901 236 30 revisorernas
1527 1911 69 19 me-

105 1944 83 36 ning
203 1944 129 35 jämväl
350 1943 157 37 följande
522 1944 299 35 omständigheter
835 1944 155 29 beaktas.

151 1997 196 36 Självfallet
374 1997 157 36 föreligga
567 1997 153 36 alltjämt
745 1998 172 29 olikheter
942 1998 128 29 mellan
1097 1998 97 34 lant-,
1220 1998 69 36 sjö-
1313 1999 65 29 och
1404 1999 192 29 luftstrids-

107 2044 191 28 krafterna.
322 2044 110 28 Dessa
454 2043 171 28 olikheter
647 2042 150 30 hänföra
820 2043 51 36 sig
894 2042 88 29 dock
1005 2042 9 29 i
1036 2043 184 28 huvudsak
1243 2043 51 29 till
1318 2044 115 29 taktik
1455 2044 62 29 och
1540 2044 55 29 be-

105 2088 151 36 väpning
294 2088 64 28 och
397 2089 59 27 äro
495 2088 9 27 i
542 2088 92 28 vissa
673 2088 193 28 avseenden
894 2087 175 35 knappast
1096 2088 110 28 större
1232 2089 43 27 än
1301 2088 129 28 mellan
1457 2088 138 29 arméns

105 2133 182 35 truppslag
313 2132 83 29 eller
422 2132 177 28 marinens
625 2131 89 29 båda
738 2131 200 37 vapenslag.
964 2132 47 28 Ur
1035 2132 156 35 operativ
1215 2132 64 29 och
1305 2133 186 36 strategisk
1517 2142 79 27 syn-

107 2177 111 35 punkt
244 2177 157 28 däremot
426 2176 93 29 hålla
543 2176 219 28 olikheterna
787 2176 43 35 på
855 2177 50 27 att
930 2176 138 29 alltmer
1091 2176 174 35 utplånas,
1289 2176 108 30 vilket
1422 2186 174 20 samman-

106 2221 130 35 hänger
265 2221 76 27 med
371 2221 66 28 den
466 2220 369 35 naturvetenskapliga
862 2220 64 28 och
954 2220 107 28 därav
1089 2220 182 35 betingade
1299 2221 297 29 militärtekniska

107 2265 255 34 utvecklingen,
385 2273 75 19 som
483 2264 70 28 helt
577 2264 181 28 förändrat
781 2264 130 35 krigets
934 2264 177 29 karaktär.
1137 2264 183 29 Praktiska
1343 2266 152 34 exempel
1519 2266 77 28 här-

109 2311 41 36 på
171 2311 178 28 lämnades
371 2310 105 28 redan
496 2309 111 29 under
626 2309 56 28 det
701 2310 137 27 senaste
858 2308 242 35 världskriget,
1120 2309 142 28 särskilt
1282 2309 7 27 i
1310 2309 78 28 dess
1408 2309 187 31 slutskede,

107 2356 42 28 då
177 2356 40 27 de
246 2355 196 35 avgörande
469 2353 266 36 operationerna
763 2353 42 35 på
834 2352 194 36 respektive
1057 2352 132 28 fronter
1216 2352 157 29 utfördes
1400 2353 114 29 såsom
1543 2355 57 27 för

108 2399 148 35 samtliga
302 2398 282 35 försvarsgrenar
615 2404 260 28 gemensamma
907 2397 134 34 företag
1073 2397 109 28 under
1211 2397 168 36 enhetligt
1409 2398 90 28 befäl
1531 2399 63 27 och

109 2443 247 29 kombinerade
379 2442 125 29 staber.
527 2442 117 29 Under
667 2441 167 28 inverkan
859 2450 40 19 av
920 2441 41 28 de
983 2450 67 26 nya
1073 2441 448 34 massförstörelsemedlen,
1544 2443 52 29 så-
