1878 2786
447 162 287 32 Statsutskottets
760 160 181 31 utlåtande
966 169 42 20 nr
1032 160 41 29 94
1099 158 40 30 år
1165 158 84 29 1956
1553 158 41 31 23

150 253 337 38 Överbefälhavaren
510 252 96 29 delar
629 251 75 29 icke
728 250 236 30 revisorernas
987 247 226 37 uppfattning
1237 247 51 28 att
1311 242 282 32 reservbefälsin-

106 308 224 30 stitutionens
348 306 176 37 betydelse
543 304 155 30 minskat
716 311 124 29 genom
860 301 200 31 införandet
1078 310 42 20 av
1140 299 198 36 utbildning
1357 307 42 20 av
1417 296 176 37 värnplik-

107 362 48 36 tig
182 359 276 39 befälspersonal
486 359 94 29 inom
610 358 67 30 den
703 356 159 31 normala
889 352 499 40 värnpliktstjänstgöringens
1417 359 86 21 ram.
1533 349 61 29 Re-

107 414 206 31 servbefälet
334 414 103 36 utgör
459 412 153 37 alltjämt
634 420 43 21 en
699 411 55 29 för
777 409 213 31 förbandens
1012 406 277 38 krigsduglighet
1312 405 65 30 och
1400 403 194 36 beredskap

107 468 198 39 nödvändig
325 465 281 38 befälskategori.
628 463 338 32 Överbefälhavaren
987 470 102 22 anser
1112 460 146 30 sålunda
1280 461 51 28 att
1352 456 243 32 reservbefäls-

108 522 245 30 institutionen
374 520 154 37 alltjämt
549 519 62 30 bör
632 518 192 30 bibehållas
845 517 66 29 och
933 518 51 27 att
1005 515 67 29 den
1094 524 41 20 av
1157 514 217 29 revisorerna
1399 511 196 35 föreslagna

108 575 172 31 särskilda
296 574 233 36 utredningen
544 573 76 29 icke
635 572 63 30 bör
712 571 142 30 komma
871 570 53 29 till
942 569 111 30 stånd.
1070 566 226 31 Beträffande
1315 565 210 37 tidpunkten
1542 563 54 29 för

108 628 395 36 reservanställningens
523 625 227 38 upphörande
770 623 206 30 framhåller
995 621 340 34 överbefälhavaren,
1356 621 51 27 att
1425 619 58 29 det
1503 618 10 28 i
1532 617 65 29 och

110 684 56 29 för
192 683 51 37 sig
270 682 113 30 skulle
409 690 84 20 vara
519 680 168 29 önskvärt
714 680 49 28 att
789 678 122 29 kunna
937 677 130 29 ersätta
1093 675 96 29 äldre
1215 672 280 38 reservpersonal
1521 670 78 30 med

111 745 108 29 yngre
239 736 119 30 sådan.
380 734 314 30 Merkostnaderna
712 731 123 30 härför
855 740 106 28 synas
981 729 89 30 dock
1088 729 49 29 bli
1156 728 76 30 icke
1252 726 208 38 obetydliga.
1479 724 121 37 Någon

111 790 186 38 besparing
313 790 100 29 torde
430 788 76 30 icke
522 796 84 21 vara
623 788 50 28 att
688 786 117 34 vinna,
822 794 57 20 om
897 785 57 29 det
972 793 40 20 av
1029 782 218 30 revisorerna
1263 780 198 37 framlagda
1478 778 123 30 försla-

109 846 55 35 get
180 843 231 38 genomföres.
428 840 337 32 Överbefälhavaren
782 838 182 37 avstyrker
981 836 120 30 därför
1119 835 175 36 förslaget.
1311 833 75 30 Vad
1403 832 108 37 angår
1530 832 69 29 frå-

110 905 68 30 gan
195 906 56 21 om
269 894 345 39 ekiperingshjälpen
632 894 64 29 har
713 893 43 37 på
775 891 113 38 grund
906 900 43 21 av
967 890 67 30 den
1052 890 102 29 korta
1172 887 223 31 remisstiden
1414 886 114 37 någon
1546 887 52 28 ut-

111 951 146 39 redning
273 959 42 21 av
331 950 115 29 denna
463 948 98 37 fråga
577 947 76 30 icke
669 947 137 29 kunnat
823 945 71 30 ske.
912 943 338 31 Överbefälhavaren
1266 942 39 28 är
1322 940 120 30 därför
1459 939 76 30 icke
1552 947 48 21 nu

112 1004 128 30 beredd
262 1005 79 35 taga
364 1002 166 36 ställning
552 1001 54 29 till
628 1000 235 30 revisorernas
888 998 130 36 förslag
1040 997 11 29 i
1074 996 95 30 detta
1192 994 179 35 avseende,
1395 1002 80 21 men
1498 1001 103 21 anser

112 1058 57 30 det
189 1057 88 30 dock
295 1066 84 21 vara
399 1055 183 35 tveksamt,
602 1063 57 20 om
679 1052 227 38 besparingar
925 1051 120 29 kunna
1065 1049 264 30 åstadkommas
1349 1047 45 38 på
1415 1046 186 36 föreslaget

113 1112 79 29 sätt.

160 1164 181 30 Liknande
361 1162 219 38 synpunkter
600 1160 189 30 framföras
810 1168 41 20 av
869 1158 125 36 chefen
1011 1158 56 36 för
1086 1156 131 30 armén.
1237 1155 172 36 Cheferna
1426 1153 57 37 för
1500 1151 104 31 mari-

113 1227 67 21 nen
198 1218 65 30 och
280 1217 203 38 flygvapnet
502 1216 59 29 äro
580 1213 166 31 likaledes
765 1222 81 21 ense
864 1211 80 30 med
964 1209 330 32 överbefälhavaren
1312 1217 57 21 om
1389 1206 213 36 nödvändig-

114 1272 103 30 heten
232 1281 43 20 av
289 1272 51 29 att
355 1269 176 31 bibehålla
547 1265 488 33 reservbefälsinstitutionen.
1052 1263 132 31 Chefen
1202 1263 53 29 för
1272 1261 161 30 marinen
1449 1260 60 31 vill
1526 1260 76 29 icke

113 1326 165 29 motsätta
296 1324 50 37 sig
363 1325 51 28 att
431 1321 279 37 anställningen
692 1312 14 53 i
724 1320 145 30 flottans
881 1319 65 29 och
957 1316 284 31 kustartilleriets
1253 1323 154 22 reserver
1419 1313 182 37 regelmäs-

115 1380 67 36 sigt
200 1378 137 38 upphör
356 1377 58 30 vid
434 1374 313 39 värnpliktstidens
767 1373 141 37 utgång.
930 1371 130 31 Chefen
1082 1370 54 29 för
1158 1370 201 36 flygvapnet
1380 1367 222 37 ifrågasätter

116 1442 57 21 om
195 1431 204 36 minskning
422 1439 43 20 av
487 1427 330 37 anställningstiden
840 1426 10 29 i
874 1433 160 22 reserven
1057 1424 10 29 i
1092 1423 151 36 enlighet
1266 1422 79 29 med
1369 1421 235 30 revisorernas

116 1486 130 36 förslag
278 1485 88 29 även
398 1483 118 30 kunde
538 1482 141 29 komma
702 1482 50 28 att
774 1479 160 29 medföra
957 1477 109 40 några
1088 1474 408 38 kostnadsbesparingar.
1521 1472 82 30 Sist-

118 1540 154 29 nämnda
295 1538 90 30 båda
408 1533 338 40 vapengrenschefer
770 1542 84 21 anse
877 1532 175 36 slutligen,
1076 1532 50 28 att
1149 1530 124 36 frågan
1296 1538 56 20 om
1376 1527 168 37 slopande
1567 1535 40 21 av

118 1591 298 39 ekiperingshjälp
440 1590 53 29 till
515 1586 279 39 reservpersonal
816 1586 63 30 bör
902 1584 137 37 föregås
1063 1593 42 20 av
1127 1577 370 46 kostnadsutredning.

161 1646 202 29 Försvarets
383 1641 296 39 civilförvaltning
696 1641 63 29 har
778 1640 44 30 bl.
837 1648 30 21 a.
886 1638 133 31 anfört:

165 1699 136 36 Frågan
324 1696 175 31 huruvida
524 1696 64 29 och
613 1695 9 29 i
648 1694 65 30 vad
739 1694 83 29 mån
847 1690 478 32 reservbefälsinstitutionen
1351 1688 112 30 skulle
1489 1687 120 30 kunna

122 1745 186 36 begränsas
329 1742 112 30 måste
462 1741 106 36 enligt
588 1738 360 36 civilförvaltningens
970 1736 140 36 mening
1130 1735 92 29 bliva
1243 1733 171 30 beroende
1434 1732 45 37 på
1500 1732 110 36 krigs-

121 1788 302 37 organisationens
444 1786 110 29 behov
573 1794 42 20 av
635 1783 210 30 reservbefäl
866 1782 64 29 och
952 1780 268 37 möjligheterna
1241 1780 50 28 att
1313 1778 182 36 tillgodose
1517 1777 93 29 detta

123 1834 110 29 behov
250 1831 207 30 annorledes
477 1831 44 28 än
539 1829 78 29 med
637 1826 225 38 utnyttjande
881 1835 43 20 av
944 1825 142 29 särskilt
1104 1823 144 30 anställt
1268 1821 220 31 reservbefäl.
1509 1821 101 28 Detta

123 1877 171 38 spörsmål
333 1876 102 28 faller
461 1874 143 29 utanför
630 1871 361 35 civilförvaltningens
1018 1867 288 31 ämbetsområde.
1336 1866 120 30 Såsom
1485 1865 126 29 reviso-

123 1931 101 21 rerna
244 1921 151 37 påpekat
415 1919 110 29 måste
546 1916 190 31 emellertid
758 1925 43 20 en
819 1913 235 41 begränsning
1074 1922 42 19 av
1136 1910 476 31 reservbefälsinstitutionen

126 1966 178 30 föranleda
322 1963 161 37 åtgärder
502 1962 53 29 för
573 1971 42 20 en
633 1959 277 36 effektivisering
929 1967 42 20 av
988 1958 65 29 den
1073 1956 164 36 frivilliga
1255 1954 357 35 befälsutbildningen

126 2012 53 28 för
212 2009 213 37 värnpliktig
459 2006 160 38 personal
655 2007 90 28 samt
768 2013 43 20 en
834 2002 210 36 förbättring
1067 2011 41 19 av
1132 2001 93 29 detta
1249 2000 111 29 befäls
1384 1998 228 30 ekonomiska

126 2055 186 30 förmåner.
338 2051 347 35 Civilförvaltningen
711 2048 196 30 föreställer
934 2047 59 36 sig,
1019 2048 50 27 att
1095 2054 42 20 en
1163 2044 97 37 dylik
1284 2043 207 30 ekonomisk
1516 2043 97 28 kom-

127 2100 182 37 pensation
329 2098 157 29 närmast
507 2095 111 30 skulle
639 2095 140 28 komma
800 2094 51 28 att
871 2092 174 29 utformas
1067 2090 113 29 såsom
1202 2098 42 20 en
1265 2088 144 37 premie-
1430 2088 82 28 eller
1532 2095 81 28 pen-

127 2143 246 30 sionsförmån.
398 2142 100 28 Detta
524 2139 111 30 skulle
659 2139 120 28 kunna
803 2137 177 32 innebära,
1005 2137 50 27 att
1079 2134 113 36 någon
1217 2133 81 29 reell
1323 2131 290 36 kostnadsbespa-

127 2189 76 35 ring
223 2188 53 28 för
296 2185 208 31 statsverket
524 2184 73 29 icke
617 2182 111 30 skulle
748 2181 87 36 följa
855 2190 42 19 av
916 2189 42 20 en
977 2179 96 36 dylik
1092 2178 205 35 anordning.

172 2232 75 29 Med
267 2231 137 35 hänsyn
426 2229 50 29 till
495 2229 40 28 de
555 2226 198 34 kostnader,
774 2222 477 32 reservbefälsinstitutionen
1270 2221 147 34 medför,
1438 2220 63 29 har
1521 2219 93 30 civil-

130 2276 256 34 förvaltningen
406 2273 90 30 dock
515 2272 9 29 i
544 2272 64 28 och
630 2271 53 28 för
704 2270 49 36 sig
775 2270 85 28 intet
879 2270 51 27 att
950 2268 114 28 erinra
1084 2268 73 27 mot
1177 2266 66 29 den
1263 2274 42 20 av
1324 2265 215 28 revisorerna
1560 2263 55 29 be-

128 2320 105 37 gärda
259 2318 242 35 utredningen.
527 2314 346 35 Civilförvaltningen
898 2312 59 29 vill
983 2310 191 30 emellertid
1202 2309 214 36 ifrågasätta,
1443 2307 172 30 huruvida

130 2366 74 28 icke
222 2364 40 29 de
280 2373 42 19 av
340 2362 215 29 revisorerna
576 2359 53 29 för
647 2358 214 29 omedelbart
878 2355 208 36 vidtagande
1105 2353 176 37 påyrkade
1300 2352 217 36 åtgärderna,
1538 2350 77 29 med

130 2410 136 35 hänsyn
287 2407 50 29 till
357 2406 66 30 vad
443 2404 214 30 härutinnan
676 2411 89 20 ovan
785 2401 147 32 anförts,
953 2399 130 36 jämväl
1104 2398 188 36 lämpligen
1313 2397 82 29 böra
1417 2396 90 29 bliva
1529 2395 87 29 före-

131 2454 68 29 mål
222 2453 51 29 för
293 2449 236 36 övervägande
551 2448 8 29 i
581 2446 167 31 samband
770 2445 77 30 med
870 2442 266 38 ifrågavarande
1157 2441 196 36 utredning.
