1880 2780
306 162 18 29 2
648 156 288 31 Statsutskottets
962 156 179 30 utlåtande
1166 166 43 20 nr
1233 158 42 29 94
1300 157 39 30 år
1365 158 85 29 1956

352 246 66 29 Till
456 255 42 20 en
534 245 126 37 början
697 246 46 29 ha
768 245 216 30 revisorerna
1008 246 83 36 givit
1116 255 41 20 en
1182 246 170 29 historisk
1376 247 154 28 översikt
1555 246 149 29 rörande
1727 246 69 29 till-

309 300 160 28 komsten
496 308 40 20 av
561 300 41 28 de
627 299 263 29 bestämmelser
915 308 74 20 som
1014 299 91 37 gälla
1129 299 55 29 för
1209 299 190 30 försvarets
1425 300 141 36 ledning
1591 309 44 20 m.
1660 308 44 20 m.
1729 299 66 29 och

307 353 153 29 därefter
488 353 133 29 lämnat
648 353 247 29 motsvarande
922 353 177 36 uppgifter
1127 352 54 29 för
1209 353 244 36 utvecklingen
1481 353 10 29 i
1519 353 98 36 fråga
1644 362 57 20 om
1728 353 65 29 den

308 407 154 28 militära
480 406 259 36 förvaltningen
764 406 42 34 (s.
825 406 162 34 30—44).
1006 406 13 28 I
1038 406 204 36 anslutning
1259 406 118 30 härtill
1395 407 65 28 har
1477 407 86 28 även
1582 407 151 29 lämnats
1752 415 41 20 en

308 459 321 30 sammanfattande
649 459 217 36 redogörelse
885 459 55 29 för
959 460 65 29 den
1043 459 250 37 organisation,
1313 469 74 19 som
1407 459 167 37 framgått
1594 469 41 19 av
1654 460 141 28 utveck-

308 514 115 36 lingen
449 514 43 33 (s.
512 513 162 34 44—55).
695 513 127 29 Vidare
841 513 44 29 ha
905 513 217 29 revisorerna
1142 513 174 29 redovisat
1335 513 93 29 vissa
1448 513 177 36 uppgifter
1645 513 149 29 rörande

307 567 203 37 avlöningar
539 567 64 29 och
632 566 250 30 omkostnader
910 566 56 29 vid
997 566 189 30 försvarets
1215 567 155 29 centrala
1400 566 395 37 förvaltningsmyndig-

307 621 106 33 heter,
441 620 280 29 försvarsstaben
748 620 65 29 och
838 620 41 29 de
904 621 52 28 tre
982 619 427 36 försvarsgrensstaberna
1435 620 110 29 under
1571 620 41 29 de
1638 621 51 28 tre
1716 620 77 29 sist-

307 673 173 30 förflutna
504 674 211 37 budgetåren
738 675 90 27 samt
850 673 163 37 slutligen
1034 673 11 29 i
1067 673 139 29 korthet
1227 673 116 30 berört
1364 674 42 28 de
1427 673 188 37 uppgifter,
1637 682 75 20 som
1735 682 59 20 an-

308 728 140 28 komma
469 727 44 37 på
534 728 65 28 den
621 727 77 29 med
721 727 77 29 stöd
821 736 40 19 av
882 727 124 36 Kungl.
1028 726 123 36 Maj:ts
1173 727 66 28 den
1261 726 40 29 30
1322 726 79 36 juni
1424 726 82 30 1955
1528 727 103 36 givna
1651 727 142 36 bemyn-

306 781 148 36 digande
483 781 148 29 tilisatta
660 780 319 37 parlamentariska
1009 780 392 36 försvarsberedningen
1438 780 42 34 (s.
1512 780 163 34 553—57).
1706 780 87 29 Här-

305 834 87 29 efter
407 835 45 29 ha
467 835 217 29 revisorerna
699 834 93 36 gjort
808 833 156 37 följande
979 834 189 29 uttalande.

346 941 117 30 Under
490 941 88 29 flera
604 941 249 29 århundraden
879 940 120 30 bestod
1026 941 65 28 den
1118 940 150 29 svenska
1295 940 240 37 krigsmakten
1562 949 41 20 av
1627 940 58 29 två
1711 939 80 30 från

302 986 174 29 varandra
499 985 71 30 helt
594 986 114 28 skilda
730 993 136 28 grenar,
889 985 248 29 lantförsvaret
1159 985 65 29 och
1248 984 240 37 sjöförsvaret.
1511 984 120 37 Någon
1654 984 137 37 organi-

304 1030 98 29 serad
425 1030 92 29 form
539 1039 41 20 av
601 1030 209 29 samverkan
832 1030 64 28 och
917 1030 226 36 samordning
1164 1030 79 28 dem
1264 1029 148 29 emellan
1434 1029 158 29 förekom
1615 1029 176 36 knappast

302 1083 81 20 vare
403 1074 51 37 sig
474 1074 99 37 fråga
592 1083 61 20 var
672 1083 56 20 om
749 1074 66 29 den
836 1076 75 28 rent
930 1074 153 29 militära
1104 1074 185 36 ledningen
1309 1074 65 29 och
1392 1074 295 36 planläggningen
1707 1074 84 29 eller

302 1128 55 19 om
382 1119 113 36 själva
518 1118 513 37 förvaltningsverksamheten.
1054 1119 76 28 Med
1153 1118 138 37 hänsyn
1314 1118 52 29 till
1390 1118 401 29 kommunikationsför-

302 1163 221 34 hållandena,
544 1164 56 29 det
619 1163 298 29 militärtekniska
935 1163 343 37 utvecklingsskedet
1297 1163 65 29 och
1382 1163 271 30 samhällslivets
1674 1163 117 29 struk-

302 1209 57 28 tur
379 1208 10 28 i
409 1208 112 36 övrigt
542 1208 131 36 förelåg
693 1207 31 37 ej
747 1208 107 29 heller
873 1208 105 36 något
998 1209 110 28 större
1127 1208 111 29 behov
1258 1208 116 29 därav.
1393 1208 71 28 När
1483 1215 124 29 genom
1629 1207 83 30 1840
1732 1207 57 30 års

303 1252 129 29 reform
454 1252 77 30 vårt
554 1253 80 28 land
658 1252 110 29 erhöll
791 1261 42 20 en
855 1252 434 36 departementalstyrelse,
1313 1252 172 29 framstod
1507 1253 57 28 det
1585 1252 106 29 också
1714 1261 75 20 som

301 1297 169 36 naturligt
489 1298 50 28 att
556 1297 57 29 två
632 1297 399 36 försvarsdepartement
1049 1297 203 33 inrättades,
1271 1297 48 29 ett
1337 1296 54 29 för
1410 1296 230 29 lantmilitära
1657 1297 65 29 och
1740 1298 49 28 ett

301 1341 54 29 för
371 1341 211 37 sjömilitära
598 1342 163 29 ärenden.

344 1386 49 29 De
420 1386 154 29 ändrade
601 1386 268 29 förhållandena
894 1386 45 29 ha
965 1385 191 30 emellertid
1183 1385 89 29 efter
1296 1385 93 29 hand
1416 1385 233 37 framtvungit
1674 1395 42 20 en
1742 1395 47 27 ny

301 1439 63 27 syn
386 1430 43 36 på
451 1430 209 29 hithörande
682 1430 183 36 spörsmål,
885 1430 117 29 vilken
1024 1431 60 28 lett
1104 1430 52 29 tili
1179 1432 50 28 att
1251 1430 61 29 allt
1333 1430 88 29 flera
1441 1430 161 37 åtgärder
1622 1430 166 37 vidtagits

303 1475 53 29 för
375 1484 41 20 en
436 1475 162 29 närmare
618 1475 227 36 samordning
864 1483 41 20 av
924 1474 189 30 försvarets
1133 1475 68 29 alla
1219 1475 106 29 delar.
1345 1475 58 29 Ett
1422 1474 112 30 första
1552 1476 73 35 steg
1644 1475 10 28 i
1673 1475 114 29 denna

301 1519 155 37 riktning
477 1521 76 35 togs
575 1519 55 29 vid
655 1519 83 29 1919
761 1519 56 30 års
840 1519 151 37 riksdag,
1012 1519 43 30 då
1076 1528 41 20 en
1139 1519 324 37 sammanslagning
1484 1528 42 20 av
1546 1520 41 28 de
1607 1519 90 29 båda
1718 1519 69 29 för-

300 1565 385 35 svarsdepartementen
711 1564 139 29 beslöts.
877 1564 123 29 Denna
1026 1564 323 36 sammanslagning
1374 1564 232 29 motiverades
1632 1564 78 29 med
1737 1565 51 28 att

300 1608 201 37 därigenom
526 1609 112 29 skulle
662 1609 122 28 kunna
807 1608 261 31 åstadkommas
1092 1609 73 29 dels
1189 1610 111 28 större
1323 1609 104 29 enhet
1450 1609 10 28 i
1483 1608 191 30 försvarets
1698 1608 89 29 mili-

298 1654 77 28 tära
399 1653 140 37 ledning
563 1653 63 29 och
651 1653 108 29 därav
783 1653 156 36 följande
961 1653 113 29 bättre
1098 1653 209 29 samverkan
1330 1653 129 29 mellan
1483 1653 190 29 försvarets
1696 1653 91 29 båda

299 1698 257 36 huvudgrenar,
579 1698 72 28 dels
674 1698 112 28 större
808 1697 274 37 planmässighet
1103 1698 65 28 och
1189 1697 211 31 effektivitet
1422 1698 10 29 i
1454 1698 66 29 den
1541 1697 154 30 militära
1717 1698 70 29 för-

298 1742 213 36 valtningen,
535 1743 72 28 dels
631 1743 65 28 ock
720 1741 337 38 ändamålsenligare
1081 1741 198 37 fördelning
1302 1742 129 30 mellan
1454 1742 332 37 försvarsgrenarna

299 1795 41 20 av
362 1787 165 29 anvisade
550 1787 120 36 anslag
691 1787 66 29 och
779 1786 196 36 disponibla
996 1787 110 29 medel
1128 1787 10 28 i
1160 1787 122 36 övrigt.
1305 1786 280 30 Statsmakterna
1606 1787 45 29 ha
1673 1787 114 29 seder-

299 1840 94 20 mera
412 1831 10 29 1
441 1831 76 29 icke
536 1831 97 37 ringa
651 1831 83 29 mån
754 1830 80 37 följt
852 1831 101 29 dessa
971 1831 177 29 allmänna
1167 1830 178 37 riktlinjer
1361 1831 57 29 vid
1437 1832 66 28 den
1522 1831 264 30 fortskridande

297 1875 235 37 omdaningen
559 1884 41 20 av
627 1875 182 30 försvaret.
837 1875 210 37 Visserligen
1073 1875 171 29 utökades
1270 1883 122 29 genom
1422 1876 82 29 1925
1532 1875 55 30 års
1615 1875 171 30 försvars-

297 1920 148 36 ordning
476 1920 130 29 antalet
636 1920 283 36 försvarsgrenar
948 1920 77 29 med
1055 1919 200 37 ytterligare
1284 1929 52 24 en,
1365 1920 176 37 nämligen
1571 1920 213 37 flygvapnet,

296 1964 201 37 varigenom
521 1965 66 28 den
612 1964 102 29 forna
738 1964 226 37 tudelningen
989 1973 40 20 av
1053 1964 292 30 stridskrafterna
1368 1964 170 37 förbyttes
1562 1965 10 28 i
1595 1974 42 20 en
1660 1965 126 29 tredel-

296 2009 92 36 ning.
415 2009 162 29 Därefter
602 2009 64 28 har
691 2009 191 29 emellertid
908 2009 204 29 tillkommit
1136 2018 42 19 en
1204 2009 151 29 särskild
1381 2009 318 34 överbefälhavare,
1723 2010 62 29 vil-

297 2054 66 28 ken
386 2054 38 28 är
445 2054 216 28 överordnad
684 2052 428 38 försvarsgrenscheferna
1133 2053 65 29 och
1218 2054 159 29 närmast
1397 2054 112 29 under
1530 2054 126 37 Kungl.
1677 2054 107 37 Maj:t

296 2099 124 28 utövar
439 2098 66 29 den
525 2098 154 29 militära
699 2098 185 36 ledningen
904 2107 40 19 av
964 2098 250 36 krigsmakten.
1235 2098 185 37 Samtidigt
1439 2098 64 29 har
1521 2098 51 29 till
1593 2099 191 29 överbefäl-

296 2143 171 30 havarens
492 2142 207 37 förfogande
722 2142 114 29 ställts
859 2151 42 20 en
924 2142 234 30 försvarsstab
1181 2143 79 29 med
1283 2142 138 37 uppgift
1444 2144 50 29 att
1516 2143 10 29 i
1548 2143 70 30 viss
1641 2143 143 30 omfatt-

295 2187 83 36 ning
400 2187 199 36 ombesörja
622 2187 54 29 för
700 2187 329 36 försvarsgrenarna
1051 2194 260 29 gemensamma
1334 2188 299 36 angelägenheter.
1656 2188 128 29 Vidare

295 2231 55 29 må
378 2231 134 30 erinras
539 2241 55 19 om
623 2232 50 29 att
700 2231 172 30 försvaret
898 2231 213 29 åtminstone
1137 2231 108 29 delvis
1273 2231 138 30 erhållit
1437 2241 42 20 en
1506 2232 239 37 fackgrensvis
1772 2233 11 29 i

295 2276 115 29 stället
429 2275 56 29 för
503 2276 115 30 såsom
636 2276 149 36 tidigare
803 2285 41 20 en
863 2275 314 37 försvarsgrensvis
1195 2276 226 36 organiserad
1440 2276 343 38 förvaltningsappa-

296 2322 62 27 rat.
383 2320 93 29 även
502 2320 43 36 på
571 2322 106 28 annat
703 2321 70 29 sätt
797 2320 63 29 har
885 2319 240 31 eftersträvats
1151 2322 47 28 ett
1224 2320 209 37 samgående
1457 2321 129 29 mellan
1611 2322 171 29 försvars-

294 2372 172 29 grenarna
481 2365 11 29 i
506 2365 193 36 väsentliga
716 2365 203 29 avseenden.

338 2409 250 37 Utvecklingen
610 2410 63 28 har
696 2409 149 29 sålunda
866 2409 72 37 gått
959 2409 11 29 i
992 2409 155 37 riktning
1168 2411 73 27 mot
1262 2410 90 29 ökad
1374 2410 209 29 samverkan
1605 2411 64 29 och
1692 2420 90 20 sam-

293 2454 149 36 ordning
463 2454 95 29 inom
580 2454 183 29 försvaret.
784 2454 73 29 Den
878 2454 51 29 till
951 2454 112 36 grund
1084 2454 122 29 härför
1227 2454 158 37 liggande
1405 2455 182 36 principen
1608 2455 64 29 har
1692 2457 89 28 dock
