2234 2642
742 216 224 41 Lagulskottets
994 217 165 33 Utlåtande
1183 218 66 33 N:o
1271 221 52 30 56.
1775 221 18 30 7

229 297 104 33 stora
371 293 167 37 flertalet
578 293 174 39 dödsbon
793 295 161 50 onödigt
991 296 247 49 betungande
1272 311 83 24 som
1388 298 72 37 ock
1489 303 56 32 att
1570 298 61 38 för
1656 298 180 48 tillgodo-

229 343 142 38 seende
400 344 42 37 af
465 349 148 33 statens
642 345 292 39 skatteintresse
963 347 119 49 nödig
1108 348 169 38 kontroll
1304 348 201 49 angående
1534 349 240 50 rigtigheten
1799 349 42 38 af

228 394 48 37 de
314 394 12 37 i
365 395 411 50 bouppteckningarne
817 403 199 44 upptagna
1046 399 144 37 värden
1224 402 21 34 å
1272 399 47 37 de
1347 399 13 37 i
1392 400 211 37 allmänhet
1629 400 206 49 vigtigaste

228 445 135 49 slagen
391 445 42 38 af
456 447 191 48 egendom
675 447 12 37 i
715 447 113 38 dessa
855 448 77 37 bon
952 449 75 37 kan
1047 450 281 49 åvägabringas
1346 453 50 47 på
1411 456 55 32 ett
1479 451 355 38 tillfredsställande

228 500 77 32 sätt
330 496 89 37 med
446 497 90 37 vida
562 497 149 38 mindre
739 498 209 38 kostnader
975 499 61 37 för
1054 501 402 48 sterbhusdelegarne.
1497 501 113 37 Hvad
1629 501 76 38 fast
1719 514 117 37 egen-

229 546 88 37 dom
345 550 119 46 angår
491 560 116 37 synes
635 549 196 49 nemligen
858 551 220 36 nuvarande
1105 551 286 49 bestämmelse,
1407 552 121 49 enligt
1544 552 158 37 hvilken
1717 553 119 36 sådan

229 597 192 49 egendom
461 598 88 37 icke
592 599 58 36 får
690 600 191 37 beräknas
919 601 58 36 till
1018 601 107 49 lägre
1158 602 118 37 värde
1305 608 47 31 än
1380 603 324 49 nästföregående
1734 606 101 34 årets

227 648 332 49 taxeringsvärde,
588 662 90 25 vara
704 650 377 51 tillfyllestgörande,
1110 653 74 37 och
1212 653 102 38 hvad
1341 653 59 38 lös
1429 654 193 49 egendom
1642 654 193 48 beträffar,

228 699 123 36 skulle
380 700 67 36 det
474 700 221 49 säkerligen
722 715 90 23 vara
839 701 60 38 för
926 702 67 37 det
1020 703 190 48 ändamål,
1238 704 158 37 hvarom
1425 705 70 37 här
1523 710 42 32 är
1590 705 122 49 fråga,
1739 705 13 37 i
1770 705 66 37 det

228 755 104 31 stora
368 750 88 37 hela
496 750 237 50 tillräckligt,
765 765 61 24 om
856 753 66 37 det
949 759 25 31 t.
1004 767 60 24 ex.
1092 754 276 49 föreskrefves,
1395 761 56 31 att
1478 756 64 37 vid
1568 756 267 49 beräkningen

228 799 41 38 af
305 801 189 49 stämpeln
535 801 60 37 för
635 802 135 38 värdet
797 806 20 33 å
844 803 134 48 aktier,
1007 804 256 50 obligationer
1291 806 73 37 och
1392 806 123 50 öfriga
1543 806 131 50 dylika
1700 806 136 38 värde-

226 864 148 36 papper
413 852 13 36 1
467 856 55 32 ett
562 852 148 38 dödsbo
751 853 104 38 detta
895 854 87 37 icke
1023 855 102 49 finge
1158 862 195 44 upptagas
1380 856 107 50 lägre
1516 862 46 32 än
1591 857 58 37 till
1677 858 66 37 det
1769 857 65 37 vid

226 901 107 37 tiden
360 901 59 51 för
446 902 368 50 bouppteckningen
841 904 13 37 i
882 905 209 38 allmänhet
1117 907 193 48 gällande,
1339 908 73 37 och
1432 913 55 32 att
1500 908 59 37 till
1573 908 260 50 bestyrkande

227 952 41 37 af
291 952 106 37 detta
424 953 117 37 värde
567 954 123 49 intyg,
709 954 167 49 utgifvet
903 955 42 37 af
967 969 186 37 personer
1180 957 199 50 förtrogna
1407 959 85 37 med
1515 958 143 38 sådana
1676 959 159 48 värden,

227 1003 220 37 företeddes
485 1004 65 37 vid
590 1005 170 49 begäran
792 1019 61 23 om
887 1007 390 50 bouppteckningens
1305 1009 297 50 inregistrering
1629 1010 70 37 hos
1727 1010 107 37 dom-

226 1053 137 38 stolen.
418 1045 111 59 Öfrig
557 1056 191 47 egendom
776 1056 13 37 i
817 1056 177 39 dödsbon
1022 1071 116 36 synes
1166 1060 191 37 utskottet
1375 1061 12 36 i
1406 1060 210 38 allmänhet
1638 1061 85 37 icke
1743 1074 91 24 vara

225 1104 60 38 för
325 1110 147 32 statens
501 1106 292 38 skatteintresse
821 1107 43 37 af
886 1108 75 37 den
988 1108 94 50 vigt,
1112 1115 55 32 att
1193 1110 59 37 för
1278 1111 258 49 värderingen
1564 1111 112 38 deraf
1699 1125 47 24 en
1773 1111 60 38 för

227 1155 47 37 de
317 1156 173 37 enskilde
531 1159 42 34 så
611 1157 247 49 betungande
888 1159 226 50 anordning,
1143 1174 85 24 som
1256 1161 74 37 den
1364 1161 43 38 af
1430 1162 144 49 Kongl.
1602 1162 108 50 Maj:t
1736 1162 98 38 före-

228 1206 145 49 slagna,
401 1206 71 37 bör
498 1207 156 37 införas.
868 1246 4 5 .

356 1256 54 37 Af
445 1257 283 38 ofvannämnda
768 1259 85 37 utaf
888 1260 298 38 embetsverken
1227 1261 159 38 anförda
1427 1263 83 37 skäl
1539 1263 76 37 kan
1644 1264 187 36 utskottet

221 1306 87 38 icke
344 1307 195 49 tillstyrka
577 1308 48 37 de
665 1308 13 37 i
718 1309 140 48 Kongl.
892 1310 128 49 Maj:ts
1048 1311 292 50 ifrågavarande
1368 1313 148 49 förslag
1543 1319 199 44 upptagna
1764 1315 66 36 be-

224 1358 254 48 stämmelser,
524 1358 115 38 äfven
679 1359 88 38 med
808 1360 47 37 de
890 1361 251 50 jemkningar
1181 1363 94 48 deri,
1318 1377 82 24 som
1433 1364 42 37 af
1510 1365 91 37 herr
1627 1365 205 37 Persson
1809 1354 28 61 i

225 1408 113 38 ofvan
367 1409 161 37 anförda
554 1410 147 37 motion
728 1410 126 38 blifvit
880 1411 233 50 föreslagna.

357 1460 201 37 Utskottet
585 1460 223 38 hemställer
836 1462 123 48 alltså,

727 1560 72 50 2:0)
828 1569 55 31 att
919 1564 141 49 Kongl.
1102 1565 127 48 Maj:ts
1269 1565 146 50 förslag
1455 1567 57 37 till
1540 1568 65 48 lag
1633 1568 198 49 angående

625 1613 206 50 värdering
857 1614 43 38 af
922 1615 77 37 död
1027 1629 108 24 mans
1163 1617 49 36 bo
1241 1616 198 38 äfvensom
1467 1618 89 38 herr
1583 1618 44 37 D.
1645 1619 186 37 Perssons

625 1663 12 36 i
676 1664 104 37 detta
819 1670 112 32 ämne
972 1666 145 49 afgifna
1157 1667 145 37 motion
1341 1668 85 37 icke
1456 1674 61 34 må
1544 1672 43 37 af
1606 1672 222 50 Riksdagen

625 1714 238 48 godkännas.

356 2165 294 40 Ofvannämnda
677 2168 140 49 Kongl.
846 2168 128 49 Maj:ts
1003 2168 145 49 förslag
1175 2168 58 38 till
1260 2169 65 48 lag
1339 2170 164 37 rörande
1520 2171 144 37 ändrad
1679 2171 149 50 lydelse

222 2217 42 37 af
297 2219 17 34 1
344 2214 21 50 $
393 2218 11 36 i
433 2218 278 49 förordningen
740 2220 200 48 angående
970 2219 191 37 särskilda
1188 2220 195 48 protokoll
1412 2220 109 38 öfver
1548 2221 195 49 lagfarter,
1771 2223 58 36 in-

220 2266 229 51 teckningar
489 2269 73 37 och
600 2269 119 38 andra
756 2269 170 38 ärenden
957 2270 76 37 den
1064 2272 43 34 16
1133 2269 84 49 juni
1249 2272 93 36 1875
1372 2276 42 32 är
1441 2271 42 37 af
1507 2269 320 52 denna'ilydelse:
