1914 2858
459 168 397 37 Jordbruksutskottets
883 167 188 35 utlåtande
1098 167 53 34 Nr
1176 168 51 31 21.
1531 164 15 32 1

772 351 57 37 Nr
858 349 62 40 21.

548 470 109 24 Ankom
679 469 41 23 till
741 468 163 30 riksdagens
925 467 89 24 kansli
1034 465 53 24 den
1110 466 30 23 27
1162 465 121 24 februari
1307 464 61 24 1931
1393 463 35 24 kl.
1451 464 8 22 1
1484 470 20 16 e
1526 469 35 16 m.

204 573 191 32 Utlåtande
412 574 11 30 i
439 573 191 35 anledning
653 581 45 22 av
723 569 129 37 Kungl.
870 569 121 36 Maj:ts
1012 568 223 37 proposition
1251 565 181 38 angående
1446 564 151 32 anstånd

401 625 56 36 för
480 624 200 37 lottköpare
703 622 81 37 från
808 622 73 31 Näs
904 620 203 37 kungsgård
1129 620 13 31 i
1166 617 250 38 Kopparbergs
1439 617 59 31 län
1519 617 79 30 med

400 676 210 38 erläggande
646 686 44 22 av
726 674 152 38 oguldna
914 674 120 31 räntor
1070 672 64 31 och
1169 671 257 36 amorteringar
1450 669 20 31 å
1494 668 103 37 köpe-

400 724 155 47 skilling.
1280 735 2 2 i
1389 744 5 4 -

1371 773 66 35 (2:a
1460 771 95 36 avd.)

128 870 25 37 I
185 880 42 21 en
252 870 56 31 till
334 868 190 36 riksdagen
547 866 67 32 den
638 867 40 31 30
702 865 142 37 januari
868 865 83 31 1981
975 864 154 35 avlåten,
1155 863 58 31 till
1237 861 362 38 jordbruksutskottet

94 923 172 31 hänvisad
295 921 229 37 proposition,
547 929 43 21 nr
613 920 30 35 4,
668 919 64 30 har
756 917 133 36 Kungl.
914 916 102 36 Maj:t
1040 914 112 33 under
1176 913 220 37 åberopande
1419 924 43 20 av
1487 912 113 36 bilagt

94 975 127 36 utdrag
256 977 83 42 över
373 970 385 37 statsrådsprotokollet
792 972 83 29 över
909 966 347 40 jordbruksärenden
1289 966 53 31 för
1375 975 134 22 samma
1532 964 67 37 dag

95 1013 183 54 föreslagit
313 1025 189 36 riksdagen
536 1023 176 37 medgiva,
736 1023 50 30 att
822 1021 215 32 innehavare
1072 1030 44 21 av
1153 1020 81 30 från
1266 1018 71 32 Näs
1361 1017 240 37 kungsgård
1579 1013 24 52 i

94 1079 126 37 Husby
246 1079 125 31 socken
396 1088 44 20 av
464 1076 251 37 Kopparbergs
738 1075 61 31 län
822 1073 155 32 försålda
1000 1073 106 31 lotter
1130 1073 69 35 må,
1217 1072 12 30 i
1245 1070 242 36 huvudsaklig
1504 1071 97 30 över-

95 1131 264 34 ensstämmelse
388 1129 78 32 med
491 1128 67 32 vad
582 1126 381 38 departementschefen
987 1124 115 37 enligt
1125 1122 381 37 statsrådsprotokollet
1531 1121 71 31 till-

94 1184 125 37 styrkt,
244 1182 182 37 medgivas
450 1180 152 32 anstånd
627 1179 78 32 med
722 1178 212 37 erläggande
951 1188 43 20 av
1013 1178 122 30 räntor
1151 1176 63 31 och
1230 1174 217 36 amortering
1463 1175 21 30 å
1500 1174 101 36 köpe-

94 1235 162 37 skilling,
280 1234 125 32 därvid
430 1233 110 32 under
564 1232 67 32 den
652 1230 186 38 förlängda
854 1229 307 36 amorteringsfria
1178 1228 97 31 tiden
1294 1229 102 30 ränta
1412 1228 21 30 å
1450 1225 151 37 ogulden

96 1287 238 38 köpeskilling
362 1286 171 32 beräknas
556 1285 89 31 efter
669 1284 80 37 fyra
772 1284 143 36 procent
938 1292 56 22 om
1018 1282 87 31 året.

139 1341 56 30 Av
220 1337 382 38 statsrådsprotokollet
626 1336 178 32 inhämtas
829 1335 108 32 bland
959 1336 110 30 annat
1093 1332 167 37 följande.

142 1392 116 32 Under
292 1393 85 30 åren
412 1391 83 31 1924
529 1390 64 31 och
629 1389 84 31 1925
748 1388 63 31 har
845 1387 142 38 jämlikt
1022 1385 117 33 beslut
1173 1395 44 21 av
1254 1384 83 31 1919
1373 1384 57 30 års
1454 1383 148 36 lagtima

96 1444 145 37 riksdag
276 1444 80 31 från
391 1442 71 32 Näs
496 1440 206 38 kungsgård
727 1441 12 30 i
763 1440 248 36 Kopparbergs
1043 1439 60 30 län
1128 1437 143 31 försålts
1294 1437 50 30 ett
1368 1435 98 31 antal
1490 1435 112 36 styck-

96 1497 213 37 ningslotter
343 1495 112 35 enligt
490 1494 43 31 då
562 1492 165 38 gällande
750 1492 153 37 grunder
927 1491 54 31 för
1004 1489 197 38 upplåtelse
1225 1499 44 21 av
1293 1483 310 45 egnahemslägen-

97 1550 96 30 heter
234 1548 79 31 från
348 1545 332 37 kronoegendomar.
737 1544 101 31 Flera
872 1554 45 20 av
953 1542 226 36 lottköparna
1213 1541 91 30 hava
1339 1540 114 36 enligt
1487 1538 116 32 utred-

97 1601 134 36 ningen
266 1599 150 31 kommit
441 1599 12 30 i
476 1599 99 30 svårt
599 1596 221 32 ekonomiskt
844 1595 144 37 betryck
1013 1594 64 32 och
1100 1594 76 31 icke
1200 1592 145 32 förmått
1368 1592 157 36 fullgöra
1548 1591 55 30 sin

97 1650 407 38 betalningsskyldighet
539 1651 71 30 mot
645 1649 146 31 kronan.
837 1648 16 31 I
887 1646 193 36 anledning
1116 1656 44 21 av
1191 1644 308 36 framställningar
1523 1643 80 31 från

96 1704 236 36 lottköparna,
368 1702 287 36 huvudsakligen
690 1700 132 32 sådana
857 1710 74 21 som
965 1699 187 31 förvärvat
1187 1696 205 38 obebyggda
1416 1696 102 31 lotter
1541 1695 63 31 och

97 1756 197 32 sedermera
330 1756 152 36 bebyggt
517 1754 109 35 dessa,
662 1754 64 30 har
761 1752 133 37 Kungl.
918 1751 103 37 Maj:t
1053 1752 115 30 såsom
1191 1759 92 22 ovan
1307 1749 142 31 nämnts
1473 1747 66 32 den
1563 1747 40 31 30

97 1809 93 36 april
226 1809 81 31 1927
346 1807 149 37 beviljat
531 1806 89 31 visst
655 1806 140 31 kortare
830 1803 152 32 anstånd
1018 1803 78 31 med
1130 1800 215 38 erläggande
1380 1811 44 20 av
1448 1799 157 37 oguldna

100 1860 389 37 köpeskillingsräntor.
536 1858 76 31 Vad
649 1856 148 33 sålunda
831 1856 151 37 åtgjorts
1010 1856 63 30 har
1097 1865 44 21 av
1167 1853 236 36 utredningen
1428 1853 51 30 att
1503 1851 102 32 döma

101 1913 74 31 icke
201 1911 193 36 undanröjt
419 1911 40 31 de
482 1909 246 37 föreliggande
752 1908 280 36 svårigheterna.

143 1963 328 35 Framställningar
494 1961 176 37 föreligga
693 1971 45 21 nu
763 1971 56 20 om
840 1959 212 37 ytterligare
1075 1958 168 36 atgärder
1268 1959 54 30 för
1345 1956 188 32 lindrande
1556 1966 44 21 av

102 2017 180 36 köparnas
307 2015 142 31 villkor.
495 2013 244 36 Lottköparna
765 2013 96 31 hava
887 2011 152 33 sålunda
1065 2008 193 37 hemställt,
1284 2010 13 31 i
1321 2008 198 37 huvudsak,
1547 2009 54 31 att

104 2069 37 32 få
163 2068 96 32 vissa
281 2066 158 38 oguldna
461 2067 123 30 räntor
605 2066 22 32 å
649 2064 330 37 köpeskillingarna
1002 2062 248 33 efterskänkta
1273 2064 92 29 samt
1388 2062 39 31 så
1450 2062 74 29 stor
1546 2059 55 32 del

103 2132 45 21 av
168 2119 293 38 kapitalskulden
481 2118 58 32 till
557 2118 140 31 kronan
717 2116 202 36 avskriven,
941 2125 74 23 som
1033 2114 120 32 kunde
1173 2116 131 35 prövas
1321 2113 142 36 skäligt.
1503 2112 19 31 I
1542 2122 59 21 an-

103 2172 147 36 ledning
275 2182 45 22 av
348 2172 42 32 de
417 2170 126 38 gjorda
569 2168 362 36 framställningarna
957 2168 66 31 har
1050 2168 50 30 ett
1127 2165 222 32 omfattande
1376 2164 225 37 utrednings-

104 2224 120 32 arbete
250 2224 152 36 utförts,
417 2222 173 33 avseende
614 2223 54 31 att
693 2220 189 36 klarlägga
907 2219 173 32 lotternas
1104 2219 137 31 värden
1265 2218 65 31 och
1353 2216 249 36 avkastnings-

107 2276 226 37 möjligheter
357 2275 56 33 för
437 2274 194 31 framtiden
653 2275 93 30 samt
768 2272 223 35 lottägarnas
1015 2268 527 38 förmögenhetsförhållanden.

148 2328 55 31 Av
238 2326 238 35 utredningen
498 2325 171 35 framgår,
692 2326 53 29 att
769 2323 90 31 flera
880 2333 45 21 av
948 2322 231 35 lottköparna
1200 2320 160 36 alltjämt
1380 2319 147 32 befinna
1548 2320 55 33 sig

107 2381 11 30 i
144 2389 43 22 en
212 2378 142 37 mycket
381 2379 83 30 svår
490 2375 206 33 ekonomisk
720 2374 183 36 ställning.
950 2371 156 33 Särskilt
1131 2372 51 36 de,
1209 2382 75 21 som
1310 2371 173 37 nybyggt,
1510 2371 94 31 hava

106 2431 92 35 höga
230 2430 64 31 och
325 2428 114 33 delvis
470 2426 231 38 synnerligen
730 2425 63 32 illa
823 2423 183 38 reglerade
1036 2422 153 34 skulder.
1240 2422 124 32 Såsom
1394 2432 43 22 en
1467 2421 136 31 huvud-

106 2483 105 30 orsak
236 2481 55 31 till
316 2481 57 32 det
399 2477 356 33 otillfredsställande
781 2477 185 31 resultatet
992 2486 45 20 av
1063 2475 98 32 detta
1186 2474 334 36 egnahemsföretag
1546 2483 58 22 an-

111 2552 109 32 Bihang
242 2551 40 25 till
305 2550 166 32 riksdagens
493 2549 145 33 protokoll
662 2549 73 24 1931.
780 2552 29 22 10
829 2549 79 24 saml.
949 2549 15 22 8
985 2547 66 31 häft.
1093 2544 51 31 (Nr
1165 2547 123 27 21—23.)
1562 2544 5 24 i
