<?xml version="1.0" encoding="UTF-8"?>
<alto xmlns="http://www.loc.gov/standards/alto/ns-v3#" xmlns:xlink="http://www.w3.org/1999/xlink" xmlns:xsi="http://www.w3.org/2001/XMLSchema-instance" xsi:schemaLocation="http://www.loc.gov/standards/alto/ns-v3# http://www.loc.gov/alto/v3/alto-3-0.xsd">
	<Description>
		<MeasurementUnit>pixel</MeasurementUnit>
		<sourceImageInformation>
			<fileName>/tmp/tess_8be3jxu2_input.PNG</fileName>
		</sourceImageInformation>
		<OCRProcessing ID="OCR_0">
			<ocrProcessingStep>
				<processingSoftware>
					<softwareName>tesseract 5.3.0</softwareName>
				</processingSoftware>
			</ocrProcessingStep>
		</OCRProcessing>
	</Description>
	<Layout>
		<Page WIDTH="1858" HEIGHT="2764" PHYSICAL_IMG_NR="0" ID="page_0">
			<PrintSpace HPOS="0" VPOS="0" WIDTH="1858" HEIGHT="2764">
				<ComposedBlock ID="cblock_0" HPOS="255" VPOS="145" WIDTH="1148" HEIGHT="44">
					<TextBlock ID="block_0" HPOS="255" VPOS="145" WIDTH="1148" HEIGHT="44">
						<TextLine ID="line_0" HPOS="255" VPOS="145" WIDTH="1148" HEIGHT="44">
							<String ID="string_0" HPOS="255" VPOS="145" WIDTH="16" HEIGHT="28" WC="0.96" CONTENT="4"/><SP WIDTH="314" VPOS="145" HPOS="271"/>
							<String ID="string_1" HPOS="585" VPOS="152" WIDTH="114" HEIGHT="29" WC="0.93" CONTENT="Andra"/><SP WIDTH="19" VPOS="152" HPOS="699"/>
							<String ID="string_2" HPOS="718" VPOS="153" WIDTH="233" HEIGHT="36" WC="0.92" CONTENT="lagutskottets"/><SP WIDTH="18" VPOS="153" HPOS="951"/>
							<String ID="string_3" HPOS="969" VPOS="155" WIDTH="170" HEIGHT="30" WC="0.96" CONTENT="utlåtande"/><SP WIDTH="20" VPOS="155" HPOS="1139"/>
							<String ID="string_4" HPOS="1159" VPOS="166" WIDTH="39" HEIGHT="19" WC="0.96" CONTENT="nr"/><SP WIDTH="20" VPOS="166" HPOS="1198"/>
							<String ID="string_5" HPOS="1218" VPOS="159" WIDTH="35" HEIGHT="27" WC="0.96" CONTENT="18"/><SP WIDTH="19" VPOS="159" HPOS="1253"/>
							<String ID="string_6" HPOS="1272" VPOS="157" WIDTH="37" HEIGHT="29" WC="0.96" CONTENT="år"/><SP WIDTH="21" VPOS="157" HPOS="1309"/>
							<String ID="string_7" HPOS="1330" VPOS="159" WIDTH="73" HEIGHT="28" WC="0.96" CONTENT="1964"/>
						</TextLine>
					</TextBlock>
				</ComposedBlock>
				<ComposedBlock ID="cblock_1" HPOS="253" VPOS="253" WIDTH="1483" HEIGHT="94">
					<TextBlock ID="block_1" HPOS="253" VPOS="253" WIDTH="1483" HEIGHT="94">
						<TextLine ID="line_1" HPOS="255" VPOS="253" WIDTH="1481" HEIGHT="47">
							<String ID="string_8" HPOS="255" VPOS="253" WIDTH="75" HEIGHT="27" WC="0.96" CONTENT="1962"/><SP WIDTH="22" VPOS="253" HPOS="330"/>
							<String ID="string_9" HPOS="352" VPOS="254" WIDTH="59" HEIGHT="29" WC="0.96" CONTENT="och"/><SP WIDTH="23" VPOS="254" HPOS="411"/>
							<String ID="string_10" HPOS="434" VPOS="256" WIDTH="76" HEIGHT="28" WC="0.96" CONTENT="1963"/><SP WIDTH="22" VPOS="256" HPOS="510"/>
							<String ID="string_11" HPOS="532" VPOS="255" WIDTH="53" HEIGHT="31" WC="0.96" CONTENT="års"/><SP WIDTH="21" VPOS="255" HPOS="585"/>
							<String ID="string_12" HPOS="606" VPOS="258" WIDTH="182" HEIGHT="37" WC="0.96" CONTENT="riksdagar."/><SP WIDTH="22" VPOS="258" HPOS="788"/>
							<String ID="string_13" HPOS="810" VPOS="262" WIDTH="13" HEIGHT="27" WC="0.96" CONTENT="I"/><SP WIDTH="22" VPOS="262" HPOS="823"/>
							<String ID="string_14" HPOS="845" VPOS="262" WIDTH="58" HEIGHT="28" WC="0.96" CONTENT="sitt"/><SP WIDTH="22" VPOS="262" HPOS="903"/>
							<String ID="string_15" HPOS="925" VPOS="271" WIDTH="42" HEIGHT="20" WC="0.96" CONTENT="av"/><SP WIDTH="21" VPOS="271" HPOS="967"/>
							<String ID="string_16" HPOS="988" VPOS="263" WIDTH="177" HEIGHT="36" WC="0.96" CONTENT="riksdagen"/><SP WIDTH="21" VPOS="263" HPOS="1165"/>
							<String ID="string_17" HPOS="1186" VPOS="265" WIDTH="176" HEIGHT="35" WC="0.96" CONTENT="godkända"/><SP WIDTH="22" VPOS="265" HPOS="1362"/>
							<String ID="string_18" HPOS="1384" VPOS="264" WIDTH="172" HEIGHT="30" WC="0.96" CONTENT="utlåtande"/><SP WIDTH="22" VPOS="264" HPOS="1556"/>
							<String ID="string_19" HPOS="1578" VPOS="275" WIDTH="40" HEIGHT="19" WC="0.96" CONTENT="nr"/><SP WIDTH="23" VPOS="275" HPOS="1618"/>
							<String ID="string_20" HPOS="1641" VPOS="268" WIDTH="35" HEIGHT="27" WC="0.96" CONTENT="13"/><SP WIDTH="23" VPOS="268" HPOS="1676"/>
							<String ID="string_21" HPOS="1699" VPOS="266" WIDTH="37" HEIGHT="29" WC="0.95" CONTENT="år"/>
						</TextLine>
						<TextLine ID="line_2" HPOS="253" VPOS="306" WIDTH="849" HEIGHT="41">
							<String ID="string_22" HPOS="253" VPOS="306" WIDTH="75" HEIGHT="28" WC="0.96" CONTENT="1962"/><SP WIDTH="22" VPOS="306" HPOS="328"/>
							<String ID="string_23" HPOS="350" VPOS="307" WIDTH="138" HEIGHT="30" WC="0.96" CONTENT="anförde"/><SP WIDTH="21" VPOS="307" HPOS="488"/>
							<String ID="string_24" HPOS="509" VPOS="311" WIDTH="103" HEIGHT="28" WC="0.96" CONTENT="andra"/><SP WIDTH="22" VPOS="311" HPOS="612"/>
							<String ID="string_25" HPOS="634" VPOS="312" WIDTH="216" HEIGHT="35" WC="0.96" CONTENT="lagutskottet"/><SP WIDTH="20" VPOS="312" HPOS="850"/>
							<String ID="string_26" HPOS="870" VPOS="314" WIDTH="102" HEIGHT="30" WC="0.96" CONTENT="bland"/><SP WIDTH="21" VPOS="314" HPOS="972"/>
							<String ID="string_27" HPOS="993" VPOS="319" WIDTH="109" HEIGHT="26" WC="0.96" CONTENT="annat."/>
						</TextLine>
					</TextBlock>
				</ComposedBlock>
				<ComposedBlock ID="cblock_2" HPOS="245" VPOS="386" WIDTH="1490" HEIGHT="664">
					<TextBlock ID="block_2" HPOS="247" VPOS="386" WIDTH="1488" HEIGHT="394">
						<TextLine ID="line_3" HPOS="291" VPOS="386" WIDTH="1444" HEIGHT="48">
							<String ID="string_28" HPOS="291" VPOS="386" WIDTH="63" HEIGHT="28" WC="0.96" CONTENT="Det"/><SP WIDTH="20" VPOS="386" HPOS="354"/>
							<String ID="string_29" HPOS="374" VPOS="387" WIDTH="11" HEIGHT="28" WC="0.96" CONTENT="i"/><SP WIDTH="20" VPOS="387" HPOS="385"/>
							<String ID="string_30" HPOS="405" VPOS="389" WIDTH="207" HEIGHT="30" WC="0.96" CONTENT="motionerna"/><SP WIDTH="21" VPOS="389" HPOS="612"/>
							<String ID="string_31" HPOS="633" VPOS="391" WIDTH="25" HEIGHT="28" WC="0.82" CONTENT="I:"/><SP WIDTH="14" VPOS="391" HPOS="658"/>
							<String ID="string_32" HPOS="672" VPOS="392" WIDTH="56" HEIGHT="28" WC="0.95" CONTENT="295"/><SP WIDTH="23" VPOS="392" HPOS="728"/>
							<String ID="string_33" HPOS="751" VPOS="393" WIDTH="60" HEIGHT="28" WC="0.96" CONTENT="och"/><SP WIDTH="21" VPOS="393" HPOS="811"/>
							<String ID="string_34" HPOS="832" VPOS="395" WIDTH="41" HEIGHT="27" WC="0.95" CONTENT="II:"/><SP WIDTH="13" VPOS="395" HPOS="873"/>
							<String ID="string_35" HPOS="886" VPOS="395" WIDTH="58" HEIGHT="28" WC="0.96" CONTENT="362"/><SP WIDTH="22" VPOS="395" HPOS="944"/>
							<String ID="string_36" HPOS="966" VPOS="396" WIDTH="119" HEIGHT="29" WC="0.96" CONTENT="väckta"/><SP WIDTH="22" VPOS="396" HPOS="1085"/>
							<String ID="string_37" HPOS="1107" VPOS="397" WIDTH="159" HEIGHT="36" WC="0.96" CONTENT="förslaget"/><SP WIDTH="22" VPOS="397" HPOS="1266"/>
							<String ID="string_38" HPOS="1288" VPOS="400" WIDTH="49" HEIGHT="27" WC="0.96" CONTENT="att"/><SP WIDTH="21" VPOS="400" HPOS="1337"/>
							<String ID="string_39" HPOS="1358" VPOS="398" WIDTH="214" HEIGHT="36" WC="0.96" CONTENT="företagarna"/><SP WIDTH="21" VPOS="398" HPOS="1572"/>
							<String ID="string_40" HPOS="1593" VPOS="399" WIDTH="86" HEIGHT="29" WC="0.96" CONTENT="skall"/><SP WIDTH="22" VPOS="399" HPOS="1679"/>
							<String ID="string_41" HPOS="1701" VPOS="399" WIDTH="34" HEIGHT="29" WC="0.96" CONTENT="få"/>
						</TextLine>
						<TextLine ID="line_4" HPOS="250" VPOS="429" WIDTH="1483" HEIGHT="50">
							<String ID="string_42" HPOS="250" VPOS="429" WIDTH="109" HEIGHT="30" WC="0.93" CONTENT="betala"/><SP WIDTH="24" VPOS="429" HPOS="359"/>
							<String ID="string_43" HPOS="383" VPOS="432" WIDTH="290" HEIGHT="37" WC="0.92" CONTENT="ATP-avgifterna"/><SP WIDTH="24" VPOS="432" HPOS="673"/>
							<String ID="string_44" HPOS="697" VPOS="437" WIDTH="75" HEIGHT="29" WC="0.93" CONTENT="med"/><SP WIDTH="24" VPOS="437" HPOS="772"/>
							<String ID="string_45" HPOS="796" VPOS="446" WIDTH="113" HEIGHT="22" WC="0.91" CONTENT="revers"/><SP WIDTH="25" VPOS="446" HPOS="909"/>
							<String ID="string_46" HPOS="934" VPOS="440" WIDTH="117" HEIGHT="35" WC="0.95" CONTENT="skulle,"/><SP WIDTH="25" VPOS="440" HPOS="1051"/>
							<String ID="string_47" HPOS="1076" VPOS="440" WIDTH="108" HEIGHT="30" WC="0.93" CONTENT="såsom"/><SP WIDTH="25" VPOS="440" HPOS="1184"/>
							<String ID="string_48" HPOS="1209" VPOS="442" WIDTH="397" HEIGHT="37" WC="0.92" CONTENT="riksförsäkringsverket"/><SP WIDTH="24" VPOS="442" HPOS="1606"/>
							<String ID="string_49" HPOS="1630" VPOS="444" WIDTH="103" HEIGHT="28" WC="0.92" CONTENT="fram-"/>
						</TextLine>
						<TextLine ID="line_5" HPOS="251" VPOS="473" WIDTH="1483" HEIGHT="44">
							<String ID="string_50" HPOS="251" VPOS="473" WIDTH="96" HEIGHT="31" WC="0.96" CONTENT="hållit"/><SP WIDTH="19" VPOS="473" HPOS="347"/>
							<String ID="string_51" HPOS="366" VPOS="476" WIDTH="10" HEIGHT="28" WC="0.96" CONTENT="i"/><SP WIDTH="20" VPOS="476" HPOS="376"/>
							<String ID="string_52" HPOS="396" VPOS="477" WIDTH="58" HEIGHT="28" WC="0.95" CONTENT="sitt"/><SP WIDTH="21" VPOS="477" HPOS="454"/>
							<String ID="string_53" HPOS="475" VPOS="479" WIDTH="282" HEIGHT="37" WC="0.96" CONTENT="remissyttrande,"/><SP WIDTH="21" VPOS="479" HPOS="757"/>
							<String ID="string_54" HPOS="778" VPOS="482" WIDTH="113" HEIGHT="30" WC="0.96" CONTENT="kunna"/><SP WIDTH="20" VPOS="482" HPOS="891"/>
							<String ID="string_55" HPOS="911" VPOS="483" WIDTH="75" HEIGHT="30" WC="0.96" CONTENT="leda"/><SP WIDTH="21" VPOS="483" HPOS="986"/>
							<String ID="string_56" HPOS="1007" VPOS="485" WIDTH="50" HEIGHT="28" WC="0.96" CONTENT="till"/><SP WIDTH="21" VPOS="485" HPOS="1057"/>
							<String ID="string_57" HPOS="1078" VPOS="486" WIDTH="183" HEIGHT="29" WC="0.96" CONTENT="avsevärda"/><SP WIDTH="21" VPOS="486" HPOS="1261"/>
							<String ID="string_58" HPOS="1282" VPOS="486" WIDTH="160" HEIGHT="30" WC="0.96" CONTENT="förluster"/><SP WIDTH="20" VPOS="486" HPOS="1442"/>
							<String ID="string_59" HPOS="1462" VPOS="488" WIDTH="53" HEIGHT="28" WC="0.96" CONTENT="för"/><SP WIDTH="21" VPOS="488" HPOS="1515"/>
							<String ID="string_60" HPOS="1536" VPOS="488" WIDTH="124" HEIGHT="29" WC="0.96" CONTENT="fonden"/><SP WIDTH="20" VPOS="488" HPOS="1660"/>
							<String ID="string_61" HPOS="1680" VPOS="497" WIDTH="54" HEIGHT="20" WC="0.97" CONTENT="om"/>
						</TextLine>
						<TextLine ID="line_6" HPOS="250" VPOS="519" WIDTH="1483" HEIGHT="48">
							<String ID="string_62" HPOS="250" VPOS="519" WIDTH="69" HEIGHT="28" WC="0.96" CONTENT="inte"/><SP WIDTH="20" VPOS="519" HPOS="319"/>
							<String ID="string_63" HPOS="339" VPOS="519" WIDTH="62" HEIGHT="30" WC="0.95" CONTENT="full"/><SP WIDTH="22" VPOS="519" HPOS="401"/>
							<String ID="string_64" HPOS="423" VPOS="523" WIDTH="131" HEIGHT="33" WC="0.95" CONTENT="garanti"/><SP WIDTH="21" VPOS="523" HPOS="554"/>
							<String ID="string_65" HPOS="575" VPOS="524" WIDTH="128" HEIGHT="37" WC="0.96" CONTENT="förelåg"/><SP WIDTH="22" VPOS="524" HPOS="703"/>
							<String ID="string_66" HPOS="725" VPOS="526" WIDTH="52" HEIGHT="28" WC="0.93" CONTENT="för"/><SP WIDTH="22" VPOS="526" HPOS="777"/>
							<String ID="string_67" HPOS="799" VPOS="535" WIDTH="211" HEIGHT="22" WC="0.91" CONTENT="reversernas"/><SP WIDTH="22" VPOS="535" HPOS="1010"/>
							<String ID="string_68" HPOS="1032" VPOS="529" WIDTH="180" HEIGHT="37" WC="0.96" CONTENT="betalning."/><SP WIDTH="23" VPOS="529" HPOS="1212"/>
							<String ID="string_69" HPOS="1235" VPOS="531" WIDTH="156" HEIGHT="36" WC="0.96" CONTENT="Avgifter"/><SP WIDTH="22" VPOS="531" HPOS="1391"/>
							<String ID="string_70" HPOS="1413" VPOS="532" WIDTH="163" HEIGHT="29" WC="0.96" CONTENT="inbetalas"/><SP WIDTH="23" VPOS="532" HPOS="1576"/>
							<String ID="string_71" HPOS="1599" VPOS="541" WIDTH="41" HEIGHT="21" WC="0.93" CONTENT="av"/><SP WIDTH="23" VPOS="541" HPOS="1640"/>
							<String ID="string_72" HPOS="1663" VPOS="542" WIDTH="70" HEIGHT="20" WC="0.91" CONTENT="om-"/>
						</TextLine>
						<TextLine ID="line_7" HPOS="250" VPOS="563" WIDTH="1483" HEIGHT="48">
							<String ID="string_73" HPOS="250" VPOS="563" WIDTH="96" HEIGHT="36" WC="0.96" CONTENT="kring"/><SP WIDTH="16" VPOS="563" HPOS="346"/>
							<String ID="string_74" HPOS="362" VPOS="565" WIDTH="57" HEIGHT="28" WC="0.96" CONTENT="350"/><SP WIDTH="14" VPOS="565" HPOS="419"/>
							<String ID="string_75" HPOS="433" VPOS="566" WIDTH="57" HEIGHT="28" WC="0.96" CONTENT="000"/><SP WIDTH="17" VPOS="566" HPOS="490"/>
							<String ID="string_76" HPOS="507" VPOS="575" WIDTH="165" HEIGHT="27" WC="0.95" CONTENT="personer."/><SP WIDTH="18" VPOS="575" HPOS="672"/>
							<String ID="string_77" HPOS="690" VPOS="570" WIDTH="47" HEIGHT="28" WC="0.96" CONTENT="En"/><SP WIDTH="17" VPOS="570" HPOS="737"/>
							<String ID="string_78" HPOS="754" VPOS="572" WIDTH="165" HEIGHT="36" WC="0.96" CONTENT="prövning"/><SP WIDTH="17" VPOS="572" HPOS="919"/>
							<String ID="string_79" HPOS="936" VPOS="573" WIDTH="60" HEIGHT="29" WC="0.96" CONTENT="och"/><SP WIDTH="17" VPOS="573" HPOS="996"/>
							<String ID="string_80" HPOS="1013" VPOS="574" WIDTH="226" HEIGHT="37" WC="0.96" CONTENT="kontinuerlig"/><SP WIDTH="16" VPOS="574" HPOS="1239"/>
							<String ID="string_81" HPOS="1255" VPOS="575" WIDTH="145" HEIGHT="29" WC="0.96" CONTENT="kontroll"/><SP WIDTH="19" VPOS="575" HPOS="1400"/>
							<String ID="string_82" HPOS="1419" VPOS="585" WIDTH="42" HEIGHT="20" WC="0.96" CONTENT="av"/><SP WIDTH="18" VPOS="585" HPOS="1461"/>
							<String ID="string_83" HPOS="1479" VPOS="577" WIDTH="111" HEIGHT="29" WC="0.93" CONTENT="dessas"/><SP WIDTH="17" VPOS="577" HPOS="1590"/>
							<String ID="string_84" HPOS="1607" VPOS="578" WIDTH="126" HEIGHT="28" WC="0.92" CONTENT="kredit-"/>
						</TextLine>
						<TextLine ID="line_8" HPOS="249" VPOS="608" WIDTH="1482" HEIGHT="49">
							<String ID="string_85" HPOS="249" VPOS="608" WIDTH="175" HEIGHT="36" WC="0.96" CONTENT="värdighet"/><SP WIDTH="21" VPOS="608" HPOS="424"/>
							<String ID="string_86" HPOS="445" VPOS="611" WIDTH="108" HEIGHT="29" WC="0.93" CONTENT="skulle"/><SP WIDTH="20" VPOS="611" HPOS="553"/>
							<String ID="string_87" HPOS="573" VPOS="613" WIDTH="272" HEIGHT="38" WC="0.91" CONTENT="nödvändiggöra"/><SP WIDTH="21" VPOS="613" HPOS="845"/>
							<String ID="string_88" HPOS="866" VPOS="625" WIDTH="42" HEIGHT="20" WC="0.96" CONTENT="en"/><SP WIDTH="21" VPOS="625" HPOS="908"/>
							<String ID="string_89" HPOS="929" VPOS="618" WIDTH="274" HEIGHT="37" WC="0.96" CONTENT="utomordentligt"/><SP WIDTH="21" VPOS="618" HPOS="1203"/>
							<String ID="string_90" HPOS="1224" VPOS="622" WIDTH="68" HEIGHT="26" WC="0.96" CONTENT="stor"/><SP WIDTH="23" VPOS="622" HPOS="1292"/>
							<String ID="string_91" HPOS="1315" VPOS="620" WIDTH="246" HEIGHT="30" WC="0.96" CONTENT="administrativ"/><SP WIDTH="23" VPOS="620" HPOS="1561"/>
							<String ID="string_92" HPOS="1584" VPOS="624" WIDTH="147" HEIGHT="33" WC="0.96" CONTENT="apparat."/>
						</TextLine>
						<TextLine ID="line_9" HPOS="248" VPOS="648" WIDTH="1484" HEIGHT="53">
							<String ID="string_93" HPOS="248" VPOS="648" WIDTH="95" HEIGHT="33" WC="0.96" CONTENT="Även"/><SP WIDTH="26" VPOS="648" HPOS="343"/>
							<String ID="string_94" HPOS="369" VPOS="654" WIDTH="189" HEIGHT="31" WC="0.96" CONTENT="kontrollen"/><SP WIDTH="27" VPOS="654" HPOS="558"/>
							<String ID="string_95" HPOS="585" VPOS="666" WIDTH="42" HEIGHT="20" WC="0.95" CONTENT="av"/><SP WIDTH="26" VPOS="666" HPOS="627"/>
							<String ID="string_96" HPOS="653" VPOS="659" WIDTH="375" HEIGHT="37" WC="0.90" CONTENT="avgiftsskyldighetens"/><SP WIDTH="27" VPOS="659" HPOS="1028"/>
							<String ID="string_97" HPOS="1055" VPOS="663" WIDTH="210" HEIGHT="35" WC="0.96" CONTENT="fullgörande"/><SP WIDTH="27" VPOS="663" HPOS="1265"/>
							<String ID="string_98" HPOS="1292" VPOS="665" WIDTH="110" HEIGHT="29" WC="0.96" CONTENT="skulle"/><SP WIDTH="27" VPOS="665" HPOS="1402"/>
							<String ID="string_99" HPOS="1429" VPOS="666" WIDTH="228" HEIGHT="35" WC="0.94" CONTENT="kompliceras."/><SP WIDTH="28" VPOS="666" HPOS="1657"/>
							<String ID="string_100" HPOS="1685" VPOS="666" WIDTH="47" HEIGHT="30" WC="0.96" CONTENT="På"/>
						</TextLine>
						<TextLine ID="line_10" HPOS="248" VPOS="698" WIDTH="1484" HEIGHT="48">
							<String ID="string_101" HPOS="248" VPOS="698" WIDTH="107" HEIGHT="34" WC="0.95" CONTENT="grund"/><SP WIDTH="22" VPOS="698" HPOS="355"/>
							<String ID="string_102" HPOS="377" VPOS="698" WIDTH="106" HEIGHT="30" WC="0.95" CONTENT="härav"/><SP WIDTH="21" VPOS="698" HPOS="483"/>
							<String ID="string_103" HPOS="504" VPOS="700" WIDTH="111" HEIGHT="30" WC="0.96" CONTENT="finner"/><SP WIDTH="22" VPOS="700" HPOS="615"/>
							<String ID="string_104" HPOS="637" VPOS="703" WIDTH="161" HEIGHT="29" WC="0.96" CONTENT="utskottet"/><SP WIDTH="22" VPOS="703" HPOS="798"/>
							<String ID="string_105" HPOS="820" VPOS="705" WIDTH="73" HEIGHT="28" WC="0.96" CONTENT="icke"/><SP WIDTH="21" VPOS="705" HPOS="893"/>
							<String ID="string_106" HPOS="914" VPOS="706" WIDTH="73" HEIGHT="28" WC="0.96" CONTENT="skäl"/><SP WIDTH="23" VPOS="706" HPOS="987"/>
							<String ID="string_107" HPOS="1010" VPOS="707" WIDTH="130" HEIGHT="29" WC="0.93" CONTENT="biträda"/><SP WIDTH="23" VPOS="707" HPOS="1140"/>
							<String ID="string_108" HPOS="1163" VPOS="709" WIDTH="264" HEIGHT="29" WC="0.92" CONTENT="motionärernas"/><SP WIDTH="22" VPOS="709" HPOS="1427"/>
							<String ID="string_109" HPOS="1449" VPOS="710" WIDTH="126" HEIGHT="36" WC="0.96" CONTENT="förslag"/><SP WIDTH="23" VPOS="710" HPOS="1575"/>
							<String ID="string_110" HPOS="1598" VPOS="719" WIDTH="52" HEIGHT="20" WC="0.92" CONTENT="om"/><SP WIDTH="24" VPOS="719" HPOS="1650"/>
							<String ID="string_111" HPOS="1674" VPOS="720" WIDTH="58" HEIGHT="20" WC="0.91" CONTENT="av-"/>
						</TextLine>
						<TextLine ID="line_11" HPOS="247" VPOS="741" WIDTH="489" HEIGHT="39">
							<String ID="string_112" HPOS="247" VPOS="741" WIDTH="253" HEIGHT="39" WC="0.92" CONTENT="giftsbetalning"/><SP WIDTH="19" VPOS="741" HPOS="500"/>
							<String ID="string_113" HPOS="519" VPOS="746" WIDTH="76" HEIGHT="28" WC="0.93" CONTENT="med"/><SP WIDTH="20" VPOS="746" HPOS="595"/>
							<String ID="string_114" HPOS="615" VPOS="755" WIDTH="121" HEIGHT="21" WC="0.92" CONTENT="revers."/>
						</TextLine>
					</TextBlock>
					<TextBlock ID="block_3" HPOS="245" VPOS="787" WIDTH="1487" HEIGHT="263">
						<TextLine ID="line_12" HPOS="286" VPOS="787" WIDTH="1445" HEIGHT="50">
							<String ID="string_115" HPOS="286" VPOS="787" WIDTH="48" HEIGHT="28" WC="0.96" CONTENT="De"/><SP WIDTH="16" VPOS="787" HPOS="334"/>
							<String ID="string_116" HPOS="350" VPOS="790" WIDTH="195" HEIGHT="28" WC="0.93" CONTENT="nuvarande"/><SP WIDTH="17" VPOS="790" HPOS="545"/>
							<String ID="string_117" HPOS="562" VPOS="789" WIDTH="302" HEIGHT="39" WC="0.92" CONTENT="återlånereglerna"/><SP WIDTH="18" VPOS="789" HPOS="864"/>
							<String ID="string_118" HPOS="882" VPOS="795" WIDTH="46" HEIGHT="34" WC="0.96" CONTENT="är,"/><SP WIDTH="18" VPOS="795" HPOS="928"/>
							<String ID="string_119" HPOS="946" VPOS="794" WIDTH="109" HEIGHT="30" WC="0.96" CONTENT="såsom"/><SP WIDTH="16" VPOS="794" HPOS="1055"/>
							<String ID="string_120" HPOS="1071" VPOS="797" WIDTH="163" HEIGHT="29" WC="0.96" CONTENT="utskottet"/><SP WIDTH="16" VPOS="797" HPOS="1234"/>
							<String ID="string_121" HPOS="1250" VPOS="797" WIDTH="187" HEIGHT="31" WC="0.96" CONTENT="framhållit"/><SP WIDTH="17" VPOS="797" HPOS="1437"/>
							<String ID="string_122" HPOS="1454" VPOS="800" WIDTH="57" HEIGHT="28" WC="0.96" CONTENT="vid"/><SP WIDTH="18" VPOS="800" HPOS="1511"/>
							<String ID="string_123" HPOS="1529" VPOS="799" WIDTH="202" HEIGHT="38" WC="0.96" CONTENT="behandling"/>
						</TextLine>
						<TextLine ID="line_13" HPOS="247" VPOS="833" WIDTH="1485" HEIGHT="44">
							<String ID="string_124" HPOS="247" VPOS="839" WIDTH="41" HEIGHT="20" WC="0.96" CONTENT="av"/><SP WIDTH="15" VPOS="839" HPOS="288"/>
							<String ID="string_125" HPOS="303" VPOS="833" WIDTH="164" HEIGHT="29" WC="0.96" CONTENT="motioner"/><SP WIDTH="17" VPOS="833" HPOS="467"/>
							<String ID="string_126" HPOS="484" VPOS="843" WIDTH="41" HEIGHT="20" WC="0.96" CONTENT="av"/><SP WIDTH="16" VPOS="843" HPOS="525"/>
							<String ID="string_127" HPOS="541" VPOS="844" WIDTH="125" HEIGHT="20" WC="0.96" CONTENT="samma"/><SP WIDTH="17" VPOS="844" HPOS="666"/>
							<String ID="string_128" HPOS="683" VPOS="837" WIDTH="161" HEIGHT="30" WC="0.96" CONTENT="innebörd"/><SP WIDTH="17" VPOS="837" HPOS="844"/>
							<String ID="string_129" HPOS="861" VPOS="839" WIDTH="57" HEIGHT="28" WC="0.96" CONTENT="vid"/><SP WIDTH="19" VPOS="839" HPOS="918"/>
							<String ID="string_130" HPOS="937" VPOS="840" WIDTH="74" HEIGHT="28" WC="0.96" CONTENT="1961"/><SP WIDTH="19" VPOS="840" HPOS="1011"/>
							<String ID="string_131" HPOS="1030" VPOS="839" WIDTH="52" HEIGHT="30" WC="0.96" CONTENT="års"/><SP WIDTH="17" VPOS="839" HPOS="1082"/>
							<String ID="string_132" HPOS="1099" VPOS="841" WIDTH="144" HEIGHT="36" WC="0.96" CONTENT="riksdag,"/><SP WIDTH="17" VPOS="841" HPOS="1243"/>
							<String ID="string_133" HPOS="1260" VPOS="843" WIDTH="70" HEIGHT="28" WC="0.96" CONTENT="inte"/><SP WIDTH="16" VPOS="843" HPOS="1330"/>
							<String ID="string_134" HPOS="1346" VPOS="844" WIDTH="11" HEIGHT="27" WC="0.96" CONTENT="i"/><SP WIDTH="17" VPOS="844" HPOS="1357"/>
							<String ID="string_135" HPOS="1374" VPOS="843" WIDTH="66" HEIGHT="29" WC="0.96" CONTENT="alla"/><SP WIDTH="18" VPOS="843" HPOS="1440"/>
							<String ID="string_136" HPOS="1458" VPOS="844" WIDTH="187" HEIGHT="29" WC="0.96" CONTENT="avseenden"/><SP WIDTH="16" VPOS="844" HPOS="1645"/>
							<String ID="string_137" HPOS="1661" VPOS="845" WIDTH="71" HEIGHT="29" WC="0.96" CONTENT="helt"/>
						</TextLine>
						<TextLine ID="line_14" HPOS="246" VPOS="876" WIDTH="1485" HEIGHT="48">
							<String ID="string_138" HPOS="246" VPOS="876" WIDTH="292" HEIGHT="38" WC="0.94" CONTENT="ändamålsenliga."/><SP WIDTH="16" VPOS="876" HPOS="538"/>
							<String ID="string_139" HPOS="554" VPOS="880" WIDTH="194" HEIGHT="30" WC="0.95" CONTENT="Emellertid"/><SP WIDTH="16" VPOS="880" HPOS="748"/>
							<String ID="string_140" HPOS="764" VPOS="882" WIDTH="61" HEIGHT="29" WC="0.93" CONTENT="har"/><SP WIDTH="15" VPOS="882" HPOS="825"/>
							<String ID="string_141" HPOS="840" VPOS="882" WIDTH="303" HEIGHT="38" WC="0.92" CONTENT="återlånereglerna"/><SP WIDTH="17" VPOS="882" HPOS="1143"/>
							<String ID="string_142" HPOS="1160" VPOS="887" WIDTH="88" HEIGHT="28" WC="0.96" CONTENT="varit"/><SP WIDTH="15" VPOS="887" HPOS="1248"/>
							<String ID="string_143" HPOS="1263" VPOS="887" WIDTH="11" HEIGHT="28" WC="0.97" CONTENT="i"/><SP WIDTH="17" VPOS="887" HPOS="1274"/>
							<String ID="string_144" HPOS="1291" VPOS="887" WIDTH="213" HEIGHT="37" WC="0.96" CONTENT="tillämpning"/><SP WIDTH="17" VPOS="887" HPOS="1504"/>
							<String ID="string_145" HPOS="1521" VPOS="889" WIDTH="117" HEIGHT="29" WC="0.96" CONTENT="endast"/><SP WIDTH="16" VPOS="889" HPOS="1638"/>
							<String ID="string_146" HPOS="1654" VPOS="889" WIDTH="77" HEIGHT="30" WC="0.96" CONTENT="från"/>
						</TextLine>
						<TextLine ID="line_15" HPOS="246" VPOS="921" WIDTH="1484" HEIGHT="49">
							<String ID="string_147" HPOS="246" VPOS="921" WIDTH="60" HEIGHT="28" WC="0.96" CONTENT="och"/><SP WIDTH="15" VPOS="921" HPOS="306"/>
							<String ID="string_148" HPOS="321" VPOS="921" WIDTH="75" HEIGHT="29" WC="0.96" CONTENT="med"/><SP WIDTH="19" VPOS="921" HPOS="396"/>
							<String ID="string_149" HPOS="415" VPOS="923" WIDTH="76" HEIGHT="29" WC="0.96" CONTENT="1960"/><SP WIDTH="17" VPOS="923" HPOS="491"/>
							<String ID="string_150" HPOS="508" VPOS="923" WIDTH="53" HEIGHT="30" WC="0.96" CONTENT="års"/><SP WIDTH="16" VPOS="923" HPOS="561"/>
							<String ID="string_151" HPOS="577" VPOS="923" WIDTH="131" HEIGHT="38" WC="0.94" CONTENT="ingång."/><SP WIDTH="17" VPOS="923" HPOS="708"/>
							<String ID="string_152" HPOS="725" VPOS="926" WIDTH="238" HEIGHT="30" WC="0.96" CONTENT="Erfarenheter"/><SP WIDTH="15" VPOS="926" HPOS="963"/>
							<String ID="string_153" HPOS="978" VPOS="930" WIDTH="11" HEIGHT="28" WC="0.96" CONTENT="i"/><SP WIDTH="16" VPOS="930" HPOS="989"/>
							<String ID="string_154" HPOS="1005" VPOS="928" WIDTH="109" HEIGHT="37" WC="0.96" CONTENT="någon"/><SP WIDTH="16" VPOS="928" HPOS="1114"/>
							<String ID="string_155" HPOS="1130" VPOS="931" WIDTH="106" HEIGHT="28" WC="0.96" CONTENT="större"/><SP WIDTH="17" VPOS="931" HPOS="1236"/>
							<String ID="string_156" HPOS="1253" VPOS="933" WIDTH="232" HEIGHT="36" WC="0.96" CONTENT="utsträckning"/><SP WIDTH="17" VPOS="933" HPOS="1485"/>
							<String ID="string_157" HPOS="1502" VPOS="942" WIDTH="42" HEIGHT="20" WC="0.93" CONTENT="av"/><SP WIDTH="17" VPOS="942" HPOS="1544"/>
							<String ID="string_158" HPOS="1561" VPOS="934" WIDTH="169" HEIGHT="36" WC="0.92" CONTENT="reglernas"/>
						</TextLine>
						<TextLine ID="line_16" HPOS="245" VPOS="965" WIDTH="1484" HEIGHT="49">
							<String ID="string_159" HPOS="245" VPOS="965" WIDTH="203" HEIGHT="37" WC="0.96" CONTENT="verkningar"/><SP WIDTH="16" VPOS="965" HPOS="448"/>
							<String ID="string_160" HPOS="464" VPOS="967" WIDTH="61" HEIGHT="29" WC="0.96" CONTENT="har"/><SP WIDTH="17" VPOS="967" HPOS="525"/>
							<String ID="string_161" HPOS="542" VPOS="968" WIDTH="114" HEIGHT="30" WC="0.96" CONTENT="därför"/><SP WIDTH="17" VPOS="968" HPOS="656"/>
							<String ID="string_162" HPOS="673" VPOS="972" WIDTH="90" HEIGHT="28" WC="0.96" CONTENT="ännu"/><SP WIDTH="16" VPOS="972" HPOS="763"/>
							<String ID="string_163" HPOS="779" VPOS="971" WIDTH="73" HEIGHT="29" WC="0.96" CONTENT="icke"/><SP WIDTH="17" VPOS="971" HPOS="852"/>
							<String ID="string_164" HPOS="869" VPOS="973" WIDTH="146" HEIGHT="29" WC="0.96" CONTENT="vunnits."/><SP WIDTH="18" VPOS="973" HPOS="1015"/>
							<String ID="string_165" HPOS="1033" VPOS="974" WIDTH="76" HEIGHT="28" WC="0.96" CONTENT="Med"/><SP WIDTH="18" VPOS="974" HPOS="1109"/>
							<String ID="string_166" HPOS="1127" VPOS="974" WIDTH="130" HEIGHT="37" WC="0.96" CONTENT="hänsyn"/><SP WIDTH="17" VPOS="974" HPOS="1257"/>
							<String ID="string_167" HPOS="1274" VPOS="976" WIDTH="114" HEIGHT="29" WC="0.96" CONTENT="härtill"/><SP WIDTH="19" VPOS="976" HPOS="1388"/>
							<String ID="string_168" HPOS="1407" VPOS="978" WIDTH="176" HEIGHT="36" WC="0.93" CONTENT="avstyrker"/><SP WIDTH="18" VPOS="978" HPOS="1583"/>
							<String ID="string_169" HPOS="1601" VPOS="980" WIDTH="128" HEIGHT="28" WC="0.91" CONTENT="utskot-"/>
						</TextLine>
						<TextLine ID="line_17" HPOS="246" VPOS="1012" WIDTH="482" HEIGHT="38">
							<String ID="string_170" HPOS="246" VPOS="1012" WIDTH="47" HEIGHT="26" WC="0.93" CONTENT="tet"/><SP WIDTH="19" VPOS="1012" HPOS="293"/>
							<String ID="string_171" HPOS="312" VPOS="1012" WIDTH="263" HEIGHT="30" WC="0.92" CONTENT="motionärernas"/><SP WIDTH="20" VPOS="1012" HPOS="575"/>
							<String ID="string_172" HPOS="595" VPOS="1014" WIDTH="133" HEIGHT="36" WC="0.96" CONTENT="förslag."/>
						</TextLine>
					</TextBlock>
				</ComposedBlock>
				<ComposedBlock ID="cblock_3" HPOS="241" VPOS="1081" WIDTH="1488" HEIGHT="318">
					<TextBlock ID="block_4" HPOS="241" VPOS="1081" WIDTH="1488" HEIGHT="314">
						<TextLine ID="line_18" HPOS="285" VPOS="1081" WIDTH="1443" HEIGHT="48">
							<String ID="string_173" HPOS="285" VPOS="1081" WIDTH="12" HEIGHT="27" WC="0.96" CONTENT="I"/><SP WIDTH="17" VPOS="1081" HPOS="297"/>
							<String ID="string_174" HPOS="314" VPOS="1082" WIDTH="57" HEIGHT="28" WC="0.96" CONTENT="sitt"/><SP WIDTH="17" VPOS="1082" HPOS="371"/>
							<String ID="string_175" HPOS="388" VPOS="1091" WIDTH="42" HEIGHT="20" WC="0.96" CONTENT="av"/><SP WIDTH="17" VPOS="1091" HPOS="430"/>
							<String ID="string_176" HPOS="447" VPOS="1083" WIDTH="177" HEIGHT="36" WC="0.95" CONTENT="riksdagen"/><SP WIDTH="17" VPOS="1083" HPOS="624"/>
							<String ID="string_177" HPOS="641" VPOS="1086" WIDTH="175" HEIGHT="35" WC="0.96" CONTENT="godkända"/><SP WIDTH="17" VPOS="1086" HPOS="816"/>
							<String ID="string_178" HPOS="833" VPOS="1086" WIDTH="173" HEIGHT="30" WC="0.96" CONTENT="utlåtande"/><SP WIDTH="18" VPOS="1086" HPOS="1006"/>
							<String ID="string_179" HPOS="1024" VPOS="1098" WIDTH="39" HEIGHT="19" WC="0.96" CONTENT="nr"/><SP WIDTH="17" VPOS="1098" HPOS="1063"/>
							<String ID="string_180" HPOS="1080" VPOS="1090" WIDTH="17" HEIGHT="27" WC="0.95" CONTENT="2"/><SP WIDTH="19" VPOS="1090" HPOS="1097"/>
							<String ID="string_181" HPOS="1116" VPOS="1088" WIDTH="36" HEIGHT="30" WC="0.96" CONTENT="år"/><SP WIDTH="19" VPOS="1088" HPOS="1152"/>
							<String ID="string_182" HPOS="1171" VPOS="1091" WIDTH="75" HEIGHT="27" WC="0.96" CONTENT="1963"/><SP WIDTH="20" VPOS="1091" HPOS="1246"/>
							<String ID="string_183" HPOS="1266" VPOS="1092" WIDTH="139" HEIGHT="29" WC="0.96" CONTENT="anförde"/><SP WIDTH="19" VPOS="1092" HPOS="1405"/>
							<String ID="string_184" HPOS="1424" VPOS="1093" WIDTH="103" HEIGHT="28" WC="0.96" CONTENT="andra"/><SP WIDTH="19" VPOS="1093" HPOS="1527"/>
							<String ID="string_185" HPOS="1546" VPOS="1094" WIDTH="182" HEIGHT="35" WC="0.91" CONTENT="lagutskot-"/>
						</TextLine>
						<TextLine ID="line_19" HPOS="245" VPOS="1135" WIDTH="1484" HEIGHT="49">
							<String ID="string_186" HPOS="245" VPOS="1137" WIDTH="55" HEIGHT="31" WC="0.95" CONTENT="tet,"/><SP WIDTH="21" VPOS="1137" HPOS="300"/>
							<String ID="string_187" HPOS="321" VPOS="1137" WIDTH="49" HEIGHT="27" WC="0.96" CONTENT="att"/><SP WIDTH="19" VPOS="1137" HPOS="370"/>
							<String ID="string_188" HPOS="389" VPOS="1135" WIDTH="115" HEIGHT="37" WC="0.96" CONTENT="frågor"/><SP WIDTH="20" VPOS="1135" HPOS="504"/>
							<String ID="string_189" HPOS="524" VPOS="1146" WIDTH="53" HEIGHT="20" WC="0.96" CONTENT="om"/><SP WIDTH="20" VPOS="1146" HPOS="577"/>
							<String ID="string_190" HPOS="597" VPOS="1138" WIDTH="180" HEIGHT="36" WC="0.95" CONTENT="ändringar"/><SP WIDTH="21" VPOS="1138" HPOS="777"/>
							<String ID="string_191" HPOS="798" VPOS="1149" WIDTH="41" HEIGHT="20" WC="0.93" CONTENT="av"/><SP WIDTH="21" VPOS="1149" HPOS="839"/>
							<String ID="string_192" HPOS="860" VPOS="1139" WIDTH="302" HEIGHT="39" WC="0.91" CONTENT="återlånereglerna"/><SP WIDTH="22" VPOS="1139" HPOS="1162"/>
							<String ID="string_193" HPOS="1184" VPOS="1145" WIDTH="87" HEIGHT="28" WC="0.96" CONTENT="varit"/><SP WIDTH="21" VPOS="1145" HPOS="1271"/>
							<String ID="string_194" HPOS="1292" VPOS="1144" WIDTH="142" HEIGHT="30" WC="0.96" CONTENT="föremål"/><SP WIDTH="21" VPOS="1144" HPOS="1434"/>
							<String ID="string_195" HPOS="1455" VPOS="1146" WIDTH="53" HEIGHT="29" WC="0.96" CONTENT="för"/><SP WIDTH="21" VPOS="1146" HPOS="1508"/>
							<String ID="string_196" HPOS="1529" VPOS="1147" WIDTH="200" HEIGHT="37" WC="0.96" CONTENT="bedömning"/>
						</TextLine>
						<TextLine ID="line_20" HPOS="244" VPOS="1188" WIDTH="1483" HEIGHT="48">
							<String ID="string_197" HPOS="244" VPOS="1195" WIDTH="41" HEIGHT="20" WC="0.96" CONTENT="av"/><SP WIDTH="18" VPOS="1195" HPOS="285"/>
							<String ID="string_198" HPOS="303" VPOS="1188" WIDTH="178" HEIGHT="37" WC="0.96" CONTENT="riksdagen"/><SP WIDTH="17" VPOS="1188" HPOS="481"/>
							<String ID="string_199" HPOS="498" VPOS="1191" WIDTH="106" HEIGHT="28" WC="0.96" CONTENT="under"/><SP WIDTH="17" VPOS="1191" HPOS="604"/>
							<String ID="string_200" HPOS="621" VPOS="1190" WIDTH="80" HEIGHT="30" WC="0.96" CONTENT="åren"/><SP WIDTH="20" VPOS="1190" HPOS="701"/>
							<String ID="string_201" HPOS="721" VPOS="1193" WIDTH="84" HEIGHT="34" WC="0.96" CONTENT="1960,"/><SP WIDTH="21" VPOS="1193" HPOS="805"/>
							<String ID="string_202" HPOS="826" VPOS="1194" WIDTH="73" HEIGHT="28" WC="0.96" CONTENT="1961"/><SP WIDTH="21" VPOS="1194" HPOS="899"/>
							<String ID="string_203" HPOS="920" VPOS="1195" WIDTH="61" HEIGHT="28" WC="0.96" CONTENT="och"/><SP WIDTH="21" VPOS="1195" HPOS="981"/>
							<String ID="string_204" HPOS="1002" VPOS="1195" WIDTH="83" HEIGHT="29" WC="0.95" CONTENT="1962."/><SP WIDTH="19" VPOS="1195" HPOS="1085"/>
							<String ID="string_205" HPOS="1104" VPOS="1196" WIDTH="64" HEIGHT="29" WC="0.96" CONTENT="Vid"/><SP WIDTH="19" VPOS="1196" HPOS="1168"/>
							<String ID="string_206" HPOS="1187" VPOS="1197" WIDTH="94" HEIGHT="29" WC="0.96" CONTENT="dessa"/><SP WIDTH="19" VPOS="1197" HPOS="1281"/>
							<String ID="string_207" HPOS="1300" VPOS="1198" WIDTH="158" HEIGHT="30" WC="0.96" CONTENT="tillfällen"/><SP WIDTH="18" VPOS="1198" HPOS="1458"/>
							<String ID="string_208" HPOS="1476" VPOS="1200" WIDTH="86" HEIGHT="29" WC="0.96" CONTENT="hade"/><SP WIDTH="19" VPOS="1200" HPOS="1562"/>
							<String ID="string_209" HPOS="1581" VPOS="1201" WIDTH="146" HEIGHT="35" WC="0.96" CONTENT="uttalats,"/>
						</TextLine>
						<TextLine ID="line_21" HPOS="243" VPOS="1241" WIDTH="1485" HEIGHT="48">
							<String ID="string_210" HPOS="243" VPOS="1243" WIDTH="48" HEIGHT="26" WC="0.96" CONTENT="att"/><SP WIDTH="17" VPOS="1243" HPOS="291"/>
							<String ID="string_211" HPOS="308" VPOS="1241" WIDTH="230" HEIGHT="30" WC="0.96" CONTENT="erfarenheter"/><SP WIDTH="16" VPOS="1241" HPOS="538"/>
							<String ID="string_212" HPOS="554" VPOS="1245" WIDTH="11" HEIGHT="27" WC="0.96" CONTENT="i"/><SP WIDTH="17" VPOS="1245" HPOS="565"/>
							<String ID="string_213" HPOS="582" VPOS="1243" WIDTH="109" HEIGHT="37" WC="0.96" CONTENT="någon"/><SP WIDTH="17" VPOS="1243" HPOS="691"/>
							<String ID="string_214" HPOS="708" VPOS="1247" WIDTH="106" HEIGHT="28" WC="0.96" CONTENT="större"/><SP WIDTH="17" VPOS="1247" HPOS="814"/>
							<String ID="string_215" HPOS="831" VPOS="1248" WIDTH="231" HEIGHT="36" WC="0.96" CONTENT="utsträckning"/><SP WIDTH="18" VPOS="1248" HPOS="1062"/>
							<String ID="string_216" HPOS="1080" VPOS="1258" WIDTH="40" HEIGHT="20" WC="0.93" CONTENT="av"/><SP WIDTH="19" VPOS="1258" HPOS="1120"/>
							<String ID="string_217" HPOS="1139" VPOS="1250" WIDTH="169" HEIGHT="35" WC="0.92" CONTENT="reglernas"/><SP WIDTH="18" VPOS="1250" HPOS="1308"/>
							<String ID="string_218" HPOS="1326" VPOS="1253" WIDTH="204" HEIGHT="36" WC="0.96" CONTENT="verkningar"/><SP WIDTH="19" VPOS="1253" HPOS="1530"/>
							<String ID="string_219" HPOS="1549" VPOS="1255" WIDTH="88" HEIGHT="28" WC="0.96" CONTENT="ännu"/><SP WIDTH="19" VPOS="1255" HPOS="1637"/>
							<String ID="string_220" HPOS="1656" VPOS="1255" WIDTH="72" HEIGHT="28" WC="0.96" CONTENT="icke"/>
						</TextLine>
						<TextLine ID="line_22" HPOS="243" VPOS="1295" WIDTH="1483" HEIGHT="42">
							<String ID="string_221" HPOS="243" VPOS="1295" WIDTH="143" HEIGHT="27" WC="0.93" CONTENT="vunnits."/><SP WIDTH="21" VPOS="1295" HPOS="386"/>
							<String ID="string_222" HPOS="407" VPOS="1295" WIDTH="202" HEIGHT="31" WC="0.92" CONTENT="Yrkandena"/><SP WIDTH="21" VPOS="1295" HPOS="609"/>
							<String ID="string_223" HPOS="630" VPOS="1306" WIDTH="53" HEIGHT="20" WC="0.96" CONTENT="om"/><SP WIDTH="22" VPOS="1306" HPOS="683"/>
							<String ID="string_224" HPOS="705" VPOS="1299" WIDTH="140" HEIGHT="37" WC="0.96" CONTENT="ändring"/><SP WIDTH="21" VPOS="1299" HPOS="845"/>
							<String ID="string_225" HPOS="866" VPOS="1309" WIDTH="42" HEIGHT="20" WC="0.96" CONTENT="av"/><SP WIDTH="20" VPOS="1309" HPOS="908"/>
							<String ID="string_226" HPOS="928" VPOS="1301" WIDTH="152" HEIGHT="36" WC="0.96" CONTENT="reglerna"/><SP WIDTH="21" VPOS="1301" HPOS="1080"/>
							<String ID="string_227" HPOS="1101" VPOS="1303" WIDTH="85" HEIGHT="28" WC="0.96" CONTENT="hade"/><SP WIDTH="21" VPOS="1303" HPOS="1186"/>
							<String ID="string_228" HPOS="1207" VPOS="1303" WIDTH="114" HEIGHT="29" WC="0.96" CONTENT="därför"/><SP WIDTH="20" VPOS="1303" HPOS="1321"/>
							<String ID="string_229" HPOS="1341" VPOS="1305" WIDTH="73" HEIGHT="29" WC="0.96" CONTENT="icke"/><SP WIDTH="21" VPOS="1305" HPOS="1414"/>
							<String ID="string_230" HPOS="1435" VPOS="1306" WIDTH="128" HEIGHT="29" WC="0.92" CONTENT="kunnat"/><SP WIDTH="21" VPOS="1306" HPOS="1563"/>
							<String ID="string_231" HPOS="1584" VPOS="1307" WIDTH="142" HEIGHT="29" WC="0.92" CONTENT="bifallas."/>
						</TextLine>
						<TextLine ID="line_23" HPOS="241" VPOS="1346" WIDTH="1359" HEIGHT="53">
							<String ID="string_232" HPOS="241" VPOS="1346" WIDTH="110" HEIGHT="37" WC="0.96" CONTENT="Enligt"/><SP WIDTH="21" VPOS="1346" HPOS="351"/>
							<String ID="string_233" HPOS="372" VPOS="1349" WIDTH="178" HEIGHT="29" WC="0.96" CONTENT="utskottets"/><SP WIDTH="21" VPOS="1349" HPOS="550"/>
							<String ID="string_234" HPOS="571" VPOS="1352" WIDTH="133" HEIGHT="35" WC="0.96" CONTENT="mening"/><SP WIDTH="22" VPOS="1352" HPOS="704"/>
							<String ID="string_235" HPOS="726" VPOS="1351" WIDTH="126" HEIGHT="37" WC="0.97" CONTENT="förelåg"/><SP WIDTH="20" VPOS="1351" HPOS="852"/>
							<String ID="string_236" HPOS="872" VPOS="1354" WIDTH="73" HEIGHT="28" WC="0.96" CONTENT="icke"/><SP WIDTH="21" VPOS="1354" HPOS="945"/>
							<String ID="string_237" HPOS="966" VPOS="1355" WIDTH="72" HEIGHT="28" WC="0.96" CONTENT="skäl"/><SP WIDTH="21" VPOS="1355" HPOS="1038"/>
							<String ID="string_238" HPOS="1059" VPOS="1355" WIDTH="50" HEIGHT="28" WC="0.96" CONTENT="till"/><SP WIDTH="22" VPOS="1355" HPOS="1109"/>
							<String ID="string_239" HPOS="1131" VPOS="1356" WIDTH="119" HEIGHT="29" WC="0.96" CONTENT="ändrat"/><SP WIDTH="21" VPOS="1356" HPOS="1250"/>
							<String ID="string_240" HPOS="1271" VPOS="1354" WIDTH="329" HEIGHT="45" WC="0.90" CONTENT="ställningstagande."/>
						</TextLine>
					</TextBlock>
				</ComposedBlock>
				<ComposedBlock ID="cblock_4" HPOS="898" VPOS="1459" WIDTH="169" HEIGHT="31">
					<TextBlock ID="block_5" HPOS="898" VPOS="1459" WIDTH="169" HEIGHT="31">
						<TextLine ID="line_24" HPOS="898" VPOS="1459" WIDTH="169" HEIGHT="31">
							<String ID="string_241" HPOS="898" VPOS="1459" WIDTH="169" HEIGHT="31" WC="0.96" CONTENT="Utskottet"/>
						</TextLine>
					</TextBlock>
				</ComposedBlock>
				<ComposedBlock ID="cblock_5" HPOS="232" VPOS="1533" WIDTH="1493" HEIGHT="954">
					<TextBlock ID="block_6" HPOS="233" VPOS="1533" WIDTH="1492" HEIGHT="840">
						<TextLine ID="line_25" HPOS="280" VPOS="1533" WIDTH="1445" HEIGHT="48">
							<String ID="string_242" HPOS="280" VPOS="1533" WIDTH="423" HEIGHT="40" WC="0.91" CONTENT="Tilläggspensioneringen"/><SP WIDTH="18" VPOS="1533" HPOS="703"/>
							<String ID="string_243" HPOS="721" VPOS="1538" WIDTH="198" HEIGHT="30" WC="0.95" CONTENT="finansieras"/><SP WIDTH="18" VPOS="1538" HPOS="919"/>
							<String ID="string_244" HPOS="937" VPOS="1548" WIDTH="118" HEIGHT="28" WC="0.96" CONTENT="genom"/><SP WIDTH="19" VPOS="1548" HPOS="1055"/>
							<String ID="string_245" HPOS="1074" VPOS="1543" WIDTH="153" HEIGHT="34" WC="0.96" CONTENT="avgifter,"/><SP WIDTH="19" VPOS="1543" HPOS="1227"/>
							<String ID="string_246" HPOS="1246" VPOS="1544" WIDTH="91" HEIGHT="28" WC="0.96" CONTENT="vilka"/><SP WIDTH="18" VPOS="1544" HPOS="1337"/>
							<String ID="string_247" HPOS="1355" VPOS="1545" WIDTH="140" HEIGHT="36" WC="0.92" CONTENT="inflyter"/><SP WIDTH="18" VPOS="1545" HPOS="1495"/>
							<String ID="string_248" HPOS="1513" VPOS="1546" WIDTH="51" HEIGHT="28" WC="0.96" CONTENT="till"/><SP WIDTH="18" VPOS="1546" HPOS="1564"/>
							<String ID="string_249" HPOS="1582" VPOS="1546" WIDTH="65" HEIGHT="29" WC="0.93" CONTENT="den"/><SP WIDTH="18" VPOS="1546" HPOS="1647"/>
							<String ID="string_250" HPOS="1665" VPOS="1547" WIDTH="60" HEIGHT="28" WC="0.90" CONTENT="all-"/>
						</TextLine>
						<TextLine ID="line_26" HPOS="240" VPOS="1587" WIDTH="1485" HEIGHT="47">
							<String ID="string_251" HPOS="240" VPOS="1587" WIDTH="120" HEIGHT="28" WC="0.90" CONTENT="männa"/><SP WIDTH="26" VPOS="1587" HPOS="360"/>
							<String ID="string_252" HPOS="386" VPOS="1589" WIDTH="290" HEIGHT="34" WC="0.89" CONTENT="pensionsfonden."/><SP WIDTH="27" VPOS="1589" HPOS="676"/>
							<String ID="string_253" HPOS="703" VPOS="1592" WIDTH="150" HEIGHT="29" WC="0.96" CONTENT="Fondens"/><SP WIDTH="27" VPOS="1592" HPOS="853"/>
							<String ID="string_254" HPOS="880" VPOS="1593" WIDTH="179" HEIGHT="37" WC="0.96" CONTENT="tillgångar"/><SP WIDTH="25" VPOS="1593" HPOS="1059"/>
							<String ID="string_255" HPOS="1084" VPOS="1595" WIDTH="86" HEIGHT="28" WC="0.96" CONTENT="skall"/><SP WIDTH="27" VPOS="1595" HPOS="1170"/>
							<String ID="string_256" HPOS="1197" VPOS="1597" WIDTH="104" HEIGHT="35" WC="0.95" CONTENT="enligt"/><SP WIDTH="26" VPOS="1597" HPOS="1301"/>
							<String ID="string_257" HPOS="1327" VPOS="1598" WIDTH="219" HEIGHT="36" WC="0.96" CONTENT="reglementet"/><SP WIDTH="26" VPOS="1598" HPOS="1546"/>
							<String ID="string_258" HPOS="1572" VPOS="1600" WIDTH="54" HEIGHT="28" WC="0.96" CONTENT="för"/><SP WIDTH="25" VPOS="1600" HPOS="1626"/>
							<String ID="string_259" HPOS="1651" VPOS="1600" WIDTH="74" HEIGHT="28" WC="0.96" CONTENT="dess"/>
						</TextLine>
						<TextLine ID="line_27" HPOS="239" VPOS="1640" WIDTH="1486" HEIGHT="43">
							<String ID="string_260" HPOS="239" VPOS="1640" WIDTH="205" HEIGHT="38" WC="0.96" CONTENT="förvaltning"/><SP WIDTH="18" VPOS="1640" HPOS="444"/>
							<String ID="string_261" HPOS="462" VPOS="1642" WIDTH="149" HEIGHT="36" WC="0.95" CONTENT="placeras"/><SP WIDTH="19" VPOS="1642" HPOS="611"/>
							<String ID="string_262" HPOS="630" VPOS="1644" WIDTH="70" HEIGHT="29" WC="0.96" CONTENT="dels"/><SP WIDTH="19" VPOS="1644" HPOS="700"/>
							<String ID="string_263" HPOS="719" VPOS="1646" WIDTH="9" HEIGHT="27" WC="0.95" CONTENT="i"/><SP WIDTH="19" VPOS="1646" HPOS="728"/>
							<String ID="string_264" HPOS="747" VPOS="1646" WIDTH="87" HEIGHT="28" WC="0.96" CONTENT="vissa"/><SP WIDTH="19" VPOS="1646" HPOS="834"/>
							<String ID="string_265" HPOS="853" VPOS="1646" WIDTH="71" HEIGHT="36" WC="0.96" CONTENT="slag"/><SP WIDTH="20" VPOS="1646" HPOS="924"/>
							<String ID="string_266" HPOS="944" VPOS="1656" WIDTH="42" HEIGHT="20" WC="0.96" CONTENT="av"/><SP WIDTH="18" VPOS="1656" HPOS="986"/>
							<String ID="string_267" HPOS="1004" VPOS="1648" WIDTH="220" HEIGHT="35" WC="0.96" CONTENT="obligationer"/><SP WIDTH="18" VPOS="1648" HPOS="1224"/>
							<String ID="string_268" HPOS="1242" VPOS="1651" WIDTH="60" HEIGHT="28" WC="0.93" CONTENT="och"/><SP WIDTH="20" VPOS="1651" HPOS="1302"/>
							<String ID="string_269" HPOS="1322" VPOS="1651" WIDTH="322" HEIGHT="30" WC="0.92" CONTENT="skuldförbindelser"/><SP WIDTH="20" VPOS="1651" HPOS="1644"/>
							<String ID="string_270" HPOS="1664" VPOS="1653" WIDTH="61" HEIGHT="29" WC="0.96" CONTENT="och"/>
						</TextLine>
						<TextLine ID="line_28" HPOS="239" VPOS="1693" WIDTH="1485" HEIGHT="53">
							<String ID="string_271" HPOS="239" VPOS="1693" WIDTH="69" HEIGHT="30" WC="0.95" CONTENT="dels"/><SP WIDTH="24" VPOS="1693" HPOS="308"/>
							<String ID="string_272" HPOS="332" VPOS="1703" WIDTH="69" HEIGHT="20" WC="0.95" CONTENT="som"/><SP WIDTH="26" VPOS="1703" HPOS="401"/>
							<String ID="string_273" HPOS="427" VPOS="1694" WIDTH="57" HEIGHT="30" WC="0.95" CONTENT="lån"/><SP WIDTH="25" VPOS="1694" HPOS="484"/>
							<String ID="string_274" HPOS="509" VPOS="1697" WIDTH="50" HEIGHT="28" WC="0.93" CONTENT="till"/><SP WIDTH="25" VPOS="1697" HPOS="559"/>
							<String ID="string_275" HPOS="584" VPOS="1697" WIDTH="344" HEIGHT="39" WC="0.92" CONTENT="kreditinrättningar."/><SP WIDTH="27" VPOS="1697" HPOS="928"/>
							<String ID="string_276" HPOS="955" VPOS="1701" WIDTH="292" HEIGHT="37" WC="0.96" CONTENT="Förutsättningen"/><SP WIDTH="27" VPOS="1701" HPOS="1247"/>
							<String ID="string_277" HPOS="1274" VPOS="1704" WIDTH="52" HEIGHT="27" WC="0.96" CONTENT="för"/><SP WIDTH="27" VPOS="1704" HPOS="1326"/>
							<String ID="string_278" HPOS="1353" VPOS="1706" WIDTH="49" HEIGHT="27" WC="0.96" CONTENT="att"/><SP WIDTH="26" VPOS="1706" HPOS="1402"/>
							<String ID="string_279" HPOS="1428" VPOS="1701" WIDTH="296" HEIGHT="45" WC="0.92" CONTENT="kreditinrättning"/>
						</TextLine>
						<TextLine ID="line_29" HPOS="238" VPOS="1747" WIDTH="1485" HEIGHT="49">
							<String ID="string_280" HPOS="238" VPOS="1747" WIDTH="84" HEIGHT="29" WC="0.96" CONTENT="skall"/><SP WIDTH="18" VPOS="1747" HPOS="322"/>
							<String ID="string_281" HPOS="340" VPOS="1747" WIDTH="34" HEIGHT="30" WC="0.96" CONTENT="få"/><SP WIDTH="18" VPOS="1747" HPOS="374"/>
							<String ID="string_282" HPOS="392" VPOS="1747" WIDTH="56" HEIGHT="31" WC="0.95" CONTENT="lån"/><SP WIDTH="17" VPOS="1747" HPOS="448"/>
							<String ID="string_283" HPOS="465" VPOS="1758" WIDTH="40" HEIGHT="20" WC="0.95" CONTENT="ur"/><SP WIDTH="17" VPOS="1758" HPOS="505"/>
							<String ID="string_284" HPOS="522" VPOS="1750" WIDTH="124" HEIGHT="29" WC="0.96" CONTENT="fonden"/><SP WIDTH="18" VPOS="1750" HPOS="646"/>
							<String ID="string_285" HPOS="664" VPOS="1753" WIDTH="37" HEIGHT="27" WC="0.96" CONTENT="är"/><SP WIDTH="18" VPOS="1753" HPOS="701"/>
							<String ID="string_286" HPOS="719" VPOS="1754" WIDTH="48" HEIGHT="26" WC="0.92" CONTENT="att"/><SP WIDTH="17" VPOS="1754" HPOS="767"/>
							<String ID="string_287" HPOS="784" VPOS="1753" WIDTH="229" HEIGHT="37" WC="0.91" CONTENT="inrättningen"/><SP WIDTH="17" VPOS="1753" HPOS="1013"/>
							<String ID="string_288" HPOS="1030" VPOS="1755" WIDTH="10" HEIGHT="28" WC="0.96" CONTENT="i"/><SP WIDTH="18" VPOS="1755" HPOS="1040"/>
							<String ID="string_289" HPOS="1058" VPOS="1756" WIDTH="50" HEIGHT="27" WC="0.96" CONTENT="sin"/><SP WIDTH="18" VPOS="1756" HPOS="1108"/>
							<String ID="string_290" HPOS="1126" VPOS="1758" WIDTH="54" HEIGHT="26" WC="0.93" CONTENT="tur"/><SP WIDTH="19" VPOS="1758" HPOS="1180"/>
							<String ID="string_291" HPOS="1199" VPOS="1755" WIDTH="134" HEIGHT="30" WC="0.92" CONTENT="utlånar"/><SP WIDTH="17" VPOS="1755" HPOS="1333"/>
							<String ID="string_292" HPOS="1350" VPOS="1759" WIDTH="235" HEIGHT="28" WC="0.96" CONTENT="motsvarande"/><SP WIDTH="18" VPOS="1759" HPOS="1585"/>
							<String ID="string_293" HPOS="1603" VPOS="1759" WIDTH="120" HEIGHT="37" WC="0.96" CONTENT="belopp"/>
						</TextLine>
						<TextLine ID="line_30" HPOS="239" VPOS="1801" WIDTH="1484" HEIGHT="47">
							<String ID="string_294" HPOS="239" VPOS="1801" WIDTH="51" HEIGHT="28" WC="0.96" CONTENT="till"/><SP WIDTH="18" VPOS="1801" HPOS="290"/>
							<String ID="string_295" HPOS="308" VPOS="1801" WIDTH="188" HEIGHT="37" WC="0.96" CONTENT="företagare"/><SP WIDTH="18" VPOS="1801" HPOS="496"/>
							<String ID="string_296" HPOS="514" VPOS="1812" WIDTH="72" HEIGHT="20" WC="0.96" CONTENT="som"/><SP WIDTH="19" VPOS="1812" HPOS="586"/>
							<String ID="string_297" HPOS="605" VPOS="1805" WIDTH="107" HEIGHT="36" WC="0.93" CONTENT="erlagt"/><SP WIDTH="19" VPOS="1805" HPOS="712"/>
							<String ID="string_298" HPOS="731" VPOS="1806" WIDTH="271" HEIGHT="37" WC="0.91" CONTENT="pensionsavgift."/><SP WIDTH="19" VPOS="1806" HPOS="1002"/>
							<String ID="string_299" HPOS="1021" VPOS="1807" WIDTH="105" HEIGHT="31" WC="0.92" CONTENT="Lånet"/><SP WIDTH="18" VPOS="1807" HPOS="1126"/>
							<String ID="string_300" HPOS="1144" VPOS="1808" WIDTH="52" HEIGHT="30" WC="0.96" CONTENT="får"/><SP WIDTH="21" VPOS="1808" HPOS="1196"/>
							<String ID="string_301" HPOS="1217" VPOS="1809" WIDTH="109" HEIGHT="37" WC="0.96" CONTENT="uppgå"/><SP WIDTH="20" VPOS="1809" HPOS="1326"/>
							<String ID="string_302" HPOS="1346" VPOS="1811" WIDTH="52" HEIGHT="28" WC="0.96" CONTENT="till"/><SP WIDTH="18" VPOS="1811" HPOS="1398"/>
							<String ID="string_303" HPOS="1416" VPOS="1811" WIDTH="98" HEIGHT="37" WC="0.96" CONTENT="högst"/><SP WIDTH="18" VPOS="1811" HPOS="1514"/>
							<String ID="string_304" HPOS="1532" VPOS="1812" WIDTH="130" HEIGHT="29" WC="0.96" CONTENT="hälften"/><SP WIDTH="19" VPOS="1812" HPOS="1662"/>
							<String ID="string_305" HPOS="1681" VPOS="1822" WIDTH="42" HEIGHT="20" WC="0.96" CONTENT="av"/>
						</TextLine>
						<TextLine ID="line_31" HPOS="237" VPOS="1854" WIDTH="1485" HEIGHT="44">
							<String ID="string_306" HPOS="237" VPOS="1854" WIDTH="64" HEIGHT="29" WC="0.96" CONTENT="den"/><SP WIDTH="17" VPOS="1854" HPOS="301"/>
							<String ID="string_307" HPOS="318" VPOS="1856" WIDTH="135" HEIGHT="35" WC="0.93" CONTENT="erlagda"/><SP WIDTH="17" VPOS="1856" HPOS="453"/>
							<String ID="string_308" HPOS="470" VPOS="1858" WIDTH="315" HEIGHT="36" WC="0.92" CONTENT="pensionsavgiften."/><SP WIDTH="19" VPOS="1858" HPOS="785"/>
							<String ID="string_309" HPOS="804" VPOS="1860" WIDTH="64" HEIGHT="29" WC="0.96" CONTENT="Det"/><SP WIDTH="16" VPOS="1860" HPOS="868"/>
							<String ID="string_310" HPOS="884" VPOS="1860" WIDTH="107" HEIGHT="36" WC="0.96" CONTENT="lägsta"/><SP WIDTH="17" VPOS="1860" HPOS="991"/>
							<String ID="string_311" HPOS="1008" VPOS="1861" WIDTH="119" HEIGHT="37" WC="0.96" CONTENT="belopp"/><SP WIDTH="17" VPOS="1861" HPOS="1127"/>
							<String ID="string_312" HPOS="1144" VPOS="1871" WIDTH="70" HEIGHT="20" WC="0.97" CONTENT="som"/><SP WIDTH="19" VPOS="1871" HPOS="1214"/>
							<String ID="string_313" HPOS="1233" VPOS="1862" WIDTH="41" HEIGHT="36" WC="0.96" CONTENT="på"/><SP WIDTH="19" VPOS="1862" HPOS="1274"/>
							<String ID="string_314" HPOS="1293" VPOS="1864" WIDTH="91" HEIGHT="29" WC="0.96" CONTENT="detta"/><SP WIDTH="18" VPOS="1864" HPOS="1384"/>
							<String ID="string_315" HPOS="1402" VPOS="1866" WIDTH="66" HEIGHT="27" WC="0.96" CONTENT="sätt"/><SP WIDTH="18" VPOS="1866" HPOS="1468"/>
							<String ID="string_316" HPOS="1486" VPOS="1864" WIDTH="52" HEIGHT="30" WC="0.93" CONTENT="får"/><SP WIDTH="18" VPOS="1864" HPOS="1538"/>
							<String ID="string_317" HPOS="1556" VPOS="1864" WIDTH="166" HEIGHT="31" WC="0.89" CONTENT="återlånas"/>
						</TextLine>
						<TextLine ID="line_32" HPOS="237" VPOS="1908" WIDTH="1485" HEIGHT="47">
							<String ID="string_318" HPOS="237" VPOS="1908" WIDTH="37" HEIGHT="28" WC="0.96" CONTENT="är"/><SP WIDTH="20" VPOS="1908" HPOS="274"/>
							<String ID="string_319" HPOS="294" VPOS="1909" WIDTH="57" HEIGHT="28" WC="0.96" CONTENT="500"/><SP WIDTH="21" VPOS="1909" HPOS="351"/>
							<String ID="string_320" HPOS="372" VPOS="1909" WIDTH="133" HEIGHT="30" WC="0.95" CONTENT="kronor."/><SP WIDTH="21" VPOS="1909" HPOS="505"/>
							<String ID="string_321" HPOS="526" VPOS="1911" WIDTH="63" HEIGHT="28" WC="0.95" CONTENT="Om"/><SP WIDTH="20" VPOS="1911" HPOS="589"/>
							<String ID="string_322" HPOS="609" VPOS="1911" WIDTH="41" HEIGHT="29" WC="0.95" CONTENT="de"/><SP WIDTH="21" VPOS="1911" HPOS="650"/>
							<String ID="string_323" HPOS="671" VPOS="1912" WIDTH="52" HEIGHT="28" WC="0.95" CONTENT="för"/><SP WIDTH="22" VPOS="1912" HPOS="723"/>
							<String ID="string_324" HPOS="745" VPOS="1914" WIDTH="47" HEIGHT="27" WC="0.95" CONTENT="ett"/><SP WIDTH="20" VPOS="1914" HPOS="792"/>
							<String ID="string_325" HPOS="812" VPOS="1912" WIDTH="37" HEIGHT="30" WC="0.93" CONTENT="år"/><SP WIDTH="21" VPOS="1912" HPOS="849"/>
							<String ID="string_326" HPOS="870" VPOS="1913" WIDTH="170" HEIGHT="30" WC="0.91" CONTENT="inbetalda"/><SP WIDTH="21" VPOS="1913" HPOS="1040"/>
							<String ID="string_327" HPOS="1061" VPOS="1916" WIDTH="345" HEIGHT="36" WC="0.92" CONTENT="pensionsavgifterna"/><SP WIDTH="23" VPOS="1916" HPOS="1406"/>
							<String ID="string_328" HPOS="1429" VPOS="1919" WIDTH="69" HEIGHT="28" WC="0.96" CONTENT="inte"/><SP WIDTH="22" VPOS="1919" HPOS="1498"/>
							<String ID="string_329" HPOS="1520" VPOS="1918" WIDTH="129" HEIGHT="37" WC="0.90" CONTENT="uppgår"/><SP WIDTH="22" VPOS="1918" HPOS="1649"/>
							<String ID="string_330" HPOS="1671" VPOS="1920" WIDTH="51" HEIGHT="28" WC="0.96" CONTENT="till"/>
						</TextLine>
						<TextLine ID="line_33" HPOS="239" VPOS="1962" WIDTH="1482" HEIGHT="45">
							<String ID="string_331" HPOS="239" VPOS="1962" WIDTH="85" HEIGHT="28" WC="0.93" CONTENT="1000"/><SP WIDTH="24" VPOS="1962" HPOS="324"/>
							<String ID="string_332" HPOS="348" VPOS="1962" WIDTH="123" HEIGHT="29" WC="0.96" CONTENT="kronor"/><SP WIDTH="23" VPOS="1962" HPOS="471"/>
							<String ID="string_333" HPOS="494" VPOS="1963" WIDTH="66" HEIGHT="29" WC="0.93" CONTENT="kan"/><SP WIDTH="23" VPOS="1963" HPOS="560"/>
							<String ID="string_334" HPOS="583" VPOS="1963" WIDTH="128" HEIGHT="30" WC="0.92" CONTENT="återlån"/><SP WIDTH="25" VPOS="1963" HPOS="711"/>
							<String ID="string_335" HPOS="736" VPOS="1965" WIDTH="96" HEIGHT="30" WC="0.95" CONTENT="alltså"/><SP WIDTH="24" VPOS="1965" HPOS="832"/>
							<String ID="string_336" HPOS="856" VPOS="1967" WIDTH="69" HEIGHT="28" WC="0.96" CONTENT="inte"/><SP WIDTH="24" VPOS="1967" HPOS="925"/>
							<String ID="string_337" HPOS="949" VPOS="1967" WIDTH="132" HEIGHT="29" WC="0.96" CONTENT="komma"/><SP WIDTH="24" VPOS="1967" HPOS="1081"/>
							<String ID="string_338" HPOS="1105" VPOS="1970" WIDTH="10" HEIGHT="27" WC="0.96" CONTENT="i"/><SP WIDTH="24" VPOS="1970" HPOS="1115"/>
							<String ID="string_339" HPOS="1139" VPOS="1968" WIDTH="105" HEIGHT="37" WC="0.95" CONTENT="fråga."/><SP WIDTH="24" VPOS="1968" HPOS="1244"/>
							<String ID="string_340" HPOS="1268" VPOS="1970" WIDTH="131" HEIGHT="29" WC="0.96" CONTENT="Räntan"/><SP WIDTH="25" VPOS="1970" HPOS="1399"/>
							<String ID="string_341" HPOS="1424" VPOS="1970" WIDTH="41" HEIGHT="37" WC="0.93" CONTENT="på"/><SP WIDTH="26" VPOS="1970" HPOS="1465"/>
							<String ID="string_342" HPOS="1491" VPOS="1972" WIDTH="230" HEIGHT="29" WC="0.92" CONTENT="kreditinrätt-"/>
						</TextLine>
						<TextLine ID="line_34" HPOS="236" VPOS="2015" WIDTH="1485" HEIGHT="52">
							<String ID="string_343" HPOS="236" VPOS="2015" WIDTH="138" HEIGHT="36" WC="0.96" CONTENT="ningens"/><SP WIDTH="19" VPOS="2015" HPOS="374"/>
							<String ID="string_344" HPOS="393" VPOS="2015" WIDTH="56" HEIGHT="30" WC="0.96" CONTENT="lån"/><SP WIDTH="20" VPOS="2015" HPOS="449"/>
							<String ID="string_345" HPOS="469" VPOS="2016" WIDTH="76" HEIGHT="30" WC="0.96" CONTENT="från"/><SP WIDTH="19" VPOS="2016" HPOS="545"/>
							<String ID="string_346" HPOS="564" VPOS="2018" WIDTH="123" HEIGHT="28" WC="0.96" CONTENT="fonden"/><SP WIDTH="20" VPOS="2018" HPOS="687"/>
							<String ID="string_347" HPOS="707" VPOS="2019" WIDTH="84" HEIGHT="28" WC="0.96" CONTENT="skall"/><SP WIDTH="20" VPOS="2019" HPOS="791"/>
							<String ID="string_348" HPOS="811" VPOS="2020" WIDTH="11" HEIGHT="27" WC="0.96" CONTENT="i"/><SP WIDTH="19" VPOS="2020" HPOS="822"/>
							<String ID="string_349" HPOS="841" VPOS="2020" WIDTH="90" HEIGHT="36" WC="0.96" CONTENT="regel"/><SP WIDTH="20" VPOS="2020" HPOS="931"/>
							<String ID="string_350" HPOS="951" VPOS="2022" WIDTH="165" HEIGHT="35" WC="0.96" CONTENT="överstiga"/><SP WIDTH="20" VPOS="2022" HPOS="1116"/>
							<String ID="string_351" HPOS="1136" VPOS="2022" WIDTH="117" HEIGHT="36" WC="0.96" CONTENT="högsta"/><SP WIDTH="21" VPOS="2022" HPOS="1253"/>
							<String ID="string_352" HPOS="1274" VPOS="2032" WIDTH="41" HEIGHT="20" WC="0.96" CONTENT="av"/><SP WIDTH="20" VPOS="2032" HPOS="1315"/>
							<String ID="string_353" HPOS="1335" VPOS="2024" WIDTH="173" HEIGHT="30" WC="0.96" CONTENT="bankerna"/><SP WIDTH="20" VPOS="2024" HPOS="1508"/>
							<String ID="string_354" HPOS="1528" VPOS="2021" WIDTH="193" HEIGHT="46" WC="0.96" CONTENT="tillämpade"/>
						</TextLine>
						<TextLine ID="line_35" HPOS="235" VPOS="2067" WIDTH="1485" HEIGHT="43">
							<String ID="string_355" HPOS="235" VPOS="2067" WIDTH="264" HEIGHT="38" WC="0.96" CONTENT="inlåningsränta"/><SP WIDTH="19" VPOS="2067" HPOS="499"/>
							<String ID="string_356" HPOS="518" VPOS="2071" WIDTH="75" HEIGHT="29" WC="0.96" CONTENT="med"/><SP WIDTH="18" VPOS="2071" HPOS="593"/>
							<String ID="string_357" HPOS="611" VPOS="2079" WIDTH="42" HEIGHT="21" WC="0.96" CONTENT="en"/><SP WIDTH="17" VPOS="2079" HPOS="653"/>
							<String ID="string_358" HPOS="670" VPOS="2071" WIDTH="79" HEIGHT="29" WC="0.96" CONTENT="halv"/><SP WIDTH="18" VPOS="2071" HPOS="749"/>
							<String ID="string_359" HPOS="767" VPOS="2075" WIDTH="145" HEIGHT="33" WC="0.96" CONTENT="procent."/><SP WIDTH="19" VPOS="2075" HPOS="912"/>
							<String ID="string_360" HPOS="931" VPOS="2073" WIDTH="111" HEIGHT="37" WC="0.96" CONTENT="Några"/><SP WIDTH="19" VPOS="2073" HPOS="1042"/>
							<String ID="string_361" HPOS="1061" VPOS="2075" WIDTH="250" HEIGHT="30" WC="0.96" CONTENT="bestämmelser"/><SP WIDTH="18" VPOS="2075" HPOS="1311"/>
							<String ID="string_362" HPOS="1329" VPOS="2085" WIDTH="54" HEIGHT="20" WC="0.96" CONTENT="om"/><SP WIDTH="19" VPOS="2085" HPOS="1383"/>
							<String ID="string_363" HPOS="1402" VPOS="2078" WIDTH="115" HEIGHT="29" WC="0.96" CONTENT="vilken"/><SP WIDTH="18" VPOS="2078" HPOS="1517"/>
							<String ID="string_364" HPOS="1535" VPOS="2080" WIDTH="96" HEIGHT="27" WC="0.96" CONTENT="ränta"/><SP WIDTH="19" VPOS="2080" HPOS="1631"/>
							<String ID="string_365" HPOS="1650" VPOS="2088" WIDTH="70" HEIGHT="20" WC="0.96" CONTENT="som"/>
						</TextLine>
						<TextLine ID="line_36" HPOS="235" VPOS="2122" WIDTH="1485" HEIGHT="41">
							<String ID="string_366" HPOS="235" VPOS="2122" WIDTH="85" HEIGHT="28" WC="0.96" CONTENT="skall"/><SP WIDTH="26" VPOS="2122" HPOS="320"/>
							<String ID="string_367" HPOS="346" VPOS="2122" WIDTH="169" HEIGHT="36" WC="0.96" CONTENT="tillämpas"/><SP WIDTH="26" VPOS="2122" HPOS="515"/>
							<String ID="string_368" HPOS="541" VPOS="2124" WIDTH="124" HEIGHT="29" WC="0.93" CONTENT="mellan"/><SP WIDTH="26" VPOS="2124" HPOS="665"/>
							<String ID="string_369" HPOS="691" VPOS="2125" WIDTH="339" HEIGHT="38" WC="0.92" CONTENT="kreditinrättningen"/><SP WIDTH="28" VPOS="2125" HPOS="1030"/>
							<String ID="string_370" HPOS="1058" VPOS="2128" WIDTH="59" HEIGHT="28" WC="0.96" CONTENT="och"/><SP WIDTH="28" VPOS="2128" HPOS="1117"/>
							<String ID="string_371" HPOS="1145" VPOS="2129" WIDTH="64" HEIGHT="28" WC="0.96" CONTENT="den"/><SP WIDTH="28" VPOS="2129" HPOS="1209"/>
							<String ID="string_372" HPOS="1237" VPOS="2138" WIDTH="70" HEIGHT="20" WC="0.92" CONTENT="som"/><SP WIDTH="28" VPOS="2138" HPOS="1307"/>
							<String ID="string_373" HPOS="1335" VPOS="2129" WIDTH="169" HEIGHT="31" WC="0.92" CONTENT="återlånar"/><SP WIDTH="27" VPOS="2129" HPOS="1504"/>
							<String ID="string_374" HPOS="1531" VPOS="2132" WIDTH="189" HEIGHT="29" WC="0.92" CONTENT="inbetalade"/>
						</TextLine>
						<TextLine ID="line_37" HPOS="234" VPOS="2176" WIDTH="1484" HEIGHT="38">
							<String ID="string_375" HPOS="234" VPOS="2176" WIDTH="302" HEIGHT="36" WC="0.92" CONTENT="pensionsavgifter"/><SP WIDTH="21" VPOS="2176" HPOS="536"/>
							<String ID="string_376" HPOS="557" VPOS="2177" WIDTH="89" HEIGHT="30" WC="0.96" CONTENT="finns"/><SP WIDTH="22" VPOS="2177" HPOS="646"/>
							<String ID="string_377" HPOS="668" VPOS="2179" WIDTH="78" HEIGHT="34" WC="0.96" CONTENT="inte,"/><SP WIDTH="23" VPOS="2179" HPOS="746"/>
							<String ID="string_378" HPOS="769" VPOS="2181" WIDTH="81" HEIGHT="27" WC="0.93" CONTENT="utan"/><SP WIDTH="21" VPOS="2181" HPOS="850"/>
							<String ID="string_379" HPOS="871" VPOS="2181" WIDTH="138" HEIGHT="28" WC="0.92" CONTENT="räntans"/><SP WIDTH="21" VPOS="2181" HPOS="1009"/>
							<String ID="string_380" HPOS="1030" VPOS="2181" WIDTH="123" HEIGHT="29" WC="0.96" CONTENT="storlek"/><SP WIDTH="24" VPOS="2181" HPOS="1153"/>
							<String ID="string_381" HPOS="1177" VPOS="2183" WIDTH="36" HEIGHT="27" WC="0.96" CONTENT="är"/><SP WIDTH="23" VPOS="2183" HPOS="1213"/>
							<String ID="string_382" HPOS="1236" VPOS="2183" WIDTH="55" HEIGHT="28" WC="0.96" CONTENT="vid"/><SP WIDTH="24" VPOS="2183" HPOS="1291"/>
							<String ID="string_383" HPOS="1315" VPOS="2183" WIDTH="95" HEIGHT="30" WC="0.96" CONTENT="dessa"/><SP WIDTH="22" VPOS="2183" HPOS="1410"/>
							<String ID="string_384" HPOS="1432" VPOS="2183" WIDTH="57" HEIGHT="30" WC="0.96" CONTENT="lån"/><SP WIDTH="21" VPOS="2183" HPOS="1489"/>
							<String ID="string_385" HPOS="1510" VPOS="2185" WIDTH="11" HEIGHT="28" WC="0.96" CONTENT="i"/><SP WIDTH="22" VPOS="2185" HPOS="1521"/>
							<String ID="string_386" HPOS="1543" VPOS="2185" WIDTH="175" HEIGHT="29" WC="0.96" CONTENT="huvudsak"/>
						</TextLine>
						<TextLine ID="line_38" HPOS="234" VPOS="2228" WIDTH="1485" HEIGHT="41">
							<String ID="string_387" HPOS="234" VPOS="2228" WIDTH="165" HEIGHT="30" WC="0.96" CONTENT="beroende"/><SP WIDTH="26" VPOS="2228" HPOS="399"/>
							<String ID="string_388" HPOS="425" VPOS="2238" WIDTH="42" HEIGHT="20" WC="0.96" CONTENT="av"/><SP WIDTH="26" VPOS="2238" HPOS="467"/>
							<String ID="string_389" HPOS="493" VPOS="2229" WIDTH="63" HEIGHT="29" WC="0.96" CONTENT="den"/><SP WIDTH="26" VPOS="2229" HPOS="556"/>
							<String ID="string_390" HPOS="582" VPOS="2231" WIDTH="156" HEIGHT="29" WC="0.96" CONTENT="säkerhet"/><SP WIDTH="25" VPOS="2231" HPOS="738"/>
							<String ID="string_391" HPOS="763" VPOS="2240" WIDTH="70" HEIGHT="21" WC="0.96" CONTENT="som"/><SP WIDTH="25" VPOS="2240" HPOS="833"/>
							<String ID="string_392" HPOS="858" VPOS="2233" WIDTH="68" HEIGHT="28" WC="0.96" CONTENT="kan"/><SP WIDTH="25" VPOS="2233" HPOS="926"/>
							<String ID="string_393" HPOS="951" VPOS="2234" WIDTH="166" HEIGHT="35" WC="0.93" CONTENT="erbjudas."/><SP WIDTH="27" VPOS="2234" HPOS="1117"/>
							<String ID="string_394" HPOS="1144" VPOS="2231" WIDTH="140" HEIGHT="33" WC="0.91" CONTENT="Återlån"/><SP WIDTH="26" VPOS="2231" HPOS="1284"/>
							<String ID="string_395" HPOS="1310" VPOS="2235" WIDTH="78" HEIGHT="30" WC="0.96" CONTENT="från"/><SP WIDTH="25" VPOS="2235" HPOS="1388"/>
							<String ID="string_396" HPOS="1413" VPOS="2237" WIDTH="126" HEIGHT="29" WC="0.96" CONTENT="fonden"/><SP WIDTH="25" VPOS="2237" HPOS="1539"/>
							<String ID="string_397" HPOS="1564" VPOS="2238" WIDTH="85" HEIGHT="29" WC="0.96" CONTENT="skall"/><SP WIDTH="28" VPOS="2238" HPOS="1649"/>
							<String ID="string_398" HPOS="1677" VPOS="2248" WIDTH="42" HEIGHT="19" WC="0.96" CONTENT="av"/>
						</TextLine>
						<TextLine ID="line_39" HPOS="234" VPOS="2282" WIDTH="1484" HEIGHT="39">
							<String ID="string_399" HPOS="234" VPOS="2282" WIDTH="341" HEIGHT="37" WC="0.91" CONTENT="kreditinrättningen"/><SP WIDTH="21" VPOS="2282" HPOS="575"/>
							<String ID="string_400" HPOS="596" VPOS="2286" WIDTH="182" HEIGHT="28" WC="0.91" CONTENT="amorteras"/><SP WIDTH="22" VPOS="2286" HPOS="778"/>
							<String ID="string_401" HPOS="800" VPOS="2284" WIDTH="42" HEIGHT="37" WC="0.96" CONTENT="på"/><SP WIDTH="23" VPOS="2284" HPOS="842"/>
							<String ID="string_402" HPOS="865" VPOS="2286" WIDTH="46" HEIGHT="28" WC="0.96" CONTENT="tio"/><SP WIDTH="24" VPOS="2286" HPOS="911"/>
							<String ID="string_403" HPOS="935" VPOS="2285" WIDTH="46" HEIGHT="30" WC="0.96" CONTENT="år."/><SP WIDTH="24" VPOS="2285" HPOS="981"/>
							<String ID="string_404" HPOS="1005" VPOS="2286" WIDTH="68" HEIGHT="29" WC="0.96" CONTENT="Lån"/><SP WIDTH="23" VPOS="2286" HPOS="1073"/>
							<String ID="string_405" HPOS="1096" VPOS="2288" WIDTH="67" HEIGHT="28" WC="0.96" CONTENT="kan"/><SP WIDTH="22" VPOS="2288" HPOS="1163"/>
							<String ID="string_406" HPOS="1185" VPOS="2288" WIDTH="144" HEIGHT="30" WC="0.96" CONTENT="erhållas"/><SP WIDTH="23" VPOS="2288" HPOS="1329"/>
							<String ID="string_407" HPOS="1352" VPOS="2290" WIDTH="86" HEIGHT="29" WC="0.96" CONTENT="först"/><SP WIDTH="21" VPOS="2290" HPOS="1438"/>
							<String ID="string_408" HPOS="1459" VPOS="2289" WIDTH="72" HEIGHT="31" WC="0.96" CONTENT="året"/><SP WIDTH="23" VPOS="2289" HPOS="1531"/>
							<String ID="string_409" HPOS="1554" VPOS="2291" WIDTH="85" HEIGHT="29" WC="0.97" CONTENT="efter"/><SP WIDTH="23" VPOS="2291" HPOS="1639"/>
							<String ID="string_410" HPOS="1662" VPOS="2292" WIDTH="56" HEIGHT="28" WC="0.96" CONTENT="det"/>
						</TextLine>
						<TextLine ID="line_40" HPOS="233" VPOS="2335" WIDTH="361" HEIGHT="38">
							<String ID="string_411" HPOS="233" VPOS="2335" WIDTH="208" HEIGHT="37" WC="0.91" CONTENT="ATP-avgift"/><SP WIDTH="21" VPOS="2335" HPOS="441"/>
							<String ID="string_412" HPOS="462" VPOS="2336" WIDTH="132" HEIGHT="37" WC="0.91" CONTENT="erlagts."/>
						</TextLine>
					</TextBlock>
					<TextBlock ID="block_7" HPOS="232" VPOS="2389" WIDTH="1485" HEIGHT="98">
						<TextLine ID="line_41" HPOS="272" VPOS="2389" WIDTH="1445" HEIGHT="44">
							<String ID="string_413" HPOS="272" VPOS="2390" WIDTH="14" HEIGHT="27" WC="0.95" CONTENT="I"/><SP WIDTH="25" VPOS="2390" HPOS="286"/>
							<String ID="string_414" HPOS="311" VPOS="2389" WIDTH="222" HEIGHT="29" WC="0.96" CONTENT="förevarande"/><SP WIDTH="25" VPOS="2389" HPOS="533"/>
							<String ID="string_415" HPOS="558" VPOS="2391" WIDTH="163" HEIGHT="28" WC="0.96" CONTENT="motioner"/><SP WIDTH="26" VPOS="2391" HPOS="721"/>
							<String ID="string_416" HPOS="747" VPOS="2392" WIDTH="122" HEIGHT="28" WC="0.96" CONTENT="uttalas"/><SP WIDTH="26" VPOS="2392" HPOS="869"/>
							<String ID="string_417" HPOS="895" VPOS="2392" WIDTH="172" HEIGHT="30" WC="0.96" CONTENT="önskemål"/><SP WIDTH="26" VPOS="2392" HPOS="1067"/>
							<String ID="string_418" HPOS="1093" VPOS="2402" WIDTH="53" HEIGHT="20" WC="0.96" CONTENT="om"/><SP WIDTH="26" VPOS="2402" HPOS="1146"/>
							<String ID="string_419" HPOS="1172" VPOS="2395" WIDTH="181" HEIGHT="36" WC="0.96" CONTENT="ändringar"/><SP WIDTH="28" VPOS="2395" HPOS="1353"/>
							<String ID="string_420" HPOS="1381" VPOS="2405" WIDTH="41" HEIGHT="19" WC="0.96" CONTENT="av"/><SP WIDTH="27" VPOS="2405" HPOS="1422"/>
							<String ID="string_421" HPOS="1449" VPOS="2396" WIDTH="95" HEIGHT="29" WC="0.96" CONTENT="dessa"/><SP WIDTH="28" VPOS="2396" HPOS="1544"/>
							<String ID="string_422" HPOS="1572" VPOS="2398" WIDTH="108" HEIGHT="35" WC="0.95" CONTENT="regler"/><SP WIDTH="26" VPOS="2398" HPOS="1680"/>
							<String ID="string_423" HPOS="1706" VPOS="2399" WIDTH="11" HEIGHT="28" WC="0.96" CONTENT="i"/>
						</TextLine>
						<TextLine ID="line_42" HPOS="232" VPOS="2442" WIDTH="1484" HEIGHT="45">
							<String ID="string_424" HPOS="232" VPOS="2442" WIDTH="84" HEIGHT="29" WC="0.96" CONTENT="flera"/><SP WIDTH="17" VPOS="2442" HPOS="316"/>
							<String ID="string_425" HPOS="333" VPOS="2442" WIDTH="197" HEIGHT="29" WC="0.96" CONTENT="avseenden."/><SP WIDTH="18" VPOS="2442" HPOS="530"/>
							<String ID="string_426" HPOS="548" VPOS="2444" WIDTH="13" HEIGHT="27" WC="0.96" CONTENT="I"/><SP WIDTH="17" VPOS="2444" HPOS="561"/>
							<String ID="string_427" HPOS="578" VPOS="2444" WIDTH="207" HEIGHT="29" WC="0.96" CONTENT="motionerna"/><SP WIDTH="17" VPOS="2444" HPOS="785"/>
							<String ID="string_428" HPOS="802" VPOS="2445" WIDTH="25" HEIGHT="28" WC="0.94" CONTENT="I:"/><SP WIDTH="14" VPOS="2445" HPOS="827"/>
							<String ID="string_429" HPOS="841" VPOS="2445" WIDTH="56" HEIGHT="29" WC="0.96" CONTENT="597"/><SP WIDTH="19" VPOS="2445" HPOS="897"/>
							<String ID="string_430" HPOS="916" VPOS="2446" WIDTH="61" HEIGHT="29" WC="0.95" CONTENT="och"/><SP WIDTH="17" VPOS="2446" HPOS="977"/>
							<String ID="string_431" HPOS="994" VPOS="2447" WIDTH="41" HEIGHT="28" WC="0.96" CONTENT="II:"/><SP WIDTH="14" VPOS="2447" HPOS="1035"/>
							<String ID="string_432" HPOS="1049" VPOS="2447" WIDTH="55" HEIGHT="28" WC="0.93" CONTENT="723"/><SP WIDTH="19" VPOS="2447" HPOS="1104"/>
							<String ID="string_433" HPOS="1123" VPOS="2447" WIDTH="191" HEIGHT="30" WC="0.90" CONTENT="hemställes"/><SP WIDTH="19" VPOS="2447" HPOS="1314"/>
							<String ID="string_434" HPOS="1333" VPOS="2457" WIDTH="53" HEIGHT="20" WC="0.96" CONTENT="om"/><SP WIDTH="18" VPOS="2457" HPOS="1386"/>
							<String ID="string_435" HPOS="1404" VPOS="2449" WIDTH="179" HEIGHT="37" WC="0.96" CONTENT="utredning"/><SP WIDTH="18" VPOS="2449" HPOS="1583"/>
							<String ID="string_436" HPOS="1601" VPOS="2451" WIDTH="10" HEIGHT="28" WC="0.96" CONTENT="i"/><SP WIDTH="17" VPOS="2451" HPOS="1611"/>
							<String ID="string_437" HPOS="1628" VPOS="2451" WIDTH="88" HEIGHT="36" WC="0.96" CONTENT="syfte"/>
						</TextLine>
					</TextBlock>
				</ComposedBlock>
			</PrintSpace>
		</Page>
	</Layout>
</alto>
