1908 2814
58 814 129 25 Utskottet.

227 167 17 28 2
657 170 303 30 Bankoutskottets
985 169 176 30 utlåtande
1185 169 49 30 Nr
1262 169 50 29 32.

231 255 71 30 han
326 254 145 30 innehar
496 252 209 36 anställning
731 250 116 31 såsom
869 251 173 30 ordinarie
1067 252 231 29 ämneslärare
1324 252 79 29 eller
1426 251 174 33 ordinarie
1625 252 110 30 lärare

230 297 11 30 i
265 297 204 37 yrkesämne
497 295 185 37 (praktiskt
704 293 205 38 läroämne),
932 294 85 30 böra
1040 294 103 29 förbli
1165 294 236 29 underkastad
1421 293 312 38 familjepensions-

231 340 220 34 reglementet
469 338 56 30 för
542 338 111 29 lärare
672 336 57 30 vid
748 337 107 35 högre
875 336 226 30 kommunala
1120 336 124 30 skolor.
1266 336 53 29 En
1340 336 265 36 komplettering
1625 345 41 21 av
1687 346 47 20 nu

232 381 159 36 gällande
417 379 259 31 bestämmelser
706 388 101 27 synes
838 379 84 29 böra
949 378 60 30 ske
1041 379 88 29 även
1159 378 10 29 i
1199 377 124 31 sådant
1351 378 98 37 syfte.
1482 378 253 36 Undantagsvis

232 423 98 30 torde
349 422 128 37 jämväl
497 422 63 30 fall
583 422 118 29 kunna
721 420 156 36 inträffa,
901 419 44 31 då
966 421 66 34 det,
1055 420 79 30 med
1156 421 137 35 hänsyn
1313 421 205 35 exempelvis
1540 420 50 30 till
1612 420 122 30 befatt-

232 464 272 36 ningshavarens
526 462 95 31 ålder
642 463 57 30 vid
718 462 264 37 förflyttningen
1002 463 66 29 och
1091 462 337 36 anställningstidens
1448 463 116 36 längd,
1588 463 69 30 kan
1679 463 56 30 be-

232 506 117 31 finnas
372 506 132 36 skäligt,
531 509 50 26 att
604 508 93 27 extra
721 505 174 30 ordinarie
917 505 232 30 ämneslärare
1172 505 80 29 eller
1275 508 94 26 extra
1393 505 174 30 ordinarie
1590 506 109 29 lärare
1725 505 10 30 i

232 549 206 36 yrkesämne
466 547 186 38 (praktiskt
675 546 190 38 läroämne)
893 547 57 30 vid
973 548 107 35 högre
1102 547 204 29 kommunal
1328 547 106 35 skola,
1460 556 76 21 som
1562 547 174 37 förflyttas

233 591 51 30 till
303 591 183 35 folkskola,
508 588 189 32 bibehålles
716 589 59 30 vid
793 589 55 30 sin
869 588 364 37 familjepensionsrätt
1255 589 105 36 enligt
1379 589 230 36 nyssberörda
1632 590 103 35 regle-

232 635 125 28 mente.
378 633 63 30 Det
460 641 101 28 synes
583 632 69 36 mig
671 631 166 37 lämpligt,
862 634 48 30 att
930 631 276 37 bemyndigande
1225 631 162 30 utverkas
1411 631 55 30 för
1489 631 123 36 Kungl.
1636 631 100 37 Maj:t

233 678 49 27 att
306 675 5 30 i
331 674 286 31 förekommande
637 674 61 30 fall
717 674 86 30 efter
824 673 169 37 prövning
1013 683 43 20 av
1078 673 233 37 föreliggande
1331 674 292 36 omständigheter
1642 675 93 29 med-

234 717 77 31 dela
330 717 110 30 beslut
457 717 135 30 härom.

278 809 65 30 Det
363 809 11 30 i
394 809 229 30 förevarande
645 808 214 36 proposition
881 808 194 36 framlagda
1099 808 162 36 förslaget
1284 808 10 29 i
1318 807 97 36 fråga
1436 818 58 20 om
1518 808 219 36 tillämpning

233 860 11 30 i
267 859 93 30 vissa
382 859 61 30 fall
468 869 43 20 av
535 857 520 38 familjepensionsreglementet
1082 858 54 30 för
1161 859 111 29 lärare
1296 859 57 29 vid
1380 859 105 36 högre
1511 859 226 30 kommunala

236 909 117 31 skolor
373 908 21 31 å
411 910 110 29 lärare
542 909 58 30 vid
619 909 94 36 dylik
731 909 108 35 skola,
861 918 74 20 som
956 909 176 36 förflyttas
1151 908 49 30 till
1220 909 194 36 befattning
1435 907 117 32 såsom
1574 909 164 30 folkskol-

236 960 112 30 lärare
368 969 45 21 m.
433 969 56 27 m.,
510 961 66 28 har
595 959 74 30 icke
691 959 81 36 givit
794 959 166 30 utskottet
979 959 186 36 anledning
1186 959 50 30 till
1260 959 147 30 erinran.
1428 958 50 31 På
1499 960 113 36 grund
1631 960 108 30 härav

235 1010 199 30 hemställer
455 1010 177 35 utskottet,

590 1114 48 27 att
656 1111 186 36 riksdagen
860 1111 57 30 må
939 1111 122 30 bifalla
1084 1111 120 35 Kungl.
1225 1110 119 37 Maj:ts
1364 1111 230 30 förevarande
1615 1120 123 27 propo-

547 1161 112 30 sition.

281 1263 199 30 Stockholm
504 1263 67 30 den
597 1264 38 29 27
661 1272 91 21 mars
779 1263 93 29 1941.

714 1361 49 32 På
792 1362 301 30 bankoutskottets
1120 1363 142 34 vägnar:

763 1455 181 30 HARALD
968 1449 248 36 ÅKERBERG.

272 1763 196 25 Närvarande:
491 1771 29 17 se
541 1763 170 32 anteckning
735 1762 16 25 å
772 1762 146 25 utlåtande
939 1770 33 17 nr
994 1764 42 23 29.

461 2462 129 40 417512.
613 2462 176 45 Stockholm,
810 2478 80 24 Isaac
912 2477 112 25 Marcus
1046 2477 372 31 Boktryckeri-Aktiebolag,
1442 2477 75 24 1941.
