<?xml version="1.0" encoding="UTF-8"?>
<alto xmlns="http://www.loc.gov/standards/alto/ns-v3#" xmlns:xlink="http://www.w3.org/1999/xlink" xmlns:xsi="http://www.w3.org/2001/XMLSchema-instance" xsi:schemaLocation="http://www.loc.gov/standards/alto/ns-v3# http://www.loc.gov/alto/v3/alto-3-0.xsd">
	<Description>
		<MeasurementUnit>pixel</MeasurementUnit>
		<sourceImageInformation>
			<fileName>/tmp/tess_m_a13wtz_input.PNG</fileName>
		</sourceImageInformation>
		<OCRProcessing ID="OCR_0">
			<ocrProcessingStep>
				<processingSoftware>
					<softwareName>tesseract 5.3.0</softwareName>
				</processingSoftware>
			</ocrProcessingStep>
		</OCRProcessing>
	</Description>
	<Layout>
		<Page WIDTH="2222" HEIGHT="2616" PHYSICAL_IMG_NR="0" ID="page_0">
			<PrintSpace HPOS="0" VPOS="0" WIDTH="2222" HEIGHT="2616">
				<ComposedBlock ID="cblock_0" HPOS="660" VPOS="160" WIDTH="1142" HEIGHT="50">
					<TextBlock ID="block_0" HPOS="660" VPOS="160" WIDTH="1142" HEIGHT="50">
						<TextLine ID="line_0" HPOS="660" VPOS="160" WIDTH="1142" HEIGHT="50">
							<String ID="string_0" HPOS="660" VPOS="171" WIDTH="416" HEIGHT="39" WC="0.92" CONTENT="Bevillningsutskottets"/><SP WIDTH="20" VPOS="171" HPOS="1076"/>
							<String ID="string_1" HPOS="1096" VPOS="167" WIDTH="223" HEIGHT="34" WC="0.96" CONTENT="betänkande"/><SP WIDTH="19" VPOS="167" HPOS="1319"/>
							<String ID="string_2" HPOS="1338" VPOS="166" WIDTH="51" HEIGHT="32" WC="0.96" CONTENT="Nr"/><SP WIDTH="23" VPOS="166" HPOS="1389"/>
							<String ID="string_3" HPOS="1412" VPOS="165" WIDTH="31" HEIGHT="31" WC="0.96" CONTENT="2."/><SP WIDTH="346" VPOS="165" HPOS="1443"/>
							<String ID="string_4" HPOS="1789" VPOS="160" WIDTH="13" HEIGHT="30" WC="0.96" CONTENT="1"/>
						</TextLine>
					</TextBlock>
				</ComposedBlock>
				<ComposedBlock ID="cblock_1" HPOS="1002" VPOS="675" WIDTH="121" HEIGHT="42">
					<TextBlock ID="block_1" HPOS="1002" VPOS="675" WIDTH="121" HEIGHT="42">
						<TextLine ID="line_1" HPOS="1002" VPOS="675" WIDTH="121" HEIGHT="42">
							<String ID="string_5" HPOS="1002" VPOS="676" WIDTH="58" HEIGHT="41" WC="0.93" CONTENT="Nr"/><SP WIDTH="27" VPOS="676" HPOS="1060"/>
							<String ID="string_6" HPOS="1087" VPOS="675" WIDTH="36" HEIGHT="40" WC="0.95" CONTENT="2."/>
						</TextLine>
					</TextBlock>
				</ComposedBlock>
				<ComposedBlock ID="cblock_2" HPOS="779" VPOS="825" WIDTH="1008" HEIGHT="41">
					<TextBlock ID="block_2" HPOS="779" VPOS="825" WIDTH="1008" HEIGHT="41">
						<TextLine ID="line_2" HPOS="779" VPOS="825" WIDTH="1008" HEIGHT="41">
							<String ID="string_7" HPOS="779" VPOS="835" WIDTH="110" HEIGHT="27" WC="0.93" CONTENT="Ankom"/><SP WIDTH="21" VPOS="835" HPOS="889"/>
							<String ID="string_8" HPOS="910" VPOS="833" WIDTH="40" HEIGHT="27" WC="0.93" CONTENT="till"/><SP WIDTH="22" VPOS="833" HPOS="950"/>
							<String ID="string_9" HPOS="972" VPOS="832" WIDTH="165" HEIGHT="34" WC="0.96" CONTENT="riksdagens"/><SP WIDTH="19" VPOS="832" HPOS="1137"/>
							<String ID="string_10" HPOS="1156" VPOS="829" WIDTH="91" HEIGHT="27" WC="0.89" CONTENT="kansli"/><SP WIDTH="21" VPOS="829" HPOS="1247"/>
							<String ID="string_11" HPOS="1268" VPOS="829" WIDTH="52" HEIGHT="26" WC="0.96" CONTENT="den"/><SP WIDTH="23" VPOS="829" HPOS="1320"/>
							<String ID="string_12" HPOS="1343" VPOS="828" WIDTH="31" HEIGHT="26" WC="0.89" CONTENT="13"/><SP WIDTH="19" VPOS="828" HPOS="1374"/>
							<String ID="string_13" HPOS="1393" VPOS="826" WIDTH="119" HEIGHT="27" WC="0.96" CONTENT="februari"/><SP WIDTH="22" VPOS="826" HPOS="1512"/>
							<String ID="string_14" HPOS="1534" VPOS="825" WIDTH="66" HEIGHT="27" WC="0.96" CONTENT="1922"/><SP WIDTH="19" VPOS="825" HPOS="1600"/>
							<String ID="string_15" HPOS="1619" VPOS="825" WIDTH="36" HEIGHT="26" WC="0.96" CONTENT="kl."/><SP WIDTH="21" VPOS="825" HPOS="1655"/>
							<String ID="string_16" HPOS="1676" VPOS="825" WIDTH="17" HEIGHT="25" WC="0.92" CONTENT="3"/><SP WIDTH="18" VPOS="825" HPOS="1693"/>
							<String ID="string_17" HPOS="1711" VPOS="834" WIDTH="21" HEIGHT="16" WC="0.84" CONTENT="e."/><SP WIDTH="22" VPOS="834" HPOS="1732"/>
							<String ID="string_18" HPOS="1754" VPOS="833" WIDTH="33" HEIGHT="16" WC="0.92" CONTENT="m."/>
						</TextLine>
					</TextBlock>
				</ComposedBlock>
				<ComposedBlock ID="cblock_3" HPOS="462" VPOS="965" WIDTH="1401" HEIGHT="253">
					<TextBlock ID="block_3" HPOS="462" VPOS="965" WIDTH="1401" HEIGHT="185">
						<TextLine ID="line_3" HPOS="462" VPOS="965" WIDTH="1398" HEIGHT="57">
							<String ID="string_19" HPOS="462" VPOS="976" WIDTH="418" HEIGHT="46" WC="0.92" CONTENT="Bevillningsutskottets"/><SP WIDTH="29" VPOS="976" HPOS="880"/>
							<String ID="string_20" HPOS="909" VPOS="972" WIDTH="231" HEIGHT="42" WC="0.96" CONTENT="betänkande,"/><SP WIDTH="29" VPOS="972" HPOS="1140"/>
							<String ID="string_21" HPOS="1169" VPOS="972" WIDTH="13" HEIGHT="33" WC="0.96" CONTENT="i"/><SP WIDTH="28" VPOS="972" HPOS="1182"/>
							<String ID="string_22" HPOS="1210" VPOS="969" WIDTH="197" HEIGHT="43" WC="0.95" CONTENT="anledning"/><SP WIDTH="38" VPOS="969" HPOS="1407"/>
							<String ID="string_23" HPOS="1445" VPOS="978" WIDTH="43" HEIGHT="24" WC="0.94" CONTENT="av"/><SP WIDTH="26" VPOS="978" HPOS="1488"/>
							<String ID="string_24" HPOS="1514" VPOS="966" WIDTH="103" HEIGHT="35" WC="0.96" CONTENT="väckt"/><SP WIDTH="28" VPOS="966" HPOS="1617"/>
							<String ID="string_25" HPOS="1645" VPOS="965" WIDTH="133" HEIGHT="34" WC="0.96" CONTENT="motion"/><SP WIDTH="28" VPOS="965" HPOS="1778"/>
							<String ID="string_26" HPOS="1806" VPOS="975" WIDTH="54" HEIGHT="23" WC="0.96" CONTENT="om"/>
						</TextLine>
						<TextLine ID="line_4" HPOS="664" VPOS="1033" WIDTH="1199" HEIGHT="57">
							<String ID="string_27" HPOS="664" VPOS="1044" WIDTH="244" HEIGHT="46" WC="0.95" CONTENT="upphävande"/><SP WIDTH="34" VPOS="1044" HPOS="908"/>
							<String ID="string_28" HPOS="942" VPOS="1054" WIDTH="42" HEIGHT="23" WC="0.95" CONTENT="av"/><SP WIDTH="27" VPOS="1054" HPOS="984"/>
							<String ID="string_29" HPOS="1011" VPOS="1043" WIDTH="87" HEIGHT="33" WC="0.96" CONTENT="sista"/><SP WIDTH="28" VPOS="1043" HPOS="1098"/>
							<String ID="string_30" HPOS="1126" VPOS="1039" WIDTH="132" HEIGHT="45" WC="0.95" CONTENT="stycket"/><SP WIDTH="35" VPOS="1039" HPOS="1258"/>
							<String ID="string_31" HPOS="1293" VPOS="1039" WIDTH="5" HEIGHT="34" WC="0.95" CONTENT="i"/><SP WIDTH="29" VPOS="1039" HPOS="1298"/>
							<String ID="string_32" HPOS="1327" VPOS="1039" WIDTH="24" HEIGHT="33" WC="0.89" CONTENT="8"/><SP WIDTH="28" VPOS="1039" HPOS="1351"/>
							<String ID="string_33" HPOS="1379" VPOS="1037" WIDTH="24" HEIGHT="46" WC="0.92" CONTENT="$"/><SP WIDTH="29" VPOS="1037" HPOS="1403"/>
							<String ID="string_34" HPOS="1432" VPOS="1048" WIDTH="44" HEIGHT="23" WC="0.96" CONTENT="av"/><SP WIDTH="22" VPOS="1048" HPOS="1476"/>
							<String ID="string_35" HPOS="1498" VPOS="1035" WIDTH="268" HEIGHT="44" WC="0.95" CONTENT="förordningen"/><SP WIDTH="29" VPOS="1035" HPOS="1766"/>
							<String ID="string_36" HPOS="1795" VPOS="1033" WIDTH="68" HEIGHT="34" WC="0.96" CONTENT="den"/>
						</TextLine>
						<TextLine ID="line_5" HPOS="665" VPOS="1103" WIDTH="1196" HEIGHT="47">
							<String ID="string_37" HPOS="665" VPOS="1116" WIDTH="55" HEIGHT="34" WC="0.96" CONTENT="28"/><SP WIDTH="28" VPOS="1116" HPOS="720"/>
							<String ID="string_38" HPOS="748" VPOS="1113" WIDTH="142" HEIGHT="36" WC="0.96" CONTENT="oktober"/><SP WIDTH="19" VPOS="1113" HPOS="890"/>
							<String ID="string_39" HPOS="909" VPOS="1113" WIDTH="101" HEIGHT="33" WC="0.96" CONTENT="1910"/><SP WIDTH="20" VPOS="1113" HPOS="1010"/>
							<String ID="string_40" HPOS="1030" VPOS="1122" WIDTH="54" HEIGHT="23" WC="0.93" CONTENT="om"/><SP WIDTH="19" VPOS="1122" HPOS="1084"/>
							<String ID="string_41" HPOS="1103" VPOS="1110" WIDTH="166" HEIGHT="34" WC="0.91" CONTENT="inkomst-"/><SP WIDTH="24" VPOS="1110" HPOS="1269"/>
							<String ID="string_42" HPOS="1293" VPOS="1107" WIDTH="63" HEIGHT="35" WC="0.93" CONTENT="och"/><SP WIDTH="13" VPOS="1107" HPOS="1356"/>
							<String ID="string_43" HPOS="1369" VPOS="1103" WIDTH="366" HEIGHT="47" WC="0.91" CONTENT="förmögenhetsskatt"/><SP WIDTH="20" VPOS="1103" HPOS="1735"/>
							<String ID="string_44" HPOS="1755" VPOS="1113" WIDTH="44" HEIGHT="23" WC="0.92" CONTENT="m."/><SP WIDTH="18" VPOS="1113" HPOS="1799"/>
							<String ID="string_45" HPOS="1817" VPOS="1112" WIDTH="44" HEIGHT="23" WC="0.86" CONTENT="m-"/>
						</TextLine>
					</TextBlock>
					<TextBlock ID="block_4" HPOS="1548" VPOS="1169" WIDTH="211" HEIGHT="49">
						<TextLine ID="line_6" HPOS="1548" VPOS="1169" WIDTH="211" HEIGHT="49">
							<String ID="string_46" HPOS="1548" VPOS="1172" WIDTH="73" HEIGHT="46" WC="0.92" CONTENT="(2:a"/><SP WIDTH="28" VPOS="1172" HPOS="1621"/>
							<String ID="string_47" HPOS="1649" VPOS="1169" WIDTH="110" HEIGHT="49" WC="0.91" CONTENT="avd.)."/>
						</TextLine>
					</TextBlock>
				</ComposedBlock>
				<ComposedBlock ID="cblock_4" HPOS="270" VPOS="1323" WIDTH="1600" HEIGHT="416">
					<TextBlock ID="block_5" HPOS="270" VPOS="1323" WIDTH="1598" HEIGHT="314">
						<TextLine ID="line_7" HPOS="398" VPOS="1323" WIDTH="1469" HEIGHT="55">
							<String ID="string_48" HPOS="398" VPOS="1340" WIDTH="16" HEIGHT="37" WC="0.95" CONTENT="I"/><SP WIDTH="41" VPOS="1340" HPOS="414"/>
							<String ID="string_49" HPOS="455" VPOS="1353" WIDTH="47" HEIGHT="23" WC="0.95" CONTENT="en"/><SP WIDTH="40" VPOS="1353" HPOS="502"/>
							<String ID="string_50" HPOS="542" VPOS="1339" WIDTH="102" HEIGHT="36" WC="0.96" CONTENT="inom"/><SP WIDTH="44" VPOS="1339" HPOS="644"/>
							<String ID="string_51" HPOS="688" VPOS="1336" WIDTH="118" HEIGHT="36" WC="0.33" CONTENT="första"/><SP WIDTH="40" VPOS="1336" HPOS="806"/>
							<String ID="string_52" HPOS="846" VPOS="1334" WIDTH="220" HEIGHT="36" WC="0.95" CONTENT="kammaren"/><SP WIDTH="27" VPOS="1334" HPOS="1066"/>
							<String ID="string_53" HPOS="1093" VPOS="1331" WIDTH="123" HEIGHT="47" WC="0.96" CONTENT="väckt,"/><SP WIDTH="29" VPOS="1331" HPOS="1216"/>
							<String ID="string_54" HPOS="1245" VPOS="1329" WIDTH="57" HEIGHT="37" WC="0.93" CONTENT="till"/><SP WIDTH="27" VPOS="1329" HPOS="1302"/>
							<String ID="string_55" HPOS="1329" VPOS="1325" WIDTH="419" HEIGHT="50" WC="0.89" CONTENT="bevillningsutskottet"/><SP WIDTH="27" VPOS="1325" HPOS="1748"/>
							<String ID="string_56" HPOS="1775" VPOS="1323" WIDTH="92" HEIGHT="35" WC="0.92" CONTENT="hän-"/>
						</TextLine>
						<TextLine ID="line_8" HPOS="272" VPOS="1372" WIDTH="1593" HEIGHT="66">
							<String ID="string_57" HPOS="272" VPOS="1393" WIDTH="107" HEIGHT="37" WC="0.95" CONTENT="visad"/><SP WIDTH="27" VPOS="1393" HPOS="379"/>
							<String ID="string_58" HPOS="406" VPOS="1392" WIDTH="157" HEIGHT="46" WC="0.96" CONTENT="motion,"/><SP WIDTH="29" VPOS="1392" HPOS="563"/>
							<String ID="string_59" HPOS="592" VPOS="1403" WIDTH="46" HEIGHT="23" WC="0.96" CONTENT="nr"/><SP WIDTH="29" VPOS="1403" HPOS="638"/>
							<String ID="string_60" HPOS="667" VPOS="1390" WIDTH="60" HEIGHT="45" WC="0.96" CONTENT="23,"/><SP WIDTH="29" VPOS="1390" HPOS="727"/>
							<String ID="string_61" HPOS="756" VPOS="1388" WIDTH="68" HEIGHT="35" WC="0.96" CONTENT="har"/><SP WIDTH="27" VPOS="1388" HPOS="824"/>
							<String ID="string_62" HPOS="851" VPOS="1387" WIDTH="87" HEIGHT="35" WC="0.96" CONTENT="herr"/><SP WIDTH="27" VPOS="1387" HPOS="938"/>
							<String ID="string_63" HPOS="965" VPOS="1386" WIDTH="141" HEIGHT="35" WC="0.93" CONTENT="Boman"/><SP WIDTH="28" VPOS="1386" HPOS="1106"/>
							<String ID="string_64" HPOS="1134" VPOS="1380" WIDTH="203" HEIGHT="44" WC="0.89" CONTENT="hemställt,"/><SP WIDTH="30" VPOS="1380" HPOS="1337"/>
							<String ID="string_65" HPOS="1367" VPOS="1385" WIDTH="54" HEIGHT="30" WC="0.96" CONTENT="att"/><SP WIDTH="29" VPOS="1385" HPOS="1421"/>
							<String ID="string_66" HPOS="1450" VPOS="1379" WIDTH="93" HEIGHT="36" WC="0.96" CONTENT="sista"/><SP WIDTH="24" VPOS="1379" HPOS="1543"/>
							<String ID="string_67" HPOS="1567" VPOS="1376" WIDTH="149" HEIGHT="50" WC="0.96" CONTENT="stycket"/><SP WIDTH="20" VPOS="1376" HPOS="1716"/>
							<String ID="string_68" HPOS="1736" VPOS="1388" WIDTH="45" HEIGHT="22" WC="0.96" CONTENT="av"/><SP WIDTH="20" VPOS="1388" HPOS="1781"/>
							<String ID="string_69" HPOS="1801" VPOS="1376" WIDTH="21" HEIGHT="34" WC="0.91" CONTENT="8"/><SP WIDTH="23" VPOS="1376" HPOS="1822"/>
							<String ID="string_70" HPOS="1845" VPOS="1372" WIDTH="20" HEIGHT="49" WC="0.91" CONTENT="$"/>
						</TextLine>
						<TextLine ID="line_9" HPOS="271" VPOS="1427" WIDTH="1596" HEIGHT="64">
							<String ID="string_71" HPOS="271" VPOS="1444" WIDTH="272" HEIGHT="47" WC="0.96" CONTENT="förordningen"/><SP WIDTH="28" VPOS="1444" HPOS="543"/>
							<String ID="string_72" HPOS="571" VPOS="1455" WIDTH="60" HEIGHT="23" WC="0.93" CONTENT="om"/><SP WIDTH="29" VPOS="1455" HPOS="631"/>
							<String ID="string_73" HPOS="660" VPOS="1440" WIDTH="181" HEIGHT="36" WC="0.92" CONTENT="inkomst-"/><SP WIDTH="29" VPOS="1440" HPOS="841"/>
							<String ID="string_74" HPOS="870" VPOS="1437" WIDTH="70" HEIGHT="37" WC="0.92" CONTENT="och"/><SP WIDTH="30" VPOS="1437" HPOS="940"/>
							<String ID="string_75" HPOS="970" VPOS="1432" WIDTH="385" HEIGHT="51" WC="0.91" CONTENT="förmögenhetsskatt"/><SP WIDTH="27" VPOS="1432" HPOS="1355"/>
							<String ID="string_76" HPOS="1382" VPOS="1433" WIDTH="115" HEIGHT="34" WC="0.96" CONTENT="måtte"/><SP WIDTH="28" VPOS="1433" HPOS="1497"/>
							<String ID="string_77" HPOS="1525" VPOS="1443" WIDTH="43" HEIGHT="22" WC="0.96" CONTENT="ur"/><SP WIDTH="25" VPOS="1443" HPOS="1568"/>
							<String ID="string_78" HPOS="1593" VPOS="1427" WIDTH="274" HEIGHT="47" WC="0.95" CONTENT="författningen"/>
						</TextLine>
						<TextLine ID="line_10" HPOS="270" VPOS="1478" WIDTH="1596" HEIGHT="67">
							<String ID="string_79" HPOS="270" VPOS="1499" WIDTH="93" HEIGHT="46" WC="0.96" CONTENT="utgå"/><SP WIDTH="40" VPOS="1499" HPOS="363"/>
							<String ID="string_80" HPOS="403" VPOS="1501" WIDTH="100" HEIGHT="32" WC="0.96" CONTENT="samt"/><SP WIDTH="41" VPOS="1501" HPOS="503"/>
							<String ID="string_81" HPOS="544" VPOS="1499" WIDTH="55" HEIGHT="31" WC="0.96" CONTENT="att"/><SP WIDTH="41" VPOS="1499" HPOS="599"/>
							<String ID="string_82" HPOS="640" VPOS="1490" WIDTH="266" HEIGHT="38" WC="0.96" CONTENT="motsvarande"/><SP WIDTH="40" VPOS="1490" HPOS="906"/>
							<String ID="string_83" HPOS="946" VPOS="1485" WIDTH="264" HEIGHT="39" WC="0.94" CONTENT="bestämmelse"/><SP WIDTH="26" VPOS="1485" HPOS="1210"/>
							<String ID="string_84" HPOS="1236" VPOS="1485" WIDTH="13" HEIGHT="35" WC="0.96" CONTENT="i"/><SP WIDTH="30" VPOS="1485" HPOS="1249"/>
							<String ID="string_85" HPOS="1279" VPOS="1485" WIDTH="21" HEIGHT="34" WC="0.96" CONTENT="8"/><SP WIDTH="35" VPOS="1485" HPOS="1300"/>
							<String ID="string_86" HPOS="1335" VPOS="1482" WIDTH="21" HEIGHT="50" WC="0.85" CONTENT="&amp;"/><SP WIDTH="34" VPOS="1482" HPOS="1356"/>
							<String ID="string_87" HPOS="1390" VPOS="1481" WIDTH="273" HEIGHT="48" WC="0.96" CONTENT="förordningen"/><SP WIDTH="41" VPOS="1481" HPOS="1663"/>
							<String ID="string_88" HPOS="1704" VPOS="1478" WIDTH="72" HEIGHT="36" WC="0.95" CONTENT="den"/><SP WIDTH="43" VPOS="1478" HPOS="1776"/>
							<String ID="string_89" HPOS="1819" VPOS="1478" WIDTH="47" HEIGHT="34" WC="0.95" CONTENT="28"/>
						</TextLine>
						<TextLine ID="line_11" HPOS="271" VPOS="1530" WIDTH="1597" HEIGHT="62">
							<String ID="string_90" HPOS="271" VPOS="1548" WIDTH="158" HEIGHT="38" WC="0.96" CONTENT="oktober"/><SP WIDTH="43" VPOS="1548" HPOS="429"/>
							<String ID="string_91" HPOS="472" VPOS="1547" WIDTH="97" HEIGHT="35" WC="0.96" CONTENT="1910"/><SP WIDTH="42" VPOS="1547" HPOS="569"/>
							<String ID="string_92" HPOS="611" VPOS="1542" WIDTH="199" HEIGHT="50" WC="0.93" CONTENT="angående"/><SP WIDTH="42" VPOS="1542" HPOS="810"/>
							<String ID="string_93" HPOS="852" VPOS="1540" WIDTH="210" HEIGHT="47" WC="0.91" CONTENT="bevillning"/><SP WIDTH="41" VPOS="1540" HPOS="1062"/>
							<String ID="string_94" HPOS="1103" VPOS="1551" WIDTH="46" HEIGHT="23" WC="0.96" CONTENT="av"/><SP WIDTH="34" VPOS="1551" HPOS="1149"/>
							<String ID="string_95" HPOS="1183" VPOS="1537" WIDTH="74" HEIGHT="36" WC="0.96" CONTENT="fast"/><SP WIDTH="27" VPOS="1537" HPOS="1257"/>
							<String ID="string_96" HPOS="1284" VPOS="1534" WIDTH="187" HEIGHT="50" WC="0.95" CONTENT="egendom"/><SP WIDTH="30" VPOS="1534" HPOS="1471"/>
							<String ID="string_97" HPOS="1501" VPOS="1538" WIDTH="98" HEIGHT="31" WC="0.96" CONTENT="samt"/><SP WIDTH="27" VPOS="1538" HPOS="1599"/>
							<String ID="string_98" HPOS="1626" VPOS="1545" WIDTH="46" HEIGHT="23" WC="0.96" CONTENT="av"/><SP WIDTH="28" VPOS="1545" HPOS="1672"/>
							<String ID="string_99" HPOS="1700" VPOS="1530" WIDTH="168" HEIGHT="36" WC="0.95" CONTENT="inkomst"/>
						</TextLine>
						<TextLine ID="line_12" HPOS="271" VPOS="1595" WIDTH="549" HEIGHT="42">
							<String ID="string_100" HPOS="271" VPOS="1600" WIDTH="182" HEIGHT="37" WC="0.96" CONTENT="likaledes"/><SP WIDTH="29" VPOS="1600" HPOS="453"/>
							<String ID="string_101" HPOS="482" VPOS="1600" WIDTH="117" HEIGHT="33" WC="0.96" CONTENT="måtte"/><SP WIDTH="28" VPOS="1600" HPOS="599"/>
							<String ID="string_102" HPOS="627" VPOS="1595" WIDTH="193" HEIGHT="36" WC="0.96" CONTENT="uteslutas."/>
						</TextLine>
					</TextBlock>
					<TextBlock ID="block_6" HPOS="272" VPOS="1632" WIDTH="1598" HEIGHT="107">
						<TextLine ID="line_13" HPOS="403" VPOS="1632" WIDTH="1467" HEIGHT="55">
							<String ID="string_103" HPOS="403" VPOS="1648" WIDTH="237" HEIGHT="38" WC="0.96" CONTENT="Beträffande"/><SP WIDTH="30" VPOS="1648" HPOS="640"/>
							<String ID="string_104" HPOS="670" VPOS="1647" WIDTH="72" HEIGHT="36" WC="0.96" CONTENT="den"/><SP WIDTH="28" VPOS="1647" HPOS="742"/>
							<String ID="string_105" HPOS="770" VPOS="1644" WIDTH="127" HEIGHT="37" WC="0.96" CONTENT="härför"/><SP WIDTH="27" VPOS="1644" HPOS="897"/>
							<String ID="string_106" HPOS="924" VPOS="1642" WIDTH="174" HEIGHT="37" WC="0.96" CONTENT="lämnade"/><SP WIDTH="28" VPOS="1642" HPOS="1098"/>
							<String ID="string_107" HPOS="1126" VPOS="1638" WIDTH="277" HEIGHT="49" WC="0.96" CONTENT="motiveringen"/><SP WIDTH="30" VPOS="1638" HPOS="1403"/>
							<String ID="string_108" HPOS="1433" VPOS="1637" WIDTH="57" HEIGHT="36" WC="0.96" CONTENT="får"/><SP WIDTH="19" VPOS="1637" HPOS="1490"/>
							<String ID="string_109" HPOS="1509" VPOS="1635" WIDTH="183" HEIGHT="37" WC="0.96" CONTENT="utskottet"/><SP WIDTH="18" VPOS="1635" HPOS="1692"/>
							<String ID="string_110" HPOS="1710" VPOS="1632" WIDTH="160" HEIGHT="38" WC="0.96" CONTENT="hänvisa"/>
						</TextLine>
						<TextLine ID="line_14" HPOS="272" VPOS="1701" WIDTH="288" HEIGHT="38">
							<String ID="string_111" HPOS="272" VPOS="1703" WIDTH="56" HEIGHT="36" WC="0.96" CONTENT="till"/><SP WIDTH="28" VPOS="1703" HPOS="328"/>
							<String ID="string_112" HPOS="356" VPOS="1701" WIDTH="204" HEIGHT="37" WC="0.95" CONTENT="motionen."/>
						</TextLine>
					</TextBlock>
				</ComposedBlock>
				<ComposedBlock ID="cblock_5" HPOS="275" VPOS="1894" WIDTH="1599" HEIGHT="322">
					<TextBlock ID="block_7" HPOS="275" VPOS="1894" WIDTH="1597" HEIGHT="116">
						<TextLine ID="line_15" HPOS="404" VPOS="1894" WIDTH="1468" HEIGHT="61">
							<String ID="string_113" HPOS="404" VPOS="1905" WIDTH="263" HEIGHT="40" WC="0.91" CONTENT="Förenämnda"/><SP WIDTH="40" VPOS="1905" HPOS="667"/>
							<String ID="string_114" HPOS="707" VPOS="1904" WIDTH="218" HEIGHT="51" WC="0.96" CONTENT="paragrafer"/><SP WIDTH="44" VPOS="1904" HPOS="925"/>
							<String ID="string_115" HPOS="969" VPOS="1902" WIDTH="97" HEIGHT="37" WC="0.96" CONTENT="hava"/><SP WIDTH="27" VPOS="1902" HPOS="1066"/>
							<String ID="string_116" HPOS="1093" VPOS="1902" WIDTH="12" HEIGHT="36" WC="0.96" CONTENT="i"/><SP WIDTH="29" VPOS="1902" HPOS="1105"/>
							<String ID="string_117" HPOS="1134" VPOS="1901" WIDTH="45" HEIGHT="36" WC="0.96" CONTENT="de"/><SP WIDTH="42" VPOS="1901" HPOS="1179"/>
							<String ID="string_118" HPOS="1221" VPOS="1899" WIDTH="102" HEIGHT="37" WC="0.96" CONTENT="delar"/><SP WIDTH="41" VPOS="1899" HPOS="1323"/>
							<String ID="string_119" HPOS="1364" VPOS="1898" WIDTH="45" HEIGHT="37" WC="0.96" CONTENT="de"/><SP WIDTH="39" VPOS="1898" HPOS="1409"/>
							<String ID="string_120" HPOS="1448" VPOS="1898" WIDTH="68" HEIGHT="35" WC="0.96" CONTENT="här"/><SP WIDTH="27" VPOS="1898" HPOS="1516"/>
							<String ID="string_121" HPOS="1543" VPOS="1896" WIDTH="152" HEIGHT="37" WC="0.96" CONTENT="komma"/><SP WIDTH="27" VPOS="1896" HPOS="1695"/>
							<String ID="string_122" HPOS="1722" VPOS="1894" WIDTH="12" HEIGHT="37" WC="0.96" CONTENT="i"/><SP WIDTH="29" VPOS="1894" HPOS="1734"/>
							<String ID="string_123" HPOS="1763" VPOS="1894" WIDTH="109" HEIGHT="48" WC="0.96" CONTENT="fråga"/>
						</TextLine>
						<TextLine ID="line_16" HPOS="275" VPOS="1960" WIDTH="350" HEIGHT="50">
							<String ID="string_124" HPOS="275" VPOS="1961" WIDTH="165" HEIGHT="49" WC="0.96" CONTENT="följande"/><SP WIDTH="28" VPOS="1961" HPOS="440"/>
							<String ID="string_125" HPOS="468" VPOS="1960" WIDTH="157" HEIGHT="50" WC="0.96" CONTENT="lydelse:"/>
						</TextLine>
					</TextBlock>
					<TextBlock ID="block_8" HPOS="278" VPOS="2007" WIDTH="1596" HEIGHT="209">
						<TextLine ID="line_17" HPOS="409" VPOS="2007" WIDTH="651" HEIGHT="42">
							<String ID="string_126" HPOS="409" VPOS="2012" WIDTH="156" HEIGHT="37" WC="0.91" CONTENT="»Såsom"/><SP WIDTH="28" VPOS="2012" HPOS="565"/>
							<String ID="string_127" HPOS="593" VPOS="2011" WIDTH="167" HEIGHT="36" WC="0.93" CONTENT="inkomst"/><SP WIDTH="28" VPOS="2011" HPOS="760"/>
							<String ID="string_128" HPOS="788" VPOS="2015" WIDTH="147" HEIGHT="31" WC="0.90" CONTENT="taxeras"/><SP WIDTH="28" VPOS="2015" HPOS="935"/>
							<String ID="string_129" HPOS="963" VPOS="2007" WIDTH="97" HEIGHT="37" WC="0.96" CONTENT="icke:"/>
						</TextLine>
						<TextLine ID="line_18" HPOS="279" VPOS="2103" WIDTH="1595" HEIGHT="49">
							<String ID="string_130" HPOS="279" VPOS="2116" WIDTH="71" HEIGHT="36" WC="0.96" CONTENT="vad"/><SP WIDTH="30" VPOS="2116" HPOS="350"/>
							<String ID="string_131" HPOS="380" VPOS="2129" WIDTH="81" HEIGHT="23" WC="0.96" CONTENT="som"/><SP WIDTH="30" VPOS="2129" HPOS="461"/>
							<String ID="string_132" HPOS="491" VPOS="2128" WIDTH="45" HEIGHT="23" WC="0.96" CONTENT="av"/><SP WIDTH="28" VPOS="2128" HPOS="536"/>
							<String ID="string_133" HPOS="564" VPOS="2119" WIDTH="123" HEIGHT="32" WC="0.93" CONTENT="staten"/><SP WIDTH="28" VPOS="2119" HPOS="687"/>
							<String ID="string_134" HPOS="715" VPOS="2113" WIDTH="166" HEIGHT="36" WC="0.92" CONTENT="anvisats"/><SP WIDTH="28" VPOS="2113" HPOS="881"/>
							<String ID="string_135" HPOS="909" VPOS="2112" WIDTH="56" HEIGHT="36" WC="0.96" CONTENT="till"/><SP WIDTH="27" VPOS="2112" HPOS="965"/>
							<String ID="string_136" HPOS="992" VPOS="2109" WIDTH="240" HEIGHT="38" WC="0.96" CONTENT="bestridande"/><SP WIDTH="28" VPOS="2109" HPOS="1232"/>
							<String ID="string_137" HPOS="1260" VPOS="2122" WIDTH="46" HEIGHT="22" WC="0.96" CONTENT="av"/><SP WIDTH="28" VPOS="2122" HPOS="1306"/>
							<String ID="string_138" HPOS="1334" VPOS="2107" WIDTH="45" HEIGHT="36" WC="0.96" CONTENT="de"/><SP WIDTH="28" VPOS="2107" HPOS="1379"/>
							<String ID="string_139" HPOS="1407" VPOS="2106" WIDTH="85" HEIGHT="37" WC="0.96" CONTENT="med"/><SP WIDTH="28" VPOS="2106" HPOS="1492"/>
							<String ID="string_140" HPOS="1520" VPOS="2104" WIDTH="169" HEIGHT="38" WC="0.96" CONTENT="erhållna"/><SP WIDTH="28" VPOS="2104" HPOS="1689"/>
							<String ID="string_141" HPOS="1717" VPOS="2103" WIDTH="157" HEIGHT="49" WC="0.96" CONTENT="tjänster"/>
						</TextLine>
						<TextLine ID="line_19" HPOS="278" VPOS="2161" WIDTH="1119" HEIGHT="55">
							<String ID="string_142" HPOS="278" VPOS="2168" WIDTH="89" HEIGHT="36" WC="0.96" CONTENT="eller"/><SP WIDTH="27" VPOS="2168" HPOS="367"/>
							<String ID="string_143" HPOS="394" VPOS="2167" WIDTH="175" HEIGHT="49" WC="0.96" CONTENT="uppdrag"/><SP WIDTH="28" VPOS="2167" HPOS="569"/>
							<String ID="string_144" HPOS="597" VPOS="2165" WIDTH="176" HEIGHT="37" WC="0.96" CONTENT="förenade"/><SP WIDTH="28" VPOS="2165" HPOS="773"/>
							<String ID="string_145" HPOS="801" VPOS="2162" WIDTH="185" HEIGHT="38" WC="0.96" CONTENT="särskilda"/><SP WIDTH="28" VPOS="2162" HPOS="986"/>
							<String ID="string_146" HPOS="1014" VPOS="2161" WIDTH="215" HEIGHT="46" WC="0.96" CONTENT="kostnader,"/><SP WIDTH="29" VPOS="2161" HPOS="1229"/>
							<String ID="string_147" HPOS="1258" VPOS="2163" WIDTH="139" HEIGHT="33" WC="0.96" CONTENT="såsom:"/>
						</TextLine>
					</TextBlock>
				</ComposedBlock>
				<ComposedBlock ID="cblock_6" HPOS="279" VPOS="2264" WIDTH="1550" HEIGHT="57">
					<TextBlock ID="block_9" HPOS="279" VPOS="2264" WIDTH="1550" HEIGHT="57">
						<TextLine ID="line_20" HPOS="279" VPOS="2264" WIDTH="1550" HEIGHT="57">
							<String ID="string_148" HPOS="279" VPOS="2279" WIDTH="129" HEIGHT="42" WC="0.92" CONTENT="Bihang"/><SP WIDTH="23" VPOS="2279" HPOS="408"/>
							<String ID="string_149" HPOS="431" VPOS="2279" WIDTH="49" HEIGHT="32" WC="0.96" CONTENT="till"/><SP WIDTH="23" VPOS="2279" HPOS="480"/>
							<String ID="string_150" HPOS="503" VPOS="2278" WIDTH="187" HEIGHT="42" WC="0.96" CONTENT="riksdagens"/><SP WIDTH="17" VPOS="2278" HPOS="690"/>
							<String ID="string_151" HPOS="707" VPOS="2275" WIDTH="158" HEIGHT="44" WC="0.95" CONTENT="protokoll"/><SP WIDTH="24" VPOS="2275" HPOS="865"/>
							<String ID="string_152" HPOS="889" VPOS="2276" WIDTH="94" HEIGHT="31" WC="0.94" CONTENT="1922."/><SP WIDTH="47" VPOS="2276" HPOS="983"/>
							<String ID="string_153" HPOS="1030" VPOS="2274" WIDTH="20" HEIGHT="31" WC="0.93" CONTENT="7"/><SP WIDTH="22" VPOS="2274" HPOS="1050"/>
							<String ID="string_154" HPOS="1072" VPOS="2274" WIDTH="89" HEIGHT="31" WC="0.94" CONTENT="saml."/><SP WIDTH="46" VPOS="2274" HPOS="1161"/>
							<String ID="string_155" HPOS="1207" VPOS="2274" WIDTH="21" HEIGHT="29" WC="0.91" CONTENT="2"/><SP WIDTH="22" VPOS="2274" HPOS="1228"/>
							<String ID="string_156" HPOS="1250" VPOS="2271" WIDTH="80" HEIGHT="36" WC="0.87" CONTENT="häft."/><SP WIDTH="47" VPOS="2271" HPOS="1330"/>
							<String ID="string_157" HPOS="1377" VPOS="2270" WIDTH="64" HEIGHT="39" WC="0.94" CONTENT="(Nr"/><SP WIDTH="20" VPOS="2270" HPOS="1441"/>
							<String ID="string_158" HPOS="1461" VPOS="2264" WIDTH="51" HEIGHT="46" WC="0.85" CONTENT="2.)"/><SP WIDTH="302" VPOS="2264" HPOS="1512"/>
							<String ID="string_159" HPOS="1814" VPOS="2269" WIDTH="15" HEIGHT="30" WC="0.96" CONTENT="1"/>
						</TextLine>
					</TextBlock>
				</ComposedBlock>
				<ComposedBlock ID="cblock_7" HPOS="1929" VPOS="1903" WIDTH="131" HEIGHT="24">
					<TextBlock ID="block_10" HPOS="1929" VPOS="1903" WIDTH="131" HEIGHT="24">
						<TextLine ID="line_21" HPOS="1929" VPOS="1903" WIDTH="131" HEIGHT="24">
							<String ID="string_160" HPOS="1929" VPOS="1903" WIDTH="131" HEIGHT="24" WC="0.88" CONTENT="Utskoltet."/>
						</TextLine>
					</TextBlock>
				</ComposedBlock>
			</PrintSpace>
		</Page>
	</Layout>
</alto>
