1928 2831
460 177 113 38 Tredje
596 178 219 38 lagutskottets
837 180 161 32 utlåtande
1022 191 37 21 nr
1082 182 43 31 16
1148 182 35 31 år
1207 183 88 32 1969
1584 193 37 28 19

179 256 162 32 Utskottet
356 257 182 33 hemställer

500 317 44 28 att
559 314 200 32 motionerna
774 316 26 31 I:
816 316 65 31 794
898 316 61 32 och
975 317 41 31 II:
1032 317 65 32 927
1115 324 81 26 samt
1211 320 25 30 I:
1253 319 64 32 804
1334 320 62 31 och
1412 321 41 31 II:
1469 321 63 31 933
1551 322 70 31 icke

452 366 182 33 föranleder
649 367 105 41 någon
771 369 183 41 riksdagens
972 370 120 41 åtgärd.

178 472 186 32 Stockholm
383 473 63 32 den
466 475 41 30 25
529 484 84 23 mars
637 476 84 31 1969

595 582 46 32 På
661 584 101 39 tredje
781 585 220 39 lagutskottets
1023 588 127 39 vägnar:

706 665 107 31 ERIK
830 664 211 34 GREBAÄCK

180 886 63 31 Vid
259 886 86 32 detta
363 888 135 31 ärendes
515 888 193 40 behandling
724 890 59 31 har
800 893 150 30 närvarit:

176 948 72 32 från
304 952 131 30 första
466 951 196 33 kammaren:
685 953 108 31 herrar
813 954 110 32 Göran
943 955 154 32 Karlsson
1118 956 53 38 (s),
1193 957 114 32 Svante
1328 959 217 32 Kristiansson
1566 961 53 37 (5),

132 1003 88 32 Knut
235 1004 181 31 Johansson
433 1006 52 37 (s),
502 1005 149 33 Åkesson
668 1007 73 40 (fp),
757 1008 91 31 Ebbe
865 1009 140 31 Ohlsson
1023 1010 70 37 (m),
1110 1010 78 31 Erik
1203 1012 136 31 Jansson
1357 1012 52 38 (s),
1426 1014 114 31 Ernulf
1557 1015 61 40 (fp)

132 1057 62 31 och
209 1058 70 31 Nils
296 1058 130 32 Nilsson
445 1059 79 40 (cp);

176 1111 72 31 från
278 1112 144 31 andra
451 1113 196 32 kammaren:
667 1114 108 32 herrar
794 1116 149 31 Grebäck
962 1117 78 39 (cp),
1059 1117 152 32 Ekström
1230 1119 52 38 (s),
1303 1120 89 31 Tobé
1412 1121 73 40 (fp),
1505 1122 114 32 fröken

130 1166 173 31 Anderson
324 1166 52 38 (s),
397 1167 109 31 herrar
525 1168 143 31 Franzén
687 1169 11 31 i
718 1169 173 32 Träkumla
912 1170 76 41 (cp),
1009 1172 242 32 Wachtmeister
1271 1173 92 39 (m)”,
1384 1174 173 41 Hugosson
1578 1176 40 38 (s)

132 1219 61 31 och
210 1219 119 31 Olsson
344 1220 11 30 i
371 1219 109 32 Timrå
497 1220 52 38 (s).

133 1291 14 16 >
168 1291 31 32 Ej
219 1291 172 27 närvarande
409 1292 47 26 vid
474 1291 167 28 utlåtandets
660 1293 137 33 justering.

769 1551 209 31 Reservation

145 1637 40 22 av
202 1628 73 31 herr
296 1629 239 32 Wachtmeister
555 1630 58 38 (m)
635 1640 70 22 som
725 1637 101 26 ansett

178 1709 30 37 a)
235 1714 45 26 att
296 1710 152 32 utskottet
465 1711 73 31 bort
557 1712 112 31 anföra
686 1712 151 40 följande:

181 1763 83 30 1953
282 1762 50 32 års
346 1764 52 39 lag
411 1783 46 4 —
470 1783 46 4 —
529 1783 46 5 —
589 1765 65 31 lika
669 1766 74 30 med
757 1766 153 32 utskottet
923 1786 46 4 —
983 1786 46 4 —
1043 1786 46 5 —
1103 1768 126 31 fortsatt
1244 1769 129 40 dispens
1388 1770 70 31 icke
1473 1770 146 31 kommer

133 1820 44 27 att
192 1816 163 33 meddelas
370 1836 46 4 —
430 1836 46 5 —
490 1836 47 5 —
551 1818 65 31 lika
631 1819 75 31 med
721 1820 153 32 utskottet
888 1839 47 4 —
948 1839 47 5 —
1009 1840 46 4 —
1071 1821 63 32 den
1151 1822 39 31 31
1211 1832 85 22 mars
1316 1823 95 31 1970.

177 1871 15 30 I
212 1870 201 32 motionerna
432 1872 26 30 I:
474 1872 65 31 794
559 1891 46 4 —
624 1891 46 5 —
689 1892 46 4 —
754 1873 65 31 lika
839 1874 75 31 med
933 1875 154 32 utskottet
1106 1894 47 5 —
1172 1894 46 5 —
1238 1895 46 4 —
1304 1882 68 27 mot
1392 1877 84 31 fasta
1496 1877 122 32 brutto-

131 1924 109 39 priser.

177 1978 62 30 Till
261 1978 72 31 stöd
354 1978 51 31 för
426 1979 185 40 yrkandena
633 1980 58 31 har
712 1981 43 31 bl.
770 1990 27 22 a.
823 1980 168 41 åberopats
1015 1982 54 31 det
1092 1983 68 31 s.k.
1185 1983 313 41 kulturargumentet.
1522 1986 97 31 Detta

131 2031 133 31 innebär
288 2032 11 30 i
322 2032 127 32 korthet
472 2033 152 40 följande.
650 2034 270 33 Boksortimentet
944 2036 11 31 i
980 2036 63 30 den
1067 2055 47 4 —
1137 2055 46 5 —
1207 2056 46 4 —
1277 2037 66 32 lika
1367 2039 75 30 med
1466 2039 153 32 utskottet

130 2103 46 5 —
197 2103 47 5 —
266 2103 46 5 —
334 2085 166 41 hantering
525 2096 39 22 av
587 2087 171 32 böckerna.
784 2089 73 30 Den
880 2089 83 31 fasta
986 2089 353 42 bruttoprissättningen
1363 2092 168 40 möjliggör
1555 2093 63 32 viss

131 2139 172 40 ersättning
319 2139 46 31 till
380 2140 244 31 bokhandlarna
639 2141 52 31 för
706 2141 93 32 dessa
816 2142 210 40 olägenheter.
1045 2144 80 31 Med
1140 2163 46 4 —
1201 2163 46 5 —
1262 2164 46 4 —
1324 2145 65 32 lika
1405 2146 75 31 med
1496 2147 122 31 utskot-

131 2197 44 28 tet
188 2212 46 4 —
247 2212 46 5 —
306 2212 46 5 —
365 2194 324 41 bokhandelsföretag
702 2195 128 41 nedgår.

177 2247 74 31 Vad
267 2247 80 32 först
363 2248 98 39 gäller
476 2267 46 4 —
537 2267 47 5 —
599 2267 46 5 —
661 2249 65 31 lika
742 2250 74 31 med
833 2250 152 32 utskottet
1001 2270 47 4 —
1063 2270 47 5 —
1125 2270 46 6 —
1187 2251 55 33 må
1259 2252 128 34 anföras
1403 2253 152 42 följande.

175 2301 64 31 Det
259 2303 35 29 är
312 2301 172 40 ingalunda
503 2307 95 27 utrett
618 2308 44 26 att
681 2312 41 22 en
741 2303 159 41 övergång
919 2304 46 32 till
984 2305 41 31 fri
1044 2305 117 32 handel
1180 2306 146 32 kommer
1347 2312 45 27 att
1412 2308 146 32 medföra
1578 2319 41 21 en

131 2364 154 31 gynnsam
302 2355 246 42 prisutveckling
565 2356 62 32 och
643 2357 73 31 leda
733 2357 46 31 till
798 2363 44 26 att
858 2358 139 32 handeln
1015 2359 75 31 med
1107 2360 120 31 böcker
1244 2361 243 33 rationaliseras.
1507 2363 112 32 Tvärt-

131 2418 55 22 om
213 2409 90 31 torde
330 2410 96 40 enligt
453 2411 163 30 uttalande
644 2420 39 21 av
709 2411 195 32 företrädare
931 2413 52 30 för
1010 2412 69 33 vårt
1107 2415 115 31 största
1248 2414 170 42 bokförlag
1445 2416 172 39 böckerna,

130 2462 133 33 frånsett
291 2463 84 32 vissa
405 2474 40 20 av
474 2464 69 31 s.k.
574 2465 322 38 bestsellerkaraktär,
926 2466 45 31 bli
1001 2467 122 39 dyrare.
1155 2468 64 31 Det
1248 2468 65 31 kan
1343 2469 105 32 därtill
1479 2471 138 38 anföras,

132 2522 44 27 att
192 2517 53 32 det
260 2518 183 31 nuvarande
460 2522 148 36 systemet
623 2519 74 31 tack
712 2528 74 22 vare
802 2519 53 32 det
870 2520 75 31 med
960 2520 353 42 kommissionstvånget
1327 2523 184 32 förbundna
1527 2525 91 31 sorti-
