1943 2838
303 177 18 28 8
644 170 114 38 Tredje
774 170 220 38 lagutskottets
1011 170 162 32 utlåtande
1189 180 38 21 nr
1244 170 43 31 16
1304 170 36 31 år
1359 169 87 32 1969

302 253 113 31 verkas
435 262 38 21 av
491 252 222 40 minskningen
731 262 39 21 av
788 252 196 32 sortimentet
1001 252 11 31 i
1030 251 35 33 så
1084 251 100 32 måtto
1204 256 44 27 att
1265 252 144 40 förlagen
1427 251 101 32 skulle
1547 251 88 32 avstå
1651 250 72 33 från
1742 256 48 27 ut-

303 298 167 40 givningen
492 308 38 21 av
549 308 40 21 en
608 298 52 31 del
679 297 211 32 värdefullare
910 297 129 37 böcker,
1061 307 71 22 som
1151 307 117 31 genom
1287 297 184 32 nuvarande
1492 297 298 40 sortimentssystem

303 344 64 31 kan
381 343 34 33 få
430 353 40 22 en
485 343 62 32 viss
565 343 186 41 avsättning,
769 344 80 30 även
864 352 55 22 om
935 342 62 32 den
1013 344 35 30 är
1062 342 186 40 begränsad.

348 443 105 40 Enligt
471 442 342 40 näringsfrihetsrådets
832 442 204 40 uppfattning
1053 442 64 30 kan
1135 441 70 31 icke
1225 442 121 31 bortses
1364 441 71 31 från
1454 441 63 31 den
1534 442 114 31 förlust
1665 451 38 21 ur
1720 442 69 31 kul-

302 489 92 31 turell
415 489 161 39 synpunkt
596 506 46 5 —
663 487 160 40 nämligen
844 487 139 31 minskat
1004 487 90 31 urval
1116 487 61 30 och
1200 488 103 30 sämre
1326 487 118 31 service
1467 487 10 30 i
1501 486 204 32 bokhandeln
1727 487 63 30 och

302 534 148 31 minskad
471 534 163 40 utgivning
655 543 39 22 av
715 532 156 32 värdefull
892 533 155 31 litteratur
1067 551 46 5 —
1134 532 107 31 vilken
1263 532 134 31 sålunda
1419 532 65 31 kan
1508 532 125 31 befaras
1656 541 70 22 som
1749 541 41 22 en

302 579 80 40 följd
402 589 39 21 av
459 584 45 26 att
522 579 40 31 de
579 578 185 32 nuvarande
782 577 489 41 konkurrensbegränsningarna
1290 578 171 39 borttages.

348 624 338 40 Näringsfrihetsrådet
706 624 58 31 har
784 623 53 31 vid
858 623 144 40 vägande
1025 632 39 22 av
1085 623 40 31 de
1146 623 87 30 olika
1255 622 310 40 omständigheterna
1586 622 136 31 kommit
1744 622 45 31 till

303 670 64 31 den
383 670 168 31 slutsatsen
567 674 45 26 att
627 669 140 31 tillstånd
783 669 51 31 för
850 668 198 32 närvarande
1065 668 70 31 icke
1152 668 60 31 bör
1228 669 111 38 vägras
1357 667 210 40 bokförlagen
1585 671 45 27 att
1647 667 143 40 tillämpa

303 715 320 40 bruttoprissättning.
649 714 105 32 Rådet
777 715 58 30 har
858 713 110 32 därvid
994 713 124 31 särskilt
1141 713 131 31 beaktat
1295 712 40 32 de
1359 712 168 32 kulturella
1552 712 238 40 synpunkterna

303 760 42 41 på
369 760 121 41 frågan.
516 760 79 31 Med
619 760 123 39 hänsyn
766 759 46 31 till
837 759 268 40 angelägenheten
1130 767 39 22 av
1196 762 45 27 att
1265 757 112 41 frågan
1403 757 45 31 tid
1474 757 78 32 efter
1578 766 107 22 annan
1709 758 81 30 skall

303 807 109 31 kunna
430 807 171 39 omprövas
619 810 68 26 mot
706 804 209 41 bakgrunden
934 813 38 22 av
992 804 63 31 den
1073 803 147 32 fortsatta
1238 803 221 39 utvecklingen
1479 803 59 31 bör
1557 802 170 41 dispensen
1745 803 45 31 bli

302 851 250 39 tidsbegränsad.
568 852 51 29 En
634 850 210 39 begränsning
858 850 46 30 till
919 849 146 39 omkring
1079 849 66 30 fem
1162 848 35 31 år
1211 848 104 31 finner
1329 847 90 32 rådet
1435 848 111 39 rimlig.

348 932 15 31 I
382 932 135 31 beslutet
536 930 149 32 lämnade
703 928 328 42 näringsfrihetsrådet
1051 928 145 41 samtliga
1216 928 103 41 förlag
1339 928 11 31 i
1370 927 81 32 riket
1470 927 140 32 tillstånd
1630 927 51 32 för
1702 927 88 32 tiden

303 987 46 30 till
367 987 62 30 och
446 986 74 30 med
538 986 63 30 den
620 986 39 30 31
681 985 170 31 december
873 985 84 31 1962
978 988 45 26 att
1043 993 38 22 av
1101 984 177 39 företagare
1298 983 88 30 inom
1406 992 110 22 senare
1534 982 255 40 försäljningsled

303 1040 127 40 betinga
451 1040 46 40 sig
517 1044 45 26 att
581 1039 54 31 vid
655 1039 187 39 försäljning
862 1048 39 21 av
923 1038 118 31 böcker
1062 1038 12 30 i
1093 1037 80 31 riket
1193 1037 77 31 visst
1290 1037 64 39 pris
1375 1037 70 30 icke
1466 1036 66 31 fick
1553 1036 234 31 underskridas.

348 1095 76 31 Som
449 1094 224 39 förutsättning
697 1094 51 30 för
771 1092 166 32 beståndet
964 1102 38 21 av
1026 1091 172 32 tillståndet
1224 1091 100 31 skulle
1350 1091 81 40 gälla
1457 1095 44 26 att
1524 1090 264 40 Bokförläggare-

302 1148 187 41 föreningen
510 1147 207 41 genomförde
738 1147 84 31 vissa
843 1147 9 31 i
874 1147 54 31 det
948 1146 192 40 föregående
1163 1145 196 31 omnämnda
1381 1144 270 41 uppmjukningar
1672 1144 117 31 beträf-

302 1202 97 31 fande
417 1202 201 40 prisgränsen
636 1202 51 30 för
704 1201 321 40 billighetslitteratur,
1046 1199 369 40 etableringskontrollen
1435 1208 41 21 m.
1490 1208 42 22 m.

348 1311 15 30 I
382 1311 93 31 slutet
495 1320 39 21 av
554 1310 34 31 år
612 1310 81 31 1961
718 1310 106 30 anhöll
845 1309 141 31 Svenska
1006 1307 432 41 bokförläggareföreningen
1458 1307 57 31 hos
1539 1306 250 41 näringsfrihets-

302 1364 90 31 rådet
406 1374 55 20 om
475 1364 139 30 tillstånd
630 1368 45 26 att
690 1364 79 30 efter
783 1363 64 30 den
863 1364 38 29 31
921 1363 168 30 december
1109 1362 85 31 1962
1211 1361 134 39 alltjämt
1360 1361 33 30 få
1409 1361 143 38 tillämpa
1568 1361 83 30 fasta
1667 1361 122 29 brutto-

302 1418 109 40 priser.

348 1473 62 30 Till
425 1472 72 31 stöd
513 1472 50 30 för
580 1472 47 30 sin
642 1471 143 30 ansökan
799 1480 55 21 om
870 1471 125 31 fortsatt
1012 1469 126 40 dispens
1155 1468 181 40 åberopade
1352 1466 435 41 Bokförläggareföreningen

304 1530 44 27 att
363 1526 63 30 den
442 1526 135 30 svenska
593 1525 220 31 bokhandelns
830 1525 84 39 höga
930 1523 151 31 standard
1097 1523 10 30 i
1124 1523 160 31 kulturellt
1302 1522 155 31 avseende
1474 1522 70 30 icke
1562 1522 100 30 skulle
1680 1522 109 30 kunna

301 1579 246 41 upprättshållas
563 1584 76 26 utan
654 1583 44 26 ett
714 1577 300 41 bruttoprissystem.
1030 1576 201 40 Föreningen
1245 1575 173 32 hänvisade
1434 1575 111 31 härvid
1561 1575 10 31 i
1587 1575 101 31 första
1702 1575 87 31 hand

303 1634 46 30 till
364 1633 210 40 utredningen
590 1633 11 30 i
621 1633 83 31 1958
724 1632 49 31 års
790 1631 117 32 ärende
924 1632 62 30 och
1001 1631 46 30 till
1064 1631 53 30 det
1133 1631 104 30 beslut
1254 1629 328 40 näringsfrihetsrådet
1599 1628 42 31 då
1657 1628 130 31 fattade.

303 1688 203 39 Riktigheten
526 1696 39 21 av
585 1687 40 31 de
645 1686 58 31 där
722 1686 112 40 gjorda
853 1685 273 39 bedömningarna
1145 1684 83 31 hade
1248 1684 96 39 enligt
1364 1683 201 40 föreningens
1587 1682 203 40 uppfattning

303 1741 174 31 bekräftats
507 1750 40 21 av
575 1740 222 39 utvecklingen
827 1740 78 30 efter
935 1739 53 31 det
1017 1739 104 39 gamla
1150 1738 144 31 beslutet.
1326 1737 230 30 Erfarenheten
1586 1737 88 30 inom
1703 1736 87 30 olika

303 1796 171 30 branscher
489 1794 117 37 visade,
625 1798 44 27 att
685 1804 41 21 en
740 1793 160 40 övergång
915 1793 46 31 till
975 1792 41 31 fri
1032 1791 203 41 prissättning
1251 1791 132 31 innebar
1399 1795 44 27 ett
1460 1790 128 40 kraftigt
1606 1790 184 31 incitament

303 1849 51 31 för
370 1849 178 31 tillverkare
566 1858 39 22 av
621 1848 221 31 märkesvaror
861 1851 44 27 att
922 1847 210 31 koncentrera
1149 1845 47 41 sig
1213 1845 43 40 på
1273 1854 94 22 varor
1386 1854 70 21 som
1473 1844 107 31 kunde
1599 1844 189 31 framställas

302 1904 12 30 i
338 1903 113 40 »långa
472 1903 127 30 serier>.
622 1902 64 30 För
707 1901 285 40 bokutgivningens
1015 1900 52 31 del
1088 1900 133 30 innebar
1243 1899 63 36 det,
1331 1903 45 26 att
1399 1898 40 30 fri
1462 1898 204 39 prissättning
1689 1898 100 30 skulle

303 1970 104 30 gynna
427 1960 164 40 utgivning
612 1969 40 21 av
673 1959 176 31 bestsellers
872 1959 62 30 och
955 1957 144 31 försvåra
1120 1957 163 39 utgivning
1306 1966 39 21 av
1367 1955 155 32 värdefull
1544 1956 163 29 litteratur.
1732 1955 58 30 Att

302 2018 103 30 rubba
426 2016 178 41 grunderna
625 2016 51 31 för
696 2015 54 31 det
770 2015 136 31 svenska
925 2014 350 39 bokhandelssystemet
1295 2012 128 32 föreföll
1444 2011 124 32 särskilt
1590 2010 198 38 omotiverat,

302 2074 151 32 eftersom
473 2083 76 21 man
569 2073 54 31 vid
643 2072 198 40 jämförelser
862 2072 79 30 fann
963 2076 44 26 att
1029 2071 158 40 knappast
1210 2069 96 41 något
1328 2069 75 31 land
1426 2068 175 41 uppvisade
1623 2077 41 21 en
1686 2068 103 30 bättre

302 2130 184 31 bokhandel
503 2131 41 29 än
561 2129 135 40 Sverige.

348 2238 105 31 Sedan
468 2237 169 40 dispensen
653 2236 72 32 från
740 2235 324 40 bruttoprisförbudet
1080 2234 228 32 interimistiskt
1324 2233 152 40 förlängts
1494 2233 10 30 i
1521 2232 79 32 flera
1616 2231 174 41 omgångar

303 2298 136 36 upptogs
461 2293 202 40 föreningens
687 2293 144 31 ansökan
853 2292 47 31 till
922 2292 104 40 slutlig
1047 2291 157 40 prövning
1227 2291 10 30 i
1260 2290 102 32 beslut
1384 2289 63 32 den
1474 2289 37 31 17
1536 2298 84 22 mars
1643 2289 62 30 och
1727 2288 63 30 den

303 2351 42 31 28
364 2351 135 31 oktober
521 2350 94 32 1965.

348 2409 15 29 I
383 2408 135 30 beslutet
537 2407 63 31 den
624 2408 38 29 17
683 2416 84 21 mars
790 2406 133 31 anförde
943 2406 89 31 rådet
1051 2407 42 30 bl.
1108 2416 39 27 a.,
1170 2411 44 26 att
1234 2406 54 31 det
1309 2416 43 21 nu
1373 2406 182 39 tillämpade
1577 2405 212 32 bokhandels-

302 2468 149 35 systemet
471 2464 59 30 har
551 2463 83 31 vissa
654 2463 140 31 fördelar
815 2462 71 31 från
908 2463 284 31 konsumenternas
1215 2463 170 39 synpunkt.
1409 2462 105 31 Rådet
1536 2463 150 30 framhöll
1708 2463 82 30 även

303 2524 45 27 att
365 2520 62 31 den
445 2520 160 30 allmänna
623 2519 180 40 utveckling
820 2529 71 21 som
909 2521 52 38 ägt
978 2529 71 22 rum
1067 2519 98 32 sedan
1186 2519 34 31 år
1243 2519 83 32 1958
1347 2519 151 40 uppvisar
1516 2518 176 32 värdefulla
1711 2518 79 40 drag
