1942 2830
540 139 121 30 Första
681 137 235 37 lagutskottets
938 134 176 32 utlåtande
1134 133 48 31 Nr
1218 135 29 29 5-
1643 126 16 31 7

856 448 61 41 Nr
945 448 38 41 5.

690 554 108 24 Ankom
817 553 42 23 till
879 552 155 30 riksdagens
1052 550 88 24 kansli
1160 550 51 24 den
1229 547 17 26 8
1264 549 119 24 februari
1403 546 64 26 1936
1486 547 35 24 kl.
1542 545 31 26 12
1592 554 34 17 m.

378 643 181 32 Utlåtande
587 644 10 29 i
623 641 186 36 anledning
835 650 42 20 av
904 639 102 31 väckt
1033 638 132 31 motion
1192 636 147 31 rörande
1367 634 188 32 understöd
1581 633 79 39 från

598 693 176 30 allmänna
794 690 221 38 arvsfonden.

198 799 15 29 I
234 807 44 21 en
298 797 96 30 inom
414 796 111 30 andra
547 795 202 30 kammaren
771 792 111 36 väckt,
905 791 51 31 till
978 790 189 37 lagutskott
1188 788 171 31 hänvisad
1379 787 142 35 motion,
1545 795 41 21 nr
1611 786 48 35 18,

158 848 116 31 vilken
294 847 207 31 behandlats
522 855 43 21 av
585 845 108 31 första
714 844 232 36 lagutskottet,
965 842 66 30 har
1054 841 124 30 fröken
1202 840 123 31 Wellin
1347 848 44 21 m.
1415 838 37 31 fl.
1474 837 186 36 hemställt,

155 903 49 28 att
223 900 185 36 riksdagen
426 898 79 30 ville
525 897 133 30 besluta
677 898 49 28 att
745 895 10 30 i
776 894 162 31 skrivelse
957 893 52 30 till
1029 892 123 36 Kungl.
1174 890 102 37 Maj:t
1295 889 150 36 anhålla,
1467 891 49 28 att
1538 887 124 37 Kungl.

156 950 101 38 Maj:t
280 949 106 31 måtte
408 948 206 31 föranstalta
637 956 57 21 om
716 945 194 36 utredning,
934 943 174 31 huruvida
1131 942 111 31 medel
1266 940 80 31 från
1368 940 178 30 allmänna
1569 947 91 22 arvs-

156 1002 131 30 fonden
306 1001 119 29 kunna
444 997 82 38 utgå
544 998 52 30 till
614 995 260 37 semesterhjälp
893 994 35 31 åt
947 994 205 31 behövande
1171 992 141 31 mödrar
1331 991 79 31 med
1431 989 230 36 minderåriga

156 1053 97 35 barn,
275 1053 89 28 samt
384 1050 56 30 för
459 1049 184 36 riksdagen
664 1047 192 36 framlägga
876 1046 109 30 härav
1006 1044 183 31 eventuellt
1211 1042 204 31 föranledda
1437 1041 139 36 förslag.

200 1101 226 32 Beträffande
446 1100 42 30 de
508 1099 86 36 skäl,
614 1098 257 31 motionärerna
891 1096 117 30 anfört
1028 1095 51 30 till
1099 1095 77 30 stöd
1196 1094 55 30 för
1272 1093 57 31 sitt
1348 1092 167 38 yrkande,
1537 1090 54 32 får
1610 1093 51 28 ut-

157 1154 136 34 skottet,
325 1152 3 30 i
351 1151 67 31 den
441 1149 82 32 mån
546 1149 214 37 redogörelse
782 1147 55 31 för
861 1147 178 30 desamma
1064 1145 31 38 ej
1120 1146 136 29 lämnas
1279 1144 65 30 här
1368 1143 124 35 nedan,
1517 1142 145 30 hänvisa

157 1204 51 30 till
229 1202 187 31 motionen.

201 1305 184 30 Allmänna
403 1302 210 31 arvsfonden
630 1300 170 37 skapades
816 1300 11 29 i
845 1298 170 31 samband
1032 1297 80 31 med
1127 1296 199 31 införandet
1343 1305 42 20 av
1402 1295 66 31 den
1485 1303 70 29 nya
1571 1303 92 21 arvs-

159 1355 268 37 lagstiftningen.
478 1352 132 31 Genom
635 1352 114 30 denna
774 1349 216 38 lagstiftning
1014 1349 100 30 blevo
1138 1365 45 4 —
1208 1346 45 39 på
1279 1348 66 29 sätt
1372 1347 160 29 närmare
1557 1345 106 30 fram-

158 1405 60 38 går
240 1415 43 20 av
304 1404 208 31 hithörande
532 1402 258 31 bestämmelser
812 1401 10 29 i
843 1401 100 36 lagen
964 1400 66 30 den
1052 1400 20 29 8
1093 1398 76 37 juni
1194 1399 83 29 1928
1299 1407 58 21 om
1379 1406 70 26 arv,
1472 1396 116 30 vilken
1610 1396 54 35 lag

158 1456 122 31 trädde
300 1455 10 30 i
331 1454 94 31 kraft
444 1454 67 30 den
534 1454 14 29 1
571 1452 137 37 januari
732 1452 82 29 1929
834 1468 45 4 —
897 1450 141 30 kusiner
1059 1450 65 29 och
1146 1449 202 36 avlägsnare
1368 1447 205 37 skyldemän
1593 1449 70 27 ute-

159 1507 115 30 slutna
296 1504 80 32 från
398 1505 158 29 arvsrätt.
599 1503 124 29 Finnes
746 1501 30 37 ej
801 1502 160 29 närmare
984 1500 215 37 skyldeman,
1224 1499 98 35 skall,
1345 1497 138 38 jämlikt
1506 1497 158 36 stadgan-

159 1558 42 30 de
218 1557 10 30 i
247 1557 18 30 5
284 1556 80 36 kap.
384 1553 56 41 18
459 1554 155 30 nämnda
631 1553 64 36 lag,
713 1554 95 28 arvet
825 1551 138 30 tillfalla
985 1560 61 21 »>en
1065 1550 96 35 fond,
1180 1549 177 31 benämnd
1375 1549 178 30 allmänna
1573 1556 91 21 arvs-

160 1607 163 31 fonden>.

205 1658 50 30 De
277 1658 161 29 närmare
460 1654 305 32 bestämmelserna
788 1662 57 21 om
868 1652 149 30 fondens
1041 1650 164 32 ändamål
1228 1651 65 30 och
1317 1649 212 37 förvaltning
1551 1659 45 20 m.
1620 1658 45 21 m.

160 1708 191 31 återfinnas
371 1706 11 30 i
401 1716 42 21 en
463 1705 149 31 särskild
632 1705 54 36 lag
705 1704 67 30 den
791 1704 19 30 8
830 1703 75 37 juni
929 1703 83 30 1928
1033 1712 57 20 om
1110 1702 178 30 allmänna
1308 1700 222 36 arvsfonden,
1551 1700 114 30 vilken

161 1760 55 36 lag
235 1758 164 30 likaledes
418 1756 122 31 trädde
560 1756 10 29 i
591 1755 92 30 kraft
704 1755 65 30 den
793 1755 13 29 1
828 1753 139 38 januari
991 1754 93 29 1929.
1124 1752 114 36 Enligt
1261 1753 13 29 1
1299 1750 20 41 $
1340 1751 10 30 i
1371 1752 113 30 denna
1504 1751 55 37 lag
1579 1750 87 30 skall

161 1810 67 30 den
250 1808 178 37 egendom,
451 1816 76 21 som
549 1806 10 30 i
581 1815 60 21 arv
662 1805 153 30 tillfaller
838 1804 140 35 fonden,
1001 1802 38 32 så
1062 1804 65 29 ock
1150 1803 178 36 egendom,
1352 1811 74 21 som
1450 1800 57 32 må
1529 1801 138 30 tillfalla

161 1859 131 30 fonden
323 1866 123 29 genom
477 1856 86 38 gåva
593 1856 80 30 eller
703 1858 212 32 testamente,
947 1857 85 27 utan
1064 1853 353 37 sammanblandning
1447 1852 79 31 med
1557 1852 110 30 andra

162 1909 112 31 medel
296 1908 167 31 förvaltas
486 1916 42 21 av
552 1907 245 29 statskontoret
820 1905 114 30 såsom
958 1914 42 21 en
1024 1904 148 30 särskild
1195 1903 87 30 fond
1308 1903 74 30 »för
1404 1902 199 36 främjande
1625 1911 42 21 av

162 1961 106 29 barns
295 1959 65 30 och
387 1958 171 36 ungdoms
586 1956 84 31 vård
695 1957 66 29 och
789 1955 165 30 fostran».
1008 1955 14 29 I
1050 1963 135 21 samma
1212 1954 135 36 lagrum
1375 1953 137 37 stadgas
1540 1953 127 34 vidare,

162 2012 49 29 att
229 2019 43 20 av
290 2009 120 35 medel,
431 2017 75 21 som
524 2007 110 30 under
652 2009 45 28 ett
715 2004 256 37 räkenskapsår
990 2004 140 36 influtit,
1150 2014 42 20 en
1210 2003 165 37 tredjedel
1396 2004 87 30 skall
1503 2003 57 30 vid
1579 2002 89 31 årets

162 2059 130 38 utgång
316 2060 116 35 läggas
457 2058 51 30 till
534 2057 129 30 fonden
689 2059 89 27 samt
804 2059 49 27 att
878 2055 196 31 återstoden
1100 2055 88 30 skall
1214 2054 107 37 jämte
1346 2053 90 32 årets
1463 2054 205 35 avkastning

163 2110 79 31 från
263 2110 66 30 och
350 2109 78 31 med
448 2107 235 37 nästföljande
703 2106 38 31 år
762 2116 84 20 vara
865 2106 190 37 tillgänglig
1076 2106 55 30 för
1150 2105 189 36 utdelning.
1380 2105 13 30 I
1415 2106 19 29 2
1456 2103 20 41 8
1498 2104 93 37 givas
1613 2105 54 29 be-

164 2160 214 32 stämmelser
402 2169 57 20 om
482 2158 227 30 meddelande
731 2167 43 20 av
797 2157 189 30 understöd
1009 2166 41 20 ur
1074 2156 140 30 fonden.
1261 2156 114 36 Enligt
1399 2156 99 29 dessa
1522 2156 146 29 bestäm-

164 2211 123 31 melser
309 2210 88 30 skall
419 2208 189 31 understöd
629 2208 133 30 utdelas
785 2217 42 20 av
851 2207 203 36 Konungen,
1077 2206 122 30 därvid
1222 2206 88 30 skall
1333 2206 180 37 iakttagas,
1536 2208 48 28 att
1607 2215 61 20 un-

164 2261 140 30 derstöd
322 2259 31 37 ej
374 2258 56 31 må
450 2260 134 29 lämnas
605 2258 53 30 för
677 2257 131 36 åtgärd,
827 2266 78 21 vars
924 2257 214 29 bekostande
1157 2256 128 37 åligger
1305 2259 65 27 stat
1390 2257 80 29 eller
1490 2257 177 29 kommun.

166 2309 181 37 Härjämte
371 2309 176 30 meddelas
571 2308 178 30 föreskrift
773 2317 57 20 om
855 2310 49 26 att
927 2307 212 35 tillgängliga
1165 2307 110 29 medel
1301 2306 67 35 må,
1395 2306 100 30 såvitt
1520 2307 149 29 omstän-

165 2361 201 36 digheterna
392 2359 114 30 därtill
534 2358 189 35 föranleda,
750 2358 115 35 läggas
892 2357 49 29 till
970 2357 139 29 fonden.
