1919 2835
247 158 41 31 22
601 160 284 30 Statsutskottets
907 160 178 32 utlåtande
1105 170 43 22 nr
1167 161 42 30 50
1228 162 39 31 år
1289 162 83 30 1969

246 242 86 29 utan
348 243 49 28 att
413 241 245 40 byggnaderna
674 241 102 41 fyller
791 243 48 29 ett
856 242 172 40 varaktigt
1044 243 111 31 behov
1171 244 64 29 och
1252 244 53 30 får
1323 244 406 40 nybyggnadsstandard.

246 295 169 31 Avsikten
439 297 38 29 är
501 298 50 28 att
575 298 99 29 rusta
697 306 71 31 upp
792 298 48 29 ett
865 296 94 31 äldre
983 297 291 32 bostadsbestånd
1298 298 10 30 i
1333 299 173 30 avvaktan
1530 299 45 40 på
1599 301 49 28 att
1673 299 55 30 det

243 351 128 29 ersätts
394 359 123 31 genom
541 352 207 39 nybyggnad
771 351 82 31 eller
875 351 293 41 genomgripande
1190 353 219 39 ombyggnad
1432 353 87 30 efter
1542 362 43 21 en
1608 354 121 39 avväg-

246 404 85 41 ning
351 414 42 21 av
412 405 228 31 ekonomiska
661 406 64 30 och
745 406 273 31 bostadssociala
1038 406 76 30 skäl
1135 408 64 29 och
1221 408 84 29 utan
1326 409 50 29 att
1397 417 42 21 en
1459 408 167 40 planerad
1647 408 81 30 eller

244 459 178 30 önskvärd
446 459 161 42 sanering
631 460 158 31 försenas
812 460 82 31 eller
917 460 186 32 försvåras.
1128 461 109 30 Dessa
1259 462 202 30 bostadslån
1486 462 124 30 utökas
1635 462 11 29 i
1669 463 59 29 all-

245 514 143 30 mänhet
403 523 122 31 genom
540 515 231 41 fördjupning
784 515 52 30 till
851 517 50 29 att
915 516 102 30 täcka
1030 516 78 30 hela
1122 516 235 30 lånebehovet.

289 568 143 41 Förslag
454 569 63 30 har
539 570 120 29 väckts
683 570 10 30 i
715 570 177 29 motionen
916 570 44 30 II:
976 569 64 31 644
1062 580 57 21 om
1141 572 51 29 att
1214 570 153 31 nämnda
1391 570 201 31 bostadslån
1616 571 112 30 skulle

245 623 36 30 få
298 623 170 30 utbetalas
486 623 12 30 i
511 624 153 40 förskott
681 624 54 30 för
752 625 49 29 att
818 624 155 31 undvika
989 624 221 40 upptagande
1228 635 42 21 av
1285 625 340 40 byggnadskreditiv.
1643 626 85 30 Mot-

242 677 171 31 svarande
436 678 260 41 framställning
717 679 64 29 har
802 679 111 40 gjorts
934 679 64 31 hos
1018 679 126 40 Kungl.
1167 679 105 40 Maj:t
1295 679 79 31 från
1395 679 333 41 bostadsstyrelsens

242 732 86 30 sida.

288 786 125 40 Kungl.
432 787 105 39 Maj:t
555 788 63 29 har
635 787 108 30 redan
760 787 106 40 enligt
885 797 47 21 nu
950 788 159 39 gällande
1126 788 111 40 regler
1255 788 68 30 viss
1342 789 205 39 befogenhet
1566 790 49 28 att
1634 788 94 30 med-

242 839 79 30 dela
336 840 262 30 bestämmelser
615 850 57 20 om
689 842 218 38 utbetalning
923 842 11 28 i
952 841 149 31 förskott
1120 852 42 19 av
1177 842 218 39 preliminärt
1413 842 142 39 beviljat
1571 842 157 30 bostads-

242 893 69 30 lån.
330 893 404 42 Förskottsutbetalning
752 894 107 40 enligt
880 895 164 40 förslaget
1065 895 112 30 skulle
1197 895 71 31 inte
1288 895 159 31 medföra
1467 904 116 21 annan
1603 895 125 30 belast-

243 948 84 39 ning
344 948 44 40 på
406 948 262 40 statsbudgeten
686 949 44 30 än
748 948 67 31 den
833 949 261 41 framflyttning
1111 959 42 21 av
1171 949 258 40 utbetalningar
1446 959 56 21 om
1521 959 39 21 ca
1578 949 41 30 40
1638 949 87 40 milj.

240 1002 52 29 kr.
314 1011 74 20 som
409 1002 79 30 sker
508 1002 57 30 vid
585 1003 298 39 genomförandet.

286 1055 115 40 Enligt
428 1056 187 30 utskottets
640 1056 142 41 mening
806 1057 113 30 skulle
945 1057 390 41 förskottsutbetalning
1360 1058 10 29 i
1396 1058 63 29 här
1485 1057 153 30 aktuella
1665 1057 60 30 fall

241 1109 77 31 leda
336 1110 52 30 till
408 1119 42 22 en
469 1110 185 31 förenklad
673 1111 231 41 finansiering
922 1121 42 21 av
981 1112 194 39 begränsad
1195 1112 234 40 upprustning
1449 1122 41 20 av
1509 1111 217 39 flerfamiljs-

242 1164 77 30 hus.
343 1165 52 29 En
419 1164 133 30 ändrad
576 1165 330 40 utbetalningsform
929 1166 11 30 i
964 1166 64 29 och
1051 1166 54 30 för
1130 1166 50 40 sig
1203 1166 170 40 påverkar
1397 1166 70 29 inte
1490 1166 158 39 reglerna
1672 1166 53 29 för

241 1219 277 30 verksamheten.
544 1219 117 40 Enligt
686 1220 189 29 utskottets
900 1220 141 40 mening
1065 1221 62 29 bör
1153 1220 194 39 föreslagen
1374 1220 180 39 möjlighet
1581 1221 143 39 öppnas,

240 1271 107 30 vilket
369 1272 78 29 med
469 1272 98 30 bifall
590 1272 51 30 till
666 1273 176 29 motionen
865 1273 61 30 bör
950 1281 56 31 ges
1029 1273 125 40 Kungl.
1178 1273 104 40 Maj:t
1305 1273 53 30 till
1381 1273 127 30 känna.

281 1352 101 29 Äldre
410 1352 217 29 låneformer.
657 1354 12 27 I
698 1354 214 29 motionerna
941 1354 80 29 1:65
1050 1354 62 29 och
1143 1355 42 28 II:
1202 1354 38 29 83
1269 1356 86 27 samt
1384 1354 102 29 I:108
1514 1354 64 29 och
1607 1354 44 29 II:
1667 1353 59 30 204

241 1405 72 30 förs
332 1406 91 29 fram
442 1406 55 29 det
517 1409 116 27 senast
653 1416 41 20 av
714 1406 82 30 1968
816 1407 57 30 års
891 1407 141 40 riksdag
1049 1407 216 30 behandlade
1285 1407 164 40 förslaget
1469 1409 49 28 att
1537 1407 125 30 räntan
1681 1407 44 40 på

238 1459 380 40 amorteringspliktiga
644 1460 195 39 tilläggslån
865 1462 88 28 skall
976 1461 104 39 höjas
1102 1462 51 29 till
1187 1462 9 29 6
1221 1463 152 38 procent.
1397 1462 65 29 Vid
1485 1461 99 30 bifall
1608 1462 117 29 därtill

240 1514 112 29 skulle
374 1515 130 28 statens
525 1514 253 30 ränteintäkter
799 1515 65 29 öka
885 1515 79 29 med
987 1515 38 29 16
1046 1515 87 39 milj.
1155 1515 51 29 kr.
1228 1516 174 29 Utskottet
1424 1515 87 30 fann
1533 1515 82 29 1968
1636 1515 44 30 bl.
1696 1525 29 19 a.

245 1567 69 34 (SU
338 1567 184 35 1968:100,
546 1578 25 20 s.
595 1567 56 34 14)
677 1570 49 27 att
748 1569 131 29 statens
901 1568 170 39 agerande
1092 1568 110 30 måste
1223 1568 125 31 bindas
1368 1578 41 21 av
1430 1569 56 29 det
1508 1577 123 31 genom
1652 1569 74 30 lån-

238 1621 184 39 givningen
453 1621 179 39 grundade
662 1621 347 30 avtalsförhållandet
1040 1622 63 29 och
1134 1624 48 27 att
1213 1631 42 20 en
1285 1622 170 29 eventuell
1485 1622 152 30 ovisshet
1668 1631 56 20 om

238 1675 203 39 avtalsläget
465 1676 62 29 bör
552 1675 104 30 lända
680 1675 204 40 låntagaren
907 1675 52 30 till
985 1675 120 30 fördel.

284 1730 175 29 Utskottet
476 1731 63 28 har
556 1731 70 28 inte
643 1730 118 30 funnit
778 1730 187 40 anledning
981 1731 50 28 att
1048 1730 124 40 frångå
1188 1731 54 29 sin
1257 1730 145 39 tidigare
1420 1731 201 29 redovisade
1639 1740 85 31 upp-

240 1783 152 40 fattning
414 1784 10 29 i
447 1783 133 40 frågan.
604 1783 125 31 Vidare
753 1784 112 29 skulle
888 1793 42 20 en
953 1783 148 40 ändring
1123 1793 42 21 av
1186 1785 127 29 räntan
1336 1784 77 30 leda
1435 1784 52 31 till
1510 1794 43 20 en
1576 1785 147 39 ändring

239 1847 42 20 av
306 1837 159 40 gällande
491 1837 113 30 beslut
631 1846 56 21 om
713 1837 149 40 generell
888 1837 254 41 hyreshöjning
1168 1838 64 30 och
1258 1838 121 30 kunna
1405 1838 110 30 rubba
1541 1838 181 30 förutsätt-

238 1891 172 39 ningarna
428 1891 54 30 för
499 1891 56 30 det
573 1891 91 30 avtal
682 1891 129 30 mellan
828 1891 342 40 hyresmarknadens
1188 1893 117 39 parter
1323 1901 74 20 som
1416 1892 106 39 ligger
1540 1892 51 29 till
1610 1892 112 40 grund

238 1945 54 29 för
307 1944 155 30 nämnda
474 1945 124 31 beslut.
613 1945 175 30 Utskottet
804 1946 180 39 avstyrker
999 1945 339 40 motionsförslagen.

282 1999 13 29 I
311 1998 381 40 statsrådsprotokollet
708 1999 175 30 redovisas
900 2000 402 40 departementschefens
1319 1999 262 40 överväganden
1597 2001 11 29 i
1625 2000 98 39 fråga

237 2062 57 20 om
311 2052 267 40 stadigvarande
598 2053 191 41 uthyrning
806 2063 42 21 av
865 2054 67 29 hus
951 2054 80 30 med
1049 2054 257 40 egnahemslån.
1327 2054 73 30 Vad
1420 2053 148 31 sålunda
1586 2054 136 30 anförts

236 2107 64 29 har
313 2107 70 29 inte
398 2108 69 38 gett
481 2107 169 30 utskottet
664 2107 188 41 anledning
864 2108 52 30 till
931 2108 150 30 erinran.

277 2186 177 29 Räntelån.
476 2187 144 39 Förslag
642 2188 63 28 har
728 2188 88 37 lagts
840 2188 89 29 fram
954 2188 9 28 i
987 2188 217 29 motionerna
1229 2188 103 29 1I:547
1357 2189 64 27 och
1445 2188 44 29 II:
1506 2187 63 30 642
1593 2197 56 19 om
1673 2189 49 27 att

236 2240 114 29 införa
374 2242 47 27 ett
445 2240 143 29 särskilt
612 2240 158 30 räntelån
796 2241 53 29 för
875 2241 143 30 småhus
1044 2250 73 20 som
1142 2242 70 28 inte
1237 2241 103 30 bebos
1365 2251 42 20 av
1430 2241 203 38 låntagaren
1658 2240 64 30 och

235 2303 74 20 som
337 2294 65 29 fått
429 2294 202 29 bostadslån
658 2294 106 38 enligt
794 2294 83 30 1962
905 2295 55 29 års
988 2295 217 38 kungörelse.
1234 2295 234 39 Räntebidrag
1495 2295 117 29 kunde
1640 2294 82 39 utgå

236 2347 54 30 för
310 2347 272 39 flerfamiljshus
602 2349 85 28 även
707 2348 205 29 retroaktivt
932 2348 79 29 från
1031 2348 242 30 bottenlånens
1293 2348 221 39 upptagande
1535 2349 125 28 medan
1680 2348 41 29 de

235 2401 53 29 för
315 2401 143 30 småhus
484 2401 117 39 utgick
628 2401 53 29 för
707 2401 93 29 tiden
828 2401 42 29 fr.
885 2411 28 19 o.
929 2411 44 20 m.
1000 2402 54 29 det
1082 2402 247 29 halvårsskifte
1357 2411 72 20 som
1457 2403 81 28 kom
1566 2402 153 29 närmast

235 2456 88 28 efter
344 2455 216 39 utbetalning
581 2465 41 19 av
645 2455 191 29 statslånet.
858 2455 258 29 Motionärerna
1137 2464 101 20 anser
1260 2457 49 27 att
1330 2455 115 30 denna
1467 2455 150 29 skillnad
1639 2456 82 28 mel-

234 2509 57 28 lan
323 2508 143 29 småhus
495 2509 65 28 och
590 2508 271 39 flerfamiljshus
891 2508 63 29 har
984 2508 218 39 missgynnat
1233 2508 189 29 småhusen
1452 2509 66 28 och
1548 2510 49 27 att
1627 2508 94 29 detta
