1916 2827
536 179 284 32 Statsutskottets
842 183 178 31 utlåtande
1040 193 43 21 nr
1102 185 41 29 50
1163 186 39 30 år
1224 186 83 30 1969
1626 190 36 29 11

226 256 219 41 Miljöfrågor
471 260 53 29 tas
551 268 70 32 upp
648 263 11 29 i
684 261 219 32 motionerna
929 263 108 31 I1:524
1063 266 65 28 och
1154 265 45 30 II:
1215 265 62 31 428
1305 274 123 31 genom
1453 268 211 31 hemställan

181 318 57 21 om
265 311 187 40 utredning
477 313 177 39 angående
680 314 288 42 bostadsmiljöns
993 317 174 41 betydelse
1194 320 54 30 för
1275 320 66 30 den
1368 321 128 31 sociala
1522 331 142 31 anpass-

181 363 129 39 ningen
329 365 65 29 och
412 374 57 21 om
486 366 177 40 riktlinjer
683 368 53 31 för
755 371 50 28 att
824 370 74 30 lösa
914 370 390 42 bostadsbebyggelsens
1322 374 281 41 bullerproblem.

225 417 176 30 Utskottet
424 419 69 30 kan
517 420 76 30 dela
615 421 276 33 motionärernas
915 424 226 43 uppfattning
1163 429 49 28 att
1236 427 267 40 miljöfrågorna
1525 430 62 30 bör
1610 432 53 28 tas

181 478 70 31 upp
274 480 75 20 som
370 481 42 19 en
433 473 138 39 mycket
592 474 242 40 betydelsefull
856 477 54 30 del
931 479 11 29 i
964 478 66 30 den
1050 478 308 41 bostadspolitiska
1380 482 282 41 målsättningen.

179 521 179 41 Frågorna
380 525 107 39 ägnas
509 526 105 31 också
635 528 313 39 uppmärksamhet
969 532 12 29 i
1002 532 93 31 olika
1116 532 147 32 berörda
1285 531 117 48 organ.

225 576 385 41 Utredningsyrkandet
641 582 12 29 i
685 582 41 30 de
758 582 235 41 föreliggande
1025 586 218 31 motionerna
1275 589 100 39 utgår
1409 590 142 30 särskilt
1583 591 79 29 från

179 637 42 20 en
246 629 165 41 betoning
436 640 42 21 av
502 632 217 40 ungdomens
745 635 166 31 situation
937 638 64 29 och
1027 638 79 30 från
1131 639 145 32 behovet
1302 650 42 21 av
1368 644 293 37 gemensamhets-

178 681 142 31 lokaler.
346 683 176 33 Utskottet
547 686 134 30 erinrar
706 696 57 22 om
788 691 49 28 att
864 690 221 40 sakkunniga
1109 692 182 32 tillkallats
1317 694 54 30 för
1397 695 187 41 utredning
1608 698 53 28 rö-

178 735 108 30 rande
307 736 162 31 bostäder
491 739 54 30 för
567 740 153 39 ungdom
743 744 89 28 samt
853 743 148 31 rörande
1024 746 131 30 statens
1177 746 228 32 ekonomiska
1428 750 77 29 stöd
1526 750 52 30 till
1601 751 60 29 all-

178 788 130 30 männa
333 790 310 40 samlingslokaler.
668 794 48 29 De
740 795 69 29 mål
833 797 10 28 i
867 797 110 39 övrigt
1002 807 73 21 som
1100 799 112 31 ställts
1236 810 71 30 upp
1330 802 11 29 i
1364 801 218 32 motionerna
1605 803 56 29 be-

177 841 101 31 aktas
302 842 106 31 också
431 843 220 41 fortlöpande
675 847 11 30 i
708 847 467 45 planeringssammanhang.
1200 854 78 29 Med
1301 854 138 40 hänsyn
1462 856 118 31 härtill
1605 866 56 20 av-

178 895 116 38 styrks
321 896 99 30 bifall
447 898 52 29 till
526 898 151 40 begäran
704 910 57 21 om
787 902 187 42 utredning
1002 915 41 19 av
1069 901 411 50 boendemiljöfrågorna.

222 948 138 31 Husens
386 949 243 43 ljudisolering
655 953 63 31 har
744 955 88 30 varit
860 955 146 32 föremål
1033 959 54 29 för
1114 959 87 31 flera
1227 960 313 41 undersökningar.
1567 963 93 29 Krav

177 1000 45 40 på
254 1001 243 43 ljudisolering
528 1005 64 30 har
623 1007 104 39 tagits
759 1008 36 30 in
827 1010 10 29 i
869 1009 175 33 bindande
1076 1011 220 33 föreskrifter
1329 1015 105 40 enligt
1466 1015 193 41 byggnads-

177 1054 146 40 stadgan
343 1056 64 29 och
428 1066 73 21 som
520 1058 63 30 råd
602 1060 64 29 och
685 1061 234 40 anvisningar.
939 1063 109 32 Dessa
1066 1065 86 30 krav
1169 1067 67 29 och
1254 1067 131 30 kraven
1404 1069 45 39 på
1469 1070 189 39 störnings-

177 1107 105 30 frihet
303 1108 80 31 från
402 1112 98 37 gator
520 1121 45 21 m.
585 1121 45 21 m.
650 1113 144 32 beaktas
813 1115 11 30 i
844 1115 226 42 planeringen
1090 1119 64 30 och
1174 1120 86 30 även
1280 1121 11 29 i
1313 1121 168 31 samband
1501 1123 79 29 med
1600 1124 57 29 bo-

177 1160 354 43 stadslångivningen.
563 1166 53 29 En
647 1166 195 41 föreslagen
873 1169 205 40 riksdagens
1110 1171 122 41 åtgärd
1263 1174 70 29 kan
1364 1174 71 31 inte
1467 1185 101 22 anses
1599 1177 59 39 på-

176 1213 127 31 kallad.

219 1275 129 30 Chefen
379 1277 54 30 för
462 1277 409 43 inrikesdepartementet
899 1283 64 31 har
992 1284 106 32 våren
1129 1286 82 31 1967
1240 1287 165 32 tillkallat
1435 1290 220 40 sakkunniga

173 1326 55 30 för
246 1329 49 28 att
313 1329 174 31 behandla
505 1332 93 30 vissa
616 1332 116 41 frågor
752 1335 176 39 angående
948 1337 128 31 service
1095 1339 10 29 i
1123 1339 312 33 bostadsområden
1452 1361 44 3 —
1513 1343 145 30 service-

171 1380 220 33 kommittén.
416 1384 112 31 Bland
553 1386 41 30 de
620 1387 47 29 tio
694 1388 221 41 sakkunniga
940 1391 98 39 ingår
1063 1392 58 30 två
1145 1393 354 40 riksdagsledamöter
1524 1398 65 29 och
1615 1407 42 21 en

172 1438 241 35 representant
432 1437 55 30 för
506 1439 370 33 kommunförbundet.
896 1443 143 41 Förslag
1059 1446 63 29 har
1141 1447 120 30 väckts
1280 1448 11 29 i
1311 1449 218 31 motionerna
1549 1451 29 30 I:
1593 1451 64 30 524

174 1489 63 28 och
264 1489 45 30 II:
325 1489 62 30 428
414 1500 74 21 som
514 1493 110 38 syftar
648 1495 52 29 till
726 1497 49 28 att
801 1496 208 32 kommittén
1034 1499 128 31 tillförs
1187 1510 43 21 en
1254 1501 144 31 bredare
1423 1500 232 49 parlamenta-

173 1541 83 35 risk,
279 1543 153 39 regional
455 1546 64 29 och
540 1546 205 32 kommunal
767 1551 274 37 representation
1064 1554 64 29 och
1150 1554 52 30 till
1225 1556 50 28 att
1297 1551 357 50 utredningsuppdra-

173 1597 54 36 get
250 1596 87 30 skall
359 1607 79 20 avse
460 1599 86 30 även
568 1600 127 31 service
716 1602 141 31 utanför
878 1604 154 31 tätorter.

217 1649 117 40 Enligt
353 1651 187 31 utskottets
559 1654 140 40 mening
717 1655 70 30 kan
805 1657 79 29 med
902 1657 41 30 de
961 1659 176 39 uppgifter
1156 1660 208 31 kommittén
1382 1663 109 40 ålagts
1510 1665 144 29 invänd-

175 1702 82 39 ning
284 1702 70 31 inte
381 1704 110 31 riktas
519 1708 72 28 mot
617 1707 222 40 principerna
866 1710 54 31 för
947 1712 133 31 urvalet
1107 1723 43 20 av
1177 1714 229 40 sakkunniga.
1434 1716 136 40 Frågan
1598 1728 55 19 om

172 1754 66 30 den
262 1757 127 29 service
413 1767 74 20 som
510 1758 71 31 inte
603 1760 125 39 knyter
751 1771 44 20 an
817 1763 52 29 till
892 1763 431 43 bebyggelseplaneringen
1345 1769 62 30 bör
1431 1779 74 20 som
1528 1771 124 30 hittills

169 1807 192 32 behandlas
384 1810 95 30 inom
504 1812 273 40 arbetsgruppen
802 1815 53 29 för
880 1816 312 41 glesbygdsfrågor.
1217 1820 217 32 Motionerna
1459 1823 28 30 I:
1503 1823 63 30 524
1591 1824 64 29 och

172 1862 44 30 II:
233 1862 62 30 428
323 1865 161 38 avstyrks
511 1865 119 31 därför
656 1867 12 30 i
694 1876 47 22 nu
768 1870 178 39 upptagna
971 1869 233 34 hänseenden.

211 1968 237 32 Kostnaderna
475 1971 93 30 inom
596 1972 334 37 bostadsbyggandet
957 1985 99 22 m.m.
1085 1978 80 30 Som
1192 1980 169 31 utskottet
1388 1982 88 30 även
1501 1983 116 31 berört
1643 1985 12 29 i

170 2023 170 29 samband
361 2025 79 29 med
461 2025 256 41 behandlingen
739 2037 42 20 av
801 2029 357 40 bostadsbyggandets
1180 2033 194 41 inriktning
1396 2036 44 39 på
1461 2037 193 39 lägenhets-

168 2076 100 39 typer
291 2077 63 29 har
377 2078 336 41 kostnadsfrågorna
735 2082 104 39 tagits
863 2092 72 31 upp
956 2084 10 28 i
990 2086 261 38 propositionen
1274 2088 64 29 och
1362 2088 62 30 där
1447 2090 128 31 beretts
1599 2102 56 20 av-

171 2130 113 29 sevärt
303 2132 183 38 utrymme.
506 2133 101 30 Detta
626 2134 54 30 får
700 2144 53 20 ses
772 2138 70 27 mot
861 2136 184 40 bakgrund
1065 2149 41 19 av
1124 2140 66 29 den
1210 2141 130 40 ökning
1358 2152 42 20 av
1418 2144 236 32 kostnaderna

170 2192 75 21 som
263 2184 84 39 ägde
364 2194 79 21 rum
460 2186 110 30 under
587 2187 164 39 perioden
771 2189 214 32 1960—1966
1004 2192 63 29 och
1086 2202 74 21 som
1178 2194 54 30 för
1250 2204 42 20 en
1310 2196 159 41 nybyggd
1487 2200 166 29 trerums-

167 2236 161 40 lägenhet
358 2240 219 30 motsvarade
607 2241 38 29 65
676 2245 152 36 procent.
859 2244 51 30 Av
939 2245 113 30 denna
1083 2247 322 43 kostnadsstegring
1435 2251 117 31 kunde
1582 2263 71 20 om-

167 2291 103 39 kring
299 2292 135 30 hälften
464 2294 170 31 återföras
663 2296 52 29 till
745 2307 41 19 en
816 2297 86 39 höjd
931 2301 208 37 utrymmes-
1169 2302 64 29 och
1263 2304 390 39 utrustningsstandard

167 2344 11 29 i
202 2345 247 39 lägenheterna
472 2348 64 29 och
561 2348 66 30 den
650 2351 89 37 yttre
764 2351 124 39 miljön
912 2353 126 29 medan
1063 2353 198 32 återstoden
1285 2357 116 30 kunde
1426 2359 160 31 härledas
1611 2370 42 21 ur

166 2398 108 39 höjda
304 2399 267 32 lönekostnader
600 2403 64 29 och
693 2405 281 39 materialpriser.

212 2462 162 30 Trenden
399 2463 64 31 har
488 2464 127 31 brutits
642 2466 38 30 år
708 2466 81 31 1967
817 2467 45 31 då
887 2478 42 20 en
955 2469 93 40 lägre
1074 2470 150 31 kostnad
1250 2481 60 30 per
1337 2478 47 24 m?
1410 2474 238 41 lägenhetsyta

169 2516 118 30 kunde
304 2517 177 31 redovisas
500 2519 44 29 än
562 2519 110 31 under
691 2520 37 30 år
748 2520 93 31 1966.
860 2521 243 32 Kostnaderna
1121 2524 54 30 för
1194 2524 110 31 första
1321 2526 155 32 halvåret
1497 2528 82 31 1968
1598 2531 53 29 ut-

166 2579 35 26 2:
221 2596 39 3 —
279 2579 124 36 Bihang
424 2580 47 28 till
491 2580 187 36 riksdagens
698 2583 162 33 protokoll
880 2583 86 29 1969.
988 2585 16 27 6
1025 2585 88 28 saml.
1134 2586 46 27 Nr
1200 2586 37 28 50
