1880 2832
269 160 38 31 16
718 163 274 31 Statsutskottets
1011 161 177 31 utlåtande
1206 161 49 31 Nr
1281 162 69 30 126.

1490 368 119 37 Bilaga
1634 367 38 31 B.

896 543 264 51 Förslag

999 633 52 32 till

857 696 360 50 Förordning

360 795 66 23 om
459 784 156 34 ändrad
644 784 151 44 lydelse
823 795 50 23 av
901 782 20 45 $
948 784 43 33 10
1019 783 289 43 förordningen
1338 781 77 34 den
1444 782 21 33 6
1492 781 86 43 juni
1606 781 88 33 1929

459 844 66 44 (nr
548 844 82 45 129)
654 845 205 45 angående
887 845 177 34 Svenska
1088 843 508 45 skeppshypotekskassan.

319 961 212 37 Härigenom
558 960 196 37 förordnas,
781 963 49 28 att
856 958 20 41 8
906 961 39 29 10
972 958 249 37 förordningen
1247 959 67 30 den
1339 959 20 29 6
1387 957 76 38 juni
1493 957 82 30 1929
1605 954 177 39 angående

276 1011 154 31 Svenska
456 1012 429 37 skeppshypotekskassan
910 1011 89 30 skall
1023 1009 133 31 erhålla
1183 1008 155 38 följande
1366 1009 155 30 ändrade
1547 1008 142 36 lydelse:

980 1109 21 42 8
1025 1111 50 31 10.

321 1179 75 31 Lån
415 1179 59 31 må
492 1179 144 38 beviljas
656 1179 45 38 på
720 1180 99 36 högst
837 1179 48 31 tio
904 1178 56 31 års
980 1177 318 37 återbetalningstid
1318 1177 80 31 med
1419 1176 195 38 skyldighet
1633 1176 55 30 för
1709 1175 73 31 lån-

275 1234 143 33 tagaren
447 1233 50 28 att
525 1231 110 30 under
665 1230 172 31 lånetiden
866 1229 101 37 gälda
998 1228 92 31 lånet
1119 1228 107 36 enligt
1256 1227 171 31 fastställd
1458 1226 323 37 amorteringsplan.

276 1282 72 30 Har
365 1282 12 30 i
396 1281 148 37 enlighet
564 1282 79 30 med
663 1281 66 30 vad
749 1282 121 29 därom
889 1279 139 31 särskilt
1046 1278 152 37 stadgats
1218 1277 234 31 sekundärlån
1470 1278 149 30 lämnats
1640 1280 72 27 mot
1731 1277 52 30 sä-

277 1333 120 30 kerhet
427 1342 42 21 av
493 1331 202 37 inteckning
721 1331 13 30 i
763 1331 122 36 fartyg,
913 1330 138 30 belånat
1077 1330 13 30 i
1118 1330 139 35 kassan,
1287 1329 58 30 må
1374 1329 165 36 styrelsen
1569 1328 100 36 dock,
1697 1327 86 31 efter

275 1383 171 37 prövning
463 1383 13 31 i
496 1382 95 38 varje
609 1382 139 31 särskilt
767 1381 71 36 fall,
859 1380 157 37 medgiva
1037 1380 120 36 längre
1177 1378 329 38 återbetalningstid,
1525 1379 101 37 högst
1643 1379 72 30 tolv
1735 1377 48 36 år,

277 1435 55 31 för
353 1435 56 30 det
431 1444 42 21 av
494 1435 129 29 kassan
644 1432 170 38 beviljade
836 1431 102 32 lånet.

322 1485 53 31 Då
401 1484 171 32 särskilda
598 1483 295 37 omständigheter
917 1482 114 31 därtill
1057 1481 191 37 föranleda,
1275 1482 80 36 äger
1380 1481 167 37 styrelsen
1572 1480 128 38 bevilja
1724 1489 59 22 an-

278 1536 101 31 stånd
401 1536 54 31 för
477 1536 101 37 högst
596 1538 49 28 ett
667 1535 39 30 år
725 1535 12 30 i
761 1534 123 30 sänder
905 1534 79 30 med
1006 1532 232 37 fullgörandet
1260 1542 42 21 av
1325 1531 215 32 föreskriven
1563 1530 221 38 amortering.

322 1653 124 31 Denna
469 1652 205 37 förordning
695 1652 114 30 träder
831 1651 10 30 i
865 1650 94 31 kraft
980 1651 66 30 den
1073 1651 15 29 1
1110 1649 65 37 juli
1199 1650 93 35 1936,
1316 1659 80 20 men
1421 1650 89 29 skall
1534 1649 75 31 icke
1634 1650 64 37 äga
1720 1649 65 30 till-

278 1705 181 37 lämpning
481 1704 222 31 beträffande
725 1702 242 32 dessförinnan
989 1701 80 31 från
1092 1702 129 29 kassan
1244 1700 142 37 beviljat
1408 1700 69 31 lån.

514 2472 108 21 367246.
663 2470 174 29 Stockholm,
857 2469 80 25 Isaac
955 2469 112 25 Marcus
1086 2468 379 32 Boktryckeri-Aktiebolag,
1487 2468 75 25 1936.
