2146 2654
315 254 37 29 12
812 252 246 31 Statsutskottets
1089 253 167 31 Utlåtande
1279 254 66 30 N:o
1373 256 50 28 64.

311 336 356 49 hofjägarebostället
696 336 226 49 Tegeludden
952 337 78 36 med
1060 349 43 23 en
1132 338 92 35 areal
1252 338 38 35 af
1320 339 108 44 370,5;
1459 351 47 30 ar,
1539 339 124 35 kunna
1691 339 12 35 i
1732 339 102 49 fråga
1860 352 56 22 om

311 392 349 48 dispositionsrätten
684 392 170 35 likställas
879 392 77 35 med
980 392 202 47 egofiguren
1213 394 42 33 IT
1284 394 66 34 och
1374 394 136 34 således
1531 394 37 34 af
1588 395 229 34 Stockholms
1838 395 78 35 stad

309 447 12 34 i
359 446 296 36 förekommande
694 446 61 35 fall
787 448 85 33 utan
902 446 211 36 afvaktande
1143 447 36 34 af
1207 448 67 33 viss
1303 447 177 48 tidpunkt
1509 449 37 34 få
1575 450 101 46 tagas
1705 449 12 34 i
1747 449 166 48 anspråk.

415 501 55 35 Af
512 501 69 35 den
626 500 203 48 mellangift
866 502 19 33 å
920 502 166 40 229,642
1121 500 130 36 kronor
1288 503 46 33 23
1366 506 71 40 öre,
1468 514 78 23 som
1576 502 231 36 Stockholms
1836 503 78 35 stad

309 555 64 34 har
401 557 55 32 att
485 555 55 34 för
569 555 231 46 Hjorthagen
830 555 148 46 erlägga,
1008 555 109 34 borde
1148 556 12 33 i
1189 556 109 34 första
1326 559 158 32 rummet
1509 557 174 34 bestridas
1714 558 200 34 kostnaden

309 608 55 35 för
392 609 203 34 ersättande
624 608 37 35 af
689 608 67 35 den
785 608 194 48 hjortpark,
1009 620 77 23 som
1115 608 141 35 komme
1285 611 54 33 att
1367 611 214 46 utrymmas.
1638 611 58 34 Då
1724 611 111 35 sådan
1866 624 48 21 er-

308 663 162 45 sättning
510 662 117 34 skulle
667 662 145 35 beredas
851 674 127 34 genom
1014 662 217 46 utvidgning
1268 663 37 34 af
1340 662 67 36 den
1439 664 208 34 nuvarande
1677 665 234 46 hjortparken

306 714 61 36 vid
395 715 224 48 Gripsholm,
650 715 66 35 och
747 715 194 35 kostnaden
969 715 118 35 härför
1116 715 186 36 beräknats
1331 717 123 47 uppgå
1483 716 57 36 till
1570 716 170 48 omkring
1767 718 143 43 30,000

308 769 145 44 kronor,
484 771 123 47 syntes
636 769 56 36 för
720 769 177 36 vinnande
925 769 36 36 af
985 770 100 48 jemn
1114 782 138 23 summa
1280 771 20 35 å
1329 770 69 36 den
1428 771 101 45 fond,
1562 783 76 24 som
1668 772 12 35 i
1708 772 114 47 öfrigt
1851 772 63 36 bör

307 824 114 35 bildas
458 824 37 34 af
527 824 375 47 mellangiftsmedlen,
937 824 36 34 af
1004 824 99 35 dessa
1135 824 115 53 medel
1283 825 84 35 böra
1392 826 55 34 för
1476 826 206 35 ändamålet
1706 827 206 48 disponeras

307 880 52 34 ett
392 878 133 49 belopp
555 878 37 35 af
623 880 140 43 29,642
799 879 128 35 kronor
962 881 42 34 25
1044 883 68 31 öre.
1168 879 226 42 Återstoden,
1429 882 169 41 200,000
1629 881 144 42 kronor,
1804 882 108 35 borde

306 933 57 36 till
391 933 262 37 statskontoret
676 933 210 37 inlevereras
909 934 53 35 för
989 936 53 34 att
1071 934 176 36 derstädes
1271 934 187 43 förräntas,
1490 936 84 35 med
1598 938 72 34 rätt
1694 936 55 36 för
1774 937 136 47 Kongl.

305 989 111 47 Maj:t
445 990 54 35 att
527 988 189 50 disponera
745 989 67 36 den
841 989 108 49 årliga
976 991 125 34 räntan
1134 989 56 37 till
1222 990 249 49 Djurgårdens
1507 991 220 49 förbättring
1752 992 67 36 och
1845 992 67 36 för-

305 1044 166 47 sköning.

414 1098 202 42 Utskottet,
647 1111 87 29 som,
765 1101 45 46 på
839 1099 114 47 grund
980 1098 36 36 af
1044 1099 94 35 hvad
1165 1099 148 36 sålunda
1343 1100 247 43 förekommit,
1621 1114 102 22 anser
1747 1102 56 47 sig
1828 1103 84 34 böra

307 1153 138 35 biträda
470 1153 138 47 Kongl.
635 1154 125 46 Maj:ts
785 1154 223 35 förevarande
1034 1154 142 47 förslag,
1207 1154 204 36 hemställer
1439 1155 116 44 alltså,

841 1264 52 33 att
926 1262 133 47 Kongl.
1096 1263 123 46 Maj:ts
1251 1263 273 47 ifrågavarande
1555 1264 269 48 framställning
1853 1267 57 33 må

734 1316 37 34 af
798 1316 198 47 Riksdagen
1027 1316 149 36 bifallas.

410 1423 211 35 Stockholm
653 1424 68 34 den
754 1426 45 33 23
831 1424 88 48 april
950 1425 110 35 1889.

830 1532 49 34 På
908 1532 282 35 statsutskottets
1219 1537 147 43 vägnar:

910 1619 176 41 Gustaf
1107 1619 180 49 Sparre.

662 1885 14 16 .
957 1851 276 36 Reservation

300 1939 36 35 af
375 1939 139 35 Herrar
557 1938 37 38 C.
634 1939 206 48 Ifvarsson,
880 1940 47 37 A.
962 1941 39 36 P.
1036 1941 221 43 Damelson,
1290 1942 38 38 S.
1360 1943 169 42 Nilsson,
1561 1942 50 37 A.
1643 1943 162 37 Persson
1837 1946 65 35 och

299 1992 46 36 N.
388 1992 205 44 Petersson,
631 1995 124 35 hvilka
794 1998 115 34 ansett
943 1997 135 47 Kongl.
1109 1997 123 48 Maj:ts
1266 1998 269 48 framställning
1564 1999 13 35 i
1605 2002 122 33 ämnet
1756 2000 82 35 bort
1868 2001 36 34 af

301 2047 180 37 utskottet
509 2049 190 48 afstyrkas.

406 2103 99 35 Herr
533 2102 36 36 J.
599 2102 201 37 Anderson
828 2105 62 35 har
918 2105 121 46 begärt
1069 2105 35 35 få
1133 2106 226 44 autecknadt,
1381 2109 54 33 att
1456 2107 71 35 han
1549 2108 31 47 ej
1604 2108 153 47 deltagit
1777 2108 12 34 i
1807 2108 97 36 detta

298 2157 147 35 ärendes
474 2158 223 47 behandling
725 2159 96 34 inom
852 2159 184 35 utskottet.

818 2371 132 25 Stockholm,
967 2372 128 19 Gernandts
1111 2373 189 25 Boktr.-Aktieb.,
1317 2374 60 19 1889.
