2204 2638
656 146 346 33 Jordbruksutskottets
1024 146 164 33 utlåtande
1211 147 53 32 Nr
1287 150 72 31 109.
1729 148 39 32 13

210 224 141 37 kronor
391 237 69 37 per
500 224 144 38 hektar.
701 224 125 38 Sedan
869 225 347 51 domänstyrelsens
1258 226 145 50 förslag
1442 226 111 38 blivit
1583 227 104 47 känt,
1716 227 96 37 hade

211 276 97 36 dock
343 276 227 50 föreningen
603 276 100 51 tagit
734 277 138 49 frågan
908 278 120 36 under
1063 284 195 43 noggrant
1294 279 266 49 övervägande
1587 279 71 37 och
1686 278 126 37 funnit

209 328 63 49 sig
312 329 130 36 kunna
483 328 136 54 högst
639 329 124 37 betala
804 329 74 37 vad
915 329 46 37 de
989 332 64 34 två
1080 330 389 49 värderingsmännen
1500 330 194 48 föreslagit
1723 331 89 36 eller

209 381 139 46 26,728
391 380 151 36 kronor.
596 382 111 35 Åven
747 381 86 36 med
875 380 124 37 denna
1034 381 258 49 köpeskilling
1320 382 121 36 skulle
1468 383 215 48 tomtpriset
1709 382 102 36 bliva

209 435 173 32 avsevärt
409 431 96 49 högt
532 431 71 37 och
630 432 152 36 komme
812 437 54 31 att
893 435 48 46 på
969 437 54 32 ett
1050 432 216 50 betänkligt
1286 438 74 31 sätt
1379 433 169 36 försvåra
1567 434 243 48 föreningens

208 482 251 37 verksamhet.

338 534 81 37 Mot
455 534 46 37 de
528 534 149 47 villkor,
706 535 329 49 domänstyrelsen
1062 536 12 36 i
1103 536 129 49 övrigt
1261 536 197 49 föreslagit
1486 536 106 37 skola
1619 537 99 47 gälla
1746 536 64 37 vid

210 598 48 24 en
286 586 191 36 eventuell
504 586 241 50 försäljning,
774 586 97 37 hade
899 586 225 51 föreningen
1152 588 83 36 icke
1263 590 118 47 något
1409 594 55 30 att
1491 588 175 36 invända.

338 739 56 38 De
422 740 12 37 i
463 740 155 38 ärendet
646 741 237 50 ådagalagda
911 741 284 39 förhållandena
1222 743 12 36 i
1263 743 108 49 fråga
1397 756 61 24 om
1488 743 241 50 svårigheten
1753 743 57 37 för
1827 756 209 31 Departements-

210 791 74 37 den
320 797 103 32 stora
460 792 425 50 arbetarbefolkningen
916 794 65 36 vid
1010 793 275 51 Grängesberg
1312 800 55 31 att
1395 795 121 37 skaffa
1543 796 61 49 sig
1631 795 179 50 lämpliga
1884 792 97 30 chefen.

208 842 179 38 bostäder
427 844 56 36 till
524 844 143 50 skäligt
707 846 79 48 pris
825 859 114 36 synas
980 846 81 48 mig
1101 846 93 37 böra
1226 852 138 43 utgöra
1395 846 221 50 tillräckligt
1643 847 82 37 skäl
1753 848 58 36 för

209 900 125 31 staten
376 901 55 31 att
471 895 85 38 icke
598 902 120 43 vägra
750 903 54 30 att
832 900 37 33 åt
897 897 73 37 den
998 898 205 49 nybildade
1231 897 385 50 bostadsföreningen
1644 898 168 37 överlåta

209 946 63 36 det
299 947 153 37 område
479 960 48 23 av
550 947 267 50 kronoparken
840 948 268 50 Björnhyttan,
1129 962 80 23 som
1231 950 264 48 ansökningen
1516 963 118 23 avser.
1676 950 136 37 Därest

212 997 104 37 detta
351 998 154 37 område
529 999 122 37 skulle
680 1000 113 49 säljas
821 999 58 37 till
908 999 62 37 det
997 1001 91 48 pris,
1117 1000 225 48 föreningen
1370 1001 96 36 först
1495 1001 123 49 bjudit
1646 1001 58 37 för
1732 1002 79 35 det-

209 1061 144 24 samma
381 1050 90 36 eller
499 1049 117 50 högst
645 1052 73 35 200
746 1051 142 37 kronor
911 1051 59 37 för
988 1052 145 46 hektar,
1154 1052 120 36 skulle
1295 1052 102 37 detta
1417 1052 121 49 enligt
1558 1053 78 36 min
1654 1053 158 48 mening

211 1099 180 38 innebära
419 1114 47 23 en
494 1104 41 34 så
564 1103 184 36 avsevärd
778 1103 246 48 nedsättning
1051 1103 123 37 under
1201 1104 175 36 markens
1405 1104 172 49 verkliga
1603 1104 125 47 värde,
1757 1111 54 29 att

208 1151 64 37 det
311 1152 189 50 knappast
542 1153 121 38 skulle
705 1155 129 36 kunna
869 1155 191 37 försvaras
1090 1161 55 30 att
1174 1158 39 34 åt
1240 1155 421 50 arbetarbefolkningen
1688 1159 48 46 på
1765 1169 46 23 en

209 1209 71 42 ort,
322 1204 118 37 sådan
482 1217 81 25 som
599 1206 72 37 den
699 1206 305 49 ifrågavarande,
1033 1206 137 37 bereda
1198 1220 47 23 en
1274 1207 117 37 sådan
1419 1213 106 31 extra
1554 1208 145 36 förmån
1728 1207 83 37 från

208 1261 144 31 statens
381 1256 93 37 sida.
525 1257 74 37 Det
627 1271 113 35 synes
769 1258 81 48 mig
877 1259 196 49 nämligen
1101 1259 175 49 omöjligt
1303 1264 54 32 att
1384 1259 64 36 vid
1476 1259 335 49 värdesättningen

209 1320 47 23 av
284 1307 156 37 marken
467 1311 93 46 utgå
587 1309 160 37 allenast
775 1310 83 36 från
886 1310 86 37 dess
992 1310 115 37 värde
1126 1313 124 34 såsom
1271 1310 226 49 skogsmark
1517 1311 90 36 eller
1626 1311 185 36 måhända

208 1363 56 31 att
304 1358 94 37 söka
434 1359 129 37 hämta
603 1363 130 46 någon
773 1361 158 49 ledning
966 1361 84 37 från
1082 1362 73 36 vad
1184 1367 124 31 staten
1335 1365 48 46 på
1411 1363 59 35 sin
1498 1362 55 37 tid
1580 1362 140 36 betalat
1747 1362 63 36 vid

209 1408 158 50 inköpet
396 1423 47 23 av
470 1410 73 37 den
571 1412 155 49 mycket
752 1412 271 49 långsträckta,
1052 1425 82 24 mer
1162 1418 48 31 än
1239 1414 111 45 6,000
1380 1413 136 36 hektar
1545 1419 102 31 stora
1674 1413 137 36 krono-

207 1460 157 50 parken,
406 1462 194 49 nämligen
642 1465 165 46 435,000
849 1464 150 37 kronor.
1054 1464 74 37 Det
1168 1469 41 32 är
1235 1464 223 50 uppenbart,
1497 1470 54 31 att
1579 1465 62 36 det
1667 1465 77 48 just
1770 1469 41 31 är

208 1512 347 50 närbelägenheten
597 1515 57 36 till
692 1515 284 49 Grängesberg,
1006 1529 81 23 som
1116 1516 103 49 gjort
1247 1517 62 36 det
1337 1530 51 23 nu
1416 1516 287 49 ifrågavarande
1730 1529 80 23 om-

211 1564 106 37 rådet
357 1578 48 23 av
447 1565 267 51 kronoparken
750 1567 192 49 begärligt
970 1567 60 38 för
1056 1567 395 49 bostadsföreningen,
1481 1568 72 37 och
1581 1568 102 37 detta
1710 1568 101 36 visar

211 1615 235 51 tillräckligt,
474 1623 55 31 att
557 1618 155 37 marken
740 1623 91 45 äger
858 1619 115 37 värde
1001 1621 126 35 såsom
1154 1620 216 36 tomtmark.

338 1667 88 38 Men
467 1682 62 24 om
566 1669 72 50 jag
678 1671 116 36 också
836 1684 119 34 anser,
999 1676 55 31 att
1082 1677 125 31 staten
1243 1671 82 38 icke
1352 1672 69 36 bör
1449 1672 95 49 sälja
1572 1671 153 37 marken
1752 1671 60 37 för

210 1718 213 51 underpris,
461 1721 75 37 kan
569 1721 72 50 jag
667 1722 83 37 icke
778 1722 129 50 undgå
935 1728 55 32 att
1016 1723 105 36 finna
1148 1723 407 37 domänintendentens
1584 1737 47 23 av
1659 1723 153 37 domän-

213 1772 183 47 styrelsen
433 1771 173 39 biträdda
651 1773 206 51 värdering
900 1774 63 37 väl
1004 1774 89 50 hög.
1161 1774 504 51 Värderingsinstrumentet
1706 1776 105 36 inne-

211 1821 119 38 håller
361 1823 83 38 icke
476 1828 129 46 någon
638 1826 154 49 uppgift
819 1829 48 46 på
894 1827 103 36 vilka
1025 1827 169 48 grunder
1221 1840 89 23 vare
1338 1827 60 49 sig
1426 1827 385 37 domänintendenten

207 1874 91 36 eller
324 1875 394 50 värderingsmännen
746 1877 160 37 kommit
933 1877 57 37 till
1018 1878 46 36 de
1084 1892 47 22 av
1151 1878 85 37 dem
1257 1881 120 34 åsatta
1394 1878 165 37 värdena
1578 1879 91 36 eller
1684 1879 127 36 varför

207 1924 48 37 de
297 1931 123 32 ansett
456 1927 83 49 just
579 1928 46 37 de
667 1928 152 50 ojämna
855 1929 102 37 talen
986 1942 46 23 av
1058 1930 212 49 respektive
1300 1932 107 35 12.173
1439 1930 71 37 och
1539 1932 83 35 5.25
1654 1935 61 32 öre
1743 1942 68 37 per

207 1975 282 40 kvadratmeter
528 1980 193 50 lämpliga.
776 1980 79 50 Jag
895 1981 118 36 håller
1053 1981 94 47 före,
1177 1986 55 32 att
1270 1995 87 23 man
1384 1981 64 37 vid
1476 1981 260 49 beräkningen
1765 1994 45 24 av

207 2029 190 36 områdets
437 2031 115 36 värde
594 2031 69 37 bör
704 2032 175 49 särskilja
915 2032 46 37 de
989 2032 12 36 i
1030 2033 169 36 området
1226 2033 188 49 ingående
1442 2033 258 47 markarealer,
1729 2046 81 23 som

207 2083 66 33 äro
302 2081 165 37 avsedda
494 2087 56 32 att
578 2082 195 37 användas
802 2083 59 36 för
888 2083 100 37 olika
1016 2084 186 36 ändamål.

336 2131 84 38 Vad
462 2133 47 37 då
551 2134 96 36 först
688 2134 177 37 beträffar
897 2135 72 36 den
997 2135 130 36 utmed
1155 2135 188 37 områdets
1371 2141 127 31 västra
1527 2135 82 37 sida
1636 2135 174 48 belägna,

207 2182 57 37 till
291 2182 300 52 bostadsplatser
618 2186 206 49 olämpliga
851 2199 165 35 mossen,
1045 2200 112 36 synes
1185 2187 82 49 mig
1293 2187 121 49 högre
1437 2187 79 50 pris
1535 2187 83 37 icke
1638 2187 172 49 skäligen
