1886 2790
301 174 20 30 6
486 173 113 28 Första
611 173 204 29 kammarens
830 174 161 28 allmänna
1008 175 323 35 beredningsutskotts
1348 175 158 28 utlåtande
1524 184 38 19 nr
1580 176 26 28 7.

299 263 50 28 att
370 263 97 30 möta
487 263 70 31 den
576 262 243 41 föreliggande
841 264 226 32 situationen.
1092 265 178 31 Utskottet
1291 265 208 31 förutsätter
1522 265 149 40 givetvis
1691 265 109 32 också

299 317 51 28 att
374 318 132 29 statens
530 316 201 40 järnvägar,
757 318 187 31 tullverket
970 319 68 30 och
1065 319 119 39 övriga
1209 319 152 30 berörda
1387 320 139 38 statliga
1551 319 250 40 myndigheter

300 368 149 40 vidtagit
467 370 86 30 eller
570 370 161 39 vidtager
751 371 69 31 alla
840 372 42 29 de
903 371 175 40 åtgärder,
1099 381 76 21 som
1196 372 72 30 kan
1288 373 191 30 medverka
1500 373 53 30 till
1573 376 50 27 att
1647 382 151 22 somma-

299 429 82 23 rens
398 423 154 30 väntade
570 426 95 28 stora
686 424 216 31 turistström
922 425 101 39 löper
1039 424 41 32 så
1097 424 248 32 friktionsfritt
1364 426 67 30 och
1451 426 143 40 smidigt
1613 436 77 21 som
1710 427 88 39 möj-

300 475 70 40 ligt.
392 476 178 31 Utskottet
589 476 58 32 får
664 476 151 32 sålunda
833 478 197 36 hemställa,

655 534 51 27 att
729 531 136 31 motion
888 532 28 30 I:
934 533 62 29 174
1021 533 33 39 ej
1079 532 111 31 måtte
1212 533 53 30 till
1292 532 116 40 någon
1432 533 113 32 första
1570 534 228 31 kammarens

610 583 125 40 åtgärd
757 584 196 32 föranleda.

344 680 207 32 Stockholm
570 682 70 30 den
661 683 37 29 11
721 692 98 21 mars
838 684 94 30 1952.

831 780 48 31 På
903 782 191 30 utskottets
1117 783 147 38 vägnar:

801 878 248 32 BERNHARD
1076 874 216 37 NÄSGÅRD.

342 1129 239 31 Närvarande:
603 1129 43 31 Se
664 1129 112 31 under
795 1129 182 31 utskottets
998 1129 180 31 utlåtande
1197 1139 43 21 nr
1262 1131 30 29 6.

913 1452 272 37 Reservation

297 1558 44 22 av
367 1550 85 30 herr
476 1550 204 40 Lundqvist,
706 1560 77 21 som
809 1553 114 28 ansett
950 1553 51 28 att
1029 1551 188 30 utskottets
1245 1550 182 31 utlåtande
1456 1550 80 30 bort
1562 1550 47 30 ha
1636 1549 163 40 följande

296 1603 142 39 lydelse.

341 1655 229 33 Sommarens
587 1657 203 39 olympiska
810 1658 73 38 spel
904 1657 11 30 i
935 1656 224 40 Helsingfors
1177 1657 148 30 komma
1344 1656 203 40 antagligen
1565 1660 51 29 att
1634 1657 163 30 medföra

296 1719 46 21 en
362 1711 171 30 avsevärd
557 1710 137 40 ökning
715 1721 43 20 av
781 1711 300 30 turistströmmen
1106 1710 53 31 till
1181 1710 163 31 Finland.
1369 1710 53 30 En
1449 1710 202 39 betydande
1674 1711 55 30 del
1755 1720 42 22 av

296 1762 114 32 denna
429 1762 212 32 turistström
660 1764 99 30 torde
778 1767 79 36 taga
877 1765 112 38 vägen
1009 1765 81 29 över
1110 1763 147 40 Sverige.
1280 1764 102 30 Detta
1401 1763 160 31 kommer
1581 1764 80 30 med
1682 1764 115 30 säker-

296 1816 60 31 het
374 1820 50 27 att
442 1818 102 30 ställa
563 1818 143 38 mycket
724 1821 96 27 stora
838 1818 87 31 krav
944 1817 47 39 på
1008 1817 64 31 vår
1091 1817 163 39 förmåga
1272 1820 51 27 att
1340 1821 35 26 ta
1394 1818 56 29 väl
1468 1820 105 33 emot,
1592 1817 205 31 inkvartera

296 1870 67 30 och
393 1870 271 31 trafiktekniskt
691 1871 292 31 vidarebefordra
1014 1872 241 29 resenärerna.
1286 1870 79 31 Med
1394 1871 140 39 hänsyn
1563 1870 53 31 till
1646 1871 71 30 den
1744 1874 53 27 ut-

296 1922 150 32 ländska
469 1923 191 31 turismens
683 1927 96 28 stora
803 1924 181 39 betydelse
1006 1924 11 32 i
1040 1924 96 31 olika
1159 1925 200 30 avseenden
1384 1924 58 31 för
1464 1923 77 32 vårt
1564 1924 84 30 land
1675 1925 42 29 är
1739 1925 58 30 det

296 1976 196 32 emellertid
514 1977 126 39 viktigt
662 1980 51 28 att
735 1977 34 31 vi
792 1980 86 28 utan
899 1981 51 27 att
973 1985 43 31 ge
1036 1978 118 30 avkall
1176 1977 46 39 på
1244 1976 65 32 vår
1328 1977 192 31 nationella
1542 1981 144 36 egenart
1709 1979 88 29 söka

296 2030 179 37 ordnasså,
495 2033 51 28 att
565 2031 43 30 de
629 2031 192 31 utländska
841 2032 163 38 gästerna
1023 2031 120 30 känna
1163 2031 53 40 sig
1234 2032 202 30 välkomna.

340 2083 66 31 Det
429 2085 42 29 är
495 2087 47 28 ett
566 2084 88 31 känt
677 2083 153 37 faktum,
856 2087 50 28 att
932 2085 59 30 det
1016 2085 110 30 redan
1152 2085 115 30 under
1290 2085 162 31 normala
1479 2084 253 31 förhållanden
1757 2085 40 29 är

294 2135 95 33 svårt
408 2140 52 28 att
480 2138 201 39 uppbringa
700 2138 192 30 hotellrum
912 2138 12 30 i
944 2138 150 39 Sverige.
1115 2138 205 31 Orsakerna
1339 2138 122 30 härtill
1480 2139 62 29 äro
1562 2138 104 31 flera:
1686 2138 111 30 hotell

294 2190 47 31 ha
361 2191 171 39 nedlagts,
550 2191 297 40 prisregleringen
866 2201 76 21 som
960 2192 111 39 gäller
1088 2192 57 30 för
1163 2192 285 39 hotellnäringen
1466 2193 67 29 har
1550 2194 135 29 ansetts
1701 2192 95 30 med-

294 2242 80 33 föra
396 2244 224 31 olönsamhet
643 2245 68 30 och
732 2244 161 33 försvåra
914 2244 275 40 nyinvestering.
1214 2245 94 31 Brist
1329 2245 45 39 på
1395 2247 117 30 medel
1532 2246 53 30 till
1608 2245 190 32 underhåll

295 2297 66 31 har
385 2298 181 30 dessutom
590 2298 48 39 på
662 2297 130 40 många
818 2298 73 31 håll
916 2299 106 30 sänkt
1049 2299 226 30 standarden.
1305 2300 84 29 1948
1416 2298 59 32 års
1500 2299 298 40 turistutredning

294 2350 108 31 anför
422 2350 12 31 i
457 2350 60 32 sitt
540 2351 229 31 betänkande
793 2350 98 40 (SOU
917 2351 181 40 1951:49),
1121 2355 51 28 att
1198 2352 69 31 den
1291 2352 291 40 hotellkapacitet
1604 2362 77 22 som
1704 2352 92 32 före-

295 2403 111 40 ligger
419 2404 115 31 under
548 2404 281 39 turistsäsongen
844 2406 69 30 och
926 2408 96 28 stora
1039 2406 100 30 delar
1153 2415 44 21 av
1213 2405 77 31 året
1306 2405 11 31 i
1334 2406 113 39 övrigt
1464 2408 41 29 är
1519 2405 54 31 till
1588 2406 207 40 bristnings-

295 2457 152 39 gränsen
470 2458 181 39 utnyttjad
673 2458 11 30 i
708 2459 69 30 vad
801 2458 109 39 gäller
932 2458 218 37 Stockholm,
1176 2458 122 40 övriga
1326 2461 114 29 större
1462 2459 120 31 städer
1605 2460 68 31 och
1697 2467 98 24 mera
