<?xml version="1.0" encoding="UTF-8"?>
<alto xmlns="http://www.loc.gov/standards/alto/ns-v3#" xmlns:xlink="http://www.w3.org/1999/xlink" xmlns:xsi="http://www.w3.org/2001/XMLSchema-instance" xsi:schemaLocation="http://www.loc.gov/standards/alto/ns-v3# http://www.loc.gov/alto/v3/alto-3-0.xsd">
	<Description>
		<MeasurementUnit>pixel</MeasurementUnit>
		<sourceImageInformation>
			<fileName>/tmp/tess_lc6srxun_input.PNG</fileName>
		</sourceImageInformation>
		<OCRProcessing ID="OCR_0">
			<ocrProcessingStep>
				<processingSoftware>
					<softwareName>tesseract 5.3.0</softwareName>
				</processingSoftware>
			</ocrProcessingStep>
		</OCRProcessing>
	</Description>
	<Layout>
		<Page WIDTH="1880" HEIGHT="2816" PHYSICAL_IMG_NR="0" ID="page_0">
			<PrintSpace HPOS="0" VPOS="0" WIDTH="1880" HEIGHT="2816">
				<ComposedBlock ID="cblock_0" HPOS="523" VPOS="141" WIDTH="1074" HEIGHT="43">
					<TextBlock ID="block_0" HPOS="523" VPOS="141" WIDTH="1074" HEIGHT="43">
						<TextLine ID="line_0" HPOS="523" VPOS="141" WIDTH="1074" HEIGHT="43">
							<String ID="string_0" HPOS="523" VPOS="152" WIDTH="307" HEIGHT="32" WC="0.91" CONTENT="Bankoutskottets"/><SP WIDTH="20" VPOS="152" HPOS="830"/>
							<String ID="string_1" HPOS="850" VPOS="149" WIDTH="175" HEIGHT="32" WC="0.96" CONTENT="utlåtande"/><SP WIDTH="19" VPOS="149" HPOS="1025"/>
							<String ID="string_2" HPOS="1044" VPOS="159" WIDTH="41" HEIGHT="20" WC="0.95" CONTENT="nr"/><SP WIDTH="20" VPOS="159" HPOS="1085"/>
							<String ID="string_3" HPOS="1105" VPOS="149" WIDTH="50" HEIGHT="30" WC="0.90" CONTENT="63."/><SP WIDTH="403" VPOS="149" HPOS="1155"/>
							<String ID="string_4" HPOS="1558" VPOS="141" WIDTH="39" HEIGHT="30" WC="0.95" CONTENT="17"/>
						</TextLine>
					</TextBlock>
				</ComposedBlock>
				<ComposedBlock ID="cblock_1" HPOS="86" VPOS="230" WIDTH="1511" HEIGHT="930">
					<TextBlock ID="block_1" HPOS="86" VPOS="230" WIDTH="1508" HEIGHT="553">
						<TextLine ID="line_1" HPOS="88" VPOS="230" WIDTH="1503" HEIGHT="48">
							<String ID="string_5" HPOS="88" VPOS="242" WIDTH="274" HEIGHT="36" WC="0.91" CONTENT="lagstiftningens"/><SP WIDTH="24" VPOS="242" HPOS="362"/>
							<String ID="string_6" HPOS="386" VPOS="241" WIDTH="87" HEIGHT="34" WC="0.96" CONTENT="syfte"/><SP WIDTH="24" VPOS="241" HPOS="473"/>
							<String ID="string_7" HPOS="497" VPOS="240" WIDTH="111" HEIGHT="30" WC="0.95" CONTENT="skulle"/><SP WIDTH="22" VPOS="240" HPOS="608"/>
							<String ID="string_8" HPOS="630" VPOS="239" WIDTH="110" HEIGHT="29" WC="0.93" CONTENT="bättre"/><SP WIDTH="22" VPOS="239" HPOS="740"/>
							<String ID="string_9" HPOS="762" VPOS="235" WIDTH="200" HEIGHT="36" WC="0.91" CONTENT="befrämjas,"/><SP WIDTH="26" VPOS="235" HPOS="962"/>
							<String ID="string_10" HPOS="988" VPOS="245" WIDTH="57" HEIGHT="20" WC="0.95" CONTENT="om"/><SP WIDTH="24" VPOS="245" HPOS="1045"/>
							<String ID="string_11" HPOS="1069" VPOS="235" WIDTH="67" HEIGHT="29" WC="0.95" CONTENT="den"/><SP WIDTH="23" VPOS="235" HPOS="1136"/>
							<String ID="string_12" HPOS="1159" VPOS="232" WIDTH="224" HEIGHT="30" WC="0.96" CONTENT="automatiskt"/><SP WIDTH="22" VPOS="232" HPOS="1383"/>
							<String ID="string_13" HPOS="1405" VPOS="231" WIDTH="96" HEIGHT="30" WC="0.93" CONTENT="bleve"/><SP WIDTH="26" VPOS="231" HPOS="1501"/>
							<String ID="string_14" HPOS="1527" VPOS="230" WIDTH="64" HEIGHT="30" WC="0.90" CONTENT="till-"/>
						</TextLine>
						<TextLine ID="line_2" HPOS="87" VPOS="273" WIDTH="1504" HEIGHT="47">
							<String ID="string_15" HPOS="87" VPOS="285" WIDTH="143" HEIGHT="35" WC="0.96" CONTENT="lämplig"/><SP WIDTH="16" VPOS="285" HPOS="230"/>
							<String ID="string_16" HPOS="246" VPOS="283" WIDTH="218" HEIGHT="31" WC="0.96" CONTENT="beträffande"/><SP WIDTH="17" VPOS="283" HPOS="464"/>
							<String ID="string_17" HPOS="481" VPOS="282" WIDTH="145" HEIGHT="34" WC="0.96" CONTENT="pension"/><SP WIDTH="18" VPOS="282" HPOS="626"/>
							<String ID="string_18" HPOS="644" VPOS="281" WIDTH="86" HEIGHT="29" WC="0.96" CONTENT="efter"/><SP WIDTH="16" VPOS="281" HPOS="730"/>
							<String ID="string_19" HPOS="746" VPOS="280" WIDTH="67" HEIGHT="30" WC="0.96" CONTENT="den"/><SP WIDTH="20" VPOS="280" HPOS="813"/>
							<String ID="string_20" HPOS="833" VPOS="288" WIDTH="74" HEIGHT="21" WC="0.96" CONTENT="som"/><SP WIDTH="19" VPOS="288" HPOS="907"/>
							<String ID="string_21" HPOS="926" VPOS="279" WIDTH="57" HEIGHT="29" WC="0.96" CONTENT="vid"/><SP WIDTH="18" VPOS="279" HPOS="983"/>
							<String ID="string_22" HPOS="1001" VPOS="278" WIDTH="94" HEIGHT="30" WC="0.96" CONTENT="tiden"/><SP WIDTH="21" VPOS="278" HPOS="1095"/>
							<String ID="string_23" HPOS="1116" VPOS="277" WIDTH="55" HEIGHT="29" WC="0.96" CONTENT="för"/><SP WIDTH="17" VPOS="277" HPOS="1171"/>
							<String ID="string_24" HPOS="1188" VPOS="275" WIDTH="290" HEIGHT="30" WC="0.93" CONTENT="ikraftträdandet"/><SP WIDTH="18" VPOS="275" HPOS="1478"/>
							<String ID="string_25" HPOS="1496" VPOS="273" WIDTH="95" HEIGHT="30" WC="0.92" CONTENT="inne-"/>
						</TextLine>
						<TextLine ID="line_3" HPOS="86" VPOS="315" WIDTH="1504" HEIGHT="46">
							<String ID="string_26" HPOS="86" VPOS="328" WIDTH="91" HEIGHT="30" WC="0.95" CONTENT="hade"/><SP WIDTH="19" VPOS="328" HPOS="177"/>
							<String ID="string_27" HPOS="196" VPOS="328" WIDTH="9" HEIGHT="29" WC="0.96" CONTENT="i"/><SP WIDTH="21" VPOS="328" HPOS="205"/>
							<String ID="string_28" HPOS="226" VPOS="327" WIDTH="218" HEIGHT="34" WC="0.96" CONTENT="reglementet"/><SP WIDTH="20" VPOS="327" HPOS="444"/>
							<String ID="string_29" HPOS="464" VPOS="324" WIDTH="128" HEIGHT="30" WC="0.96" CONTENT="avsedd"/><SP WIDTH="24" VPOS="324" HPOS="592"/>
							<String ID="string_30" HPOS="616" VPOS="322" WIDTH="115" HEIGHT="35" WC="0.96" CONTENT="tjänst,"/><SP WIDTH="22" VPOS="322" HPOS="731"/>
							<String ID="string_31" HPOS="753" VPOS="321" WIDTH="146" HEIGHT="31" WC="0.96" CONTENT="såframt"/><SP WIDTH="20" VPOS="321" HPOS="899"/>
							<String ID="string_32" HPOS="919" VPOS="321" WIDTH="71" HEIGHT="29" WC="0.96" CONTENT="han"/><SP WIDTH="20" VPOS="321" HPOS="990"/>
							<String ID="string_33" HPOS="1010" VPOS="318" WIDTH="30" HEIGHT="36" WC="0.81" CONTENT="ej"/><SP WIDTH="26" VPOS="318" HPOS="1040"/>
							<String ID="string_34" HPOS="1066" VPOS="319" WIDTH="94" HEIGHT="30" WC="0.96" CONTENT="inom"/><SP WIDTH="20" VPOS="319" HPOS="1160"/>
							<String ID="string_35" HPOS="1180" VPOS="318" WIDTH="68" HEIGHT="31" WC="0.95" CONTENT="viss"/><SP WIDTH="22" VPOS="318" HPOS="1248"/>
							<String ID="string_36" HPOS="1270" VPOS="317" WIDTH="75" HEIGHT="30" WC="0.96" CONTENT="frist"/><SP WIDTH="22" VPOS="317" HPOS="1345"/>
							<String ID="string_37" HPOS="1367" VPOS="316" WIDTH="90" HEIGHT="36" WC="0.96" CONTENT="gjort"/><SP WIDTH="20" VPOS="316" HPOS="1457"/>
							<String ID="string_38" HPOS="1477" VPOS="315" WIDTH="113" HEIGHT="30" WC="0.90" CONTENT="förbe-"/>
						</TextLine>
						<TextLine ID="line_4" HPOS="89" VPOS="359" WIDTH="1503" HEIGHT="42">
							<String ID="string_39" HPOS="89" VPOS="370" WIDTH="72" HEIGHT="30" WC="0.96" CONTENT="håll"/><SP WIDTH="22" VPOS="370" HPOS="161"/>
							<String ID="string_40" HPOS="183" VPOS="379" WIDTH="56" HEIGHT="20" WC="0.96" CONTENT="om"/><SP WIDTH="24" VPOS="379" HPOS="239"/>
							<String ID="string_41" HPOS="263" VPOS="369" WIDTH="136" HEIGHT="30" WC="0.96" CONTENT="fortsatt"/><SP WIDTH="25" VPOS="369" HPOS="399"/>
							<String ID="string_42" HPOS="424" VPOS="366" WIDTH="219" HEIGHT="35" WC="0.63" CONTENT="tillämpning"/><SP WIDTH="23" VPOS="366" HPOS="643"/>
							<String ID="string_43" HPOS="666" VPOS="375" WIDTH="41" HEIGHT="21" WC="0.96" CONTENT="av"/><SP WIDTH="25" VPOS="375" HPOS="707"/>
							<String ID="string_44" HPOS="732" VPOS="365" WIDTH="42" HEIGHT="30" WC="0.96" CONTENT="de"/><SP WIDTH="26" VPOS="365" HPOS="774"/>
							<String ID="string_45" HPOS="800" VPOS="364" WIDTH="94" HEIGHT="30" WC="0.96" CONTENT="äldre"/><SP WIDTH="23" VPOS="364" HPOS="894"/>
							<String ID="string_46" HPOS="917" VPOS="362" WIDTH="315" HEIGHT="31" WC="0.95" CONTENT="bestämmelserna."/><SP WIDTH="25" VPOS="362" HPOS="1232"/>
							<String ID="string_47" HPOS="1257" VPOS="360" WIDTH="67" HEIGHT="29" WC="0.96" CONTENT="För"/><SP WIDTH="23" VPOS="360" HPOS="1324"/>
							<String ID="string_48" HPOS="1347" VPOS="368" WIDTH="83" HEIGHT="27" WC="0.96" CONTENT="egen"/><SP WIDTH="25" VPOS="368" HPOS="1430"/>
							<String ID="string_49" HPOS="1455" VPOS="359" WIDTH="54" HEIGHT="29" WC="0.93" CONTENT="del"/><SP WIDTH="25" VPOS="359" HPOS="1509"/>
							<String ID="string_50" HPOS="1534" VPOS="366" WIDTH="58" HEIGHT="22" WC="0.92" CONTENT="an-"/>
						</TextLine>
						<TextLine ID="line_5" HPOS="87" VPOS="400" WIDTH="1503" HEIGHT="46">
							<String ID="string_51" HPOS="87" VPOS="413" WIDTH="106" HEIGHT="30" WC="0.96" CONTENT="sluter"/><SP WIDTH="20" VPOS="413" HPOS="193"/>
							<String ID="string_52" HPOS="213" VPOS="411" WIDTH="58" HEIGHT="35" WC="0.96" CONTENT="jag"/><SP WIDTH="17" VPOS="411" HPOS="271"/>
							<String ID="string_53" HPOS="288" VPOS="410" WIDTH="69" HEIGHT="35" WC="0.96" CONTENT="mig"/><SP WIDTH="19" VPOS="410" HPOS="357"/>
							<String ID="string_54" HPOS="376" VPOS="410" WIDTH="50" HEIGHT="30" WC="0.96" CONTENT="till"/><SP WIDTH="22" VPOS="410" HPOS="426"/>
							<String ID="string_55" HPOS="448" VPOS="410" WIDTH="67" HEIGHT="29" WC="0.96" CONTENT="den"/><SP WIDTH="20" VPOS="410" HPOS="515"/>
							<String ID="string_56" HPOS="535" VPOS="417" WIDTH="120" HEIGHT="22" WC="0.96" CONTENT="senare"/><SP WIDTH="20" VPOS="417" HPOS="655"/>
							<String ID="string_57" HPOS="675" VPOS="405" WIDTH="276" HEIGHT="37" WC="0.96" CONTENT="uppfattningen."/><SP WIDTH="23" VPOS="405" HPOS="951"/>
							<String ID="string_58" HPOS="974" VPOS="405" WIDTH="65" HEIGHT="34" WC="0.96" CONTENT="Jag"/><SP WIDTH="23" VPOS="405" HPOS="1039"/>
							<String ID="string_59" HPOS="1062" VPOS="413" WIDTH="99" HEIGHT="21" WC="0.96" CONTENT="anser"/><SP WIDTH="22" VPOS="413" HPOS="1161"/>
							<String ID="string_60" HPOS="1183" VPOS="402" WIDTH="155" HEIGHT="35" WC="0.95" CONTENT="sålunda,"/><SP WIDTH="23" VPOS="402" HPOS="1338"/>
							<String ID="string_61" HPOS="1361" VPOS="404" WIDTH="48" HEIGHT="28" WC="0.93" CONTENT="att"/><SP WIDTH="21" VPOS="404" HPOS="1409"/>
							<String ID="string_62" HPOS="1430" VPOS="400" WIDTH="160" HEIGHT="35" WC="0.90" CONTENT="ändring-"/>
						</TextLine>
						<TextLine ID="line_6" HPOS="90" VPOS="440" WIDTH="1503" HEIGHT="48">
							<String ID="string_63" HPOS="90" VPOS="464" WIDTH="52" HEIGHT="24" WC="0.96" CONTENT="en,"/><SP WIDTH="23" VPOS="464" HPOS="142"/>
							<String ID="string_64" HPOS="165" VPOS="463" WIDTH="73" HEIGHT="22" WC="0.96" CONTENT="som"/><SP WIDTH="21" VPOS="463" HPOS="238"/>
							<String ID="string_65" HPOS="259" VPOS="453" WIDTH="63" HEIGHT="30" WC="0.96" CONTENT="bör"/><SP WIDTH="20" VPOS="453" HPOS="322"/>
							<String ID="string_66" HPOS="342" VPOS="452" WIDTH="99" HEIGHT="30" WC="0.96" CONTENT="träda"/><SP WIDTH="20" VPOS="452" HPOS="441"/>
							<String ID="string_67" HPOS="461" VPOS="452" WIDTH="10" HEIGHT="29" WC="0.96" CONTENT="i"/><SP WIDTH="21" VPOS="452" HPOS="471"/>
							<String ID="string_68" HPOS="492" VPOS="451" WIDTH="93" HEIGHT="30" WC="0.96" CONTENT="kraft"/><SP WIDTH="24" VPOS="451" HPOS="585"/>
							<String ID="string_69" HPOS="609" VPOS="450" WIDTH="66" HEIGHT="30" WC="0.96" CONTENT="den"/><SP WIDTH="24" VPOS="450" HPOS="675"/>
							<String ID="string_70" HPOS="699" VPOS="450" WIDTH="14" HEIGHT="29" WC="0.96" CONTENT="1"/><SP WIDTH="24" VPOS="450" HPOS="713"/>
							<String ID="string_71" HPOS="737" VPOS="449" WIDTH="63" HEIGHT="35" WC="0.95" CONTENT="juli"/><SP WIDTH="27" VPOS="449" HPOS="800"/>
							<String ID="string_72" HPOS="827" VPOS="448" WIDTH="93" HEIGHT="34" WC="0.96" CONTENT="1946,"/><SP WIDTH="23" VPOS="448" HPOS="920"/>
							<String ID="string_73" HPOS="943" VPOS="448" WIDTH="63" HEIGHT="30" WC="0.97" CONTENT="bör"/><SP WIDTH="20" VPOS="448" HPOS="1006"/>
							<String ID="string_74" HPOS="1026" VPOS="446" WIDTH="92" HEIGHT="31" WC="0.96" CONTENT="bliva"/><SP WIDTH="22" VPOS="446" HPOS="1118"/>
							<String ID="string_75" HPOS="1140" VPOS="445" WIDTH="182" HEIGHT="36" WC="0.95" CONTENT="tillämplig"/><SP WIDTH="21" VPOS="445" HPOS="1322"/>
							<String ID="string_76" HPOS="1343" VPOS="444" WIDTH="75" HEIGHT="30" WC="0.96" CONTENT="icke"/><SP WIDTH="21" VPOS="444" HPOS="1418"/>
							<String ID="string_77" HPOS="1439" VPOS="444" WIDTH="87" HEIGHT="29" WC="0.96" CONTENT="blott"/><SP WIDTH="22" VPOS="444" HPOS="1526"/>
							<String ID="string_78" HPOS="1548" VPOS="440" WIDTH="45" HEIGHT="38" WC="0.96" CONTENT="på"/>
						</TextLine>
						<TextLine ID="line_7" HPOS="89" VPOS="485" WIDTH="1503" HEIGHT="42">
							<String ID="string_79" HPOS="89" VPOS="498" WIDTH="66" HEIGHT="29" WC="0.96" CONTENT="den"/><SP WIDTH="21" VPOS="498" HPOS="155"/>
							<String ID="string_80" HPOS="176" VPOS="505" WIDTH="73" HEIGHT="22" WC="0.96" CONTENT="som"/><SP WIDTH="21" VPOS="505" HPOS="249"/>
							<String ID="string_81" HPOS="270" VPOS="495" WIDTH="151" HEIGHT="31" WC="0.95" CONTENT="därefter"/><SP WIDTH="18" VPOS="495" HPOS="421"/>
							<String ID="string_82" HPOS="439" VPOS="494" WIDTH="122" HEIGHT="29" WC="0.96" CONTENT="vinner"/><SP WIDTH="22" VPOS="494" HPOS="561"/>
							<String ID="string_83" HPOS="583" VPOS="493" WIDTH="218" HEIGHT="33" WC="0.96" CONTENT="anställning,"/><SP WIDTH="22" VPOS="493" HPOS="801"/>
							<String ID="string_84" HPOS="823" VPOS="491" WIDTH="142" HEIGHT="30" WC="0.96" CONTENT="varmed"/><SP WIDTH="21" VPOS="491" HPOS="965"/>
							<String ID="string_85" HPOS="986" VPOS="491" WIDTH="39" HEIGHT="29" WC="0.96" CONTENT="är"/><SP WIDTH="21" VPOS="491" HPOS="1025"/>
							<String ID="string_86" HPOS="1046" VPOS="489" WIDTH="145" HEIGHT="30" WC="0.96" CONTENT="förenad"/><SP WIDTH="24" VPOS="489" HPOS="1191"/>
							<String ID="string_87" HPOS="1215" VPOS="489" WIDTH="66" HEIGHT="29" WC="0.96" CONTENT="rätt"/><SP WIDTH="22" VPOS="489" HPOS="1281"/>
							<String ID="string_88" HPOS="1303" VPOS="488" WIDTH="50" HEIGHT="29" WC="0.93" CONTENT="till"/><SP WIDTH="22" VPOS="488" HPOS="1353"/>
							<String ID="string_89" HPOS="1375" VPOS="485" WIDTH="217" HEIGHT="36" WC="0.90" CONTENT="familjepen-"/>
						</TextLine>
						<TextLine ID="line_8" HPOS="88" VPOS="528" WIDTH="1502" HEIGHT="43">
							<String ID="string_90" HPOS="88" VPOS="539" WIDTH="76" HEIGHT="30" WC="0.96" CONTENT="sion"/><SP WIDTH="24" VPOS="539" HPOS="164"/>
							<String ID="string_91" HPOS="188" VPOS="539" WIDTH="79" HEIGHT="30" WC="0.91" CONTENT="eller"/><SP WIDTH="25" VPOS="539" HPOS="267"/>
							<String ID="string_92" HPOS="292" VPOS="536" WIDTH="283" HEIGHT="35" WC="0.90" CONTENT="familjelivränta"/><SP WIDTH="25" VPOS="536" HPOS="575"/>
							<String ID="string_93" HPOS="600" VPOS="534" WIDTH="104" HEIGHT="35" WC="0.96" CONTENT="enligt"/><SP WIDTH="26" VPOS="534" HPOS="704"/>
							<String ID="string_94" HPOS="730" VPOS="533" WIDTH="105" HEIGHT="35" WC="0.96" CONTENT="något"/><SP WIDTH="24" VPOS="533" HPOS="835"/>
							<String ID="string_95" HPOS="859" VPOS="543" WIDTH="41" HEIGHT="21" WC="0.96" CONTENT="av"/><SP WIDTH="28" VPOS="543" HPOS="900"/>
							<String ID="string_96" HPOS="928" VPOS="532" WIDTH="264" HEIGHT="35" WC="0.93" CONTENT="ifrågavarande"/><SP WIDTH="29" VPOS="532" HPOS="1192"/>
							<String ID="string_97" HPOS="1221" VPOS="528" WIDTH="369" HEIGHT="37" WC="0.90" CONTENT="familjepensionsreg-"/>
						</TextLine>
						<TextLine ID="line_9" HPOS="88" VPOS="570" WIDTH="1506" HEIGHT="43">
							<String ID="string_98" HPOS="88" VPOS="582" WIDTH="181" HEIGHT="31" WC="0.90" CONTENT="lementen,"/><SP WIDTH="20" VPOS="582" HPOS="269"/>
							<String ID="string_99" HPOS="289" VPOS="583" WIDTH="85" HEIGHT="27" WC="0.96" CONTENT="utan"/><SP WIDTH="19" VPOS="583" HPOS="374"/>
							<String ID="string_100" HPOS="393" VPOS="580" WIDTH="86" HEIGHT="29" WC="0.96" CONTENT="även"/><SP WIDTH="21" VPOS="580" HPOS="479"/>
							<String ID="string_101" HPOS="500" VPOS="577" WIDTH="221" HEIGHT="31" WC="0.96" CONTENT="beträffande"/><SP WIDTH="19" VPOS="577" HPOS="721"/>
							<String ID="string_102" HPOS="740" VPOS="577" WIDTH="66" HEIGHT="29" WC="0.96" CONTENT="den"/><SP WIDTH="22" VPOS="577" HPOS="806"/>
							<String ID="string_103" HPOS="828" VPOS="585" WIDTH="74" HEIGHT="21" WC="0.96" CONTENT="som"/><SP WIDTH="21" VPOS="585" HPOS="902"/>
							<String ID="string_104" HPOS="923" VPOS="574" WIDTH="213" HEIGHT="30" WC="0.96" CONTENT="omedelbart"/><SP WIDTH="21" VPOS="574" HPOS="1136"/>
							<String ID="string_105" HPOS="1157" VPOS="573" WIDTH="75" HEIGHT="30" WC="0.96" CONTENT="före"/><SP WIDTH="22" VPOS="573" HPOS="1232"/>
							<String ID="string_106" HPOS="1254" VPOS="572" WIDTH="153" HEIGHT="30" WC="0.96" CONTENT="nämnda"/><SP WIDTH="22" VPOS="572" HPOS="1407"/>
							<String ID="string_107" HPOS="1429" VPOS="570" WIDTH="165" HEIGHT="36" WC="0.96" CONTENT="tidpunkt"/>
						</TextLine>
						<TextLine ID="line_10" HPOS="91" VPOS="613" WIDTH="1503" HEIGHT="41">
							<String ID="string_108" HPOS="91" VPOS="624" WIDTH="146" HEIGHT="29" WC="0.96" CONTENT="innehar"/><SP WIDTH="19" VPOS="624" HPOS="237"/>
							<String ID="string_109" HPOS="256" VPOS="622" WIDTH="110" HEIGHT="31" WC="0.96" CONTENT="sådan"/><SP WIDTH="19" VPOS="622" HPOS="366"/>
							<String ID="string_110" HPOS="385" VPOS="620" WIDTH="219" HEIGHT="34" WC="0.95" CONTENT="anställning,"/><SP WIDTH="23" VPOS="620" HPOS="604"/>
							<String ID="string_111" HPOS="627" VPOS="619" WIDTH="145" HEIGHT="31" WC="0.95" CONTENT="såframt"/><SP WIDTH="20" VPOS="619" HPOS="772"/>
							<String ID="string_112" HPOS="792" VPOS="619" WIDTH="70" HEIGHT="29" WC="0.95" CONTENT="han"/><SP WIDTH="20" VPOS="619" HPOS="862"/>
							<String ID="string_113" HPOS="882" VPOS="618" WIDTH="75" HEIGHT="30" WC="0.96" CONTENT="icke"/><SP WIDTH="19" VPOS="618" HPOS="957"/>
							<String ID="string_114" HPOS="976" VPOS="617" WIDTH="96" HEIGHT="30" WC="0.96" CONTENT="inom"/><SP WIDTH="23" VPOS="617" HPOS="1072"/>
							<String ID="string_115" HPOS="1095" VPOS="625" WIDTH="57" HEIGHT="21" WC="0.96" CONTENT="sex"/><SP WIDTH="20" VPOS="625" HPOS="1152"/>
							<String ID="string_116" HPOS="1172" VPOS="614" WIDTH="169" HEIGHT="31" WC="0.96" CONTENT="månader"/><SP WIDTH="20" VPOS="614" HPOS="1341"/>
							<String ID="string_117" HPOS="1361" VPOS="613" WIDTH="152" HEIGHT="31" WC="0.93" CONTENT="därefter"/><SP WIDTH="22" VPOS="613" HPOS="1513"/>
							<String ID="string_118" HPOS="1535" VPOS="621" WIDTH="59" HEIGHT="20" WC="0.90" CONTENT="an-"/>
						</TextLine>
						<TextLine ID="line_11" HPOS="90" VPOS="654" WIDTH="1504" HEIGHT="44">
							<String ID="string_119" HPOS="90" VPOS="667" WIDTH="118" HEIGHT="31" WC="0.91" CONTENT="mäler,"/><SP WIDTH="27" VPOS="667" HPOS="208"/>
							<String ID="string_120" HPOS="235" VPOS="667" WIDTH="48" HEIGHT="28" WC="0.96" CONTENT="att"/><SP WIDTH="25" VPOS="667" HPOS="283"/>
							<String ID="string_121" HPOS="308" VPOS="665" WIDTH="70" HEIGHT="29" WC="0.96" CONTENT="han"/><SP WIDTH="25" VPOS="665" HPOS="378"/>
							<String ID="string_122" HPOS="403" VPOS="664" WIDTH="74" HEIGHT="29" WC="0.96" CONTENT="icke"/><SP WIDTH="27" VPOS="664" HPOS="477"/>
							<String ID="string_123" HPOS="504" VPOS="663" WIDTH="129" HEIGHT="29" WC="0.96" CONTENT="önskar"/><SP WIDTH="27" VPOS="663" HPOS="633"/>
							<String ID="string_124" HPOS="660" VPOS="665" WIDTH="47" HEIGHT="26" WC="0.96" CONTENT="att"/><SP WIDTH="26" VPOS="665" HPOS="707"/>
							<String ID="string_125" HPOS="733" VPOS="660" WIDTH="191" HEIGHT="34" WC="0.96" CONTENT="ändringen"/><SP WIDTH="26" VPOS="660" HPOS="924"/>
							<String ID="string_126" HPOS="950" VPOS="659" WIDTH="88" HEIGHT="31" WC="0.96" CONTENT="skall"/><SP WIDTH="25" VPOS="659" HPOS="1038"/>
							<String ID="string_127" HPOS="1063" VPOS="659" WIDTH="89" HEIGHT="34" WC="0.96" CONTENT="gälla"/><SP WIDTH="27" VPOS="659" HPOS="1152"/>
							<String ID="string_128" HPOS="1179" VPOS="658" WIDTH="139" HEIGHT="29" WC="0.96" CONTENT="honom."/><SP WIDTH="29" VPOS="658" HPOS="1318"/>
							<String ID="string_129" HPOS="1347" VPOS="656" WIDTH="64" HEIGHT="30" WC="0.96" CONTENT="Det"/><SP WIDTH="24" VPOS="656" HPOS="1411"/>
							<String ID="string_130" HPOS="1435" VPOS="656" WIDTH="97" HEIGHT="29" WC="0.96" CONTENT="torde"/><SP WIDTH="26" VPOS="656" HPOS="1532"/>
							<String ID="string_131" HPOS="1558" VPOS="654" WIDTH="36" HEIGHT="31" WC="0.96" CONTENT="få"/>
						</TextLine>
						<TextLine ID="line_12" HPOS="90" VPOS="696" WIDTH="1502" HEIGHT="44">
							<String ID="string_132" HPOS="90" VPOS="708" WIDTH="188" HEIGHT="29" WC="0.92" CONTENT="ankomma"/><SP WIDTH="25" VPOS="708" HPOS="278"/>
							<String ID="string_133" HPOS="303" VPOS="705" WIDTH="44" HEIGHT="35" WC="0.96" CONTENT="på"/><SP WIDTH="24" VPOS="705" HPOS="347"/>
							<String ID="string_134" HPOS="371" VPOS="705" WIDTH="122" HEIGHT="34" WC="0.96" CONTENT="Kungl."/><SP WIDTH="27" VPOS="705" HPOS="493"/>
							<String ID="string_135" HPOS="520" VPOS="703" WIDTH="100" HEIGHT="35" WC="0.96" CONTENT="Maj:t"/><SP WIDTH="26" VPOS="703" HPOS="620"/>
							<String ID="string_136" HPOS="646" VPOS="706" WIDTH="48" HEIGHT="28" WC="0.95" CONTENT="att"/><SP WIDTH="22" VPOS="706" HPOS="694"/>
							<String ID="string_137" HPOS="716" VPOS="703" WIDTH="141" HEIGHT="30" WC="0.96" CONTENT="utfärda"/><SP WIDTH="23" VPOS="703" HPOS="857"/>
							<String ID="string_138" HPOS="880" VPOS="703" WIDTH="160" HEIGHT="29" WC="0.96" CONTENT="närmare"/><SP WIDTH="23" VPOS="703" HPOS="1040"/>
							<String ID="string_139" HPOS="1063" VPOS="700" WIDTH="259" HEIGHT="30" WC="0.96" CONTENT="bestämmelser"/><SP WIDTH="23" VPOS="700" HPOS="1322"/>
							<String ID="string_140" HPOS="1345" VPOS="708" WIDTH="58" HEIGHT="21" WC="0.95" CONTENT="om"/><SP WIDTH="24" VPOS="708" HPOS="1403"/>
							<String ID="string_141" HPOS="1427" VPOS="698" WIDTH="66" HEIGHT="30" WC="0.90" CONTENT="den"/><SP WIDTH="22" VPOS="698" HPOS="1493"/>
							<String ID="string_142" HPOS="1515" VPOS="696" WIDTH="77" HEIGHT="31" WC="0.90" CONTENT="ord-"/>
						</TextLine>
						<TextLine ID="line_13" HPOS="92" VPOS="746" WIDTH="586" HEIGHT="37">
							<String ID="string_143" HPOS="92" VPOS="749" WIDTH="92" HEIGHT="34" WC="0.96" CONTENT="ning,"/><SP WIDTH="24" VPOS="749" HPOS="184"/>
							<String ID="string_144" HPOS="208" VPOS="749" WIDTH="72" HEIGHT="29" WC="0.96" CONTENT="vari"/><SP WIDTH="23" VPOS="749" HPOS="280"/>
							<String ID="string_145" HPOS="303" VPOS="748" WIDTH="163" HEIGHT="30" WC="0.96" CONTENT="anmälan"/><SP WIDTH="22" VPOS="748" HPOS="466"/>
							<String ID="string_146" HPOS="488" VPOS="746" WIDTH="58" HEIGHT="31" WC="0.96" CONTENT="må"/><SP WIDTH="22" VPOS="746" HPOS="546"/>
							<String ID="string_147" HPOS="568" VPOS="746" WIDTH="110" HEIGHT="34" WC="0.95" CONTENT="göras."/>
						</TextLine>
					</TextBlock>
					<TextBlock ID="block_2" HPOS="89" VPOS="782" WIDTH="1507" HEIGHT="211">
						<TextLine ID="line_14" HPOS="135" VPOS="782" WIDTH="1458" HEIGHT="40">
							<String ID="string_148" HPOS="135" VPOS="791" WIDTH="48" HEIGHT="31" WC="0.96" CONTENT="På"/><SP WIDTH="19" VPOS="791" HPOS="183"/>
							<String ID="string_149" HPOS="202" VPOS="792" WIDTH="65" HEIGHT="29" WC="0.96" CONTENT="sätt"/><SP WIDTH="22" VPOS="792" HPOS="267"/>
							<String ID="string_150" HPOS="289" VPOS="790" WIDTH="244" HEIGHT="31" WC="0.95" CONTENT="statskontoret"/><SP WIDTH="19" VPOS="790" HPOS="533"/>
							<String ID="string_151" HPOS="552" VPOS="788" WIDTH="184" HEIGHT="34" WC="0.96" CONTENT="föreslagit,"/><SP WIDTH="21" VPOS="788" HPOS="736"/>
							<String ID="string_152" HPOS="757" VPOS="787" WIDTH="63" HEIGHT="30" WC="0.96" CONTENT="bör"/><SP WIDTH="20" VPOS="787" HPOS="820"/>
							<String ID="string_153" HPOS="840" VPOS="785" WIDTH="191" HEIGHT="36" WC="0.95" CONTENT="ändringen"/><SP WIDTH="23" VPOS="785" HPOS="1031"/>
							<String ID="string_154" HPOS="1054" VPOS="788" WIDTH="84" HEIGHT="27" WC="0.96" CONTENT="utan"/><SP WIDTH="22" VPOS="788" HPOS="1138"/>
							<String ID="string_155" HPOS="1160" VPOS="784" WIDTH="116" HEIGHT="30" WC="0.96" CONTENT="vidare"/><SP WIDTH="21" VPOS="784" HPOS="1276"/>
							<String ID="string_156" HPOS="1297" VPOS="783" WIDTH="91" HEIGHT="31" WC="0.95" CONTENT="bliva"/><SP WIDTH="23" VPOS="783" HPOS="1388"/>
							<String ID="string_157" HPOS="1411" VPOS="782" WIDTH="182" HEIGHT="36" WC="0.95" CONTENT="tillämplig"/>
						</TextLine>
						<TextLine ID="line_15" HPOS="89" VPOS="826" WIDTH="1506" HEIGHT="42">
							<String ID="string_158" HPOS="89" VPOS="833" WIDTH="46" HEIGHT="35" WC="0.96" CONTENT="på"/><SP WIDTH="23" VPOS="833" HPOS="135"/>
							<String ID="string_159" HPOS="158" VPOS="835" WIDTH="65" HEIGHT="29" WC="0.96" CONTENT="den"/><SP WIDTH="24" VPOS="835" HPOS="223"/>
							<String ID="string_160" HPOS="247" VPOS="842" WIDTH="74" HEIGHT="21" WC="0.96" CONTENT="som"/><SP WIDTH="24" VPOS="842" HPOS="321"/>
							<String ID="string_161" HPOS="345" VPOS="832" WIDTH="192" HEIGHT="30" WC="0.96" CONTENT="sedermera"/><SP WIDTH="22" VPOS="832" HPOS="537"/>
							<String ID="string_162" HPOS="559" VPOS="831" WIDTH="121" HEIGHT="29" WC="0.96" CONTENT="vinner"/><SP WIDTH="24" VPOS="831" HPOS="680"/>
							<String ID="string_163" HPOS="704" VPOS="829" WIDTH="198" HEIGHT="34" WC="0.95" CONTENT="befordran,"/><SP WIDTH="27" VPOS="829" HPOS="902"/>
							<String ID="string_164" HPOS="929" VPOS="829" WIDTH="86" HEIGHT="29" WC="0.96" CONTENT="även"/><SP WIDTH="23" VPOS="829" HPOS="1015"/>
							<String ID="string_165" HPOS="1038" VPOS="837" WIDTH="57" HEIGHT="20" WC="0.96" CONTENT="om"/><SP WIDTH="24" VPOS="837" HPOS="1095"/>
							<String ID="string_166" HPOS="1119" VPOS="828" WIDTH="71" HEIGHT="29" WC="0.96" CONTENT="han"/><SP WIDTH="22" VPOS="828" HPOS="1190"/>
							<String ID="string_167" HPOS="1212" VPOS="826" WIDTH="143" HEIGHT="35" WC="0.96" CONTENT="tidigare"/><SP WIDTH="24" VPOS="826" HPOS="1355"/>
							<String ID="string_168" HPOS="1379" VPOS="826" WIDTH="141" HEIGHT="34" WC="0.95" CONTENT="anmält,"/><SP WIDTH="25" VPOS="826" HPOS="1520"/>
							<String ID="string_169" HPOS="1545" VPOS="826" WIDTH="50" HEIGHT="29" WC="0.96" CONTENT="att"/>
						</TextLine>
						<TextLine ID="line_16" HPOS="91" VPOS="867" WIDTH="1505" HEIGHT="39">
							<String ID="string_170" HPOS="91" VPOS="877" WIDTH="70" HEIGHT="29" WC="0.96" CONTENT="han"/><SP WIDTH="26" VPOS="877" HPOS="161"/>
							<String ID="string_171" HPOS="187" VPOS="876" WIDTH="74" HEIGHT="29" WC="0.96" CONTENT="icke"/><SP WIDTH="24" VPOS="876" HPOS="261"/>
							<String ID="string_172" HPOS="285" VPOS="874" WIDTH="59" HEIGHT="30" WC="0.96" CONTENT="vill"/><SP WIDTH="28" VPOS="874" HPOS="344"/>
							<String ID="string_173" HPOS="372" VPOS="874" WIDTH="210" HEIGHT="30" WC="0.96" CONTENT="underkasta"/><SP WIDTH="27" VPOS="874" HPOS="582"/>
							<String ID="string_174" HPOS="609" VPOS="872" WIDTH="49" HEIGHT="34" WC="0.96" CONTENT="sig"/><SP WIDTH="28" VPOS="872" HPOS="658"/>
							<String ID="string_175" HPOS="686" VPOS="871" WIDTH="200" HEIGHT="35" WC="0.96" CONTENT="ändringen."/><SP WIDTH="31" VPOS="871" HPOS="886"/>
							<String ID="string_176" HPOS="917" VPOS="870" WIDTH="163" HEIGHT="30" WC="0.96" CONTENT="Däremot"/><SP WIDTH="26" VPOS="870" HPOS="1080"/>
							<String ID="string_177" HPOS="1106" VPOS="870" WIDTH="83" HEIGHT="29" WC="0.96" CONTENT="böra"/><SP WIDTH="28" VPOS="870" HPOS="1189"/>
							<String ID="string_178" HPOS="1217" VPOS="870" WIDTH="95" HEIGHT="29" WC="0.96" CONTENT="äldre"/><SP WIDTH="25" VPOS="870" HPOS="1312"/>
							<String ID="string_179" HPOS="1337" VPOS="867" WIDTH="259" HEIGHT="31" WC="0.96" CONTENT="bestämmelser"/>
						</TextLine>
						<TextLine ID="line_17" HPOS="90" VPOS="909" WIDTH="1503" HEIGHT="43">
							<String ID="string_180" HPOS="90" VPOS="917" WIDTH="148" HEIGHT="35" WC="0.96" CONTENT="alltjämt"/><SP WIDTH="20" VPOS="917" HPOS="238"/>
							<String ID="string_181" HPOS="258" VPOS="917" WIDTH="91" HEIGHT="34" WC="0.96" CONTENT="gälla"/><SP WIDTH="19" VPOS="917" HPOS="349"/>
							<String ID="string_182" HPOS="368" VPOS="915" WIDTH="219" HEIGHT="31" WC="0.93" CONTENT="beträffande"/><SP WIDTH="21" VPOS="915" HPOS="587"/>
							<String ID="string_183" HPOS="608" VPOS="913" WIDTH="366" HEIGHT="35" WC="0.92" CONTENT="anställningshavare,"/><SP WIDTH="22" VPOS="913" HPOS="974"/>
							<String ID="string_184" HPOS="996" VPOS="921" WIDTH="75" HEIGHT="21" WC="0.96" CONTENT="som"/><SP WIDTH="21" VPOS="921" HPOS="1071"/>
							<String ID="string_185" HPOS="1092" VPOS="911" WIDTH="118" HEIGHT="31" WC="0.95" CONTENT="avlidit"/><SP WIDTH="20" VPOS="911" HPOS="1210"/>
							<String ID="string_186" HPOS="1230" VPOS="912" WIDTH="83" HEIGHT="29" WC="0.95" CONTENT="eller"/><SP WIDTH="20" VPOS="912" HPOS="1313"/>
							<String ID="string_187" HPOS="1333" VPOS="911" WIDTH="103" HEIGHT="30" WC="0.96" CONTENT="slutat"/><SP WIDTH="23" VPOS="911" HPOS="1436"/>
							<String ID="string_188" HPOS="1459" VPOS="909" WIDTH="53" HEIGHT="31" WC="0.93" CONTENT="sin"/><SP WIDTH="22" VPOS="909" HPOS="1512"/>
							<String ID="string_189" HPOS="1534" VPOS="918" WIDTH="59" HEIGHT="21" WC="0.92" CONTENT="an-"/>
						</TextLine>
						<TextLine ID="line_18" HPOS="94" VPOS="955" WIDTH="782" HEIGHT="38">
							<String ID="string_190" HPOS="94" VPOS="959" WIDTH="161" HEIGHT="34" WC="0.96" CONTENT="ställning"/><SP WIDTH="17" VPOS="959" HPOS="255"/>
							<String ID="string_191" HPOS="272" VPOS="959" WIDTH="74" HEIGHT="30" WC="0.91" CONTENT="före"/><SP WIDTH="18" VPOS="959" HPOS="346"/>
							<String ID="string_192" HPOS="364" VPOS="957" WIDTH="206" HEIGHT="34" WC="0.90" CONTENT="ändringens"/><SP WIDTH="19" VPOS="957" HPOS="570"/>
							<String ID="string_193" HPOS="589" VPOS="955" WIDTH="287" HEIGHT="31" WC="0.96" CONTENT="ikraftträdande."/>
						</TextLine>
					</TextBlock>
					<TextBlock ID="block_3" HPOS="91" VPOS="993" WIDTH="1506" HEIGHT="167">
						<TextLine ID="line_19" HPOS="138" VPOS="993" WIDTH="1458" HEIGHT="42">
							<String ID="string_194" HPOS="138" VPOS="1002" WIDTH="64" HEIGHT="33" WC="0.96" CONTENT="Jag"/><SP WIDTH="23" VPOS="1002" HPOS="202"/>
							<String ID="string_195" HPOS="225" VPOS="1001" WIDTH="208" HEIGHT="33" WC="0.96" CONTENT="förutsätter,"/><SP WIDTH="27" VPOS="1001" HPOS="433"/>
							<String ID="string_196" HPOS="460" VPOS="1002" WIDTH="49" HEIGHT="27" WC="0.96" CONTENT="att"/><SP WIDTH="26" VPOS="1002" HPOS="509"/>
							<String ID="string_197" HPOS="535" VPOS="1008" WIDTH="42" HEIGHT="21" WC="0.96" CONTENT="en"/><SP WIDTH="25" VPOS="1008" HPOS="577"/>
							<String ID="string_198" HPOS="602" VPOS="999" WIDTH="75" HEIGHT="29" WC="0.96" CONTENT="före"/><SP WIDTH="23" VPOS="999" HPOS="677"/>
							<String ID="string_199" HPOS="700" VPOS="999" WIDTH="82" HEIGHT="29" WC="0.96" CONTENT="eller"/><SP WIDTH="24" VPOS="999" HPOS="782"/>
							<String ID="string_200" HPOS="806" VPOS="998" WIDTH="86" HEIGHT="30" WC="0.96" CONTENT="efter"/><SP WIDTH="25" VPOS="998" HPOS="892"/>
							<String ID="string_201" HPOS="917" VPOS="997" WIDTH="65" HEIGHT="29" WC="0.96" CONTENT="den"/><SP WIDTH="28" VPOS="997" HPOS="982"/>
							<String ID="string_202" HPOS="1010" VPOS="997" WIDTH="14" HEIGHT="28" WC="0.96" CONTENT="1"/><SP WIDTH="27" VPOS="997" HPOS="1024"/>
							<String ID="string_203" HPOS="1051" VPOS="995" WIDTH="64" HEIGHT="36" WC="0.96" CONTENT="juli"/><SP WIDTH="30" VPOS="995" HPOS="1115"/>
							<String ID="string_204" HPOS="1145" VPOS="995" WIDTH="82" HEIGHT="30" WC="0.96" CONTENT="1946"/><SP WIDTH="26" VPOS="995" HPOS="1227"/>
							<String ID="string_205" HPOS="1253" VPOS="993" WIDTH="176" HEIGHT="37" WC="0.93" CONTENT="avgången"/><SP WIDTH="29" VPOS="993" HPOS="1429"/>
							<String ID="string_206" HPOS="1458" VPOS="993" WIDTH="138" HEIGHT="30" WC="0.92" CONTENT="anställ-"/>
						</TextLine>
						<TextLine ID="line_20" HPOS="93" VPOS="1035" WIDTH="1504" HEIGHT="43">
							<String ID="string_207" HPOS="93" VPOS="1044" WIDTH="239" HEIGHT="34" WC="0.91" CONTENT="ningshavare,"/><SP WIDTH="23" VPOS="1044" HPOS="332"/>
							<String ID="string_208" HPOS="355" VPOS="1051" WIDTH="74" HEIGHT="21" WC="0.96" CONTENT="som"/><SP WIDTH="23" VPOS="1051" HPOS="429"/>
							<String ID="string_209" HPOS="452" VPOS="1042" WIDTH="76" HEIGHT="29" WC="0.96" CONTENT="icke"/><SP WIDTH="24" VPOS="1042" HPOS="528"/>
							<String ID="string_210" HPOS="552" VPOS="1041" WIDTH="97" HEIGHT="30" WC="0.96" CONTENT="blivit"/><SP WIDTH="22" VPOS="1041" HPOS="649"/>
							<String ID="string_211" HPOS="671" VPOS="1039" WIDTH="236" HEIGHT="32" WC="0.96" CONTENT="underkastad"/><SP WIDTH="22" VPOS="1039" HPOS="907"/>
							<String ID="string_212" HPOS="929" VPOS="1040" WIDTH="41" HEIGHT="30" WC="0.96" CONTENT="de"/><SP WIDTH="23" VPOS="1040" HPOS="970"/>
							<String ID="string_213" HPOS="993" VPOS="1039" WIDTH="156" HEIGHT="30" WC="0.96" CONTENT="ändrade"/><SP WIDTH="20" VPOS="1039" HPOS="1149"/>
							<String ID="string_214" HPOS="1169" VPOS="1038" WIDTH="313" HEIGHT="33" WC="0.96" CONTENT="bestämmelserna,"/><SP WIDTH="27" VPOS="1038" HPOS="1482"/>
							<String ID="string_215" HPOS="1509" VPOS="1035" WIDTH="88" HEIGHT="31" WC="0.96" CONTENT="skall"/>
						</TextLine>
						<TextLine ID="line_21" HPOS="92" VPOS="1078" WIDTH="1503" HEIGHT="40">
							<String ID="string_216" HPOS="92" VPOS="1086" WIDTH="93" HEIGHT="30" WC="0.96" CONTENT="bliva"/><SP WIDTH="25" VPOS="1086" HPOS="185"/>
							<String ID="string_217" HPOS="210" VPOS="1086" WIDTH="101" HEIGHT="32" WC="0.96" CONTENT="detta,"/><SP WIDTH="24" VPOS="1086" HPOS="311"/>
							<String ID="string_218" HPOS="335" VPOS="1094" WIDTH="60" HEIGHT="20" WC="0.96" CONTENT="om"/><SP WIDTH="26" VPOS="1094" HPOS="395"/>
							<String ID="string_219" HPOS="421" VPOS="1084" WIDTH="71" HEIGHT="30" WC="0.96" CONTENT="han"/><SP WIDTH="24" VPOS="1084" HPOS="492"/>
							<String ID="string_220" HPOS="516" VPOS="1083" WIDTH="87" HEIGHT="30" WC="0.96" CONTENT="efter"/><SP WIDTH="26" VPOS="1083" HPOS="603"/>
							<String ID="string_221" HPOS="629" VPOS="1084" WIDTH="98" HEIGHT="29" WC="0.96" CONTENT="deras"/><SP WIDTH="26" VPOS="1084" HPOS="727"/>
							<String ID="string_222" HPOS="753" VPOS="1081" WIDTH="278" HEIGHT="31" WC="0.96" CONTENT="ikraftträdande"/><SP WIDTH="24" VPOS="1081" HPOS="1031"/>
							<String ID="string_223" HPOS="1055" VPOS="1080" WIDTH="122" HEIGHT="30" WC="0.96" CONTENT="vinner"/><SP WIDTH="25" VPOS="1080" HPOS="1177"/>
							<String ID="string_224" HPOS="1202" VPOS="1089" WIDTH="45" HEIGHT="26" WC="0.96" CONTENT="ny"/><SP WIDTH="26" VPOS="1089" HPOS="1247"/>
							<String ID="string_225" HPOS="1273" VPOS="1080" WIDTH="79" HEIGHT="30" WC="0.89" CONTENT="med"/><SP WIDTH="27" VPOS="1080" HPOS="1352"/>
							<String ID="string_226" HPOS="1379" VPOS="1078" WIDTH="216" HEIGHT="36" WC="0.89" CONTENT="familjepen-"/>
						</TextLine>
						<TextLine ID="line_22" HPOS="91" VPOS="1120" WIDTH="1502" HEIGHT="40">
							<String ID="string_227" HPOS="91" VPOS="1129" WIDTH="162" HEIGHT="30" WC="0.91" CONTENT="sionsrätt"/><SP WIDTH="20" VPOS="1129" HPOS="253"/>
							<String ID="string_228" HPOS="273" VPOS="1126" WIDTH="104" HEIGHT="34" WC="0.96" CONTENT="enligt"/><SP WIDTH="22" VPOS="1126" HPOS="377"/>
							<String ID="string_229" HPOS="399" VPOS="1125" WIDTH="103" HEIGHT="35" WC="0.96" CONTENT="något"/><SP WIDTH="22" VPOS="1125" HPOS="502"/>
							<String ID="string_230" HPOS="524" VPOS="1135" WIDTH="41" HEIGHT="21" WC="0.96" CONTENT="av"/><SP WIDTH="22" VPOS="1135" HPOS="565"/>
							<String ID="string_231" HPOS="587" VPOS="1126" WIDTH="42" HEIGHT="29" WC="0.96" CONTENT="de"/><SP WIDTH="21" VPOS="1126" HPOS="629"/>
							<String ID="string_232" HPOS="650" VPOS="1124" WIDTH="264" HEIGHT="35" WC="0.93" CONTENT="ifrågavarande"/><SP WIDTH="20" VPOS="1124" HPOS="914"/>
							<String ID="string_233" HPOS="934" VPOS="1123" WIDTH="252" HEIGHT="35" WC="0.92" CONTENT="reglementena"/><SP WIDTH="22" VPOS="1123" HPOS="1186"/>
							<String ID="string_234" HPOS="1208" VPOS="1123" WIDTH="144" HEIGHT="29" WC="0.96" CONTENT="förenad"/><SP WIDTH="23" VPOS="1123" HPOS="1352"/>
							<String ID="string_235" HPOS="1375" VPOS="1120" WIDTH="218" HEIGHT="36" WC="0.96" CONTENT="anställning."/>
						</TextLine>
					</TextBlock>
				</ComposedBlock>
				<ComposedBlock ID="cblock_2" HPOS="269" VPOS="1230" WIDTH="1148" HEIGHT="92">
					<TextBlock ID="block_4" HPOS="269" VPOS="1230" WIDTH="1148" HEIGHT="92">
						<TextLine ID="line_23" HPOS="269" VPOS="1230" WIDTH="1148" HEIGHT="42">
							<String ID="string_236" HPOS="269" VPOS="1236" WIDTH="30" HEIGHT="29" WC="0.93" CONTENT="3."/><SP WIDTH="37" VPOS="1236" HPOS="299"/>
							<String ID="string_237" HPOS="336" VPOS="1234" WIDTH="335" HEIGHT="37" WC="0.91" CONTENT="Pensionsreglering"/><SP WIDTH="27" VPOS="1234" HPOS="671"/>
							<String ID="string_238" HPOS="698" VPOS="1235" WIDTH="54" HEIGHT="37" WC="0.93" CONTENT="för"/><SP WIDTH="25" VPOS="1235" HPOS="752"/>
							<String ID="string_239" HPOS="777" VPOS="1232" WIDTH="321" HEIGHT="39" WC="0.92" CONTENT="föreståndarinnor"/><SP WIDTH="27" VPOS="1232" HPOS="1098"/>
							<String ID="string_240" HPOS="1125" VPOS="1232" WIDTH="64" HEIGHT="30" WC="0.96" CONTENT="och"/><SP WIDTH="26" VPOS="1232" HPOS="1189"/>
							<String ID="string_241" HPOS="1215" VPOS="1230" WIDTH="202" HEIGHT="32" WC="0.94" CONTENT="biträdande"/>
						</TextLine>
						<TextLine ID="line_24" HPOS="482" VPOS="1281" WIDTH="722" HEIGHT="41">
							<String ID="string_242" HPOS="482" VPOS="1283" WIDTH="322" HEIGHT="39" WC="0.91" CONTENT="föreståndarinnor"/><SP WIDTH="22" VPOS="1283" HPOS="804"/>
							<String ID="string_243" HPOS="826" VPOS="1283" WIDTH="57" HEIGHT="30" WC="0.92" CONTENT="vid"/><SP WIDTH="23" VPOS="1283" HPOS="883"/>
							<String ID="string_244" HPOS="906" VPOS="1281" WIDTH="298" HEIGHT="32" WC="0.91" CONTENT="nomadskolhem."/>
						</TextLine>
					</TextBlock>
				</ComposedBlock>
				<ComposedBlock ID="cblock_3" HPOS="91" VPOS="1355" WIDTH="1511" HEIGHT="943">
					<TextBlock ID="block_5" HPOS="91" VPOS="1355" WIDTH="1511" HEIGHT="295">
						<TextLine ID="line_25" HPOS="136" VPOS="1355" WIDTH="1459" HEIGHT="42">
							<String ID="string_245" HPOS="136" VPOS="1362" WIDTH="14" HEIGHT="30" WC="0.95" CONTENT="I"/><SP WIDTH="19" VPOS="1362" HPOS="150"/>
							<String ID="string_246" HPOS="169" VPOS="1361" WIDTH="235" HEIGHT="31" WC="0.96" CONTENT="innevarande"/><SP WIDTH="18" VPOS="1361" HPOS="404"/>
							<String ID="string_247" HPOS="422" VPOS="1360" WIDTH="57" HEIGHT="31" WC="0.93" CONTENT="års"/><SP WIDTH="19" VPOS="1360" HPOS="479"/>
							<String ID="string_248" HPOS="498" VPOS="1359" WIDTH="405" HEIGHT="37" WC="0.87" CONTENT="statsverksproposition"/><SP WIDTH="25" VPOS="1359" HPOS="903"/>
							<String ID="string_249" HPOS="928" VPOS="1357" WIDTH="90" HEIGHT="40" WC="0.62" CONTENT="(VIII"/><SP WIDTH="21" VPOS="1357" HPOS="1018"/>
							<String ID="string_250" HPOS="1039" VPOS="1357" WIDTH="228" HEIGHT="36" WC="0.90" CONTENT="huvudtiteln,"/><SP WIDTH="22" VPOS="1357" HPOS="1267"/>
							<String ID="string_251" HPOS="1289" VPOS="1367" WIDTH="24" HEIGHT="20" WC="0.91" CONTENT="s."/><SP WIDTH="22" VPOS="1367" HPOS="1313"/>
							<String ID="string_252" HPOS="1335" VPOS="1356" WIDTH="174" HEIGHT="31" WC="0.82" CONTENT="339—343"/><SP WIDTH="21" VPOS="1356" HPOS="1509"/>
							<String ID="string_253" HPOS="1530" VPOS="1355" WIDTH="65" HEIGHT="31" WC="0.96" CONTENT="och"/>
						</TextLine>
						<TextLine ID="line_26" HPOS="91" VPOS="1406" WIDTH="1503" HEIGHT="43">
							<String ID="string_254" HPOS="91" VPOS="1411" WIDTH="75" HEIGHT="38" WC="0.96" CONTENT="349)"/><SP WIDTH="28" VPOS="1411" HPOS="166"/>
							<String ID="string_255" HPOS="194" VPOS="1412" WIDTH="65" HEIGHT="30" WC="0.95" CONTENT="har"/><SP WIDTH="21" VPOS="1412" HPOS="259"/>
							<String ID="string_256" HPOS="280" VPOS="1411" WIDTH="179" HEIGHT="36" WC="0.96" CONTENT="framlagts"/><SP WIDTH="25" VPOS="1411" HPOS="459"/>
							<String ID="string_257" HPOS="484" VPOS="1411" WIDTH="129" HEIGHT="35" WC="0.96" CONTENT="förslag"/><SP WIDTH="22" VPOS="1411" HPOS="613"/>
							<String ID="string_258" HPOS="635" VPOS="1419" WIDTH="57" HEIGHT="21" WC="0.90" CONTENT="om"/><SP WIDTH="23" VPOS="1419" HPOS="692"/>
							<String ID="string_259" HPOS="715" VPOS="1408" WIDTH="248" HEIGHT="37" WC="0.90" CONTENT="lönereglering"/><SP WIDTH="21" VPOS="1408" HPOS="963"/>
							<String ID="string_260" HPOS="984" VPOS="1409" WIDTH="56" HEIGHT="30" WC="0.93" CONTENT="för"/><SP WIDTH="21" VPOS="1409" HPOS="1040"/>
							<String ID="string_261" HPOS="1061" VPOS="1407" WIDTH="321" HEIGHT="31" WC="0.90" CONTENT="föreståndarinnor"/><SP WIDTH="21" VPOS="1407" HPOS="1382"/>
							<String ID="string_262" HPOS="1403" VPOS="1407" WIDTH="64" HEIGHT="30" WC="0.92" CONTENT="och"/><SP WIDTH="24" VPOS="1407" HPOS="1467"/>
							<String ID="string_263" HPOS="1491" VPOS="1406" WIDTH="103" HEIGHT="30" WC="0.92" CONTENT="biträ-"/>
						</TextLine>
						<TextLine ID="line_27" HPOS="92" VPOS="1455" WIDTH="1504" HEIGHT="39">
							<String ID="string_264" HPOS="92" VPOS="1463" WIDTH="114" HEIGHT="30" WC="0.92" CONTENT="dande"/><SP WIDTH="27" VPOS="1463" HPOS="206"/>
							<String ID="string_265" HPOS="233" VPOS="1461" WIDTH="321" HEIGHT="31" WC="0.92" CONTENT="föreståndarinnor"/><SP WIDTH="29" VPOS="1461" HPOS="554"/>
							<String ID="string_266" HPOS="583" VPOS="1461" WIDTH="58" HEIGHT="29" WC="0.93" CONTENT="vid"/><SP WIDTH="27" VPOS="1461" HPOS="641"/>
							<String ID="string_267" HPOS="668" VPOS="1460" WIDTH="298" HEIGHT="30" WC="0.89" CONTENT="nomadskolhem."/><SP WIDTH="32" VPOS="1460" HPOS="966"/>
							<String ID="string_268" HPOS="998" VPOS="1458" WIDTH="116" HEIGHT="36" WC="0.96" CONTENT="Enligt"/><SP WIDTH="27" VPOS="1458" HPOS="1114"/>
							<String ID="string_269" HPOS="1141" VPOS="1458" WIDTH="171" HEIGHT="36" WC="0.95" CONTENT="förslaget,"/><SP WIDTH="30" VPOS="1458" HPOS="1312"/>
							<String ID="string_270" HPOS="1342" VPOS="1458" WIDTH="104" HEIGHT="29" WC="0.96" CONTENT="vilket"/><SP WIDTH="28" VPOS="1458" HPOS="1446"/>
							<String ID="string_271" HPOS="1474" VPOS="1455" WIDTH="122" HEIGHT="32" WC="0.96" CONTENT="vunnit"/>
						</TextLine>
						<TextLine ID="line_28" HPOS="96" VPOS="1504" WIDTH="1506" HEIGHT="44">
							<String ID="string_272" HPOS="96" VPOS="1511" WIDTH="203" HEIGHT="36" WC="0.96" CONTENT="riksdagens"/><SP WIDTH="17" VPOS="1511" HPOS="299"/>
							<String ID="string_273" HPOS="316" VPOS="1510" WIDTH="255" HEIGHT="37" WC="0.96" CONTENT="godkännande"/><SP WIDTH="23" VPOS="1510" HPOS="571"/>
							<String ID="string_274" HPOS="594" VPOS="1509" WIDTH="80" HEIGHT="39" WC="0.96" CONTENT="(skr."/><SP WIDTH="18" VPOS="1509" HPOS="674"/>
							<String ID="string_275" HPOS="692" VPOS="1519" WIDTH="43" HEIGHT="20" WC="0.96" CONTENT="nr"/><SP WIDTH="20" VPOS="1519" HPOS="735"/>
							<String ID="string_276" HPOS="755" VPOS="1510" WIDTH="32" HEIGHT="29" WC="0.96" CONTENT="8:"/><SP WIDTH="19" VPOS="1510" HPOS="787"/>
							<String ID="string_277" HPOS="806" VPOS="1508" WIDTH="89" HEIGHT="39" WC="0.96" CONTENT="189),"/><SP WIDTH="19" VPOS="1508" HPOS="895"/>
							<String ID="string_278" HPOS="914" VPOS="1508" WIDTH="97" HEIGHT="30" WC="0.93" CONTENT="skola"/><SP WIDTH="20" VPOS="1508" HPOS="1011"/>
							<String ID="string_279" HPOS="1031" VPOS="1506" WIDTH="369" HEIGHT="31" WC="0.91" CONTENT="föreståndarinnorna"/><SP WIDTH="17" VPOS="1506" HPOS="1400"/>
							<String ID="string_280" HPOS="1417" VPOS="1506" WIDTH="157" HEIGHT="35" WC="0.96" CONTENT="placeras"/><SP WIDTH="17" VPOS="1506" HPOS="1574"/>
							<String ID="string_281" HPOS="1591" VPOS="1504" WIDTH="11" HEIGHT="30" WC="0.96" CONTENT="i"/>
						</TextLine>
						<TextLine ID="line_29" HPOS="93" VPOS="1556" WIDTH="1503" HEIGHT="43">
							<String ID="string_282" HPOS="93" VPOS="1562" WIDTH="208" HEIGHT="37" WC="0.92" CONTENT="lönegraden"/><SP WIDTH="16" VPOS="1562" HPOS="301"/>
							<String ID="string_283" HPOS="317" VPOS="1560" WIDTH="57" HEIGHT="31" WC="0.96" CONTENT="LO"/><SP WIDTH="16" VPOS="1560" HPOS="374"/>
							<String ID="string_284" HPOS="390" VPOS="1562" WIDTH="19" HEIGHT="29" WC="0.96" CONTENT="9"/><SP WIDTH="16" VPOS="1562" HPOS="409"/>
							<String ID="string_285" HPOS="425" VPOS="1561" WIDTH="65" HEIGHT="30" WC="0.96" CONTENT="och"/><SP WIDTH="15" VPOS="1561" HPOS="490"/>
							<String ID="string_286" HPOS="505" VPOS="1560" WIDTH="207" HEIGHT="31" WC="0.92" CONTENT="biträdande"/><SP WIDTH="16" VPOS="1560" HPOS="712"/>
							<String ID="string_287" HPOS="728" VPOS="1558" WIDTH="369" HEIGHT="32" WC="0.89" CONTENT="föreståndarinnorna"/><SP WIDTH="18" VPOS="1558" HPOS="1097"/>
							<String ID="string_288" HPOS="1115" VPOS="1559" WIDTH="10" HEIGHT="29" WC="0.92" CONTENT="i"/><SP WIDTH="16" VPOS="1559" HPOS="1125"/>
							<String ID="string_289" HPOS="1141" VPOS="1557" WIDTH="207" HEIGHT="36" WC="0.92" CONTENT="lönegraden"/><SP WIDTH="18" VPOS="1557" HPOS="1348"/>
							<String ID="string_290" HPOS="1366" VPOS="1556" WIDTH="57" HEIGHT="31" WC="0.94" CONTENT="LO"/><SP WIDTH="18" VPOS="1556" HPOS="1423"/>
							<String ID="string_291" HPOS="1441" VPOS="1557" WIDTH="28" HEIGHT="29" WC="0.93" CONTENT="6."/><SP WIDTH="20" VPOS="1557" HPOS="1469"/>
							<String ID="string_292" HPOS="1489" VPOS="1556" WIDTH="107" HEIGHT="30" WC="0.92" CONTENT="Löne-"/>
						</TextLine>
						<TextLine ID="line_30" HPOS="94" VPOS="1609" WIDTH="822" HEIGHT="41">
							<String ID="string_293" HPOS="94" VPOS="1612" WIDTH="212" HEIGHT="38" WC="0.96" CONTENT="regleringen"/><SP WIDTH="21" VPOS="1612" HPOS="306"/>
							<String ID="string_294" HPOS="327" VPOS="1612" WIDTH="115" HEIGHT="30" WC="0.96" CONTENT="träder"/><SP WIDTH="18" VPOS="1612" HPOS="442"/>
							<String ID="string_295" HPOS="460" VPOS="1611" WIDTH="12" HEIGHT="29" WC="0.96" CONTENT="i"/><SP WIDTH="22" VPOS="1611" HPOS="472"/>
							<String ID="string_296" HPOS="494" VPOS="1611" WIDTH="95" HEIGHT="30" WC="0.96" CONTENT="kraft"/><SP WIDTH="19" VPOS="1611" HPOS="589"/>
							<String ID="string_297" HPOS="608" VPOS="1611" WIDTH="67" HEIGHT="30" WC="0.96" CONTENT="den"/><SP WIDTH="23" VPOS="1611" HPOS="675"/>
							<String ID="string_298" HPOS="698" VPOS="1611" WIDTH="13" HEIGHT="29" WC="0.96" CONTENT="1"/><SP WIDTH="24" VPOS="1611" HPOS="711"/>
							<String ID="string_299" HPOS="735" VPOS="1609" WIDTH="65" HEIGHT="37" WC="0.95" CONTENT="juli"/><SP WIDTH="23" VPOS="1609" HPOS="800"/>
							<String ID="string_300" HPOS="823" VPOS="1609" WIDTH="93" HEIGHT="30" WC="0.95" CONTENT="1946."/>
						</TextLine>
					</TextBlock>
					<TextBlock ID="block_6" HPOS="94" VPOS="1657" WIDTH="1507" HEIGHT="641">
						<TextLine ID="line_31" HPOS="138" VPOS="1657" WIDTH="1460" HEIGHT="42">
							<String ID="string_301" HPOS="138" VPOS="1662" WIDTH="65" HEIGHT="31" WC="0.96" CONTENT="Vid"/><SP WIDTH="18" VPOS="1662" HPOS="203"/>
							<String ID="string_302" HPOS="221" VPOS="1665" WIDTH="45" HEIGHT="28" WC="0.96" CONTENT="ett"/><SP WIDTH="17" VPOS="1665" HPOS="266"/>
							<String ID="string_303" HPOS="283" VPOS="1661" WIDTH="274" HEIGHT="38" WC="0.96" CONTENT="genomförande"/><SP WIDTH="19" VPOS="1661" HPOS="557"/>
							<String ID="string_304" HPOS="576" VPOS="1670" WIDTH="42" HEIGHT="21" WC="0.93" CONTENT="av"/><SP WIDTH="19" VPOS="1670" HPOS="618"/>
							<String ID="string_305" HPOS="637" VPOS="1660" WIDTH="291" HEIGHT="36" WC="0.90" CONTENT="löneregleringen"/><SP WIDTH="19" VPOS="1660" HPOS="928"/>
							<String ID="string_306" HPOS="947" VPOS="1660" WIDTH="64" HEIGHT="29" WC="0.93" CONTENT="bör"/><SP WIDTH="15" VPOS="1660" HPOS="1011"/>
							<String ID="string_307" HPOS="1026" VPOS="1675" WIDTH="46" HEIGHT="3" WC="0.93" CONTENT="—"/><SP WIDTH="18" VPOS="1675" HPOS="1072"/>
							<String ID="string_308" HPOS="1090" VPOS="1657" WIDTH="199" HEIGHT="32" WC="0.92" CONTENT="framhålles"/><SP WIDTH="19" VPOS="1657" HPOS="1289"/>
							<String ID="string_309" HPOS="1308" VPOS="1658" WIDTH="11" HEIGHT="30" WC="0.96" CONTENT="i"/><SP WIDTH="19" VPOS="1658" HPOS="1319"/>
							<String ID="string_310" HPOS="1338" VPOS="1657" WIDTH="260" HEIGHT="37" WC="0.96" CONTENT="propositionen"/>
						</TextLine>
						<TextLine ID="line_32" HPOS="94" VPOS="1706" WIDTH="1504" HEIGHT="42">
							<String ID="string_311" HPOS="94" VPOS="1724" WIDTH="42" HEIGHT="20" WC="0.96" CONTENT="nr"/><SP WIDTH="18" VPOS="1724" HPOS="136"/>
							<String ID="string_312" HPOS="154" VPOS="1713" WIDTH="60" HEIGHT="30" WC="0.92" CONTENT="139"/><SP WIDTH="15" VPOS="1713" HPOS="214"/>
							<String ID="string_313" HPOS="229" VPOS="1730" WIDTH="44" HEIGHT="3" WC="0.91" CONTENT="—"/><SP WIDTH="15" VPOS="1730" HPOS="273"/>
							<String ID="string_314" HPOS="288" VPOS="1711" WIDTH="176" HEIGHT="37" WC="0.93" CONTENT="samtidigt"/><SP WIDTH="14" VPOS="1711" HPOS="464"/>
							<String ID="string_315" HPOS="478" VPOS="1710" WIDTH="334" HEIGHT="37" WC="0.91" CONTENT="pensionsreglering"/><SP WIDTH="17" VPOS="1710" HPOS="812"/>
							<String ID="string_316" HPOS="829" VPOS="1711" WIDTH="61" HEIGHT="29" WC="0.96" CONTENT="ske"/><SP WIDTH="18" VPOS="1711" HPOS="890"/>
							<String ID="string_317" HPOS="908" VPOS="1710" WIDTH="55" HEIGHT="30" WC="0.96" CONTENT="för"/><SP WIDTH="16" VPOS="1710" HPOS="963"/>
							<String ID="string_318" HPOS="979" VPOS="1710" WIDTH="155" HEIGHT="29" WC="0.93" CONTENT="nämnda"/><SP WIDTH="17" VPOS="1710" HPOS="1134"/>
							<String ID="string_319" HPOS="1151" VPOS="1707" WIDTH="348" HEIGHT="37" WC="0.90" CONTENT="befattningshavare."/><SP WIDTH="21" VPOS="1707" HPOS="1499"/>
							<String ID="string_320" HPOS="1520" VPOS="1706" WIDTH="78" HEIGHT="30" WC="0.96" CONTENT="Med"/>
						</TextLine>
						<TextLine ID="line_33" HPOS="95" VPOS="1757" WIDTH="1503" HEIGHT="43">
							<String ID="string_321" HPOS="95" VPOS="1764" WIDTH="136" HEIGHT="36" WC="0.96" CONTENT="hänsyn"/><SP WIDTH="26" VPOS="1764" HPOS="231"/>
							<String ID="string_322" HPOS="257" VPOS="1763" WIDTH="50" HEIGHT="31" WC="0.95" CONTENT="till"/><SP WIDTH="27" VPOS="1763" HPOS="307"/>
							<String ID="string_323" HPOS="334" VPOS="1765" WIDTH="49" HEIGHT="28" WC="0.93" CONTENT="att"/><SP WIDTH="24" VPOS="1765" HPOS="383"/>
							<String ID="string_324" HPOS="407" VPOS="1761" WIDTH="292" HEIGHT="37" WC="0.91" CONTENT="löneregleringen"/><SP WIDTH="25" VPOS="1761" HPOS="699"/>
							<String ID="string_325" HPOS="724" VPOS="1761" WIDTH="11" HEIGHT="30" WC="0.96" CONTENT="i"/><SP WIDTH="26" VPOS="1761" HPOS="735"/>
							<String ID="string_326" HPOS="761" VPOS="1761" WIDTH="184" HEIGHT="30" WC="0.96" CONTENT="huvudsak"/><SP WIDTH="26" VPOS="1761" HPOS="945"/>
							<String ID="string_327" HPOS="971" VPOS="1760" WIDTH="147" HEIGHT="30" WC="0.93" CONTENT="innebär"/><SP WIDTH="24" VPOS="1760" HPOS="1118"/>
							<String ID="string_328" HPOS="1142" VPOS="1758" WIDTH="219" HEIGHT="31" WC="0.92" CONTENT="likställande"/><SP WIDTH="26" VPOS="1758" HPOS="1361"/>
							<String ID="string_329" HPOS="1387" VPOS="1768" WIDTH="41" HEIGHT="20" WC="0.93" CONTENT="av"/><SP WIDTH="27" VPOS="1768" HPOS="1428"/>
							<String ID="string_330" HPOS="1455" VPOS="1757" WIDTH="143" HEIGHT="31" WC="0.91" CONTENT="nomad-"/>
						</TextLine>
						<TextLine ID="line_34" HPOS="95" VPOS="1808" WIDTH="1504" HEIGHT="37">
							<String ID="string_331" HPOS="95" VPOS="1814" WIDTH="256" HEIGHT="31" WC="0.91" CONTENT="skolhemmens"/><SP WIDTH="25" VPOS="1814" HPOS="351"/>
							<String ID="string_332" HPOS="376" VPOS="1813" WIDTH="66" HEIGHT="30" WC="0.92" CONTENT="och"/><SP WIDTH="29" VPOS="1813" HPOS="442"/>
							<String ID="string_333" HPOS="471" VPOS="1811" WIDTH="354" HEIGHT="31" WC="0.92" CONTENT="folkskoleväsendets"/><SP WIDTH="29" VPOS="1811" HPOS="825"/>
							<String ID="string_334" HPOS="854" VPOS="1810" WIDTH="174" HEIGHT="31" WC="0.91" CONTENT="skolhems"/><SP WIDTH="28" VPOS="1810" HPOS="1028"/>
							<String ID="string_335" HPOS="1056" VPOS="1808" WIDTH="321" HEIGHT="31" WC="0.91" CONTENT="föreståndarinnor"/><SP WIDTH="26" VPOS="1808" HPOS="1377"/>
							<String ID="string_336" HPOS="1403" VPOS="1809" WIDTH="64" HEIGHT="29" WC="0.93" CONTENT="och"/><SP WIDTH="28" VPOS="1809" HPOS="1467"/>
							<String ID="string_337" HPOS="1495" VPOS="1808" WIDTH="104" HEIGHT="29" WC="0.92" CONTENT="biträ-"/>
						</TextLine>
						<TextLine ID="line_35" HPOS="96" VPOS="1857" WIDTH="1503" HEIGHT="40">
							<String ID="string_338" HPOS="96" VPOS="1864" WIDTH="113" HEIGHT="30" WC="0.93" CONTENT="dande"/><SP WIDTH="17" VPOS="1864" HPOS="209"/>
							<String ID="string_339" HPOS="226" VPOS="1862" WIDTH="330" HEIGHT="35" WC="0.92" CONTENT="föreståndarinnor,"/><SP WIDTH="19" VPOS="1862" HPOS="556"/>
							<String ID="string_340" HPOS="575" VPOS="1862" WIDTH="66" HEIGHT="29" WC="0.96" CONTENT="har"/><SP WIDTH="18" VPOS="1862" HPOS="641"/>
							<String ID="string_341" HPOS="659" VPOS="1861" WIDTH="109" HEIGHT="30" WC="0.93" CONTENT="sådan"/><SP WIDTH="17" VPOS="1861" HPOS="768"/>
							<String ID="string_342" HPOS="785" VPOS="1860" WIDTH="222" HEIGHT="36" WC="0.90" CONTENT="likställighet"/><SP WIDTH="18" VPOS="1860" HPOS="1007"/>
							<String ID="string_343" HPOS="1025" VPOS="1863" WIDTH="130" HEIGHT="26" WC="0.96" CONTENT="ansetts"/><SP WIDTH="16" VPOS="1863" HPOS="1155"/>
							<String ID="string_344" HPOS="1171" VPOS="1859" WIDTH="85" HEIGHT="30" WC="0.96" CONTENT="böra"/><SP WIDTH="18" VPOS="1859" HPOS="1256"/>
							<String ID="string_345" HPOS="1274" VPOS="1859" WIDTH="218" HEIGHT="30" WC="0.93" CONTENT="eftersträvas"/><SP WIDTH="19" VPOS="1859" HPOS="1492"/>
							<String ID="string_346" HPOS="1511" VPOS="1857" WIDTH="88" HEIGHT="37" WC="0.53" CONTENT="Jäm-"/>
						</TextLine>
						<TextLine ID="line_36" HPOS="96" VPOS="1907" WIDTH="1503" HEIGHT="41">
							<String ID="string_347" HPOS="96" VPOS="1915" WIDTH="55" HEIGHT="29" WC="0.96" CONTENT="väl"/><SP WIDTH="19" VPOS="1915" HPOS="151"/>
							<String ID="string_348" HPOS="170" VPOS="1914" WIDTH="57" HEIGHT="29" WC="0.93" CONTENT="vid"/><SP WIDTH="17" VPOS="1914" HPOS="227"/>
							<String ID="string_349" HPOS="244" VPOS="1911" WIDTH="386" HEIGHT="37" WC="0.91" CONTENT="pensionsregleringen."/><SP WIDTH="21" VPOS="1911" HPOS="630"/>
							<String ID="string_350" HPOS="651" VPOS="1911" WIDTH="14" HEIGHT="29" WC="0.97" CONTENT="I"/><SP WIDTH="19" VPOS="1911" HPOS="665"/>
							<String ID="string_351" HPOS="684" VPOS="1910" WIDTH="260" HEIGHT="37" WC="0.96" CONTENT="propositionen"/><SP WIDTH="21" VPOS="1910" HPOS="944"/>
							<String ID="string_352" HPOS="965" VPOS="1908" WIDTH="145" HEIGHT="31" WC="0.96" CONTENT="föreslås"/><SP WIDTH="20" VPOS="1908" HPOS="1110"/>
							<String ID="string_353" HPOS="1130" VPOS="1908" WIDTH="109" HEIGHT="36" WC="0.96" CONTENT="alltså,"/><SP WIDTH="24" VPOS="1908" HPOS="1239"/>
							<String ID="string_354" HPOS="1263" VPOS="1911" WIDTH="49" HEIGHT="27" WC="0.93" CONTENT="att"/><SP WIDTH="19" VPOS="1911" HPOS="1312"/>
							<String ID="string_355" HPOS="1331" VPOS="1907" WIDTH="268" HEIGHT="37" WC="0.91" CONTENT="pensionsregle-"/>
						</TextLine>
						<TextLine ID="line_37" HPOS="96" VPOS="1957" WIDTH="1503" HEIGHT="42">
							<String ID="string_356" HPOS="96" VPOS="1964" WIDTH="76" HEIGHT="35" WC="0.96" CONTENT="ring"/><SP WIDTH="19" VPOS="1964" HPOS="172"/>
							<String ID="string_357" HPOS="191" VPOS="1962" WIDTH="79" HEIGHT="31" WC="0.96" CONTENT="från"/><SP WIDTH="16" VPOS="1962" HPOS="270"/>
							<String ID="string_358" HPOS="286" VPOS="1963" WIDTH="65" HEIGHT="29" WC="0.96" CONTENT="och"/><SP WIDTH="18" VPOS="1963" HPOS="351"/>
							<String ID="string_359" HPOS="369" VPOS="1962" WIDTH="78" HEIGHT="29" WC="0.96" CONTENT="med"/><SP WIDTH="20" VPOS="1962" HPOS="447"/>
							<String ID="string_360" HPOS="467" VPOS="1962" WIDTH="67" HEIGHT="29" WC="0.96" CONTENT="den"/><SP WIDTH="23" VPOS="1962" HPOS="534"/>
							<String ID="string_361" HPOS="557" VPOS="1962" WIDTH="13" HEIGHT="28" WC="0.94" CONTENT="1"/><SP WIDTH="22" VPOS="1962" HPOS="570"/>
							<String ID="string_362" HPOS="592" VPOS="1960" WIDTH="63" HEIGHT="37" WC="0.95" CONTENT="juli"/><SP WIDTH="21" VPOS="1960" HPOS="655"/>
							<String ID="string_363" HPOS="676" VPOS="1960" WIDTH="83" HEIGHT="29" WC="0.92" CONTENT="1946"/><SP WIDTH="18" VPOS="1960" HPOS="759"/>
							<String ID="string_364" HPOS="777" VPOS="1960" WIDTH="199" HEIGHT="30" WC="0.90" CONTENT="verkställes"/><SP WIDTH="20" VPOS="1960" HPOS="976"/>
							<String ID="string_365" HPOS="996" VPOS="1960" WIDTH="56" HEIGHT="29" WC="0.92" CONTENT="för"/><SP WIDTH="17" VPOS="1960" HPOS="1052"/>
							<String ID="string_366" HPOS="1069" VPOS="1957" WIDTH="321" HEIGHT="31" WC="0.92" CONTENT="föreståndarinnor"/><SP WIDTH="19" VPOS="1957" HPOS="1390"/>
							<String ID="string_367" HPOS="1409" VPOS="1957" WIDTH="65" HEIGHT="30" WC="0.93" CONTENT="och"/><SP WIDTH="22" VPOS="1957" HPOS="1474"/>
							<String ID="string_368" HPOS="1496" VPOS="1957" WIDTH="103" HEIGHT="29" WC="0.91" CONTENT="biträ-"/>
						</TextLine>
						<TextLine ID="line_38" HPOS="96" VPOS="2007" WIDTH="1503" HEIGHT="37">
							<String ID="string_369" HPOS="96" VPOS="2014" WIDTH="112" HEIGHT="30" WC="0.92" CONTENT="dande"/><SP WIDTH="20" VPOS="2014" HPOS="208"/>
							<String ID="string_370" HPOS="228" VPOS="2011" WIDTH="320" HEIGHT="31" WC="0.91" CONTENT="föreståndarinnor"/><SP WIDTH="16" VPOS="2011" HPOS="548"/>
							<String ID="string_371" HPOS="564" VPOS="2010" WIDTH="59" HEIGHT="31" WC="0.93" CONTENT="vid"/><SP WIDTH="17" VPOS="2010" HPOS="623"/>
							<String ID="string_372" HPOS="640" VPOS="2010" WIDTH="379" HEIGHT="30" WC="0.90" CONTENT="nomadskolhemmen."/><SP WIDTH="24" VPOS="2010" HPOS="1019"/>
							<String ID="string_373" HPOS="1043" VPOS="2007" WIDTH="222" HEIGHT="37" WC="0.96" CONTENT="Regleringen"/><SP WIDTH="19" VPOS="2007" HPOS="1265"/>
							<String ID="string_374" HPOS="1284" VPOS="2009" WIDTH="63" HEIGHT="29" WC="0.96" CONTENT="har"/><SP WIDTH="21" VPOS="2009" HPOS="1347"/>
							<String ID="string_375" HPOS="1368" VPOS="2009" WIDTH="127" HEIGHT="29" WC="0.96" CONTENT="ansetts"/><SP WIDTH="20" VPOS="2009" HPOS="1495"/>
							<String ID="string_376" HPOS="1515" VPOS="2008" WIDTH="84" HEIGHT="29" WC="0.96" CONTENT="böra"/>
						</TextLine>
						<TextLine ID="line_39" HPOS="97" VPOS="2057" WIDTH="1503" HEIGHT="42">
							<String ID="string_377" HPOS="97" VPOS="2064" WIDTH="9" HEIGHT="29" WC="0.93" CONTENT="i"/><SP WIDTH="20" VPOS="2064" HPOS="106"/>
							<String ID="string_378" HPOS="126" VPOS="2062" WIDTH="289" HEIGHT="37" WC="0.90" CONTENT="författningsväg"/><SP WIDTH="17" VPOS="2062" HPOS="415"/>
							<String ID="string_379" HPOS="432" VPOS="2062" WIDTH="204" HEIGHT="29" WC="0.96" CONTENT="verkställas"/><SP WIDTH="18" VPOS="2062" HPOS="636"/>
							<String ID="string_380" HPOS="654" VPOS="2060" WIDTH="210" HEIGHT="36" WC="0.96" CONTENT="därigenom,"/><SP WIDTH="22" VPOS="2060" HPOS="864"/>
							<String ID="string_381" HPOS="886" VPOS="2063" WIDTH="48" HEIGHT="26" WC="0.95" CONTENT="att"/><SP WIDTH="19" VPOS="2063" HPOS="934"/>
							<String ID="string_382" HPOS="953" VPOS="2060" WIDTH="9" HEIGHT="30" WC="0.95" CONTENT="i"/><SP WIDTH="23" VPOS="2060" HPOS="962"/>
							<String ID="string_383" HPOS="985" VPOS="2060" WIDTH="14" HEIGHT="28" WC="0.77" CONTENT="1"/><SP WIDTH="23" VPOS="2060" HPOS="999"/>
							<String ID="string_384" HPOS="1022" VPOS="2058" WIDTH="18" HEIGHT="37" WC="0.85" CONTENT="$"/><SP WIDTH="20" VPOS="2058" HPOS="1040"/>
							<String ID="string_385" HPOS="1060" VPOS="2058" WIDTH="216" HEIGHT="31" WC="0.93" CONTENT="folkskolans"/><SP WIDTH="21" VPOS="2058" HPOS="1276"/>
							<String ID="string_386" HPOS="1297" VPOS="2057" WIDTH="303" HEIGHT="37" WC="0.91" CONTENT="tjänstepensions-"/>
						</TextLine>
						<TextLine ID="line_40" HPOS="97" VPOS="2107" WIDTH="1504" HEIGHT="43">
							<String ID="string_387" HPOS="97" VPOS="2115" WIDTH="205" HEIGHT="35" WC="0.93" CONTENT="reglemente"/><SP WIDTH="28" VPOS="2115" HPOS="302"/>
							<String ID="string_388" HPOS="330" VPOS="2112" WIDTH="129" HEIGHT="36" WC="0.91" CONTENT="intages"/><SP WIDTH="32" VPOS="2112" HPOS="459"/>
							<String ID="string_389" HPOS="491" VPOS="2114" WIDTH="46" HEIGHT="27" WC="0.96" CONTENT="ett"/><SP WIDTH="30" VPOS="2114" HPOS="537"/>
							<String ID="string_390" HPOS="567" VPOS="2111" WIDTH="199" HEIGHT="35" WC="0.96" CONTENT="stadgande,"/><SP WIDTH="30" VPOS="2111" HPOS="766"/>
							<String ID="string_391" HPOS="796" VPOS="2114" WIDTH="48" HEIGHT="26" WC="0.96" CONTENT="att"/><SP WIDTH="29" VPOS="2114" HPOS="844"/>
							<String ID="string_392" HPOS="873" VPOS="2111" WIDTH="219" HEIGHT="34" WC="0.95" CONTENT="reglementet"/><SP WIDTH="29" VPOS="2111" HPOS="1092"/>
							<String ID="string_393" HPOS="1121" VPOS="2109" WIDTH="88" HEIGHT="30" WC="0.96" CONTENT="skall"/><SP WIDTH="30" VPOS="2109" HPOS="1209"/>
							<String ID="string_394" HPOS="1239" VPOS="2110" WIDTH="62" HEIGHT="34" WC="0.96" CONTENT="äga"/><SP WIDTH="33" VPOS="2110" HPOS="1301"/>
							<String ID="string_395" HPOS="1334" VPOS="2108" WIDTH="217" HEIGHT="36" WC="0.93" CONTENT="tillämpning"/><SP WIDTH="29" VPOS="2108" HPOS="1551"/>
							<String ID="string_396" HPOS="1580" VPOS="2107" WIDTH="21" HEIGHT="30" WC="0.93" CONTENT="å"/>
						</TextLine>
						<TextLine ID="line_41" HPOS="97" VPOS="2157" WIDTH="1504" HEIGHT="42">
							<String ID="string_397" HPOS="97" VPOS="2163" WIDTH="265" HEIGHT="36" WC="0.92" CONTENT="ifrågavarande"/><SP WIDTH="31" VPOS="2163" HPOS="362"/>
							<String ID="string_398" HPOS="393" VPOS="2161" WIDTH="349" HEIGHT="35" WC="0.91" CONTENT="befattningshavare."/><SP WIDTH="31" VPOS="2161" HPOS="742"/>
							<String ID="string_399" HPOS="773" VPOS="2159" WIDTH="178" HEIGHT="36" WC="0.95" CONTENT="Därjämte"/><SP WIDTH="29" VPOS="2159" HPOS="951"/>
							<String ID="string_400" HPOS="980" VPOS="2160" WIDTH="65" HEIGHT="29" WC="0.96" CONTENT="har"/><SP WIDTH="30" VPOS="2160" HPOS="1045"/>
							<String ID="string_401" HPOS="1075" VPOS="2159" WIDTH="122" HEIGHT="34" WC="0.95" CONTENT="Kungl."/><SP WIDTH="32" VPOS="2159" HPOS="1197"/>
							<String ID="string_402" HPOS="1229" VPOS="2157" WIDTH="100" HEIGHT="36" WC="0.96" CONTENT="Maj:t"/><SP WIDTH="29" VPOS="2157" HPOS="1329"/>
							<String ID="string_403" HPOS="1358" VPOS="2160" WIDTH="127" HEIGHT="28" WC="0.96" CONTENT="ansetts"/><SP WIDTH="30" VPOS="2160" HPOS="1485"/>
							<String ID="string_404" HPOS="1515" VPOS="2157" WIDTH="86" HEIGHT="29" WC="0.96" CONTENT="böra"/>
						</TextLine>
						<TextLine ID="line_42" HPOS="98" VPOS="2206" WIDTH="1502" HEIGHT="41">
							<String ID="string_405" HPOS="98" VPOS="2214" WIDTH="142" HEIGHT="29" WC="0.96" CONTENT="utverka"/><SP WIDTH="25" VPOS="2214" HPOS="240"/>
							<String ID="string_406" HPOS="265" VPOS="2212" WIDTH="199" HEIGHT="35" WC="0.96" CONTENT="riksdagens"/><SP WIDTH="24" VPOS="2212" HPOS="464"/>
							<String ID="string_407" HPOS="488" VPOS="2210" WIDTH="278" HEIGHT="36" WC="0.78" CONTENT="bemyndigande"/><SP WIDTH="25" VPOS="2210" HPOS="766"/>
							<String ID="string_408" HPOS="791" VPOS="2210" WIDTH="55" HEIGHT="29" WC="0.96" CONTENT="för"/><SP WIDTH="24" VPOS="2210" HPOS="846"/>
							<String ID="string_409" HPOS="870" VPOS="2209" WIDTH="120" HEIGHT="35" WC="0.96" CONTENT="Kungl."/><SP WIDTH="27" VPOS="2209" HPOS="990"/>
							<String ID="string_410" HPOS="1017" VPOS="2208" WIDTH="100" HEIGHT="36" WC="0.96" CONTENT="Maj:t"/><SP WIDTH="24" VPOS="2208" HPOS="1117"/>
							<String ID="string_411" HPOS="1141" VPOS="2211" WIDTH="47" HEIGHT="27" WC="0.96" CONTENT="att"/><SP WIDTH="24" VPOS="2211" HPOS="1188"/>
							<String ID="string_412" HPOS="1212" VPOS="2208" WIDTH="138" HEIGHT="30" WC="0.96" CONTENT="utfärda"/><SP WIDTH="27" VPOS="2208" HPOS="1350"/>
							<String ID="string_413" HPOS="1377" VPOS="2206" WIDTH="223" HEIGHT="36" WC="0.96" CONTENT="erforderliga"/>
						</TextLine>
						<TextLine ID="line_43" HPOS="97" VPOS="2258" WIDTH="1148" HEIGHT="40">
							<String ID="string_414" HPOS="97" VPOS="2261" WIDTH="448" HEIGHT="37" WC="0.87" CONTENT="övergångsbestämmelser"/><SP WIDTH="21" VPOS="2261" HPOS="545"/>
							<String ID="string_415" HPOS="566" VPOS="2261" WIDTH="7" HEIGHT="29" WC="0.96" CONTENT="i"/><SP WIDTH="22" VPOS="2261" HPOS="573"/>
							<String ID="string_416" HPOS="595" VPOS="2260" WIDTH="185" HEIGHT="35" WC="0.96" CONTENT="anledning"/><SP WIDTH="20" VPOS="2260" HPOS="780"/>
							<String ID="string_417" HPOS="800" VPOS="2268" WIDTH="41" HEIGHT="20" WC="0.92" CONTENT="av"/><SP WIDTH="19" VPOS="2268" HPOS="841"/>
							<String ID="string_418" HPOS="860" VPOS="2258" WIDTH="385" HEIGHT="37" WC="0.91" CONTENT="pensionsregleringen."/>
						</TextLine>
					</TextBlock>
				</ComposedBlock>
				<ComposedBlock ID="cblock_4" HPOS="142" VPOS="2500" WIDTH="1431" HEIGHT="40">
					<TextBlock ID="block_7" HPOS="142" VPOS="2500" WIDTH="1431" HEIGHT="40">
						<TextLine ID="line_44" HPOS="142" VPOS="2500" WIDTH="1431" HEIGHT="40">
							<String ID="string_419" HPOS="142" VPOS="2508" WIDTH="111" HEIGHT="32" WC="0.91" CONTENT="Bihang"/><SP WIDTH="11" VPOS="2508" HPOS="253"/>
							<String ID="string_420" HPOS="264" VPOS="2508" WIDTH="41" HEIGHT="25" WC="0.96" CONTENT="till"/><SP WIDTH="11" VPOS="2508" HPOS="305"/>
							<String ID="string_421" HPOS="316" VPOS="2507" WIDTH="167" HEIGHT="31" WC="0.96" CONTENT="riksdagens"/><SP WIDTH="13" VPOS="2507" HPOS="483"/>
							<String ID="string_422" HPOS="496" VPOS="2506" WIDTH="145" HEIGHT="32" WC="0.75" CONTENT="protokoll"/><SP WIDTH="14" VPOS="2506" HPOS="641"/>
							<String ID="string_423" HPOS="655" VPOS="2506" WIDTH="73" HEIGHT="24" WC="0.94" CONTENT="1946."/><SP WIDTH="21" VPOS="2506" HPOS="728"/>
							<String ID="string_424" HPOS="749" VPOS="2507" WIDTH="15" HEIGHT="23" WC="0.91" CONTENT="8"/><SP WIDTH="12" VPOS="2507" HPOS="764"/>
							<String ID="string_425" HPOS="776" VPOS="2506" WIDTH="80" HEIGHT="24" WC="0.73" CONTENT="sanu."/><SP WIDTH="28" VPOS="2506" HPOS="856"/>
							<String ID="string_426" HPOS="884" VPOS="2505" WIDTH="38" HEIGHT="23" WC="0.95" CONTENT="Nr"/><SP WIDTH="16" VPOS="2505" HPOS="922"/>
							<String ID="string_427" HPOS="938" VPOS="2504" WIDTH="39" HEIGHT="24" WC="0.95" CONTENT="63."/><SP WIDTH="582" VPOS="2504" HPOS="977"/>
							<String ID="string_428" HPOS="1559" VPOS="2500" WIDTH="14" HEIGHT="24" WC="0.96" CONTENT="2"/>
						</TextLine>
					</TextBlock>
				</ComposedBlock>
			</PrintSpace>
		</Page>
	</Layout>
</alto>
