1892 2836
289 162 40 32 34
388 163 243 32 Sammansatt
657 163 116 32 andra
798 163 73 38 lag-
896 163 65 32 och
987 163 349 37 jordbruksutskotts
1363 162 188 33 utlåtande
1578 164 53 32 Nr
1659 166 27 29 1.

430 240 133 38 Kungl.
586 241 129 37 Maj:ts
736 239 152 38 förslag:
1273 241 200 32 Utskottets
1495 240 152 37 förslag:

986 515 110 51 Lag

805 621 72 27 om
904 608 366 52 virkesmätning.

329 729 221 38 Härigenom
572 730 189 33 förordnas
785 741 74 22 som
883 731 120 37 följer:

803 852 180 28 Allmänna
1005 852 275 29 bestämmelser.

994 929 67 37 1$.

328 1008 204 38 Konungen
555 1011 85 33 äger
665 1008 49 32 då
738 1008 78 32 skäl
838 1008 126 32 därtill
987 1010 72 34 äro,
1084 1008 92 32 efter
1199 1007 158 32 hörande
1380 1017 46 22 av
1450 1004 256 40 virkessäljare
1730 1007 64 33 och

289 1060 253 37 virkesköpare
562 1062 95 30 samt
678 1060 265 32 vederbörande
964 1060 413 37 hushållningssällskap
1399 1059 65 32 och
1485 1059 308 33 handelskamma-

289 1122 46 27 re,
356 1112 171 33 förordna
545 1114 55 30 att
618 1112 97 32 inom
735 1111 233 37 Stockholms,
987 1111 171 38 Uppsala,
1178 1108 205 41 Älvsborgs,
1404 1111 228 40 Värmlands,
1651 1110 142 38 Örebro,

288 1164 290 38 Västmanlands,
625 1164 267 37 Kopparbergs,
941 1163 228 39 Gävleborgs,
1208 1163 331 37 Västernorrlands,
1577 1163 216 38 Jämtlands,

289 1217 271 32 Västerbottens
580 1216 67 32 och
667 1216 235 32 Norrbottens
925 1216 63 32 län
1008 1216 86 32 eller
1113 1216 75 32 viss
1210 1216 56 32 del
1290 1225 46 22 av
1356 1216 104 32 dessa
1480 1216 61 32 län
1561 1216 168 37 mätning
1748 1226 45 22 av

287 1269 130 32 sådant
438 1271 86 30 runt
543 1268 103 32 virke
668 1279 47 21 av
735 1268 177 38 barrträd,
933 1278 75 22 som
1029 1271 41 29 är
1091 1270 119 30 avsett
1232 1269 55 31 för
1308 1268 223 32 industriellt
1551 1268 102 37 bruk,
1676 1268 117 32 föräd-

289 1322 76 37 ling
393 1321 88 33 eller
510 1322 126 35 export
664 1321 13 31 i
706 1320 179 32 oförädlat
914 1320 109 36 skick,
1051 1321 69 36 må,
1148 1321 68 31 där
1244 1320 211 37 mätningen
1486 1320 93 32 skall
1607 1320 101 38 ligga
1736 1321 56 31 till

289 1374 117 38 grund
434 1374 57 31 för
515 1373 268 32 bestämmande
806 1383 48 21 av
877 1372 240 37 köpeskilling
1142 1372 86 32 eller
1252 1374 113 30 annat
1388 1371 170 39 vederlag
1584 1372 56 32 för
1666 1372 127 38 virket,

287 1425 220 37 ombesörjas
561 1425 155 31 allenast
750 1435 45 21 av
831 1424 439 38 virkesmätningsnämnd
1304 1434 125 22 varom
1457 1425 12 31 i
1495 1424 118 32 denna
1637 1425 60 37 lag
1723 1425 70 32 för-

288 1478 120 32 mäles.

327 1529 137 33 Finnas
491 1529 179 32 särskilda
697 1529 78 37 slag
801 1539 47 22 av
874 1531 86 30 runt
988 1528 100 33 virke
1115 1528 197 37 lämpligen
1338 1529 88 32 böra
1453 1529 228 38 undantagas
1710 1529 82 32 från

289 1581 255 33 förordnandet
579 1581 87 32 eller
702 1581 162 37 påkallas
900 1580 104 38 eljest
1028 1591 46 21 av
1101 1581 274 32 förhållandena
1400 1581 179 32 särskilda
1604 1581 187 32 inskränk-

288 1634 141 37 ningar,
447 1635 117 31 såsom
582 1633 11 31 i
615 1634 108 36 fråga
744 1643 55 21 om
816 1632 102 32 virke
937 1643 75 21 som
1030 1635 41 29 är
1089 1634 118 30 avsett
1224 1635 54 30 att
1298 1632 159 33 förädlas
1476 1633 61 32 vid
1556 1633 140 33 mindre
1715 1635 77 35 såg-

289 1686 86 32 verk
403 1686 89 32 eller
520 1685 115 32 andra
662 1684 141 33 mindre
832 1684 360 38 träförädlingsverk,
1221 1684 101 33 skola
1350 1685 115 32 därav
1496 1685 212 33 föranledda
1737 1685 55 33 be-

289 1737 242 38 gränsningar
554 1738 14 32 i
593 1737 257 33 förordnandet
875 1739 115 35 göras.

327 1790 83 32 Med
427 1789 167 38 mätning
609 1800 48 22 av
673 1789 103 32 virke
795 1789 131 32 förstås
944 1789 12 31 i
972 1789 118 32 denna
1108 1789 59 37 lag
1185 1789 76 32 dels
1279 1789 267 33 bestämmande
1565 1798 126 29 genom
1712 1790 79 31 räk-

285 1842 88 38 ning
398 1843 66 31 och
488 1842 164 37 mätning
677 1851 46 22 av
747 1841 136 32 virkets
909 1841 177 37 stycketal
1109 1842 66 31 och
1198 1841 241 32 dimensioner
1463 1842 96 36 eller,
1581 1842 67 32 där
1674 1841 117 33 virket

288 1896 111 30 mätes
417 1895 12 31 i
447 1905 25 22 s.
490 1894 32 32 k.
540 1894 68 32 löst
629 1892 149 38 (travat)
797 1894 101 36 mått,
916 1903 45 22 av
979 1893 136 32 antalet
1132 1893 66 32 och
1214 1893 288 33 dimensionerna
1518 1905 47 21 av
1582 1894 43 32 de
1642 1894 147 36 staplar,

287 1948 125 30 travar
441 1946 86 33 eller
556 1946 127 36 vältor,
710 1946 79 31 vari
815 1945 120 32 virket
961 1945 178 38 upplagts,
1164 1945 76 32 dels
1266 1946 63 31 ock
1355 1946 227 36 bedömande,
1609 1946 181 32 huruvida

286 1999 66 31 och
371 1999 12 31 i
401 1998 72 32 vad
491 1999 83 30 mån
591 1998 122 31 virket
731 2000 41 29 är
790 1997 165 32 behäftat
972 1998 80 31 med
1072 1997 49 32 fel
1141 2000 93 29 samt
1255 1997 120 32 vilken
1393 1998 141 37 hänsyn
1553 1997 126 32 därtill
1698 1998 90 32 skall

287 2051 112 36 tagas,
426 2052 166 29 ävensom
615 2060 46 21 av
685 2049 137 31 virkets
847 2049 250 32 beskaffenhet
1120 2050 13 31 i
1158 2049 128 37 övrigt.
1323 2049 177 37 Mätning,
1524 2060 75 21 som
1624 2049 164 38 påkallas

287 2103 44 35 på
353 2102 118 38 grund
493 2113 45 21 av
561 2101 109 38 avtal,
690 2102 209 36 varigenom
922 2102 101 32 virke
1044 2102 146 32 försålts
1212 2102 85 32 eller
1318 2102 103 37 eljest
1442 2104 182 35 avyttrats
1644 2105 47 34 på
1710 2102 79 32 vill-

286 2154 73 38 kor,
384 2156 55 30 att
461 2154 164 37 mätning
648 2155 117 31 därav
788 2153 91 32 skall
904 2154 224 36 verkställas,
1145 2154 124 33 kallas
1294 2154 11 31 i
1331 2154 116 32 denna
1470 2154 59 37 lag
1555 2155 164 37 mätning
1744 2165 46 21 av

285 2206 184 37 köpvirke.

1015 2283 69 36 2$.

324 2361 452 38 Virkesmätningsnämnd
801 2364 93 35 äger,
919 2372 58 21 om
1000 2361 78 32 skäl
1101 2361 126 32 därtill
1254 2363 71 35 äro,
1352 2361 56 32 för
1433 2361 148 33 särskilt
1606 2362 67 32 fall
1697 2361 91 32 med-

287 2414 92 37 giva,
398 2415 57 30 att
474 2414 163 37 mätning
657 2425 46 21 av
723 2414 111 37 virke,
854 2423 75 22 som
949 2413 144 38 jämlikt
1114 2413 239 33 förordnande
1373 2413 113 39 enligt
1506 2415 18 30 1
1545 2413 17 38 $
1582 2415 207 31 ankommer

286 2467 44 36 på
352 2466 189 37 nämnden,
565 2468 58 30 må
648 2466 62 32 ske
732 2465 208 32 annorledes
963 2468 47 29 än
1032 2474 125 28 genom
1179 2465 196 32 nämndens
1398 2466 149 38 försorg.
