2178 2642
616 157 352 42 Bevillningsutskottets
993 159 204 31 Betänkande
1221 159 63 32 N:o
1307 161 29 30 8.
1725 162 18 30 9

170 243 157 47 rågmjöl
356 244 272 36 återbekomma
655 245 69 35 den
752 245 59 36 för
839 249 109 43 rågen
978 247 62 35 vid
1067 247 137 48 import
1232 248 149 48 erlagda
1408 249 129 44 tullen,
1566 249 65 35 och
1655 248 130 47 frågan

169 294 119 47 gälde,
331 294 183 37 huruvida
554 296 67 35 och
663 296 117 36 under
821 297 124 36 hvilka
985 298 118 35 vilkor
1133 311 43 23 en
1205 298 113 36 sådan
1347 300 286 35 tullrestitution
1662 300 123 36 kunde

169 344 179 37 förordas.

304 395 15 35 I
359 409 43 22 en
437 396 171 36 modernt
640 398 162 35 inrättad
835 411 114 34 qvarn
984 411 165 35 passerar
1175 399 112 36 säden
1315 400 173 49 vanligen
1516 400 161 48 följande
1706 414 77 23 ma-

169 446 134 36 skiner.

309 494 71 47 1:0)
408 497 99 44 flera,
536 497 112 36 oftast
675 497 84 49 fyra
788 499 97 35 olika
913 500 389 46 rensningsmaskiner,

307 545 74 47 2:0)
410 548 238 44 krossvalsar,
677 561 44 23 en
748 550 89 35 eller
864 550 99 43 flera,

305 595 74 44 3:0)
407 597 236 45 reffelvalsar,
672 612 43 22 en
743 600 90 35 eller
859 600 98 42 flera,

306 646 73 46 4:0)
407 649 148 48 vanliga
583 655 239 41 qvarnstenar
849 651 90 35 eller
966 651 67 35 ock
1061 652 207 43 malvalsar,
1294 652 122 36 hvilka
1435 652 98 36 olika
1552 652 232 50 afdelningar

168 699 243 35 tillsammans
438 699 99 35 bilda
565 705 53 30 ett
645 701 111 35 slutet
783 701 86 35 helt.

304 749 15 35 I
363 749 69 36 den
477 749 118 36 första
638 751 383 46 rensningsmaskinen
1068 753 155 35 inmatas
1269 753 109 35 säden
1419 754 240 35 automatiskt
1698 754 83 36 från

168 799 370 37 förhandenvarande
579 801 130 47 bingar
749 802 68 35 och
859 801 172 49 öfvergår
1069 802 109 36 sedan
1205 803 80 35 från
1315 804 69 35 den
1412 817 68 22 ena
1507 805 189 35 maskinen
1724 806 57 35 till

168 850 71 35 den
278 850 162 48 följande
468 851 175 36 likaledes
674 852 237 36 automatiskt
944 858 89 30 utan
1060 854 302 48 menniskohjelp,
1392 855 75 35 tills
1494 855 82 43 den,
1605 855 94 36 efter
1726 861 55 30 att

168 899 109 37 hafva
318 906 161 42 passerat
512 906 167 31 stenarne
712 903 88 35 eller
833 904 253 43 malvalsarne,
1115 904 261 36 framkommer
1403 918 77 22 som
1508 904 141 50 färdigt
1676 906 102 46 mjöl,

169 951 140 36 hvilket
336 953 209 46 uppsamlas
573 952 12 34 i
613 953 134 42 säckar,
777 966 78 22 som
883 961 109 39 vägas
1019 954 67 35 och
1114 955 184 47 stämplas.

304 1001 73 35 Vid
418 1003 245 46 sammalning
701 1003 39 35 af
777 1007 67 43 råg
883 1003 174 37 förblifva
1096 1005 126 46 mjölet
1263 1005 67 36 och
1372 1006 114 35 skalet
1527 1006 252 43 tillsammans,

168 1052 144 35 hvadan
356 1052 128 35 härvid
525 1054 208 47 egentligen
774 1055 112 46 ingen
922 1067 121 23 annan
1075 1055 134 48 afgång
1241 1055 246 36 förekommer
1514 1064 46 28 än
1587 1057 81 43 den,
1698 1070 79 23 som

168 1110 39 28 är
247 1115 44 23 en
332 1102 97 49 följd
467 1102 41 36 af
533 1103 129 36 sädens
690 1105 175 46 rensning
891 1104 82 37 från
1006 1119 123 35 agnar,
1163 1106 134 44 damm,
1327 1107 217 48 sandspikar
1566 1108 65 35 och
1660 1108 120 48 dylikt

168 1158 97 30 samt
296 1152 82 37 från
406 1154 91 35 korn
526 1153 41 36 af
591 1160 107 38 ärter,
727 1156 124 35 vicker
877 1156 67 35 och
972 1158 203 45 ogräsfrön,
1209 1157 201 47 hvarjemte
1443 1158 70 35 den
1543 1158 81 36 med
1649 1158 130 37 sädens

167 1209 188 42 transport
394 1204 80 35 från
517 1204 69 36 den
628 1218 67 22 ena
735 1207 191 35 maskinen
965 1207 56 34 till
1062 1207 68 35 den
1163 1207 116 35 andra
1311 1207 171 36 förenade
1511 1209 267 46 urtorkningen

168 1253 144 36 medför
352 1267 44 22 en
437 1260 116 30 större
593 1257 88 34 eller
708 1256 144 35 mindre
885 1256 223 47 vigtförlust,
1137 1258 65 34 allt
1229 1257 178 36 eftersom
1435 1259 111 35 säden
1575 1272 204 35 ursprung-

167 1305 101 46 ligen
296 1305 96 35 varit
419 1318 76 22 mer
522 1306 88 34 eller
637 1306 142 36 mindre
807 1306 135 47 fuktig.

304 1353 190 37 Storleken
536 1355 40 35 af
606 1356 69 35 den
708 1357 212 48 härigenom
954 1357 210 48 uppkomna
1190 1357 264 49 vigtförlusten
1482 1358 107 36 beror
1615 1360 161 35 visserli-

167 1417 69 36 gen
265 1406 13 34 i
306 1408 120 43 någon
455 1408 82 33 mån
566 1410 46 44 på
639 1412 109 30 sättet
775 1406 60 36 för
860 1406 273 49 förmalningen
1159 1408 66 36 och
1254 1409 71 35 den
1353 1409 162 35 erhållna
1534 1410 243 36 sammäldens

167 1455 240 47 användning
432 1475 50 4 —
509 1459 40 33 så
576 1462 109 42 utgör
711 1457 71 36 den
810 1458 63 35 vid
899 1457 272 48 framställning
1197 1458 41 36 af
1263 1460 87 46 mjöl
1377 1459 59 36 för
1463 1459 61 36 det
1551 1473 50 22 nu
1629 1464 38 32 så
1694 1474 79 22 om-

167 1506 128 48 tyckta
322 1507 191 45 klihaltiga
536 1507 198 47 rågbrödet
761 1509 173 48 omkring
962 1512 18 33 5
1002 1516 26 28 4
1046 1528 49 4 —
1115 1522 82 23 men
1217 1511 216 47 uppskattas
1452 1511 101 35 inom
1573 1524 204 34 qvarnarne

166 1556 13 35 i
219 1557 199 35 allmänhet
456 1558 59 34 till
559 1560 19 32 2
620 1558 20 35 å
671 1560 20 34 3
726 1566 26 29 4
785 1558 40 36 af
849 1562 130 44 rågens
1008 1561 261 46 ursprungliga
1296 1561 89 46 vigt.
1439 1561 70 35 För
1536 1567 54 29 att
1618 1563 159 34 utesluta

167 1607 237 47 möjligheten
446 1607 40 35 af
520 1608 126 46 hvarje
678 1608 134 37 förlust
839 1609 56 36 för
922 1610 218 36 statsverket
1167 1611 69 34 kan
1266 1624 84 22 man
1379 1611 138 37 således
1544 1611 75 36 fota
1646 1612 131 35 beräk-

166 1658 135 45 ningen
336 1657 40 35 af
400 1659 346 36 tullrestitutionens
774 1660 134 35 storlek
936 1660 63 35 vid
1028 1667 130 41 export
1185 1660 40 36 af
1250 1663 191 34 sammalet
1468 1663 157 46 rågmjöl
1652 1666 45 44 på
1724 1669 54 29 ett

167 1707 131 48 utbyte
327 1707 39 36 af
391 1710 45 33 98
464 1708 60 48 kg.
554 1709 88 46 mjöl
668 1709 59 35 för
756 1712 71 33 100
855 1711 58 46 kg.
943 1714 75 42 råg.

300 1757 107 36 Hvad
448 1758 175 36 beträffar
655 1759 69 36 den
752 1761 173 42 kontroll,
955 1773 76 22 som
1062 1761 12 34 i
1101 1761 135 35 tullens
1263 1761 155 35 intresse
1446 1761 66 35 bör
1540 1762 144 36 utöfvas
1712 1763 62 35 vid

168 1813 134 41 export
343 1808 39 35 af
419 1810 192 34 sammalet
651 1810 165 46 rågmjöl,
858 1811 117 35 skulle
1016 1811 212 35 densamma
1270 1811 125 36 kunna
1428 1813 131 35 tänkas
1587 1812 189 36 anordnad

166 1858 176 46 antingen
383 1861 49 41 så,
474 1864 54 30 att
568 1861 210 45 malningen
820 1860 214 36 öfvervakas
1075 1862 11 34 i
1126 1874 173 34 qvarnen,
1328 1863 88 34 eller
1443 1863 65 35 ock
1539 1866 49 39 så,
1616 1868 55 30 att
1697 1864 79 35 till-

165 1908 176 35 verkaren
384 1909 117 35 under
533 1910 99 46 edlig
658 1910 227 49 förpligtelse
913 1911 103 47 afger
1043 1925 44 22 en
1116 1912 39 35 af
1179 1917 62 30 två
1269 1913 143 35 vittnen
1441 1913 168 49 bestyrkt
1636 1913 140 36 försäk-

165 1971 64 22 ran
257 1971 61 23 om
347 1959 142 46 mjölets
517 1960 258 36 beskaffenhet.

300 2009 13 34 I
351 2009 101 35 förra
491 2009 104 37 fallet
627 2014 113 32 måste
773 2012 79 36 dels
884 2012 236 44 konstateras,
1149 2018 53 30 att
1229 2015 69 45 råg
1325 2013 64 35 och
1418 2013 129 36 endast
1574 2017 64 42 råg
1666 2015 108 34 verk-

164 2059 99 45 ligen
305 2060 157 35 inmatas
502 2061 12 34 i
555 2061 241 43 maskinerna,
839 2062 76 34 dels
955 2062 127 43 tillses,
1124 2068 54 29 att
1218 2063 63 35 det
1307 2062 315 36 framkommande
1650 2064 126 46 mjölet

164 2108 225 47 obemängdt
428 2111 210 46 uppsamlas
677 2110 12 35 i
729 2112 136 43 säckar,
895 2123 75 23 som
1012 2119 109 39 vägas
1160 2113 66 34 och
1269 2112 158 35 derefter
1460 2113 203 47 plomberas
1692 2114 81 35 med

166 2159 137 35 tullens
331 2160 109 46 sigill.
495 2159 98 35 Enär
620 2160 108 35 säden
757 2160 83 36 från
867 2161 254 48 inmatningen
1148 2163 57 34 till
1234 2162 81 36 dess
1342 2162 216 36 framkomst
1586 2176 76 22 som
1687 2164 87 46 mjöl

171 2209 64 35 har
276 2213 54 31 att
371 2222 147 34 passera
559 2214 131 42 många
730 2212 184 34 maskiner
954 2212 66 35 och
1062 2225 42 22 en
1140 2213 86 45 lång
1259 2213 215 45 vägsträcka
1501 2212 114 36 oftast
1641 2226 132 35 genom

249 2272 75 31 Bih.
350 2272 47 31 till
420 2272 108 31 Riksd.
553 2273 87 31 Prot.
665 2274 99 30 1900.
813 2275 20 29 5
857 2273 97 32 Saml.
1000 2277 18 29 1
1042 2275 81 42 Afd.
1169 2277 14 28 7
1209 2275 97 42 Häft.
1713 2277 18 30 2
