2126 2652
701 203 82 42 Lag-
794 199 173 52 Utskottets
983 205 163 33 Utlåtande
1169 205 62 33 N:o
1254 210 47 29 51.
1785 212 20 33 3

201 285 124 50 lingar
366 290 65 33 äro
473 286 41 37 af
551 286 119 38 sådan
698 292 122 34 natur,
847 293 54 33 att
925 288 47 38 de
1000 289 122 37 starkt
1148 289 160 39 inverka
1335 294 49 46 på
1411 291 250 51 möjligheten
1690 299 55 32 att
1768 295 40 37 få

200 337 630 53 fabriksfastighetsinteckningar
867 340 197 48 belånade,
1094 342 71 36 och
1194 342 172 37 försvåra
1399 343 12 36 1
1439 343 78 49 hög
1543 345 97 48 grad
1668 345 60 37 för
1750 345 55 37 in-

200 388 286 37 dustriidkaren
522 390 267 38 anskaffandet
823 391 41 37 af
888 392 135 49 nödigt
1054 392 295 50 »driftkapital».
1403 386 207 59 Åtskilliga
1638 397 166 37 auktori-

199 446 100 30 teter
336 440 102 36 inom
473 440 214 38 industrien
723 443 115 35 hafva
867 444 160 36 sålunda
1055 447 48 45 på
1131 443 64 36 det
1223 445 261 37 bestämdaste
1513 446 210 38 framhållit
1751 448 51 34 öc-

199 490 112 43 hofvet
337 490 42 37 af
405 495 55 33 att
486 491 150 50 tydliga
663 493 292 38 bestämmelser
979 508 59 23 om
1068 494 100 37 hvad
1197 508 80 24 som
1308 501 40 31 är
1376 501 56 32 att
1454 496 160 39 hänföra
1642 498 57 37 till
1728 499 77 37 fast

200 542 93 37 eller
331 542 57 37 lös
430 543 191 48 egendom
661 544 146 38 införas
848 545 11 36 i
895 545 131 50 lagen;
1070 546 87 36 med
1187 547 209 37 anförande
1426 548 41 36 af
1486 552 121 46 några
1636 550 168 37 domslut

200 593 69 37 och
310 594 234 37 rättstvister
581 595 148 50 hoppas
765 596 71 49 jag
863 596 129 37 kunna
1020 596 84 37 visa
1132 598 293 45 nödvändigheten
1449 599 42 37 af
1516 605 54 31 att
1594 604 127 46 någon
1751 605 53 34 åt-

199 644 97 49 gärd
320 644 177 50 vidtages
524 645 11 37 i
564 647 71 36 och
663 647 59 36 för
745 647 106 37 detta
878 648 197 37 ändamåls
1104 648 203 38 vinnande.

336 696 163 49 »Kongl.
524 697 108 48 Maj:t
659 697 68 37 har
759 697 11 37 i
799 698 133 37 domar
960 699 41 37 af
1022 700 74 36 den
1125 701 46 35 30
1200 699 225 51 September
1456 702 96 36 1840
1580 703 72 36 och
1681 703 72 36 den
1783 707 20 33 3

199 746 212 38 December
446 749 96 36 1879
572 749 186 37 förklarat
784 754 141 33 tvenne
952 750 199 37 inmurade
1179 751 333 50 bryggeripannor
1540 754 71 36 och
1635 767 46 23 en
1709 754 97 49 plåt-

199 812 91 36 ugn,
318 798 176 37 inmurad
522 799 11 36 i
562 812 47 24 en
637 800 270 50 muröppning,
935 815 92 23 vara
1056 802 219 47 lösegendom,
1304 804 122 35 under
1453 804 65 36 det
1542 810 55 31 att
1626 805 61 36 vid
1715 806 90 36 Lof-

199 862 87 24 vers
324 849 189 37 alunbruk
548 854 49 46 på
636 850 124 38 Oland
797 856 140 33 tvenne
975 852 198 37 inmurade
1212 853 226 50 blypannor,
1479 855 91 36 flere
1605 855 199 38 inmurade

198 900 342 51 tackjernsgrytor,
582 901 12 37 i
627 903 113 36 huset
764 904 238 49 uppbyggda
1031 909 121 31 större
1175 904 80 48 kar,
1285 904 137 49 bingar
1451 906 69 36 och
1550 920 253 33 reservoarer,

200 952 144 36 hvilket
383 952 67 37 allt
482 953 239 49 Konungens
749 954 435 49 Befallningshafvande
1213 955 185 38 förklarat
1424 970 93 23 vara
1540 957 264 50 lösegendom,

199 1002 126 37 blifvit
354 1004 41 35 af
420 1003 383 49 öfverdomstolarne,
833 1007 87 35 med
939 1006 275 49 upphäfvande
1235 1007 41 36 af
1291 1007 239 50 Konungens
1546 1009 259 49 Befallnings-

198 1054 215 37 hafvandes
455 1055 140 49 utslag,
640 1056 170 37 ansedda
849 1056 155 38 tillhöra
1038 1058 213 46 fastigheten,
1294 1059 194 36 hvarefter
1516 1059 89 38 dess
1635 1066 170 44 antagna

198 1106 118 36 värde
345 1105 206 37 beräknats
577 1110 127 33 såsom
731 1107 207 50 tillökning
965 1108 10 36 i
1013 1108 386 50 försäljningsvärdet
1420 1110 40 36 af
1475 1110 237 50 fastigheten
1734 1113 71 36 och

200 1156 214 37 detsamma
447 1156 154 50 tillagdt
628 1158 155 49 (Kongl.
812 1158 225 38 Hofrättens
1066 1159 88 37 dom
1184 1160 72 37 den
1288 1162 43 35 15
1360 1161 218 38 November
1609 1164 96 36 1850
1735 1164 70 36 och

199 1208 140 49 Kongl.
369 1208 125 49 Maj:ts
525 1209 86 37 dom
642 1210 74 36 den
740 1211 47 35 30
816 1210 169 38 Oktober
1011 1209 122 47 1851).

333 1260 39 36 »I
401 1260 140 49 Kongl.
572 1261 128 49 Maj:ts
729 1261 87 36 dom
846 1262 41 36 af
912 1262 75 36 den
1018 1264 44 34 10
1089 1262 92 37 Juni
1206 1264 94 35 1879
1329 1263 223 48 fastställes,
1582 1270 79 32 mot
1675 1266 129 37 Nedre

197 1309 238 39 revisionens
476 1311 242 49 hemställan,
753 1313 218 37 underrätts
1009 1313 99 48 dom,
1139 1327 80 23 som
1252 1314 185 37 förklarat
1466 1329 47 23 en
1539 1316 187 49 -jernspis,
1751 1317 55 37 in-

198 1362 133 36 murad
367 1362 11 36 i
421 1362 191 50 köksspis,
654 1376 92 24 vara
788 1364 218 47 lösegendom,
1049 1364 120 37 under
1203 1364 64 37 det
1295 1370 54 32 att
1372 1366 140 49 Kongl.
1542 1367 108 49 Maj:t
1677 1368 11 36 i
1716 1368 88 37 dom

198 1412 75 37 den
310 1415 45 34 29
396 1414 215 36 December
654 1416 95 35 1876
788 1415 163 37 stadfäst
978 1415 314 38 underrätternas
1321 1417 144 48 domar,
1495 1417 80 37 deri
1604 1419 201 48 förklaras,

198 1468 55 32 att
284 1465 44 35 13
353 1464 217 50 jernspisar
599 1466 70 35 och
699 1467 45 35 14
774 1466 143 49 spisrör
947 1467 40 36 af
1002 1466 170 49 jernplåt
1199 1467 83 37 med
1315 1468 112 48 spjell
1456 1469 87 36 med
1573 1470 183 37 afseende
1786 1475 20 33 å

197 1515 113 36 deras
353 1516 175 36 ändamål
569 1517 71 36 och
682 1517 265 37 beskaffenhet
983 1521 120 33 måste
1128 1521 125 34 såsom
1282 1518 135 50 nödigt
1439 1519 179 38 tillbehör
1645 1520 58 37 till
1731 1521 71 37 den

197 1567 90 41 fasta
328 1567 201 43 cyendomen
571 1580 125 34 anses,
725 1568 156 36 hvarför
904 1568 205 49 inroparen
1138 1569 40 36 af
1202 1569 236 49 fastigheten
1466 1571 160 36 dömdes
1654 1572 151 37 behålla

200 1616 206 38 desamma.
461 1617 378 45 (Rådstufvurättens
868 1619 87 36 dom
984 1619 74 37 den
1087 1621 20 35 8
1135 1619 212 37 December
1378 1623 95 34 1873
1502 1622 71 35 och
1594 1621 99 38 Svea
1712 1622 94 37 Hof-

199 1672 96 32 rätts
323 1668 87 37 dom
439 1668 74 37 den
543 1670 44 35 13
616 1668 108 50 April
754 1666 121 50 1876).

335 1720 40 36 »I
404 1719 138 49 Kongl.
570 1720 128 49 Maj:ts
726 1720 88 37 dom
843 1721 74 37 den
947 1722 45 35 10
1019 1721 92 37 Juni
1136 1723 94 35 1879
1260 1721 222 48 fastställes,
1512 1728 55 31 att
1596 1737 45 23 en
1671 1725 62 36 vid
1749 1730 57 31 ut-

200 1770 260 50 husbyggnad
484 1771 76 36 fäst
583 1770 240 50 klockstapel
848 1772 85 36 med
961 1772 305 49 vällingsklocka
1294 1776 121 33 måste
1444 1777 125 33 såsom
1599 1775 207 44 lösegendom

199 1834 126 34 anses,
367 1821 122 37 under
530 1821 64 37 det
622 1827 55 31 att
704 1822 140 49 Kongl.
874 1822 107 49 Maj:t
1014 1823 5 36 i
1047 1823 87 36 dom
1164 1823 73 36 den
1266 1826 46 34 29
1342 1825 212 44 December
1580 1827 94 36 1876
1705 1827 101 37 stad-

198 1871 88 48 fäst,
325 1877 55 32 att
420 1872 171 50 åtskillig
630 1873 305 50 brandredskap,
977 1874 122 49 enligt
1139 1874 219 39 vittnesmål
1386 1876 208 38 bestående
1618 1878 41 36 af
1685 1883 120 45 stege,

199 1923 164 47 svablar,
393 1924 147 47 hinkar,
569 1929 153 44 sprutor
751 1926 70 35 och
850 1925 233 45 brandhake,
1112 1939 91 23 vore
1232 1932 55 31 att
1316 1940 90 23 anse
1435 1931 125 33 såsom
1581 1929 135 49 nödigt
1733 1930 74 36 till-

199 1974 119 37 behör
357 1974 58 37 till
454 1975 74 36 den
561 1976 88 41 fasta
678 1977 214 46 egendomen,
922 1976 155 37 hvarför
1104 1977 169 49 köparen
1304 1978 41 37 af
1369 1978 248 50 fastigheten,
1645 1980 160 50 inropad

198 2028 50 46 på
275 2026 411 49 utmätningsauktion,
714 2027 220 37 tilldömdes
963 2028 233 37 densamma.

336 2077 38 36 »I
399 2077 87 36 dom
516 2077 40 36 af
595 2077 74 37 den
707 2081 20 34 3
755 2078 212 37 December
998 2081 94 35 1879
1121 2079 69 37 har
1212 2080 141 49 Kongl.
1382 2080 118 49 Maj:t,
1530 2082 84 37 med
1642 2083 164 50 upphäf-

199 2127 125 37 vande
354 2128 41 36 af
419 2128 225 37 Hofrättens
669 2129 100 47 dom,
793 2129 170 38 faststält
989 2130 305 38 Rådhusrättens
1322 2131 142 50 utslag,
1489 2133 80 37 deri
1598 2136 20 33 2
1640 2134 165 37 skänkar

200 2179 72 36 och
313 2182 20 33 2
376 2179 141 47 diskar,
546 2180 117 36 ehuru
695 2180 86 37 med
810 2181 86 48 spik
925 2181 92 37 eller
1044 2195 29 23 s.
1098 2182 35 36 k.
1153 2182 257 50 jernsprintar
1437 2184 100 37 fästa
1565 2185 63 36 vid
1656 2191 150 44 väggar

200 2230 72 36 och
312 2230 96 49 golf,
436 2230 127 37 blifvit
590 2231 188 37 hänförda
805 2230 58 38 till
892 2233 216 48 lösegendom,
1133 2234 121 37 under
1282 2234 65 37 det
1374 2235 140 49 Kongl.
1543 2236 107 50 Maj:t
1677 2237 12 36 i
1717 2237 88 37 dom

201 2281 74 36 den
307 2282 44 36 18
386 2281 211 37 December
624 2284 94 35 1849
743 2283 182 47 faststält,
944 2288 54 32 att
1021 2284 247 50 kyrkbänkar
1288 2286 118 36 borde
1427 2286 56 37 till
1505 2290 153 44 väggfast
1672 2288 133 37 innan-
