<?xml version="1.0" encoding="UTF-8"?>
<alto xmlns="http://www.loc.gov/standards/alto/ns-v3#" xmlns:xlink="http://www.w3.org/1999/xlink" xmlns:xsi="http://www.w3.org/2001/XMLSchema-instance" xsi:schemaLocation="http://www.loc.gov/standards/alto/ns-v3# http://www.loc.gov/alto/v3/alto-3-0.xsd">
	<Description>
		<MeasurementUnit>pixel</MeasurementUnit>
		<sourceImageInformation>
			<fileName>/tmp/tess_siva8oh5_input.PNG</fileName>
		</sourceImageInformation>
		<OCRProcessing ID="OCR_0">
			<ocrProcessingStep>
				<processingSoftware>
					<softwareName>tesseract 5.3.0</softwareName>
				</processingSoftware>
			</ocrProcessingStep>
		</OCRProcessing>
	</Description>
	<Layout>
		<Page WIDTH="2186" HEIGHT="2598" PHYSICAL_IMG_NR="0" ID="page_0">
			<PrintSpace HPOS="0" VPOS="0" WIDTH="2186" HEIGHT="2598">
				<ComposedBlock ID="cblock_0" HPOS="184" VPOS="297" WIDTH="174" HEIGHT="136">
					<TextBlock ID="block_0" HPOS="184" VPOS="297" WIDTH="174" HEIGHT="136">
						<TextLine ID="line_0" HPOS="200" VPOS="297" WIDTH="143" HEIGHT="26">
							<String ID="string_0" HPOS="200" VPOS="297" WIDTH="143" HEIGHT="26" WC="0.95" CONTENT="Underhåll"/>
						</TextLine>
						<TextLine ID="line_1" HPOS="197" VPOS="333" WIDTH="146" HEIGHT="33">
							<String ID="string_1" HPOS="197" VPOS="341" WIDTH="31" HEIGHT="15" WC="0.95" CONTENT="av"/><SP WIDTH="20" VPOS="341" HPOS="228"/>
							<String ID="string_2" HPOS="248" VPOS="333" WIDTH="95" HEIGHT="33" WC="0.95" CONTENT="Järvsö"/>
						</TextLine>
						<TextLine ID="line_2" HPOS="184" VPOS="367" WIDTH="174" HEIGHT="31">
							<String ID="string_3" HPOS="184" VPOS="367" WIDTH="113" HEIGHT="31" WC="0.95" CONTENT="sjukhus"/><SP WIDTH="18" VPOS="367" HPOS="297"/>
							<String ID="string_4" HPOS="315" VPOS="368" WIDTH="43" HEIGHT="30" WC="0.96" CONTENT="för"/>
						</TextLine>
						<TextLine ID="line_3" HPOS="197" VPOS="402" WIDTH="142" HEIGHT="31">
							<String ID="string_5" HPOS="197" VPOS="402" WIDTH="142" HEIGHT="31" WC="0.96" CONTENT="spetälska."/>
						</TextLine>
					</TextBlock>
				</ComposedBlock>
				<ComposedBlock ID="cblock_1" HPOS="222" VPOS="444" WIDTH="86" HEIGHT="47">
					<TextBlock ID="block_1" HPOS="222" VPOS="444" WIDTH="86" HEIGHT="47">
						<TextLine ID="line_4" HPOS="222" VPOS="444" WIDTH="86" HEIGHT="47">
							<String ID="string_6" HPOS="222" VPOS="444" WIDTH="86" HEIGHT="47" WC="0.90" CONTENT="[88.]"/>
						</TextLine>
					</TextBlock>
				</ComposedBlock>
				<ComposedBlock ID="cblock_2" HPOS="196" VPOS="1224" WIDTH="149" HEIGHT="64">
					<TextBlock ID="block_2" HPOS="196" VPOS="1224" WIDTH="149" HEIGHT="64">
						<TextLine ID="line_5" HPOS="196" VPOS="1224" WIDTH="149" HEIGHT="23">
							<String ID="string_7" HPOS="196" VPOS="1224" WIDTH="149" HEIGHT="23" WC="0.90" CONTENT="Utskottets"/>
						</TextLine>
						<TextLine ID="line_6" HPOS="209" VPOS="1259" WIDTH="128" HEIGHT="29">
							<String ID="string_8" HPOS="209" VPOS="1259" WIDTH="128" HEIGHT="29" WC="0.96" CONTENT="yttrande."/>
						</TextLine>
					</TextBlock>
				</ComposedBlock>
				<ComposedBlock ID="cblock_3" HPOS="180" VPOS="2020" WIDTH="186" HEIGHT="235">
					<TextBlock ID="block_3" HPOS="180" VPOS="2020" WIDTH="186" HEIGHT="166">
						<TextLine ID="line_7" HPOS="204" VPOS="2020" WIDTH="137" HEIGHT="22">
							<String ID="string_9" HPOS="204" VPOS="2020" WIDTH="137" HEIGHT="22" WC="0.90" CONTENT="Täckande"/>
						</TextLine>
						<TextLine ID="line_8" HPOS="198" VPOS="2053" WIDTH="149" HEIGHT="24">
							<String ID="string_10" HPOS="198" VPOS="2062" WIDTH="32" HEIGHT="15" WC="0.95" CONTENT="av"/><SP WIDTH="18" VPOS="2062" HPOS="230"/>
							<String ID="string_11" HPOS="248" VPOS="2054" WIDTH="66" HEIGHT="22" WC="0.93" CONTENT="brist"/><SP WIDTH="19" VPOS="2054" HPOS="314"/>
							<String ID="string_12" HPOS="333" VPOS="2053" WIDTH="14" HEIGHT="23" WC="0.92" CONTENT="å"/>
						</TextLine>
						<TextLine ID="line_9" HPOS="198" VPOS="2088" WIDTH="148" HEIGHT="29">
							<String ID="string_13" HPOS="198" VPOS="2089" WIDTH="90" HEIGHT="28" WC="0.96" CONTENT="anslag"/><SP WIDTH="19" VPOS="2089" HPOS="288"/>
							<String ID="string_14" HPOS="307" VPOS="2088" WIDTH="39" HEIGHT="22" WC="0.96" CONTENT="till"/>
						</TextLine>
						<TextLine ID="line_10" HPOS="180" VPOS="2122" WIDTH="186" HEIGHT="24">
							<String ID="string_15" HPOS="180" VPOS="2122" WIDTH="137" HEIGHT="24" WC="0.94" CONTENT="underhåll"/><SP WIDTH="19" VPOS="2122" HPOS="317"/>
							<String ID="string_16" HPOS="336" VPOS="2129" WIDTH="30" HEIGHT="15" WC="0.93" CONTENT="av"/>
						</TextLine>
						<TextLine ID="line_11" HPOS="181" VPOS="2156" WIDTH="183" HEIGHT="30">
							<String ID="string_17" HPOS="181" VPOS="2158" WIDTH="94" HEIGHT="22" WC="0.89" CONTENT="Järvsö"/><SP WIDTH="20" VPOS="2158" HPOS="275"/>
							<String ID="string_18" HPOS="295" VPOS="2156" WIDTH="69" HEIGHT="30" WC="0.92" CONTENT="sjuk-"/>
						</TextLine>
					</TextBlock>
					<TextBlock ID="block_4" HPOS="205" VPOS="2192" WIDTH="140" HEIGHT="63">
						<TextLine ID="line_12" HPOS="222" VPOS="2192" WIDTH="108" HEIGHT="22">
							<String ID="string_19" HPOS="222" VPOS="2192" WIDTH="49" HEIGHT="22" WC="0.96" CONTENT="hus"/><SP WIDTH="19" VPOS="2192" HPOS="271"/>
							<String ID="string_20" HPOS="290" VPOS="2193" WIDTH="40" HEIGHT="21" WC="0.96" CONTENT="för"/>
						</TextLine>
						<TextLine ID="line_13" HPOS="205" VPOS="2226" WIDTH="140" HEIGHT="29">
							<String ID="string_21" HPOS="205" VPOS="2226" WIDTH="140" HEIGHT="29" WC="0.91" CONTENT="spetälska."/>
						</TextLine>
					</TextBlock>
				</ComposedBlock>
				<ComposedBlock ID="cblock_4" HPOS="392" VPOS="203" WIDTH="40" HEIGHT="30">
					<TextBlock ID="block_5" HPOS="392" VPOS="203" WIDTH="40" HEIGHT="30">
						<TextLine ID="line_14" HPOS="392" VPOS="203" WIDTH="19" HEIGHT="30">
							<String ID="string_22" HPOS="392" VPOS="203" WIDTH="19" HEIGHT="30" WC="0.47" CONTENT="ct"/>
						</TextLine>
						<TextLine ID="line_15" HPOS="414" VPOS="203" WIDTH="18" HEIGHT="30">
							<String ID="string_23" HPOS="409" VPOS="221" WIDTH="31" HEIGHT="16" WC="0.66" CONTENT="[6"/><SP WIDTH="-31" VPOS="221" HPOS="440"/>
							<String ID="string_24" HPOS="409" VPOS="200" WIDTH="31" HEIGHT="14" WC="0.43" CONTENT="6]"/>
						</TextLine>
					</TextBlock>
				</ComposedBlock>
				<ComposedBlock ID="cblock_5" HPOS="872" VPOS="205" WIDTH="622" HEIGHT="34">
					<TextBlock ID="block_6" HPOS="872" VPOS="205" WIDTH="622" HEIGHT="34">
						<TextLine ID="line_16" HPOS="872" VPOS="205" WIDTH="622" HEIGHT="34">
							<String ID="string_25" HPOS="872" VPOS="205" WIDTH="256" HEIGHT="33" WC="0.84" CONTENT="Statsutskottets"/><SP WIDTH="23" VPOS="205" HPOS="1128"/>
							<String ID="string_26" HPOS="1151" VPOS="207" WIDTH="170" HEIGHT="31" WC="0.95" CONTENT="utlåtande"/><SP WIDTH="23" VPOS="207" HPOS="1321"/>
							<String ID="string_27" HPOS="1344" VPOS="207" WIDTH="52" HEIGHT="31" WC="0.95" CONTENT="Nr"/><SP WIDTH="21" VPOS="207" HPOS="1396"/>
							<String ID="string_28" HPOS="1417" VPOS="211" WIDTH="21" HEIGHT="27" WC="0.95" CONTENT="5"/><SP WIDTH="15" VPOS="211" HPOS="1438"/>
							<String ID="string_29" HPOS="1453" VPOS="207" WIDTH="41" HEIGHT="32" WC="0.50" CONTENT="ÅA."/>
						</TextLine>
					</TextBlock>
				</ComposedBlock>
				<ComposedBlock ID="cblock_6" HPOS="390" VPOS="288" WIDTH="1603" HEIGHT="308">
					<TextBlock ID="block_7" HPOS="390" VPOS="288" WIDTH="1599" HEIGHT="204">
						<TextLine ID="line_17" HPOS="496" VPOS="288" WIDTH="1493" HEIGHT="54">
							<String ID="string_30" HPOS="496" VPOS="288" WIDTH="100" HEIGHT="49" WC="0.90" CONTENT="86:0)"/><SP WIDTH="28" VPOS="288" HPOS="596"/>
							<String ID="string_31" HPOS="624" VPOS="288" WIDTH="140" HEIGHT="49" WC="0.95" CONTENT="Kungl."/><SP WIDTH="31" VPOS="288" HPOS="764"/>
							<String ID="string_32" HPOS="795" VPOS="289" WIDTH="105" HEIGHT="49" WC="0.96" CONTENT="Maj:t"/><SP WIDTH="28" VPOS="289" HPOS="900"/>
							<String ID="string_33" HPOS="928" VPOS="290" WIDTH="69" HEIGHT="36" WC="0.96" CONTENT="har"/><SP WIDTH="28" VPOS="290" HPOS="997"/>
							<String ID="string_34" HPOS="1025" VPOS="291" WIDTH="198" HEIGHT="49" WC="0.96" CONTENT="föreslagit"/><SP WIDTH="28" VPOS="291" HPOS="1223"/>
							<String ID="string_35" HPOS="1251" VPOS="291" WIDTH="207" HEIGHT="49" WC="0.96" CONTENT="riksdagen"/><SP WIDTH="29" VPOS="291" HPOS="1458"/>
							<String ID="string_36" HPOS="1487" VPOS="292" WIDTH="136" HEIGHT="50" WC="0.96" CONTENT="(punkt"/><SP WIDTH="20" VPOS="292" HPOS="1623"/>
							<String ID="string_37" HPOS="1643" VPOS="293" WIDTH="63" HEIGHT="49" WC="0.96" CONTENT="88)"/><SP WIDTH="19" VPOS="293" HPOS="1706"/>
							<String ID="string_38" HPOS="1725" VPOS="299" WIDTH="57" HEIGHT="31" WC="0.96" CONTENT="att"/><SP WIDTH="22" VPOS="299" HPOS="1782"/>
							<String ID="string_39" HPOS="1804" VPOS="293" WIDTH="59" HEIGHT="37" WC="0.96" CONTENT="för"/><SP WIDTH="19" VPOS="293" HPOS="1863"/>
							<String ID="string_40" HPOS="1882" VPOS="294" WIDTH="107" HEIGHT="37" WC="0.96" CONTENT="tiden"/>
						</TextLine>
						<TextLine ID="line_18" HPOS="394" VPOS="340" WIDTH="1594" HEIGHT="53">
							<String ID="string_41" HPOS="394" VPOS="342" WIDTH="17" HEIGHT="33" WC="0.90" CONTENT="1"/><SP WIDTH="40" VPOS="342" HPOS="411"/>
							<String ID="string_42" HPOS="451" VPOS="340" WIDTH="253" HEIGHT="48" WC="0.81" CONTENT="januari—30"/><SP WIDTH="37" VPOS="340" HPOS="704"/>
							<String ID="string_43" HPOS="741" VPOS="340" WIDTH="84" HEIGHT="48" WC="0.96" CONTENT="juni"/><SP WIDTH="45" VPOS="340" HPOS="825"/>
							<String ID="string_44" HPOS="870" VPOS="343" WIDTH="94" HEIGHT="35" WC="0.93" CONTENT="1923"/><SP WIDTH="30" VPOS="343" HPOS="964"/>
							<String ID="string_45" HPOS="994" VPOS="349" WIDTH="170" HEIGHT="42" WC="0.91" CONTENT="upptaga"/><SP WIDTH="33" VPOS="349" HPOS="1164"/>
							<String ID="string_46" HPOS="1197" VPOS="343" WIDTH="65" HEIGHT="36" WC="0.96" CONTENT="det"/><SP WIDTH="28" VPOS="343" HPOS="1262"/>
							<String ID="string_47" HPOS="1290" VPOS="343" WIDTH="184" HEIGHT="37" WC="0.96" CONTENT="ordinarie"/><SP WIDTH="28" VPOS="343" HPOS="1474"/>
							<String ID="string_48" HPOS="1502" VPOS="345" WIDTH="174" HEIGHT="48" WC="0.96" CONTENT="anslaget"/><SP WIDTH="28" VPOS="345" HPOS="1676"/>
							<String ID="string_49" HPOS="1704" VPOS="345" WIDTH="58" HEIGHT="36" WC="0.96" CONTENT="till"/><SP WIDTH="28" VPOS="345" HPOS="1762"/>
							<String ID="string_50" HPOS="1790" VPOS="345" WIDTH="198" HEIGHT="37" WC="0.96" CONTENT="underhåll"/>
						</TextLine>
						<TextLine ID="line_19" HPOS="390" VPOS="391" WIDTH="1599" HEIGHT="53">
							<String ID="string_51" HPOS="390" VPOS="405" WIDTH="48" HEIGHT="23" WC="0.96" CONTENT="av"/><SP WIDTH="28" VPOS="405" HPOS="438"/>
							<String ID="string_52" HPOS="466" VPOS="391" WIDTH="137" HEIGHT="37" WC="0.96" CONTENT="Järvsö"/><SP WIDTH="28" VPOS="391" HPOS="603"/>
							<String ID="string_53" HPOS="631" VPOS="392" WIDTH="161" HEIGHT="49" WC="0.95" CONTENT="sjukhus"/><SP WIDTH="31" VPOS="392" HPOS="792"/>
							<String ID="string_54" HPOS="823" VPOS="393" WIDTH="58" HEIGHT="36" WC="0.96" CONTENT="för"/><SP WIDTH="28" VPOS="393" HPOS="881"/>
							<String ID="string_55" HPOS="909" VPOS="395" WIDTH="206" HEIGHT="47" WC="0.96" CONTENT="spetälska,"/><SP WIDTH="25" VPOS="395" HPOS="1115"/>
							<String ID="string_56" HPOS="1140" VPOS="408" WIDTH="50" HEIGHT="23" WC="0.96" CONTENT="nu"/><SP WIDTH="30" VPOS="408" HPOS="1190"/>
							<String ID="string_57" HPOS="1220" VPOS="395" WIDTH="59" HEIGHT="36" WC="0.97" CONTENT="för"/><SP WIDTH="28" VPOS="395" HPOS="1279"/>
							<String ID="string_58" HPOS="1307" VPOS="398" WIDTH="40" HEIGHT="33" WC="0.93" CONTENT="år"/><SP WIDTH="29" VPOS="398" HPOS="1347"/>
							<String ID="string_59" HPOS="1376" VPOS="398" WIDTH="138" HEIGHT="45" WC="0.91" CONTENT="23,500"/><SP WIDTH="29" VPOS="398" HPOS="1514"/>
							<String ID="string_60" HPOS="1543" VPOS="396" WIDTH="154" HEIGHT="48" WC="0.95" CONTENT="kronor,"/><SP WIDTH="31" VPOS="396" HPOS="1697"/>
							<String ID="string_61" HPOS="1728" VPOS="398" WIDTH="86" HEIGHT="36" WC="0.96" CONTENT="med"/><SP WIDTH="29" VPOS="398" HPOS="1814"/>
							<String ID="string_62" HPOS="1843" VPOS="402" WIDTH="54" HEIGHT="32" WC="0.93" CONTENT="ett"/><SP WIDTH="28" VPOS="402" HPOS="1897"/>
							<String ID="string_63" HPOS="1925" VPOS="399" WIDTH="64" HEIGHT="36" WC="0.90" CONTENT="be-"/>
						</TextLine>
						<TextLine ID="line_20" HPOS="391" VPOS="443" WIDTH="511" HEIGHT="49">
							<String ID="string_64" HPOS="391" VPOS="443" WIDTH="91" HEIGHT="49" WC="0.96" CONTENT="lopp"/><SP WIDTH="29" VPOS="443" HPOS="482"/>
							<String ID="string_65" HPOS="511" VPOS="457" WIDTH="46" HEIGHT="23" WC="0.92" CONTENT="av"/><SP WIDTH="30" VPOS="457" HPOS="557"/>
							<String ID="string_66" HPOS="587" VPOS="445" WIDTH="136" HEIGHT="45" WC="0.90" CONTENT="17,750"/><SP WIDTH="29" VPOS="445" HPOS="723"/>
							<String ID="string_67" HPOS="752" VPOS="444" WIDTH="150" HEIGHT="37" WC="0.96" CONTENT="kronor."/>
						</TextLine>
					</TextBlock>
					<TextBlock ID="block_8" HPOS="392" VPOS="495" WIDTH="1601" HEIGHT="101">
						<TextLine ID="line_21" HPOS="496" VPOS="495" WIDTH="1497" HEIGHT="49">
							<String ID="string_68" HPOS="496" VPOS="495" WIDTH="262" HEIGHT="49" WC="0.96" CONTENT="Utredningen"/><SP WIDTH="41" VPOS="495" HPOS="758"/>
							<String ID="string_69" HPOS="799" VPOS="496" WIDTH="12" HEIGHT="36" WC="0.95" CONTENT="i"/><SP WIDTH="40" VPOS="496" HPOS="811"/>
							<String ID="string_70" HPOS="851" VPOS="501" WIDTH="126" HEIGHT="32" WC="0.95" CONTENT="ämnet"/><SP WIDTH="36" VPOS="501" HPOS="977"/>
							<String ID="string_71" HPOS="1013" VPOS="498" WIDTH="204" HEIGHT="36" WC="0.93" CONTENT="återfinnes"/><SP WIDTH="43" VPOS="498" HPOS="1217"/>
							<String ID="string_72" HPOS="1260" VPOS="501" WIDTH="20" HEIGHT="33" WC="0.92" CONTENT="å"/><SP WIDTH="41" VPOS="501" HPOS="1280"/>
							<String ID="string_73" HPOS="1321" VPOS="498" WIDTH="68" HEIGHT="37" WC="0.95" CONTENT="sid."/><SP WIDTH="34" VPOS="498" HPOS="1389"/>
							<String ID="string_74" HPOS="1423" VPOS="501" WIDTH="72" HEIGHT="35" WC="0.95" CONTENT="134"/><SP WIDTH="42" VPOS="501" HPOS="1495"/>
							<String ID="string_75" HPOS="1537" VPOS="499" WIDTH="70" HEIGHT="37" WC="0.96" CONTENT="och"/><SP WIDTH="35" VPOS="499" HPOS="1607"/>
							<String ID="string_76" HPOS="1642" VPOS="501" WIDTH="71" HEIGHT="35" WC="0.95" CONTENT="135"/><SP WIDTH="31" VPOS="501" HPOS="1713"/>
							<String ID="string_77" HPOS="1744" VPOS="500" WIDTH="11" HEIGHT="36" WC="0.93" CONTENT="i"/><SP WIDTH="30" VPOS="500" HPOS="1755"/>
							<String ID="string_78" HPOS="1785" VPOS="501" WIDTH="208" HEIGHT="36" WC="0.92" CONTENT="statsråds-"/>
						</TextLine>
						<TextLine ID="line_22" HPOS="392" VPOS="547" WIDTH="240" HEIGHT="49">
							<String ID="string_79" HPOS="392" VPOS="547" WIDTH="240" HEIGHT="49" WC="0.96" CONTENT="protokollet."/>
						</TextLine>
					</TextBlock>
				</ComposedBlock>
				<ComposedBlock ID="cblock_7" HPOS="391" VPOS="632" WIDTH="1598" HEIGHT="307">
					<TextBlock ID="block_9" HPOS="392" VPOS="632" WIDTH="1597" HEIGHT="153">
						<TextLine ID="line_23" HPOS="494" VPOS="632" WIDTH="1492" HEIGHT="53">
							<String ID="string_80" HPOS="494" VPOS="632" WIDTH="74" HEIGHT="36" WC="0.96" CONTENT="Till"/><SP WIDTH="35" VPOS="632" HPOS="568"/>
							<String ID="string_81" HPOS="603" VPOS="633" WIDTH="196" HEIGHT="37" WC="0.95" CONTENT="underhåll"/><SP WIDTH="33" VPOS="633" HPOS="799"/>
							<String ID="string_82" HPOS="832" VPOS="647" WIDTH="46" HEIGHT="23" WC="0.95" CONTENT="av"/><SP WIDTH="27" VPOS="647" HPOS="878"/>
							<String ID="string_83" HPOS="905" VPOS="634" WIDTH="139" HEIGHT="37" WC="0.95" CONTENT="Järvsö"/><SP WIDTH="30" VPOS="634" HPOS="1044"/>
							<String ID="string_84" HPOS="1074" VPOS="635" WIDTH="159" HEIGHT="47" WC="0.96" CONTENT="sjukhus"/><SP WIDTH="29" VPOS="635" HPOS="1233"/>
							<String ID="string_85" HPOS="1262" VPOS="635" WIDTH="59" HEIGHT="37" WC="0.96" CONTENT="för"/><SP WIDTH="28" VPOS="635" HPOS="1321"/>
							<String ID="string_86" HPOS="1349" VPOS="636" WIDTH="193" HEIGHT="49" WC="0.96" CONTENT="spetälska"/><SP WIDTH="28" VPOS="636" HPOS="1542"/>
							<String ID="string_87" HPOS="1570" VPOS="637" WIDTH="69" HEIGHT="36" WC="0.96" CONTENT="har"/><SP WIDTH="32" VPOS="637" HPOS="1639"/>
							<String ID="string_88" HPOS="1671" VPOS="637" WIDTH="117" HEIGHT="37" WC="0.96" CONTENT="sedan"/><SP WIDTH="29" VPOS="637" HPOS="1788"/>
							<String ID="string_89" HPOS="1817" VPOS="640" WIDTH="40" HEIGHT="33" WC="0.96" CONTENT="år"/><SP WIDTH="31" VPOS="640" HPOS="1857"/>
							<String ID="string_90" HPOS="1888" VPOS="640" WIDTH="98" HEIGHT="34" WC="0.96" CONTENT="1912"/>
						</TextLine>
						<TextLine ID="line_24" HPOS="392" VPOS="684" WIDTH="1597" HEIGHT="53">
							<String ID="string_91" HPOS="392" VPOS="684" WIDTH="99" HEIGHT="36" WC="0.92" CONTENT="varit"/><SP WIDTH="37" VPOS="684" HPOS="491"/>
							<String ID="string_92" HPOS="528" VPOS="687" WIDTH="20" HEIGHT="33" WC="0.92" CONTENT="å"/><SP WIDTH="36" VPOS="687" HPOS="548"/>
							<String ID="string_93" HPOS="584" VPOS="684" WIDTH="207" HEIGHT="37" WC="0.91" CONTENT="riksstaten"/><SP WIDTH="36" VPOS="684" HPOS="791"/>
							<String ID="string_94" HPOS="827" VPOS="686" WIDTH="152" HEIGHT="48" WC="0.96" CONTENT="uppfört"/><SP WIDTH="28" VPOS="686" HPOS="979"/>
							<String ID="string_95" HPOS="1007" VPOS="691" WIDTH="55" HEIGHT="32" WC="0.95" CONTENT="ett"/><SP WIDTH="29" VPOS="691" HPOS="1062"/>
							<String ID="string_96" HPOS="1091" VPOS="686" WIDTH="189" HEIGHT="48" WC="0.96" CONTENT="ordinarie"/><SP WIDTH="30" VPOS="686" HPOS="1280"/>
							<String ID="string_97" HPOS="1310" VPOS="688" WIDTH="144" HEIGHT="49" WC="0.96" CONTENT="anslag,"/><SP WIDTH="31" VPOS="688" HPOS="1454"/>
							<String ID="string_98" HPOS="1485" VPOS="688" WIDTH="116" HEIGHT="37" WC="0.96" CONTENT="vilket"/><SP WIDTH="28" VPOS="688" HPOS="1601"/>
							<String ID="string_99" HPOS="1629" VPOS="688" WIDTH="58" HEIGHT="37" WC="0.97" CONTENT="för"/><SP WIDTH="29" VPOS="688" HPOS="1687"/>
							<String ID="string_100" HPOS="1716" VPOS="692" WIDTH="90" HEIGHT="33" WC="0.93" CONTENT="åren"/><SP WIDTH="31" VPOS="692" HPOS="1806"/>
							<String ID="string_101" HPOS="1837" VPOS="691" WIDTH="152" HEIGHT="34" WC="0.92" CONTENT="1918—"/>
						</TextLine>
						<TextLine ID="line_25" HPOS="394" VPOS="736" WIDTH="853" HEIGHT="49">
							<String ID="string_102" HPOS="394" VPOS="738" WIDTH="98" HEIGHT="34" WC="0.96" CONTENT="1922"/><SP WIDTH="29" VPOS="738" HPOS="492"/>
							<String ID="string_103" HPOS="521" VPOS="737" WIDTH="99" HEIGHT="35" WC="0.96" CONTENT="varit"/><SP WIDTH="27" VPOS="737" HPOS="620"/>
							<String ID="string_104" HPOS="647" VPOS="736" WIDTH="166" HEIGHT="37" WC="0.96" CONTENT="bestämt"/><SP WIDTH="28" VPOS="736" HPOS="813"/>
							<String ID="string_105" HPOS="841" VPOS="737" WIDTH="55" HEIGHT="37" WC="0.93" CONTENT="till"/><SP WIDTH="30" VPOS="737" HPOS="896"/>
							<String ID="string_106" HPOS="926" VPOS="739" WIDTH="138" HEIGHT="46" WC="0.92" CONTENT="23,500"/><SP WIDTH="30" VPOS="739" HPOS="1064"/>
							<String ID="string_107" HPOS="1094" VPOS="739" WIDTH="153" HEIGHT="36" WC="0.95" CONTENT="kronor."/>
						</TextLine>
					</TextBlock>
					<TextBlock ID="block_10" HPOS="391" VPOS="787" WIDTH="1596" HEIGHT="152">
						<TextLine ID="line_26" HPOS="494" VPOS="787" WIDTH="1493" HEIGHT="53">
							<String ID="string_108" HPOS="494" VPOS="787" WIDTH="71" HEIGHT="36" WC="0.96" CONTENT="Till"/><SP WIDTH="36" VPOS="787" HPOS="565"/>
							<String ID="string_109" HPOS="601" VPOS="788" WIDTH="186" HEIGHT="37" WC="0.96" CONTENT="täckande"/><SP WIDTH="37" VPOS="788" HPOS="787"/>
							<String ID="string_110" HPOS="824" VPOS="802" WIDTH="46" HEIGHT="24" WC="0.96" CONTENT="av"/><SP WIDTH="36" VPOS="802" HPOS="870"/>
							<String ID="string_111" HPOS="906" VPOS="790" WIDTH="96" HEIGHT="36" WC="0.93" CONTENT="brist"/><SP WIDTH="32" VPOS="790" HPOS="1002"/>
							<String ID="string_112" HPOS="1034" VPOS="793" WIDTH="20" HEIGHT="33" WC="0.91" CONTENT="å"/><SP WIDTH="28" VPOS="793" HPOS="1054"/>
							<String ID="string_113" HPOS="1082" VPOS="791" WIDTH="174" HEIGHT="49" WC="0.96" CONTENT="anslaget"/><SP WIDTH="28" VPOS="791" HPOS="1256"/>
							<String ID="string_114" HPOS="1284" VPOS="791" WIDTH="67" HEIGHT="36" WC="0.96" CONTENT="har"/><SP WIDTH="26" VPOS="791" HPOS="1351"/>
							<String ID="string_115" HPOS="1377" VPOS="791" WIDTH="208" HEIGHT="48" WC="0.96" CONTENT="riksdagen"/><SP WIDTH="29" VPOS="791" HPOS="1585"/>
							<String ID="string_116" HPOS="1614" VPOS="792" WIDTH="119" HEIGHT="36" WC="0.96" CONTENT="under"/><SP WIDTH="28" VPOS="792" HPOS="1733"/>
							<String ID="string_117" HPOS="1761" VPOS="792" WIDTH="46" HEIGHT="36" WC="0.96" CONTENT="de"/><SP WIDTH="29" VPOS="792" HPOS="1807"/>
							<String ID="string_118" HPOS="1836" VPOS="798" WIDTH="151" HEIGHT="31" WC="0.96" CONTENT="senaste"/>
						</TextLine>
						<TextLine ID="line_27" HPOS="391" VPOS="839" WIDTH="1595" HEIGHT="54">
							<String ID="string_119" HPOS="391" VPOS="841" WIDTH="90" HEIGHT="34" WC="0.95" CONTENT="åren"/><SP WIDTH="29" VPOS="841" HPOS="481"/>
							<String ID="string_120" HPOS="510" VPOS="839" WIDTH="152" HEIGHT="50" WC="0.96" CONTENT="beviljat"/><SP WIDTH="30" VPOS="839" HPOS="662"/>
							<String ID="string_121" HPOS="692" VPOS="841" WIDTH="136" HEIGHT="46" WC="0.96" CONTENT="medel,"/><SP WIDTH="29" VPOS="841" HPOS="828"/>
							<String ID="string_122" HPOS="857" VPOS="847" WIDTH="126" HEIGHT="30" WC="0.96" CONTENT="senast"/><SP WIDTH="27" VPOS="847" HPOS="983"/>
							<String ID="string_123" HPOS="1010" VPOS="844" WIDTH="48" HEIGHT="46" WC="0.97" CONTENT="på"/><SP WIDTH="28" VPOS="844" HPOS="1058"/>
							<String ID="string_124" HPOS="1086" VPOS="847" WIDTH="107" HEIGHT="32" WC="0.96" CONTENT="extra"/><SP WIDTH="29" VPOS="847" HPOS="1193"/>
							<String ID="string_125" HPOS="1222" VPOS="847" WIDTH="75" HEIGHT="31" WC="0.96" CONTENT="stat"/><SP WIDTH="29" VPOS="847" HPOS="1297"/>
							<String ID="string_126" HPOS="1326" VPOS="842" WIDTH="57" HEIGHT="37" WC="0.96" CONTENT="för"/><SP WIDTH="29" VPOS="842" HPOS="1383"/>
							<String ID="string_127" HPOS="1412" VPOS="846" WIDTH="40" HEIGHT="33" WC="0.96" CONTENT="år"/><SP WIDTH="28" VPOS="846" HPOS="1452"/>
							<String ID="string_128" HPOS="1480" VPOS="845" WIDTH="97" HEIGHT="35" WC="0.96" CONTENT="1922"/><SP WIDTH="21" VPOS="845" HPOS="1577"/>
							<String ID="string_129" HPOS="1598" VPOS="849" WIDTH="54" HEIGHT="30" WC="0.93" CONTENT="ett"/><SP WIDTH="19" VPOS="849" HPOS="1652"/>
							<String ID="string_130" HPOS="1671" VPOS="843" WIDTH="315" HEIGHT="50" WC="0.92" CONTENT="förslagsanslag,"/>
						</TextLine>
						<TextLine ID="line_28" HPOS="392" VPOS="890" WIDTH="475" HEIGHT="49">
							<String ID="string_131" HPOS="392" VPOS="890" WIDTH="127" HEIGHT="49" WC="0.93" CONTENT="högst,"/><SP WIDTH="33" VPOS="890" HPOS="519"/>
							<String ID="string_132" HPOS="552" VPOS="893" WIDTH="135" HEIGHT="46" WC="0.90" CONTENT="12,000"/><SP WIDTH="29" VPOS="893" HPOS="687"/>
							<String ID="string_133" HPOS="716" VPOS="892" WIDTH="151" HEIGHT="37" WC="0.96" CONTENT="kronor."/>
						</TextLine>
					</TextBlock>
				</ComposedBlock>
				<ComposedBlock ID="cblock_8" HPOS="390" VPOS="976" WIDTH="1600" HEIGHT="206">
					<TextBlock ID="block_11" HPOS="390" VPOS="976" WIDTH="1600" HEIGHT="206">
						<TextLine ID="line_29" HPOS="493" VPOS="976" WIDTH="1493" HEIGHT="53">
							<String ID="string_134" HPOS="493" VPOS="976" WIDTH="18" HEIGHT="36" WC="0.96" CONTENT="I"/><SP WIDTH="28" VPOS="976" HPOS="511"/>
							<String ID="string_135" HPOS="539" VPOS="977" WIDTH="63" HEIGHT="37" WC="0.96" CONTENT="det"/><SP WIDTH="28" VPOS="977" HPOS="602"/>
							<String ID="string_136" HPOS="630" VPOS="978" WIDTH="59" HEIGHT="36" WC="0.96" CONTENT="för"/><SP WIDTH="28" VPOS="978" HPOS="689"/>
							<String ID="string_137" HPOS="717" VPOS="977" WIDTH="104" HEIGHT="51" WC="0.96" CONTENT="tiden"/><SP WIDTH="33" VPOS="977" HPOS="821"/>
							<String ID="string_138" HPOS="854" VPOS="981" WIDTH="17" HEIGHT="34" WC="0.96" CONTENT="1"/><SP WIDTH="29" VPOS="981" HPOS="871"/>
							<String ID="string_139" HPOS="900" VPOS="978" WIDTH="146" HEIGHT="48" WC="0.58" CONTENT="januari"/><SP WIDTH="26" VPOS="978" HPOS="1046"/>
							<String ID="string_140" HPOS="1072" VPOS="981" WIDTH="77" HEIGHT="34" WC="0.58" CONTENT="—30"/><SP WIDTH="25" VPOS="981" HPOS="1149"/>
							<String ID="string_141" HPOS="1174" VPOS="980" WIDTH="85" HEIGHT="48" WC="0.96" CONTENT="juni"/><SP WIDTH="31" VPOS="980" HPOS="1259"/>
							<String ID="string_142" HPOS="1290" VPOS="982" WIDTH="96" HEIGHT="34" WC="0.96" CONTENT="1923"/><SP WIDTH="30" VPOS="982" HPOS="1386"/>
							<String ID="string_143" HPOS="1416" VPOS="980" WIDTH="60" HEIGHT="37" WC="0.96" CONTENT="för"/><SP WIDTH="27" VPOS="980" HPOS="1476"/>
							<String ID="string_144" HPOS="1503" VPOS="980" WIDTH="291" HEIGHT="49" WC="0.96" CONTENT="ifrågavarande"/><SP WIDTH="21" VPOS="980" HPOS="1794"/>
							<String ID="string_145" HPOS="1815" VPOS="981" WIDTH="171" HEIGHT="37" WC="0.96" CONTENT="ändamål"/>
						</TextLine>
						<TextLine ID="line_30" HPOS="390" VPOS="1029" WIDTH="1598" HEIGHT="51">
							<String ID="string_146" HPOS="390" VPOS="1042" WIDTH="50" HEIGHT="22" WC="0.93" CONTENT="nu"/><SP WIDTH="29" VPOS="1042" HPOS="440"/>
							<String ID="string_147" HPOS="469" VPOS="1029" WIDTH="139" HEIGHT="36" WC="0.92" CONTENT="äskade"/><SP WIDTH="29" VPOS="1029" HPOS="608"/>
							<String ID="string_148" HPOS="637" VPOS="1030" WIDTH="174" HEIGHT="48" WC="0.95" CONTENT="anslaget"/><SP WIDTH="28" VPOS="1030" HPOS="811"/>
							<String ID="string_149" HPOS="839" VPOS="1030" WIDTH="108" HEIGHT="48" WC="0.96" CONTENT="ingår"/><SP WIDTH="29" VPOS="1030" HPOS="947"/>
							<String ID="string_150" HPOS="976" VPOS="1031" WIDTH="79" HEIGHT="36" WC="0.96" CONTENT="dels"/><SP WIDTH="29" VPOS="1031" HPOS="1055"/>
							<String ID="string_151" HPOS="1084" VPOS="1036" WIDTH="54" HEIGHT="31" WC="0.97" CONTENT="ett"/><SP WIDTH="29" VPOS="1036" HPOS="1138"/>
							<String ID="string_152" HPOS="1167" VPOS="1031" WIDTH="139" HEIGHT="49" WC="0.93" CONTENT="belopp"/><SP WIDTH="30" VPOS="1031" HPOS="1306"/>
							<String ID="string_153" HPOS="1336" VPOS="1034" WIDTH="19" HEIGHT="33" WC="0.91" CONTENT="å"/><SP WIDTH="31" VPOS="1034" HPOS="1355"/>
							<String ID="string_154" HPOS="1386" VPOS="1033" WIDTH="137" HEIGHT="45" WC="0.90" CONTENT="11,750"/><SP WIDTH="30" VPOS="1033" HPOS="1523"/>
							<String ID="string_155" HPOS="1553" VPOS="1032" WIDTH="140" HEIGHT="37" WC="0.96" CONTENT="kronor"/><SP WIDTH="28" VPOS="1032" HPOS="1693"/>
							<String ID="string_156" HPOS="1721" VPOS="1033" WIDTH="94" HEIGHT="36" WC="0.96" CONTENT="eller"/><SP WIDTH="30" VPOS="1033" HPOS="1815"/>
							<String ID="string_157" HPOS="1845" VPOS="1033" WIDTH="143" HEIGHT="37" WC="0.96" CONTENT="hälften"/>
						</TextLine>
						<TextLine ID="line_31" HPOS="390" VPOS="1080" WIDTH="1600" HEIGHT="53">
							<String ID="string_158" HPOS="390" VPOS="1093" WIDTH="47" HEIGHT="23" WC="0.96" CONTENT="av"/><SP WIDTH="29" VPOS="1093" HPOS="437"/>
							<String ID="string_159" HPOS="466" VPOS="1080" WIDTH="64" HEIGHT="36" WC="0.96" CONTENT="det"/><SP WIDTH="27" VPOS="1080" HPOS="530"/>
							<String ID="string_160" HPOS="557" VPOS="1081" WIDTH="60" HEIGHT="35" WC="0.96" CONTENT="för"/><SP WIDTH="28" VPOS="1081" HPOS="617"/>
							<String ID="string_161" HPOS="645" VPOS="1084" WIDTH="41" HEIGHT="33" WC="0.97" CONTENT="år"/><SP WIDTH="31" VPOS="1084" HPOS="686"/>
							<String ID="string_162" HPOS="717" VPOS="1083" WIDTH="97" HEIGHT="34" WC="0.96" CONTENT="1922"/><SP WIDTH="29" VPOS="1083" HPOS="814"/>
							<String ID="string_163" HPOS="843" VPOS="1082" WIDTH="189" HEIGHT="48" WC="0.96" CONTENT="beviljade"/><SP WIDTH="29" VPOS="1082" HPOS="1032"/>
							<String ID="string_164" HPOS="1061" VPOS="1082" WIDTH="187" HEIGHT="37" WC="0.96" CONTENT="ordinarie"/><SP WIDTH="30" VPOS="1082" HPOS="1248"/>
							<String ID="string_165" HPOS="1278" VPOS="1082" WIDTH="174" HEIGHT="49" WC="0.96" CONTENT="anslaget"/><SP WIDTH="28" VPOS="1082" HPOS="1452"/>
							<String ID="string_166" HPOS="1480" VPOS="1083" WIDTH="80" HEIGHT="37" WC="0.96" CONTENT="dels"/><SP WIDTH="30" VPOS="1083" HPOS="1560"/>
							<String ID="string_167" HPOS="1590" VPOS="1084" WIDTH="71" HEIGHT="36" WC="0.96" CONTENT="ock"/><SP WIDTH="29" VPOS="1084" HPOS="1661"/>
							<String ID="string_168" HPOS="1690" VPOS="1089" WIDTH="56" HEIGHT="31" WC="0.97" CONTENT="ett"/><SP WIDTH="27" VPOS="1089" HPOS="1746"/>
							<String ID="string_169" HPOS="1773" VPOS="1084" WIDTH="140" HEIGHT="49" WC="0.96" CONTENT="belopp"/><SP WIDTH="29" VPOS="1084" HPOS="1913"/>
							<String ID="string_170" HPOS="1942" VPOS="1098" WIDTH="48" HEIGHT="23" WC="0.96" CONTENT="av"/>
						</TextLine>
						<TextLine ID="line_32" HPOS="393" VPOS="1132" WIDTH="997" HEIGHT="50">
							<String ID="string_171" HPOS="393" VPOS="1133" WIDTH="112" HEIGHT="46" WC="0.92" CONTENT="6,000"/><SP WIDTH="30" VPOS="1133" HPOS="505"/>
							<String ID="string_172" HPOS="535" VPOS="1132" WIDTH="148" HEIGHT="47" WC="0.96" CONTENT="kronor,"/><SP WIDTH="30" VPOS="1132" HPOS="683"/>
							<String ID="string_173" HPOS="713" VPOS="1133" WIDTH="213" HEIGHT="47" WC="0.91" CONTENT="utgörande"/><SP WIDTH="30" VPOS="1133" HPOS="926"/>
							<String ID="string_174" HPOS="956" VPOS="1133" WIDTH="434" HEIGHT="49" WC="0.91" CONTENT="förstärkningsanslag."/>
						</TextLine>
					</TextBlock>
				</ComposedBlock>
				<ComposedBlock ID="cblock_9" HPOS="390" VPOS="1218" WIDTH="1602" HEIGHT="514">
					<TextBlock ID="block_12" HPOS="390" VPOS="1218" WIDTH="1601" HEIGHT="412">
						<TextLine ID="line_33" HPOS="495" VPOS="1218" WIDTH="1493" HEIGHT="45">
							<String ID="string_175" HPOS="495" VPOS="1218" WIDTH="206" HEIGHT="45" WC="0.96" CONTENT="Utskottet,"/><SP WIDTH="31" VPOS="1218" HPOS="701"/>
							<String ID="string_176" HPOS="732" VPOS="1231" WIDTH="81" HEIGHT="23" WC="0.96" CONTENT="som"/><SP WIDTH="28" VPOS="1231" HPOS="813"/>
							<String ID="string_177" HPOS="841" VPOS="1219" WIDTH="84" HEIGHT="36" WC="0.96" CONTENT="icke"/><SP WIDTH="28" VPOS="1219" HPOS="925"/>
							<String ID="string_178" HPOS="953" VPOS="1219" WIDTH="126" HEIGHT="36" WC="0.96" CONTENT="funnit"/><SP WIDTH="28" VPOS="1219" HPOS="1079"/>
							<String ID="string_179" HPOS="1107" VPOS="1219" WIDTH="82" HEIGHT="36" WC="0.96" CONTENT="skäl"/><SP WIDTH="29" VPOS="1219" HPOS="1189"/>
							<String ID="string_180" HPOS="1218" VPOS="1219" WIDTH="58" HEIGHT="36" WC="0.96" CONTENT="till"/><SP WIDTH="29" VPOS="1219" HPOS="1276"/>
							<String ID="string_181" HPOS="1305" VPOS="1220" WIDTH="148" HEIGHT="37" WC="0.96" CONTENT="erinran"/><SP WIDTH="29" VPOS="1220" HPOS="1453"/>
							<String ID="string_182" HPOS="1482" VPOS="1226" WIDTH="78" HEIGHT="31" WC="0.96" CONTENT="mot"/><SP WIDTH="20" VPOS="1226" HPOS="1560"/>
							<String ID="string_183" HPOS="1580" VPOS="1221" WIDTH="190" HEIGHT="37" WC="0.96" CONTENT="storleken"/><SP WIDTH="21" VPOS="1221" HPOS="1770"/>
							<String ID="string_184" HPOS="1791" VPOS="1235" WIDTH="47" HEIGHT="22" WC="0.96" CONTENT="av"/><SP WIDTH="20" VPOS="1235" HPOS="1838"/>
							<String ID="string_185" HPOS="1858" VPOS="1222" WIDTH="63" HEIGHT="36" WC="0.96" CONTENT="det"/><SP WIDTH="20" VPOS="1222" HPOS="1921"/>
							<String ID="string_186" HPOS="1941" VPOS="1235" WIDTH="47" HEIGHT="23" WC="0.96" CONTENT="av"/>
						</TextLine>
						<TextLine ID="line_34" HPOS="391" VPOS="1269" WIDTH="1600" HEIGHT="50">
							<String ID="string_187" HPOS="391" VPOS="1269" WIDTH="143" HEIGHT="49" WC="0.96" CONTENT="Kungl."/><SP WIDTH="31" VPOS="1269" HPOS="534"/>
							<String ID="string_188" HPOS="565" VPOS="1269" WIDTH="106" HEIGHT="49" WC="0.93" CONTENT="Maj:t"/><SP WIDTH="40" VPOS="1269" HPOS="671"/>
							<String ID="string_189" HPOS="711" VPOS="1270" WIDTH="142" HEIGHT="36" WC="0.92" CONTENT="äskade"/><SP WIDTH="37" VPOS="1270" HPOS="853"/>
							<String ID="string_190" HPOS="890" VPOS="1270" WIDTH="186" HEIGHT="48" WC="0.96" CONTENT="anslaget,"/><SP WIDTH="41" VPOS="1270" HPOS="1076"/>
							<String ID="string_191" HPOS="1117" VPOS="1271" WIDTH="69" HEIGHT="37" WC="0.96" CONTENT="har"/><SP WIDTH="42" VPOS="1271" HPOS="1186"/>
							<String ID="string_192" HPOS="1228" VPOS="1271" WIDTH="98" HEIGHT="37" WC="0.96" CONTENT="dock"/><SP WIDTH="41" VPOS="1271" HPOS="1326"/>
							<String ID="string_193" HPOS="1367" VPOS="1277" WIDTH="137" HEIGHT="42" WC="0.96" CONTENT="ansett,"/><SP WIDTH="29" VPOS="1277" HPOS="1504"/>
							<String ID="string_194" HPOS="1533" VPOS="1277" WIDTH="55" HEIGHT="32" WC="0.97" CONTENT="att"/><SP WIDTH="29" VPOS="1277" HPOS="1588"/>
							<String ID="string_195" HPOS="1617" VPOS="1272" WIDTH="63" HEIGHT="37" WC="0.96" CONTENT="det"/><SP WIDTH="29" VPOS="1272" HPOS="1680"/>
							<String ID="string_196" HPOS="1709" VPOS="1273" WIDTH="188" HEIGHT="37" WC="0.93" CONTENT="ordinarie"/><SP WIDTH="28" VPOS="1273" HPOS="1897"/>
							<String ID="string_197" HPOS="1925" VPOS="1287" WIDTH="66" HEIGHT="23" WC="0.92" CONTENT="an-"/>
						</TextLine>
						<TextLine ID="line_35" HPOS="391" VPOS="1321" WIDTH="1600" HEIGHT="52">
							<String ID="string_198" HPOS="391" VPOS="1321" WIDTH="125" HEIGHT="48" WC="0.96" CONTENT="slaget"/><SP WIDTH="28" VPOS="1321" HPOS="516"/>
							<String ID="string_199" HPOS="544" VPOS="1321" WIDTH="58" HEIGHT="37" WC="0.96" CONTENT="för"/><SP WIDTH="28" VPOS="1321" HPOS="602"/>
							<String ID="string_200" HPOS="630" VPOS="1321" WIDTH="104" HEIGHT="37" WC="0.96" CONTENT="tiden"/><SP WIDTH="27" VPOS="1321" HPOS="734"/>
							<String ID="string_201" HPOS="761" VPOS="1324" WIDTH="18" HEIGHT="33" WC="0.93" CONTENT="1"/><SP WIDTH="18" VPOS="1324" HPOS="779"/>
							<String ID="string_202" HPOS="797" VPOS="1322" WIDTH="252" HEIGHT="48" WC="0.88" CONTENT="januari—30"/><SP WIDTH="15" VPOS="1322" HPOS="1049"/>
							<String ID="string_203" HPOS="1064" VPOS="1323" WIDTH="84" HEIGHT="48" WC="0.96" CONTENT="juni"/><SP WIDTH="23" VPOS="1323" HPOS="1148"/>
							<String ID="string_204" HPOS="1171" VPOS="1325" WIDTH="97" HEIGHT="34" WC="0.95" CONTENT="1923"/><SP WIDTH="22" VPOS="1325" HPOS="1268"/>
							<String ID="string_205" HPOS="1290" VPOS="1323" WIDTH="134" HEIGHT="37" WC="0.95" CONTENT="endast"/><SP WIDTH="19" VPOS="1323" HPOS="1424"/>
							<String ID="string_206" HPOS="1443" VPOS="1324" WIDTH="68" HEIGHT="36" WC="0.96" CONTENT="bör"/><SP WIDTH="20" VPOS="1324" HPOS="1511"/>
							<String ID="string_207" HPOS="1531" VPOS="1329" WIDTH="187" HEIGHT="44" WC="0.96" CONTENT="upptagas"/><SP WIDTH="21" VPOS="1329" HPOS="1718"/>
							<String ID="string_208" HPOS="1739" VPOS="1325" WIDTH="87" HEIGHT="36" WC="0.96" CONTENT="med"/><SP WIDTH="19" VPOS="1325" HPOS="1826"/>
							<String ID="string_209" HPOS="1845" VPOS="1325" WIDTH="146" HEIGHT="37" WC="0.96" CONTENT="hälften"/>
						</TextLine>
						<TextLine ID="line_36" HPOS="390" VPOS="1373" WIDTH="1599" HEIGHT="50">
							<String ID="string_210" HPOS="390" VPOS="1386" WIDTH="48" HEIGHT="23" WC="0.96" CONTENT="av"/><SP WIDTH="29" VPOS="1386" HPOS="438"/>
							<String ID="string_211" HPOS="467" VPOS="1373" WIDTH="63" HEIGHT="36" WC="0.92" CONTENT="det"/><SP WIDTH="29" VPOS="1373" HPOS="530"/>
							<String ID="string_212" HPOS="559" VPOS="1376" WIDTH="20" HEIGHT="33" WC="0.92" CONTENT="å"/><SP WIDTH="28" VPOS="1376" HPOS="579"/>
							<String ID="string_213" HPOS="607" VPOS="1373" WIDTH="189" HEIGHT="37" WC="0.96" CONTENT="ordinarie"/><SP WIDTH="29" VPOS="1373" HPOS="796"/>
							<String ID="string_214" HPOS="825" VPOS="1379" WIDTH="75" HEIGHT="31" WC="0.96" CONTENT="stat"/><SP WIDTH="31" VPOS="1379" HPOS="900"/>
							<String ID="string_215" HPOS="931" VPOS="1374" WIDTH="57" HEIGHT="36" WC="0.96" CONTENT="för"/><SP WIDTH="29" VPOS="1374" HPOS="988"/>
							<String ID="string_216" HPOS="1017" VPOS="1378" WIDTH="40" HEIGHT="32" WC="0.95" CONTENT="år"/><SP WIDTH="30" VPOS="1378" HPOS="1057"/>
							<String ID="string_217" HPOS="1087" VPOS="1376" WIDTH="97" HEIGHT="35" WC="0.96" CONTENT="1922"/><SP WIDTH="30" VPOS="1376" HPOS="1184"/>
							<String ID="string_218" HPOS="1214" VPOS="1374" WIDTH="188" HEIGHT="49" WC="0.96" CONTENT="beviljade"/><SP WIDTH="30" VPOS="1374" HPOS="1402"/>
							<String ID="string_219" HPOS="1432" VPOS="1375" WIDTH="93" HEIGHT="37" WC="0.96" CONTENT="eller"/><SP WIDTH="28" VPOS="1375" HPOS="1525"/>
							<String ID="string_220" HPOS="1553" VPOS="1376" WIDTH="86" HEIGHT="37" WC="0.92" CONTENT="med"/><SP WIDTH="31" VPOS="1376" HPOS="1639"/>
							<String ID="string_221" HPOS="1670" VPOS="1378" WIDTH="138" HEIGHT="45" WC="0.91" CONTENT="11,750"/><SP WIDTH="26" VPOS="1378" HPOS="1808"/>
							<String ID="string_222" HPOS="1834" VPOS="1377" WIDTH="155" HEIGHT="36" WC="0.96" CONTENT="kronor."/>
						</TextLine>
						<TextLine ID="line_37" HPOS="392" VPOS="1424" WIDTH="1599" HEIGHT="52">
							<String ID="string_223" HPOS="392" VPOS="1424" WIDTH="221" HEIGHT="37" WC="0.95" CONTENT="Skillnaden"/><SP WIDTH="29" VPOS="1424" HPOS="613"/>
							<String ID="string_224" HPOS="642" VPOS="1425" WIDTH="137" HEIGHT="37" WC="0.95" CONTENT="mellan"/><SP WIDTH="29" VPOS="1425" HPOS="779"/>
							<String ID="string_225" HPOS="808" VPOS="1426" WIDTH="103" HEIGHT="36" WC="0.96" CONTENT="detta"/><SP WIDTH="29" VPOS="1426" HPOS="911"/>
							<String ID="string_226" HPOS="940" VPOS="1426" WIDTH="136" HEIGHT="49" WC="0.96" CONTENT="belopp"/><SP WIDTH="29" VPOS="1426" HPOS="1076"/>
							<String ID="string_227" HPOS="1105" VPOS="1426" WIDTH="71" HEIGHT="36" WC="0.96" CONTENT="och"/><SP WIDTH="30" VPOS="1426" HPOS="1176"/>
							<String ID="string_228" HPOS="1206" VPOS="1426" WIDTH="63" HEIGHT="37" WC="0.96" CONTENT="det"/><SP WIDTH="28" VPOS="1426" HPOS="1269"/>
							<String ID="string_229" HPOS="1297" VPOS="1440" WIDTH="47" HEIGHT="23" WC="0.96" CONTENT="av"/><SP WIDTH="28" VPOS="1440" HPOS="1344"/>
							<String ID="string_230" HPOS="1372" VPOS="1427" WIDTH="141" HEIGHT="49" WC="0.96" CONTENT="Kungl."/><SP WIDTH="21" VPOS="1427" HPOS="1513"/>
							<String ID="string_231" HPOS="1534" VPOS="1428" WIDTH="108" HEIGHT="48" WC="0.93" CONTENT="Maj:t"/><SP WIDTH="24" VPOS="1428" HPOS="1642"/>
							<String ID="string_232" HPOS="1666" VPOS="1431" WIDTH="20" HEIGHT="33" WC="0.93" CONTENT="å"/><SP WIDTH="20" VPOS="1431" HPOS="1686"/>
							<String ID="string_233" HPOS="1706" VPOS="1428" WIDTH="188" HEIGHT="37" WC="0.96" CONTENT="ordinarie"/><SP WIDTH="22" VPOS="1428" HPOS="1894"/>
							<String ID="string_234" HPOS="1916" VPOS="1434" WIDTH="75" HEIGHT="31" WC="0.96" CONTENT="stat"/>
						</TextLine>
						<TextLine ID="line_38" HPOS="391" VPOS="1476" WIDTH="1600" HEIGHT="51">
							<String ID="string_235" HPOS="391" VPOS="1476" WIDTH="143" HEIGHT="37" WC="0.92" CONTENT="äskade"/><SP WIDTH="41" VPOS="1476" HPOS="534"/>
							<String ID="string_236" HPOS="575" VPOS="1476" WIDTH="89" HEIGHT="37" WC="0.93" CONTENT="eller"/><SP WIDTH="29" VPOS="1476" HPOS="664"/>
							<String ID="string_237" HPOS="693" VPOS="1477" WIDTH="153" HEIGHT="48" WC="0.75" CONTENT="(17,750"/><SP WIDTH="30" VPOS="1477" HPOS="846"/>
							<String ID="string_238" HPOS="876" VPOS="1478" WIDTH="336" HEIGHT="46" WC="0.90" CONTENT="kronor—11,750"/><SP WIDTH="42" VPOS="1478" HPOS="1212"/>
							<String ID="string_239" HPOS="1254" VPOS="1479" WIDTH="152" HEIGHT="48" WC="0.93" CONTENT="kronor)"/><SP WIDTH="45" VPOS="1479" HPOS="1406"/>
							<String ID="string_240" HPOS="1451" VPOS="1480" WIDTH="112" HEIGHT="46" WC="0.88" CONTENT="6,000"/><SP WIDTH="29" VPOS="1480" HPOS="1563"/>
							<String ID="string_241" HPOS="1592" VPOS="1480" WIDTH="142" HEIGHT="36" WC="0.96" CONTENT="kronor"/><SP WIDTH="27" VPOS="1480" HPOS="1734"/>
							<String ID="string_242" HPOS="1761" VPOS="1481" WIDTH="109" HEIGHT="35" WC="0.96" CONTENT="torde"/><SP WIDTH="29" VPOS="1481" HPOS="1870"/>
							<String ID="string_243" HPOS="1899" VPOS="1480" WIDTH="92" HEIGHT="37" WC="0.96" CONTENT="böra"/>
						</TextLine>
						<TextLine ID="line_39" HPOS="390" VPOS="1529" WIDTH="1601" HEIGHT="49">
							<String ID="string_244" HPOS="390" VPOS="1533" WIDTH="189" HEIGHT="44" WC="0.96" CONTENT="upptagas"/><SP WIDTH="36" VPOS="1533" HPOS="579"/>
							<String ID="string_245" HPOS="615" VPOS="1531" WIDTH="124" HEIGHT="34" WC="0.91" CONTENT="såsom"/><SP WIDTH="30" VPOS="1531" HPOS="739"/>
							<String ID="string_246" HPOS="769" VPOS="1529" WIDTH="314" HEIGHT="49" WC="0.90" CONTENT="förslagsanslag,"/><SP WIDTH="30" VPOS="1529" HPOS="1083"/>
							<String ID="string_247" HPOS="1113" VPOS="1530" WIDTH="126" HEIGHT="48" WC="0.96" CONTENT="högst,"/><SP WIDTH="31" VPOS="1530" HPOS="1239"/>
							<String ID="string_248" HPOS="1270" VPOS="1530" WIDTH="58" HEIGHT="37" WC="0.96" CONTENT="för"/><SP WIDTH="27" VPOS="1530" HPOS="1328"/>
							<String ID="string_249" HPOS="1355" VPOS="1530" WIDTH="188" HEIGHT="37" WC="0.96" CONTENT="täckande"/><SP WIDTH="30" VPOS="1530" HPOS="1543"/>
							<String ID="string_250" HPOS="1573" VPOS="1544" WIDTH="47" HEIGHT="23" WC="0.93" CONTENT="av"/><SP WIDTH="28" VPOS="1544" HPOS="1620"/>
							<String ID="string_251" HPOS="1648" VPOS="1531" WIDTH="173" HEIGHT="36" WC="0.91" CONTENT="motsedd"/><SP WIDTH="28" VPOS="1531" HPOS="1821"/>
							<String ID="string_252" HPOS="1849" VPOS="1532" WIDTH="94" HEIGHT="36" WC="0.93" CONTENT="brist"/><SP WIDTH="28" VPOS="1532" HPOS="1943"/>
							<String ID="string_253" HPOS="1971" VPOS="1535" WIDTH="20" HEIGHT="33" WC="0.92" CONTENT="å"/>
						</TextLine>
						<TextLine ID="line_40" HPOS="391" VPOS="1579" WIDTH="1598" HEIGHT="51">
							<String ID="string_254" HPOS="391" VPOS="1579" WIDTH="66" HEIGHT="37" WC="0.96" CONTENT="det"/><SP WIDTH="27" VPOS="1579" HPOS="457"/>
							<String ID="string_255" HPOS="484" VPOS="1580" WIDTH="186" HEIGHT="37" WC="0.96" CONTENT="ordinarie"/><SP WIDTH="30" VPOS="1580" HPOS="670"/>
							<String ID="string_256" HPOS="700" VPOS="1580" WIDTH="173" HEIGHT="50" WC="0.96" CONTENT="anslaget"/><SP WIDTH="29" VPOS="1580" HPOS="873"/>
							<String ID="string_257" HPOS="902" VPOS="1582" WIDTH="72" HEIGHT="36" WC="0.96" CONTENT="och"/><SP WIDTH="29" VPOS="1582" HPOS="974"/>
							<String ID="string_258" HPOS="1003" VPOS="1582" WIDTH="150" HEIGHT="36" WC="0.93" CONTENT="anvisas"/><SP WIDTH="30" VPOS="1582" HPOS="1153"/>
							<String ID="string_259" HPOS="1183" VPOS="1584" WIDTH="21" HEIGHT="33" WC="0.91" CONTENT="å"/><SP WIDTH="29" VPOS="1584" HPOS="1204"/>
							<String ID="string_260" HPOS="1233" VPOS="1589" WIDTH="108" HEIGHT="29" WC="0.95" CONTENT="extra"/><SP WIDTH="28" VPOS="1589" HPOS="1341"/>
							<String ID="string_261" HPOS="1369" VPOS="1587" WIDTH="73" HEIGHT="32" WC="0.96" CONTENT="stat"/><SP WIDTH="28" VPOS="1587" HPOS="1442"/>
							<String ID="string_262" HPOS="1470" VPOS="1583" WIDTH="61" HEIGHT="36" WC="0.96" CONTENT="för"/><SP WIDTH="18" VPOS="1583" HPOS="1531"/>
							<String ID="string_263" HPOS="1549" VPOS="1583" WIDTH="120" HEIGHT="37" WC="0.96" CONTENT="första"/><SP WIDTH="19" VPOS="1583" HPOS="1669"/>
							<String ID="string_264" HPOS="1688" VPOS="1583" WIDTH="169" HEIGHT="37" WC="0.96" CONTENT="halvåret"/><SP WIDTH="22" VPOS="1583" HPOS="1857"/>
							<String ID="string_265" HPOS="1879" VPOS="1585" WIDTH="110" HEIGHT="35" WC="0.96" CONTENT="1923."/>
						</TextLine>
					</TextBlock>
					<TextBlock ID="block_13" HPOS="392" VPOS="1632" WIDTH="1600" HEIGHT="100">
						<TextLine ID="line_41" HPOS="494" VPOS="1632" WIDTH="1498" HEIGHT="48">
							<String ID="string_266" HPOS="494" VPOS="1632" WIDTH="53" HEIGHT="36" WC="0.96" CONTENT="På"/><SP WIDTH="39" VPOS="1632" HPOS="547"/>
							<String ID="string_267" HPOS="586" VPOS="1632" WIDTH="123" HEIGHT="48" WC="0.96" CONTENT="grund"/><SP WIDTH="45" VPOS="1632" HPOS="709"/>
							<String ID="string_268" HPOS="754" VPOS="1646" WIDTH="46" HEIGHT="22" WC="0.96" CONTENT="av"/><SP WIDTH="41" VPOS="1646" HPOS="800"/>
							<String ID="string_269" HPOS="841" VPOS="1633" WIDTH="72" HEIGHT="36" WC="0.96" CONTENT="vad"/><SP WIDTH="42" VPOS="1633" HPOS="913"/>
							<String ID="string_270" HPOS="955" VPOS="1633" WIDTH="158" HEIGHT="36" WC="0.94" CONTENT="sålunda"/><SP WIDTH="37" VPOS="1633" HPOS="1113"/>
							<String ID="string_271" HPOS="1150" VPOS="1633" WIDTH="149" HEIGHT="37" WC="0.96" CONTENT="anförts"/><SP WIDTH="28" VPOS="1633" HPOS="1299"/>
							<String ID="string_272" HPOS="1327" VPOS="1634" WIDTH="58" HEIGHT="36" WC="0.97" CONTENT="får"/><SP WIDTH="28" VPOS="1634" HPOS="1385"/>
							<String ID="string_273" HPOS="1413" VPOS="1635" WIDTH="186" HEIGHT="36" WC="0.96" CONTENT="utskottet"/><SP WIDTH="27" VPOS="1635" HPOS="1599"/>
							<String ID="string_274" HPOS="1626" VPOS="1634" WIDTH="236" HEIGHT="37" WC="0.93" CONTENT="beträffande"/><SP WIDTH="30" VPOS="1634" HPOS="1862"/>
							<String ID="string_275" HPOS="1892" VPOS="1635" WIDTH="100" HEIGHT="37" WC="0.92" CONTENT="ordi-"/>
						</TextLine>
						<TextLine ID="line_42" HPOS="392" VPOS="1683" WIDTH="496" HEIGHT="49">
							<String ID="string_276" HPOS="392" VPOS="1683" WIDTH="104" HEIGHT="36" WC="0.84" CONTENT="narie"/><SP WIDTH="29" VPOS="1683" HPOS="496"/>
							<String ID="string_277" HPOS="525" VPOS="1688" WIDTH="123" HEIGHT="32" WC="0.93" CONTENT="staten"/><SP WIDTH="29" VPOS="1688" HPOS="648"/>
							<String ID="string_278" HPOS="677" VPOS="1684" WIDTH="211" HEIGHT="48" WC="0.92" CONTENT="hemställa,"/>
						</TextLine>
					</TextBlock>
				</ComposedBlock>
				<ComposedBlock ID="cblock_10" HPOS="791" VPOS="1770" WIDTH="1201" HEIGHT="205">
					<TextBlock ID="block_14" HPOS="791" VPOS="1770" WIDTH="1201" HEIGHT="205">
						<TextLine ID="line_43" HPOS="896" VPOS="1770" WIDTH="1096" HEIGHT="51">
							<String ID="string_279" HPOS="896" VPOS="1775" WIDTH="54" HEIGHT="31" WC="0.95" CONTENT="att"/><SP WIDTH="35" VPOS="1775" HPOS="950"/>
							<String ID="string_280" HPOS="985" VPOS="1770" WIDTH="207" HEIGHT="49" WC="0.96" CONTENT="riksdagen"/><SP WIDTH="29" VPOS="1770" HPOS="1192"/>
							<String ID="string_281" HPOS="1221" VPOS="1774" WIDTH="60" HEIGHT="33" WC="0.96" CONTENT="må"/><SP WIDTH="28" VPOS="1774" HPOS="1281"/>
							<String ID="string_282" HPOS="1309" VPOS="1771" WIDTH="58" HEIGHT="37" WC="0.96" CONTENT="för"/><SP WIDTH="40" VPOS="1771" HPOS="1367"/>
							<String ID="string_283" HPOS="1407" VPOS="1771" WIDTH="106" HEIGHT="37" WC="0.96" CONTENT="tiden"/><SP WIDTH="44" VPOS="1771" HPOS="1513"/>
							<String ID="string_284" HPOS="1557" VPOS="1774" WIDTH="18" HEIGHT="33" WC="0.92" CONTENT="1"/><SP WIDTH="39" VPOS="1774" HPOS="1575"/>
							<String ID="string_285" HPOS="1614" VPOS="1772" WIDTH="255" HEIGHT="49" WC="0.85" CONTENT="januari—30"/><SP WIDTH="43" VPOS="1772" HPOS="1869"/>
							<String ID="string_286" HPOS="1912" VPOS="1772" WIDTH="80" HEIGHT="48" WC="0.96" CONTENT="juni"/>
						</TextLine>
						<TextLine ID="line_44" HPOS="795" VPOS="1822" WIDTH="1196" HEIGHT="50">
							<String ID="string_287" HPOS="795" VPOS="1823" WIDTH="96" HEIGHT="35" WC="0.92" CONTENT="1923"/><SP WIDTH="44" VPOS="1823" HPOS="891"/>
							<String ID="string_288" HPOS="935" VPOS="1827" WIDTH="167" HEIGHT="44" WC="0.92" CONTENT="upptaga"/><SP WIDTH="28" VPOS="1827" HPOS="1102"/>
							<String ID="string_289" HPOS="1130" VPOS="1822" WIDTH="64" HEIGHT="36" WC="0.96" CONTENT="det"/><SP WIDTH="29" VPOS="1822" HPOS="1194"/>
							<String ID="string_290" HPOS="1223" VPOS="1822" WIDTH="187" HEIGHT="38" WC="0.96" CONTENT="ordinarie"/><SP WIDTH="30" VPOS="1822" HPOS="1410"/>
							<String ID="string_291" HPOS="1440" VPOS="1823" WIDTH="172" HEIGHT="49" WC="0.95" CONTENT="anslaget"/><SP WIDTH="27" VPOS="1823" HPOS="1612"/>
							<String ID="string_292" HPOS="1639" VPOS="1824" WIDTH="59" HEIGHT="36" WC="0.95" CONTENT="till"/><SP WIDTH="28" VPOS="1824" HPOS="1698"/>
							<String ID="string_293" HPOS="1726" VPOS="1825" WIDTH="192" HEIGHT="36" WC="0.95" CONTENT="underhåll"/><SP WIDTH="28" VPOS="1825" HPOS="1918"/>
							<String ID="string_294" HPOS="1946" VPOS="1838" WIDTH="45" HEIGHT="22" WC="0.95" CONTENT="av"/>
						</TextLine>
						<TextLine ID="line_45" HPOS="791" VPOS="1874" WIDTH="1199" HEIGHT="49">
							<String ID="string_295" HPOS="791" VPOS="1874" WIDTH="133" HEIGHT="36" WC="0.95" CONTENT="Järvsö"/><SP WIDTH="26" VPOS="1874" HPOS="924"/>
							<String ID="string_296" HPOS="950" VPOS="1875" WIDTH="146" HEIGHT="48" WC="0.96" CONTENT="sjukhus"/><SP WIDTH="21" VPOS="1875" HPOS="1096"/>
							<String ID="string_297" HPOS="1117" VPOS="1875" WIDTH="67" HEIGHT="48" WC="0.96" CONTENT="för"/><SP WIDTH="27" VPOS="1875" HPOS="1184"/>
							<String ID="string_298" HPOS="1211" VPOS="1876" WIDTH="191" HEIGHT="46" WC="0.96" CONTENT="spetälska,"/><SP WIDTH="30" VPOS="1876" HPOS="1402"/>
							<String ID="string_299" HPOS="1432" VPOS="1888" WIDTH="49" HEIGHT="23" WC="0.96" CONTENT="nu"/><SP WIDTH="29" VPOS="1888" HPOS="1481"/>
							<String ID="string_300" HPOS="1510" VPOS="1876" WIDTH="61" HEIGHT="35" WC="0.96" CONTENT="för"/><SP WIDTH="28" VPOS="1876" HPOS="1571"/>
							<String ID="string_301" HPOS="1599" VPOS="1878" WIDTH="39" HEIGHT="34" WC="0.93" CONTENT="år"/><SP WIDTH="29" VPOS="1878" HPOS="1638"/>
							<String ID="string_302" HPOS="1667" VPOS="1877" WIDTH="140" HEIGHT="46" WC="0.92" CONTENT="23,500"/><SP WIDTH="29" VPOS="1877" HPOS="1807"/>
							<String ID="string_303" HPOS="1836" VPOS="1876" WIDTH="154" HEIGHT="47" WC="0.96" CONTENT="kronor,"/>
						</TextLine>
						<TextLine ID="line_46" HPOS="792" VPOS="1925" WIDTH="760" HEIGHT="50">
							<String ID="string_304" HPOS="792" VPOS="1925" WIDTH="84" HEIGHT="37" WC="0.96" CONTENT="med"/><SP WIDTH="30" VPOS="1925" HPOS="876"/>
							<String ID="string_305" HPOS="906" VPOS="1930" WIDTH="53" HEIGHT="32" WC="0.96" CONTENT="ett"/><SP WIDTH="28" VPOS="1930" HPOS="959"/>
							<String ID="string_306" HPOS="987" VPOS="1926" WIDTH="138" HEIGHT="49" WC="0.95" CONTENT="belopp"/><SP WIDTH="29" VPOS="1926" HPOS="1125"/>
							<String ID="string_307" HPOS="1154" VPOS="1939" WIDTH="48" HEIGHT="23" WC="0.93" CONTENT="av"/><SP WIDTH="33" VPOS="1939" HPOS="1202"/>
							<String ID="string_308" HPOS="1235" VPOS="1927" WIDTH="135" HEIGHT="46" WC="0.91" CONTENT="11,750"/><SP WIDTH="30" VPOS="1927" HPOS="1370"/>
							<String ID="string_309" HPOS="1400" VPOS="1927" WIDTH="152" HEIGHT="36" WC="0.96" CONTENT="kronor."/>
						</TextLine>
					</TextBlock>
				</ComposedBlock>
				<ComposedBlock ID="cblock_11" HPOS="392" VPOS="2010" WIDTH="1598" HEIGHT="100">
					<TextBlock ID="block_15" HPOS="392" VPOS="2010" WIDTH="1598" HEIGHT="100">
						<TextLine ID="line_47" HPOS="496" VPOS="2010" WIDTH="1494" HEIGHT="52">
							<String ID="string_310" HPOS="496" VPOS="2010" WIDTH="99" HEIGHT="48" WC="0.89" CONTENT="87:0)"/><SP WIDTH="41" VPOS="2010" HPOS="595"/>
							<String ID="string_311" HPOS="636" VPOS="2010" WIDTH="132" HEIGHT="37" WC="0.96" CONTENT="Under"/><SP WIDTH="40" VPOS="2010" HPOS="768"/>
							<String ID="string_312" HPOS="808" VPOS="2010" WIDTH="231" HEIGHT="50" WC="0.95" CONTENT="hänvisning"/><SP WIDTH="40" VPOS="2010" HPOS="1039"/>
							<String ID="string_313" HPOS="1079" VPOS="2012" WIDTH="57" HEIGHT="36" WC="0.96" CONTENT="till"/><SP WIDTH="42" VPOS="2012" HPOS="1136"/>
							<String ID="string_314" HPOS="1178" VPOS="2012" WIDTH="75" HEIGHT="36" WC="0.96" CONTENT="vad"/><SP WIDTH="40" VPOS="2012" HPOS="1253"/>
							<String ID="string_315" HPOS="1293" VPOS="2012" WIDTH="187" HEIGHT="37" WC="0.96" CONTENT="utskottet"/><SP WIDTH="40" VPOS="2012" HPOS="1480"/>
							<String ID="string_316" HPOS="1520" VPOS="2012" WIDTH="121" HEIGHT="38" WC="0.93" CONTENT="under"/><SP WIDTH="27" VPOS="2012" HPOS="1641"/>
							<String ID="string_317" HPOS="1668" VPOS="2013" WIDTH="322" HEIGHT="49" WC="0.90" CONTENT="nästföregående"/>
						</TextLine>
						<TextLine ID="line_48" HPOS="392" VPOS="2061" WIDTH="745" HEIGHT="49">
							<String ID="string_318" HPOS="392" VPOS="2062" WIDTH="121" HEIGHT="48" WC="0.96" CONTENT="punkt"/><SP WIDTH="27" VPOS="2062" HPOS="513"/>
							<String ID="string_319" HPOS="540" VPOS="2061" WIDTH="127" HEIGHT="38" WC="0.96" CONTENT="anfört"/><SP WIDTH="28" VPOS="2061" HPOS="667"/>
							<String ID="string_320" HPOS="695" VPOS="2062" WIDTH="218" HEIGHT="38" WC="0.95" CONTENT="hemställer"/><SP WIDTH="28" VPOS="2062" HPOS="913"/>
							<String ID="string_321" HPOS="941" VPOS="2064" WIDTH="196" HEIGHT="46" WC="0.96" CONTENT="utskottet,"/>
						</TextLine>
					</TextBlock>
				</ComposedBlock>
				<ComposedBlock ID="cblock_12" HPOS="793" VPOS="2149" WIDTH="1203" HEIGHT="205">
					<TextBlock ID="block_16" HPOS="793" VPOS="2149" WIDTH="1203" HEIGHT="205">
						<TextLine ID="line_49" HPOS="896" VPOS="2149" WIDTH="1100" HEIGHT="49">
							<String ID="string_322" HPOS="896" VPOS="2154" WIDTH="55" HEIGHT="31" WC="0.96" CONTENT="att"/><SP WIDTH="36" VPOS="2154" HPOS="951"/>
							<String ID="string_323" HPOS="987" VPOS="2149" WIDTH="207" HEIGHT="49" WC="0.96" CONTENT="riksdagen"/><SP WIDTH="38" VPOS="2149" HPOS="1194"/>
							<String ID="string_324" HPOS="1232" VPOS="2152" WIDTH="61" HEIGHT="34" WC="0.96" CONTENT="må"/><SP WIDTH="31" VPOS="2152" HPOS="1293"/>
							<String ID="string_325" HPOS="1324" VPOS="2149" WIDTH="56" HEIGHT="37" WC="0.96" CONTENT="till"/><SP WIDTH="28" VPOS="2149" HPOS="1380"/>
							<String ID="string_326" HPOS="1408" VPOS="2151" WIDTH="172" HEIGHT="36" WC="0.96" CONTENT="täckande"/><SP WIDTH="28" VPOS="2151" HPOS="1580"/>
							<String ID="string_327" HPOS="1608" VPOS="2164" WIDTH="44" HEIGHT="23" WC="0.93" CONTENT="av"/><SP WIDTH="28" VPOS="2164" HPOS="1652"/>
							<String ID="string_328" HPOS="1680" VPOS="2151" WIDTH="159" HEIGHT="36" WC="0.91" CONTENT="motsedd"/><SP WIDTH="28" VPOS="2151" HPOS="1839"/>
							<String ID="string_329" HPOS="1867" VPOS="2151" WIDTH="88" HEIGHT="36" WC="0.96" CONTENT="brist"/><SP WIDTH="26" VPOS="2151" HPOS="1955"/>
							<String ID="string_330" HPOS="1981" VPOS="2153" WIDTH="15" HEIGHT="35" WC="0.95" CONTENT="i"/>
						</TextLine>
						<TextLine ID="line_50" HPOS="794" VPOS="2201" WIDTH="1200" HEIGHT="52">
							<String ID="string_331" HPOS="794" VPOS="2201" WIDTH="182" HEIGHT="36" WC="0.84" CONTENT="ordinarie"/><SP WIDTH="36" VPOS="2201" HPOS="976"/>
							<String ID="string_332" HPOS="1012" VPOS="2202" WIDTH="162" HEIGHT="48" WC="0.96" CONTENT="anslaget"/><SP WIDTH="36" VPOS="2202" HPOS="1174"/>
							<String ID="string_333" HPOS="1210" VPOS="2202" WIDTH="57" HEIGHT="36" WC="0.96" CONTENT="till"/><SP WIDTH="35" VPOS="2202" HPOS="1267"/>
							<String ID="string_334" HPOS="1302" VPOS="2203" WIDTH="193" HEIGHT="36" WC="0.80" CONTENT="underhåll"/><SP WIDTH="31" VPOS="2203" HPOS="1495"/>
							<String ID="string_335" HPOS="1526" VPOS="2216" WIDTH="44" HEIGHT="23" WC="0.96" CONTENT="av"/><SP WIDTH="27" VPOS="2216" HPOS="1570"/>
							<String ID="string_336" HPOS="1597" VPOS="2203" WIDTH="134" HEIGHT="36" WC="0.96" CONTENT="Järvsö"/><SP WIDTH="26" VPOS="2203" HPOS="1731"/>
							<String ID="string_337" HPOS="1757" VPOS="2202" WIDTH="149" HEIGHT="48" WC="0.96" CONTENT="sjukhus"/><SP WIDTH="20" VPOS="2202" HPOS="1906"/>
							<String ID="string_338" HPOS="1926" VPOS="2204" WIDTH="68" HEIGHT="49" WC="0.95" CONTENT="för"/>
						</TextLine>
						<TextLine ID="line_51" HPOS="793" VPOS="2253" WIDTH="1200" HEIGHT="50">
							<String ID="string_339" HPOS="793" VPOS="2253" WIDTH="175" HEIGHT="46" WC="0.96" CONTENT="spetälska"/><SP WIDTH="42" VPOS="2253" HPOS="968"/>
							<String ID="string_340" HPOS="1010" VPOS="2255" WIDTH="47" HEIGHT="46" WC="0.96" CONTENT="på"/><SP WIDTH="37" VPOS="2255" HPOS="1057"/>
							<String ID="string_341" HPOS="1094" VPOS="2258" WIDTH="107" HEIGHT="31" WC="0.96" CONTENT="extra"/><SP WIDTH="42" VPOS="2258" HPOS="1201"/>
							<String ID="string_342" HPOS="1243" VPOS="2258" WIDTH="77" HEIGHT="31" WC="0.96" CONTENT="stat"/><SP WIDTH="40" VPOS="2258" HPOS="1320"/>
							<String ID="string_343" HPOS="1360" VPOS="2254" WIDTH="58" HEIGHT="36" WC="0.95" CONTENT="för"/><SP WIDTH="33" VPOS="2254" HPOS="1418"/>
							<String ID="string_344" HPOS="1451" VPOS="2254" WIDTH="105" HEIGHT="36" WC="0.96" CONTENT="tiden"/><SP WIDTH="30" VPOS="2254" HPOS="1556"/>
							<String ID="string_345" HPOS="1586" VPOS="2257" WIDTH="18" HEIGHT="33" WC="0.93" CONTENT="1"/><SP WIDTH="26" VPOS="2257" HPOS="1604"/>
							<String ID="string_346" HPOS="1630" VPOS="2254" WIDTH="255" HEIGHT="48" WC="0.81" CONTENT="januari—30"/><SP WIDTH="24" VPOS="2254" HPOS="1885"/>
							<String ID="string_347" HPOS="1909" VPOS="2255" WIDTH="84" HEIGHT="48" WC="0.96" CONTENT="juni"/>
						</TextLine>
						<TextLine ID="line_52" HPOS="797" VPOS="2304" WIDTH="1194" HEIGHT="50">
							<String ID="string_348" HPOS="797" VPOS="2305" WIDTH="95" HEIGHT="34" WC="0.95" CONTENT="1923"/><SP WIDTH="39" VPOS="2305" HPOS="892"/>
							<String ID="string_349" HPOS="931" VPOS="2305" WIDTH="131" HEIGHT="36" WC="0.96" CONTENT="anvisa"/><SP WIDTH="36" VPOS="2305" HPOS="1062"/>
							<String ID="string_350" HPOS="1098" VPOS="2310" WIDTH="55" HEIGHT="32" WC="0.93" CONTENT="ett"/><SP WIDTH="37" VPOS="2310" HPOS="1153"/>
							<String ID="string_351" HPOS="1190" VPOS="2304" WIDTH="313" HEIGHT="50" WC="0.90" CONTENT="förslagsanslag,"/><SP WIDTH="37" VPOS="2304" HPOS="1503"/>
							<String ID="string_352" HPOS="1540" VPOS="2305" WIDTH="127" HEIGHT="47" WC="0.93" CONTENT="högst,"/><SP WIDTH="31" VPOS="2305" HPOS="1667"/>
							<String ID="string_353" HPOS="1698" VPOS="2306" WIDTH="113" HEIGHT="43" WC="0.91" CONTENT="6,000"/><SP WIDTH="28" VPOS="2306" HPOS="1811"/>
							<String ID="string_354" HPOS="1839" VPOS="2306" WIDTH="152" HEIGHT="37" WC="0.94" CONTENT="kronor."/>
						</TextLine>
					</TextBlock>
				</ComposedBlock>
			</PrintSpace>
		</Page>
	</Layout>
</alto>
