<?xml version="1.0" encoding="UTF-8"?>
<alto xmlns="http://www.loc.gov/standards/alto/ns-v3#" xmlns:xlink="http://www.w3.org/1999/xlink" xmlns:xsi="http://www.w3.org/2001/XMLSchema-instance" xsi:schemaLocation="http://www.loc.gov/standards/alto/ns-v3# http://www.loc.gov/alto/v3/alto-3-0.xsd">
	<Description>
		<MeasurementUnit>pixel</MeasurementUnit>
		<sourceImageInformation>
			<fileName>/tmp/tess_varw_zsz_input.PNG</fileName>
		</sourceImageInformation>
		<OCRProcessing ID="OCR_0">
			<ocrProcessingStep>
				<processingSoftware>
					<softwareName>tesseract 5.3.0</softwareName>
				</processingSoftware>
			</ocrProcessingStep>
		</OCRProcessing>
	</Description>
	<Layout>
		<Page WIDTH="2196" HEIGHT="2632" PHYSICAL_IMG_NR="0" ID="page_0">
			<PrintSpace HPOS="0" VPOS="0" WIDTH="2196" HEIGHT="2632">
				<ComposedBlock ID="cblock_0" HPOS="437" VPOS="198" WIDTH="1382" HEIGHT="48">
					<TextBlock ID="block_0" HPOS="437" VPOS="198" WIDTH="1382" HEIGHT="48">
						<TextLine ID="line_0" HPOS="437" VPOS="198" WIDTH="1382" HEIGHT="48">
							<String ID="string_0" HPOS="437" VPOS="198" WIDTH="20" HEIGHT="31" WC="0.96" CONTENT="4"/><SP WIDTH="123" VPOS="198" HPOS="457"/>
							<String ID="string_1" HPOS="580" VPOS="199" WIDTH="117" HEIGHT="32" WC="0.96" CONTENT="Första"/><SP WIDTH="24" VPOS="199" HPOS="697"/>
							<String ID="string_2" HPOS="721" VPOS="200" WIDTH="217" HEIGHT="33" WC="0.96" CONTENT="Kammarens"/><SP WIDTH="26" VPOS="200" HPOS="938"/>
							<String ID="string_3" HPOS="964" VPOS="201" WIDTH="182" HEIGHT="42" WC="0.93" CONTENT="Tillfälliga"/><SP WIDTH="30" VPOS="201" HPOS="1146"/>
							<String ID="string_4" HPOS="1176" VPOS="203" WIDTH="135" HEIGHT="33" WC="0.50" CONTENT="Utskotts"/><SP WIDTH="39" VPOS="203" HPOS="1311"/>
							<String ID="string_5" HPOS="1350" VPOS="205" WIDTH="63" HEIGHT="32" WC="0.95" CONTENT="(N:o"/><SP WIDTH="24" VPOS="205" HPOS="1413"/>
							<String ID="string_6" HPOS="1437" VPOS="207" WIDTH="40" HEIGHT="39" WC="0.96" CONTENT="2)"/><SP WIDTH="31" VPOS="207" HPOS="1477"/>
							<String ID="string_7" HPOS="1508" VPOS="206" WIDTH="170" HEIGHT="33" WC="0.51" CONTENT="Utlåtande"/><SP WIDTH="23" VPOS="206" HPOS="1678"/>
							<String ID="string_8" HPOS="1701" VPOS="209" WIDTH="66" HEIGHT="32" WC="0.92" CONTENT="N:o"/><SP WIDTH="24" VPOS="209" HPOS="1767"/>
							<String ID="string_9" HPOS="1791" VPOS="213" WIDTH="28" HEIGHT="28" WC="0.94" CONTENT="5."/>
						</TextLine>
					</TextBlock>
				</ComposedBlock>
				<ComposedBlock ID="cblock_1" HPOS="388" VPOS="276" WIDTH="1608" HEIGHT="2031">
					<TextBlock ID="block_1" HPOS="395" VPOS="276" WIDTH="1601" HEIGHT="155">
						<TextLine ID="line_1" HPOS="398" VPOS="276" WIDTH="1597" HEIGHT="56">
							<String ID="string_10" HPOS="398" VPOS="276" WIDTH="107" HEIGHT="49" WC="0.96" CONTENT="dylik"/><SP WIDTH="41" VPOS="276" HPOS="505"/>
							<String ID="string_11" HPOS="546" VPOS="278" WIDTH="262" HEIGHT="50" WC="0.96" CONTENT="utskänkning"/><SP WIDTH="40" VPOS="278" HPOS="808"/>
							<String ID="string_12" HPOS="848" VPOS="280" WIDTH="102" HEIGHT="48" WC="0.96" CONTENT="finge"/><SP WIDTH="41" VPOS="280" HPOS="950"/>
							<String ID="string_13" HPOS="991" VPOS="294" WIDTH="143" HEIGHT="24" WC="0.93" CONTENT="samma"/><SP WIDTH="43" VPOS="294" HPOS="1134"/>
							<String ID="string_14" HPOS="1177" VPOS="283" WIDTH="373" HEIGHT="49" WC="0.91" CONTENT="bestämmanderätt,"/><SP WIDTH="28" VPOS="283" HPOS="1550"/>
							<String ID="string_15" HPOS="1578" VPOS="299" WIDTH="79" HEIGHT="23" WC="0.96" CONTENT="som"/><SP WIDTH="32" VPOS="299" HPOS="1657"/>
							<String ID="string_16" HPOS="1689" VPOS="287" WIDTH="47" HEIGHT="36" WC="0.96" CONTENT="de"/><SP WIDTH="29" VPOS="287" HPOS="1736"/>
							<String ID="string_17" HPOS="1765" VPOS="301" WIDTH="48" HEIGHT="23" WC="0.96" CONTENT="nu"/><SP WIDTH="28" VPOS="301" HPOS="1813"/>
							<String ID="string_18" HPOS="1841" VPOS="289" WIDTH="114" HEIGHT="36" WC="0.96" CONTENT="hafva"/><SP WIDTH="28" VPOS="289" HPOS="1955"/>
							<String ID="string_19" HPOS="1983" VPOS="290" WIDTH="12" HEIGHT="35" WC="0.96" CONTENT="i"/>
						</TextLine>
						<TextLine ID="line_2" HPOS="396" VPOS="327" WIDTH="1600" HEIGHT="58">
							<String ID="string_20" HPOS="396" VPOS="328" WIDTH="109" HEIGHT="47" WC="0.95" CONTENT="fråga"/><SP WIDTH="39" VPOS="328" HPOS="505"/>
							<String ID="string_21" HPOS="544" VPOS="341" WIDTH="60" HEIGHT="23" WC="0.96" CONTENT="om"/><SP WIDTH="41" VPOS="341" HPOS="604"/>
							<String ID="string_22" HPOS="645" VPOS="328" WIDTH="46" HEIGHT="37" WC="0.87" CONTENT="de"/><SP WIDTH="27" VPOS="328" HPOS="691"/>
							<String ID="string_23" HPOS="718" VPOS="329" WIDTH="13" HEIGHT="36" WC="0.87" CONTENT="i"/><SP WIDTH="29" VPOS="329" HPOS="731"/>
							<String ID="string_24" HPOS="760" VPOS="331" WIDTH="20" HEIGHT="35" WC="0.74" CONTENT="5"/><SP WIDTH="30" VPOS="331" HPOS="780"/>
							<String ID="string_25" HPOS="810" VPOS="327" WIDTH="20" HEIGHT="49" WC="0.74" CONTENT="$"/><SP WIDTH="33" VPOS="327" HPOS="830"/>
							<String ID="string_26" HPOS="863" VPOS="331" WIDTH="41" HEIGHT="35" WC="0.93" CONTENT="af"/><SP WIDTH="38" VPOS="331" HPOS="904"/>
							<String ID="string_27" HPOS="942" VPOS="331" WIDTH="763" HEIGHT="54" WC="0.91" CONTENT="maltdrycksförsäljningsförordningen"/><SP WIDTH="42" VPOS="331" HPOS="1705"/>
							<String ID="string_28" HPOS="1747" VPOS="338" WIDTH="249" HEIGHT="39" WC="0.91" CONTENT="omförmälda"/>
						</TextLine>
						<TextLine ID="line_3" HPOS="395" VPOS="380" WIDTH="851" HEIGHT="51">
							<String ID="string_29" HPOS="395" VPOS="384" WIDTH="249" HEIGHT="43" WC="0.93" CONTENT="permanenta"/><SP WIDTH="27" VPOS="384" HPOS="644"/>
							<String ID="string_30" HPOS="671" VPOS="380" WIDTH="575" HEIGHT="51" WC="0.91" CONTENT="utskänkningsrättigheterna."/>
						</TextLine>
					</TextBlock>
					<TextBlock ID="block_2" HPOS="393" VPOS="430" WIDTH="1602" HEIGHT="507">
						<TextLine ID="line_4" HPOS="530" VPOS="430" WIDTH="1465" HEIGHT="60">
							<String ID="string_31" HPOS="530" VPOS="430" WIDTH="60" HEIGHT="36" WC="0.95" CONTENT="En"/><SP WIDTH="27" VPOS="430" HPOS="590"/>
							<String ID="string_32" HPOS="617" VPOS="431" WIDTH="118" HEIGHT="36" WC="0.93" CONTENT="sådan"/><SP WIDTH="27" VPOS="431" HPOS="735"/>
							<String ID="string_33" HPOS="762" VPOS="430" WIDTH="262" HEIGHT="50" WC="0.91" CONTENT="likformighet"/><SP WIDTH="26" VPOS="430" HPOS="1024"/>
							<String ID="string_34" HPOS="1050" VPOS="433" WIDTH="86" HEIGHT="36" WC="0.96" CONTENT="med"/><SP WIDTH="19" VPOS="433" HPOS="1136"/>
							<String ID="string_35" HPOS="1155" VPOS="434" WIDTH="180" HEIGHT="38" WC="0.93" CONTENT="afseende"/><SP WIDTH="19" VPOS="434" HPOS="1335"/>
							<String ID="string_36" HPOS="1354" VPOS="439" WIDTH="20" HEIGHT="33" WC="0.92" CONTENT="å"/><SP WIDTH="19" VPOS="439" HPOS="1374"/>
							<String ID="string_37" HPOS="1393" VPOS="436" WIDTH="236" HEIGHT="49" WC="0.96" CONTENT="beviljandet"/><SP WIDTH="15" VPOS="436" HPOS="1629"/>
							<String ID="string_38" HPOS="1644" VPOS="438" WIDTH="39" HEIGHT="37" WC="0.96" CONTENT="af"/><SP WIDTH="18" VPOS="438" HPOS="1683"/>
							<String ID="string_39" HPOS="1701" VPOS="439" WIDTH="144" HEIGHT="48" WC="0.93" CONTENT="begärd"/><SP WIDTH="17" VPOS="439" HPOS="1845"/>
							<String ID="string_40" HPOS="1862" VPOS="441" WIDTH="133" HEIGHT="49" WC="0.90" CONTENT="rättig-"/>
						</TextLine>
						<TextLine ID="line_5" HPOS="396" VPOS="480" WIDTH="1598" HEIGHT="57">
							<String ID="string_41" HPOS="396" VPOS="481" WIDTH="66" HEIGHT="36" WC="0.96" CONTENT="het"/><SP WIDTH="37" VPOS="481" HPOS="462"/>
							<String ID="string_42" HPOS="499" VPOS="481" WIDTH="57" HEIGHT="36" WC="0.96" CONTENT="till"/><SP WIDTH="32" VPOS="481" HPOS="556"/>
							<String ID="string_43" HPOS="588" VPOS="480" WIDTH="110" HEIGHT="38" WC="0.96" CONTENT="dessa"/><SP WIDTH="31" VPOS="480" HPOS="698"/>
							<String ID="string_44" HPOS="729" VPOS="482" WIDTH="99" HEIGHT="36" WC="0.96" CONTENT="båda"/><SP WIDTH="28" VPOS="482" HPOS="828"/>
							<String ID="string_45" HPOS="856" VPOS="483" WIDTH="83" HEIGHT="48" WC="0.96" CONTENT="slag"/><SP WIDTH="28" VPOS="483" HPOS="939"/>
							<String ID="string_46" HPOS="967" VPOS="484" WIDTH="43" HEIGHT="35" WC="0.93" CONTENT="af"/><SP WIDTH="24" VPOS="484" HPOS="1010"/>
							<String ID="string_47" HPOS="1034" VPOS="484" WIDTH="78" HEIGHT="35" WC="0.92" CONTENT="vin-"/><SP WIDTH="29" VPOS="484" HPOS="1112"/>
							<String ID="string_48" HPOS="1141" VPOS="485" WIDTH="72" HEIGHT="36" WC="0.93" CONTENT="och"/><SP WIDTH="29" VPOS="485" HPOS="1213"/>
							<String ID="string_49" HPOS="1242" VPOS="486" WIDTH="498" HEIGHT="51" WC="0.92" CONTENT="maltdrycksutskänkning"/><SP WIDTH="27" VPOS="486" HPOS="1740"/>
							<String ID="string_50" HPOS="1767" VPOS="491" WIDTH="74" HEIGHT="36" WC="0.97" CONTENT="kan"/><SP WIDTH="27" VPOS="491" HPOS="1841"/>
							<String ID="string_51" HPOS="1868" VPOS="505" WIDTH="45" HEIGHT="22" WC="0.93" CONTENT="ur"/><SP WIDTH="28" VPOS="505" HPOS="1913"/>
							<String ID="string_52" HPOS="1941" VPOS="495" WIDTH="53" HEIGHT="33" WC="0.92" CONTENT="åt-"/>
						</TextLine>
						<TextLine ID="line_6" HPOS="397" VPOS="532" WIDTH="1598" HEIGHT="57">
							<String ID="string_53" HPOS="397" VPOS="532" WIDTH="154" HEIGHT="48" WC="0.92" CONTENT="skilliga"/><SP WIDTH="41" VPOS="532" HPOS="551"/>
							<String ID="string_54" HPOS="592" VPOS="533" WIDTH="239" HEIGHT="48" WC="0.96" CONTENT="synpunkter"/><SP WIDTH="31" VPOS="533" HPOS="831"/>
							<String ID="string_55" HPOS="862" VPOS="546" WIDTH="92" HEIGHT="24" WC="0.96" CONTENT="vara"/><SP WIDTH="27" VPOS="546" HPOS="954"/>
							<String ID="string_56" HPOS="981" VPOS="534" WIDTH="174" HEIGHT="48" WC="0.96" CONTENT="befogad."/><SP WIDTH="55" VPOS="534" HPOS="1155"/>
							<String ID="string_57" HPOS="1210" VPOS="536" WIDTH="83" HEIGHT="37" WC="0.92" CONTENT="Den"/><SP WIDTH="27" VPOS="536" HPOS="1293"/>
							<String ID="string_58" HPOS="1320" VPOS="537" WIDTH="443" HEIGHT="51" WC="0.91" CONTENT="utskänkningsrörelse,"/><SP WIDTH="29" VPOS="537" HPOS="1763"/>
							<String ID="string_59" HPOS="1792" VPOS="554" WIDTH="81" HEIGHT="24" WC="0.96" CONTENT="som"/><SP WIDTH="29" VPOS="554" HPOS="1873"/>
							<String ID="string_60" HPOS="1902" VPOS="555" WIDTH="93" HEIGHT="34" WC="0.96" CONTENT="eger"/>
						</TextLine>
						<TextLine ID="line_7" HPOS="396" VPOS="582" WIDTH="1598" HEIGHT="56">
							<String ID="string_61" HPOS="396" VPOS="596" WIDTH="82" HEIGHT="22" WC="0.93" CONTENT="rum"/><SP WIDTH="29" VPOS="596" HPOS="478"/>
							<String ID="string_62" HPOS="507" VPOS="585" WIDTH="21" HEIGHT="33" WC="0.90" CONTENT="å"/><SP WIDTH="26" VPOS="585" HPOS="528"/>
							<String ID="string_63" HPOS="554" VPOS="582" WIDTH="314" HEIGHT="49" WC="0.90" CONTENT="lägerplatserna,"/><SP WIDTH="20" VPOS="582" HPOS="868"/>
							<String ID="string_64" HPOS="888" VPOS="584" WIDTH="177" HEIGHT="49" WC="0.92" CONTENT="betjenar"/><SP WIDTH="17" VPOS="584" HPOS="1065"/>
							<String ID="string_65" HPOS="1082" VPOS="586" WIDTH="84" HEIGHT="37" WC="0.96" CONTENT="icke"/><SP WIDTH="21" VPOS="586" HPOS="1166"/>
							<String ID="string_66" HPOS="1187" VPOS="587" WIDTH="136" HEIGHT="37" WC="0.96" CONTENT="endast"/><SP WIDTH="19" VPOS="587" HPOS="1323"/>
							<String ID="string_67" HPOS="1342" VPOS="587" WIDTH="73" HEIGHT="37" WC="0.95" CONTENT="den"/><SP WIDTH="22" VPOS="587" HPOS="1415"/>
							<String ID="string_68" HPOS="1437" VPOS="588" WIDTH="56" HEIGHT="36" WC="0.93" CONTENT="till"/><SP WIDTH="19" VPOS="588" HPOS="1493"/>
							<String ID="string_69" HPOS="1512" VPOS="589" WIDTH="328" HEIGHT="49" WC="0.91" CONTENT="truppförbanden"/><SP WIDTH="16" VPOS="589" HPOS="1840"/>
							<String ID="string_70" HPOS="1856" VPOS="593" WIDTH="138" HEIGHT="36" WC="0.92" CONTENT="höran-"/>
						</TextLine>
						<TextLine ID="line_8" HPOS="396" VPOS="633" WIDTH="1598" HEIGHT="59">
							<String ID="string_71" HPOS="396" VPOS="633" WIDTH="47" HEIGHT="36" WC="0.96" CONTENT="de"/><SP WIDTH="40" VPOS="633" HPOS="443"/>
							<String ID="string_72" HPOS="483" VPOS="633" WIDTH="189" HEIGHT="49" WC="0.96" CONTENT="personal,"/><SP WIDTH="41" VPOS="633" HPOS="672"/>
							<String ID="string_73" HPOS="713" VPOS="639" WIDTH="90" HEIGHT="31" WC="0.96" CONTENT="utan"/><SP WIDTH="32" VPOS="639" HPOS="803"/>
							<String ID="string_74" HPOS="835" VPOS="634" WIDTH="112" HEIGHT="37" WC="0.96" CONTENT="äfven"/><SP WIDTH="29" VPOS="634" HPOS="947"/>
							<String ID="string_75" HPOS="976" VPOS="635" WIDTH="74" HEIGHT="37" WC="0.96" CONTENT="den"/><SP WIDTH="28" VPOS="635" HPOS="1050"/>
							<String ID="string_76" HPOS="1078" VPOS="642" WIDTH="102" HEIGHT="31" WC="0.95" CONTENT="stora"/><SP WIDTH="28" VPOS="642" HPOS="1180"/>
							<String ID="string_77" HPOS="1208" VPOS="637" WIDTH="216" HEIGHT="48" WC="0.96" CONTENT="allmänhet,"/><SP WIDTH="30" VPOS="637" HPOS="1424"/>
							<String ID="string_78" HPOS="1454" VPOS="652" WIDTH="81" HEIGHT="23" WC="0.96" CONTENT="som"/><SP WIDTH="29" VPOS="652" HPOS="1535"/>
							<String ID="string_79" HPOS="1564" VPOS="643" WIDTH="48" HEIGHT="45" WC="0.97" CONTENT="på"/><SP WIDTH="26" VPOS="643" HPOS="1612"/>
							<String ID="string_80" HPOS="1638" VPOS="642" WIDTH="126" HEIGHT="46" WC="0.96" CONTENT="grund"/><SP WIDTH="29" VPOS="642" HPOS="1764"/>
							<String ID="string_81" HPOS="1793" VPOS="642" WIDTH="40" HEIGHT="37" WC="0.96" CONTENT="af"/><SP WIDTH="23" VPOS="642" HPOS="1833"/>
							<String ID="string_82" HPOS="1856" VPOS="646" WIDTH="138" HEIGHT="46" WC="0.96" CONTENT="många"/>
						</TextLine>
						<TextLine ID="line_9" HPOS="395" VPOS="684" WIDTH="1598" HEIGHT="56">
							<String ID="string_83" HPOS="395" VPOS="684" WIDTH="341" HEIGHT="47" WC="0.95" CONTENT="omständigheter,"/><SP WIDTH="43" VPOS="684" HPOS="736"/>
							<String ID="string_84" HPOS="779" VPOS="686" WIDTH="34" HEIGHT="48" WC="0.96" CONTENT="ej"/><SP WIDTH="45" VPOS="686" HPOS="813"/>
							<String ID="string_85" HPOS="858" VPOS="685" WIDTH="116" HEIGHT="37" WC="0.95" CONTENT="minst"/><SP WIDTH="29" VPOS="685" HPOS="974"/>
							<String ID="string_86" HPOS="1003" VPOS="686" WIDTH="73" HEIGHT="37" WC="0.96" CONTENT="den"/><SP WIDTH="27" VPOS="686" HPOS="1076"/>
							<String ID="string_87" HPOS="1103" VPOS="692" WIDTH="54" HEIGHT="31" WC="0.96" CONTENT="att"/><SP WIDTH="28" VPOS="692" HPOS="1157"/>
							<String ID="string_88" HPOS="1185" VPOS="688" WIDTH="118" HEIGHT="36" WC="0.96" CONTENT="sådan"/><SP WIDTH="27" VPOS="688" HPOS="1303"/>
							<String ID="string_89" HPOS="1330" VPOS="689" WIDTH="262" HEIGHT="50" WC="0.96" CONTENT="utskänkning"/><SP WIDTH="27" VPOS="689" HPOS="1592"/>
							<String ID="string_90" HPOS="1619" VPOS="690" WIDTH="66" HEIGHT="37" WC="0.96" CONTENT="der"/><SP WIDTH="28" VPOS="690" HPOS="1685"/>
							<String ID="string_91" HPOS="1713" VPOS="697" WIDTH="41" HEIGHT="31" WC="0.96" CONTENT="är"/><SP WIDTH="29" VPOS="697" HPOS="1754"/>
							<String ID="string_92" HPOS="1783" VPOS="694" WIDTH="210" HEIGHT="46" WC="0.96" CONTENT="anordnad,"/>
						</TextLine>
						<TextLine ID="line_10" HPOS="396" VPOS="734" WIDTH="1598" HEIGHT="59">
							<String ID="string_93" HPOS="396" VPOS="734" WIDTH="140" HEIGHT="49" WC="0.91" CONTENT="drages"/><SP WIDTH="29" VPOS="734" HPOS="536"/>
							<String ID="string_94" HPOS="565" VPOS="735" WIDTH="55" HEIGHT="36" WC="0.93" CONTENT="till"/><SP WIDTH="27" VPOS="735" HPOS="620"/>
							<String ID="string_95" HPOS="647" VPOS="735" WIDTH="316" HEIGHT="50" WC="0.90" CONTENT="lägerplatserna."/><SP WIDTH="55" VPOS="735" HPOS="963"/>
							<String ID="string_96" HPOS="1018" VPOS="737" WIDTH="351" HEIGHT="51" WC="0.95" CONTENT="Framställningar,"/><SP WIDTH="26" VPOS="737" HPOS="1369"/>
							<String ID="string_97" HPOS="1395" VPOS="753" WIDTH="81" HEIGHT="24" WC="0.96" CONTENT="som"/><SP WIDTH="22" VPOS="753" HPOS="1476"/>
							<String ID="string_98" HPOS="1498" VPOS="741" WIDTH="41" HEIGHT="36" WC="0.95" CONTENT="af"/><SP WIDTH="14" VPOS="741" HPOS="1539"/>
							<String ID="string_99" HPOS="1553" VPOS="741" WIDTH="244" HEIGHT="38" WC="0.93" CONTENT="kommunala"/><SP WIDTH="19" VPOS="741" HPOS="1797"/>
							<String ID="string_100" HPOS="1816" VPOS="744" WIDTH="178" HEIGHT="49" WC="0.92" CONTENT="myndig-"/>
						</TextLine>
						<TextLine ID="line_11" HPOS="394" VPOS="785" WIDTH="1600" HEIGHT="56">
							<String ID="string_101" HPOS="394" VPOS="786" WIDTH="112" HEIGHT="36" WC="0.96" CONTENT="heter"/><SP WIDTH="26" VPOS="786" HPOS="506"/>
							<String ID="string_102" HPOS="532" VPOS="785" WIDTH="122" HEIGHT="49" WC="0.96" CONTENT="gjorts"/><SP WIDTH="27" VPOS="785" HPOS="654"/>
							<String ID="string_103" HPOS="681" VPOS="786" WIDTH="59" HEIGHT="36" WC="0.96" CONTENT="för"/><SP WIDTH="28" VPOS="786" HPOS="740"/>
							<String ID="string_104" HPOS="768" VPOS="792" WIDTH="54" HEIGHT="31" WC="0.96" CONTENT="att"/><SP WIDTH="27" VPOS="792" HPOS="822"/>
							<String ID="string_105" HPOS="849" VPOS="786" WIDTH="35" HEIGHT="36" WC="0.93" CONTENT="få"/><SP WIDTH="26" VPOS="786" HPOS="884"/>
							<String ID="string_106" HPOS="910" VPOS="788" WIDTH="452" HEIGHT="48" WC="0.76" CONTENT="utskänkningsrörelsen"/><SP WIDTH="30" VPOS="788" HPOS="1362"/>
							<String ID="string_107" HPOS="1392" VPOS="794" WIDTH="21" HEIGHT="33" WC="0.91" CONTENT="å"/><SP WIDTH="27" VPOS="794" HPOS="1413"/>
							<String ID="string_108" HPOS="1440" VPOS="791" WIDTH="304" HEIGHT="50" WC="0.92" CONTENT="lägerplatserna"/><SP WIDTH="28" VPOS="791" HPOS="1744"/>
							<String ID="string_109" HPOS="1772" VPOS="794" WIDTH="10" HEIGHT="35" WC="0.96" CONTENT="i"/><SP WIDTH="29" VPOS="794" HPOS="1782"/>
							<String ID="string_110" HPOS="1811" VPOS="797" WIDTH="41" HEIGHT="34" WC="0.96" CONTENT="så"/><SP WIDTH="24" VPOS="797" HPOS="1852"/>
							<String ID="string_111" HPOS="1876" VPOS="798" WIDTH="118" HEIGHT="33" WC="0.95" CONTENT="måtto"/>
						</TextLine>
						<TextLine ID="line_12" HPOS="393" VPOS="837" WIDTH="1600" HEIGHT="54">
							<String ID="string_112" HPOS="393" VPOS="837" WIDTH="215" HEIGHT="45" WC="0.96" CONTENT="inskränkt,"/><SP WIDTH="43" VPOS="837" HPOS="608"/>
							<String ID="string_113" HPOS="651" VPOS="842" WIDTH="54" HEIGHT="31" WC="0.96" CONTENT="att"/><SP WIDTH="39" VPOS="842" HPOS="705"/>
							<String ID="string_114" HPOS="744" VPOS="837" WIDTH="73" HEIGHT="36" WC="0.96" CONTENT="den"/><SP WIDTH="32" VPOS="837" HPOS="817"/>
							<String ID="string_115" HPOS="849" VPOS="838" WIDTH="242" HEIGHT="37" WC="0.93" CONTENT="uteslutande"/><SP WIDTH="28" VPOS="838" HPOS="1091"/>
							<String ID="string_116" HPOS="1119" VPOS="839" WIDTH="155" HEIGHT="49" WC="0.91" CONTENT="afsåges"/><SP WIDTH="26" VPOS="839" HPOS="1274"/>
							<String ID="string_117" HPOS="1300" VPOS="841" WIDTH="58" HEIGHT="36" WC="0.96" CONTENT="för"/><SP WIDTH="27" VPOS="841" HPOS="1358"/>
							<String ID="string_118" HPOS="1385" VPOS="841" WIDTH="57" HEIGHT="37" WC="0.92" CONTENT="till"/><SP WIDTH="28" VPOS="841" HPOS="1442"/>
							<String ID="string_119" HPOS="1470" VPOS="842" WIDTH="325" HEIGHT="49" WC="0.92" CONTENT="truppförbanden"/><SP WIDTH="29" VPOS="842" HPOS="1795"/>
							<String ID="string_120" HPOS="1824" VPOS="845" WIDTH="169" HEIGHT="37" WC="0.96" CONTENT="hörande"/>
						</TextLine>
						<TextLine ID="line_13" HPOS="395" VPOS="887" WIDTH="971" HEIGHT="50">
							<String ID="string_121" HPOS="395" VPOS="887" WIDTH="191" HEIGHT="50" WC="0.94" CONTENT="personal,"/><SP WIDTH="27" VPOS="887" HPOS="586"/>
							<String ID="string_122" HPOS="613" VPOS="887" WIDTH="113" HEIGHT="36" WC="0.96" CONTENT="hafva"/><SP WIDTH="27" VPOS="887" HPOS="726"/>
							<String ID="string_123" HPOS="753" VPOS="888" WIDTH="85" HEIGHT="36" WC="0.93" CONTENT="icke"/><SP WIDTH="27" VPOS="888" HPOS="838"/>
							<String ID="string_124" HPOS="865" VPOS="888" WIDTH="81" HEIGHT="37" WC="0.91" CONTENT="ledt"/><SP WIDTH="27" VPOS="888" HPOS="946"/>
							<String ID="string_125" HPOS="973" VPOS="889" WIDTH="57" HEIGHT="36" WC="0.96" CONTENT="till"/><SP WIDTH="27" VPOS="889" HPOS="1030"/>
							<String ID="string_126" HPOS="1057" VPOS="892" WIDTH="114" HEIGHT="45" WC="0.96" CONTENT="något"/><SP WIDTH="27" VPOS="892" HPOS="1171"/>
							<String ID="string_127" HPOS="1198" VPOS="890" WIDTH="168" HEIGHT="38" WC="0.95" CONTENT="resultat."/>
						</TextLine>
					</TextBlock>
					<TextBlock ID="block_3" HPOS="394" VPOS="938" WIDTH="1601" HEIGHT="303">
						<TextLine ID="line_14" HPOS="531" VPOS="938" WIDTH="1464" HEIGHT="55">
							<String ID="string_128" HPOS="531" VPOS="938" WIDTH="56" HEIGHT="37" WC="0.90" CONTENT="Då"/><SP WIDTH="36" VPOS="938" HPOS="587"/>
							<String ID="string_129" HPOS="623" VPOS="938" WIDTH="455" HEIGHT="48" WC="0.90" CONTENT="utskänkningsrörelsen"/><SP WIDTH="40" VPOS="938" HPOS="1078"/>
							<String ID="string_130" HPOS="1118" VPOS="943" WIDTH="20" HEIGHT="33" WC="0.89" CONTENT="å"/><SP WIDTH="40" VPOS="943" HPOS="1138"/>
							<String ID="string_131" HPOS="1178" VPOS="940" WIDTH="253" HEIGHT="51" WC="0.89" CONTENT="lägerplatser"/><SP WIDTH="39" VPOS="940" HPOS="1431"/>
							<String ID="string_132" HPOS="1470" VPOS="943" WIDTH="157" HEIGHT="37" WC="0.96" CONTENT="sålunda"/><SP WIDTH="41" VPOS="943" HPOS="1627"/>
							<String ID="string_133" HPOS="1668" VPOS="957" WIDTH="96" HEIGHT="36" WC="0.95" CONTENT="eger"/><SP WIDTH="39" VPOS="957" HPOS="1764"/>
							<String ID="string_134" HPOS="1803" VPOS="959" WIDTH="81" HEIGHT="22" WC="0.95" CONTENT="rum"/><SP WIDTH="29" VPOS="959" HPOS="1884"/>
							<String ID="string_135" HPOS="1913" VPOS="946" WIDTH="12" HEIGHT="35" WC="0.96" CONTENT="i"/><SP WIDTH="29" VPOS="946" HPOS="1925"/>
							<String ID="string_136" HPOS="1954" VPOS="950" WIDTH="41" HEIGHT="33" WC="0.95" CONTENT="så"/>
						</TextLine>
						<TextLine ID="line_15" HPOS="395" VPOS="989" WIDTH="1599" HEIGHT="56">
							<String ID="string_137" HPOS="395" VPOS="990" WIDTH="213" HEIGHT="37" WC="0.96" CONTENT="vidsträckt"/><SP WIDTH="27" VPOS="990" HPOS="608"/>
							<String ID="string_138" HPOS="635" VPOS="989" WIDTH="243" HEIGHT="48" WC="0.96" CONTENT="omfattning,"/><SP WIDTH="28" VPOS="989" HPOS="878"/>
							<String ID="string_139" HPOS="906" VPOS="990" WIDTH="116" HEIGHT="37" WC="0.96" CONTENT="hafva"/><SP WIDTH="27" VPOS="990" HPOS="1022"/>
							<String ID="string_140" HPOS="1049" VPOS="991" WIDTH="274" HEIGHT="38" WC="0.95" CONTENT="kommunerna"/><SP WIDTH="27" VPOS="991" HPOS="1323"/>
							<String ID="string_141" HPOS="1350" VPOS="993" WIDTH="122" HEIGHT="36" WC="0.97" CONTENT="under"/><SP WIDTH="28" VPOS="993" HPOS="1472"/>
							<String ID="string_142" HPOS="1500" VPOS="994" WIDTH="72" HEIGHT="37" WC="0.97" CONTENT="den"/><SP WIDTH="28" VPOS="994" HPOS="1572"/>
							<String ID="string_143" HPOS="1600" VPOS="995" WIDTH="54" HEIGHT="35" WC="0.93" CONTENT="tid"/><SP WIDTH="28" VPOS="995" HPOS="1654"/>
							<String ID="string_144" HPOS="1682" VPOS="996" WIDTH="312" HEIGHT="49" WC="0.92" CONTENT="utskänkningen"/>
						</TextLine>
						<TextLine ID="line_16" HPOS="395" VPOS="1039" WIDTH="1599" HEIGHT="56">
							<String ID="string_145" HPOS="395" VPOS="1044" WIDTH="120" HEIGHT="46" WC="0.96" CONTENT="pågår"/><SP WIDTH="26" VPOS="1044" HPOS="515"/>
							<String ID="string_146" HPOS="541" VPOS="1040" WIDTH="12" HEIGHT="36" WC="0.95" CONTENT="i"/><SP WIDTH="28" VPOS="1040" HPOS="553"/>
							<String ID="string_147" HPOS="581" VPOS="1040" WIDTH="102" HEIGHT="36" WC="0.96" CONTENT="vissa"/><SP WIDTH="40" VPOS="1040" HPOS="683"/>
							<String ID="string_148" HPOS="723" VPOS="1039" WIDTH="66" HEIGHT="37" WC="0.96" CONTENT="fall"/><SP WIDTH="38" VPOS="1039" HPOS="789"/>
							<String ID="string_149" HPOS="827" VPOS="1045" WIDTH="121" HEIGHT="31" WC="0.96" CONTENT="större"/><SP WIDTH="43" VPOS="1045" HPOS="948"/>
							<String ID="string_150" HPOS="991" VPOS="1041" WIDTH="208" HEIGHT="47" WC="0.96" CONTENT="olägenhet"/><SP WIDTH="39" VPOS="1041" HPOS="1199"/>
							<String ID="string_151" HPOS="1238" VPOS="1042" WIDTH="41" HEIGHT="36" WC="0.95" CONTENT="af"/><SP WIDTH="34" VPOS="1042" HPOS="1279"/>
							<String ID="string_152" HPOS="1313" VPOS="1043" WIDTH="117" HEIGHT="36" WC="0.95" CONTENT="sådan"/><SP WIDTH="33" VPOS="1043" HPOS="1430"/>
							<String ID="string_153" HPOS="1463" VPOS="1049" WIDTH="46" HEIGHT="31" WC="0.96" CONTENT="än"/><SP WIDTH="35" VPOS="1049" HPOS="1509"/>
							<String ID="string_154" HPOS="1544" VPOS="1045" WIDTH="42" HEIGHT="35" WC="0.96" CONTENT="af"/><SP WIDTH="23" VPOS="1045" HPOS="1586"/>
							<String ID="string_155" HPOS="1609" VPOS="1046" WIDTH="131" HEIGHT="48" WC="0.96" CONTENT="vanlig"/><SP WIDTH="27" VPOS="1046" HPOS="1740"/>
							<String ID="string_156" HPOS="1767" VPOS="1052" WIDTH="227" HEIGHT="43" WC="0.96" CONTENT="permanent"/>
						</TextLine>
						<TextLine ID="line_17" HPOS="395" VPOS="1090" WIDTH="1597" HEIGHT="56">
							<String ID="string_157" HPOS="395" VPOS="1091" WIDTH="275" HEIGHT="48" WC="0.95" CONTENT="utskänkning,"/><SP WIDTH="42" VPOS="1091" HPOS="670"/>
							<String ID="string_158" HPOS="712" VPOS="1090" WIDTH="106" HEIGHT="37" WC="0.95" CONTENT="detta"/><SP WIDTH="40" VPOS="1090" HPOS="818"/>
							<String ID="string_159" HPOS="858" VPOS="1091" WIDTH="160" HEIGHT="37" WC="0.96" CONTENT="emedan"/><SP WIDTH="38" VPOS="1091" HPOS="1018"/>
							<String ID="string_160" HPOS="1056" VPOS="1092" WIDTH="272" HEIGHT="49" WC="0.95" CONTENT="befolkningen"/><SP WIDTH="27" VPOS="1092" HPOS="1328"/>
							<String ID="string_161" HPOS="1355" VPOS="1107" WIDTH="122" HEIGHT="35" WC="0.96" CONTENT="gerna"/><SP WIDTH="27" VPOS="1107" HPOS="1477"/>
							<String ID="string_162" HPOS="1504" VPOS="1095" WIDTH="162" HEIGHT="37" WC="0.95" CONTENT="infinner"/><SP WIDTH="29" VPOS="1095" HPOS="1666"/>
							<String ID="string_163" HPOS="1695" VPOS="1097" WIDTH="62" HEIGHT="47" WC="0.96" CONTENT="sig"/><SP WIDTH="26" VPOS="1097" HPOS="1757"/>
							<String ID="string_164" HPOS="1783" VPOS="1101" WIDTH="49" HEIGHT="45" WC="0.96" CONTENT="på"/><SP WIDTH="26" VPOS="1101" HPOS="1832"/>
							<String ID="string_165" HPOS="1858" VPOS="1098" WIDTH="134" HEIGHT="47" WC="0.96" CONTENT="lägret."/>
						</TextLine>
						<TextLine ID="line_18" HPOS="395" VPOS="1140" WIDTH="1598" HEIGHT="52">
							<String ID="string_166" HPOS="395" VPOS="1142" WIDTH="125" HEIGHT="36" WC="0.96" CONTENT="Dessa"/><SP WIDTH="40" VPOS="1142" HPOS="520"/>
							<String ID="string_167" HPOS="560" VPOS="1141" WIDTH="251" HEIGHT="49" WC="0.96" CONTENT="olägenheter"/><SP WIDTH="37" VPOS="1141" HPOS="811"/>
							<String ID="string_168" HPOS="848" VPOS="1140" WIDTH="131" HEIGHT="49" WC="0.96" CONTENT="blifva,"/><SP WIDTH="34" VPOS="1140" HPOS="979"/>
							<String ID="string_169" HPOS="1013" VPOS="1145" WIDTH="123" HEIGHT="34" WC="0.95" CONTENT="såsom"/><SP WIDTH="29" VPOS="1145" HPOS="1136"/>
							<String ID="string_170" HPOS="1165" VPOS="1143" WIDTH="237" HEIGHT="37" WC="0.96" CONTENT="motionären"/><SP WIDTH="29" VPOS="1143" HPOS="1402"/>
							<String ID="string_171" HPOS="1431" VPOS="1145" WIDTH="154" HEIGHT="47" WC="0.95" CONTENT="erinrar,"/><SP WIDTH="29" VPOS="1145" HPOS="1585"/>
							<String ID="string_172" HPOS="1614" VPOS="1152" WIDTH="122" HEIGHT="31" WC="0.96" CONTENT="större"/><SP WIDTH="29" VPOS="1152" HPOS="1736"/>
							<String ID="string_173" HPOS="1765" VPOS="1147" WIDTH="11" HEIGHT="36" WC="0.96" CONTENT="i"/><SP WIDTH="28" VPOS="1147" HPOS="1776"/>
							<String ID="string_174" HPOS="1804" VPOS="1148" WIDTH="73" HEIGHT="37" WC="0.96" CONTENT="den"/><SP WIDTH="28" VPOS="1148" HPOS="1877"/>
							<String ID="string_175" HPOS="1905" VPOS="1151" WIDTH="88" HEIGHT="34" WC="0.96" CONTENT="mån"/>
						</TextLine>
						<TextLine ID="line_19" HPOS="394" VPOS="1191" WIDTH="752" HEIGHT="50">
							<String ID="string_176" HPOS="394" VPOS="1206" WIDTH="83" HEIGHT="23" WC="0.93" CONTENT="som"/><SP WIDTH="29" VPOS="1206" HPOS="477"/>
							<String ID="string_177" HPOS="506" VPOS="1191" WIDTH="390" HEIGHT="50" WC="0.91" CONTENT="vapenöfningstiden"/><SP WIDTH="26" VPOS="1191" HPOS="896"/>
							<String ID="string_178" HPOS="922" VPOS="1193" WIDTH="224" HEIGHT="36" WC="0.91" CONTENT="utsträckes."/>
						</TextLine>
					</TextBlock>
					<TextBlock ID="block_4" HPOS="391" VPOS="1242" WIDTH="1603" HEIGHT="443">
						<TextLine ID="line_20" HPOS="528" VPOS="1242" WIDTH="1465" HEIGHT="55">
							<String ID="string_179" HPOS="528" VPOS="1243" WIDTH="68" HEIGHT="36" WC="0.96" CONTENT="Att"/><SP WIDTH="38" VPOS="1243" HPOS="596"/>
							<String ID="string_180" HPOS="634" VPOS="1242" WIDTH="46" HEIGHT="37" WC="0.96" CONTENT="de"/><SP WIDTH="42" VPOS="1242" HPOS="680"/>
							<String ID="string_181" HPOS="722" VPOS="1242" WIDTH="240" HEIGHT="37" WC="0.96" CONTENT="kommunala"/><SP WIDTH="32" VPOS="1242" HPOS="962"/>
							<String ID="string_182" HPOS="994" VPOS="1243" WIDTH="320" HEIGHT="49" WC="0.95" CONTENT="myndigheterna"/><SP WIDTH="31" VPOS="1243" HPOS="1314"/>
							<String ID="string_183" HPOS="1345" VPOS="1245" WIDTH="120" HEIGHT="37" WC="0.96" CONTENT="under"/><SP WIDTH="28" VPOS="1245" HPOS="1465"/>
							<String ID="string_184" HPOS="1493" VPOS="1247" WIDTH="141" HEIGHT="37" WC="0.96" CONTENT="sådana"/><SP WIDTH="27" VPOS="1247" HPOS="1634"/>
							<String ID="string_185" HPOS="1661" VPOS="1249" WIDTH="332" HEIGHT="48" WC="0.96" CONTENT="omständigheter"/>
						</TextLine>
						<TextLine ID="line_21" HPOS="394" VPOS="1293" WIDTH="1599" HEIGHT="50">
							<String ID="string_186" HPOS="394" VPOS="1293" WIDTH="146" HEIGHT="37" WC="0.96" CONTENT="erhålla"/><SP WIDTH="26" VPOS="1293" HPOS="540"/>
							<String ID="string_187" HPOS="566" VPOS="1298" WIDTH="75" HEIGHT="32" WC="0.96" CONTENT="rätt"/><SP WIDTH="27" VPOS="1298" HPOS="641"/>
							<String ID="string_188" HPOS="668" VPOS="1297" WIDTH="55" HEIGHT="33" WC="0.96" CONTENT="att"/><SP WIDTH="27" VPOS="1297" HPOS="723"/>
							<String ID="string_189" HPOS="750" VPOS="1293" WIDTH="118" HEIGHT="36" WC="0.96" CONTENT="uttala"/><SP WIDTH="27" VPOS="1293" HPOS="868"/>
							<String ID="string_190" HPOS="895" VPOS="1293" WIDTH="58" HEIGHT="36" WC="0.96" CONTENT="sin"/><SP WIDTH="29" VPOS="1293" HPOS="953"/>
							<String ID="string_191" HPOS="982" VPOS="1294" WIDTH="155" HEIGHT="49" WC="0.96" CONTENT="mening"/><SP WIDTH="28" VPOS="1294" HPOS="1137"/>
							<String ID="string_192" HPOS="1165" VPOS="1295" WIDTH="73" HEIGHT="37" WC="0.96" CONTENT="och"/><SP WIDTH="29" VPOS="1295" HPOS="1238"/>
							<String ID="string_193" HPOS="1267" VPOS="1296" WIDTH="111" HEIGHT="36" WC="0.93" CONTENT="äfven"/><SP WIDTH="28" VPOS="1296" HPOS="1378"/>
							<String ID="string_194" HPOS="1406" VPOS="1321" WIDTH="50" HEIGHT="4" WC="0.92" CONTENT="—"/><SP WIDTH="28" VPOS="1321" HPOS="1456"/>
							<String ID="string_195" HPOS="1484" VPOS="1311" WIDTH="60" HEIGHT="22" WC="0.96" CONTENT="om"/><SP WIDTH="25" VPOS="1311" HPOS="1544"/>
							<String ID="string_196" HPOS="1569" VPOS="1299" WIDTH="142" HEIGHT="36" WC="0.96" CONTENT="nämnd"/><SP WIDTH="24" VPOS="1299" HPOS="1711"/>
							<String ID="string_197" HPOS="1735" VPOS="1299" WIDTH="72" HEIGHT="36" WC="0.96" CONTENT="och"/><SP WIDTH="25" VPOS="1299" HPOS="1807"/>
							<String ID="string_198" HPOS="1832" VPOS="1305" WIDTH="161" HEIGHT="31" WC="0.96" CONTENT="stämma"/>
						</TextLine>
						<TextLine ID="line_22" HPOS="394" VPOS="1343" WIDTH="1598" HEIGHT="53">
							<String ID="string_199" HPOS="394" VPOS="1344" WIDTH="132" HEIGHT="37" WC="0.96" CONTENT="derom"/><SP WIDTH="30" VPOS="1344" HPOS="526"/>
							<String ID="string_200" HPOS="556" VPOS="1349" WIDTH="63" HEIGHT="32" WC="0.96" CONTENT="äro"/><SP WIDTH="28" VPOS="1349" HPOS="619"/>
							<String ID="string_201" HPOS="647" VPOS="1355" WIDTH="91" HEIGHT="25" WC="0.93" CONTENT="ense"/><SP WIDTH="28" VPOS="1355" HPOS="738"/>
							<String ID="string_202" HPOS="766" VPOS="1368" WIDTH="48" HEIGHT="3" WC="0.73" CONTENT="—"/><SP WIDTH="28" VPOS="1368" HPOS="814"/>
							<String ID="string_203" HPOS="842" VPOS="1343" WIDTH="136" HEIGHT="37" WC="0.96" CONTENT="hindra"/><SP WIDTH="28" VPOS="1343" HPOS="978"/>
							<String ID="string_204" HPOS="1006" VPOS="1344" WIDTH="103" HEIGHT="37" WC="0.96" CONTENT="detta"/><SP WIDTH="27" VPOS="1344" HPOS="1109"/>
							<String ID="string_205" HPOS="1136" VPOS="1345" WIDTH="85" HEIGHT="48" WC="0.95" CONTENT="slag"/><SP WIDTH="28" VPOS="1345" HPOS="1221"/>
							<String ID="string_206" HPOS="1249" VPOS="1347" WIDTH="41" HEIGHT="36" WC="0.93" CONTENT="af"/><SP WIDTH="21" VPOS="1347" HPOS="1290"/>
							<String ID="string_207" HPOS="1311" VPOS="1347" WIDTH="430" HEIGHT="49" WC="0.91" CONTENT="utskänkningsrörelse"/><SP WIDTH="34" VPOS="1347" HPOS="1741"/>
							<String ID="string_208" HPOS="1775" VPOS="1350" WIDTH="103" HEIGHT="36" WC="0.96" CONTENT="såväl"/><SP WIDTH="32" VPOS="1350" HPOS="1878"/>
							<String ID="string_209" HPOS="1910" VPOS="1363" WIDTH="82" HEIGHT="24" WC="0.96" CONTENT="som"/>
						</TextLine>
						<TextLine ID="line_23" HPOS="394" VPOS="1393" WIDTH="1598" HEIGHT="57">
							<String ID="string_210" HPOS="394" VPOS="1395" WIDTH="130" HEIGHT="46" WC="0.95" CONTENT="sådan,"/><SP WIDTH="41" VPOS="1395" HPOS="524"/>
							<String ID="string_211" HPOS="565" VPOS="1395" WIDTH="154" HEIGHT="36" WC="0.93" CONTENT="hvilken"/><SP WIDTH="42" VPOS="1395" HPOS="719"/>
							<String ID="string_212" HPOS="761" VPOS="1394" WIDTH="246" HEIGHT="37" WC="0.91" CONTENT="omförmäles"/><SP WIDTH="26" VPOS="1394" HPOS="1007"/>
							<String ID="string_213" HPOS="1033" VPOS="1395" WIDTH="12" HEIGHT="36" WC="0.93" CONTENT="i"/><SP WIDTH="27" VPOS="1395" HPOS="1045"/>
							<String ID="string_214" HPOS="1072" VPOS="1393" WIDTH="21" HEIGHT="49" WC="0.85" CONTENT="$"/><SP WIDTH="27" VPOS="1393" HPOS="1093"/>
							<String ID="string_215" HPOS="1120" VPOS="1398" WIDTH="20" HEIGHT="34" WC="0.95" CONTENT="5"/><SP WIDTH="31" VPOS="1398" HPOS="1140"/>
							<String ID="string_216" HPOS="1171" VPOS="1397" WIDTH="41" HEIGHT="35" WC="0.96" CONTENT="af"/><SP WIDTH="24" VPOS="1397" HPOS="1212"/>
							<String ID="string_217" HPOS="1236" VPOS="1397" WIDTH="68" HEIGHT="36" WC="0.96" CONTENT="här"/><SP WIDTH="38" VPOS="1397" HPOS="1304"/>
							<String ID="string_218" HPOS="1342" VPOS="1398" WIDTH="215" HEIGHT="49" WC="0.93" CONTENT="åberopade"/><SP WIDTH="32" VPOS="1398" HPOS="1557"/>
							<String ID="string_219" HPOS="1589" VPOS="1399" WIDTH="131" HEIGHT="49" WC="0.89" CONTENT="kongl."/><SP WIDTH="35" VPOS="1399" HPOS="1720"/>
							<String ID="string_220" HPOS="1755" VPOS="1399" WIDTH="237" HEIGHT="51" WC="0.96" CONTENT="förordning,"/>
						</TextLine>
						<TextLine ID="line_24" HPOS="393" VPOS="1445" WIDTH="1599" HEIGHT="53">
							<String ID="string_221" HPOS="393" VPOS="1445" WIDTH="109" HEIGHT="37" WC="0.96" CONTENT="torde"/><SP WIDTH="42" VPOS="1445" HPOS="502"/>
							<String ID="string_222" HPOS="544" VPOS="1459" WIDTH="90" HEIGHT="23" WC="0.96" CONTENT="vara"/><SP WIDTH="38" VPOS="1459" HPOS="634"/>
							<String ID="string_223" HPOS="672" VPOS="1445" WIDTH="12" HEIGHT="37" WC="0.90" CONTENT="i"/><SP WIDTH="33" VPOS="1445" HPOS="684"/>
							<String ID="string_224" HPOS="717" VPOS="1445" WIDTH="70" HEIGHT="36" WC="0.93" CONTENT="full"/><SP WIDTH="41" VPOS="1445" HPOS="787"/>
							<String ID="string_225" HPOS="828" VPOS="1445" WIDTH="402" HEIGHT="39" WC="0.92" CONTENT="öfverensstämmelse"/><SP WIDTH="42" VPOS="1445" HPOS="1230"/>
							<String ID="string_226" HPOS="1272" VPOS="1448" WIDTH="84" HEIGHT="36" WC="0.92" CONTENT="med"/><SP WIDTH="41" VPOS="1448" HPOS="1356"/>
							<String ID="string_227" HPOS="1397" VPOS="1448" WIDTH="297" HEIGHT="50" WC="0.91" CONTENT="förordningens"/><SP WIDTH="41" VPOS="1448" HPOS="1694"/>
							<String ID="string_228" HPOS="1735" VPOS="1451" WIDTH="257" HEIGHT="47" WC="0.95" CONTENT="grundtanke,"/>
						</TextLine>
						<TextLine ID="line_25" HPOS="393" VPOS="1496" WIDTH="1601" HEIGHT="55">
							<String ID="string_229" HPOS="393" VPOS="1496" WIDTH="196" HEIGHT="49" WC="0.91" CONTENT="nemligen"/><SP WIDTH="37" VPOS="1496" HPOS="589"/>
							<String ID="string_230" HPOS="626" VPOS="1502" WIDTH="54" HEIGHT="31" WC="0.96" CONTENT="att"/><SP WIDTH="37" VPOS="1502" HPOS="680"/>
							<String ID="string_231" HPOS="717" VPOS="1496" WIDTH="117" HEIGHT="48" WC="0.92" CONTENT="ingen"/><SP WIDTH="40" VPOS="1496" HPOS="834"/>
							<String ID="string_232" HPOS="874" VPOS="1496" WIDTH="422" HEIGHT="49" WC="0.89" CONTENT="landsbygdskommun"/><SP WIDTH="28" VPOS="1496" HPOS="1296"/>
							<String ID="string_233" HPOS="1324" VPOS="1504" WIDTH="78" HEIGHT="31" WC="0.96" CONTENT="mot"/><SP WIDTH="28" VPOS="1504" HPOS="1402"/>
							<String ID="string_234" HPOS="1430" VPOS="1500" WIDTH="59" HEIGHT="36" WC="0.96" CONTENT="sin"/><SP WIDTH="28" VPOS="1500" HPOS="1489"/>
							<String ID="string_235" HPOS="1517" VPOS="1499" WIDTH="89" HEIGHT="48" WC="0.93" CONTENT="vilja"/><SP WIDTH="26" VPOS="1499" HPOS="1606"/>
							<String ID="string_236" HPOS="1632" VPOS="1525" WIDTH="49" HEIGHT="4" WC="0.92" CONTENT="—"/><SP WIDTH="28" VPOS="1525" HPOS="1681"/>
							<String ID="string_237" HPOS="1709" VPOS="1502" WIDTH="285" HEIGHT="49" WC="0.90" CONTENT="samstämmigt"/>
						</TextLine>
						<TextLine ID="line_26" HPOS="392" VPOS="1547" WIDTH="1601" HEIGHT="53">
							<String ID="string_238" HPOS="392" VPOS="1547" WIDTH="147" HEIGHT="36" WC="0.96" CONTENT="uttalad"/><SP WIDTH="28" VPOS="1547" HPOS="539"/>
							<String ID="string_239" HPOS="567" VPOS="1547" WIDTH="40" HEIGHT="36" WC="0.96" CONTENT="af"/><SP WIDTH="22" VPOS="1547" HPOS="607"/>
							<String ID="string_240" HPOS="629" VPOS="1547" WIDTH="141" HEIGHT="37" WC="0.96" CONTENT="nämnd"/><SP WIDTH="30" VPOS="1547" HPOS="770"/>
							<String ID="string_241" HPOS="800" VPOS="1547" WIDTH="70" HEIGHT="36" WC="0.96" CONTENT="och"/><SP WIDTH="29" VPOS="1547" HPOS="870"/>
							<String ID="string_242" HPOS="899" VPOS="1551" WIDTH="162" HEIGHT="33" WC="0.93" CONTENT="stämma"/><SP WIDTH="26" VPOS="1551" HPOS="1061"/>
							<String ID="string_243" HPOS="1087" VPOS="1572" WIDTH="47" HEIGHT="4" WC="0.91" CONTENT="—"/><SP WIDTH="29" VPOS="1572" HPOS="1134"/>
							<String ID="string_244" HPOS="1163" VPOS="1548" WIDTH="98" HEIGHT="37" WC="0.96" CONTENT="skall"/><SP WIDTH="28" VPOS="1548" HPOS="1261"/>
							<String ID="string_245" HPOS="1289" VPOS="1550" WIDTH="129" HEIGHT="36" WC="0.96" CONTENT="kunna"/><SP WIDTH="29" VPOS="1550" HPOS="1418"/>
							<String ID="string_246" HPOS="1447" VPOS="1550" WIDTH="103" HEIGHT="37" WC="0.96" CONTENT="inom"/><SP WIDTH="29" VPOS="1550" HPOS="1550"/>
							<String ID="string_247" HPOS="1579" VPOS="1551" WIDTH="66" HEIGHT="36" WC="0.96" CONTENT="sitt"/><SP WIDTH="32" VPOS="1551" HPOS="1645"/>
							<String ID="string_248" HPOS="1677" VPOS="1552" WIDTH="154" HEIGHT="37" WC="0.96" CONTENT="område"/><SP WIDTH="33" VPOS="1552" HPOS="1831"/>
							<String ID="string_249" HPOS="1864" VPOS="1552" WIDTH="37" HEIGHT="36" WC="0.96" CONTENT="få"/><SP WIDTH="32" VPOS="1552" HPOS="1901"/>
							<String ID="string_250" HPOS="1933" VPOS="1554" WIDTH="60" HEIGHT="46" WC="0.96" CONTENT="sig"/>
						</TextLine>
						<TextLine ID="line_27" HPOS="391" VPOS="1597" WIDTH="1600" HEIGHT="88">
							<String ID="string_251" HPOS="391" VPOS="1597" WIDTH="212" HEIGHT="88" WC="0.91" CONTENT="påtvingad"/><SP WIDTH="33" VPOS="1597" HPOS="603"/>
							<String ID="string_252" HPOS="636" VPOS="1598" WIDTH="80" HEIGHT="36" WC="0.91" CONTENT="vin-"/><SP WIDTH="32" VPOS="1598" HPOS="716"/>
							<String ID="string_253" HPOS="748" VPOS="1598" WIDTH="72" HEIGHT="36" WC="0.93" CONTENT="och"/><SP WIDTH="31" VPOS="1598" HPOS="820"/>
							<String ID="string_254" HPOS="851" VPOS="1598" WIDTH="428" HEIGHT="48" WC="0.91" CONTENT="utskänkningsrörelse"/><SP WIDTH="29" VPOS="1598" HPOS="1279"/>
							<String ID="string_255" HPOS="1308" VPOS="1601" WIDTH="41" HEIGHT="35" WC="0.96" CONTENT="af"/><SP WIDTH="23" VPOS="1601" HPOS="1349"/>
							<String ID="string_256" HPOS="1372" VPOS="1614" WIDTH="105" HEIGHT="23" WC="0.96" CONTENT="mera"/><SP WIDTH="29" VPOS="1614" HPOS="1477"/>
							<String ID="string_257" HPOS="1506" VPOS="1601" WIDTH="216" HEIGHT="48" WC="0.96" CONTENT="betydande"/><SP WIDTH="29" VPOS="1601" HPOS="1722"/>
							<String ID="string_258" HPOS="1751" VPOS="1602" WIDTH="240" HEIGHT="48" WC="0.96" CONTENT="omfattning."/>
						</TextLine>
					</TextBlock>
					<TextBlock ID="block_5" HPOS="389" VPOS="1648" WIDTH="1604" HEIGHT="393">
						<TextLine ID="line_28" HPOS="562" VPOS="1648" WIDTH="1431" HEIGHT="54">
							<String ID="string_259" HPOS="562" VPOS="1648" WIDTH="89" HEIGHT="37" WC="0.92" CONTENT="fven"/><SP WIDTH="40" VPOS="1648" HPOS="651"/>
							<String ID="string_260" HPOS="691" VPOS="1648" WIDTH="59" HEIGHT="37" WC="0.96" CONTENT="för"/><SP WIDTH="33" VPOS="1648" HPOS="750"/>
							<String ID="string_261" HPOS="783" VPOS="1661" WIDTH="46" HEIGHT="24" WC="0.96" CONTENT="en"/><SP WIDTH="33" VPOS="1661" HPOS="829"/>
							<String ID="string_262" HPOS="862" VPOS="1651" WIDTH="41" HEIGHT="33" WC="0.96" CONTENT="så"/><SP WIDTH="27" VPOS="1651" HPOS="903"/>
							<String ID="string_263" HPOS="930" VPOS="1648" WIDTH="109" HEIGHT="48" WC="0.96" CONTENT="långt"/><SP WIDTH="25" VPOS="1648" HPOS="1039"/>
							<String ID="string_264" HPOS="1064" VPOS="1650" WIDTH="148" HEIGHT="47" WC="0.96" CONTENT="gående"/><SP WIDTH="31" VPOS="1650" HPOS="1212"/>
							<String ID="string_265" HPOS="1243" VPOS="1651" WIDTH="132" HEIGHT="47" WC="0.96" CONTENT="åtgärd"/><SP WIDTH="27" VPOS="1651" HPOS="1375"/>
							<String ID="string_266" HPOS="1402" VPOS="1652" WIDTH="49" HEIGHT="36" WC="0.96" CONTENT="ha"/><SP WIDTH="29" VPOS="1652" HPOS="1451"/>
							<String ID="string_267" HPOS="1480" VPOS="1652" WIDTH="96" HEIGHT="36" WC="0.93" CONTENT="både"/><SP WIDTH="29" VPOS="1652" HPOS="1576"/>
							<String ID="string_268" HPOS="1605" VPOS="1654" WIDTH="286" HEIGHT="48" WC="0.90" CONTENT="stammanskap"/><SP WIDTH="29" VPOS="1654" HPOS="1891"/>
							<String ID="string_269" HPOS="1920" VPOS="1654" WIDTH="73" HEIGHT="35" WC="0.96" CONTENT="och"/>
						</TextLine>
						<TextLine ID="line_29" HPOS="392" VPOS="1699" WIDTH="1601" HEIGHT="53">
							<String ID="string_270" HPOS="392" VPOS="1699" WIDTH="258" HEIGHT="49" WC="0.91" CONTENT="värnpligtige"/><SP WIDTH="41" VPOS="1699" HPOS="650"/>
							<String ID="string_271" HPOS="691" VPOS="1699" WIDTH="136" HEIGHT="36" WC="0.96" CONTENT="uttalat"/><SP WIDTH="40" VPOS="1699" HPOS="827"/>
							<String ID="string_272" HPOS="867" VPOS="1699" WIDTH="70" HEIGHT="48" WC="0.96" CONTENT="sig,"/><SP WIDTH="42" VPOS="1699" HPOS="937"/>
							<String ID="string_273" HPOS="979" VPOS="1700" WIDTH="64" HEIGHT="36" WC="0.95" CONTENT="vid"/><SP WIDTH="41" VPOS="1700" HPOS="1043"/>
							<String ID="string_274" HPOS="1084" VPOS="1705" WIDTH="54" HEIGHT="31" WC="0.95" CONTENT="ett"/><SP WIDTH="36" VPOS="1705" HPOS="1138"/>
							<String ID="string_275" HPOS="1174" VPOS="1707" WIDTH="221" HEIGHT="42" WC="0.95" CONTENT="regemente"/><SP WIDTH="42" VPOS="1707" HPOS="1395"/>
							<String ID="string_276" HPOS="1437" VPOS="1707" WIDTH="91" HEIGHT="32" WC="0.96" CONTENT="nära"/><SP WIDTH="40" VPOS="1707" HPOS="1528"/>
							<String ID="string_277" HPOS="1568" VPOS="1704" WIDTH="45" HEIGHT="35" WC="0.96" CONTENT="80"/><SP WIDTH="46" VPOS="1704" HPOS="1613"/>
							<String ID="string_278" HPOS="1659" VPOS="1709" WIDTH="161" HEIGHT="43" WC="0.96" CONTENT="procent"/><SP WIDTH="45" VPOS="1709" HPOS="1820"/>
							<String ID="string_279" HPOS="1865" VPOS="1704" WIDTH="41" HEIGHT="36" WC="0.96" CONTENT="af"/><SP WIDTH="37" VPOS="1704" HPOS="1906"/>
							<String ID="string_280" HPOS="1943" VPOS="1707" WIDTH="50" HEIGHT="45" WC="0.96" CONTENT="på"/>
						</TextLine>
						<TextLine ID="line_30" HPOS="392" VPOS="1749" WIDTH="1601" HEIGHT="51">
							<String ID="string_281" HPOS="392" VPOS="1749" WIDTH="274" HEIGHT="49" WC="0.96" CONTENT="mötesplatsen"/><SP WIDTH="27" VPOS="1749" HPOS="666"/>
							<String ID="string_282" HPOS="693" VPOS="1749" WIDTH="237" HEIGHT="37" WC="0.92" CONTENT="närvarande"/><SP WIDTH="31" VPOS="1749" HPOS="930"/>
							<String ID="string_283" HPOS="961" VPOS="1752" WIDTH="286" HEIGHT="48" WC="0.92" CONTENT="stammanskap"/><SP WIDTH="28" VPOS="1752" HPOS="1247"/>
							<String ID="string_284" HPOS="1275" VPOS="1752" WIDTH="54" HEIGHT="36" WC="0.96" CONTENT="uti"/><SP WIDTH="28" VPOS="1752" HPOS="1329"/>
							<String ID="string_285" HPOS="1357" VPOS="1765" WIDTH="44" HEIGHT="23" WC="0.96" CONTENT="en"/><SP WIDTH="31" VPOS="1765" HPOS="1401"/>
							<String ID="string_286" HPOS="1432" VPOS="1753" WIDTH="57" HEIGHT="36" WC="0.93" CONTENT="till"/><SP WIDTH="28" VPOS="1753" HPOS="1489"/>
							<String ID="string_287" HPOS="1517" VPOS="1754" WIDTH="357" HEIGHT="46" WC="0.91" CONTENT="regementschefen"/><SP WIDTH="29" VPOS="1754" HPOS="1874"/>
							<String ID="string_288" HPOS="1903" VPOS="1754" WIDTH="90" HEIGHT="37" WC="0.93" CONTENT="aflå-"/>
						</TextLine>
						<TextLine ID="line_31" HPOS="391" VPOS="1799" WIDTH="1601" HEIGHT="53">
							<String ID="string_289" HPOS="391" VPOS="1806" WIDTH="64" HEIGHT="29" WC="0.96" CONTENT="ten"/><SP WIDTH="39" VPOS="1806" HPOS="455"/>
							<String ID="string_290" HPOS="494" VPOS="1799" WIDTH="171" HEIGHT="49" WC="0.95" CONTENT="petition,"/><SP WIDTH="41" VPOS="1799" HPOS="665"/>
							<String ID="string_291" HPOS="706" VPOS="1800" WIDTH="74" HEIGHT="37" WC="0.96" CONTENT="och"/><SP WIDTH="39" VPOS="1800" HPOS="780"/>
							<String ID="string_292" HPOS="819" VPOS="1806" WIDTH="54" HEIGHT="31" WC="0.96" CONTENT="att"/><SP WIDTH="27" VPOS="1806" HPOS="873"/>
							<String ID="string_293" HPOS="900" VPOS="1800" WIDTH="115" HEIGHT="37" WC="0.96" CONTENT="äfven"/><SP WIDTH="27" VPOS="1800" HPOS="1015"/>
							<String ID="string_294" HPOS="1042" VPOS="1801" WIDTH="114" HEIGHT="36" WC="0.96" CONTENT="bland"/><SP WIDTH="29" VPOS="1801" HPOS="1156"/>
							<String ID="string_295" HPOS="1185" VPOS="1802" WIDTH="143" HEIGHT="37" WC="0.96" CONTENT="befälet"/><SP WIDTH="26" VPOS="1802" HPOS="1328"/>
							<String ID="string_296" HPOS="1354" VPOS="1804" WIDTH="211" HEIGHT="48" WC="0.95" CONTENT="sympatier"/><SP WIDTH="27" VPOS="1804" HPOS="1565"/>
							<String ID="string_297" HPOS="1592" VPOS="1804" WIDTH="122" HEIGHT="36" WC="0.96" CONTENT="finnas"/><SP WIDTH="29" VPOS="1804" HPOS="1714"/>
							<String ID="string_298" HPOS="1743" VPOS="1805" WIDTH="59" HEIGHT="35" WC="0.96" CONTENT="för"/><SP WIDTH="27" VPOS="1805" HPOS="1802"/>
							<String ID="string_299" HPOS="1829" VPOS="1810" WIDTH="54" HEIGHT="31" WC="0.93" CONTENT="att"/><SP WIDTH="27" VPOS="1810" HPOS="1883"/>
							<String ID="string_300" HPOS="1910" VPOS="1806" WIDTH="82" HEIGHT="35" WC="0.91" CONTENT="vin-"/>
						</TextLine>
						<TextLine ID="line_32" HPOS="391" VPOS="1850" WIDTH="1601" HEIGHT="51">
							<String ID="string_301" HPOS="391" VPOS="1850" WIDTH="73" HEIGHT="36" WC="0.93" CONTENT="och"/><SP WIDTH="39" VPOS="1850" HPOS="464"/>
							<String ID="string_302" HPOS="503" VPOS="1850" WIDTH="348" HEIGHT="49" WC="0.91" CONTENT="ölutskänkningen"/><SP WIDTH="41" VPOS="1850" HPOS="851"/>
							<String ID="string_303" HPOS="892" VPOS="1851" WIDTH="138" HEIGHT="37" WC="0.95" CONTENT="liksom"/><SP WIDTH="47" VPOS="1851" HPOS="1030"/>
							<String ID="string_304" HPOS="1077" VPOS="1852" WIDTH="101" HEIGHT="36" WC="0.92" CONTENT="förut"/><SP WIDTH="45" VPOS="1852" HPOS="1178"/>
							<String ID="string_305" HPOS="1223" VPOS="1853" WIDTH="497" HEIGHT="48" WC="0.91" CONTENT="bränvinsutskänkningen"/><SP WIDTH="48" VPOS="1853" HPOS="1720"/>
							<String ID="string_306" HPOS="1768" VPOS="1855" WIDTH="96" HEIGHT="37" WC="0.95" CONTENT="skall"/><SP WIDTH="45" VPOS="1855" HPOS="1864"/>
							<String ID="string_307" HPOS="1909" VPOS="1856" WIDTH="83" HEIGHT="36" WC="0.95" CONTENT="från"/>
						</TextLine>
						<TextLine ID="line_33" HPOS="391" VPOS="1900" WIDTH="1601" HEIGHT="53">
							<String ID="string_308" HPOS="391" VPOS="1900" WIDTH="303" HEIGHT="49" WC="0.91" CONTENT="lägerplatserna"/><SP WIDTH="27" VPOS="1900" HPOS="694"/>
							<String ID="string_309" HPOS="721" VPOS="1901" WIDTH="173" HEIGHT="47" WC="0.91" CONTENT="förvisas,"/><SP WIDTH="28" VPOS="1901" HPOS="894"/>
							<String ID="string_310" HPOS="922" VPOS="1901" WIDTH="187" HEIGHT="49" WC="0.96" CONTENT="framgick"/><SP WIDTH="29" VPOS="1901" HPOS="1109"/>
							<String ID="string_311" HPOS="1138" VPOS="1904" WIDTH="41" HEIGHT="35" WC="0.95" CONTENT="af"/><SP WIDTH="23" VPOS="1904" HPOS="1179"/>
							<String ID="string_312" HPOS="1202" VPOS="1903" WIDTH="99" HEIGHT="37" WC="0.95" CONTENT="hvad"/><SP WIDTH="28" VPOS="1903" HPOS="1301"/>
							<String ID="string_313" HPOS="1329" VPOS="1917" WIDTH="46" HEIGHT="24" WC="0.96" CONTENT="en"/><SP WIDTH="29" VPOS="1917" HPOS="1375"/>
							<String ID="string_314" HPOS="1404" VPOS="1904" WIDTH="170" HEIGHT="37" WC="0.96" CONTENT="ledamot"/><SP WIDTH="27" VPOS="1904" HPOS="1574"/>
							<String ID="string_315" HPOS="1601" VPOS="1905" WIDTH="40" HEIGHT="36" WC="0.96" CONTENT="af"/><SP WIDTH="23" VPOS="1905" HPOS="1641"/>
							<String ID="string_316" HPOS="1664" VPOS="1906" WIDTH="233" HEIGHT="47" WC="0.93" CONTENT="kammaren,"/><SP WIDTH="20" VPOS="1906" HPOS="1897"/>
							<String ID="string_317" HPOS="1917" VPOS="1906" WIDTH="75" HEIGHT="36" WC="0.92" CONTENT="till-"/>
						</TextLine>
						<TextLine ID="line_34" HPOS="389" VPOS="1951" WIDTH="1603" HEIGHT="51">
							<String ID="string_318" HPOS="389" VPOS="1951" WIDTH="171" HEIGHT="37" WC="0.96" CONTENT="hörande"/><SP WIDTH="42" VPOS="1951" HPOS="560"/>
							<String ID="string_319" HPOS="602" VPOS="1952" WIDTH="65" HEIGHT="36" WC="0.96" CONTENT="det"/><SP WIDTH="38" VPOS="1952" HPOS="667"/>
							<String ID="string_320" HPOS="705" VPOS="1952" WIDTH="120" HEIGHT="49" WC="0.92" CONTENT="högre"/><SP WIDTH="41" VPOS="1952" HPOS="825"/>
							<String ID="string_321" HPOS="866" VPOS="1952" WIDTH="295" HEIGHT="48" WC="0.90" CONTENT="militärbefälet,"/><SP WIDTH="39" VPOS="1952" HPOS="1161"/>
							<String ID="string_322" HPOS="1200" VPOS="1955" WIDTH="152" HEIGHT="47" WC="0.96" CONTENT="yttrade"/><SP WIDTH="38" VPOS="1955" HPOS="1352"/>
							<String ID="string_323" HPOS="1390" VPOS="1955" WIDTH="122" HEIGHT="37" WC="0.96" CONTENT="under"/><SP WIDTH="33" VPOS="1955" HPOS="1512"/>
							<String ID="string_324" HPOS="1545" VPOS="1956" WIDTH="181" HEIGHT="36" WC="0.96" CONTENT="debatten"/><SP WIDTH="29" VPOS="1956" HPOS="1726"/>
							<String ID="string_325" HPOS="1755" VPOS="1970" WIDTH="59" HEIGHT="23" WC="0.96" CONTENT="om"/><SP WIDTH="30" VPOS="1970" HPOS="1814"/>
							<String ID="string_326" HPOS="1844" VPOS="1956" WIDTH="63" HEIGHT="37" WC="0.96" CONTENT="det"/><SP WIDTH="27" VPOS="1956" HPOS="1907"/>
							<String ID="string_327" HPOS="1934" VPOS="1956" WIDTH="58" HEIGHT="37" WC="0.96" CONTENT="till"/>
						</TextLine>
						<TextLine ID="line_35" HPOS="389" VPOS="2002" WIDTH="795" HEIGHT="39">
							<String ID="string_328" HPOS="389" VPOS="2002" WIDTH="190" HEIGHT="37" WC="0.93" CONTENT="utskottet"/><SP WIDTH="28" VPOS="2002" HPOS="579"/>
							<String ID="string_329" HPOS="607" VPOS="2003" WIDTH="326" HEIGHT="37" WC="0.91" CONTENT="återremitterade"/><SP WIDTH="28" VPOS="2003" HPOS="933"/>
							<String ID="string_330" HPOS="961" VPOS="2004" WIDTH="223" HEIGHT="37" WC="0.92" CONTENT="utlåtandet."/>
						</TextLine>
					</TextBlock>
					<TextBlock ID="block_6" HPOS="388" VPOS="2052" WIDTH="1605" HEIGHT="255">
						<TextLine ID="line_36" HPOS="525" VPOS="2052" WIDTH="1468" HEIGHT="52">
							<String ID="string_331" HPOS="525" VPOS="2052" WIDTH="70" HEIGHT="38" WC="0.92" CONTENT="Om"/><SP WIDTH="40" VPOS="2052" HPOS="595"/>
							<String ID="string_332" HPOS="635" VPOS="2054" WIDTH="258" HEIGHT="36" WC="0.89" CONTENT="motionärens"/><SP WIDTH="41" VPOS="2054" HPOS="893"/>
							<String ID="string_333" HPOS="934" VPOS="2054" WIDTH="146" HEIGHT="48" WC="0.88" CONTENT="förslag"/><SP WIDTH="38" VPOS="2054" HPOS="1080"/>
							<String ID="string_334" HPOS="1118" VPOS="2055" WIDTH="128" HEIGHT="36" WC="0.88" CONTENT="blefve"/><SP WIDTH="42" VPOS="2055" HPOS="1246"/>
							<String ID="string_335" HPOS="1288" VPOS="2062" WIDTH="167" HEIGHT="42" WC="0.89" CONTENT="antaget,"/><SP WIDTH="34" VPOS="2062" HPOS="1455"/>
							<String ID="string_336" HPOS="1489" VPOS="2057" WIDTH="108" HEIGHT="36" WC="0.96" CONTENT="torde"/><SP WIDTH="29" VPOS="2057" HPOS="1597"/>
							<String ID="string_337" HPOS="1626" VPOS="2071" WIDTH="87" HEIGHT="22" WC="0.96" CONTENT="man"/><SP WIDTH="29" VPOS="2071" HPOS="1713"/>
							<String ID="string_338" HPOS="1742" VPOS="2056" WIDTH="35" HEIGHT="36" WC="0.95" CONTENT="få"/><SP WIDTH="28" VPOS="2056" HPOS="1777"/>
							<String ID="string_339" HPOS="1805" VPOS="2070" WIDTH="103" HEIGHT="33" WC="0.95" CONTENT="anse,"/><SP WIDTH="29" VPOS="2070" HPOS="1908"/>
							<String ID="string_340" HPOS="1937" VPOS="2063" WIDTH="56" HEIGHT="31" WC="0.96" CONTENT="att"/>
						</TextLine>
						<TextLine ID="line_37" HPOS="389" VPOS="2103" WIDTH="1604" HEIGHT="53">
							<String ID="string_341" HPOS="389" VPOS="2103" WIDTH="165" HEIGHT="37" WC="0.95" CONTENT="rörande"/><SP WIDTH="38" VPOS="2103" HPOS="554"/>
							<String ID="string_342" HPOS="592" VPOS="2104" WIDTH="203" HEIGHT="48" WC="0.95" CONTENT="ifrågasatt"/><SP WIDTH="36" VPOS="2104" HPOS="795"/>
							<String ID="string_343" HPOS="831" VPOS="2105" WIDTH="263" HEIGHT="49" WC="0.92" CONTENT="utskänkning"/><SP WIDTH="38" VPOS="2105" HPOS="1094"/>
							<String ID="string_344" HPOS="1132" VPOS="2108" WIDTH="20" HEIGHT="33" WC="0.91" CONTENT="å"/><SP WIDTH="38" VPOS="2108" HPOS="1152"/>
							<String ID="string_345" HPOS="1190" VPOS="2105" WIDTH="206" HEIGHT="50" WC="0.93" CONTENT="lägerplats"/><SP WIDTH="28" VPOS="2105" HPOS="1396"/>
							<String ID="string_346" HPOS="1424" VPOS="2107" WIDTH="354" HEIGHT="49" WC="0.91" CONTENT="underbandlingar"/><SP WIDTH="28" VPOS="2107" HPOS="1778"/>
							<String ID="string_347" HPOS="1806" VPOS="2108" WIDTH="139" HEIGHT="36" WC="0.92" CONTENT="mellan"/><SP WIDTH="28" VPOS="2108" HPOS="1945"/>
							<String ID="string_348" HPOS="1973" VPOS="2111" WIDTH="20" HEIGHT="33" WC="0.92" CONTENT="å"/>
						</TextLine>
						<TextLine ID="line_38" HPOS="389" VPOS="2154" WIDTH="1603" HEIGHT="53">
							<String ID="string_349" HPOS="389" VPOS="2167" WIDTH="72" HEIGHT="23" WC="0.95" CONTENT="ena"/><SP WIDTH="29" VPOS="2167" HPOS="461"/>
							<String ID="string_350" HPOS="490" VPOS="2154" WIDTH="108" HEIGHT="37" WC="0.93" CONTENT="sidan"/><SP WIDTH="28" VPOS="2154" HPOS="598"/>
							<String ID="string_351" HPOS="626" VPOS="2154" WIDTH="284" HEIGHT="38" WC="0.91" CONTENT="militärbefälet"/><SP WIDTH="27" VPOS="2154" HPOS="910"/>
							<String ID="string_352" HPOS="937" VPOS="2156" WIDTH="74" HEIGHT="37" WC="0.93" CONTENT="och"/><SP WIDTH="28" VPOS="2156" HPOS="1011"/>
							<String ID="string_353" HPOS="1039" VPOS="2159" WIDTH="20" HEIGHT="34" WC="0.93" CONTENT="å"/><SP WIDTH="27" VPOS="2159" HPOS="1059"/>
							<String ID="string_354" HPOS="1086" VPOS="2156" WIDTH="74" HEIGHT="37" WC="0.96" CONTENT="den"/><SP WIDTH="28" VPOS="2156" HPOS="1160"/>
							<String ID="string_355" HPOS="1188" VPOS="2157" WIDTH="119" HEIGHT="36" WC="0.96" CONTENT="andra"/><SP WIDTH="34" VPOS="2157" HPOS="1307"/>
							<String ID="string_356" HPOS="1341" VPOS="2157" WIDTH="286" HEIGHT="37" WC="0.93" CONTENT="vederbörande"/><SP WIDTH="33" VPOS="2157" HPOS="1627"/>
							<String ID="string_357" HPOS="1660" VPOS="2158" WIDTH="332" HEIGHT="49" WC="0.90" CONTENT="kommunalmyn-"/>
						</TextLine>
						<TextLine ID="line_39" HPOS="389" VPOS="2204" WIDTH="1602" HEIGHT="52">
							<String ID="string_358" HPOS="389" VPOS="2204" WIDTH="137" HEIGHT="48" WC="0.96" CONTENT="dighet"/><SP WIDTH="39" VPOS="2204" HPOS="526"/>
							<String ID="string_359" HPOS="565" VPOS="2205" WIDTH="150" HEIGHT="37" WC="0.96" CONTENT="komme"/><SP WIDTH="42" VPOS="2205" HPOS="715"/>
							<String ID="string_360" HPOS="757" VPOS="2211" WIDTH="56" HEIGHT="32" WC="0.93" CONTENT="att"/><SP WIDTH="39" VPOS="2211" HPOS="813"/>
							<String ID="string_361" HPOS="852" VPOS="2219" WIDTH="71" HEIGHT="35" WC="0.91" CONTENT="ega"/><SP WIDTH="38" VPOS="2219" HPOS="923"/>
							<String ID="string_362" HPOS="961" VPOS="2219" WIDTH="83" HEIGHT="24" WC="0.96" CONTENT="rum"/><SP WIDTH="32" VPOS="2219" HPOS="1044"/>
							<String ID="string_363" HPOS="1076" VPOS="2207" WIDTH="162" HEIGHT="37" WC="0.96" CONTENT="rörande"/><SP WIDTH="30" VPOS="2207" HPOS="1238"/>
							<String ID="string_364" HPOS="1268" VPOS="2213" WIDTH="106" HEIGHT="31" WC="0.96" CONTENT="arten"/><SP WIDTH="29" VPOS="2213" HPOS="1374"/>
							<String ID="string_365" HPOS="1403" VPOS="2208" WIDTH="74" HEIGHT="37" WC="0.93" CONTENT="och"/><SP WIDTH="28" VPOS="2208" HPOS="1477"/>
							<String ID="string_366" HPOS="1505" VPOS="2209" WIDTH="319" HEIGHT="47" WC="0.92" CONTENT="utsträckningen"/><SP WIDTH="28" VPOS="2209" HPOS="1824"/>
							<String ID="string_367" HPOS="1852" VPOS="2208" WIDTH="40" HEIGHT="37" WC="0.96" CONTENT="af"/><SP WIDTH="23" VPOS="2208" HPOS="1892"/>
							<String ID="string_368" HPOS="1915" VPOS="2210" WIDTH="76" HEIGHT="36" WC="0.96" CONTENT="den"/>
						</TextLine>
						<TextLine ID="line_40" HPOS="388" VPOS="2255" WIDTH="1603" HEIGHT="52">
							<String ID="string_369" HPOS="388" VPOS="2255" WIDTH="196" HEIGHT="37" WC="0.93" CONTENT="tilltänkta"/><SP WIDTH="39" VPOS="2255" HPOS="584"/>
							<String ID="string_370" HPOS="623" VPOS="2256" WIDTH="324" HEIGHT="49" WC="0.90" CONTENT="utskänkningen."/><SP WIDTH="68" VPOS="2256" HPOS="947"/>
							<String ID="string_371" HPOS="1015" VPOS="2257" WIDTH="305" HEIGHT="37" WC="0.96" CONTENT="Kommunernas"/><SP WIDTH="41" VPOS="2257" HPOS="1320"/>
							<String ID="string_372" HPOS="1361" VPOS="2259" WIDTH="237" HEIGHT="48" WC="0.96" CONTENT="befogenhet"/><SP WIDTH="26" VPOS="2259" HPOS="1598"/>
							<String ID="string_373" HPOS="1624" VPOS="2260" WIDTH="11" HEIGHT="35" WC="0.96" CONTENT="i"/><SP WIDTH="28" VPOS="2260" HPOS="1635"/>
							<String ID="string_374" HPOS="1663" VPOS="2259" WIDTH="105" HEIGHT="37" WC="0.96" CONTENT="detta"/><SP WIDTH="41" VPOS="2259" HPOS="1768"/>
							<String ID="string_375" HPOS="1809" VPOS="2259" WIDTH="182" HEIGHT="37" WC="0.96" CONTENT="afseende"/>
						</TextLine>
					</TextBlock>
				</ComposedBlock>
			</PrintSpace>
		</Page>
	</Layout>
</alto>
