<?xml version="1.0" encoding="UTF-8"?>
<alto xmlns="http://www.loc.gov/standards/alto/ns-v3#" xmlns:xlink="http://www.w3.org/1999/xlink" xmlns:xsi="http://www.w3.org/2001/XMLSchema-instance" xsi:schemaLocation="http://www.loc.gov/standards/alto/ns-v3# http://www.loc.gov/alto/v3/alto-3-0.xsd">
	<Description>
		<MeasurementUnit>pixel</MeasurementUnit>
		<sourceImageInformation>
			<fileName>/tmp/tess_diqlgt8b_input.PNG</fileName>
		</sourceImageInformation>
		<OCRProcessing ID="OCR_0">
			<ocrProcessingStep>
				<processingSoftware>
					<softwareName>tesseract 5.3.0</softwareName>
				</processingSoftware>
			</ocrProcessingStep>
		</OCRProcessing>
	</Description>
	<Layout>
		<Page WIDTH="1918" HEIGHT="2802" PHYSICAL_IMG_NR="0" ID="page_0">
			<PrintSpace HPOS="0" VPOS="0" WIDTH="1918" HEIGHT="2802">
				<ComposedBlock ID="cblock_0" HPOS="534" VPOS="196" WIDTH="1105" HEIGHT="42">
					<TextBlock ID="block_0" HPOS="534" VPOS="196" WIDTH="1105" HEIGHT="42">
						<TextLine ID="line_0" HPOS="534" VPOS="196" WIDTH="1105" HEIGHT="42">
							<String ID="string_0" HPOS="534" VPOS="196" WIDTH="119" HEIGHT="32" WC="0.42" CONTENT="Andra"/><SP WIDTH="25" VPOS="196" HPOS="653"/>
							<String ID="string_1" HPOS="678" VPOS="197" WIDTH="222" HEIGHT="41" WC="0.91" CONTENT="lagutskottets"/><SP WIDTH="23" VPOS="197" HPOS="900"/>
							<String ID="string_2" HPOS="923" VPOS="197" WIDTH="167" HEIGHT="33" WC="0.95" CONTENT="utlåtande"/><SP WIDTH="23" VPOS="197" HPOS="1090"/>
							<String ID="string_3" HPOS="1113" VPOS="199" WIDTH="53" HEIGHT="31" WC="0.94" CONTENT="Nr"/><SP WIDTH="22" VPOS="199" HPOS="1166"/>
							<String ID="string_4" HPOS="1188" VPOS="200" WIDTH="53" HEIGHT="30" WC="0.95" CONTENT="29."/><SP WIDTH="378" VPOS="200" HPOS="1241"/>
							<String ID="string_5" HPOS="1619" VPOS="202" WIDTH="20" HEIGHT="30" WC="0.96" CONTENT="3"/>
						</TextLine>
					</TextBlock>
				</ComposedBlock>
				<ComposedBlock ID="cblock_1" HPOS="125" VPOS="285" WIDTH="1510" HEIGHT="2275">
					<TextBlock ID="block_1" HPOS="138" VPOS="285" WIDTH="1497" HEIGHT="839">
						<TextLine ID="line_1" HPOS="141" VPOS="285" WIDTH="1493" HEIGHT="42">
							<String ID="string_6" HPOS="141" VPOS="286" WIDTH="83" HEIGHT="38" WC="0.93" CONTENT="plan"/><SP WIDTH="22" VPOS="286" HPOS="224"/>
							<String ID="string_7" HPOS="246" VPOS="285" WIDTH="215" HEIGHT="40" WC="0.90" CONTENT="förefunnes,"/><SP WIDTH="24" VPOS="285" HPOS="461"/>
							<String ID="string_8" HPOS="485" VPOS="287" WIDTH="182" HEIGHT="38" WC="0.70" CONTENT="stängslets"/><SP WIDTH="24" VPOS="287" HPOS="667"/>
							<String ID="string_9" HPOS="691" VPOS="287" WIDTH="108" HEIGHT="39" WC="0.96" CONTENT="skydd"/><SP WIDTH="24" VPOS="287" HPOS="799"/>
							<String ID="string_10" HPOS="823" VPOS="288" WIDTH="196" HEIGHT="32" WC="0.96" CONTENT="minskades"/><SP WIDTH="23" VPOS="288" HPOS="1019"/>
							<String ID="string_11" HPOS="1042" VPOS="300" WIDTH="120" HEIGHT="27" WC="0.95" CONTENT="genom"/><SP WIDTH="25" VPOS="300" HPOS="1162"/>
							<String ID="string_12" HPOS="1187" VPOS="289" WIDTH="231" HEIGHT="37" WC="0.95" CONTENT="osäkerheten,"/><SP WIDTH="24" VPOS="289" HPOS="1418"/>
							<String ID="string_13" HPOS="1442" VPOS="297" WIDTH="49" HEIGHT="25" WC="0.96" CONTENT="att"/><SP WIDTH="24" VPOS="297" HPOS="1491"/>
							<String ID="string_14" HPOS="1515" VPOS="291" WIDTH="40" HEIGHT="32" WC="0.96" CONTENT="de"/><SP WIDTH="24" VPOS="291" HPOS="1555"/>
							<String ID="string_15" HPOS="1579" VPOS="290" WIDTH="55" HEIGHT="32" WC="0.96" CONTENT="till"/>
						</TextLine>
						<TextLine ID="line_2" HPOS="147" VPOS="331" WIDTH="1486" HEIGHT="41">
							<String ID="string_16" HPOS="147" VPOS="331" WIDTH="259" HEIGHT="38" WC="0.89" CONTENT="övergångarna"/><SP WIDTH="26" VPOS="331" HPOS="406"/>
							<String ID="string_17" HPOS="432" VPOS="331" WIDTH="145" HEIGHT="32" WC="0.96" CONTENT="ledande"/><SP WIDTH="22" VPOS="331" HPOS="577"/>
							<String ID="string_18" HPOS="599" VPOS="332" WIDTH="192" HEIGHT="38" WC="0.92" CONTENT="grindarna"/><SP WIDTH="24" VPOS="332" HPOS="791"/>
							<String ID="string_19" HPOS="815" VPOS="333" WIDTH="110" HEIGHT="31" WC="0.83" CONTENT="hölles"/><SP WIDTH="22" VPOS="333" HPOS="925"/>
							<String ID="string_20" HPOS="947" VPOS="334" WIDTH="258" HEIGHT="37" WC="0.92" CONTENT="vederbörligen"/><SP WIDTH="38" VPOS="334" HPOS="1205"/>
							<String ID="string_21" HPOS="1243" VPOS="335" WIDTH="161" HEIGHT="37" WC="0.95" CONTENT="stängda:"/><SP WIDTH="37" VPOS="335" HPOS="1404"/>
							<String ID="string_22" HPOS="1441" VPOS="336" WIDTH="62" HEIGHT="30" WC="0.96" CONTENT="och"/><SP WIDTH="35" VPOS="336" HPOS="1503"/>
							<String ID="string_23" HPOS="1538" VPOS="335" WIDTH="95" HEIGHT="31" WC="0.95" CONTENT="torde"/>
						</TextLine>
						<TextLine ID="line_3" HPOS="143" VPOS="373" WIDTH="1491" HEIGHT="42">
							<String ID="string_24" HPOS="143" VPOS="374" WIDTH="56" HEIGHT="31" WC="0.96" CONTENT="det"/><SP WIDTH="25" VPOS="374" HPOS="199"/>
							<String ID="string_25" HPOS="224" VPOS="373" WIDTH="120" HEIGHT="32" WC="0.96" CONTENT="kunna"/><SP WIDTH="29" VPOS="373" HPOS="344"/>
							<String ID="string_26" HPOS="373" VPOS="374" WIDTH="236" HEIGHT="40" WC="0.95" CONTENT="ifrågasättas,"/><SP WIDTH="26" VPOS="374" HPOS="609"/>
							<String ID="string_27" HPOS="635" VPOS="375" WIDTH="173" HEIGHT="32" WC="0.96" CONTENT="huruvida"/><SP WIDTH="29" VPOS="375" HPOS="808"/>
							<String ID="string_28" HPOS="837" VPOS="377" WIDTH="33" HEIGHT="37" WC="0.96" CONTENT="ej"/><SP WIDTH="29" VPOS="377" HPOS="870"/>
							<String ID="string_29" HPOS="899" VPOS="379" WIDTH="107" HEIGHT="29" WC="0.96" CONTENT="större"/><SP WIDTH="26" VPOS="379" HPOS="1006"/>
							<String ID="string_30" HPOS="1032" VPOS="376" WIDTH="76" HEIGHT="32" WC="0.96" CONTENT="fara"/><SP WIDTH="30" VPOS="376" HPOS="1108"/>
							<String ID="string_31" HPOS="1138" VPOS="377" WIDTH="53" HEIGHT="31" WC="0.96" CONTENT="för"/><SP WIDTH="28" VPOS="377" HPOS="1191"/>
							<String ID="string_32" HPOS="1219" VPOS="377" WIDTH="320" HEIGHT="38" WC="0.93" CONTENT="järnvägstrafiken"/><SP WIDTH="29" VPOS="377" HPOS="1539"/>
							<String ID="string_33" HPOS="1568" VPOS="377" WIDTH="66" HEIGHT="31" WC="0.93" CONTENT="för-"/>
						</TextLine>
						<TextLine ID="line_4" HPOS="149" VPOS="418" WIDTH="1485" HEIGHT="43">
							<String ID="string_34" HPOS="149" VPOS="418" WIDTH="160" HEIGHT="32" WC="0.92" CONTENT="anleddes"/><SP WIDTH="19" VPOS="418" HPOS="309"/>
							<String ID="string_35" HPOS="328" VPOS="430" WIDTH="42" HEIGHT="20" WC="0.96" CONTENT="av"/><SP WIDTH="17" VPOS="430" HPOS="370"/>
							<String ID="string_36" HPOS="387" VPOS="419" WIDTH="153" HEIGHT="39" WC="0.96" CONTENT="kreatur,"/><SP WIDTH="20" VPOS="419" HPOS="540"/>
							<String ID="string_37" HPOS="560" VPOS="431" WIDTH="70" HEIGHT="20" WC="0.93" CONTENT="som"/><SP WIDTH="17" VPOS="431" HPOS="630"/>
							<String ID="string_38" HPOS="647" VPOS="419" WIDTH="155" HEIGHT="33" WC="0.91" CONTENT="befunne"/><SP WIDTH="14" VPOS="419" HPOS="802"/>
							<String ID="string_39" HPOS="816" VPOS="421" WIDTH="56" HEIGHT="38" WC="0.95" CONTENT="sig"/><SP WIDTH="18" VPOS="421" HPOS="872"/>
							<String ID="string_40" HPOS="890" VPOS="422" WIDTH="44" HEIGHT="38" WC="0.96" CONTENT="på"/><SP WIDTH="21" VPOS="422" HPOS="934"/>
							<String ID="string_41" HPOS="955" VPOS="421" WIDTH="160" HEIGHT="38" WC="0.96" CONTENT="instängd"/><SP WIDTH="20" VPOS="421" HPOS="1115"/>
							<String ID="string_42" HPOS="1135" VPOS="420" WIDTH="88" HEIGHT="33" WC="0.96" CONTENT="bana"/><SP WIDTH="20" VPOS="420" HPOS="1223"/>
							<String ID="string_43" HPOS="1243" VPOS="424" WIDTH="44" HEIGHT="29" WC="0.96" CONTENT="än"/><SP WIDTH="18" VPOS="424" HPOS="1287"/>
							<String ID="string_44" HPOS="1305" VPOS="424" WIDTH="44" HEIGHT="37" WC="0.93" CONTENT="på"/><SP WIDTH="18" VPOS="424" HPOS="1349"/>
							<String ID="string_45" HPOS="1367" VPOS="422" WIDTH="165" HEIGHT="39" WC="0.92" CONTENT="ohägnad,"/><SP WIDTH="17" VPOS="422" HPOS="1532"/>
							<String ID="string_46" HPOS="1549" VPOS="424" WIDTH="85" HEIGHT="29" WC="0.96" CONTENT="enär"/>
						</TextLine>
						<TextLine ID="line_5" HPOS="144" VPOS="462" WIDTH="1491" HEIGHT="40">
							<String ID="string_47" HPOS="144" VPOS="462" WIDTH="192" HEIGHT="39" WC="0.84" CONTENT="iakttagits,"/><SP WIDTH="23" VPOS="462" HPOS="336"/>
							<String ID="string_48" HPOS="359" VPOS="467" WIDTH="51" HEIGHT="27" WC="0.96" CONTENT="att"/><SP WIDTH="22" VPOS="467" HPOS="410"/>
							<String ID="string_49" HPOS="432" VPOS="463" WIDTH="58" HEIGHT="31" WC="0.96" CONTENT="vid"/><SP WIDTH="23" VPOS="463" HPOS="490"/>
							<String ID="string_50" HPOS="513" VPOS="463" WIDTH="217" HEIGHT="32" WC="0.95" CONTENT="annalkande"/><SP WIDTH="22" VPOS="463" HPOS="730"/>
							<String ID="string_51" HPOS="752" VPOS="464" WIDTH="60" HEIGHT="38" WC="0.93" CONTENT="tåg"/><SP WIDTH="21" VPOS="464" HPOS="812"/>
							<String ID="string_52" HPOS="833" VPOS="464" WIDTH="185" HEIGHT="31" WC="0.91" CONTENT="kreaturen"/><SP WIDTH="24" VPOS="464" HPOS="1018"/>
							<String ID="string_53" HPOS="1042" VPOS="466" WIDTH="10" HEIGHT="30" WC="0.96" CONTENT="i"/><SP WIDTH="24" VPOS="466" HPOS="1052"/>
							<String ID="string_54" HPOS="1076" VPOS="464" WIDTH="95" HEIGHT="32" WC="0.96" CONTENT="förra"/><SP WIDTH="23" VPOS="464" HPOS="1171"/>
							<String ID="string_55" HPOS="1194" VPOS="465" WIDTH="99" HEIGHT="32" WC="0.95" CONTENT="fallet"/><SP WIDTH="24" VPOS="465" HPOS="1293"/>
							<String ID="string_56" HPOS="1317" VPOS="465" WIDTH="89" HEIGHT="37" WC="0.96" CONTENT="löpte"/><SP WIDTH="24" VPOS="465" HPOS="1406"/>
							<String ID="string_57" HPOS="1430" VPOS="464" WIDTH="127" HEIGHT="32" WC="0.93" CONTENT="utefter"/><SP WIDTH="24" VPOS="464" HPOS="1557"/>
							<String ID="string_58" HPOS="1581" VPOS="465" WIDTH="54" HEIGHT="31" WC="0.90" CONTENT="ba-"/>
						</TextLine>
						<TextLine ID="line_6" HPOS="143" VPOS="507" WIDTH="1492" HEIGHT="42">
							<String ID="string_59" HPOS="143" VPOS="518" WIDTH="80" HEIGHT="27" WC="0.96" CONTENT="nan,"/><SP WIDTH="19" VPOS="518" HPOS="223"/>
							<String ID="string_60" HPOS="242" VPOS="507" WIDTH="73" HEIGHT="31" WC="0.96" CONTENT="tills"/><SP WIDTH="22" VPOS="507" HPOS="315"/>
							<String ID="string_61" HPOS="337" VPOS="507" WIDTH="39" HEIGHT="31" WC="0.96" CONTENT="de"/><SP WIDTH="22" VPOS="507" HPOS="376"/>
							<String ID="string_62" HPOS="398" VPOS="507" WIDTH="199" HEIGHT="40" WC="0.95" CONTENT="uppnåddes"/><SP WIDTH="20" VPOS="507" HPOS="597"/>
							<String ID="string_63" HPOS="617" VPOS="519" WIDTH="42" HEIGHT="20" WC="0.96" CONTENT="av"/><SP WIDTH="18" VPOS="519" HPOS="659"/>
							<String ID="string_64" HPOS="677" VPOS="509" WIDTH="105" HEIGHT="38" WC="0.96" CONTENT="tåget,"/><SP WIDTH="20" VPOS="509" HPOS="782"/>
							<String ID="string_65" HPOS="802" VPOS="520" WIDTH="76" HEIGHT="20" WC="0.96" CONTENT="men"/><SP WIDTH="23" VPOS="520" HPOS="878"/>
							<String ID="string_66" HPOS="901" VPOS="510" WIDTH="11" HEIGHT="31" WC="0.96" CONTENT="i"/><SP WIDTH="21" VPOS="510" HPOS="912"/>
							<String ID="string_67" HPOS="933" VPOS="521" WIDTH="117" HEIGHT="20" WC="0.96" CONTENT="senare"/><SP WIDTH="22" VPOS="521" HPOS="1050"/>
							<String ID="string_68" HPOS="1072" VPOS="509" WIDTH="98" HEIGHT="33" WC="0.96" CONTENT="fallet"/><SP WIDTH="21" VPOS="509" HPOS="1170"/>
							<String ID="string_69" HPOS="1191" VPOS="510" WIDTH="85" HEIGHT="32" WC="0.96" CONTENT="hade"/><SP WIDTH="20" VPOS="510" HPOS="1276"/>
							<String ID="string_70" HPOS="1296" VPOS="514" WIDTH="107" HEIGHT="29" WC="0.96" CONTENT="större"/><SP WIDTH="19" VPOS="514" HPOS="1403"/>
							<String ID="string_71" HPOS="1422" VPOS="510" WIDTH="213" HEIGHT="39" WC="0.89" CONTENT="benägenhet"/>
						</TextLine>
						<TextLine ID="line_7" HPOS="141" VPOS="551" WIDTH="1491" HEIGHT="42">
							<String ID="string_72" HPOS="141" VPOS="556" WIDTH="52" HEIGHT="27" WC="0.93" CONTENT="att"/><SP WIDTH="20" VPOS="556" HPOS="193"/>
							<String ID="string_73" HPOS="213" VPOS="551" WIDTH="121" HEIGHT="39" WC="0.91" CONTENT="begiva"/><SP WIDTH="24" VPOS="551" HPOS="334"/>
							<String ID="string_74" HPOS="358" VPOS="552" WIDTH="53" HEIGHT="39" WC="0.96" CONTENT="sig"/><SP WIDTH="21" VPOS="552" HPOS="411"/>
							<String ID="string_75" HPOS="432" VPOS="552" WIDTH="75" HEIGHT="32" WC="0.96" CONTENT="bort"/><SP WIDTH="22" VPOS="552" HPOS="507"/>
							<String ID="string_76" HPOS="529" VPOS="552" WIDTH="80" HEIGHT="32" WC="0.96" CONTENT="från"/><SP WIDTH="21" VPOS="552" HPOS="609"/>
							<String ID="string_77" HPOS="630" VPOS="553" WIDTH="192" HEIGHT="31" WC="0.93" CONTENT="banvallen."/><SP WIDTH="34" VPOS="553" HPOS="822"/>
							<String ID="string_78" HPOS="856" VPOS="553" WIDTH="181" HEIGHT="32" WC="0.92" CONTENT="Ehuruväl"/><SP WIDTH="21" VPOS="553" HPOS="1037"/>
							<String ID="string_79" HPOS="1058" VPOS="555" WIDTH="43" HEIGHT="38" WC="0.96" CONTENT="på"/><SP WIDTH="20" VPOS="555" HPOS="1101"/>
							<String ID="string_80" HPOS="1121" VPOS="555" WIDTH="125" HEIGHT="37" WC="0.96" CONTENT="många"/><SP WIDTH="23" VPOS="555" HPOS="1246"/>
							<String ID="string_81" HPOS="1269" VPOS="561" WIDTH="90" HEIGHT="26" WC="0.96" CONTENT="orter"/><SP WIDTH="23" VPOS="561" HPOS="1359"/>
							<String ID="string_82" HPOS="1382" VPOS="555" WIDTH="103" HEIGHT="32" WC="0.96" CONTENT="redan"/><SP WIDTH="23" VPOS="555" HPOS="1485"/>
							<String ID="string_83" HPOS="1508" VPOS="567" WIDTH="47" HEIGHT="20" WC="0.93" CONTENT="nu"/><SP WIDTH="21" VPOS="567" HPOS="1555"/>
							<String ID="string_84" HPOS="1576" VPOS="566" WIDTH="56" HEIGHT="20" WC="0.92" CONTENT="ar-"/>
						</TextLine>
						<TextLine ID="line_8" HPOS="141" VPOS="596" WIDTH="1492" HEIGHT="41">
							<String ID="string_85" HPOS="141" VPOS="596" WIDTH="100" HEIGHT="38" WC="0.96" CONTENT="bragt"/><SP WIDTH="29" VPOS="596" HPOS="241"/>
							<String ID="string_86" HPOS="270" VPOS="597" WIDTH="150" HEIGHT="38" WC="0.96" CONTENT="stängsel"/><SP WIDTH="29" VPOS="597" HPOS="420"/>
							<String ID="string_87" HPOS="449" VPOS="597" WIDTH="169" HEIGHT="31" WC="0.96" CONTENT="måhända"/><SP WIDTH="30" VPOS="597" HPOS="618"/>
							<String ID="string_88" HPOS="648" VPOS="597" WIDTH="109" HEIGHT="32" WC="0.96" CONTENT="skulle"/><SP WIDTH="30" VPOS="597" HPOS="757"/>
							<String ID="string_89" HPOS="787" VPOS="598" WIDTH="119" HEIGHT="31" WC="0.96" CONTENT="kunna"/><SP WIDTH="29" VPOS="598" HPOS="906"/>
							<String ID="string_90" HPOS="935" VPOS="603" WIDTH="84" HEIGHT="27" WC="0.96" CONTENT="utan"/><SP WIDTH="29" VPOS="603" HPOS="1019"/>
							<String ID="string_91" HPOS="1048" VPOS="599" WIDTH="179" HEIGHT="38" WC="0.92" CONTENT="olägenhet"/><SP WIDTH="30" VPOS="599" HPOS="1227"/>
							<String ID="string_92" HPOS="1257" VPOS="599" WIDTH="180" HEIGHT="35" WC="0.90" CONTENT="undvaras,"/><SP WIDTH="30" VPOS="599" HPOS="1437"/>
							<String ID="string_93" HPOS="1467" VPOS="599" WIDTH="85" HEIGHT="32" WC="0.93" CONTENT="hade"/><SP WIDTH="31" VPOS="599" HPOS="1552"/>
							<String ID="string_94" HPOS="1583" VPOS="604" WIDTH="50" HEIGHT="26" WC="0.90" CONTENT="ut-"/>
						</TextLine>
						<TextLine ID="line_9" HPOS="142" VPOS="640" WIDTH="1491" HEIGHT="42">
							<String ID="string_95" HPOS="142" VPOS="640" WIDTH="125" HEIGHT="32" WC="0.96" CONTENT="skottet"/><SP WIDTH="19" VPOS="640" HPOS="267"/>
							<String ID="string_96" HPOS="286" VPOS="640" WIDTH="75" HEIGHT="32" WC="0.95" CONTENT="icke"/><SP WIDTH="18" VPOS="640" HPOS="361"/>
							<String ID="string_97" HPOS="379" VPOS="641" WIDTH="91" HEIGHT="31" WC="0.95" CONTENT="velat"/><SP WIDTH="17" VPOS="641" HPOS="470"/>
							<String ID="string_98" HPOS="487" VPOS="641" WIDTH="54" HEIGHT="31" WC="0.96" CONTENT="för"/><SP WIDTH="20" VPOS="641" HPOS="541"/>
							<String ID="string_99" HPOS="561" VPOS="642" WIDTH="55" HEIGHT="31" WC="0.96" CONTENT="det"/><SP WIDTH="19" VPOS="642" HPOS="616"/>
							<String ID="string_100" HPOS="635" VPOS="642" WIDTH="195" HEIGHT="31" WC="0.96" CONTENT="dåvarande"/><SP WIDTH="19" VPOS="642" HPOS="830"/>
							<String ID="string_101" HPOS="849" VPOS="642" WIDTH="218" HEIGHT="39" WC="0.95" CONTENT="ifrågasätta,"/><SP WIDTH="19" VPOS="642" HPOS="1067"/>
							<String ID="string_102" HPOS="1086" VPOS="649" WIDTH="50" HEIGHT="26" WC="0.96" CONTENT="att"/><SP WIDTH="19" VPOS="649" HPOS="1136"/>
							<String ID="string_103" HPOS="1155" VPOS="643" WIDTH="121" HEIGHT="32" WC="0.96" CONTENT="sådant"/><SP WIDTH="19" VPOS="643" HPOS="1276"/>
							<String ID="string_104" HPOS="1295" VPOS="644" WIDTH="148" HEIGHT="38" WC="0.96" CONTENT="stängsel"/><SP WIDTH="20" VPOS="644" HPOS="1443"/>
							<String ID="string_105" HPOS="1463" VPOS="644" WIDTH="30" HEIGHT="36" WC="0.96" CONTENT="ej"/><SP WIDTH="22" VPOS="644" HPOS="1493"/>
							<String ID="string_106" HPOS="1515" VPOS="643" WIDTH="118" HEIGHT="31" WC="0.96" CONTENT="vidare"/>
						</TextLine>
						<TextLine ID="line_10" HPOS="141" VPOS="684" WIDTH="1492" HEIGHT="42">
							<String ID="string_107" HPOS="141" VPOS="684" WIDTH="111" HEIGHT="31" WC="0.96" CONTENT="skulle"/><SP WIDTH="23" VPOS="684" HPOS="252"/>
							<String ID="string_108" HPOS="275" VPOS="684" WIDTH="238" HEIGHT="39" WC="0.96" CONTENT="underhållas;"/><SP WIDTH="23" VPOS="684" HPOS="513"/>
							<String ID="string_109" HPOS="536" VPOS="696" WIDTH="78" HEIGHT="21" WC="0.96" CONTENT="men"/><SP WIDTH="22" VPOS="696" HPOS="614"/>
							<String ID="string_110" HPOS="636" VPOS="686" WIDTH="222" HEIGHT="31" WC="0.96" CONTENT="beträffande"/><SP WIDTH="22" VPOS="686" HPOS="858"/>
							<String ID="string_111" HPOS="880" VPOS="687" WIDTH="56" HEIGHT="31" WC="0.96" CONTENT="det"/><SP WIDTH="20" VPOS="687" HPOS="936"/>
							<String ID="string_112" HPOS="956" VPOS="687" WIDTH="160" HEIGHT="31" WC="0.93" CONTENT="fortsatta"/><SP WIDTH="24" VPOS="687" HPOS="1116"/>
							<String ID="string_113" HPOS="1140" VPOS="687" WIDTH="360" HEIGHT="39" WC="0.46" CONTENT="jirnvägsbyggandet"/><SP WIDTH="21" VPOS="687" HPOS="1500"/>
							<String ID="string_114" HPOS="1521" VPOS="688" WIDTH="11" HEIGHT="31" WC="0.96" CONTENT="i"/><SP WIDTH="23" VPOS="688" HPOS="1532"/>
							<String ID="string_115" HPOS="1555" VPOS="689" WIDTH="78" HEIGHT="29" WC="0.95" CONTENT="övre"/>
						</TextLine>
						<TextLine ID="line_11" HPOS="144" VPOS="728" WIDTH="1490" HEIGHT="43">
							<String ID="string_116" HPOS="144" VPOS="728" WIDTH="177" HEIGHT="32" WC="0.95" CONTENT="Norrland"/><SP WIDTH="24" VPOS="728" HPOS="321"/>
							<String ID="string_117" HPOS="345" VPOS="728" WIDTH="88" HEIGHT="33" WC="0.95" CONTENT="hade"/><SP WIDTH="25" VPOS="728" HPOS="433"/>
							<String ID="string_118" HPOS="458" VPOS="730" WIDTH="167" HEIGHT="31" WC="0.96" CONTENT="utskottet"/><SP WIDTH="27" VPOS="730" HPOS="625"/>
							<String ID="string_119" HPOS="652" VPOS="735" WIDTH="109" HEIGHT="27" WC="0.96" CONTENT="ansett"/><SP WIDTH="27" VPOS="735" HPOS="761"/>
							<String ID="string_120" HPOS="788" VPOS="730" WIDTH="186" HEIGHT="39" WC="0.96" CONTENT="riksdagen"/><SP WIDTH="27" VPOS="730" HPOS="974"/>
							<String ID="string_121" HPOS="1001" VPOS="730" WIDTH="80" HEIGHT="32" WC="0.93" CONTENT="böra"/><SP WIDTH="26" VPOS="730" HPOS="1081"/>
							<String ID="string_122" HPOS="1107" VPOS="732" WIDTH="212" HEIGHT="31" WC="0.89" CONTENT="underställa"/><SP WIDTH="27" VPOS="732" HPOS="1319"/>
							<String ID="string_123" HPOS="1346" VPOS="732" WIDTH="129" HEIGHT="38" WC="0.95" CONTENT="Kungl."/><SP WIDTH="28" VPOS="732" HPOS="1475"/>
							<String ID="string_124" HPOS="1503" VPOS="732" WIDTH="131" HEIGHT="39" WC="0.96" CONTENT="Maj:ts"/>
						</TextLine>
						<TextLine ID="line_12" HPOS="141" VPOS="772" WIDTH="1492" HEIGHT="43">
							<String ID="string_125" HPOS="141" VPOS="772" WIDTH="184" HEIGHT="40" WC="0.95" CONTENT="prövning,"/><SP WIDTH="24" VPOS="772" HPOS="325"/>
							<String ID="string_126" HPOS="349" VPOS="773" WIDTH="173" HEIGHT="31" WC="0.95" CONTENT="huruvida"/><SP WIDTH="28" VPOS="773" HPOS="522"/>
							<String ID="string_127" HPOS="550" VPOS="773" WIDTH="84" HEIGHT="40" WC="0.96" CONTENT="icke,"/><SP WIDTH="24" VPOS="773" HPOS="634"/>
							<String ID="string_128" HPOS="658" VPOS="774" WIDTH="57" HEIGHT="31" WC="0.96" CONTENT="till"/><SP WIDTH="24" VPOS="774" HPOS="715"/>
							<String ID="string_129" HPOS="739" VPOS="774" WIDTH="186" HEIGHT="40" WC="0.96" CONTENT="besparing"/><SP WIDTH="25" VPOS="774" HPOS="925"/>
							<String ID="string_130" HPOS="950" VPOS="776" WIDTH="11" HEIGHT="30" WC="0.96" CONTENT="i"/><SP WIDTH="25" VPOS="776" HPOS="961"/>
							<String ID="string_131" HPOS="986" VPOS="774" WIDTH="229" HEIGHT="33" WC="0.96" CONTENT="kostnaderna"/><SP WIDTH="27" VPOS="774" HPOS="1215"/>
							<String ID="string_132" HPOS="1242" VPOS="776" WIDTH="53" HEIGHT="31" WC="0.96" CONTENT="för"/><SP WIDTH="25" VPOS="776" HPOS="1295"/>
							<String ID="string_133" HPOS="1320" VPOS="776" WIDTH="207" HEIGHT="39" WC="0.93" CONTENT="järnvägens"/><SP WIDTH="25" VPOS="776" HPOS="1527"/>
							<String ID="string_134" HPOS="1552" VPOS="776" WIDTH="81" HEIGHT="39" WC="0.92" CONTENT="byg-"/>
						</TextLine>
						<TextLine ID="line_13" HPOS="141" VPOS="817" WIDTH="1492" HEIGHT="42">
							<String ID="string_135" HPOS="141" VPOS="817" WIDTH="111" HEIGHT="39" WC="0.96" CONTENT="gande"/><SP WIDTH="23" VPOS="817" HPOS="252"/>
							<String ID="string_136" HPOS="275" VPOS="817" WIDTH="61" HEIGHT="32" WC="0.95" CONTENT="och"/><SP WIDTH="23" VPOS="817" HPOS="336"/>
							<String ID="string_137" HPOS="359" VPOS="818" WIDTH="194" HEIGHT="39" WC="0.95" CONTENT="underhåll,"/><SP WIDTH="23" VPOS="818" HPOS="553"/>
							<String ID="string_138" HPOS="576" VPOS="819" WIDTH="194" HEIGHT="31" WC="0.96" CONTENT="densamma"/><SP WIDTH="24" VPOS="819" HPOS="770"/>
							<String ID="string_139" HPOS="794" VPOS="819" WIDTH="116" HEIGHT="32" WC="0.96" CONTENT="kunde"/><SP WIDTH="25" VPOS="819" HPOS="910"/>
							<String ID="string_140" HPOS="935" VPOS="819" WIDTH="11" HEIGHT="31" WC="0.96" CONTENT="i"/><SP WIDTH="25" VPOS="819" HPOS="946"/>
							<String ID="string_141" HPOS="971" VPOS="820" WIDTH="92" HEIGHT="38" WC="0.96" CONTENT="regel"/><SP WIDTH="23" VPOS="820" HPOS="1063"/>
							<String ID="string_142" HPOS="1086" VPOS="820" WIDTH="132" HEIGHT="31" WC="0.92" CONTENT="lämnas"/><SP WIDTH="23" VPOS="820" HPOS="1218"/>
							<String ID="string_143" HPOS="1241" VPOS="820" WIDTH="172" HEIGHT="38" WC="0.88" CONTENT="ohägnad;"/><SP WIDTH="27" VPOS="820" HPOS="1413"/>
							<String ID="string_144" HPOS="1440" VPOS="821" WIDTH="60" HEIGHT="31" WC="0.96" CONTENT="och"/><SP WIDTH="24" VPOS="821" HPOS="1500"/>
							<String ID="string_145" HPOS="1524" VPOS="831" WIDTH="109" HEIGHT="28" WC="0.96" CONTENT="avgav"/>
						</TextLine>
						<TextLine ID="line_14" HPOS="141" VPOS="862" WIDTH="1490" HEIGHT="41">
							<String ID="string_146" HPOS="141" VPOS="862" WIDTH="166" HEIGHT="31" WC="0.96" CONTENT="utskottet"/><SP WIDTH="23" VPOS="862" HPOS="307"/>
							<String ID="string_147" HPOS="330" VPOS="862" WIDTH="204" HEIGHT="32" WC="0.96" CONTENT="hemställan"/><SP WIDTH="25" VPOS="862" HPOS="534"/>
							<String ID="string_148" HPOS="559" VPOS="863" WIDTH="10" HEIGHT="31" WC="0.96" CONTENT="i"/><SP WIDTH="25" VPOS="863" HPOS="569"/>
							<String ID="string_149" HPOS="594" VPOS="863" WIDTH="122" HEIGHT="32" WC="0.96" CONTENT="sådant"/><SP WIDTH="24" VPOS="863" HPOS="716"/>
							<String ID="string_150" HPOS="740" VPOS="862" WIDTH="100" HEIGHT="39" WC="0.95" CONTENT="syfte."/><SP WIDTH="36" VPOS="862" HPOS="840"/>
							<String ID="string_151" HPOS="876" VPOS="863" WIDTH="212" HEIGHT="39" WC="0.96" CONTENT="Riksdagen,"/><SP WIDTH="23" VPOS="863" HPOS="1088"/>
							<String ID="string_152" HPOS="1111" VPOS="864" WIDTH="61" HEIGHT="31" WC="0.96" CONTENT="där"/><SP WIDTH="24" VPOS="864" HPOS="1172"/>
							<String ID="string_153" HPOS="1196" VPOS="865" WIDTH="227" HEIGHT="37" WC="0.96" CONTENT="meningarna"/><SP WIDTH="25" VPOS="865" HPOS="1423"/>
							<String ID="string_154" HPOS="1448" VPOS="876" WIDTH="79" HEIGHT="20" WC="0.93" CONTENT="voro"/><SP WIDTH="24" VPOS="876" HPOS="1527"/>
							<String ID="string_155" HPOS="1551" VPOS="875" WIDTH="80" HEIGHT="28" WC="0.91" CONTENT="gan-"/>
						</TextLine>
						<TextLine ID="line_15" HPOS="140" VPOS="906" WIDTH="1491" HEIGHT="39">
							<String ID="string_156" HPOS="140" VPOS="906" WIDTH="59" HEIGHT="31" WC="0.96" CONTENT="ska"/><SP WIDTH="27" VPOS="906" HPOS="199"/>
							<String ID="string_157" HPOS="226" VPOS="906" WIDTH="129" HEIGHT="39" WC="0.96" CONTENT="delade,"/><SP WIDTH="25" VPOS="906" HPOS="355"/>
							<String ID="string_158" HPOS="380" VPOS="906" WIDTH="101" HEIGHT="31" WC="0.96" CONTENT="biföll"/><SP WIDTH="26" VPOS="906" HPOS="481"/>
							<String ID="string_159" HPOS="507" VPOS="906" WIDTH="181" HEIGHT="32" WC="0.96" CONTENT="utskottets"/><SP WIDTH="26" VPOS="906" HPOS="688"/>
							<String ID="string_160" HPOS="714" VPOS="907" WIDTH="214" HEIGHT="31" WC="0.94" CONTENT="hemställan."/><SP WIDTH="41" VPOS="907" HPOS="928"/>
							<String ID="string_161" HPOS="969" VPOS="907" WIDTH="211" HEIGHT="32" WC="0.96" CONTENT="Stambanan"/><SP WIDTH="25" VPOS="907" HPOS="1180"/>
							<String ID="string_162" HPOS="1205" VPOS="919" WIDTH="121" HEIGHT="26" WC="0.96" CONTENT="genom"/><SP WIDTH="26" VPOS="919" HPOS="1326"/>
							<String ID="string_163" HPOS="1352" VPOS="910" WIDTH="77" HEIGHT="29" WC="0.96" CONTENT="övre"/><SP WIDTH="27" VPOS="910" HPOS="1429"/>
							<String ID="string_164" HPOS="1456" VPOS="908" WIDTH="175" HEIGHT="31" WC="0.96" CONTENT="Norrland"/>
						</TextLine>
						<TextLine ID="line_16" HPOS="141" VPOS="950" WIDTH="1490" HEIGHT="40">
							<String ID="string_165" HPOS="141" VPOS="951" WIDTH="36" HEIGHT="29" WC="0.95" CONTENT="är"/><SP WIDTH="22" VPOS="951" HPOS="177"/>
							<String ID="string_166" HPOS="199" VPOS="950" WIDTH="193" HEIGHT="32" WC="0.96" CONTENT="emellertid"/><SP WIDTH="21" VPOS="950" HPOS="392"/>
							<String ID="string_167" HPOS="413" VPOS="950" WIDTH="57" HEIGHT="32" WC="0.95" CONTENT="till"/><SP WIDTH="21" VPOS="950" HPOS="470"/>
							<String ID="string_168" HPOS="491" VPOS="950" WIDTH="75" HEIGHT="32" WC="0.96" CONTENT="hela"/><SP WIDTH="22" VPOS="950" HPOS="566"/>
							<String ID="string_169" HPOS="588" VPOS="952" WIDTH="55" HEIGHT="30" WC="0.96" CONTENT="sin"/><SP WIDTH="21" VPOS="952" HPOS="643"/>
							<String ID="string_170" HPOS="664" VPOS="951" WIDTH="106" HEIGHT="39" WC="0.96" CONTENT="längd"/><SP WIDTH="22" VPOS="951" HPOS="770"/>
							<String ID="string_171" HPOS="792" VPOS="950" WIDTH="137" HEIGHT="32" WC="0.96" CONTENT="försedd"/><SP WIDTH="23" VPOS="950" HPOS="929"/>
							<String ID="string_172" HPOS="952" VPOS="952" WIDTH="75" HEIGHT="31" WC="0.96" CONTENT="med"/><SP WIDTH="22" VPOS="952" HPOS="1027"/>
							<String ID="string_173" HPOS="1049" VPOS="952" WIDTH="168" HEIGHT="38" WC="0.96" CONTENT="stängsel;"/><SP WIDTH="24" VPOS="952" HPOS="1217"/>
							<String ID="string_174" HPOS="1241" VPOS="952" WIDTH="82" HEIGHT="31" WC="0.96" CONTENT="dock"/><SP WIDTH="23" VPOS="952" HPOS="1323"/>
							<String ID="string_175" HPOS="1346" VPOS="954" WIDTH="36" HEIGHT="29" WC="0.96" CONTENT="är"/><SP WIDTH="23" VPOS="954" HPOS="1382"/>
							<String ID="string_176" HPOS="1405" VPOS="952" WIDTH="91" HEIGHT="32" WC="0.93" CONTENT="detta"/><SP WIDTH="23" VPOS="952" HPOS="1496"/>
							<String ID="string_177" HPOS="1519" VPOS="953" WIDTH="112" HEIGHT="37" WC="0.92" CONTENT="stäng-"/>
						</TextLine>
						<TextLine ID="line_17" HPOS="139" VPOS="994" WIDTH="1491" HEIGHT="42">
							<String ID="string_178" HPOS="139" VPOS="994" WIDTH="47" HEIGHT="31" WC="0.96" CONTENT="sel"/><SP WIDTH="20" VPOS="994" HPOS="186"/>
							<String ID="string_179" HPOS="206" VPOS="1005" WIDTH="42" HEIGHT="20" WC="0.96" CONTENT="av"/><SP WIDTH="20" VPOS="1005" HPOS="248"/>
							<String ID="string_180" HPOS="268" VPOS="1005" WIDTH="142" HEIGHT="28" WC="0.96" CONTENT="svagare"/><SP WIDTH="21" VPOS="1005" HPOS="410"/>
							<String ID="string_181" HPOS="431" VPOS="994" WIDTH="241" HEIGHT="33" WC="0.92" CONTENT="beskaffenhet"/><SP WIDTH="22" VPOS="994" HPOS="672"/>
							<String ID="string_182" HPOS="694" VPOS="996" WIDTH="18" HEIGHT="30" WC="0.92" CONTENT="å"/><SP WIDTH="20" VPOS="996" HPOS="712"/>
							<String ID="string_183" HPOS="732" VPOS="995" WIDTH="39" HEIGHT="31" WC="0.96" CONTENT="de"/><SP WIDTH="23" VPOS="995" HPOS="771"/>
							<String ID="string_184" HPOS="794" VPOS="995" WIDTH="163" HEIGHT="39" WC="0.96" CONTENT="sträckor,"/><SP WIDTH="22" VPOS="995" HPOS="957"/>
							<String ID="string_185" HPOS="979" VPOS="996" WIDTH="60" HEIGHT="31" WC="0.96" CONTENT="där"/><SP WIDTH="23" VPOS="996" HPOS="1039"/>
							<String ID="string_186" HPOS="1062" VPOS="996" WIDTH="191" HEIGHT="39" WC="0.93" CONTENT="järnvägen"/><SP WIDTH="20" VPOS="996" HPOS="1253"/>
							<String ID="string_187" HPOS="1273" VPOS="997" WIDTH="216" HEIGHT="39" WC="0.89" CONTENT="genomlöper"/><SP WIDTH="23" VPOS="997" HPOS="1489"/>
							<String ID="string_188" HPOS="1512" VPOS="997" WIDTH="118" HEIGHT="31" WC="0.89" CONTENT="krono-"/>
						</TextLine>
						<TextLine ID="line_18" HPOS="139" VPOS="1037" WIDTH="1492" HEIGHT="42">
							<String ID="string_189" HPOS="139" VPOS="1037" WIDTH="135" HEIGHT="40" WC="0.96" CONTENT="parker."/><SP WIDTH="41" VPOS="1037" HPOS="274"/>
							<String ID="string_190" HPOS="315" VPOS="1038" WIDTH="140" HEIGHT="33" WC="0.92" CONTENT="Statens"/><SP WIDTH="29" VPOS="1038" HPOS="455"/>
							<String ID="string_191" HPOS="484" VPOS="1039" WIDTH="185" HEIGHT="39" WC="0.96" CONTENT="järnvägar"/><SP WIDTH="29" VPOS="1039" HPOS="669"/>
							<String ID="string_192" HPOS="698" VPOS="1041" WIDTH="57" HEIGHT="30" WC="0.96" CONTENT="äro"/><SP WIDTH="29" VPOS="1041" HPOS="755"/>
							<String ID="string_193" HPOS="784" VPOS="1041" WIDTH="85" HEIGHT="30" WC="0.96" CONTENT="även"/><SP WIDTH="29" VPOS="1041" HPOS="869"/>
							<String ID="string_194" HPOS="898" VPOS="1041" WIDTH="10" HEIGHT="31" WC="0.95" CONTENT="i"/><SP WIDTH="31" VPOS="1041" HPOS="908"/>
							<String ID="string_195" HPOS="939" VPOS="1041" WIDTH="112" HEIGHT="38" WC="0.96" CONTENT="övrigt"/><SP WIDTH="28" VPOS="1041" HPOS="1051"/>
							<String ID="string_196" HPOS="1079" VPOS="1039" WIDTH="226" HEIGHT="40" WC="0.96" CONTENT="fullständigt"/><SP WIDTH="29" VPOS="1039" HPOS="1305"/>
							<String ID="string_197" HPOS="1334" VPOS="1041" WIDTH="194" HEIGHT="37" WC="0.95" CONTENT="inhägnade"/><SP WIDTH="27" VPOS="1041" HPOS="1528"/>
							<String ID="string_198" HPOS="1555" VPOS="1041" WIDTH="76" HEIGHT="32" WC="0.96" CONTENT="med"/>
						</TextLine>
						<TextLine ID="line_19" HPOS="138" VPOS="1083" WIDTH="1387" HEIGHT="41">
							<String ID="string_199" HPOS="138" VPOS="1083" WIDTH="190" HEIGHT="39" WC="0.95" CONTENT="undantag,"/><SP WIDTH="21" VPOS="1083" HPOS="328"/>
							<String ID="string_200" HPOS="349" VPOS="1085" WIDTH="119" HEIGHT="30" WC="0.96" CONTENT="utöver"/><SP WIDTH="21" VPOS="1085" HPOS="468"/>
							<String ID="string_201" HPOS="489" VPOS="1084" WIDTH="64" HEIGHT="31" WC="0.96" CONTENT="vad"/><SP WIDTH="22" VPOS="1084" HPOS="553"/>
							<String ID="string_202" HPOS="575" VPOS="1084" WIDTH="96" HEIGHT="32" WC="0.96" CONTENT="förut"/><SP WIDTH="21" VPOS="1084" HPOS="671"/>
							<String ID="string_203" HPOS="692" VPOS="1086" WIDTH="149" HEIGHT="38" WC="0.95" CONTENT="nämnts,"/><SP WIDTH="21" VPOS="1086" HPOS="841"/>
							<String ID="string_204" HPOS="862" VPOS="1096" WIDTH="42" HEIGHT="20" WC="0.96" CONTENT="av"/><SP WIDTH="20" VPOS="1096" HPOS="904"/>
							<String ID="string_205" HPOS="924" VPOS="1084" WIDTH="113" HEIGHT="40" WC="0.93" CONTENT="linjen"/><SP WIDTH="21" VPOS="1084" HPOS="1037"/>
							<String ID="string_206" HPOS="1058" VPOS="1084" WIDTH="467" HEIGHT="40" WC="0.87" CONTENT="Gellivare—Riksgränsen."/>
						</TextLine>
					</TextBlock>
					<TextBlock ID="block_2" HPOS="136" VPOS="1136" WIDTH="1493" HEIGHT="305">
						<TextLine ID="line_20" HPOS="183" VPOS="1136" WIDTH="1446" HEIGHT="40">
							<String ID="string_207" HPOS="183" VPOS="1136" WIDTH="70" HEIGHT="31" WC="0.96" CONTENT="Vid"/><SP WIDTH="27" VPOS="1136" HPOS="253"/>
							<String ID="string_208" HPOS="280" VPOS="1138" WIDTH="86" HEIGHT="29" WC="0.96" CONTENT="1904"/><SP WIDTH="25" VPOS="1138" HPOS="366"/>
							<String ID="string_209" HPOS="391" VPOS="1137" WIDTH="54" HEIGHT="31" WC="0.95" CONTENT="års"/><SP WIDTH="26" VPOS="1137" HPOS="445"/>
							<String ID="string_210" HPOS="471" VPOS="1136" WIDTH="141" HEIGHT="40" WC="0.96" CONTENT="riksdag"/><SP WIDTH="23" VPOS="1136" HPOS="612"/>
							<String ID="string_211" HPOS="635" VPOS="1136" WIDTH="137" HEIGHT="33" WC="0.96" CONTENT="väcktes"/><SP WIDTH="26" VPOS="1136" HPOS="772"/>
							<String ID="string_212" HPOS="798" VPOS="1138" WIDTH="93" HEIGHT="31" WC="0.96" CONTENT="inom"/><SP WIDTH="26" VPOS="1138" HPOS="891"/>
							<String ID="string_213" HPOS="917" VPOS="1137" WIDTH="107" HEIGHT="32" WC="0.96" CONTENT="andra"/><SP WIDTH="26" VPOS="1137" HPOS="1024"/>
							<String ID="string_214" HPOS="1050" VPOS="1137" WIDTH="199" HEIGHT="32" WC="0.96" CONTENT="kammaren"/><SP WIDTH="26" VPOS="1137" HPOS="1249"/>
							<String ID="string_215" HPOS="1275" VPOS="1138" WIDTH="139" HEIGHT="35" WC="0.96" CONTENT="motion,"/><SP WIDTH="27" VPOS="1138" HPOS="1414"/>
							<String ID="string_216" HPOS="1441" VPOS="1139" WIDTH="75" HEIGHT="31" WC="0.93" CONTENT="däri"/><SP WIDTH="25" VPOS="1139" HPOS="1516"/>
							<String ID="string_217" HPOS="1541" VPOS="1138" WIDTH="88" HEIGHT="32" WC="0.92" CONTENT="hem-"/>
						</TextLine>
						<TextLine ID="line_21" HPOS="140" VPOS="1181" WIDTH="1486" HEIGHT="40">
							<String ID="string_218" HPOS="140" VPOS="1181" WIDTH="149" HEIGHT="39" WC="0.71" CONTENT="ställdes,"/><SP WIDTH="33" VPOS="1181" HPOS="289"/>
							<String ID="string_219" HPOS="322" VPOS="1186" WIDTH="51" HEIGHT="27" WC="0.95" CONTENT="att"/><SP WIDTH="29" VPOS="1186" HPOS="373"/>
							<String ID="string_220" HPOS="402" VPOS="1181" WIDTH="186" HEIGHT="39" WC="0.96" CONTENT="riksdagen"/><SP WIDTH="33" VPOS="1181" HPOS="588"/>
							<String ID="string_221" HPOS="621" VPOS="1182" WIDTH="106" HEIGHT="31" WC="0.96" CONTENT="måtte"/><SP WIDTH="32" VPOS="1182" HPOS="727"/>
							<String ID="string_222" HPOS="759" VPOS="1183" WIDTH="10" HEIGHT="30" WC="0.75" CONTENT="i"/><SP WIDTH="35" VPOS="1183" HPOS="769"/>
							<String ID="string_223" HPOS="804" VPOS="1181" WIDTH="166" HEIGHT="32" WC="0.96" CONTENT="skrivelse"/><SP WIDTH="28" VPOS="1181" HPOS="970"/>
							<String ID="string_224" HPOS="998" VPOS="1182" WIDTH="57" HEIGHT="31" WC="0.95" CONTENT="till"/><SP WIDTH="32" VPOS="1182" HPOS="1055"/>
							<String ID="string_225" HPOS="1087" VPOS="1182" WIDTH="129" HEIGHT="38" WC="0.94" CONTENT="Kungl."/><SP WIDTH="34" VPOS="1182" HPOS="1216"/>
							<String ID="string_226" HPOS="1250" VPOS="1183" WIDTH="112" HEIGHT="38" WC="0.94" CONTENT="Maj:t"/><SP WIDTH="32" VPOS="1183" HPOS="1362"/>
							<String ID="string_227" HPOS="1394" VPOS="1182" WIDTH="145" HEIGHT="34" WC="0.96" CONTENT="anhålla,"/><SP WIDTH="34" VPOS="1182" HPOS="1539"/>
							<String ID="string_228" HPOS="1573" VPOS="1184" WIDTH="53" HEIGHT="30" WC="0.96" CONTENT="det"/>
						</TextLine>
						<TextLine ID="line_22" HPOS="136" VPOS="1224" WIDTH="1492" HEIGHT="41">
							<String ID="string_229" HPOS="136" VPOS="1224" WIDTH="133" HEIGHT="39" WC="0.94" CONTENT="Kungl."/><SP WIDTH="27" VPOS="1224" HPOS="269"/>
							<String ID="string_230" HPOS="296" VPOS="1224" WIDTH="113" HEIGHT="39" WC="0.96" CONTENT="Maj:t"/><SP WIDTH="24" VPOS="1224" HPOS="409"/>
							<String ID="string_231" HPOS="433" VPOS="1224" WIDTH="130" HEIGHT="32" WC="0.96" CONTENT="täcktes"/><SP WIDTH="23" VPOS="1224" HPOS="563"/>
							<String ID="string_232" HPOS="586" VPOS="1225" WIDTH="69" HEIGHT="31" WC="0.96" CONTENT="låta"/><SP WIDTH="28" VPOS="1225" HPOS="655"/>
							<String ID="string_233" HPOS="683" VPOS="1225" WIDTH="120" HEIGHT="31" WC="0.96" CONTENT="utreda"/><SP WIDTH="26" VPOS="1225" HPOS="803"/>
							<String ID="string_234" HPOS="829" VPOS="1225" WIDTH="142" HEIGHT="32" WC="0.96" CONTENT="behovet"/><SP WIDTH="25" VPOS="1225" HPOS="971"/>
							<String ID="string_235" HPOS="996" VPOS="1236" WIDTH="41" HEIGHT="20" WC="0.96" CONTENT="av"/><SP WIDTH="25" VPOS="1236" HPOS="1037"/>
							<String ID="string_236" HPOS="1062" VPOS="1226" WIDTH="121" HEIGHT="31" WC="0.96" CONTENT="sådant"/><SP WIDTH="26" VPOS="1226" HPOS="1183"/>
							<String ID="string_237" HPOS="1209" VPOS="1226" WIDTH="148" HEIGHT="37" WC="0.95" CONTENT="stängsel"/><SP WIDTH="26" VPOS="1226" HPOS="1357"/>
							<String ID="string_238" HPOS="1383" VPOS="1226" WIDTH="127" HEIGHT="32" WC="0.93" CONTENT="utefter"/><SP WIDTH="28" VPOS="1226" HPOS="1510"/>
							<String ID="string_239" HPOS="1538" VPOS="1226" WIDTH="90" HEIGHT="39" WC="0.93" CONTENT="järn-"/>
						</TextLine>
						<TextLine ID="line_23" HPOS="137" VPOS="1269" WIDTH="1492" HEIGHT="41">
							<String ID="string_240" HPOS="137" VPOS="1270" WIDTH="164" HEIGHT="37" WC="0.96" CONTENT="vägarna,"/><SP WIDTH="29" VPOS="1270" HPOS="301"/>
							<String ID="string_241" HPOS="330" VPOS="1274" WIDTH="50" HEIGHT="26" WC="0.96" CONTENT="att"/><SP WIDTH="29" VPOS="1274" HPOS="380"/>
							<String ID="string_242" HPOS="409" VPOS="1269" WIDTH="128" HEIGHT="39" WC="0.96" CONTENT="jämväl"/><SP WIDTH="28" VPOS="1269" HPOS="537"/>
							<String ID="string_243" HPOS="565" VPOS="1271" WIDTH="129" HEIGHT="30" WC="0.93" CONTENT="smärre"/><SP WIDTH="29" VPOS="1271" HPOS="694"/>
							<String ID="string_244" HPOS="723" VPOS="1270" WIDTH="173" HEIGHT="40" WC="0.91" CONTENT="hemdjur,"/><SP WIDTH="28" VPOS="1270" HPOS="896"/>
							<String ID="string_245" HPOS="924" VPOS="1271" WIDTH="107" HEIGHT="31" WC="0.95" CONTENT="såsom"/><SP WIDTH="28" VPOS="1271" HPOS="1031"/>
							<String ID="string_246" HPOS="1059" VPOS="1271" WIDTH="66" HEIGHT="39" WC="0.96" CONTENT="får,"/><SP WIDTH="28" VPOS="1271" HPOS="1125"/>
							<String ID="string_247" HPOS="1153" VPOS="1272" WIDTH="33" HEIGHT="37" WC="0.96" CONTENT="ej"/><SP WIDTH="30" VPOS="1272" HPOS="1186"/>
							<String ID="string_248" HPOS="1216" VPOS="1271" WIDTH="116" HEIGHT="31" WC="0.96" CONTENT="kunde"/><SP WIDTH="26" VPOS="1271" HPOS="1332"/>
							<String ID="string_249" HPOS="1358" VPOS="1271" WIDTH="132" HEIGHT="30" WC="0.96" CONTENT="komma"/><SP WIDTH="30" VPOS="1271" HPOS="1490"/>
							<String ID="string_250" HPOS="1520" VPOS="1270" WIDTH="37" HEIGHT="31" WC="0.95" CONTENT="in"/><SP WIDTH="29" VPOS="1270" HPOS="1557"/>
							<String ID="string_251" HPOS="1586" VPOS="1275" WIDTH="43" HEIGHT="33" WC="0.95" CONTENT="på"/>
						</TextLine>
						<TextLine ID="line_24" HPOS="136" VPOS="1312" WIDTH="1492" HEIGHT="41">
							<String ID="string_252" HPOS="136" VPOS="1312" WIDTH="211" HEIGHT="38" WC="0.96" CONTENT="järnvägens"/><SP WIDTH="28" VPOS="1312" HPOS="347"/>
							<String ID="string_253" HPOS="375" VPOS="1313" WIDTH="146" HEIGHT="31" WC="0.95" CONTENT="område."/><SP WIDTH="42" VPOS="1313" HPOS="521"/>
							<String ID="string_254" HPOS="563" VPOS="1313" WIDTH="219" HEIGHT="32" WC="0.96" CONTENT="Motionären"/><SP WIDTH="29" VPOS="1313" HPOS="782"/>
							<String ID="string_255" HPOS="811" VPOS="1315" WIDTH="188" HEIGHT="38" WC="0.96" CONTENT="åberopade"/><SP WIDTH="29" VPOS="1315" HPOS="999"/>
							<String ID="string_256" HPOS="1028" VPOS="1315" WIDTH="139" HEIGHT="31" WC="0.96" CONTENT="särskilt"/><SP WIDTH="30" VPOS="1315" HPOS="1167"/>
							<String ID="string_257" HPOS="1197" VPOS="1315" WIDTH="65" HEIGHT="31" WC="0.96" CONTENT="den"/><SP WIDTH="31" VPOS="1315" HPOS="1262"/>
							<String ID="string_258" HPOS="1293" VPOS="1313" WIDTH="187" HEIGHT="33" WC="0.93" CONTENT="utsträckta"/><SP WIDTH="31" VPOS="1313" HPOS="1480"/>
							<String ID="string_259" HPOS="1511" VPOS="1315" WIDTH="117" HEIGHT="29" WC="0.90" CONTENT="ersätt-"/>
						</TextLine>
						<TextLine ID="line_25" HPOS="140" VPOS="1357" WIDTH="1485" HEIGHT="41">
							<String ID="string_260" HPOS="140" VPOS="1357" WIDTH="207" HEIGHT="39" WC="0.91" CONTENT="ningsplikt,"/><SP WIDTH="27" VPOS="1357" HPOS="347"/>
							<String ID="string_261" HPOS="374" VPOS="1367" WIDTH="71" HEIGHT="21" WC="0.96" CONTENT="som"/><SP WIDTH="31" VPOS="1367" HPOS="445"/>
							<String ID="string_262" HPOS="476" VPOS="1358" WIDTH="11" HEIGHT="31" WC="0.95" CONTENT="i"/><SP WIDTH="29" VPOS="1358" HPOS="487"/>
							<String ID="string_263" HPOS="516" VPOS="1359" WIDTH="211" HEIGHT="39" WC="0.96" CONTENT="proposition"/><SP WIDTH="30" VPOS="1359" HPOS="727"/>
							<String ID="string_264" HPOS="757" VPOS="1359" WIDTH="56" HEIGHT="31" WC="0.95" CONTENT="till"/><SP WIDTH="30" VPOS="1359" HPOS="813"/>
							<String ID="string_265" HPOS="843" VPOS="1370" WIDTH="128" HEIGHT="20" WC="0.95" CONTENT="samma"/><SP WIDTH="29" VPOS="1370" HPOS="971"/>
							<String ID="string_266" HPOS="1000" VPOS="1360" WIDTH="55" HEIGHT="30" WC="0.96" CONTENT="års"/><SP WIDTH="28" VPOS="1360" HPOS="1055"/>
							<String ID="string_267" HPOS="1083" VPOS="1359" WIDTH="141" HEIGHT="38" WC="0.96" CONTENT="riksdag"/><SP WIDTH="28" VPOS="1359" HPOS="1224"/>
							<String ID="string_268" HPOS="1252" VPOS="1359" WIDTH="196" HEIGHT="37" WC="0.96" CONTENT="föreslagits"/><SP WIDTH="30" VPOS="1359" HPOS="1448"/>
							<String ID="string_269" HPOS="1478" VPOS="1358" WIDTH="54" HEIGHT="31" WC="0.96" CONTENT="för"/><SP WIDTH="29" VPOS="1358" HPOS="1532"/>
							<String ID="string_270" HPOS="1561" VPOS="1358" WIDTH="64" HEIGHT="31" WC="0.96" CONTENT="den"/>
						</TextLine>
						<TextLine ID="line_26" HPOS="137" VPOS="1400" WIDTH="1357" HEIGHT="41">
							<String ID="string_271" HPOS="137" VPOS="1400" WIDTH="116" HEIGHT="40" WC="0.92" CONTENT="skada,"/><SP WIDTH="24" VPOS="1400" HPOS="253"/>
							<String ID="string_272" HPOS="277" VPOS="1401" WIDTH="300" HEIGHT="39" WC="0.92" CONTENT="järnvägsdriften"/><SP WIDTH="24" VPOS="1401" HPOS="577"/>
							<String ID="string_273" HPOS="601" VPOS="1402" WIDTH="116" HEIGHT="32" WC="0.96" CONTENT="kunde"/><SP WIDTH="23" VPOS="1402" HPOS="717"/>
							<String ID="string_274" HPOS="740" VPOS="1402" WIDTH="135" HEIGHT="32" WC="0.96" CONTENT="komma"/><SP WIDTH="25" VPOS="1402" HPOS="875"/>
							<String ID="string_275" HPOS="900" VPOS="1408" WIDTH="51" HEIGHT="27" WC="0.96" CONTENT="att"/><SP WIDTH="24" VPOS="1408" HPOS="951"/>
							<String ID="string_276" HPOS="975" VPOS="1402" WIDTH="176" HEIGHT="32" WC="0.93" CONTENT="förorsaka"/><SP WIDTH="26" VPOS="1402" HPOS="1151"/>
							<String ID="string_277" HPOS="1177" VPOS="1402" WIDTH="184" HEIGHT="39" WC="0.91" CONTENT="lapparnas"/><SP WIDTH="24" VPOS="1402" HPOS="1361"/>
							<String ID="string_278" HPOS="1385" VPOS="1412" WIDTH="109" HEIGHT="21" WC="0.96" CONTENT="renar."/>
						</TextLine>
					</TextBlock>
					<TextBlock ID="block_3" HPOS="125" VPOS="1452" WIDTH="1502" HEIGHT="1014">
						<TextLine ID="line_27" HPOS="179" VPOS="1452" WIDTH="1448" HEIGHT="41">
							<String ID="string_279" HPOS="179" VPOS="1453" WIDTH="68" HEIGHT="32" WC="0.96" CONTENT="Det"/><SP WIDTH="18" VPOS="1453" HPOS="247"/>
							<String ID="string_280" HPOS="265" VPOS="1454" WIDTH="185" HEIGHT="38" WC="0.96" CONTENT="tillfälliga"/><SP WIDTH="21" VPOS="1454" HPOS="450"/>
							<String ID="string_281" HPOS="471" VPOS="1454" WIDTH="141" HEIGHT="39" WC="0.96" CONTENT="utskott,"/><SP WIDTH="20" VPOS="1454" HPOS="612"/>
							<String ID="string_282" HPOS="632" VPOS="1466" WIDTH="70" HEIGHT="20" WC="0.96" CONTENT="som"/><SP WIDTH="19" VPOS="1466" HPOS="702"/>
							<String ID="string_283" HPOS="721" VPOS="1454" WIDTH="86" HEIGHT="32" WC="0.96" CONTENT="hade"/><SP WIDTH="21" VPOS="1454" HPOS="807"/>
							<String ID="string_284" HPOS="828" VPOS="1460" WIDTH="50" HEIGHT="26" WC="0.96" CONTENT="att"/><SP WIDTH="21" VPOS="1460" HPOS="878"/>
							<String ID="string_285" HPOS="899" VPOS="1455" WIDTH="166" HEIGHT="31" WC="0.93" CONTENT="behandla"/><SP WIDTH="20" VPOS="1455" HPOS="1065"/>
							<String ID="string_286" HPOS="1085" VPOS="1454" WIDTH="225" HEIGHT="32" WC="0.63" CONTENT="omförmilda"/><SP WIDTH="21" VPOS="1454" HPOS="1310"/>
							<String ID="string_287" HPOS="1331" VPOS="1455" WIDTH="140" HEIGHT="34" WC="0.96" CONTENT="motion,"/><SP WIDTH="21" VPOS="1455" HPOS="1471"/>
							<String ID="string_288" HPOS="1492" VPOS="1452" WIDTH="135" HEIGHT="39" WC="0.96" CONTENT="yttrade"/>
						</TextLine>
						<TextLine ID="line_28" HPOS="135" VPOS="1497" WIDTH="1492" HEIGHT="41">
							<String ID="string_289" HPOS="135" VPOS="1497" WIDTH="279" HEIGHT="40" WC="0.96" CONTENT="huvudsakligen"/><SP WIDTH="26" VPOS="1497" HPOS="414"/>
							<String ID="string_290" HPOS="440" VPOS="1498" WIDTH="165" HEIGHT="39" WC="0.93" CONTENT="följande."/><SP WIDTH="50" VPOS="1498" HPOS="605"/>
							<String ID="string_291" HPOS="655" VPOS="1499" WIDTH="119" HEIGHT="38" WC="0.91" CONTENT="Några"/><SP WIDTH="27" VPOS="1499" HPOS="774"/>
							<String ID="string_292" HPOS="801" VPOS="1499" WIDTH="310" HEIGHT="39" WC="0.16" CONTENT="lagbhestämmelser"/><SP WIDTH="28" VPOS="1499" HPOS="1111"/>
							<String ID="string_293" HPOS="1139" VPOS="1499" WIDTH="144" HEIGHT="31" WC="0.95" CONTENT="rörande"/><SP WIDTH="27" VPOS="1499" HPOS="1283"/>
							<String ID="string_294" HPOS="1310" VPOS="1498" WIDTH="238" HEIGHT="39" WC="0.96" CONTENT="skyldigheten"/><SP WIDTH="28" VPOS="1498" HPOS="1548"/>
							<String ID="string_295" HPOS="1576" VPOS="1504" WIDTH="51" HEIGHT="26" WC="0.95" CONTENT="att"/>
						</TextLine>
						<TextLine ID="line_29" HPOS="135" VPOS="1541" WIDTH="1492" HEIGHT="41">
							<String ID="string_296" HPOS="135" VPOS="1541" WIDTH="91" HEIGHT="32" WC="0.96" CONTENT="hålla"/><SP WIDTH="30" VPOS="1541" HPOS="226"/>
							<String ID="string_297" HPOS="256" VPOS="1542" WIDTH="151" HEIGHT="39" WC="0.96" CONTENT="stängsel"/><SP WIDTH="30" VPOS="1542" HPOS="407"/>
							<String ID="string_298" HPOS="437" VPOS="1543" WIDTH="114" HEIGHT="31" WC="0.96" CONTENT="utmed"/><SP WIDTH="31" VPOS="1543" HPOS="551"/>
							<String ID="string_299" HPOS="582" VPOS="1543" WIDTH="273" HEIGHT="39" WC="0.96" CONTENT="järnvägslinjer"/><SP WIDTH="29" VPOS="1543" HPOS="855"/>
							<String ID="string_300" HPOS="884" VPOS="1543" WIDTH="126" HEIGHT="32" WC="0.96" CONTENT="funnes"/><SP WIDTH="29" VPOS="1543" HPOS="1010"/>
							<String ID="string_301" HPOS="1039" VPOS="1543" WIDTH="92" HEIGHT="38" WC="0.96" CONTENT="icke;"/><SP WIDTH="33" VPOS="1543" HPOS="1131"/>
							<String ID="string_302" HPOS="1164" VPOS="1543" WIDTH="40" HEIGHT="32" WC="0.96" CONTENT="de"/><SP WIDTH="29" VPOS="1543" HPOS="1204"/>
							<String ID="string_303" HPOS="1233" VPOS="1543" WIDTH="278" HEIGHT="32" WC="0.91" CONTENT="administrativa"/><SP WIDTH="30" VPOS="1543" HPOS="1511"/>
							<String ID="string_304" HPOS="1541" VPOS="1542" WIDTH="86" HEIGHT="32" WC="0.91" CONTENT="före-"/>
						</TextLine>
						<TextLine ID="line_30" HPOS="135" VPOS="1585" WIDTH="1490" HEIGHT="41">
							<String ID="string_305" HPOS="135" VPOS="1585" WIDTH="157" HEIGHT="40" WC="0.95" CONTENT="skrifter,"/><SP WIDTH="25" VPOS="1585" HPOS="292"/>
							<String ID="string_306" HPOS="317" VPOS="1586" WIDTH="95" HEIGHT="32" WC="0.96" CONTENT="vilka"/><SP WIDTH="26" VPOS="1586" HPOS="412"/>
							<String ID="string_307" HPOS="438" VPOS="1587" WIDTH="11" HEIGHT="31" WC="0.96" CONTENT="i"/><SP WIDTH="27" VPOS="1587" HPOS="449"/>
							<String ID="string_308" HPOS="476" VPOS="1587" WIDTH="91" HEIGHT="32" WC="0.96" CONTENT="detta"/><SP WIDTH="27" VPOS="1587" HPOS="567"/>
							<String ID="string_309" HPOS="594" VPOS="1587" WIDTH="191" HEIGHT="32" WC="0.96" CONTENT="hänseende"/><SP WIDTH="25" VPOS="1587" HPOS="785"/>
							<String ID="string_310" HPOS="810" VPOS="1587" WIDTH="116" HEIGHT="32" WC="0.96" CONTENT="kunde"/><SP WIDTH="24" VPOS="1587" HPOS="926"/>
							<String ID="string_311" HPOS="950" VPOS="1599" WIDTH="81" HEIGHT="20" WC="0.96" CONTENT="vara"/><SP WIDTH="27" VPOS="1599" HPOS="1031"/>
							<String ID="string_312" HPOS="1058" VPOS="1587" WIDTH="53" HEIGHT="32" WC="0.96" CONTENT="för"/><SP WIDTH="27" VPOS="1587" HPOS="1111"/>
							<String ID="string_313" HPOS="1138" VPOS="1593" WIDTH="127" HEIGHT="26" WC="0.96" CONTENT="statens"/><SP WIDTH="27" VPOS="1593" HPOS="1265"/>
							<String ID="string_314" HPOS="1292" VPOS="1588" WIDTH="186" HEIGHT="38" WC="0.96" CONTENT="järnvägar"/><SP WIDTH="26" VPOS="1588" HPOS="1478"/>
							<String ID="string_315" HPOS="1504" VPOS="1588" WIDTH="81" HEIGHT="31" WC="0.96" CONTENT="eller"/><SP WIDTH="30" VPOS="1588" HPOS="1585"/>
							<String ID="string_316" HPOS="1615" VPOS="1587" WIDTH="10" HEIGHT="30" WC="0.96" CONTENT="i"/>
						</TextLine>
						<TextLine ID="line_31" HPOS="136" VPOS="1631" WIDTH="1488" HEIGHT="40">
							<String ID="string_317" HPOS="136" VPOS="1631" WIDTH="160" HEIGHT="37" WC="0.93" CONTENT="gällande"/><SP WIDTH="29" VPOS="1631" HPOS="296"/>
							<String ID="string_318" HPOS="325" VPOS="1631" WIDTH="239" HEIGHT="32" WC="0.91" CONTENT="koncessioner"/><SP WIDTH="26" VPOS="1631" HPOS="564"/>
							<String ID="string_319" HPOS="590" VPOS="1631" WIDTH="54" HEIGHT="32" WC="0.96" CONTENT="för"/><SP WIDTH="29" VPOS="1631" HPOS="644"/>
							<String ID="string_320" HPOS="673" VPOS="1632" WIDTH="156" HEIGHT="31" WC="0.96" CONTENT="enskilda"/><SP WIDTH="29" VPOS="1632" HPOS="829"/>
							<String ID="string_321" HPOS="858" VPOS="1632" WIDTH="189" HEIGHT="39" WC="0.96" CONTENT="järnvägar"/><SP WIDTH="26" VPOS="1632" HPOS="1047"/>
							<String ID="string_322" HPOS="1073" VPOS="1632" WIDTH="207" HEIGHT="38" WC="0.96" CONTENT="meddelade,"/><SP WIDTH="30" VPOS="1632" HPOS="1280"/>
							<String ID="string_323" HPOS="1310" VPOS="1633" WIDTH="86" HEIGHT="30" WC="0.96" CONTENT="hade"/><SP WIDTH="27" VPOS="1633" HPOS="1396"/>
							<String ID="string_324" HPOS="1423" VPOS="1631" WIDTH="201" HEIGHT="32" WC="0.96" CONTENT="tillkommit"/>
						</TextLine>
						<TextLine ID="line_32" HPOS="139" VPOS="1674" WIDTH="1483" HEIGHT="40">
							<String ID="string_325" HPOS="139" VPOS="1675" WIDTH="68" HEIGHT="37" WC="0.96" CONTENT="dels"/><SP WIDTH="26" VPOS="1675" HPOS="207"/>
							<String ID="string_326" HPOS="233" VPOS="1674" WIDTH="57" HEIGHT="32" WC="0.96" CONTENT="för"/><SP WIDTH="24" VPOS="1674" HPOS="290"/>
							<String ID="string_327" HPOS="314" VPOS="1675" WIDTH="210" HEIGHT="39" WC="0.96" CONTENT="järnvägens"/><SP WIDTH="23" VPOS="1675" HPOS="524"/>
							<String ID="string_328" HPOS="547" VPOS="1676" WIDTH="63" HEIGHT="31" WC="0.96" CONTENT="och"/><SP WIDTH="24" VPOS="1676" HPOS="610"/>
							<String ID="string_329" HPOS="634" VPOS="1676" WIDTH="174" HEIGHT="31" WC="0.96" CONTENT="trafikens"/><SP WIDTH="25" VPOS="1676" HPOS="808"/>
							<String ID="string_330" HPOS="833" VPOS="1676" WIDTH="110" HEIGHT="38" WC="0.96" CONTENT="skydd"/><SP WIDTH="26" VPOS="1676" HPOS="943"/>
							<String ID="string_331" HPOS="969" VPOS="1676" WIDTH="70" HEIGHT="31" WC="0.96" CONTENT="dels"/><SP WIDTH="24" VPOS="1676" HPOS="1039"/>
							<String ID="string_332" HPOS="1063" VPOS="1676" WIDTH="56" HEIGHT="31" WC="0.96" CONTENT="till"/><SP WIDTH="26" VPOS="1676" HPOS="1119"/>
							<String ID="string_333" HPOS="1145" VPOS="1675" WIDTH="259" HEIGHT="39" WC="0.96" CONTENT="förebyggande"/><SP WIDTH="25" VPOS="1675" HPOS="1404"/>
							<String ID="string_334" HPOS="1429" VPOS="1687" WIDTH="41" HEIGHT="20" WC="0.96" CONTENT="av"/><SP WIDTH="27" VPOS="1687" HPOS="1470"/>
							<String ID="string_335" HPOS="1497" VPOS="1675" WIDTH="125" HEIGHT="32" WC="0.95" CONTENT="allmän"/>
						</TextLine>
						<TextLine ID="line_33" HPOS="133" VPOS="1718" WIDTH="1492" HEIGHT="40">
							<String ID="string_336" HPOS="133" VPOS="1719" WIDTH="78" HEIGHT="31" WC="0.95" CONTENT="fara"/><SP WIDTH="23" VPOS="1719" HPOS="211"/>
							<String ID="string_337" HPOS="234" VPOS="1730" WIDTH="42" HEIGHT="20" WC="0.93" CONTENT="av"/><SP WIDTH="23" VPOS="1730" HPOS="276"/>
							<String ID="string_338" HPOS="299" VPOS="1718" WIDTH="309" HEIGHT="40" WC="0.91" CONTENT="järnvägsdriften."/><SP WIDTH="36" VPOS="1718" HPOS="608"/>
							<String ID="string_339" HPOS="644" VPOS="1719" WIDTH="129" HEIGHT="31" WC="0.94" CONTENT="Genom"/><SP WIDTH="23" VPOS="1719" HPOS="773"/>
							<String ID="string_340" HPOS="796" VPOS="1719" WIDTH="55" HEIGHT="32" WC="0.95" CONTENT="sin"/><SP WIDTH="23" VPOS="1719" HPOS="851"/>
							<String ID="string_341" HPOS="874" VPOS="1719" WIDTH="225" HEIGHT="32" WC="0.96" CONTENT="förevarande"/><SP WIDTH="22" VPOS="1719" HPOS="1099"/>
							<String ID="string_342" HPOS="1121" VPOS="1720" WIDTH="262" HEIGHT="37" WC="0.96" CONTENT="framställning"/><SP WIDTH="21" VPOS="1720" HPOS="1383"/>
							<String ID="string_343" HPOS="1404" VPOS="1720" WIDTH="82" HEIGHT="32" WC="0.93" CONTENT="ville"/><SP WIDTH="22" VPOS="1720" HPOS="1486"/>
							<String ID="string_344" HPOS="1508" VPOS="1720" WIDTH="117" HEIGHT="30" WC="0.92" CONTENT="motio-"/>
						</TextLine>
						<TextLine ID="line_34" HPOS="137" VPOS="1763" WIDTH="1488" HEIGHT="40">
							<String ID="string_345" HPOS="137" VPOS="1765" WIDTH="104" HEIGHT="30" WC="0.91" CONTENT="nären"/><SP WIDTH="24" VPOS="1765" HPOS="241"/>
							<String ID="string_346" HPOS="265" VPOS="1764" WIDTH="12" HEIGHT="30" WC="0.95" CONTENT="i"/><SP WIDTH="24" VPOS="1764" HPOS="277"/>
							<String ID="string_347" HPOS="301" VPOS="1763" WIDTH="101" HEIGHT="39" WC="0.96" CONTENT="fråga"/><SP WIDTH="25" VPOS="1763" HPOS="402"/>
							<String ID="string_348" HPOS="427" VPOS="1775" WIDTH="54" HEIGHT="20" WC="0.96" CONTENT="om"/><SP WIDTH="23" VPOS="1775" HPOS="481"/>
							<String ID="string_349" HPOS="504" VPOS="1764" WIDTH="110" HEIGHT="31" WC="0.93" CONTENT="denna"/><SP WIDTH="25" VPOS="1764" HPOS="614"/>
							<String ID="string_350" HPOS="639" VPOS="1763" WIDTH="350" HEIGHT="40" WC="0.92" CONTENT="stängselskyldighet"/><SP WIDTH="24" VPOS="1763" HPOS="989"/>
							<String ID="string_351" HPOS="1013" VPOS="1764" WIDTH="147" HEIGHT="38" WC="0.95" CONTENT="anlägga"/><SP WIDTH="25" VPOS="1764" HPOS="1160"/>
							<String ID="string_352" HPOS="1185" VPOS="1775" WIDTH="42" HEIGHT="20" WC="0.96" CONTENT="en"/><SP WIDTH="25" VPOS="1775" HPOS="1227"/>
							<String ID="string_353" HPOS="1252" VPOS="1776" WIDTH="47" HEIGHT="27" WC="0.96" CONTENT="ny"/><SP WIDTH="25" VPOS="1776" HPOS="1299"/>
							<String ID="string_354" HPOS="1324" VPOS="1763" WIDTH="188" HEIGHT="39" WC="0.93" CONTENT="synpunkt,"/><SP WIDTH="24" VPOS="1763" HPOS="1512"/>
							<String ID="string_355" HPOS="1536" VPOS="1763" WIDTH="89" HEIGHT="31" WC="0.91" CONTENT="hem-"/>
						</TextLine>
						<TextLine ID="line_35" HPOS="132" VPOS="1806" WIDTH="1492" HEIGHT="41">
							<String ID="string_356" HPOS="132" VPOS="1808" WIDTH="144" HEIGHT="39" WC="0.93" CONTENT="djurens"/><SP WIDTH="31" VPOS="1808" HPOS="276"/>
							<String ID="string_357" HPOS="307" VPOS="1807" WIDTH="176" HEIGHT="32" WC="0.92" CONTENT="fredande."/><SP WIDTH="44" VPOS="1807" HPOS="483"/>
							<String ID="string_358" HPOS="527" VPOS="1808" WIDTH="94" HEIGHT="32" WC="0.93" CONTENT="Från"/><SP WIDTH="43" VPOS="1808" HPOS="621"/>
							<String ID="string_359" HPOS="664" VPOS="1808" WIDTH="204" HEIGHT="39" WC="0.91" CONTENT="djurägares"/><SP WIDTH="42" VPOS="1808" HPOS="868"/>
							<String ID="string_360" HPOS="910" VPOS="1808" WIDTH="60" HEIGHT="31" WC="0.91" CONTENT="och"/><SP WIDTH="40" VPOS="1808" HPOS="970"/>
							<String ID="string_361" HPOS="1010" VPOS="1808" WIDTH="359" HEIGHT="39" WC="0.91" CONTENT="djurskyddsvänners"/><SP WIDTH="42" VPOS="1808" HPOS="1369"/>
							<String ID="string_362" HPOS="1411" VPOS="1806" WIDTH="213" HEIGHT="41" WC="0.96" CONTENT="ståndpunkt"/>
						</TextLine>
						<TextLine ID="line_36" HPOS="133" VPOS="1851" WIDTH="1490" HEIGHT="40">
							<String ID="string_363" HPOS="133" VPOS="1852" WIDTH="111" HEIGHT="31" WC="0.96" CONTENT="skulle"/><SP WIDTH="19" VPOS="1852" HPOS="244"/>
							<String ID="string_364" HPOS="263" VPOS="1853" WIDTH="55" HEIGHT="30" WC="0.96" CONTENT="väl"/><SP WIDTH="22" VPOS="1853" HPOS="318"/>
							<String ID="string_365" HPOS="340" VPOS="1864" WIDTH="42" HEIGHT="20" WC="0.96" CONTENT="en"/><SP WIDTH="21" VPOS="1864" HPOS="382"/>
							<String ID="string_366" HPOS="403" VPOS="1852" WIDTH="98" HEIGHT="39" WC="0.96" CONTENT="dylik"/><SP WIDTH="22" VPOS="1852" HPOS="501"/>
							<String ID="string_367" HPOS="523" VPOS="1852" WIDTH="228" HEIGHT="39" WC="0.96" CONTENT="lagstiftning"/><SP WIDTH="22" VPOS="1852" HPOS="751"/>
							<String ID="string_368" HPOS="773" VPOS="1852" WIDTH="118" HEIGHT="32" WC="0.96" CONTENT="finnas"/><SP WIDTH="23" VPOS="1852" HPOS="891"/>
							<String ID="string_369" HPOS="914" VPOS="1852" WIDTH="180" HEIGHT="38" WC="0.96" CONTENT="önskvärd,"/><SP WIDTH="21" VPOS="1852" HPOS="1094"/>
							<String ID="string_370" HPOS="1115" VPOS="1864" WIDTH="78" HEIGHT="20" WC="0.96" CONTENT="men"/><SP WIDTH="23" VPOS="1864" HPOS="1193"/>
							<String ID="string_371" HPOS="1216" VPOS="1858" WIDTH="128" HEIGHT="26" WC="0.96" CONTENT="oavsett"/><SP WIDTH="22" VPOS="1858" HPOS="1344"/>
							<String ID="string_372" HPOS="1366" VPOS="1858" WIDTH="50" HEIGHT="26" WC="0.96" CONTENT="att"/><SP WIDTH="22" VPOS="1858" HPOS="1416"/>
							<String ID="string_373" HPOS="1438" VPOS="1852" WIDTH="64" HEIGHT="31" WC="0.93" CONTENT="den"/><SP WIDTH="22" VPOS="1852" HPOS="1502"/>
							<String ID="string_374" HPOS="1524" VPOS="1851" WIDTH="99" HEIGHT="39" WC="0.92" CONTENT="prak-"/>
						</TextLine>
						<TextLine ID="line_37" HPOS="132" VPOS="1894" WIDTH="1491" HEIGHT="41">
							<String ID="string_375" HPOS="132" VPOS="1896" WIDTH="90" HEIGHT="31" WC="0.96" CONTENT="tiska"/><SP WIDTH="23" VPOS="1896" HPOS="222"/>
							<String ID="string_376" HPOS="245" VPOS="1897" WIDTH="271" HEIGHT="38" WC="0.95" CONTENT="tillämpningen"/><SP WIDTH="23" VPOS="1897" HPOS="516"/>
							<String ID="string_377" HPOS="539" VPOS="1908" WIDTH="41" HEIGHT="20" WC="0.96" CONTENT="av"/><SP WIDTH="23" VPOS="1908" HPOS="580"/>
							<String ID="string_378" HPOS="603" VPOS="1908" WIDTH="41" HEIGHT="20" WC="0.96" CONTENT="en"/><SP WIDTH="24" VPOS="1908" HPOS="644"/>
							<String ID="string_379" HPOS="668" VPOS="1897" WIDTH="105" HEIGHT="31" WC="0.96" CONTENT="sådan"/><SP WIDTH="23" VPOS="1897" HPOS="773"/>
							<String ID="string_380" HPOS="796" VPOS="1898" WIDTH="58" HEIGHT="37" WC="0.96" CONTENT="lag"/><SP WIDTH="22" VPOS="1898" HPOS="854"/>
							<String ID="string_381" HPOS="876" VPOS="1897" WIDTH="147" HEIGHT="38" WC="0.96" CONTENT="givetvis"/><SP WIDTH="22" VPOS="1897" HPOS="1023"/>
							<String ID="string_382" HPOS="1045" VPOS="1897" WIDTH="106" HEIGHT="31" WC="0.96" CONTENT="måste"/><SP WIDTH="22" VPOS="1897" HPOS="1151"/>
							<String ID="string_383" HPOS="1173" VPOS="1898" WIDTH="90" HEIGHT="30" WC="0.96" CONTENT="möta"/><SP WIDTH="24" VPOS="1898" HPOS="1263"/>
							<String ID="string_384" HPOS="1287" VPOS="1902" WIDTH="88" HEIGHT="26" WC="0.96" CONTENT="stora"/><SP WIDTH="25" VPOS="1902" HPOS="1375"/>
							<String ID="string_385" HPOS="1400" VPOS="1894" WIDTH="223" HEIGHT="39" WC="0.96" CONTENT="svårigheter,"/>
						</TextLine>
						<TextLine ID="line_38" HPOS="135" VPOS="1940" WIDTH="1485" HEIGHT="41">
							<String ID="string_386" HPOS="135" VPOS="1952" WIDTH="52" HEIGHT="20" WC="0.96" CONTENT="om"/><SP WIDTH="25" VPOS="1952" HPOS="187"/>
							<String ID="string_387" HPOS="212" VPOS="1942" WIDTH="37" HEIGHT="31" WC="0.96" CONTENT="så"/><SP WIDTH="22" VPOS="1942" HPOS="249"/>
							<String ID="string_388" HPOS="271" VPOS="1940" WIDTH="212" HEIGHT="41" WC="0.93" CONTENT="fullständig"/><SP WIDTH="25" VPOS="1940" HPOS="483"/>
							<String ID="string_389" HPOS="508" VPOS="1941" WIDTH="135" HEIGHT="39" WC="0.91" CONTENT="hägnad"/><SP WIDTH="25" VPOS="1941" HPOS="643"/>
							<String ID="string_390" HPOS="668" VPOS="1941" WIDTH="110" HEIGHT="32" WC="0.96" CONTENT="skulle"/><SP WIDTH="24" VPOS="1941" HPOS="778"/>
							<String ID="string_391" HPOS="802" VPOS="1941" WIDTH="148" HEIGHT="38" WC="0.96" CONTENT="fordras,"/><SP WIDTH="26" VPOS="1941" HPOS="950"/>
							<String ID="string_392" HPOS="976" VPOS="1945" WIDTH="49" HEIGHT="28" WC="0.96" CONTENT="att"/><SP WIDTH="23" VPOS="1945" HPOS="1025"/>
							<String ID="string_393" HPOS="1048" VPOS="1940" WIDTH="84" HEIGHT="33" WC="0.96" CONTENT="både"/><SP WIDTH="25" VPOS="1940" HPOS="1132"/>
							<String ID="string_394" HPOS="1157" VPOS="1943" WIDTH="109" HEIGHT="29" WC="0.96" CONTENT="större"/><SP WIDTH="24" VPOS="1943" HPOS="1266"/>
							<String ID="string_395" HPOS="1290" VPOS="1941" WIDTH="59" HEIGHT="31" WC="0.96" CONTENT="och"/><SP WIDTH="24" VPOS="1941" HPOS="1349"/>
							<String ID="string_396" HPOS="1373" VPOS="1940" WIDTH="135" HEIGHT="32" WC="0.93" CONTENT="mindre"/><SP WIDTH="24" VPOS="1940" HPOS="1508"/>
							<String ID="string_397" HPOS="1532" VPOS="1941" WIDTH="88" HEIGHT="30" WC="0.91" CONTENT="hem-"/>
						</TextLine>
						<TextLine ID="line_39" HPOS="131" VPOS="1984" WIDTH="1491" HEIGHT="41">
							<String ID="string_398" HPOS="131" VPOS="1985" WIDTH="82" HEIGHT="39" WC="0.96" CONTENT="djur"/><SP WIDTH="23" VPOS="1985" HPOS="213"/>
							<String ID="string_399" HPOS="236" VPOS="1985" WIDTH="95" HEIGHT="32" WC="0.96" CONTENT="bleve"/><SP WIDTH="24" VPOS="1985" HPOS="331"/>
							<String ID="string_400" HPOS="355" VPOS="1985" WIDTH="186" HEIGHT="40" WC="0.96" CONTENT="skyddade,"/><SP WIDTH="22" VPOS="1985" HPOS="541"/>
							<String ID="string_401" HPOS="563" VPOS="1985" WIDTH="110" HEIGHT="32" WC="0.95" CONTENT="skulle"/><SP WIDTH="22" VPOS="1985" HPOS="673"/>
							<String ID="string_402" HPOS="695" VPOS="1991" WIDTH="49" HEIGHT="26" WC="0.96" CONTENT="ett"/><SP WIDTH="22" VPOS="1991" HPOS="744"/>
							<String ID="string_403" HPOS="766" VPOS="1984" WIDTH="228" HEIGHT="40" WC="0.96" CONTENT="lagstiftande"/><SP WIDTH="23" VPOS="1984" HPOS="994"/>
							<String ID="string_404" HPOS="1017" VPOS="1986" WIDTH="43" HEIGHT="38" WC="0.96" CONTENT="på"/><SP WIDTH="23" VPOS="1986" HPOS="1060"/>
							<String ID="string_405" HPOS="1083" VPOS="1985" WIDTH="92" HEIGHT="31" WC="0.96" CONTENT="detta"/><SP WIDTH="25" VPOS="1985" HPOS="1175"/>
							<String ID="string_406" HPOS="1200" VPOS="1996" WIDTH="67" HEIGHT="26" WC="0.96" CONTENT="nya"/><SP WIDTH="25" VPOS="1996" HPOS="1267"/>
							<String ID="string_407" HPOS="1292" VPOS="1985" WIDTH="136" HEIGHT="31" WC="0.96" CONTENT="område"/><SP WIDTH="22" VPOS="1985" HPOS="1428"/>
							<String ID="string_408" HPOS="1450" VPOS="1985" WIDTH="60" HEIGHT="30" WC="0.96" CONTENT="och"/><SP WIDTH="23" VPOS="1985" HPOS="1510"/>
							<String ID="string_409" HPOS="1533" VPOS="1984" WIDTH="89" HEIGHT="31" WC="0.95" CONTENT="efter"/>
						</TextLine>
						<TextLine ID="line_40" HPOS="132" VPOS="2028" WIDTH="1490" HEIGHT="41">
							<String ID="string_410" HPOS="132" VPOS="2030" WIDTH="65" HEIGHT="31" WC="0.96" CONTENT="den"/><SP WIDTH="27" VPOS="2030" HPOS="197"/>
							<String ID="string_411" HPOS="224" VPOS="2030" WIDTH="152" HEIGHT="39" WC="0.94" CONTENT="princip,"/><SP WIDTH="22" VPOS="2030" HPOS="376"/>
							<String ID="string_412" HPOS="398" VPOS="2041" WIDTH="74" HEIGHT="20" WC="0.96" CONTENT="som"/><SP WIDTH="25" VPOS="2041" HPOS="472"/>
							<String ID="string_413" HPOS="497" VPOS="2030" WIDTH="213" HEIGHT="31" WC="0.93" CONTENT="motionären"/><SP WIDTH="26" VPOS="2030" HPOS="710"/>
							<String ID="string_414" HPOS="736" VPOS="2029" WIDTH="218" HEIGHT="39" WC="0.92" CONTENT="framkastat,"/><SP WIDTH="24" VPOS="2029" HPOS="954"/>
							<String ID="string_415" HPOS="978" VPOS="2028" WIDTH="243" HEIGHT="39" WC="0.96" CONTENT="otvivelaktigt"/><SP WIDTH="24" VPOS="2028" HPOS="1221"/>
							<String ID="string_416" HPOS="1245" VPOS="2029" WIDTH="74" HEIGHT="32" WC="0.96" CONTENT="leda"/><SP WIDTH="26" VPOS="2029" HPOS="1319"/>
							<String ID="string_417" HPOS="1345" VPOS="2029" WIDTH="54" HEIGHT="32" WC="0.96" CONTENT="till"/><SP WIDTH="24" VPOS="2029" HPOS="1399"/>
							<String ID="string_418" HPOS="1423" VPOS="2028" WIDTH="199" HEIGHT="39" WC="0.96" CONTENT="vittgående"/>
						</TextLine>
						<TextLine ID="line_41" HPOS="130" VPOS="2072" WIDTH="1492" HEIGHT="41">
							<String ID="string_419" HPOS="130" VPOS="2073" WIDTH="262" HEIGHT="40" WC="0.96" CONTENT="konsekvenser,"/><SP WIDTH="22" VPOS="2073" HPOS="392"/>
							<String ID="string_420" HPOS="414" VPOS="2074" WIDTH="95" HEIGHT="32" WC="0.96" CONTENT="vilka"/><SP WIDTH="25" VPOS="2074" HPOS="509"/>
							<String ID="string_421" HPOS="534" VPOS="2074" WIDTH="174" HEIGHT="39" WC="0.95" CONTENT="svårligen"/><SP WIDTH="23" VPOS="2074" HPOS="708"/>
							<String ID="string_422" HPOS="731" VPOS="2073" WIDTH="116" HEIGHT="32" WC="0.96" CONTENT="kunde"/><SP WIDTH="23" VPOS="2073" HPOS="847"/>
							<String ID="string_423" HPOS="870" VPOS="2073" WIDTH="84" HEIGHT="32" WC="0.93" CONTENT="fullt"/><SP WIDTH="23" VPOS="2073" HPOS="954"/>
							<String ID="string_424" HPOS="977" VPOS="2073" WIDTH="210" HEIGHT="32" WC="0.91" CONTENT="överskådas."/><SP WIDTH="48" VPOS="2073" HPOS="1187"/>
							<String ID="string_425" HPOS="1235" VPOS="2072" WIDTH="140" HEIGHT="38" WC="0.96" CONTENT="Frågan"/><SP WIDTH="24" VPOS="2072" HPOS="1375"/>
							<String ID="string_426" HPOS="1399" VPOS="2084" WIDTH="52" HEIGHT="20" WC="0.96" CONTENT="om"/><SP WIDTH="24" VPOS="2084" HPOS="1451"/>
							<String ID="string_427" HPOS="1475" VPOS="2072" WIDTH="103" HEIGHT="32" WC="0.92" CONTENT="skada"/><SP WIDTH="25" VPOS="2072" HPOS="1578"/>
							<String ID="string_428" HPOS="1603" VPOS="2073" WIDTH="19" HEIGHT="30" WC="0.92" CONTENT="å"/>
						</TextLine>
						<TextLine ID="line_42" HPOS="128" VPOS="2115" WIDTH="1493" HEIGHT="43">
							<String ID="string_429" HPOS="128" VPOS="2118" WIDTH="186" HEIGHT="40" WC="0.89" CONTENT="lapparnas"/><SP WIDTH="28" VPOS="2118" HPOS="314"/>
							<String ID="string_430" HPOS="342" VPOS="2129" WIDTH="102" HEIGHT="21" WC="0.93" CONTENT="renar"/><SP WIDTH="29" VPOS="2129" HPOS="444"/>
							<String ID="string_431" HPOS="473" VPOS="2119" WIDTH="122" HEIGHT="38" WC="0.92" CONTENT="avsåge"/><SP WIDTH="28" VPOS="2119" HPOS="595"/>
							<String ID="string_432" HPOS="623" VPOS="2130" WIDTH="42" HEIGHT="20" WC="0.96" CONTENT="en"/><SP WIDTH="29" VPOS="2130" HPOS="665"/>
							<String ID="string_433" HPOS="694" VPOS="2118" WIDTH="167" HEIGHT="38" WC="0.93" CONTENT="utvidgad"/><SP WIDTH="40" VPOS="2118" HPOS="861"/>
							<String ID="string_434" HPOS="901" VPOS="2117" WIDTH="423" HEIGHT="39" WC="0.91" CONTENT="ersättningsskyldighet,"/><SP WIDTH="40" VPOS="2117" HPOS="1324"/>
							<String ID="string_435" HPOS="1364" VPOS="2128" WIDTH="77" HEIGHT="20" WC="0.95" CONTENT="men"/><SP WIDTH="39" VPOS="2128" HPOS="1441"/>
							<String ID="string_436" HPOS="1480" VPOS="2115" WIDTH="141" HEIGHT="32" WC="0.95" CONTENT="berörde"/>
						</TextLine>
						<TextLine ID="line_43" HPOS="129" VPOS="2162" WIDTH="1492" HEIGHT="39">
							<String ID="string_437" HPOS="129" VPOS="2162" WIDTH="75" HEIGHT="32" WC="0.93" CONTENT="icke"/><SP WIDTH="30" VPOS="2162" HPOS="204"/>
							<String ID="string_438" HPOS="234" VPOS="2162" WIDTH="405" HEIGHT="39" WC="0.91" CONTENT="stängselskyldigheten."/><SP WIDTH="42" VPOS="2162" HPOS="639"/>
							<String ID="string_439" HPOS="681" VPOS="2162" WIDTH="69" HEIGHT="31" WC="0.96" CONTENT="För"/><SP WIDTH="30" VPOS="2162" HPOS="750"/>
							<String ID="string_440" HPOS="780" VPOS="2162" WIDTH="176" HEIGHT="32" WC="0.96" CONTENT="vinnande"/><SP WIDTH="29" VPOS="2162" HPOS="956"/>
							<String ID="string_441" HPOS="985" VPOS="2173" WIDTH="41" HEIGHT="20" WC="0.93" CONTENT="av"/><SP WIDTH="29" VPOS="2173" HPOS="1026"/>
							<String ID="string_442" HPOS="1055" VPOS="2163" WIDTH="231" HEIGHT="31" WC="0.91" CONTENT="motionärens"/><SP WIDTH="30" VPOS="2163" HPOS="1286"/>
							<String ID="string_443" HPOS="1316" VPOS="2163" WIDTH="172" HEIGHT="37" WC="0.95" CONTENT="egentliga"/><SP WIDTH="31" VPOS="2163" HPOS="1488"/>
							<String ID="string_444" HPOS="1519" VPOS="2162" WIDTH="102" HEIGHT="38" WC="0.95" CONTENT="syfte,"/>
						</TextLine>
						<TextLine ID="line_44" HPOS="131" VPOS="2206" WIDTH="1486" HEIGHT="39">
							<String ID="string_445" HPOS="131" VPOS="2208" WIDTH="109" HEIGHT="31" WC="0.96" CONTENT="vilket"/><SP WIDTH="24" VPOS="2208" HPOS="240"/>
							<String ID="string_446" HPOS="264" VPOS="2207" WIDTH="57" HEIGHT="32" WC="0.96" CONTENT="väl"/><SP WIDTH="26" VPOS="2207" HPOS="321"/>
							<String ID="string_447" HPOS="347" VPOS="2207" WIDTH="98" HEIGHT="32" WC="0.96" CONTENT="torde"/><SP WIDTH="27" VPOS="2207" HPOS="445"/>
							<String ID="string_448" HPOS="472" VPOS="2206" WIDTH="37" HEIGHT="32" WC="0.96" CONTENT="få"/><SP WIDTH="27" VPOS="2206" HPOS="509"/>
							<String ID="string_449" HPOS="536" VPOS="2218" WIDTH="95" HEIGHT="20" WC="0.96" CONTENT="anses"/><SP WIDTH="27" VPOS="2218" HPOS="631"/>
							<String ID="string_450" HPOS="658" VPOS="2218" WIDTH="82" HEIGHT="20" WC="0.93" CONTENT="vara"/><SP WIDTH="29" VPOS="2218" HPOS="740"/>
							<String ID="string_451" HPOS="769" VPOS="2206" WIDTH="203" HEIGHT="39" WC="0.91" CONTENT="djurägares"/><SP WIDTH="28" VPOS="2206" HPOS="972"/>
							<String ID="string_452" HPOS="1000" VPOS="2207" WIDTH="194" HEIGHT="38" WC="0.91" CONTENT="tryggande"/><SP WIDTH="25" VPOS="2207" HPOS="1194"/>
							<String ID="string_453" HPOS="1219" VPOS="2212" WIDTH="70" HEIGHT="26" WC="0.92" CONTENT="mot"/><SP WIDTH="28" VPOS="2212" HPOS="1289"/>
							<String ID="string_454" HPOS="1317" VPOS="2206" WIDTH="208" HEIGHT="32" WC="0.89" CONTENT="oförvållade"/><SP WIDTH="25" VPOS="2206" HPOS="1525"/>
							<String ID="string_455" HPOS="1550" VPOS="2206" WIDTH="67" HEIGHT="32" WC="0.89" CONTENT="för-"/>
						</TextLine>
						<TextLine ID="line_45" HPOS="129" VPOS="2248" WIDTH="1490" HEIGHT="42">
							<String ID="string_456" HPOS="129" VPOS="2252" WIDTH="118" HEIGHT="38" WC="0.92" CONTENT="luster,"/><SP WIDTH="26" VPOS="2252" HPOS="247"/>
							<String ID="string_457" HPOS="273" VPOS="2251" WIDTH="86" HEIGHT="31" WC="0.96" CONTENT="hade"/><SP WIDTH="25" VPOS="2251" HPOS="359"/>
							<String ID="string_458" HPOS="384" VPOS="2251" WIDTH="56" HEIGHT="31" WC="0.96" CONTENT="det"/><SP WIDTH="26" VPOS="2251" HPOS="440"/>
							<String ID="string_459" HPOS="466" VPOS="2251" WIDTH="92" HEIGHT="31" WC="0.96" CONTENT="varit"/><SP WIDTH="24" VPOS="2251" HPOS="558"/>
							<String ID="string_460" HPOS="582" VPOS="2250" WIDTH="203" HEIGHT="39" WC="0.95" CONTENT="lyckligare,"/><SP WIDTH="26" VPOS="2250" HPOS="785"/>
							<String ID="string_461" HPOS="811" VPOS="2261" WIDTH="52" HEIGHT="20" WC="0.96" CONTENT="om"/><SP WIDTH="26" VPOS="2261" HPOS="863"/>
							<String ID="string_462" HPOS="889" VPOS="2251" WIDTH="174" HEIGHT="31" WC="0.96" CONTENT="motionen"/><SP WIDTH="25" VPOS="2251" HPOS="1063"/>
							<String ID="string_463" HPOS="1088" VPOS="2249" WIDTH="68" HEIGHT="33" WC="0.91" CONTENT="fått"/><SP WIDTH="28" VPOS="2249" HPOS="1156"/>
							<String ID="string_464" HPOS="1184" VPOS="2255" WIDTH="167" HEIGHT="31" WC="0.91" CONTENT="utmynna"/><SP WIDTH="27" VPOS="2255" HPOS="1351"/>
							<String ID="string_465" HPOS="1378" VPOS="2251" WIDTH="12" HEIGHT="31" WC="0.96" CONTENT="i"/><SP WIDTH="26" VPOS="2251" HPOS="1390"/>
							<String ID="string_466" HPOS="1416" VPOS="2248" WIDTH="203" HEIGHT="32" WC="0.95" CONTENT="hemställan"/>
						</TextLine>
						<TextLine ID="line_46" HPOS="130" VPOS="2293" WIDTH="1486" HEIGHT="41">
							<String ID="string_467" HPOS="130" VPOS="2307" WIDTH="53" HEIGHT="20" WC="0.96" CONTENT="om"/><SP WIDTH="31" VPOS="2307" HPOS="183"/>
							<String ID="string_468" HPOS="214" VPOS="2295" WIDTH="261" HEIGHT="39" WC="0.95" CONTENT="förtydligande"/><SP WIDTH="32" VPOS="2295" HPOS="475"/>
							<String ID="string_469" HPOS="507" VPOS="2306" WIDTH="40" HEIGHT="20" WC="0.96" CONTENT="av"/><SP WIDTH="31" VPOS="2306" HPOS="547"/>
							<String ID="string_470" HPOS="578" VPOS="2307" WIDTH="48" HEIGHT="19" WC="0.95" CONTENT="nu"/><SP WIDTH="31" VPOS="2307" HPOS="626"/>
							<String ID="string_471" HPOS="657" VPOS="2295" WIDTH="158" HEIGHT="38" WC="0.93" CONTENT="gällande"/><SP WIDTH="33" VPOS="2295" HPOS="815"/>
							<String ID="string_472" HPOS="848" VPOS="2293" WIDTH="309" HEIGHT="39" WC="0.90" CONTENT="lagbestämmelser"/><SP WIDTH="32" VPOS="2293" HPOS="1157"/>
							<String ID="string_473" HPOS="1189" VPOS="2295" WIDTH="177" HEIGHT="37" WC="0.92" CONTENT="angående"/><SP WIDTH="29" VPOS="2295" HPOS="1366"/>
							<String ID="string_474" HPOS="1395" VPOS="2294" WIDTH="221" HEIGHT="37" WC="0.91" CONTENT="ersättnings-"/>
						</TextLine>
						<TextLine ID="line_47" HPOS="127" VPOS="2336" WIDTH="1491" HEIGHT="43">
							<String ID="string_475" HPOS="127" VPOS="2339" WIDTH="243" HEIGHT="40" WC="0.96" CONTENT="skyldigheten"/><SP WIDTH="26" VPOS="2339" HPOS="370"/>
							<String ID="string_476" HPOS="396" VPOS="2340" WIDTH="11" HEIGHT="31" WC="0.96" CONTENT="i"/><SP WIDTH="23" VPOS="2340" HPOS="407"/>
							<String ID="string_477" HPOS="430" VPOS="2339" WIDTH="115" HEIGHT="32" WC="0.96" CONTENT="stället"/><SP WIDTH="24" VPOS="2339" HPOS="545"/>
							<String ID="string_478" HPOS="569" VPOS="2339" WIDTH="54" HEIGHT="31" WC="0.96" CONTENT="för"/><SP WIDTH="24" VPOS="2339" HPOS="623"/>
							<String ID="string_479" HPOS="647" VPOS="2339" WIDTH="87" HEIGHT="30" WC="0.96" CONTENT="krav"/><SP WIDTH="23" VPOS="2339" HPOS="734"/>
							<String ID="string_480" HPOS="757" VPOS="2339" WIDTH="44" HEIGHT="39" WC="0.96" CONTENT="på"/><SP WIDTH="25" VPOS="2339" HPOS="801"/>
							<String ID="string_481" HPOS="826" VPOS="2349" WIDTH="46" HEIGHT="27" WC="0.96" CONTENT="ny"/><SP WIDTH="24" VPOS="2349" HPOS="872"/>
							<String ID="string_482" HPOS="896" VPOS="2337" WIDTH="228" HEIGHT="39" WC="0.95" CONTENT="lagstiftning"/><SP WIDTH="25" VPOS="2337" HPOS="1124"/>
							<String ID="string_483" HPOS="1149" VPOS="2338" WIDTH="144" HEIGHT="31" WC="0.93" CONTENT="rörande"/><SP WIDTH="25" VPOS="2338" HPOS="1293"/>
							<String ID="string_484" HPOS="1318" VPOS="2336" WIDTH="300" HEIGHT="39" WC="0.90" CONTENT="stängselskyldig-"/>
						</TextLine>
						<TextLine ID="line_48" HPOS="127" VPOS="2379" WIDTH="1491" HEIGHT="42">
							<String ID="string_485" HPOS="127" VPOS="2385" WIDTH="112" HEIGHT="31" WC="0.96" CONTENT="heten."/><SP WIDTH="33" VPOS="2385" HPOS="239"/>
							<String ID="string_486" HPOS="272" VPOS="2383" WIDTH="176" HEIGHT="32" WC="0.93" CONTENT="Utskottet"/><SP WIDTH="21" VPOS="2383" HPOS="448"/>
							<String ID="string_487" HPOS="469" VPOS="2382" WIDTH="211" HEIGHT="39" WC="0.92" CONTENT="hemställde,"/><SP WIDTH="20" VPOS="2382" HPOS="680"/>
							<String ID="string_488" HPOS="700" VPOS="2388" WIDTH="51" HEIGHT="26" WC="0.96" CONTENT="att"/><SP WIDTH="20" VPOS="2388" HPOS="751"/>
							<String ID="string_489" HPOS="771" VPOS="2383" WIDTH="174" HEIGHT="31" WC="0.96" CONTENT="motionen"/><SP WIDTH="21" VPOS="2383" HPOS="945"/>
							<String ID="string_490" HPOS="966" VPOS="2382" WIDTH="74" HEIGHT="31" WC="0.96" CONTENT="icke"/><SP WIDTH="21" VPOS="2382" HPOS="1040"/>
							<String ID="string_491" HPOS="1061" VPOS="2382" WIDTH="105" HEIGHT="31" WC="0.96" CONTENT="måtte"/><SP WIDTH="21" VPOS="2382" HPOS="1166"/>
							<String ID="string_492" HPOS="1187" VPOS="2381" WIDTH="57" HEIGHT="32" WC="0.96" CONTENT="till"/><SP WIDTH="22" VPOS="2381" HPOS="1244"/>
							<String ID="string_493" HPOS="1266" VPOS="2382" WIDTH="112" HEIGHT="36" WC="0.96" CONTENT="någon"/><SP WIDTH="21" VPOS="2382" HPOS="1378"/>
							<String ID="string_494" HPOS="1399" VPOS="2381" WIDTH="106" HEIGHT="31" WC="0.92" CONTENT="andra"/><SP WIDTH="22" VPOS="2381" HPOS="1505"/>
							<String ID="string_495" HPOS="1527" VPOS="2379" WIDTH="91" HEIGHT="31" WC="0.92" CONTENT="kam-"/>
						</TextLine>
						<TextLine ID="line_49" HPOS="125" VPOS="2425" WIDTH="1286" HEIGHT="41">
							<String ID="string_496" HPOS="125" VPOS="2439" WIDTH="137" HEIGHT="21" WC="0.90" CONTENT="marens"/><SP WIDTH="28" VPOS="2439" HPOS="262"/>
							<String ID="string_497" HPOS="290" VPOS="2428" WIDTH="123" HEIGHT="38" WC="0.95" CONTENT="åtgärd"/><SP WIDTH="27" VPOS="2428" HPOS="413"/>
							<String ID="string_498" HPOS="440" VPOS="2427" WIDTH="190" HEIGHT="39" WC="0.96" CONTENT="föranleda,"/><SP WIDTH="26" VPOS="2427" HPOS="630"/>
							<String ID="string_499" HPOS="656" VPOS="2427" WIDTH="109" HEIGHT="31" WC="0.96" CONTENT="vilket"/><SP WIDTH="28" VPOS="2427" HPOS="765"/>
							<String ID="string_500" HPOS="793" VPOS="2426" WIDTH="128" HEIGHT="39" WC="0.96" CONTENT="jämväl"/><SP WIDTH="26" VPOS="2426" HPOS="921"/>
							<String ID="string_501" HPOS="947" VPOS="2425" WIDTH="76" HEIGHT="32" WC="0.96" CONTENT="blev"/><SP WIDTH="25" VPOS="2425" HPOS="1023"/>
							<String ID="string_502" HPOS="1048" VPOS="2426" WIDTH="216" HEIGHT="31" WC="0.95" CONTENT="kammarens"/><SP WIDTH="27" VPOS="2426" HPOS="1264"/>
							<String ID="string_503" HPOS="1291" VPOS="2425" WIDTH="120" HEIGHT="31" WC="0.95" CONTENT="beslut."/>
						</TextLine>
					</TextBlock>
					<TextBlock ID="block_4" HPOS="126" VPOS="2472" WIDTH="1491" HEIGHT="88">
						<TextLine ID="line_50" HPOS="172" VPOS="2472" WIDTH="1444" HEIGHT="42">
							<String ID="string_504" HPOS="172" VPOS="2475" WIDTH="69" HEIGHT="32" WC="0.95" CONTENT="Vid"/><SP WIDTH="24" VPOS="2475" HPOS="241"/>
							<String ID="string_505" HPOS="265" VPOS="2474" WIDTH="201" HEIGHT="40" WC="0.95" CONTENT="påföljande"/><SP WIDTH="27" VPOS="2474" HPOS="466"/>
							<String ID="string_506" HPOS="493" VPOS="2475" WIDTH="53" HEIGHT="31" WC="0.96" CONTENT="års"/><SP WIDTH="25" VPOS="2475" HPOS="546"/>
							<String ID="string_507" HPOS="571" VPOS="2474" WIDTH="143" HEIGHT="39" WC="0.96" CONTENT="riksdag"/><SP WIDTH="24" VPOS="2474" HPOS="714"/>
							<String ID="string_508" HPOS="738" VPOS="2474" WIDTH="136" HEIGHT="32" WC="0.96" CONTENT="väcktes"/><SP WIDTH="26" VPOS="2474" HPOS="874"/>
							<String ID="string_509" HPOS="900" VPOS="2486" WIDTH="42" HEIGHT="19" WC="0.96" CONTENT="av"/><SP WIDTH="26" VPOS="2486" HPOS="942"/>
							<String ID="string_510" HPOS="968" VPOS="2485" WIDTH="124" HEIGHT="20" WC="0.93" CONTENT="samme"/><SP WIDTH="26" VPOS="2485" HPOS="1092"/>
							<String ID="string_511" HPOS="1118" VPOS="2474" WIDTH="169" HEIGHT="31" WC="0.89" CONTENT="motionär"/><SP WIDTH="25" VPOS="2474" HPOS="1287"/>
							<String ID="string_512" HPOS="1312" VPOS="2485" WIDTH="42" HEIGHT="20" WC="0.96" CONTENT="en"/><SP WIDTH="26" VPOS="2485" HPOS="1354"/>
							<String ID="string_513" HPOS="1380" VPOS="2485" WIDTH="46" HEIGHT="25" WC="0.96" CONTENT="ny"/><SP WIDTH="24" VPOS="2485" HPOS="1426"/>
							<String ID="string_514" HPOS="1450" VPOS="2473" WIDTH="129" HEIGHT="31" WC="0.95" CONTENT="motion"/><SP WIDTH="26" VPOS="2473" HPOS="1579"/>
							<String ID="string_515" HPOS="1605" VPOS="2472" WIDTH="11" HEIGHT="30" WC="0.95" CONTENT="i"/>
						</TextLine>
						<TextLine ID="line_51" HPOS="126" VPOS="2518" WIDTH="1491" HEIGHT="42">
							<String ID="string_516" HPOS="126" VPOS="2523" WIDTH="125" HEIGHT="30" WC="0.96" CONTENT="ämnet."/><SP WIDTH="40" VPOS="2523" HPOS="251"/>
							<String ID="string_517" HPOS="291" VPOS="2521" WIDTH="81" HEIGHT="32" WC="0.96" CONTENT="Med"/><SP WIDTH="28" VPOS="2521" HPOS="372"/>
							<String ID="string_518" HPOS="400" VPOS="2521" WIDTH="213" HEIGHT="39" WC="0.96" CONTENT="hänvisning"/><SP WIDTH="25" VPOS="2521" HPOS="613"/>
							<String ID="string_519" HPOS="638" VPOS="2521" WIDTH="57" HEIGHT="32" WC="0.96" CONTENT="till"/><SP WIDTH="26" VPOS="2521" HPOS="695"/>
							<String ID="string_520" HPOS="721" VPOS="2521" WIDTH="100" HEIGHT="38" WC="0.96" CONTENT="lagen"/><SP WIDTH="29" VPOS="2521" HPOS="821"/>
							<String ID="string_521" HPOS="850" VPOS="2532" WIDTH="53" HEIGHT="20" WC="0.96" CONTENT="om"/><SP WIDTH="27" VPOS="2532" HPOS="903"/>
							<String ID="string_522" HPOS="930" VPOS="2520" WIDTH="108" HEIGHT="39" WC="0.96" CONTENT="skydd"/><SP WIDTH="29" VPOS="2520" HPOS="1038"/>
							<String ID="string_523" HPOS="1067" VPOS="2519" WIDTH="53" HEIGHT="32" WC="0.93" CONTENT="för"/><SP WIDTH="28" VPOS="2519" HPOS="1120"/>
							<String ID="string_524" HPOS="1148" VPOS="2520" WIDTH="191" HEIGHT="39" WC="0.88" CONTENT="yrkesfara,"/><SP WIDTH="28" VPOS="2520" HPOS="1339"/>
							<String ID="string_525" HPOS="1367" VPOS="2520" WIDTH="11" HEIGHT="31" WC="0.94" CONTENT="i"/><SP WIDTH="28" VPOS="2520" HPOS="1378"/>
							<String ID="string_526" HPOS="1406" VPOS="2519" WIDTH="117" HEIGHT="32" WC="0.96" CONTENT="vilken"/><SP WIDTH="29" VPOS="2519" HPOS="1523"/>
							<String ID="string_527" HPOS="1552" VPOS="2518" WIDTH="65" HEIGHT="31" WC="0.96" CONTENT="den"/>
						</TextLine>
					</TextBlock>
				</ComposedBlock>
			</PrintSpace>
		</Page>
	</Layout>
</alto>
