1876 2790
428 175 123 30 Första
573 175 245 37 lagutskottets
842 178 179 30 utlåtande
1043 188 41 20 nr
1109 181 39 28 16
1170 180 38 29 år
1232 181 84 29 1966
1601 182 18 29 5

173 262 63 29 Vid
263 262 82 30 1962
368 263 56 30 års
447 264 139 37 riksdag
609 266 140 29 väcktes
772 267 131 29 motion
925 268 74 29 vari
1022 267 238 31 framställdes
1282 269 181 30 önskemål
1486 279 56 20 om
1566 270 51 29 så-

130 315 66 29 dan
222 316 149 37 ändring
395 326 40 19 av
458 317 319 36 bestämmelserna,
802 321 50 28 att
876 320 138 37 kyrklig
1037 321 105 36 vigsel
1168 322 113 29 skulle
1305 322 121 30 kunna
1450 322 167 31 förrättas

129 370 133 28 oavsett
280 378 55 20 om
353 369 113 37 någon
486 380 40 20 av
544 371 40 29 de
602 372 177 29 trolovade
797 373 119 29 tillhör
934 383 133 20 samma
1085 374 242 30 trossamfund
1347 384 73 21 som
1439 375 178 37 vigselför-

129 422 165 29 rättaren.
326 423 177 30 Motionen
536 425 371 35 remissbehandlades,
939 427 119 30 varvid
1090 428 162 36 yttrande
1284 428 221 30 inhämtades
1537 428 79 31 från

129 475 238 37 domkapitlen
383 476 9 29 i
408 477 153 36 Uppsala
577 478 63 29 och
657 479 117 34 Luleå,
791 480 220 37 Frikyrkliga
1028 481 404 30 samarbetskommittén
1455 482 162 34 (numera

128 528 155 38 Sveriges
304 529 258 38 frikyrkoråd),
582 531 327 38 Frälsningsarmén
929 533 10 29 i
959 533 138 38 Sverige
1115 535 65 29 och
1200 534 154 30 Svenska
1374 535 243 37 prästförbun-

129 582 65 29 det.
215 582 48 29 De
281 582 89 30 båda
391 583 236 38 domkapitlen
647 585 64 29 och
731 585 289 37 prästförbundet
1040 588 178 36 avstyrkte
1237 587 97 30 bifall
1356 588 51 29 till
1428 588 188 30 motionen.

128 634 409 33 Samarbetskommittén
571 638 88 29 hade
692 639 76 29 icke
802 639 140 30 erinran
976 642 73 27 mot
1082 640 279 31 motionärernas
1395 641 221 35 hemställan,

130 688 337 38 Frälsningsarmén,
502 691 172 37 slutligen,
709 691 201 31 förklarade
944 693 51 37 sig
1029 695 215 28 oreserverat
1279 693 116 37 stödja
1429 694 188 30 motionen.

127 741 123 30 Första
272 742 227 36 lagutskottet
522 745 177 36 avstyrkte
719 745 10 29 i
752 745 60 30 sitt
834 755 41 19 av
896 746 186 37 riksdagen
1104 747 185 36 godkända
1311 746 180 31 utlåtande
1512 756 42 20 nr
1575 748 41 29 23

128 794 38 30 år
188 796 83 29 1962
291 795 98 30 bifall
411 797 50 29 till
484 797 176 30 motionen
681 800 91 28 samt
794 798 145 31 anförde
960 800 120 29 därvid
1102 800 44 29 bl.
1168 809 29 20 a.
1219 799 167 37 följande.

172 856 129 30 Genom
323 857 80 30 1951
424 858 56 30 års
498 859 220 38 lagstiftning
735 860 110 30 erhöll
864 861 125 38 Kungl.
1008 862 106 37 Maj:t
1132 871 41 20 en
1192 862 131 30 utökad
1342 861 207 39 befogenhet
1567 864 50 28 att

128 902 76 36 giva
223 902 313 39 vigselbehörighet
555 904 34 29 åt
609 905 160 37 religiösa
790 906 176 30 samfund.
987 907 125 37 Kungl.
1133 907 106 36 Maj:t
1258 907 63 30 har
1342 907 152 30 därefter
1513 907 11 29 i
1545 908 72 29 stor

128 946 213 38 omfattning
360 947 128 30 bifallit
509 949 236 37 ansökningar
766 959 56 20 om
842 950 312 38 vigselbehörighet
1175 951 54 30 för
1250 951 94 30 olika
1363 951 253 30 trossamfund.

128 991 122 29 Denna
268 993 166 35 generösa
453 993 116 37 praxis
589 993 110 30 måste
717 994 45 29 ha
781 994 162 35 medfört,
963 997 50 28 att
1032 996 216 29 önskemålet
1267 1005 55 20 om
1343 1005 41 20 en
1404 996 124 37 vidgad
1547 996 70 37 vig-

127 1036 256 37 selbehörighet
399 1046 47 20 nu
464 1037 63 30 har
543 1047 42 20 en
602 1038 104 37 något
723 1039 137 31 mindre
877 1040 166 29 räckvidd
1062 1041 43 28 än
1123 1041 55 30 vid
1197 1041 94 29 tiden
1309 1040 54 30 för
1382 1040 234 39 lagstiftning-

128 1089 60 20 ens
213 1080 284 37 genomförande.
522 1082 65 29 Det
611 1083 110 29 måste
746 1084 175 36 nämligen
948 1086 156 35 antagas,
1131 1086 49 28 att
1206 1085 42 29 då
1274 1085 113 37 någon
1415 1094 42 20 av
1482 1085 41 30 de
1548 1087 68 28 tro-

128 1125 120 29 lovade
268 1125 120 29 tillhör
409 1127 48 28 ett
478 1126 164 30 samfund
664 1128 77 29 med
763 1128 303 37 vigselberättigad
1087 1130 98 36 präst
1206 1130 56 29 det
1283 1131 52 28 ter
1357 1130 50 36 sig
1428 1131 89 28 mest
1537 1131 79 28 när-

128 1169 158 37 liggande
305 1169 54 30 för
377 1171 297 30 kontrahenterna
692 1174 50 27 att
760 1173 114 29 vända
892 1173 50 37 sig
959 1173 52 29 till
1031 1174 121 34 denne,
1171 1174 116 29 därest
1305 1174 42 29 de
1364 1174 130 30 önskar
1512 1174 104 37 kyrk-

127 1214 45 36 lig
189 1214 117 36 vigsel.
325 1214 161 37 Alltjämt
504 1216 68 29 kan
591 1216 56 29 det
664 1217 192 29 emellertid
876 1217 218 30 förekomma
1113 1218 72 34 fall,
1204 1218 43 29 då
1265 1218 322 38 begränsningarna
1605 1219 10 29 i

127 1258 343 37 vigselförrättarnas
486 1260 201 37 behörighet
704 1270 102 28 synes
823 1261 158 30 medföra
997 1263 231 36 olägenheter.
1245 1263 177 29 Utskottet
1438 1272 98 21 avser
1552 1263 64 30 här

128 1302 125 30 främst
275 1303 58 29 det
355 1313 41 19 av
417 1304 217 30 motionären
658 1306 149 36 angivna
831 1305 246 36 förhållandet,
1101 1308 49 28 att
1172 1307 105 37 vigsel
1301 1308 128 28 mellan
1452 1317 26 20 s.
1501 1308 32 29 k.
1557 1317 58 20 an-

126 1346 153 37 hängare
294 1348 30 36 ej
344 1348 69 29 kan
430 1348 165 30 förrättas
612 1350 94 29 inom
723 1350 258 30 vederbörande
998 1351 176 29 samfund.
1191 1351 64 30 Det
1272 1361 101 27 synes
1390 1352 120 30 därför
1527 1352 88 30 före-

127 1391 89 37 ligga
237 1392 93 29 vissa
352 1393 75 28 skäl
452 1393 52 29 för
526 1402 41 20 en
590 1394 148 37 ändring
760 1394 9 29 i
792 1395 160 36 gällande
975 1395 230 37 lagstiftning.

170 1435 219 30 Motionären
420 1437 63 29 har
513 1437 204 36 framhållit,
749 1441 50 27 att
829 1448 41 20 en
901 1441 154 37 naturlig
1085 1441 89 36 följd
1206 1451 40 20 av
1277 1443 50 28 att
1357 1442 258 30 vederbörande

126 1480 225 37 prästerskap
371 1481 138 29 erhållit
527 1482 313 37 vigselbehörighet
859 1485 76 28 rent
954 1485 213 36 principiellt
1187 1486 112 29 skulle
1317 1495 94 26 vara,
1431 1488 51 28 att
1501 1486 112 30 denna

125 1524 203 37 behörighet
352 1525 167 29 innebure
543 1525 64 30 full
632 1528 69 28 rätt
725 1529 51 27 att
800 1527 149 31 förrätta
973 1529 117 37 vigsel,
1115 1529 193 30 oberoende
1333 1539 41 21 av
1397 1531 107 29 vilket
1527 1532 87 28 tros-

127 1568 164 30 samfund
318 1569 41 29 de
383 1570 178 29 trolovade
585 1571 128 29 tillhör.
739 1571 178 31 Utskottet
943 1573 69 29 kan
1038 1574 71 29 inte
1135 1574 76 29 dela
1237 1575 113 29 denna
1376 1574 237 38 uppfattning.

126 1612 188 38 Härvidlag
342 1613 58 29 vill
430 1614 170 30 utskottet
629 1616 114 29 erinra
774 1625 56 20 om
860 1618 50 28 att
939 1617 65 29 den
1036 1619 68 28 rätt
1135 1620 49 27 att
1215 1618 148 30 förrätta
1392 1619 116 37 vigsel,
1539 1628 74 21 som

125 1657 262 37 prästerskapet
406 1658 94 29 inom
520 1660 147 29 svenska
688 1660 137 37 kyrkan
845 1661 73 34 har,
938 1663 38 28 är
996 1661 145 31 förenad
1160 1663 77 29 med
1258 1663 69 30 viss
1347 1664 198 37 skyldighet
1564 1665 50 29 att

125 1701 87 37 viga,
237 1703 125 28 medan
388 1704 244 29 motsvarande
656 1704 199 37 vigselplikt
880 1706 75 29 icke
981 1705 183 38 föreligger
1189 1707 54 29 för
1267 1708 226 37 prästerskap
1518 1708 95 30 inom

126 1745 109 29 andra
256 1746 253 30 trossamfund.
530 1747 125 30 Starka
677 1749 73 29 skäl
775 1758 102 28 synes
899 1750 71 29 tala
992 1750 54 29 för
1069 1753 49 27 att
1139 1760 42 20 en
1203 1752 206 37 utvidgning
1431 1761 41 21 av
1492 1753 122 37 vigsel-

126 1791 112 28 rätten
258 1790 75 29 icke
352 1791 218 36 genomföres
590 1794 107 28 annat
717 1794 43 28 än
780 1794 10 28 i
810 1794 169 29 samband
999 1795 77 29 med
1097 1796 50 28 att
1165 1796 192 36 problemet
1376 1797 148 29 rörande
1543 1806 71 20 om-

126 1833 196 38 fattningen
345 1844 41 19 av
406 1836 241 37 vigselplikten
669 1836 54 30 för
744 1839 262 36 prästerskapet
1029 1839 92 29 inom
1144 1840 149 29 svenska
1315 1841 136 36 kyrkan
1472 1841 141 37 bringas

125 1878 51 29 till
199 1879 52 28 sin
274 1879 148 37 lösning.
445 1880 101 29 Detta
568 1881 171 35 spörsmål
762 1882 99 29 torde
882 1883 191 29 emellertid
1095 1901 44 3 —
1160 1883 104 30 såvitt
1286 1893 47 20 nu
1357 1885 69 29 kan
1448 1885 164 31 bedömas

124 1940 43 2 —
188 1922 76 30 icke
287 1923 121 29 kunna
431 1924 91 29 lösas
545 1924 193 30 oberoende
762 1935 41 19 av
826 1926 65 28 den
914 1926 179 37 pågående
1116 1928 232 37 utredningen
1372 1929 148 30 rörande
1544 1929 69 30 för-

124 1966 178 30 hållandet
319 1967 126 29 mellan
465 1969 111 28 staten
594 1969 63 28 och
676 1969 147 36 kyrkan.
842 1971 63 28 Det
922 1980 41 19 av
980 1972 218 28 motionären
1217 1972 257 31 aktualiserade
1490 1974 123 30 önske-

125 2010 104 29 målet
250 2011 62 29 bör
333 2011 190 30 emellertid
546 2013 152 35 alltjämt
720 2013 106 37 följas
849 2015 76 28 med
948 2016 323 35 uppmärksamhet.

168 2082 10 27 I
204 2082 94 29 detta
323 2083 254 37 sammanhang
601 2083 55 29 må
681 2085 199 34 anmärkas,
906 2087 50 28 att
980 2086 222 31 beträffande
1226 2089 307 38 vigselskyldighet
1558 2090 54 29 för

123 2135 96 35 präst
241 2135 93 28 inom
357 2136 147 29 svenska
527 2136 135 36 kyrkan
687 2138 83 28 1963
792 2138 56 29 års
870 2138 206 36 kyrkomöte
1099 2140 54 29 för
1175 2142 52 28 sin
1251 2142 52 29 del
1327 2143 132 36 antagit
1481 2142 131 38 förslag

123 2187 48 28 till
194 2188 133 28 ändrad
349 2188 127 36 lydelse
496 2198 41 20 av
556 2189 17 28 4
594 2190 77 36 kap.
691 2190 17 29 3
731 2190 14 33 $
766 2191 336 35 giftermålsbalken.
1123 2193 115 37 Enligt
1258 2196 94 28 detta
1372 2195 130 36 förslag
1523 2196 88 29 skall

122 2239 147 31 berörda
287 2241 132 35 lagrum
440 2241 33 29 få
492 2241 157 36 följande
666 2243 144 36 tydelse:
831 2254 13 16 »
851 2244 64 28 Till
933 2244 106 36 vigsel
1058 2245 92 29 inom
1170 2247 149 28 svenska
1337 2247 135 37 kyrkan
1491 2248 120 29 kunna

123 2292 40 29 de
185 2293 177 29 trolovade
383 2294 108 28 anlita
512 2294 64 29 den
597 2296 97 34 präst
715 2295 94 30 inom
833 2296 132 36 kyrkan
990 2306 73 20 som
1085 2298 40 29 de
1147 2298 111 35 själva
1280 2299 150 30 åstunda
1451 2301 64 28 och
1537 2309 74 20 som

124 2345 36 28 är
184 2345 94 36 villig
301 2346 127 29 därtill.
452 2347 49 28 De
524 2348 62 34 äga
609 2348 132 28 erhålla
764 2348 106 37 vigsel
894 2349 9 28 i
928 2348 206 38 församling
1158 2351 126 29 endera
1308 2352 120 29 tillhör
1451 2362 41 20 av
1515 2353 97 36 präst

123 2406 73 20 som
214 2398 117 28 därtill
351 2398 214 30 förordnas.>
587 2400 57 28 Ett
660 2400 275 36 genomförande
953 2411 40 19 av
1012 2402 165 37 förslaget
1196 2404 111 29 skulle
1326 2405 101 29 alltså
1445 2405 165 30 innebära

123 2452 49 27 att
189 2451 352 36 vigselskyldigheten
560 2452 120 37 flyttas
699 2453 79 29 från
796 2455 65 28 den
879 2463 61 21 enc
957 2456 158 29 enskilde
1132 2457 141 35 prästen
1292 2457 51 29 till
1361 2458 65 29 den
1444 2458 167 38 prästliga

122 2504 294 36 organisationen.
