1872 2848
339 145 43 31 30
687 148 396 33 Jordbruksutskottets
1109 149 188 33 utlåtande
1319 151 54 32 Nr
1397 153 30 29 2.

736 236 53 30 att
814 236 193 37 riksdagen
1031 238 59 30 må
1118 238 13 30 i
1157 237 196 33 riksstaten
1378 238 56 32 för
1461 239 215 37 budgetåret
1702 240 90 35 1934/

696 287 78 31 1935
821 288 156 36 uppföra
1014 288 181 32 ordinarie
1224 290 321 37 förslagsanslaget
1571 291 60 31 till
1657 292 135 30 statens

696 338 382 38 skogsförsöksanstalt
1123 340 80 32 med
1250 342 210 31 oförändrat
1498 342 139 37 belopp,
1665 343 126 37 213,000

695 390 139 32 kronor.

333 490 91 37 53:0)
448 492 348 39 Skogshushållning
826 495 12 30 i
868 495 206 31 allmänhet.
1123 496 133 37 Kungl.
1285 496 131 37 Maj:ts
1444 497 114 32 under
1587 499 116 35 punkt
1733 499 58 31 125

292 542 129 38 glorda
443 544 270 38 framställning
736 545 160 37 innebär,
919 547 54 30 att
995 547 206 32 statsmedel
1224 548 56 31 för
1302 548 206 32 ändamålet
1530 549 116 31 skulle
1665 550 125 31 ställas

291 595 58 31 till
376 596 211 37 förfogande
613 597 13 30 i
653 606 135 22 samma
813 598 252 38 utsträckning
1092 609 76 21 som
1192 599 111 32 under
1330 600 150 37 löpande
1506 601 186 37 budgetår.
1738 602 51 31 På

293 647 117 37 grund
431 658 45 21 av
495 649 53 30 att
569 649 121 36 någon
711 649 222 32 reservation
950 651 20 30 å
993 651 164 37 anslaget
1179 651 57 31 till
1256 652 67 31 den
1346 653 17 30 1
1385 653 68 36 juli
1475 653 78 32 1934
1574 653 79 32 iéke
1674 656 42 29 är
1735 656 54 29 att

290 699 165 36 påräkna
476 700 114 31 skulle
611 700 126 32 härför
756 702 124 30 tarvas
904 711 43 22 en
969 702 280 38 anslagsökning
1270 713 47 21 av
1339 704 88 36 7,500
1447 704 142 32 kronor.

329 775 85 33 Med
438 776 254 38 tillstyrkande
717 788 44 21 av
785 778 174 37 förslaget
983 779 207 32 hemställer
1215 780 184 37 utskottet,

730 848 54 31 att
810 848 194 37 riksdagen
1029 850 59 30 må
1114 850 86 36 höja
1226 850 180 31 ordinarie
1431 851 356 34 reservationsansla-

692 901 57 35 get
770 899 57 32 till
848 900 342 39 skogshushållning
1209 902 11 31 i
1241 902 207 37 allmänhet,
1468 913 49 21 nu
1537 904 89 36 7,500
1647 904 140 36 kronor,

689 951 79 32 med
787 952 88 36 7,500
897 952 130 31 kronor
1046 953 59 31 till
1125 954 108 36 15,000
1255 954 141 31 kronor.

326 1060 92 37 54:0)
439 1062 164 37 Utgifter
650 1063 58 32 för
744 1064 425 37 naturskyddsändamål.
1213 1066 83 32 Med
1323 1066 257 37 tillstyrkande
1607 1078 46 21 av
1680 1068 106 32 bifall

286 1113 58 32 till
370 1114 133 37 Kungl.
527 1114 131 38 Maj:ts
684 1116 112 31 under
821 1117 117 36 punkt
963 1117 59 31 137
1049 1118 129 36 gjorda
1204 1118 270 38 framställning
1498 1119 208 32 hemställer
1731 1122 53 29 ut-

285 1165 144 37 skottet,

727 1229 53 31 att
800 1228 195 38 riksdagen
1014 1231 68 35 må,
1106 1230 128 32 liksom
1256 1231 56 31 för
1333 1231 245 32 innevarande
1600 1232 184 38 budgetår,

688 1280 55 31 för
764 1280 213 37 budgetåret
1000 1280 174 36 1934/1935
1195 1283 127 31 anvisa
1344 1284 116 30 såsom
1481 1284 180 32 särskilda
1682 1286 102 30 extra

687 1332 368 38 reservationsanslag

726 1382 35 36 a)
785 1383 58 32 till
865 1384 192 32 kostnader
1080 1385 57 31 för
1159 1385 294 37 nationalparker
1472 1387 89 36 2,500
1583 1388 141 37 kronor,

724 1433 36 37 b)
784 1435 58 31 till
868 1436 445 37 vetenskapsakademiens
1339 1438 225 38 förvaltning
1591 1449 47 22 av
1663 1441 120 30 natur-

686 1487 291 36 skyddsärenden
999 1488 88 36 6,000
1111 1489 140 31 kronor.

323 1587 90 38 55:0)
435 1588 245 35 Kartarbeten
701 1601 45 22 m.
768 1602 46 21 m.
857 1592 134 37 Kungl.
1014 1593 131 37 Maj:ts
1167 1594 111 31 under
1301 1595 117 36 punkt
1442 1596 58 31 154
1523 1596 128 37 gjorda
1674 1597 107 31 fram-

282 1642 176 37 ställning
476 1642 152 32 innebär
646 1653 44 21 en
707 1644 151 37 höjning
875 1655 46 20 av
940 1645 162 37 anslaget
1122 1645 58 31 till
1198 1646 232 31 kartarbeten
1447 1657 45 21 m.
1511 1658 45 21 m.
1576 1648 80 32 med
1675 1649 106 36 66,000

281 1690 141 45 kronor.
1523 1708 3 3 |

321 1745 156 33 Jämlikt
494 1746 118 32 beslut
633 1757 46 21 av
698 1747 77 32 1983
793 1748 59 30 års
872 1747 146 38 riksdag
1038 1751 41 29 är
1099 1748 179 32 ordinarie
1297 1750 407 39 reservationsanslaget
1723 1752 58 31 till

282 1797 232 32 kartarbeten
533 1808 45 21 m.
599 1808 46 21 m.
666 1799 12 29 i
698 1799 196 32 riksstaten
914 1800 148 36 uppfört
1082 1799 81 32 med
1181 1801 127 36 164,000
1329 1802 139 32 kronor.

319 1849 221 32 Inberäknat
571 1860 45 21 en
644 1850 154 32 inkomst
829 1860 127 27 genom
985 1851 204 37 inflytande
1220 1852 446 40 kartförsäljningsmedel,
1693 1866 85 27 upp-

279 1900 145 33 skattad
449 1901 54 31 till
528 1902 109 36 40,000
661 1901 139 38 kronor,
825 1902 118 32 finnes
969 1903 54 31 för
1048 1903 244 33 innevarande
1317 1904 175 37 budgetår
1517 1907 56 31 för
1597 1906 181 33 kartarbe-

279 1952 59 31 ten
363 1963 44 21 m.
431 1961 44 23 m,
500 1952 225 38 tillgängligt
750 1954 50 30 ett
825 1953 126 38 belopp
977 1964 45 22 av
1049 1954 141 37 (164,000
1214 1956 36 36 -+-
1273 1957 108 36 40,000
1408 1957 50 36 =)
1484 1958 129 37 204,000
1637 1959 140 31 kronor.

278 2003 171 37 Beloppet
472 2005 183 31 användes
681 2005 12 31 i
717 2005 242 37 huvudsaklig
984 2007 348 32 överensstämmelse
1358 2010 80 31 med
1463 2009 161 37 följande
1650 2011 126 32 fördel-

278 2055 87 37 ning
388 2057 21 30 å
430 2055 95 33 olika
547 2057 130 35 poster.

274 2124 231 32 Fältarbeten
553 2150 905 11 o.ssssosssosesessresererrrrrr
1095 2120 51 47 ers
1154 2120 30 47 rr
1207 2120 36 47 rr
1254 2120 39 47 rt
1312 2120 31 47 es
1353 2120 28 47 KK
1392 2120 27 47 sr
1430 2120 30 47 sa
1485 2131 133 32 kronor
1640 2132 126 36 105,500

275 2176 234 38 Utgivnings-
528 2178 65 31 och
613 2178 238 37 byråarbeten
877 2203 583 11 ..............o.ssserssssrss
1414 2172 48 48 saa
1550 2196 14 17 »
1658 2184 107 36 37,800

274 2227 420 39 Ortnamnsgransknilg
756 2255 704 11 oosssssssssserrsrrsrrrrrrr
1253 2223 74 49 rese
1335 2223 32 49 rs
1375 2223 90 49 rss
1550 2248 13 16 »
1678 2236 88 37 3,000

274 2279 140 38 Tillsyn
437 2281 63 32 och
522 2282 92 31 vård
639 2292 46 21 av
706 2282 122 32 kartor
853 2293 45 21 m.
920 2294 45 21 IM.
995 2307 464 9 s.ssossossessssserss
1354 2275 107 50 sera
1549 2299 14 17 »
1706 2289 58 31 500

273 2332 429 39 Tryckningskostnader,
724 2334 103 37 högst
875 2359 585 10 .o......ssossssessessessr
1355 2328 51 48 eos
1412 2328 9 48 s
1430 2328 33 48 sa
1549 2351 13 17 »
1677 2341 87 36 9,700

274 2383 183 38 Expenser
513 2410 188 7 ..........
708 2393 350 24 PA
1072 2412 386 13 RR
1547 2403 14 18 »
1656 2393 107 35 47,500

1313 2443 148 48 Summa
1482 2461 132 32 kronor
1635 2463 137 36 204,000.
