1876 2794
518 115 330 31 Utrikesutskottets

151 205 37 33 b)
220 207 50 28 att
295 203 131 39 främja
453 201 245 39 utvecklingen
725 210 41 20 av
791 201 51 28 in-

106 248 129 29 dustri-
280 247 64 29 och
389 243 453 41 jordbruksproduktionen

107 290 44 39 på
175 299 42 20 en
242 289 89 30 sund
356 287 206 30 ekonomisk
587 285 181 40 grundval,
793 285 49 29 att

107 331 212 39 förverkliga
350 331 41 29 de
421 328 316 41 produktionsmål,
769 336 74 21 som

106 375 58 29 må
187 373 193 31 fastställas
404 380 122 31 genom
551 370 292 39 Organisationen

108 418 55 29 för
181 416 199 40 europeiskt
398 414 221 30 ekonomiskt
639 412 203 32 samarbete,

109 461 100 30 samt,
232 460 63 28 när
315 458 150 29 Förenta
487 457 178 29 Staternas
687 454 157 39 regering

109 502 38 30 så
184 502 139 32 önskar,
360 500 119 29 lämna
507 498 220 30 sistnämnda
752 504 92 31 rege-

109 545 77 38 ring
208 543 212 39 detaljerade
443 541 130 38 förslag
595 541 52 29 till
672 539 172 31 särskilda

108 585 365 40 investeringsplaner,
504 584 94 29 vilka
629 592 41 20 av
690 582 155 38 Sveriges

108 629 159 39 regering
282 627 146 30 föreslås
443 627 91 29 bliva
550 625 229 39 genomförda
793 623 51 30 till

111 671 167 30 avsevärd
307 671 54 29 del
391 670 79 29 med
499 668 140 30 bistånd
670 667 94 30 ställt
793 666 52 30 till

109 713 207 39 förfogande
338 712 106 38 enligt
466 712 114 29 denna
602 710 244 30 överenskom-

109 756 118 34 melse,
254 755 193 33 däribland,
474 755 63 28 när
562 753 95 29 detta
682 752 87 29 låter
796 751 50 38 sig

112 799 92 38 göra,
221 796 353 40 investeringsplaner
591 795 55 29 för
662 795 92 29 ökad
770 803 77 31 pro-

111 841 149 30 duktion
288 850 41 20 av
358 839 75 34 stål,
460 837 295 40 transportmedel
782 836 64 30 och

112 883 194 34 livsmedel;

156 967 34 33 c)
215 969 49 27 att
285 965 194 31 stabilisera
498 964 153 33 valutan,
672 962 176 31 fastställa

112 1009 82 30 eller
219 1007 253 31 vidmakthålla
497 1006 213 38 välavvägda
736 1004 113 30 växel-

112 1052 135 33 kurser,
270 1051 183 29 balansera
476 1048 272 39 statsbudgeten,
772 1048 77 29 ska-

112 1103 44 30 pa
180 1094 85 29 eller
289 1092 253 31 vidmakthålla
568 1091 75 29 inre
670 1089 178 30 finansiell

114 1136 176 33 stabilitet,
307 1135 63 30 och
387 1136 49 28 att
452 1133 202 30 överhuvud
670 1131 178 31 återställa

113 1178 83 30 eller
238 1176 254 31 vidmakthålla
535 1175 217 30 förtroendet
794 1174 54 29 för

112 1220 338 40 penningsystemet;
477 1220 89 28 samt

159 1263 38 33 d)
230 1265 49 27 att
308 1261 196 31 samarbeta
530 1260 78 29 med
635 1259 119 39 övriga
781 1258 69 30 del-

113 1305 150 38 tagande
282 1305 121 29 länder
422 1304 55 29 för
498 1305 49 28 att
566 1302 201 29 underlätta
785 1301 65 30 och

116 1347 181 29 stimulera
314 1349 46 27 ett
377 1346 82 29 ökat
475 1345 119 38 utbyte
611 1354 42 20 av
667 1353 103 20 varor
786 1343 64 30 och

115 1389 150 39 tjänster
284 1389 128 29 mellan
431 1388 41 30 de
491 1387 206 38 deltagande
716 1386 135 29 länder-

116 1441 45 20 na
190 1432 64 29 och
283 1431 79 29 med
391 1430 110 30 andra
530 1430 121 28 länder
681 1430 90 27 samt
801 1428 50 29 att

115 1474 141 29 minska
285 1471 138 40 statliga
449 1472 64 29 och
540 1471 161 29 enskilda
727 1470 124 29 hinder

116 1516 55 29 för
202 1515 154 30 handeln
386 1515 78 29 dem
496 1513 149 30 emellan
677 1513 65 29 och
772 1511 79 30 med

117 1559 110 29 andra
252 1558 130 29 länder.

162 1600 28 29 2.
216 1600 77 29 Med
317 1599 138 38 hänsyn
479 1600 102 36 tagen
606 1597 52 29 till
684 1596 124 30 artikel
833 1595 19 29 8

117 1643 9 29 i
156 1642 259 30 konventionen
445 1640 177 39 angående
652 1639 200 39 europeiskt

117 1684 223 30 ekonomiskt
372 1683 204 33 samarbete,
609 1682 162 39 syftande
801 1680 53 30 till

117 1726 222 39 fullständigt
360 1726 64 29 och
445 1725 161 30 effektivt
627 1723 226 39 utnyttjande

118 1779 42 20 av
182 1770 66 29 den
271 1769 10 29 i
304 1769 41 29 de
368 1767 205 39 deltagande
596 1767 169 29 länderna
787 1765 67 30 till-

118 1811 160 39 gängliga
302 1810 268 32 arbetskraften,
594 1809 160 29 kommer
778 1808 77 29 Sve-

119 1854 90 38 riges
228 1853 157 38 regering
405 1854 49 27 att
473 1851 167 38 välvilligt
659 1851 108 38 pröva
786 1850 69 29 för-

120 1895 82 39 slag,
229 1905 73 19 som
326 1894 191 30 framföras
540 1894 10 28 i
575 1892 204 39 anslutning
802 1891 52 30 till

119 1938 67 29 den
214 1936 282 30 internationella
524 1934 331 39 flyktingorganisa-

119 1981 119 28 tionen
267 1979 63 29 och
359 1988 74 20 som
461 1987 79 20 avse
569 1978 113 28 vidast
711 1976 144 38 möjliga

120 2021 225 39 utnyttjande
384 2030 42 20 av
464 2019 223 33 arbetskraft,
717 2028 74 20 som
818 2019 37 28 är

121 2064 192 38 tillgänglig
341 2063 10 29 i
379 2063 104 37 något
512 2071 41 20 av
580 2062 41 29 de
650 2061 205 38 deltagande

121 2106 178 33 länderna,
319 2106 52 29 till
392 2104 200 39 främjande
612 2113 42 20 av
673 2105 49 28 att
743 2104 113 28 denna

121 2147 357 30 överenskommelses
509 2146 161 38 syftemål
702 2145 155 29 förverk-

122 2190 96 38 ligas.

167 2232 28 28 3.
236 2231 153 37 Sveriges
427 2230 157 38 regering
622 2230 159 28 kommer
808 2229 49 29 att

123 2274 138 37 vidtaga
281 2274 40 28 de
343 2273 159 36 åtgärder
524 2272 64 28 den
611 2272 117 28 finner
751 2272 107 37 lämp-

123 2315 66 37 liga
215 2316 63 28 och
302 2316 159 27 kommer
485 2317 48 26 alt
559 2313 196 29 samarbeta
780 2313 76 28 med

123 2358 109 28 andra
258 2357 205 37 deltagande
490 2356 118 28 länder
635 2356 54 28 för
715 2357 48 27 att
790 2355 68 28 för-

123 2399 126 29 hindra
294 2399 129 29 sådana
466 2398 269 29 affärsmetoder
777 2397 81 28 eller

124 2441 236 38 anordningar
389 2440 190 29 berörande
610 2440 66 28 den
709 2440 149 28 inlerna-

874 113 180 31 utlåtande
1079 122 43 20 nr
1146 113 52 29 20.
1577 111 38 30 13

931 198 53 34 (b)
1014 201 35 27 to
1067 200 158 37 promote
1244 197 57 29 the
1321 197 240 38 development
1581 196 35 29 of

880 241 186 29 industrial
1107 241 69 28 and
1215 239 226 39 agricultural
1469 238 148 40 produc-

880 283 74 30 tion
981 292 44 20 on
1053 292 19 20 a
1100 282 112 29 sound
1240 281 177 30 economic
1443 280 109 35 basis;
1582 282 35 27 to

883 326 138 29 achieve
1056 325 86 29 such
1173 324 210 39 production
1415 324 130 38 targets
1579 331 38 21 as

881 377 82 29 may
979 367 40 30 be
1038 367 211 30 established
1267 366 152 38 through
1435 366 58 29 the
1511 364 107 39 Orga-

879 410 152 29 nization
1046 410 54 29 for
1116 409 185 39 European
1313 408 187 30 Economic
1512 407 107 39 Coop-

882 453 150 34 eration;
1075 452 68 29 and
1182 452 102 28 when
1324 451 135 29 desired
1488 450 43 39 by
1560 450 58 29 the

883 495 232 29 Government
1142 495 36 29 of
1205 494 58 29 the
1290 493 126 30 United
1444 493 112 29 States
1583 491 36 31 of

883 537 170 34 America,
1094 539 35 27 to
1170 536 256 30 communicate
1467 538 35 27 to
1542 535 77 29 that

884 579 232 30 Government
1156 579 148 29 detailed
1344 578 181 40 proposals
1565 577 54 29 for

885 622 141 39 specific
1046 621 154 40 projects
1220 621 257 39 contemplated
1497 620 45 39 by
1561 620 58 29 the

884 664 232 30 Government
1142 664 35 29 of
1203 663 143 30 Sweden
1371 665 34 27 to
1429 663 40 29 be
1494 662 126 29 under-

883 707 106 29 taken
1010 707 36 29 in
1068 706 209 30 substantial
1298 707 78 38 part
1395 705 86 29 with
1502 704 118 30 assist-

885 758 84 20 ance
990 749 101 29 made
1112 748 168 30 available
1301 749 173 38 pursuant
1495 749 34 27 to
1550 747 70 29 this

885 791 217 39 Agreement,
1123 790 181 39 including
1323 790 181 29 whenever
1524 798 98 31 prac-

885 834 124 29 ticable
1029 833 153 40 projects
1202 833 55 29 for
1276 833 179 29 increased
1475 832 146 39 produc-

885 877 74 29 tion
982 876 35 30 of
1042 876 93 33 steel,
1158 875 278 40 transportation
1458 874 164 30 facilities

887 919 68 29 and
974 918 97 35 food;

938 960 50 34 (ce)
1040 963 36 27 to
1132 960 154 29 stabilize
1342 960 44 29 its
1441 967 180 30 currency,

887 1003 166 30 establish
1078 1012 37 20 or
1138 1003 172 29 maintain
1334 1012 19 20 a
1376 1002 92 29 valid
1491 1003 73 27 rate
1587 1001 36 29 of

888 1046 184 38 exchange,
1106 1045 144 29 balance
1284 1045 44 29 its
1363 1043 259 40 governmental

886 1087 138 39 budget,
1062 1089 113 28 create
1213 1096 38 20 or
1275 1086 172 30 maintain
1472 1085 151 30 internal

888 1130 168 30 financial
1080 1129 164 39 stability,
1267 1130 68 29 and
1359 1128 174 39 generally
1554 1137 71 20 res-

887 1174 74 28 tore
999 1182 37 20 or
1074 1172 173 30 maintain
1285 1171 203 30 confidence
1515 1171 37 29 in
1579 1171 44 29 its

888 1216 183 38 monetary
1092 1216 144 37 system;
1258 1215 71 28 and

938 1257 54 34 (d)
1022 1260 35 27 to
1082 1259 181 37 cooperate
1287 1257 85 29 with
1396 1256 98 30 other
1518 1255 107 40 parti-

888 1300 154 39 cipating
1064 1300 177 29 countries
1264 1299 36 29 in
1324 1298 208 39 facilitating
1556 1298 69 30 and

890 1342 219 39 stimulating
1126 1351 44 20 an
1186 1342 197 38 increasing
1400 1341 224 38 interchange

890 1385 36 29 of
965 1385 105 38 goods
1109 1385 68 29 and
1218 1384 147 29 services
1404 1390 125 32 among
1566 1383 59 29 the

889 1426 248 41 participating
1156 1426 176 29 countries
1351 1426 68 29 and
1432 1425 83 29 with
1527 1425 99 29 other

890 1469 176 30 countries
1087 1469 69 29 and
1177 1469 36 28 in
1233 1468 167 38 reducing
1420 1467 116 40 public
1557 1467 69 29 and

891 1512 132 39 private
1040 1511 151 29 barriers
1207 1513 35 27 to
1259 1511 97 28 trade
1374 1517 126 31 among
1516 1509 111 29 them-

893 1554 107 29 selves
1019 1554 68 28 and
1104 1553 85 29 with
1206 1553 99 29 other
1322 1552 186 29 countries.

937 1596 28 29 2.
998 1595 136 39 Taking
1165 1595 73 29 into
1270 1596 146 28 account
1448 1594 128 30 Article
1607 1592 19 30 8

892 1638 35 30 of
948 1638 58 30 the
1028 1638 214 29 Convention
1264 1638 54 29 for
1338 1637 184 39 European
1543 1636 85 29 Eco-

891 1680 115 30 nomic
1022 1680 228 39 Cooperation
1266 1680 141 38 looking
1421 1679 131 30 toward
1569 1679 58 29 the

893 1723 64 29 full
987 1724 68 29 and
1084 1722 160 30 effective
1274 1731 60 20 use
1364 1722 35 29 of
1427 1729 200 32 manpower

894 1765 166 30 available
1091 1765 35 29 in
1157 1765 57 29 the
1245 1764 247 39 participating
1522 1772 106 20 coun-

892 1808 83 29 tries
997 1808 57 29 the
1078 1807 232 29 Government
1334 1807 35 29 of
1393 1806 142 29 Sweden
1557 1804 71 30 will

894 1850 123 29 accord
1047 1849 232 39 sympathetic
1308 1848 257 30 consideration
1594 1850 35 27 to

893 1891 182 40 proposals
1099 1891 102 29 made
1227 1891 36 29 in
1290 1890 227 38 conjunction
1543 1889 86 29 with

893 1934 58 29 the
981 1933 251 29 International
1263 1933 150 37 Refugee
1443 1931 187 39 Organiza-

894 1976 73 29 tion
984 1976 152 29 directed
1153 1978 33 26 to
1203 1975 57 29 the
1277 1975 126 38 largest
1420 1974 209 39 practicable

894 2018 194 29 utilization
1114 2018 35 28 of
1174 2026 201 30 manpower
1401 2016 167 30 available
1594 2016 35 29 in

895 2070 67 29 any
985 2061 35 28 of
1043 2061 57 28 the
1124 2060 248 39 participating
1395 2059 175 29 countries
1594 2059 36 28 in

896 2103 224 29 furtherance
1138 2103 35 28 of
1190 2103 57 28 the
1266 2101 310 39 aceomplishment
1595 2100 35 29 of

896 2145 57 29 the
969 2153 169 31 purposes
1153 2144 35 29 of
1203 2144 70 29 this
1291 2143 214 38 Agreement.

941 2228 28 29 3.
991 2228 72 29 The
1085 2228 232 28 Government
1339 2228 35 28 of
1397 2227 142 29 Sweden
1560 2226 71 29 will

896 2271 79 27 take
1015 2270 57 28 the
1112 2278 177 20 measures
1317 2269 115 28 which
1459 2269 26 28 it
1514 2269 117 28 deems

897 2312 231 38 appropriate,
1156 2312 66 28 and
1247 2311 69 28 will
1342 2312 181 37 cooperate
1547 2309 85 29 with

897 2354 97 28 other
1020 2353 246 39 participaling
1289 2353 185 33 countries,
1498 2354 35 27 to
1557 2360 75 30 pre-

897 2397 90 31 vent,
1009 2405 43 19 on
1076 2396 54 28 the
1152 2397 76 37 part
1249 2395 36 28 of
1305 2395 132 38 privale
1458 2404 37 19 or
1515 2393 116 40 public

898 2438 220 29 commercial
1186 2437 220 39 enterprises,
1472 2436 161 29 business
