2173 2683
369 186 41 32 10
788 189 364 43 Bevilningsutskottets
1174 193 212 35 Betänkande
1410 197 52 32 Nr
1486 200 52 30 31.

367 270 65 35 har
473 271 178 36 utskottet
693 276 118 33 ansett
854 275 59 35 det
942 275 85 36 böra
1056 278 155 47 stadgas,
1242 282 54 33 att
1324 281 156 36 särskild
1509 282 190 48 suppleant
1728 283 94 36 skall
1850 285 113 49 väljas

366 324 57 36 för
452 326 135 36 enhvar
616 326 40 36 af
680 327 244 38 ledamöterna
952 329 13 36 i
993 332 381 48 taxeringsnämnden.

1115 426 46 33 26
1194 425 32 45 &.

468 488 86 36 Med
591 489 168 38 afseende
788 494 20 33 å
838 493 69 35 den
936 496 95 34 stora
1060 495 126 37 vikten
1214 497 41 35 af
1280 498 104 36 valen
1413 499 57 36 till
1498 500 370 49 taxeringsnämnden
1896 503 66 36 och

363 542 45 35 då
437 543 44 35 de
509 543 61 36 vid
598 544 363 40 kommunalstämma
989 552 46 44 på
1063 550 124 37 landet
1214 554 215 46 röstägande
1457 554 105 48 pläga
1590 555 128 37 talrikt
1745 556 138 36 infinna
1907 558 55 46 sig

362 596 62 36 vid
466 598 69 35 den
577 598 218 39 föreskrifna
837 602 180 37 ordinarie
1054 604 387 40 kommunalstämman
1469 609 13 35 i
1510 610 186 36 december
1725 612 141 45 månad,
1896 612 65 35 har

363 651 177 37 utskottet
582 657 119 33 ansett
738 655 55 48 sig
821 656 86 36 böra
935 657 129 38 föreslå
1094 660 70 36 den
1192 661 201 49 ändringen
1421 663 13 35 i
1464 666 20 33 2
1515 676 104 24 mom.
1651 665 40 35 af
1717 666 117 36 denna
1863 680 97 34 para-

361 706 91 46 graf,
483 710 54 32 att
566 711 44 43 på
639 709 123 36 landet
791 711 104 35 valen
923 713 57 34 till
1008 714 367 47 taxeringsnämnden
1404 717 180 48 förläggas
1612 719 57 35 till
1689 722 156 34 nämnda
1864 722 96 34 kom-

363 760 286 38 munalstämma.

1112 862 48 33 49
1192 861 32 45 8.

469 924 18 35 I
515 924 84 36 herr
627 926 32 36 J.
693 919 172 56 Östbergs
894 928 255 39 förutnämnda
1177 933 135 36 motion
1341 934 65 36 har
1434 935 126 47 yrkats
1589 937 112 35 sådan
1730 937 186 49 ändring
1894 931 20 59 i
1939 942 17 32 1

361 990 104 24 mom.
497 979 29 47 c)
557 979 39 36 af
622 981 118 35 denna
767 983 179 47 paragraf,
979 988 53 32 att
1060 986 135 37 enhvar
1223 988 256 48 skattskyldig,
1502 990 107 36 hvars
1630 991 224 37 deklaration
1874 994 85 35 eller

361 1032 171 37 särskildt
573 1034 56 36 för
671 1035 432 52 bevillningstaxeringen
1138 1042 199 37 aflämnade
1365 1044 144 47 uppgift
1537 1044 80 37 icke
1645 1045 123 38 blifvit
1796 1047 41 35 af
1861 1050 97 33 taxe-

361 1087 283 47 ringsnämnden
685 1089 100 50 följd,
817 1091 116 37 skulle
975 1106 85 24 vara
1102 1095 203 49 berättigad
1334 1101 63 42 att,
1430 1100 80 34 med
1538 1099 234 48 förbigående
1801 1102 39 35 af
1867 1098 92 56 pröf-

360 1141 301 47 ningsnämnden,
692 1145 126 36 anföra
846 1146 128 36 besvär
1003 1148 100 36 öfver
1131 1151 215 47 taxeringen
1374 1152 120 37 direkt
1521 1154 65 35 hos
1615 1155 292 37 kammarrätten.

468 1197 57 33 Då
567 1197 102 47 dylik
711 1200 174 46 rättighet
913 1201 115 47 enligt
1055 1203 134 47 Kungl.
1221 1206 124 48 Maj:ts
1374 1206 136 48 förslag
1539 1208 117 35 skulle
1684 1209 202 36 tillkomma
1915 1223 44 23 en

362 1249 99 45 hvar,
492 1249 57 36 till
591 1251 149 36 hvilken
782 1254 112 35 sådan
936 1256 271 47 underrättelse,
1247 1271 75 24 som
1350 1259 13 36 i
1394 1263 46 33 23
1472 1261 22 46 8
1525 1264 20 33 2
1577 1275 103 23 mom.
1711 1263 245 46 föreskrifves,

361 1302 81 37 icke
483 1304 123 37 blifvit
633 1305 97 36 inom
759 1307 73 37 viss
860 1309 173 47 angifven
1061 1311 53 36 tid
1143 1312 137 47 afsänd,
1312 1317 92 33 samt
1433 1316 61 35 det
1522 1329 106 34 synes
1657 1317 178 37 utskottet
1864 1323 94 32 möta

360 1357 123 36 starka
524 1359 290 48 betänkligheter
855 1365 53 34 att
950 1367 87 32 utan
1078 1369 108 44 tungt
1214 1369 163 46 vägande
1405 1369 79 36 skäl
1512 1370 182 48 medgifva
1722 1375 74 33 rätt
1822 1372 57 36 till
1908 1374 49 34 af-

360 1411 137 37 vikelse
524 1412 83 36 från
636 1415 69 35 den
734 1417 172 47 stadgade
934 1417 352 52 instansordningen,
1317 1424 67 35 har
1412 1424 178 36 utskottet
1617 1425 81 36 icke
1727 1429 119 34 ansett
1874 1428 83 35 herr

361 1458 172 57 Östbergs
562 1467 235 39 förevarande
824 1470 135 49 förslag
987 1473 85 36 böra
1101 1475 152 37 bifallas.

1107 1585 48 33 54
1185 1584 32 45 8.

465 1655 19 35 I
513 1656 134 47 Kungl.
678 1658 124 49 Maj:ts
831 1660 144 49 förslag,
1008 1666 52 32 att
1087 1663 57 36 till
1172 1665 202 37 beredande
1403 1667 40 36 af
1460 1670 201 47 ersättning
1680 1670 56 36 för
1755 1672 200 48 taxerings-

359 1709 139 36 arbetet
538 1710 97 36 inom
664 1712 96 37 riket
789 1714 117 36 skulle
934 1716 37 35 få
1000 1716 56 36 för
1083 1718 125 49 hvarje
1237 1723 39 32 år
1304 1724 87 44 utgå
1420 1722 104 47 högst
1553 1727 52 33 ett
1633 1725 139 47 belopp,
1803 1730 151 33 motsva-

359 1764 111 34 rande
499 1776 44 23 en
572 1766 65 34 och
674 1779 44 23 en
745 1766 194 48 fjärdedels
967 1775 149 42 procent
1144 1773 40 35 af
1208 1773 114 37 rikets
1350 1776 82 35 hela
1459 1776 172 38 inkomst-
1660 1780 66 35 och
1755 1779 199 49 förmögen-

358 1817 342 38 hetsskattesumma
741 1821 56 36 för
835 1826 86 42 året,
967 1825 65 35 har
1073 1827 84 34 herr
1200 1828 177 37 Olausson
1405 1830 12 35 i
1446 1831 56 35 sin
1531 1832 261 39 ofvanberörda
1820 1836 133 36 motion

355 1871 185 48 föreslagit
574 1874 165 48 ändring,
770 1878 39 33 så
838 1881 53 31 att
919 1879 316 49 maximibeloppet
1263 1883 117 36 skulle
1408 1885 214 38 bestämmas
1652 1888 56 35 till
1737 1901 41 24 en
1806 1894 147 42 procent

357 1925 40 35 af
422 1925 114 37 rikets
564 1926 173 38 inkomst-
766 1931 65 34 och
860 1931 537 49 förmögenhetsskattesumma.
1455 1939 184 49 Förslaget
1654 1945 299 47 sammanhänger

356 1980 82 34 med
467 1980 239 38 motionärens
735 1983 267 51 framställning
1022 1988 132 46 därom,
1178 1993 53 33 att
1250 1992 134 47 Kungl.
1406 1993 125 49 Maj:ts
1551 1995 401 50 befallningshafvande

354 2033 82 36 icke
473 2034 117 37 skulle
623 2036 168 37 förordna
825 2043 119 44 någon
985 2042 155 37 ledamot
1163 2044 13 34 i
1203 2045 369 49 taxeringsnämnden
1599 2053 90 33 utan
1717 2053 125 36 endast
1871 2054 80 36 dess

356 2087 217 38 ordförande
602 2090 65 36 och
696 2104 45 22 en
770 2097 172 33 ersättare
970 2095 56 36 för
1054 2097 141 36 honom.
1246 2099 138 37 Genom
1408 2101 280 49 inbesparandet
1707 2106 38 35 af
1763 2108 43 34 de
1826 2112 124 32 ersätt-

355 2141 141 48 ningar,
527 2154 75 24 som
630 2144 126 37 afsetts
780 2146 57 36 för
861 2148 43 35 de
928 2148 40 36 af
993 2151 134 47 Kungl.
1150 2152 124 48 Maj:ts
1303 2154 403 49 befallningshafvande
1734 2160 216 38 förordnade

354 2195 254 47 ledamöterna,
630 2198 66 36 har
725 2201 222 37 motionären
975 2205 149 47 antagit,
1155 2209 54 33 att
1237 2209 309 48 ersättningarnas
1574 2213 229 38 totalsumma
1832 2216 117 36 skulle

354 2249 125 36 kunna
509 2254 45 43 på
583 2252 40 35 af
648 2253 128 36 honom
805 2255 194 49 föreslaget
1027 2262 71 33 sätt
1126 2260 171 37 minskas.
