2278 2644
773 168 275 32 Bunkoutskottets
1073 169 161 31 utlåtande
1261 169 50 31 Nr
1335 171 51 29 69.
1824 171 7 28 1

1009 568 58 39 Nr
1094 568 62 39 69.

856 723 111 27 Ankom
988 724 40 26 till
1049 724 167 36 riksdagens
1237 725 92 26 kansli
1348 725 52 26 den
1422 725 33 26 24
1478 725 52 36 maj
1554 726 66 26 1918
1639 725 36 26 kl.
1695 726 17 26 5
1732 736 21 15 e.
1774 736 25 16 m

488 864 206 44 Utlatande,
727 866 9 32 i
766 865 195 45 anledning
982 877 43 23 av
1047 866 140 44 Kungl.
1208 866 131 42 Maj:ts
1355 867 226 43 proposition
1610 867 183 43 angående
1826 871 53 30 ut-

683 933 168 43 vidgning
880 945 43 22 av
953 934 210 44 riksdugens
1188 934 164 35 bibliotek
1377 934 56 35 till
1452 935 151 34 centralt
1616 934 264 45 förvaltnings-

681 1001 165 36 bibliotek
868 1003 115 41 jämte
1012 1013 42 24 en
1085 1003 10 33 i
1124 1006 119 31 ämnet
1270 1004 105 33 väckt
1402 1004 144 34 motion.

409 1155 15 35 I
467 1168 45 23 en
555 1155 56 36 till
652 1155 202 49 riksdagen
883 1156 72 35 den
985 1157 21 34 5
1036 1157 95 47 april
1164 1158 96 34 1918
1291 1156 160 46 avlåten,
1481 1156 56 36 till
1568 1156 309 37 bankoutskottet

276 1206 185 36 hänvisad
504 1206 245 49 proposition,
790 1221 43 22 nr
875 1209 85 45 314,
1004 1208 68 35 har
1100 1208 141 48 Kungl.
1271 1208 118 47 Maj:t,
1419 1208 120 36 under
1569 1208 233 49 åberopande
1833 1222 45 23 av

278 1258 286 49 propositionen
605 1258 122 48 bilagt
767 1259 139 48 utdrag
943 1273 46 22 av
1022 1259 418 49 statsrådsprotokollet
1469 1265 91 31 över
1587 1260 289 37 finansärenden

279 1310 58 35 för
378 1323 144 23 samma
564 1310 86 48 dag,
690 1310 57 35 till
783 1311 225 48 riksdagens
1049 1311 192 48 prövning
1282 1312 180 47 framlagt
1497 1311 62 36 vid
1592 1312 285 48 propositionen

277 1362 140 47 fogade
446 1362 145 48 förslag
619 1361 58 36 till

410 1413 35 47 1)
476 1413 156 48 stadgar
659 1413 59 35 för
744 1413 419 49 riksdagsbiblioteket;

408 1464 36 48 2)
474 1464 142 36 ändrad
637 1464 142 49 lydelse
800 1478 45 23 av
862 1464 20 49 $
903 1467 21 34 3
945 1466 12 35 i
976 1464 339 49 reglementariska
1333 1465 233 38 föreskrifter
1580 1467 58 35 för
1652 1467 222 48 riksdagen;

408 1517 35 47 3)
473 1516 142 36 ändrad
657 1516 141 48 lydelse
840 1530 46 23 av
929 1516 44 50 $$
1005 1519 17 34 1
1059 1518 70 35 och
1162 1520 23 33 4
1217 1518 12 35 i
1258 1517 279 37 instruktionen
1565 1519 58 35 för
1650 1518 226 50 riksdagens

275 1568 291 45 bankoutskott;

406 1619 38 49 4)
474 1626 74 30 stat
576 1619 59 37 för
663 1619 400 48 riksdagsbiblioteket
1092 1621 70 36 och

407 1673 34 35 5)
470 1671 137 36 villkor
635 1671 69 36 och
733 1672 283 36 bestämmelser
1045 1672 58 37 för
1131 1673 219 49 åtnjutande
1379 1687 47 22 av
1455 1674 45 35 de
1528 1674 12 35 i
1560 1679 122 31 staten
1703 1674 57 36 för
1779 1673 97 37 riks-

271 1716 325 56 dagsbiblioteket
624 1729 194 43 upptagna
848 1724 440 58 avlöningsförmånerna
1316 1738 48 22 m.
1396 1739 61 33 m.,

405 1775 141 48 Kungl.
577 1775 107 48 Maj:t
712 1775 68 36 har
807 1775 129 37 vidare
965 1776 11 35 i
1006 1789 144 23 samma
1177 1776 239 49 proposition
1445 1777 198 48 föreslagit
1671 1777 204 49 riksdagen

272 1832 57 30 att
357 1826 120 37 under
495 1803 283 71 förutsättning
803 1840 45 23 av
876 1827 105 36 bifall
1011 1828 10 35 i
1051 1828 200 36 huvudsak
1280 1828 55 36 till
1364 1828 248 37 omförmälda
1641 1829 154 49 förslag,

406 1879 75 35 dels
523 1873 220 72 bestämma,
785 1884 54 30 att
880 1879 72 36 den
995 1893 75 35 nya
1111 1885 123 31 staten
1268 1879 57 36 för
1354 1879 222 37 biblioteket
1604 1880 97 36 skall
1730 1881 105 35 träda
1864 1881 12 35 i

276 1930 111 46 kraft,
429 1930 74 36 vad
546 1932 117 46 angår
705 1931 156 48 styrelse
903 1930 69 37 och
1013 1931 453 49 riksdagsbibliotekarie,
1510 1932 72 36 den
1614 1934 18 34 1
1663 1932 213 49 september

277 1959 110 59 1918
406 1982 70 36 och
504 1981 11 36 i
545 1982 127 48 övrigt
699 1982 73 37 den
803 1985 17 33 1
847 1982 151 48 januari
1030 1985 113 43 1919;

405 2035 76 35 dels
509 2034 223 35 föranstalta
759 2034 141 47 därom,
927 2040 53 30 att
1001 2037 36 33 åt
1056 2035 401 47 riksdagsbiblioteket
1477 2035 157 37 beredes
1653 2036 99 36 lokal
1773 2036 101 36 inom

274 2084 289 49 riksdagshuset
595 2085 12 36 1
640 2085 256 48 huvudsaklig
937 2087 377 36 överensstämmelse
1352 2087 87 36 med
1475 2087 74 36 vad
1576 2087 11 36 i
1616 2087 258 37 ovanberörda

275 2136 138 49 utdrag
441 2150 47 22 av
517 2136 411 50 statsrådsprotokollet
957 2138 174 48 angives;

405 2190 75 35 dels
520 2188 118 37 under
679 2189 171 48 anslaget
891 2189 55 36 till
987 2190 193 48 riksdags-
1222 2190 71 36 och
1325 2191 393 36 revisionskostnader
1746 2204 47 22 m.
1824 2205 45 22 m.

274 2240 84 36 med
400 2240 81 36 titel
525 2240 226 36 »kostnader
792 2240 58 37 för
890 2241 422 49 riksdagsbiblioteket>
1357 2242 163 49 uppföra
1561 2242 44 36 de
1646 2243 12 35 i
1694 2242 180 49 förslaget

361 2300 129 42 Bihang
513 2301 50 31 till
585 2300 185 42 riksdagens
787 2302 158 40 protokoll
969 2302 94 32 1918.
1110 2303 21 30 8
1153 2303 89 31 saml.
1288 2303 43 32 58
1353 2302 79 41 häft.
1479 2303 68 37 (Nr
1571 2302 65 36 69.)
1814 2304 54 30 IE
