1918 2850
297 155 41 31 54
713 154 115 30 Första
849 155 221 34 lagutskottets
1088 155 164 31 utlåtande
1274 157 48 29 Nr
1343 160 47 26 28.

118 241 151 28 Utskottet.
347 242 154 33 Rörande
520 243 95 32 dessa
631 243 202 39 paragrafer
851 243 110 33 finner
977 243 166 33 utskottet
1158 243 74 34 icke
1250 244 75 32 skäl
1341 244 176 39 tillstyrka
1535 256 107 21 annan
1662 244 144 38 ändring

305 297 42 28 än
366 296 50 29 att
435 293 12 31 i
467 293 19 39 $
507 294 40 32 82
568 293 103 33 andra
691 297 179 29 att-satsen
889 294 59 32 bör
967 294 158 38 vidtagas
1147 294 61 32 den
1228 294 185 39 jämkning,
1436 306 69 21 som
1525 294 66 32 kan
1613 294 192 33 föranledas

304 355 42 20 av
361 343 65 33 vad
441 343 165 33 utskottet
621 344 115 32 anfört
751 343 58 33 vid
826 343 18 40 $
861 345 30 32 9.

996 411 18 39 $
1035 412 74 32 126.

106 476 66 60 Dö
190 484 58 52 nya
349 477 58 33 Uti
423 478 164 32 motionen
603 490 39 20 nr
659 479 62 32 257
739 479 12 31 i
768 478 109 33 första
890 478 193 33 kammaren
1101 479 60 32 har
1178 479 76 32 herr
1270 479 141 40 Sjödahl
1428 491 43 22 m.
1489 479 40 33 fl.
1547 479 179 39 föreslagit
1743 480 62 32 föl-

97 517 193 54 nämnderna.
303 528 98 38 Jande
419 528 128 38 lydelse
565 540 41 21 av
623 528 18 39 8
662 530 63 31 126
744 541 97 21 mom.
861 530 33 32 1:

142 596 97 25 Motion
349 578 138 33 »Denna
508 579 119 38 stadga
644 598 45 4 —
706 598 46 4 —
769 598 46 4 —
835 581 16 30 1
871 579 134 39 januari
1027 581 95 32 1932.

138 630 24 24 I:
182 629 56 26 257.
348 628 346 39 Byggnadsnämnder
718 629 96 33 skola
836 630 105 38 enligt
963 630 295 33 bestämmelserna
1279 631 12 31 i
1316 630 105 33 denna
1444 631 121 39 stadga
1588 633 91 30 utses
1705 631 37 32 så
1765 631 41 32 ti-

305 679 83 39 digt,
406 682 51 29 att
475 679 39 33 de
531 679 113 33 kunna
661 680 99 32 träda
777 680 12 32 i
807 681 163 38 utövning
987 693 43 20 av
1049 681 72 32 sina
1140 680 203 39 åligganden
1362 681 61 32 den
1444 682 16 31 1
1480 681 133 38 januari
1633 682 96 38 1932,
1748 680 58 33 vid

303 729 111 32 vilken
432 729 50 33 tid
501 730 39 32 de
557 730 192 33 nuvarande
767 730 383 40 byggnadsnämnderna
1169 731 95 33 skola
1280 731 153 39 upphöra
1452 735 50 30 att
1521 731 201 39 tjänstgöra.

348 779 340 40 Byggnadsordning,
709 781 125 32 avsedd
854 784 50 29 att
921 781 99 32 träda
1039 782 12 31 i
1070 781 96 32 kraft
1183 781 146 33 nämnda
1348 781 76 39 dag,
1443 782 54 32 må
1515 782 126 38 jämväl
1661 782 145 32 dessför-

302 831 102 32 innan
420 834 142 35 antagas
579 831 59 32 och
654 831 193 32 fastställas
864 831 12 32 i
891 831 149 39 enlighet
1056 832 73 32 med
1145 831 292 33 bestämmelserna
1454 832 12 31 i
1484 831 106 33 denna
1608 831 153 39 stadga.»

119 903 152 46 Utskottet.
348 906 49 33 På
416 909 68 30 sätt
503 907 363 39 departementschefen
885 910 109 35 yttrat
1012 907 95 33 torde
1126 907 54 32 det
1198 919 84 21 vara
1299 907 127 33 mindre
1445 908 167 39 lämpligt,
1632 920 52 21 om
1703 908 105 39 nyval

304 969 42 21 av
366 957 157 39 samtliga
541 957 340 40 byggnadsnämnder
899 957 13 32 i
931 957 88 33 riket
1039 957 108 34 skulle
1168 958 57 32 ske
1243 958 59 32 vid
1323 958 60 32 den
1403 958 170 39 tidpunkt,
1595 958 42 33 då
1657 958 62 33 den
1739 971 68 26 nya

305 1008 142 38 stadgan
467 1008 113 32 träder
598 1008 13 31 1
630 1008 97 32 kraft
747 1008 61 32 och
828 1020 46 26 ny
894 1008 253 39 stadsplanelag
1166 1013 83 27 även
1270 1008 194 39 föreligger.
1508 1008 50 33 De
1580 1020 41 21 av
1641 1008 167 33 utskottet

305 1057 177 33 förordade
501 1058 227 38 ändringarna
746 1058 12 31 i
778 1058 19 39 $
816 1059 18 31 9
854 1058 93 33 torde
965 1058 30 38 ej
1014 1058 104 32 heller
1136 1058 138 39 betinga
1292 1070 40 21 en
1351 1058 103 33 sådan
1474 1058 197 39 anordning.
1712 1059 19 32 TI
1751 1071 55 20 an-

304 1108 136 40 ledning
454 1108 106 33 härav
577 1120 95 21 anser
687 1108 176 40 utskottet,
881 1111 50 30 att
947 1108 166 39 förslaget
1129 1109 11 31 i
1158 1108 107 33 denna
1282 1109 53 32 del
1352 1109 58 32 bör
1427 1108 128 33 lämnas
1573 1109 151 33 orubbat.

351 1201 48 33 På
416 1202 110 38 grund
544 1214 41 20 av
601 1202 65 32 vad
684 1201 142 34 sålunda
844 1201 129 33 anförts
992 1202 57 31 får
1065 1201 165 33 utskottet
1247 1202 186 38 hemställa,

659 1285 50 40 A)
739 1289 53 30 att
808 1286 179 38 riksdagen
1003 1287 104 31 måtte
1122 1287 12 31 i
1151 1286 162 33 skrivelse
1329 1287 54 32 till
1400 1286 128 39 Kungl.
1545 1287 103 38 Maj:t
1664 1287 144 39 anmäla,

615 1339 50 30 att
680 1336 59 32 vid
755 1336 209 39 granskning
980 1349 43 20 av
1040 1336 56 33 det
1110 1336 57 33 vid
1182 1336 262 39 ifrågavarande
1460 1337 207 39 proposition
1685 1337 123 39 fogade

615 1387 166 38 förslaget
798 1386 55 33 till
871 1386 303 40 byggnadsstadga
1193 1386 179 39 riksdagen
1392 1387 29 38 ej
1443 1387 114 33 funnit
1576 1387 75 33 skäl
1670 1391 52 30 att
1740 1390 69 31 mot

616 1437 184 32 detsamma
818 1441 81 34 göra
917 1437 106 32 andra
1041 1437 187 38 erinringar
1246 1441 42 28 än
1306 1437 165 33 utskottet
1488 1438 12 31 i
1519 1437 219 34 förevarande
1756 1441 52 29 ut-

616 1487 135 32 låtande
769 1487 168 39 upptagit,
958 1490 88 29 samt

658 1536 47 41 B)
735 1540 52 30 att
804 1537 38 33 de
858 1538 11 31 i
885 1541 110 29 ämnet
1010 1537 123 33 väckta
1148 1537 214 40 motionerna,
1380 1538 12 32 i
1409 1538 61 32 den
1486 1539 77 31 mån
1580 1538 39 33 de
1635 1538 73 33 icke
1725 1539 83 32 kun-

616 1600 42 20 na
680 1600 95 20 anses
798 1588 181 32 besvarade
1001 1599 117 27 genom
1138 1588 66 32 vad
1225 1588 167 32 utskottet
1413 1600 82 21 ovan
1516 1588 105 33 under
1642 1587 51 41 A)
1720 1589 87 33 hem-

617 1638 105 39 ställt,
745 1638 73 33 icke
840 1639 102 32 måtte
962 1638 55 32 till
1039 1639 109 38 någon
1170 1638 199 39 riksdagens
1391 1639 122 38 åtgärd
1536 1638 185 34 föranleda.

351 1704 191 34 Stockholm
565 1705 60 32 den
648 1707 17 31 7
686 1705 68 38 maj
779 1706 96 32 1931.

745 1807 51 32 På
820 1807 109 32 första
951 1807 241 39 lagutskottets
1216 1811 145 35 vägnar:

896 1882 44 33 A.
965 1878 254 38 ÄKERMAN.

385 2141 63 29 Vid
466 2142 87 29 detta
569 2141 129 29 ärendes
716 2141 194 36 behandling
926 2141 80 30 hava
1023 2142 157 29 närvarit:

345 2192 74 29 från
454 2192 152 29 första
641 2193 195 28 kammaren:
876 2193 110 28 herrar
1012 2191 165 34 Åkerman,
1202 2203 94 25 greve
1322 2191 111 37 Spens,
1459 2194 165 34 Klefbeck,
1650 2194 121 29 Larson
1797 2195 10 28 i

304 2232 158 37 Lerdala”,
488 2235 164 28 Anderson
676 2236 11 27 i
712 2235 189 34 Hägelåkra,
926 2235 141 29 Svenson
1092 2236 11 27 i
1128 2234 163 36 Eskhult",
1315 2234 152 31 Forssell"
1493 2236 56 29 och
1573 2237 237 34 Hjalmarsson;

344 2285 74 29 från
446 2286 138 28 andra
612 2286 194 28 kammaren:
828 2285 109 29 herrar
956 2285 184 35 Björkman,
1157 2285 146 34 Lindley,
1323 2285 111 30 Olsson
1453 2287 10 28 i
1482 2286 171 34 Rimforsa,
1672 2286 136 30 Johans-

304 2336 56 19 son
378 2329 11 27 i
408 2328 141 34 Brånalt,
568 2327 134 35 Sjögren
721 2328 57 28 och
797 2328 162 29 Johanson
977 2328 10 27 i
1007 2328 201 34 Huskvarna,
1228 2328 113 29 fröken
1361 2327 131 31 Wellin”
1509 2333 82 24 samt
1608 2329 73 28 herr
1701 2329 109 29 Olsson

305 2370 10 27 i
336 2370 164 29 Mellerud.

342 2432 13 13 +
374 2431 29 32 Ej
424 2431 156 24 närvarande
598 2431 44 24 vid
660 2431 159 24 utlåtandets
834 2431 136 32 justering.
