1888 2780
519 189 253 29 Statsutskotltets
793 186 160 27 utlåtande
972 194 39 18 nr
1030 185 56 27 114
1105 184 36 27 år
1160 183 75 27 1963
1562 180 37 29 31

173 274 43 28 M.
239 270 390 39 Deparlementschefen
654 268 199 37 tillstyrker,
875 268 50 28 all
947 266 18 29 2
987 263 384 35 arvodesbefattningar
1394 261 8 28 i
1426 260 41 28 A:
1485 258 41 30 24
1549 257 52 29 för

120 326 227 37 pensionerad
373 325 124 29 officer
521 324 147 29 inrättas
695 322 52 29 för
772 318 392 37 mobiliseringsofficer,
1190 325 42 20 en
1256 315 56 29 vid
1337 312 154 31 centrala
1518 311 84 36 flyg-

119 379 207 30 verkstaden
345 379 7 29 i
371 377 189 30 Malmslält
575 377 63 28 och
655 384 41 20 en
713 375 54 29 vid
785 373 153 30 centrala
957 370 282 38 flygverkstaden
1257 369 7 28 i
1284 366 171 31 Västerås.
1474 363 126 31 Härvid

121 434 68 28 kan
211 442 42 20 en
277 432 108 36 tjänst
411 432 51 28 för
484 429 247 36 driftingenjör
756 429 6 28 i
788 429 46 27 Ae
853 428 35 27 19
916 425 94 32 (med
1035 424 162 34 avlöning
1223 423 75 28 från
1324 418 274 31 verkstadstilel)

122 487 54 30 vid
199 484 281 39 flygverkstaden
501 484 8 28 i
534 483 158 29 Västerås
715 484 90 33 utga.

178 538 224 31 Beträffande
426 536 241 36 förändringar
690 536 6 27 i
719 534 109 35 övrigt
853 534 6 27 i
885 533 93 35 fråga
1001 540 54 19 om
1081 531 147 35 tjänster
1252 528 51 29 för
1325 524 279 32 kontorsbiträde

124 594 7 28 i
155 593 77 29 405
253 592 64 29 och
341 592 53 28 för
414 590 133 30 biträde
570 589 52 28 för
645 588 107 29 skriv-
774 587 64 28 och
861 583 298 37 kontorsgöromål
1184 583 62 28 har
1269 578 335 39 departementsche-

126 647 53 29 fen
201 646 84 29 intet
307 647 50 27 att
379 644 112 29 erinra
515 644 69 27 mol
608 640 327 37 flygvapenchefens
957 637 139 35 förslag.

178 735 11 28 I
216 736 93 28 årets
337 730 408 37 statsverksproposilion
777 728 74 32 (bil.
878 729 29 32 6,
937 736 24 20 s.
993 726 76 32 192)
1104 725 60 28 har
1193 723 205 36 föreslagits,
1427 723 49 27 alt
1505 721 17 28 3
1550 720 54 29 be-

125 789 206 37 ställningar
356 787 53 29 för
433 786 111 29 lärare
570 785 8 28 i
603 783 46 29 Ar
673 782 110 33 25/21,
807 791 43 20 av
871 780 93 30 vilka
989 780 18 29 2
1032 778 151 30 avsedda
1210 777 52 29 för
1288 774 249 39 undervisning
1562 772 44 40 på

125 842 185 40 flyglinjen
331 840 88 30 skall
442 838 196 30 tillkomma
658 836 55 29 vid
737 833 337 39 militärhögskolan.
1108 832 11 28 I
1141 830 152 39 enlighet
1315 828 143 30 härmed
1481 828 62 29 bör
1564 844 43 3 ——

126 896 57 29 vid
202 894 98 29 bifall
325 893 48 30 till
396 893 99 28 dessa
517 891 131 37 förslag
696 907 14 3 —
731 888 249 37 beställningar
1003 886 53 28 för
1078 886 17 28 2
1118 885 167 39 kaptener
1308 884 7 28 i
1338 883 50 28 Ao
1403 883 36 28 21
1465 881 81 38 utgå
1568 889 39 20 ur

127 948 220 40 flygvapnets
372 943 395 42 personalförteckning.

183 1004 11 28 I
218 1002 170 31 samband
411 1001 77 29 med
511 1002 49 27 alt
584 996 270 42 flygfältsbyrån
877 996 9 28 i
911 993 331 41 flygförvallningen
1266 990 176 30 överföres
1467 988 49 29 till
1540 988 68 28 for-

128 1053 459 38 tifikationsförvaltningen
608 1052 42 28 fr.
664 1060 29 20 o.
709 1059 44 20 m.
775 1049 66 29 den
867 1050 12 27 1
903 1048 66 39 juli
994 1046 81 30 1963
1103 1046 66 39 (jfr
1189 1054 97 30 prop.
1311 1043 98 29 1963:
1426 1042 51 33 31,
1499 1050 25 20 s.
1546 1040 57 33 30)

128 1111 60 28 bör
214 1110 17 29 2
257 1109 160 39 tjänster,
443 1116 41 20 en
509 1105 55 29 för
589 1103 268 41 byråintendent
883 1102 8 29 i
925 1102 39 28 Ao
982 1101 37 29 21
1049 1100 62 29 och
1139 1108 41 20 en
1208 1099 53 28 för
1287 1097 160 39 ingenjör
1472 1096 9 29 i
1509 1095 99 38 högst

129 1164 46 28 Ae
192 1163 37 29 15
253 1161 179 30 överföras
457 1160 48 29 till
530 1157 206 41 flygstaben.

184 1218 51 29 En
263 1216 208 38 beställning
499 1215 54 28 för
580 1211 275 31 musikdirektör
883 1219 41 20 av
953 1210 27 28 1.
1009 1207 128 39 graden
1165 1207 9 28 i
1204 1206 48 28 Ao
1267 1205 36 29 21
1336 1204 44 40 på
1405 1202 204 39 övergångs-

130 1274 67 27 stat
220 1271 57 29 vid
303 1270 200 39 flygvapnet
529 1268 69 29 kan
624 1275 144 20 numera
796 1264 162 37 indragas
984 1261 106 30 sedan
1116 1258 258 32 vederbörande
1400 1256 209 30 innehavare

130 1325 114 38 avgått
264 1323 79 30 med
364 1322 156 41 pension.

183 1376 390 40 Departementschefen
593 1374 189 30 behandlar
800 1372 117 29 vidare
938 1369 173 37 personil-
1129 1368 63 28 och
1212 1362 398 40 organisalionsföränd-

129 1434 116 35 ringar
267 1432 57 29 vid
348 1432 41 28 de
415 1429 159 36 flottiljer
602 1425 278 31 (molsvarande)
910 1432 73 20 som
1010 1422 108 29 under
1142 1430 38 20 år
1209 1420 79 29 1962
1313 1418 96 29 blivit
1435 1416 175 36 organisa-

130 1484 317 32 tionsundersökta.

184 1539 64 29 För
279 1538 23 28 F
317 1538 50 33 21,
399 1545 70 20 som
501 1536 6 27 i
542 1533 266 34 fortsättningen
840 1530 59 29 bör
928 1529 190 29 benämnas
1147 1526 227 29 Norrbottens
1405 1521 205 39 flygflottilj,

132 1591 189 37 tillstyrker
342 1586 381 40 departementschefen
746 1587 47 27 all
820 1582 247 35 beställningar
1092 1580 210 29 tillkommer
1327 1578 52 28 för
1401 1585 40 21 en
1464 1576 147 29 överste-

132 1646 150 36 löjtnant
307 1645 8 28 i
340 1644 49 28 Ao
404 1643 37 29 27
472 1640 190 34 (baschef),
688 1648 42 19 en
757 1638 124 35 kapten
909 1637 5 27 i
943 1637 36 27 Ao
1005 1635 34 29 21
1075 1631 377 37 (utbildningsofficer)
1482 1629 63 29 och
1571 1637 39 20 en

132 1697 234 39 flygingenjör
390 1697 6 28 i
422 1696 45 28 Ae
482 1695 35 29 21
550 1694 46 32 (3.
622 1690 301 37 floltiljingenjör)
953 1689 52 28 för
1030 1684 352 38 helikoptermaterial
1409 1692 102 19 m.m.
1537 1682 75 28 Han

133 1751 212 33 förutsätter,
369 1751 47 27 att
450 1748 17 28 F
481 1748 35 29 21
545 1747 137 35 ålägges
705 1752 126 21 ansvar
858 1743 51 28 för
935 1740 179 31 underhåll
1140 1749 41 19 av
1205 1735 328 39 arméflygmateriel
1562 1734 51 29 för

131 1805 138 30 arméns
289 1799 292 39 helikopterskola
604 1799 6 28 i
631 1798 126 28 Boden,
779 1797 75 28 Han
876 1794 157 30 förordar
1053 1793 116 29 vidare
1189 1794 48 27 att
1261 1791 52 29 för
1334 1789 279 35 stridslednings-

132 1859 123 28 officer
279 1856 147 29 inrättas
448 1863 40 19 en
512 1851 208 35 beställning
746 1850 51 28 för
821 1849 127 35 kapten
975 1858 5 17 i
1008 1848 47 27 Ao
1071 1847 33 28 21
1136 1846 6 28 i
1170 1845 117 35 utbyte
1312 1845 70 27 mot
1406 1841 207 35 beställning

135 1912 51 28 för
204 1910 151 36 löjtnant
375 1908 6 28 i
403 1908 47 27 Ao
470 1905 103 30 17/15.
592 1904 77 29 Som
689 1903 80 28 ehef
789 1902 52 28 för
862 1896 468 38 luftförsvarsgruppcentiral
1354 1896 125 28 räknas
1497 1894 116 29 vidare

135 1964 73 29 med
227 1972 41 19 en
286 1960 194 34 befattning
499 1960 6 27 i
524 1959 40 27 A:
583 1958 39 28 24
642 1957 51 27 för
712 1953 225 38 pensionerad
956 1953 134 27 officer.

189 2017 66 29 För
279 2015 24 29 F
319 2014 18 29 5
362 2012 199 39 tillstyrkes,
586 2012 47 27 att
655 2018 41 20 en
722 2007 207 37 beställning
953 2005 53 29 för
1028 2003 172 30 överfurir
1225 2003 7 28 i
1257 2003 48 28 Ao
1332 2002 31 28 11
1397 1999 219 40 (sjukvårds-

137 2068 221 32 underbefäl)
383 2067 222 29 tillkommer.

187 2122 107 29 Såvitt
317 2129 98 21 avser
439 2116 326 39 flygvapenehefens
789 2114 127 35 förslag
938 2111 219 31 beträffande
1181 2110 23 28 F
1223 2111 32 27 11
1284 2108 190 37 tillstyrker
1497 2107 118 36 depar-

137 2173 272 30 tementschefen
435 2174 47 26 atl
510 2180 40 19 en
579 2171 211 35 operations-
817 2168 62 28 och
910 2163 438 34 underrältelseavdelning
1376 2161 136 35 skapas.
1541 2160 74 28 Han

137 2228 65 28 kan
219 2226 104 29 också
343 2224 131 30 biträda
493 2226 47 26 att
559 2223 17 29 2
595 2221 247 35 beställningar
861 2219 211 29 tillkommer
1092 2217 51 28 för
1161 2216 110 28 denna
1291 2214 193 34 avdelning,
1503 2222 41 19 en
1565 2212 52 28 för

138 2280 111 35 major
271 2280 6 27 i
302 2280 48 26 Ao
365 2278 40 28 25
430 2277 113 30 (chef)
568 2275 61 28 och
651 2283 41 19 en
717 2273 51 28 för
791 2273 125 35 kapten
941 2272 5 27 i
978 2271 38 27 Av
1034 2270 33 28 21
1101 2267 429 30 (underrättelseofficer).
1555 2264 59 29 Vid

138 2332 94 29 bifall
254 2330 114 29 härtill
388 2329 61 29 bör
468 2329 17 28 2
505 2327 246 34 beställningar
772 2325 52 28 för
844 2324 147 35 löjtnant
1014 2323 5 27 i
1042 2323 48 27 Ao
1110 2321 92 29 17/15
1224 2322 89 33 utga.

194 2416 386 39 Departementschefen
607 2413 189 37 tillstyrker
822 2410 304 38 Hyvapenchefens
1152 2408 137 36 förslag,
1313 2409 48 27 att
1385 2406 232 37 yrkesgrenen

139 2472 279 34 stridslednings-
443 2469 61 29 och
534 2462 648 39 luftbevakningstjänst:(striltjänst)
1215 2460 211 30 tillkommer
1451 2459 54 28 vid
1536 2458 81 36 flyg-

139 2528 133 34 vapnet.
298 2524 58 29 Det
383 2523 93 29 torde
497 2539 15 3 —
562 2521 52 29 vid
640 2519 95 29 bifall
761 2518 113 29 härtill
906 2534 2 4 —
964 2517 30 28 få
1019 2516 186 28 ankomma
1232 2524 37 26 på
1298 2513 121 35 Kungl.
1446 2512 98 35 Maj:t
1570 2512 48 28 att

140 2580 158 28 närmare
323 2576 127 36 reglera
472 2575 110 28 denna
608 2574 105 34 fråga.
