2201 2648
698 153 250 34 Statsutskottets
977 154 167 34 Utlåtande
1168 156 61 33 N:o
1259 156 50 32 63.
1741 157 19 30 3

908 601 85 47 N:o
1027 600 74 49 63.

704 766 81 30 Ank.
810 767 49 29 till
882 767 109 30 Riksd.
1016 768 102 29 kansli
1141 768 60 29 den
1226 770 37 27 31
1289 778 79 20 mars
1395 771 93 32 1908,
1512 770 42 29 kl.
1581 772 17 26 2
1624 781 25 18 e.
1674 781 39 19 m.

406 914 198 47 Utlåtande,
633 916 15 35 i
676 915 189 49 anledning
893 916 40 46 af
961 917 131 48 Kungl.
1123 917 126 47 Maj:ts
1269 919 225 47 proposition
1514 919 180 48 angående
1712 931 86 35 upp-

600 985 119 36 låtelse
747 986 44 47 af
815 989 73 32 rätt
928 986 56 35 till
1023 985 230 38 bearbetande
1290 989 44 47 af
1362 988 384 49 marmorfyndigheter
1774 989 23 35 å

599 1054 202 47 kronojord.

1561 1128 39 49 (1.
1631 1127 60 50 AJ)

326 1276 17 36 I
371 1290 46 23 en
455 1276 72 37 den
571 1279 46 35 28
662 1277 165 38 februari
868 1279 256 38 innevarande
1158 1284 41 33 år
1226 1281 59 37 till
1315 1282 218 49 Riksdagen
1562 1284 147 48 aflåten,
1738 1285 59 36 till

198 1329 282 36 statsutskottet
508 1329 60 37 för
597 1329 273 38 förberedande
899 1331 237 50 behandling
1164 1333 185 37 hänvisad
1377 1335 235 49 proposition
1637 1336 75 49 (n:o
1735 1338 60 48 74)

197 1380 69 37 har
307 1381 143 49 Kungl.
494 1381 119 50 Maj:t,
655 1382 121 37 under
818 1383 238 50 åberopande
1098 1386 41 35 af
1177 1385 148 49 bilagdt
1359 1387 140 49 utdrag
1528 1388 42 37 af
1595 1390 201 36 statsråds-

196 1433 233 49 protokollet
457 1434 108 36 öfver
591 1434 378 49 jordbruksärenden
999 1436 57 37 för
1081 1450 145 25 samma
1246 1439 86 48 dag,
1354 1439 201 50 föreslagit
1574 1441 222 49 Riksdagen

197 1490 55 31 att
281 1485 59 37 för
368 1485 105 38 tiden
496 1486 100 36 intill
616 1487 72 36 den
712 1489 44 35 15
777 1488 74 49 maj
876 1490 96 35 1909
993 1489 207 49 medgifva,
1223 1495 53 32 att
1295 1491 142 50 Kungl.
1459 1492 108 50 Maj:t
1587 1496 116 34 måtte
1723 1499 74 44 äga

328 1539 74 36 dels
443 1541 38 33 åt
523 1539 163 36 svenska
728 1544 87 32 män
851 1540 139 49 bevilja
1022 1541 173 38 tillstånd
1223 1548 55 31 att
1306 1549 80 31 mot
1414 1545 73 35 den
1516 1545 121 48 årliga
1667 1546 129 49 afgäld

197 1589 72 36 och
296 1590 122 36 under
446 1591 46 36 de
520 1591 138 36 villkor
677 1591 12 36 i
709 1592 130 49 öfrigt,
870 1592 142 49 Kungl.
1042 1594 109 49 Maj:t
1180 1595 206 48 bestämde,
1408 1599 20 33 å
1456 1596 208 50 kronojord
1692 1598 103 37 inom

196 1641 97 37 visst
322 1645 21 33 å
372 1643 156 36 marken
556 1643 197 37 utstakadt
782 1645 153 36 område
963 1645 121 37 under
1112 1659 47 24 en
1187 1647 54 36 tid
1266 1648 58 36 för
1343 1648 133 50 hvarje
1495 1651 107 47 gång
1622 1650 41 36 af
1678 1650 117 49 högst

196 1693 53 37 tio
279 1696 40 34 år
347 1694 85 37 med
461 1695 136 36 andras
625 1696 242 37 uteslutande
896 1697 86 36 med
1011 1698 128 37 arbete
1169 1699 165 50 belägga
1363 1701 70 36 och
1461 1701 60 49 sig
1539 1702 256 49 tillgodogöra

196 1746 210 37 anträffade
435 1747 425 49 marmorfyndigheter,
890 1749 86 37 med
1003 1754 77 32 rätt
1104 1751 58 36 för
1181 1751 524 40 koncessionsinnehafvaren
1726 1760 67 43 att,

195 1798 128 36 därest
364 1799 66 36 vid
470 1799 339 49 upplåtelsetidens
851 1804 150 46 utgång
1030 1802 106 49 dylik
1165 1804 211 49 upplåtelse
1404 1805 234 37 fortfarande
1667 1806 126 38 blefve

195 1849 42 36 af
273 1850 221 49 Riksdagen
532 1852 231 49 medgifven,
794 1858 71 43 äga
894 1853 190 38 företräde
1112 1855 56 36 till
1197 1856 385 38 öfverenskommelse
1611 1872 61 22 om
1699 1859 94 36 fort-

196 1906 76 32 satt
300 1902 129 37 arbete
457 1903 87 37 med
563 1904 275 49 fyndighetens
857 1905 335 50 tillgodogörande
1212 1911 48 46 på
1280 1908 46 37 de
1346 1909 150 48 villkor,
1517 1909 144 50 Kungl.
1683 1910 110 50 Maj:t

196 1954 46 36 då
262 1957 48 46 på
329 1955 126 48 grund
475 1956 42 35 af
534 1955 60 49 sig
613 1956 218 37 företeende
853 1958 328 49 omständigheter
1201 1960 127 37 kunde
1343 1961 102 36 finna
1460 1961 95 49 godt
1569 1962 222 49 bestämma,

325 2009 74 35 dels
441 2010 62 34 ock
545 2010 38 34 åt
621 2008 117 36 sådan
766 2009 496 40 koncessionsinnehafvare
1291 2013 59 36 för
1379 2013 74 37 den
1480 2014 68 48 tid,
1577 2015 216 36 hvarunder

195 2058 277 37 koncessionen
513 2059 189 50 beviljats,
744 2061 158 49 upplåta
943 2062 226 50 erforderlig
1209 2065 106 36 mark
1356 2065 59 37 för
1455 2071 120 44 vägar
1608 2071 98 32 samt
1734 2067 59 37 för

196 2110 240 50 anläggning
464 2112 40 36 af
529 2112 225 37 verkstäder
783 2114 70 36 och
882 2114 342 50 arbetarbostäder,
1254 2117 85 37 med
1368 2118 221 49 skyldighet
1624 2118 56 37 för
1699 2119 93 37 kon-

196 2162 444 39 cessionsinnehafvaren
670 2170 54 31 att
752 2165 59 37 för
839 2167 158 36 sålunda
1026 2169 38 35 åt
1092 2168 141 37 honom
1260 2170 184 49 upplåtna
1471 2171 191 37 förmåner
1681 2171 112 49 gälda

194 2214 97 37 visst
332 2215 115 49 årligt
489 2217 169 48 arrende,
692 2231 82 23 som
802 2218 214 38 bestämdes
1045 2233 139 36 genom
1213 2222 162 36 särskild
1403 2223 281 49 uppskattning
1712 2224 80 37 före

194 2267 257 49 upplåtelsens
478 2268 281 50 medgifvande.
