<?xml version="1.0" encoding="UTF-8"?>
<alto xmlns="http://www.loc.gov/standards/alto/ns-v3#" xmlns:xlink="http://www.w3.org/1999/xlink" xmlns:xsi="http://www.w3.org/2001/XMLSchema-instance" xsi:schemaLocation="http://www.loc.gov/standards/alto/ns-v3# http://www.loc.gov/alto/v3/alto-3-0.xsd">
	<Description>
		<MeasurementUnit>pixel</MeasurementUnit>
		<sourceImageInformation>
			<fileName>/tmp/tess_aqpcazt6_input.PNG</fileName>
		</sourceImageInformation>
		<OCRProcessing ID="OCR_0">
			<ocrProcessingStep>
				<processingSoftware>
					<softwareName>tesseract 5.3.0</softwareName>
				</processingSoftware>
			</ocrProcessingStep>
		</OCRProcessing>
	</Description>
	<Layout>
		<Page WIDTH="1882" HEIGHT="2782" PHYSICAL_IMG_NR="0" ID="page_0">
			<PrintSpace HPOS="0" VPOS="0" WIDTH="1882" HEIGHT="2782">
				<ComposedBlock ID="cblock_0" HPOS="261" VPOS="144" WIDTH="1094" HEIGHT="37">
					<TextBlock ID="block_0" HPOS="261" VPOS="144" WIDTH="1094" HEIGHT="37">
						<TextLine ID="line_0" HPOS="261" VPOS="144" WIDTH="1094" HEIGHT="37">
							<String ID="string_0" HPOS="261" VPOS="144" WIDTH="40" HEIGHT="29" WC="0.96" CONTENT="72"/><SP WIDTH="359" VPOS="144" HPOS="301"/>
							<String ID="string_1" HPOS="660" VPOS="147" WIDTH="253" HEIGHT="28" WC="0.92" CONTENT="Statsutskottets"/><SP WIDTH="24" VPOS="147" HPOS="913"/>
							<String ID="string_2" HPOS="937" VPOS="150" WIDTH="161" HEIGHT="28" WC="0.96" CONTENT="utlåtande"/><SP WIDTH="22" VPOS="150" HPOS="1098"/>
							<String ID="string_3" HPOS="1120" VPOS="160" WIDTH="41" HEIGHT="18" WC="0.96" CONTENT="nr"/><SP WIDTH="22" VPOS="160" HPOS="1161"/>
							<String ID="string_4" HPOS="1183" VPOS="153" WIDTH="16" HEIGHT="26" WC="0.96" CONTENT="6"/><SP WIDTH="23" VPOS="153" HPOS="1199"/>
							<String ID="string_5" HPOS="1222" VPOS="152" WIDTH="35" HEIGHT="27" WC="0.96" CONTENT="år"/><SP WIDTH="23" VPOS="152" HPOS="1257"/>
							<String ID="string_6" HPOS="1280" VPOS="154" WIDTH="75" HEIGHT="27" WC="0.96" CONTENT="1955"/>
						</TextLine>
					</TextBlock>
				</ComposedBlock>
				<ComposedBlock ID="cblock_1" HPOS="314" VPOS="222" WIDTH="1174" HEIGHT="47">
					<TextBlock ID="block_1" HPOS="314" VPOS="222" WIDTH="1174" HEIGHT="47">
						<TextLine ID="line_1" HPOS="314" VPOS="222" WIDTH="1174" HEIGHT="47">
							<String ID="string_7" HPOS="314" VPOS="222" WIDTH="165" HEIGHT="40" WC="0.95" CONTENT="Anslaget"/><SP WIDTH="21" VPOS="222" HPOS="479"/>
							<String ID="string_8" HPOS="500" VPOS="225" WIDTH="37" HEIGHT="28" WC="0.92" CONTENT="är"/><SP WIDTH="21" VPOS="225" HPOS="537"/>
							<String ID="string_9" HPOS="558" VPOS="226" WIDTH="19" HEIGHT="28" WC="0.92" CONTENT="å"/><SP WIDTH="21" VPOS="226" HPOS="577"/>
							<String ID="string_10" HPOS="598" VPOS="226" WIDTH="159" HEIGHT="37" WC="0.93" CONTENT="gällande"/><SP WIDTH="20" VPOS="226" HPOS="757"/>
							<String ID="string_11" HPOS="777" VPOS="227" WIDTH="146" HEIGHT="30" WC="0.92" CONTENT="riksstat"/><SP WIDTH="21" VPOS="227" HPOS="923"/>
							<String ID="string_12" HPOS="944" VPOS="230" WIDTH="143" HEIGHT="39" WC="0.96" CONTENT="uppfört"/><SP WIDTH="21" VPOS="230" HPOS="1087"/>
							<String ID="string_13" HPOS="1108" VPOS="232" WIDTH="79" HEIGHT="29" WC="0.96" CONTENT="med"/><SP WIDTH="22" VPOS="232" HPOS="1187"/>
							<String ID="string_14" HPOS="1209" VPOS="232" WIDTH="40" HEIGHT="29" WC="0.96" CONTENT="50"/><SP WIDTH="15" VPOS="232" HPOS="1249"/>
							<String ID="string_15" HPOS="1264" VPOS="232" WIDTH="62" HEIGHT="30" WC="0.96" CONTENT="000"/><SP WIDTH="22" VPOS="232" HPOS="1326"/>
							<String ID="string_16" HPOS="1348" VPOS="234" WIDTH="140" HEIGHT="30" WC="0.96" CONTENT="kronor."/>
						</TextLine>
					</TextBlock>
				</ComposedBlock>
				<ComposedBlock ID="cblock_2" HPOS="253" VPOS="328" WIDTH="1492" HEIGHT="585">
					<TextBlock ID="block_2" HPOS="253" VPOS="328" WIDTH="1492" HEIGHT="585">
						<TextLine ID="line_2" HPOS="310" VPOS="328" WIDTH="1435" HEIGHT="54">
							<String ID="string_17" HPOS="310" VPOS="328" WIDTH="396" HEIGHT="43" WC="0.91" CONTENT="Departementschefen"/><SP WIDTH="25" VPOS="328" HPOS="706"/>
							<String ID="string_18" HPOS="731" VPOS="333" WIDTH="204" HEIGHT="31" WC="0.96" CONTENT="framhåller"/><SP WIDTH="25" VPOS="333" HPOS="935"/>
							<String ID="string_19" HPOS="960" VPOS="338" WIDTH="50" HEIGHT="27" WC="0.96" CONTENT="att"/><SP WIDTH="23" VPOS="338" HPOS="1010"/>
							<String ID="string_20" HPOS="1033" VPOS="337" WIDTH="243" HEIGHT="40" WC="0.96" CONTENT="belastningen"/><SP WIDTH="25" VPOS="337" HPOS="1276"/>
							<String ID="string_21" HPOS="1301" VPOS="339" WIDTH="45" HEIGHT="39" WC="0.96" CONTENT="på"/><SP WIDTH="23" VPOS="339" HPOS="1346"/>
							<String ID="string_22" HPOS="1369" VPOS="340" WIDTH="229" HEIGHT="31" WC="0.96" CONTENT="förevarande"/><SP WIDTH="26" VPOS="340" HPOS="1598"/>
							<String ID="string_23" HPOS="1624" VPOS="343" WIDTH="121" HEIGHT="39" WC="0.96" CONTENT="anslag"/>
						</TextLine>
						<TextLine ID="line_3" HPOS="256" VPOS="381" WIDTH="1487" HEIGHT="53">
							<String ID="string_24" HPOS="256" VPOS="381" WIDTH="123" HEIGHT="29" WC="0.96" CONTENT="väntas"/><SP WIDTH="21" VPOS="381" HPOS="379"/>
							<String ID="string_25" HPOS="400" VPOS="382" WIDTH="142" HEIGHT="31" WC="0.96" CONTENT="komma"/><SP WIDTH="21" VPOS="382" HPOS="542"/>
							<String ID="string_26" HPOS="563" VPOS="386" WIDTH="50" HEIGHT="27" WC="0.96" CONTENT="att"/><SP WIDTH="21" VPOS="386" HPOS="613"/>
							<String ID="string_27" HPOS="634" VPOS="387" WIDTH="158" HEIGHT="29" WC="0.95" CONTENT="avsevärt"/><SP WIDTH="22" VPOS="387" HPOS="792"/>
							<String ID="string_28" HPOS="814" VPOS="390" WIDTH="132" HEIGHT="37" WC="0.96" CONTENT="stegras"/><SP WIDTH="21" VPOS="390" HPOS="946"/>
							<String ID="string_29" HPOS="967" VPOS="390" WIDTH="110" HEIGHT="29" WC="0.96" CONTENT="under"/><SP WIDTH="23" VPOS="390" HPOS="1077"/>
							<String ID="string_30" HPOS="1100" VPOS="391" WIDTH="41" HEIGHT="29" WC="0.96" CONTENT="de"/><SP WIDTH="21" VPOS="391" HPOS="1141"/>
							<String ID="string_31" HPOS="1162" VPOS="392" WIDTH="157" HEIGHT="30" WC="0.95" CONTENT="närmast"/><SP WIDTH="22" VPOS="392" HPOS="1319"/>
							<String ID="string_32" HPOS="1341" VPOS="392" WIDTH="157" HEIGHT="40" WC="0.92" CONTENT="följande"/><SP WIDTH="18" VPOS="392" HPOS="1498"/>
							<String ID="string_33" HPOS="1516" VPOS="395" WIDTH="227" HEIGHT="39" WC="0.91" CONTENT="budgetåren,"/>
						</TextLine>
						<TextLine ID="line_4" HPOS="256" VPOS="433" WIDTH="1488" HEIGHT="55">
							<String ID="string_34" HPOS="256" VPOS="433" WIDTH="171" HEIGHT="31" WC="0.96" CONTENT="beroende"/><SP WIDTH="28" VPOS="433" HPOS="427"/>
							<String ID="string_35" HPOS="455" VPOS="436" WIDTH="125" HEIGHT="30" WC="0.96" CONTENT="främst"/><SP WIDTH="26" VPOS="436" HPOS="580"/>
							<String ID="string_36" HPOS="606" VPOS="439" WIDTH="46" HEIGHT="38" WC="0.96" CONTENT="på"/><SP WIDTH="26" VPOS="439" HPOS="652"/>
							<String ID="string_37" HPOS="678" VPOS="448" WIDTH="43" HEIGHT="20" WC="0.96" CONTENT="en"/><SP WIDTH="25" VPOS="448" HPOS="721"/>
							<String ID="string_38" HPOS="746" VPOS="440" WIDTH="195" HEIGHT="39" WC="0.96" CONTENT="betydande"/><SP WIDTH="27" VPOS="440" HPOS="941"/>
							<String ID="string_39" HPOS="968" VPOS="443" WIDTH="131" HEIGHT="39" WC="0.96" CONTENT="ökning"/><SP WIDTH="28" VPOS="443" HPOS="1099"/>
							<String ID="string_40" HPOS="1127" VPOS="454" WIDTH="42" HEIGHT="19" WC="0.96" CONTENT="av"/><SP WIDTH="26" VPOS="454" HPOS="1169"/>
							<String ID="string_41" HPOS="1195" VPOS="445" WIDTH="193" HEIGHT="39" WC="0.96" CONTENT="utgifterna"/><SP WIDTH="25" VPOS="445" HPOS="1388"/>
							<String ID="string_42" HPOS="1413" VPOS="447" WIDTH="55" HEIGHT="29" WC="0.96" CONTENT="för"/><SP WIDTH="25" VPOS="447" HPOS="1468"/>
							<String ID="string_43" HPOS="1493" VPOS="448" WIDTH="172" HEIGHT="40" WC="0.94" CONTENT="medaljer"/><SP WIDTH="26" VPOS="448" HPOS="1665"/>
							<String ID="string_44" HPOS="1691" VPOS="450" WIDTH="53" HEIGHT="29" WC="0.94" CONTENT="till"/>
						</TextLine>
						<TextLine ID="line_5" HPOS="256" VPOS="486" WIDTH="1486" HEIGHT="48">
							<String ID="string_45" HPOS="256" VPOS="486" WIDTH="149" HEIGHT="31" WC="0.96" CONTENT="framför"/><SP WIDTH="28" VPOS="486" HPOS="405"/>
							<String ID="string_46" HPOS="433" VPOS="489" WIDTH="61" HEIGHT="29" WC="0.93" CONTENT="allt"/><SP WIDTH="26" VPOS="489" HPOS="494"/>
							<String ID="string_47" HPOS="520" VPOS="492" WIDTH="79" HEIGHT="37" WC="0.91" CONTENT="väg-"/><SP WIDTH="27" VPOS="492" HPOS="599"/>
							<String ID="string_48" HPOS="626" VPOS="492" WIDTH="65" HEIGHT="29" WC="0.92" CONTENT="och"/><SP WIDTH="27" VPOS="492" HPOS="691"/>
							<String ID="string_49" HPOS="718" VPOS="494" WIDTH="439" HEIGHT="40" WC="0.91" CONTENT="vattenbyggnadsverkets"/><SP WIDTH="29" VPOS="494" HPOS="1157"/>
							<String ID="string_50" HPOS="1186" VPOS="499" WIDTH="184" HEIGHT="29" WC="0.94" CONTENT="anställda."/><SP WIDTH="39" VPOS="499" HPOS="1370"/>
							<String ID="string_51" HPOS="1409" VPOS="501" WIDTH="203" HEIGHT="31" WC="0.96" CONTENT="Emellertid"/><SP WIDTH="26" VPOS="501" HPOS="1612"/>
							<String ID="string_52" HPOS="1638" VPOS="512" WIDTH="104" HEIGHT="20" WC="0.95" CONTENT="anses"/>
						</TextLine>
						<TextLine ID="line_6" HPOS="256" VPOS="540" WIDTH="1486" HEIGHT="53">
							<String ID="string_53" HPOS="256" VPOS="540" WIDTH="75" HEIGHT="30" WC="0.96" CONTENT="skäl"/><SP WIDTH="22" VPOS="540" HPOS="331"/>
							<String ID="string_54" HPOS="353" VPOS="542" WIDTH="71" HEIGHT="29" WC="0.96" CONTENT="tala"/><SP WIDTH="22" VPOS="542" HPOS="424"/>
							<String ID="string_55" HPOS="446" VPOS="542" WIDTH="53" HEIGHT="30" WC="0.96" CONTENT="för"/><SP WIDTH="22" VPOS="542" HPOS="499"/>
							<String ID="string_56" HPOS="521" VPOS="545" WIDTH="51" HEIGHT="27" WC="0.96" CONTENT="att"/><SP WIDTH="22" VPOS="545" HPOS="572"/>
							<String ID="string_57" HPOS="594" VPOS="545" WIDTH="238" HEIGHT="31" WC="0.96" CONTENT="kostnaderna"/><SP WIDTH="21" VPOS="545" HPOS="832"/>
							<String ID="string_58" HPOS="853" VPOS="548" WIDTH="54" HEIGHT="29" WC="0.96" CONTENT="för"/><SP WIDTH="22" VPOS="548" HPOS="907"/>
							<String ID="string_59" HPOS="929" VPOS="549" WIDTH="169" HEIGHT="39" WC="0.95" CONTENT="medaljer"/><SP WIDTH="23" VPOS="549" HPOS="1098"/>
							<String ID="string_60" HPOS="1121" VPOS="551" WIDTH="53" HEIGHT="28" WC="0.95" CONTENT="till"/><SP WIDTH="23" VPOS="551" HPOS="1174"/>
							<String ID="string_61" HPOS="1197" VPOS="551" WIDTH="131" HEIGHT="31" WC="0.96" CONTENT="sådana"/><SP WIDTH="22" VPOS="551" HPOS="1328"/>
							<String ID="string_62" HPOS="1350" VPOS="553" WIDTH="195" HEIGHT="40" WC="0.96" CONTENT="kategorier"/><SP WIDTH="22" VPOS="553" HPOS="1545"/>
							<String ID="string_63" HPOS="1567" VPOS="556" WIDTH="175" HEIGHT="30" WC="0.96" CONTENT="anställda"/>
						</TextLine>
						<TextLine ID="line_7" HPOS="255" VPOS="593" WIDTH="1487" HEIGHT="46">
							<String ID="string_64" HPOS="255" VPOS="593" WIDTH="56" HEIGHT="30" WC="0.93" CONTENT="vid"/><SP WIDTH="28" VPOS="593" HPOS="311"/>
							<String ID="string_65" HPOS="339" VPOS="595" WIDTH="80" HEIGHT="38" WC="0.92" CONTENT="väg-"/><SP WIDTH="27" VPOS="595" HPOS="419"/>
							<String ID="string_66" HPOS="446" VPOS="596" WIDTH="64" HEIGHT="29" WC="0.93" CONTENT="och"/><SP WIDTH="27" VPOS="596" HPOS="510"/>
							<String ID="string_67" HPOS="537" VPOS="598" WIDTH="431" HEIGHT="40" WC="0.91" CONTENT="vattenbyggnadsverket,"/><SP WIDTH="29" VPOS="598" HPOS="968"/>
							<String ID="string_68" HPOS="997" VPOS="603" WIDTH="54" HEIGHT="29" WC="0.96" CONTENT="för"/><SP WIDTH="28" VPOS="603" HPOS="1051"/>
							<String ID="string_69" HPOS="1079" VPOS="603" WIDTH="95" HEIGHT="31" WC="0.92" CONTENT="vilka"/><SP WIDTH="29" VPOS="603" HPOS="1174"/>
							<String ID="string_70" HPOS="1203" VPOS="606" WIDTH="298" HEIGHT="31" WC="0.92" CONTENT="omkostnaderna"/><SP WIDTH="26" VPOS="606" HPOS="1501"/>
							<String ID="string_71" HPOS="1527" VPOS="608" WIDTH="133" HEIGHT="30" WC="0.93" CONTENT="brukar"/><SP WIDTH="25" VPOS="608" HPOS="1660"/>
							<String ID="string_72" HPOS="1685" VPOS="610" WIDTH="57" HEIGHT="29" WC="0.92" CONTENT="be-"/>
						</TextLine>
						<TextLine ID="line_8" HPOS="255" VPOS="646" WIDTH="1486" HEIGHT="51">
							<String ID="string_73" HPOS="255" VPOS="646" WIDTH="127" HEIGHT="31" WC="0.92" CONTENT="stridas"/><SP WIDTH="23" VPOS="646" HPOS="382"/>
							<String ID="string_74" HPOS="405" VPOS="648" WIDTH="81" HEIGHT="30" WC="0.96" CONTENT="från"/><SP WIDTH="21" VPOS="648" HPOS="486"/>
							<String ID="string_75" HPOS="507" VPOS="651" WIDTH="138" HEIGHT="29" WC="0.96" CONTENT="verkets"/><SP WIDTH="23" VPOS="651" HPOS="645"/>
							<String ID="string_76" HPOS="668" VPOS="652" WIDTH="93" HEIGHT="30" WC="0.96" CONTENT="olika"/><SP WIDTH="20" VPOS="652" HPOS="761"/>
							<String ID="string_77" HPOS="781" VPOS="654" WIDTH="200" HEIGHT="39" WC="0.92" CONTENT="sakanslag,"/><SP WIDTH="23" VPOS="654" HPOS="981"/>
							<String ID="string_78" HPOS="1004" VPOS="656" WIDTH="10" HEIGHT="28" WC="0.96" CONTENT="i"/><SP WIDTH="23" VPOS="656" HPOS="1014"/>
							<String ID="string_79" HPOS="1037" VPOS="656" WIDTH="274" HEIGHT="41" WC="0.96" CONTENT="fortsättningen"/><SP WIDTH="21" VPOS="656" HPOS="1311"/>
							<String ID="string_80" HPOS="1332" VPOS="659" WIDTH="133" HEIGHT="31" WC="0.96" CONTENT="betalas"/><SP WIDTH="23" VPOS="659" HPOS="1465"/>
							<String ID="string_81" HPOS="1488" VPOS="661" WIDTH="80" HEIGHT="30" WC="0.93" CONTENT="från"/><SP WIDTH="22" VPOS="661" HPOS="1568"/>
							<String ID="string_82" HPOS="1590" VPOS="664" WIDTH="151" HEIGHT="28" WC="0.91" CONTENT="motsva-"/>
						</TextLine>
						<TextLine ID="line_9" HPOS="253" VPOS="701" WIDTH="1488" HEIGHT="54">
							<String ID="string_83" HPOS="253" VPOS="701" WIDTH="107" HEIGHT="29" WC="0.92" CONTENT="rande"/><SP WIDTH="24" VPOS="701" HPOS="360"/>
							<String ID="string_84" HPOS="384" VPOS="701" WIDTH="196" HEIGHT="40" WC="0.90" CONTENT="sakanslag."/><SP WIDTH="36" VPOS="701" HPOS="580"/>
							<String ID="string_85" HPOS="616" VPOS="705" WIDTH="394" HEIGHT="38" WC="0.92" CONTENT="Departementschefen"/><SP WIDTH="21" VPOS="705" HPOS="1010"/>
							<String ID="string_86" HPOS="1031" VPOS="709" WIDTH="149" HEIGHT="30" WC="0.95" CONTENT="föreslår"/><SP WIDTH="23" VPOS="709" HPOS="1180"/>
							<String ID="string_87" HPOS="1203" VPOS="711" WIDTH="119" HEIGHT="30" WC="0.96" CONTENT="därför"/><SP WIDTH="23" VPOS="711" HPOS="1322"/>
							<String ID="string_88" HPOS="1345" VPOS="722" WIDTH="44" HEIGHT="20" WC="0.96" CONTENT="en"/><SP WIDTH="23" VPOS="722" HPOS="1389"/>
							<String ID="string_89" HPOS="1412" VPOS="713" WIDTH="110" HEIGHT="30" WC="0.96" CONTENT="sådan"/><SP WIDTH="22" VPOS="713" HPOS="1522"/>
							<String ID="string_90" HPOS="1544" VPOS="716" WIDTH="197" HEIGHT="39" WC="0.95" CONTENT="anordning"/>
						</TextLine>
						<TextLine ID="line_10" HPOS="254" VPOS="753" WIDTH="1486" HEIGHT="53">
							<String ID="string_91" HPOS="254" VPOS="753" WIDTH="8" HEIGHT="28" WC="0.96" CONTENT="i"/><SP WIDTH="31" VPOS="753" HPOS="262"/>
							<String ID="string_92" HPOS="293" VPOS="754" WIDTH="66" HEIGHT="29" WC="0.96" CONTENT="vad"/><SP WIDTH="30" VPOS="754" HPOS="359"/>
							<String ID="string_93" HPOS="389" VPOS="763" WIDTH="98" HEIGHT="21" WC="0.96" CONTENT="avser"/><SP WIDTH="30" VPOS="763" HPOS="487"/>
							<String ID="string_94" HPOS="517" VPOS="757" WIDTH="40" HEIGHT="28" WC="0.96" CONTENT="de"/><SP WIDTH="31" VPOS="757" HPOS="557"/>
							<String ID="string_95" HPOS="588" VPOS="758" WIDTH="189" HEIGHT="30" WC="0.96" CONTENT="kostnader"/><SP WIDTH="32" VPOS="758" HPOS="777"/>
							<String ID="string_96" HPOS="809" VPOS="769" WIDTH="76" HEIGHT="21" WC="0.94" CONTENT="som"/><SP WIDTH="28" VPOS="769" HPOS="885"/>
							<String ID="string_97" HPOS="913" VPOS="761" WIDTH="106" HEIGHT="40" WC="0.96" CONTENT="enligt"/><SP WIDTH="27" VPOS="761" HPOS="1019"/>
							<String ID="string_98" HPOS="1046" VPOS="763" WIDTH="129" HEIGHT="30" WC="0.96" CONTENT="hittills"/><SP WIDTH="31" VPOS="763" HPOS="1175"/>
							<String ID="string_99" HPOS="1206" VPOS="764" WIDTH="183" HEIGHT="41" WC="0.96" CONTENT="tillämpad"/><SP WIDTH="29" VPOS="764" HPOS="1389"/>
							<String ID="string_100" HPOS="1418" VPOS="767" WIDTH="118" HEIGHT="39" WC="0.96" CONTENT="praxis"/><SP WIDTH="29" VPOS="767" HPOS="1536"/>
							<String ID="string_101" HPOS="1565" VPOS="768" WIDTH="175" HEIGHT="32" WC="0.96" CONTENT="beräknas"/>
						</TextLine>
						<TextLine ID="line_11" HPOS="253" VPOS="806" WIDTH="1487" HEIGHT="47">
							<String ID="string_102" HPOS="253" VPOS="806" WIDTH="142" HEIGHT="30" WC="0.95" CONTENT="komma"/><SP WIDTH="27" VPOS="806" HPOS="395"/>
							<String ID="string_103" HPOS="422" VPOS="810" WIDTH="50" HEIGHT="27" WC="0.96" CONTENT="att"/><SP WIDTH="23" VPOS="810" HPOS="472"/>
							<String ID="string_104" HPOS="495" VPOS="810" WIDTH="134" HEIGHT="29" WC="0.96" CONTENT="betalas"/><SP WIDTH="27" VPOS="810" HPOS="629"/>
							<String ID="string_105" HPOS="656" VPOS="812" WIDTH="42" HEIGHT="28" WC="0.92" CONTENT="fr."/><SP WIDTH="27" VPOS="812" HPOS="698"/>
							<String ID="string_106" HPOS="725" VPOS="821" WIDTH="28" HEIGHT="20" WC="0.90" CONTENT="o."/><SP WIDTH="26" VPOS="821" HPOS="753"/>
							<String ID="string_107" HPOS="779" VPOS="822" WIDTH="45" HEIGHT="20" WC="0.92" CONTENT="m."/><SP WIDTH="26" VPOS="822" HPOS="824"/>
							<String ID="string_108" HPOS="850" VPOS="813" WIDTH="207" HEIGHT="40" WC="0.93" CONTENT="budgetåret"/><SP WIDTH="27" VPOS="813" HPOS="1057"/>
							<String ID="string_109" HPOS="1084" VPOS="816" WIDTH="152" HEIGHT="32" WC="0.92" CONTENT="1955/56."/><SP WIDTH="37" VPOS="816" HPOS="1236"/>
							<String ID="string_110" HPOS="1273" VPOS="818" WIDTH="118" HEIGHT="31" WC="0.96" CONTENT="Under"/><SP WIDTH="24" VPOS="818" HPOS="1391"/>
							<String ID="string_111" HPOS="1415" VPOS="821" WIDTH="116" HEIGHT="30" WC="0.93" CONTENT="denna"/><SP WIDTH="27" VPOS="821" HPOS="1531"/>
							<String ID="string_112" HPOS="1558" VPOS="822" WIDTH="182" HEIGHT="31" WC="0.92" CONTENT="förutsätt-"/>
						</TextLine>
						<TextLine ID="line_12" HPOS="253" VPOS="859" WIDTH="1221" HEIGHT="54">
							<String ID="string_113" HPOS="253" VPOS="859" WIDTH="83" HEIGHT="39" WC="0.96" CONTENT="ning"/><SP WIDTH="24" VPOS="859" HPOS="336"/>
							<String ID="string_114" HPOS="360" VPOS="869" WIDTH="102" HEIGHT="21" WC="0.96" CONTENT="anses"/><SP WIDTH="24" VPOS="869" HPOS="462"/>
							<String ID="string_115" HPOS="486" VPOS="863" WIDTH="157" HEIGHT="39" WC="0.96" CONTENT="anslaget"/><SP WIDTH="23" VPOS="863" HPOS="643"/>
							<String ID="string_116" HPOS="666" VPOS="864" WIDTH="122" HEIGHT="30" WC="0.96" CONTENT="kunna"/><SP WIDTH="23" VPOS="864" HPOS="788"/>
							<String ID="string_117" HPOS="811" VPOS="868" WIDTH="171" HEIGHT="38" WC="0.96" CONTENT="upptagas"/><SP WIDTH="25" VPOS="868" HPOS="982"/>
							<String ID="string_118" HPOS="1007" VPOS="870" WIDTH="79" HEIGHT="29" WC="0.96" CONTENT="med"/><SP WIDTH="24" VPOS="870" HPOS="1086"/>
							<String ID="string_119" HPOS="1110" VPOS="870" WIDTH="205" HEIGHT="31" WC="0.96" CONTENT="oförändrat"/><SP WIDTH="22" VPOS="870" HPOS="1315"/>
							<String ID="string_120" HPOS="1337" VPOS="872" WIDTH="137" HEIGHT="41" WC="0.96" CONTENT="belopp."/>
						</TextLine>
					</TextBlock>
				</ComposedBlock>
				<ComposedBlock ID="cblock_3" HPOS="250" VPOS="966" WIDTH="1488" HEIGHT="217">
					<TextBlock ID="block_3" HPOS="250" VPOS="966" WIDTH="1488" HEIGHT="217">
						<TextLine ID="line_13" HPOS="306" VPOS="966" WIDTH="1432" HEIGHT="55">
							<String ID="string_121" HPOS="306" VPOS="966" WIDTH="185" HEIGHT="38" WC="0.96" CONTENT="Utskottet,"/><SP WIDTH="22" VPOS="966" HPOS="491"/>
							<String ID="string_122" HPOS="513" VPOS="978" WIDTH="75" HEIGHT="20" WC="0.96" CONTENT="som"/><SP WIDTH="19" VPOS="978" HPOS="588"/>
							<String ID="string_123" HPOS="607" VPOS="971" WIDTH="77" HEIGHT="28" WC="0.96" CONTENT="icke"/><SP WIDTH="21" VPOS="971" HPOS="684"/>
							<String ID="string_124" HPOS="705" VPOS="972" WIDTH="118" HEIGHT="29" WC="0.96" CONTENT="funnit"/><SP WIDTH="21" VPOS="972" HPOS="823"/>
							<String ID="string_125" HPOS="844" VPOS="973" WIDTH="188" HEIGHT="40" WC="0.96" CONTENT="anledning"/><SP WIDTH="19" VPOS="973" HPOS="1032"/>
							<String ID="string_126" HPOS="1051" VPOS="976" WIDTH="53" HEIGHT="28" WC="0.96" CONTENT="till"/><SP WIDTH="20" VPOS="976" HPOS="1104"/>
							<String ID="string_127" HPOS="1124" VPOS="977" WIDTH="141" HEIGHT="29" WC="0.96" CONTENT="erinran"/><SP WIDTH="20" VPOS="977" HPOS="1265"/>
							<String ID="string_128" HPOS="1285" VPOS="981" WIDTH="73" HEIGHT="27" WC="0.96" CONTENT="mot"/><SP WIDTH="20" VPOS="981" HPOS="1358"/>
							<String ID="string_129" HPOS="1378" VPOS="980" WIDTH="125" HEIGHT="40" WC="0.96" CONTENT="Kungl."/><SP WIDTH="22" VPOS="980" HPOS="1503"/>
							<String ID="string_130" HPOS="1525" VPOS="981" WIDTH="124" HEIGHT="40" WC="0.93" CONTENT="Maj:ts"/><SP WIDTH="20" VPOS="981" HPOS="1649"/>
							<String ID="string_131" HPOS="1669" VPOS="982" WIDTH="69" HEIGHT="31" WC="0.92" CONTENT="för-"/>
						</TextLine>
						<TextLine ID="line_14" HPOS="250" VPOS="1019" WIDTH="320" HEIGHT="38">
							<String ID="string_132" HPOS="250" VPOS="1019" WIDTH="82" HEIGHT="38" WC="0.95" CONTENT="slag,"/><SP WIDTH="25" VPOS="1019" HPOS="332"/>
							<String ID="string_133" HPOS="357" VPOS="1020" WIDTH="213" HEIGHT="36" WC="0.96" CONTENT="hemställer,"/>
						</TextLine>
						<TextLine ID="line_15" HPOS="558" VPOS="1086" WIDTH="1179" HEIGHT="48">
							<String ID="string_134" HPOS="558" VPOS="1086" WIDTH="50" HEIGHT="27" WC="0.96" CONTENT="att"/><SP WIDTH="23" VPOS="1086" HPOS="608"/>
							<String ID="string_135" HPOS="631" VPOS="1086" WIDTH="186" HEIGHT="39" WC="0.96" CONTENT="riksdagen"/><SP WIDTH="23" VPOS="1086" HPOS="817"/>
							<String ID="string_136" HPOS="840" VPOS="1088" WIDTH="58" HEIGHT="29" WC="0.96" CONTENT="må"/><SP WIDTH="21" VPOS="1088" HPOS="898"/>
							<String ID="string_137" HPOS="919" VPOS="1089" WIDTH="52" HEIGHT="29" WC="0.96" CONTENT="till"/><SP WIDTH="22" VPOS="1089" HPOS="971"/>
							<String ID="string_138" HPOS="993" VPOS="1090" WIDTH="107" HEIGHT="30" WC="0.96" CONTENT="Extra"/><SP WIDTH="24" VPOS="1090" HPOS="1100"/>
							<String ID="string_139" HPOS="1124" VPOS="1092" WIDTH="144" HEIGHT="39" WC="0.96" CONTENT="utgifter"/><SP WIDTH="21" VPOS="1092" HPOS="1268"/>
							<String ID="string_140" HPOS="1289" VPOS="1093" WIDTH="55" HEIGHT="30" WC="0.96" CONTENT="för"/><SP WIDTH="21" VPOS="1093" HPOS="1344"/>
							<String ID="string_141" HPOS="1365" VPOS="1095" WIDTH="206" HEIGHT="39" WC="0.93" CONTENT="budgetåret"/><SP WIDTH="24" VPOS="1095" HPOS="1571"/>
							<String ID="string_142" HPOS="1595" VPOS="1097" WIDTH="142" HEIGHT="32" WC="0.92" CONTENT="1955/56"/>
						</TextLine>
						<TextLine ID="line_16" HPOS="514" VPOS="1138" WIDTH="954" HEIGHT="45">
							<String ID="string_143" HPOS="514" VPOS="1138" WIDTH="120" HEIGHT="29" WC="0.96" CONTENT="anvisa"/><SP WIDTH="27" VPOS="1138" HPOS="634"/>
							<String ID="string_144" HPOS="661" VPOS="1140" WIDTH="47" HEIGHT="28" WC="0.90" CONTENT="ett"/><SP WIDTH="26" VPOS="1140" HPOS="708"/>
							<String ID="string_145" HPOS="734" VPOS="1141" WIDTH="356" HEIGHT="42" WC="0.90" CONTENT="reservationsanslag"/><SP WIDTH="26" VPOS="1141" HPOS="1090"/>
							<String ID="string_146" HPOS="1116" VPOS="1154" WIDTH="42" HEIGHT="20" WC="0.96" CONTENT="av"/><SP WIDTH="26" VPOS="1154" HPOS="1158"/>
							<String ID="string_147" HPOS="1184" VPOS="1145" WIDTH="40" HEIGHT="29" WC="0.96" CONTENT="50"/><SP WIDTH="15" VPOS="1145" HPOS="1224"/>
							<String ID="string_148" HPOS="1239" VPOS="1145" WIDTH="62" HEIGHT="30" WC="0.96" CONTENT="000"/><SP WIDTH="27" VPOS="1145" HPOS="1301"/>
							<String ID="string_149" HPOS="1328" VPOS="1147" WIDTH="140" HEIGHT="31" WC="0.96" CONTENT="kronor."/>
						</TextLine>
					</TextBlock>
				</ComposedBlock>
				<ComposedBlock ID="cblock_4" HPOS="778" VPOS="1302" WIDTH="422" HEIGHT="60">
					<TextBlock ID="block_4" HPOS="778" VPOS="1302" WIDTH="422" HEIGHT="60">
						<TextLine ID="line_17" HPOS="778" VPOS="1302" WIDTH="422" HEIGHT="60">
							<String ID="string_150" HPOS="778" VPOS="1302" WIDTH="257" HEIGHT="57" WC="0.92" CONTENT="Uppskjutna"/><SP WIDTH="32" VPOS="1302" HPOS="1035"/>
							<String ID="string_151" HPOS="1067" VPOS="1305" WIDTH="133" HEIGHT="57" WC="0.96" CONTENT="frågor"/>
						</TextLine>
					</TextBlock>
				</ComposedBlock>
				<ComposedBlock ID="cblock_5" HPOS="244" VPOS="1390" WIDTH="1492" HEIGHT="465">
					<TextBlock ID="block_5" HPOS="247" VPOS="1390" WIDTH="1489" HEIGHT="147">
						<TextLine ID="line_18" HPOS="303" VPOS="1390" WIDTH="1433" HEIGHT="52">
							<String ID="string_152" HPOS="303" VPOS="1390" WIDTH="97" HEIGHT="34" WC="0.92" CONTENT="71:0)"/><SP WIDTH="31" VPOS="1390" HPOS="400"/>
							<String ID="string_153" HPOS="431" VPOS="1392" WIDTH="175" HEIGHT="31" WC="0.96" CONTENT="Utskottet"/><SP WIDTH="39" VPOS="1392" HPOS="606"/>
							<String ID="string_154" HPOS="645" VPOS="1396" WIDTH="158" HEIGHT="30" WC="0.88" CONTENT="kommer"/><SP WIDTH="38" VPOS="1396" HPOS="803"/>
							<String ID="string_155" HPOS="841" VPOS="1398" WIDTH="187" HEIGHT="31" WC="0.88" CONTENT="framdeles"/><SP WIDTH="40" VPOS="1398" HPOS="1028"/>
							<String ID="string_156" HPOS="1068" VPOS="1403" WIDTH="50" HEIGHT="27" WC="0.95" CONTENT="att"/><SP WIDTH="38" VPOS="1403" HPOS="1118"/>
							<String ID="string_157" HPOS="1156" VPOS="1403" WIDTH="121" HEIGHT="39" WC="0.92" CONTENT="avgiva"/><SP WIDTH="28" VPOS="1403" HPOS="1277"/>
							<String ID="string_158" HPOS="1305" VPOS="1404" WIDTH="181" HEIGHT="32" WC="0.96" CONTENT="utlåtande"/><SP WIDTH="27" VPOS="1404" HPOS="1486"/>
							<String ID="string_159" HPOS="1513" VPOS="1407" WIDTH="223" HEIGHT="31" WC="0.96" CONTENT="beträffande"/>
						</TextLine>
						<TextLine ID="line_19" HPOS="247" VPOS="1444" WIDTH="1487" HEIGHT="56">
							<String ID="string_160" HPOS="247" VPOS="1444" WIDTH="270" HEIGHT="31" WC="0.91" CONTENT="nedannämnda"/><SP WIDTH="21" VPOS="1444" HPOS="517"/>
							<String ID="string_161" HPOS="538" VPOS="1456" WIDTH="41" HEIGHT="20" WC="0.96" CONTENT="av"/><SP WIDTH="21" VPOS="1456" HPOS="579"/>
							<String ID="string_162" HPOS="600" VPOS="1448" WIDTH="125" HEIGHT="39" WC="0.94" CONTENT="Kungl."/><SP WIDTH="21" VPOS="1448" HPOS="725"/>
							<String ID="string_163" HPOS="746" VPOS="1450" WIDTH="105" HEIGHT="39" WC="0.96" CONTENT="Maj:t"/><SP WIDTH="21" VPOS="1450" HPOS="851"/>
							<String ID="string_164" HPOS="872" VPOS="1453" WIDTH="110" HEIGHT="29" WC="0.96" CONTENT="under"/><SP WIDTH="20" VPOS="1453" HPOS="982"/>
							<String ID="string_165" HPOS="1002" VPOS="1453" WIDTH="157" HEIGHT="40" WC="0.95" CONTENT="följande"/><SP WIDTH="20" VPOS="1453" HPOS="1159"/>
							<String ID="string_166" HPOS="1179" VPOS="1457" WIDTH="152" HEIGHT="38" WC="0.96" CONTENT="punkter"/><SP WIDTH="20" VPOS="1457" HPOS="1331"/>
							<String ID="string_167" HPOS="1351" VPOS="1458" WIDTH="222" HEIGHT="32" WC="0.96" CONTENT="framställda"/><SP WIDTH="19" VPOS="1458" HPOS="1573"/>
							<String ID="string_168" HPOS="1592" VPOS="1461" WIDTH="142" HEIGHT="39" WC="0.96" CONTENT="förslag,"/>
						</TextLine>
						<TextLine ID="line_20" HPOS="247" VPOS="1497" WIDTH="176" HEIGHT="40">
							<String ID="string_169" HPOS="247" VPOS="1497" WIDTH="176" HEIGHT="40" WC="0.95" CONTENT="nämligen"/>
						</TextLine>
					</TextBlock>
					<TextBlock ID="block_6" HPOS="297" VPOS="1551" WIDTH="1219" HEIGHT="53">
						<TextLine ID="line_21" HPOS="297" VPOS="1551" WIDTH="1219" HEIGHT="53">
							<String ID="string_170" HPOS="297" VPOS="1551" WIDTH="160" HEIGHT="38" WC="0.96" CONTENT="punkten"/><SP WIDTH="26" VPOS="1551" HPOS="457"/>
							<String ID="string_171" HPOS="483" VPOS="1553" WIDTH="19" HEIGHT="28" WC="0.92" CONTENT="3"/><SP WIDTH="30" VPOS="1553" HPOS="502"/>
							<String ID="string_172" HPOS="532" VPOS="1553" WIDTH="105" HEIGHT="40" WC="0.91" CONTENT="(Väg-"/><SP WIDTH="25" VPOS="1553" HPOS="637"/>
							<String ID="string_173" HPOS="662" VPOS="1556" WIDTH="65" HEIGHT="28" WC="0.96" CONTENT="och"/><SP WIDTH="24" VPOS="1556" HPOS="727"/>
							<String ID="string_174" HPOS="751" VPOS="1558" WIDTH="488" HEIGHT="42" WC="0.91" CONTENT="vattenbyggnadsstyrelsen:"/><SP WIDTH="27" VPOS="1558" HPOS="1239"/>
							<String ID="string_175" HPOS="1266" VPOS="1563" WIDTH="250" HEIGHT="41" WC="0.87" CONTENT="Avlöningar);"/>
						</TextLine>
					</TextBlock>
					<TextBlock ID="block_7" HPOS="298" VPOS="1603" WIDTH="1241" HEIGHT="59">
						<TextLine ID="line_22" HPOS="298" VPOS="1603" WIDTH="1241" HEIGHT="59">
							<String ID="string_176" HPOS="298" VPOS="1603" WIDTH="160" HEIGHT="39" WC="0.96" CONTENT="punkten"/><SP WIDTH="26" VPOS="1603" HPOS="458"/>
							<String ID="string_177" HPOS="484" VPOS="1606" WIDTH="19" HEIGHT="28" WC="0.91" CONTENT="4"/><SP WIDTH="30" VPOS="1606" HPOS="503"/>
							<String ID="string_178" HPOS="533" VPOS="1606" WIDTH="105" HEIGHT="40" WC="0.91" CONTENT="(Väg-"/><SP WIDTH="17" VPOS="1606" HPOS="638"/>
							<String ID="string_179" HPOS="655" VPOS="1609" WIDTH="64" HEIGHT="29" WC="0.93" CONTENT="och"/><SP WIDTH="16" VPOS="1609" HPOS="719"/>
							<String ID="string_180" HPOS="735" VPOS="1611" WIDTH="488" HEIGHT="42" WC="0.91" CONTENT="vattenbyggnadsstyrelsen:"/><SP WIDTH="20" VPOS="1611" HPOS="1223"/>
							<String ID="string_181" HPOS="1243" VPOS="1612" WIDTH="271" HEIGHT="50" WC="0.61" CONTENT="Omkostnader)"/><SP WIDTH="18" VPOS="1612" HPOS="1514"/>
							<String ID="string_182" HPOS="1532" VPOS="1629" WIDTH="7" HEIGHT="25" WC="0.61" CONTENT=";"/>
						</TextLine>
					</TextBlock>
					<TextBlock ID="block_8" HPOS="297" VPOS="1657" WIDTH="1042" HEIGHT="50">
						<TextLine ID="line_23" HPOS="297" VPOS="1657" WIDTH="1042" HEIGHT="50">
							<String ID="string_183" HPOS="297" VPOS="1657" WIDTH="161" HEIGHT="38" WC="0.96" CONTENT="punkten"/><SP WIDTH="25" VPOS="1657" HPOS="458"/>
							<String ID="string_184" HPOS="483" VPOS="1660" WIDTH="19" HEIGHT="28" WC="0.88" CONTENT="3"/><SP WIDTH="31" VPOS="1660" HPOS="502"/>
							<String ID="string_185" HPOS="533" VPOS="1660" WIDTH="409" HEIGHT="43" WC="0.91" CONTENT="(Vägförvaltningarna:"/><SP WIDTH="28" VPOS="1660" HPOS="942"/>
							<String ID="string_186" HPOS="970" VPOS="1665" WIDTH="250" HEIGHT="42" WC="0.91" CONTENT="Avlöningar);"/><SP WIDTH="29" VPOS="1665" HPOS="1220"/>
							<String ID="string_187" HPOS="1249" VPOS="1673" WIDTH="90" HEIGHT="27" WC="0.96" CONTENT="samt"/>
						</TextLine>
					</TextBlock>
					<TextBlock ID="block_9" HPOS="244" VPOS="1710" WIDTH="1021" HEIGHT="101">
						<TextLine ID="line_24" HPOS="297" VPOS="1710" WIDTH="968" HEIGHT="51">
							<String ID="string_188" HPOS="297" VPOS="1710" WIDTH="160" HEIGHT="38" WC="0.96" CONTENT="punkten"/><SP WIDTH="26" VPOS="1710" HPOS="457"/>
							<String ID="string_189" HPOS="483" VPOS="1713" WIDTH="19" HEIGHT="28" WC="0.96" CONTENT="6"/><SP WIDTH="30" VPOS="1713" HPOS="502"/>
							<String ID="string_190" HPOS="532" VPOS="1713" WIDTH="410" HEIGHT="42" WC="0.90" CONTENT="(Vägförvaltningarna:"/><SP WIDTH="28" VPOS="1713" HPOS="942"/>
							<String ID="string_191" HPOS="970" VPOS="1714" WIDTH="259" HEIGHT="47" WC="0.67" CONTENT="Omkostnader)"/><SP WIDTH="21" VPOS="1714" HPOS="1229"/>
							<String ID="string_192" HPOS="1250" VPOS="1721" WIDTH="15" HEIGHT="36" WC="0.92" CONTENT=";"/>
						</TextLine>
						<TextLine ID="line_25" HPOS="244" VPOS="1762" WIDTH="835" HEIGHT="49">
							<String ID="string_193" HPOS="244" VPOS="1762" WIDTH="107" HEIGHT="30" WC="0.96" CONTENT="vilket"/><SP WIDTH="23" VPOS="1762" HPOS="351"/>
							<String ID="string_194" HPOS="374" VPOS="1764" WIDTH="170" HEIGHT="31" WC="0.96" CONTENT="utskottet"/><SP WIDTH="22" VPOS="1764" HPOS="544"/>
							<String ID="string_195" HPOS="566" VPOS="1767" WIDTH="147" HEIGHT="30" WC="0.96" CONTENT="härmed"/><SP WIDTH="24" VPOS="1767" HPOS="713"/>
							<String ID="string_196" HPOS="737" VPOS="1768" WIDTH="53" HEIGHT="30" WC="0.96" CONTENT="får"/><SP WIDTH="24" VPOS="1768" HPOS="790"/>
							<String ID="string_197" HPOS="814" VPOS="1770" WIDTH="54" HEIGHT="29" WC="0.96" CONTENT="för"/><SP WIDTH="23" VPOS="1770" HPOS="868"/>
							<String ID="string_198" HPOS="891" VPOS="1770" WIDTH="188" HEIGHT="41" WC="0.96" CONTENT="riksdagen"/>
						</TextLine>
					</TextBlock>
					<TextBlock ID="block_10" HPOS="913" VPOS="1826" WIDTH="149" HEIGHT="29">
						<TextLine ID="line_26" HPOS="913" VPOS="1826" WIDTH="149" HEIGHT="29">
							<String ID="string_199" HPOS="913" VPOS="1826" WIDTH="149" HEIGHT="29" WC="0.95" CONTENT="anmäla."/>
						</TextLine>
					</TextBlock>
				</ComposedBlock>
				<ComposedBlock ID="cblock_6" HPOS="298" VPOS="1887" WIDTH="947" HEIGHT="139">
					<TextBlock ID="block_11" HPOS="298" VPOS="1887" WIDTH="947" HEIGHT="139">
						<TextLine ID="line_27" HPOS="298" VPOS="1887" WIDTH="584" HEIGHT="44">
							<String ID="string_200" HPOS="298" VPOS="1887" WIDTH="202" HEIGHT="30" WC="0.96" CONTENT="Stockholm"/><SP WIDTH="26" VPOS="1887" HPOS="500"/>
							<String ID="string_201" HPOS="526" VPOS="1891" WIDTH="66" HEIGHT="28" WC="0.95" CONTENT="den"/><SP WIDTH="28" VPOS="1891" HPOS="592"/>
							<String ID="string_202" HPOS="620" VPOS="1892" WIDTH="39" HEIGHT="28" WC="0.94" CONTENT="19"/><SP WIDTH="26" VPOS="1892" HPOS="659"/>
							<String ID="string_203" HPOS="685" VPOS="1893" WIDTH="87" HEIGHT="38" WC="0.94" CONTENT="april"/><SP WIDTH="28" VPOS="1893" HPOS="772"/>
							<String ID="string_204" HPOS="800" VPOS="1893" WIDTH="82" HEIGHT="31" WC="0.96" CONTENT="1955"/>
						</TextLine>
						<TextLine ID="line_28" HPOS="724" VPOS="1981" WIDTH="521" HEIGHT="45">
							<String ID="string_205" HPOS="724" VPOS="1981" WIDTH="47" HEIGHT="29" WC="0.93" CONTENT="På"/><SP WIDTH="26" VPOS="1981" HPOS="771"/>
							<String ID="string_206" HPOS="797" VPOS="1983" WIDTH="277" HEIGHT="31" WC="0.91" CONTENT="statsutskottets"/><SP WIDTH="25" VPOS="1983" HPOS="1074"/>
							<String ID="string_207" HPOS="1099" VPOS="1988" WIDTH="146" HEIGHT="38" WC="0.96" CONTENT="vägnar:"/>
						</TextLine>
					</TextBlock>
				</ComposedBlock>
				<ComposedBlock ID="cblock_7" HPOS="768" VPOS="2070" WIDTH="433" HEIGHT="35">
					<TextBlock ID="block_12" HPOS="768" VPOS="2070" WIDTH="433" HEIGHT="35">
						<TextLine ID="line_29" HPOS="768" VPOS="2070" WIDTH="433" HEIGHT="35">
							<String ID="string_208" HPOS="768" VPOS="2070" WIDTH="172" HEIGHT="31" WC="0.96" CONTENT="MARTIN"/><SP WIDTH="26" VPOS="2070" HPOS="940"/>
							<String ID="string_209" HPOS="966" VPOS="2073" WIDTH="235" HEIGHT="32" WC="0.96" CONTENT="SKOGLUND"/>
						</TextLine>
					</TextBlock>
				</ComposedBlock>
				<GraphicalElement ID="cblock_8" HPOS="852" VPOS="2170" WIDTH="265" HEIGHT="12"></GraphicalElement >
				<ComposedBlock ID="cblock_9" HPOS="296" VPOS="2268" WIDTH="1344" HEIGHT="49">
					<TextBlock ID="block_13" HPOS="296" VPOS="2268" WIDTH="1344" HEIGHT="49">
						<TextLine ID="line_30" HPOS="296" VPOS="2268" WIDTH="1344" HEIGHT="49">
							<String ID="string_210" HPOS="296" VPOS="2268" WIDTH="64" HEIGHT="29" WC="0.96" CONTENT="Vid"/><SP WIDTH="22" VPOS="2268" HPOS="360"/>
							<String ID="string_211" HPOS="382" VPOS="2269" WIDTH="220" HEIGHT="38" WC="0.93" CONTENT="förestående"/><SP WIDTH="25" VPOS="2269" HPOS="602"/>
							<String ID="string_212" HPOS="627" VPOS="2272" WIDTH="145" HEIGHT="30" WC="0.92" CONTENT="ärendes"/><SP WIDTH="24" VPOS="2272" HPOS="772"/>
							<String ID="string_213" HPOS="796" VPOS="2274" WIDTH="286" HEIGHT="43" WC="0.91" CONTENT="slutbehandling"/><SP WIDTH="24" VPOS="2274" HPOS="1082"/>
							<String ID="string_214" HPOS="1106" VPOS="2278" WIDTH="93" HEIGHT="31" WC="0.96" CONTENT="inom"/><SP WIDTH="26" VPOS="2278" HPOS="1199"/>
							<String ID="string_215" HPOS="1225" VPOS="2281" WIDTH="170" HEIGHT="30" WC="0.96" CONTENT="utskottet"/><SP WIDTH="21" VPOS="2281" HPOS="1395"/>
							<String ID="string_216" HPOS="1416" VPOS="2283" WIDTH="45" HEIGHT="30" WC="0.93" CONTENT="ha"/><SP WIDTH="23" VPOS="2283" HPOS="1461"/>
							<String ID="string_217" HPOS="1484" VPOS="2285" WIDTH="156" HEIGHT="30" WC="0.92" CONTENT="närvarit"/>
						</TextLine>
					</TextBlock>
				</ComposedBlock>
				<ComposedBlock ID="cblock_10" HPOS="237" VPOS="2329" WIDTH="1490" HEIGHT="171">
					<TextBlock ID="block_14" HPOS="237" VPOS="2329" WIDTH="1490" HEIGHT="171">
						<TextLine ID="line_31" HPOS="293" VPOS="2329" WIDTH="1433" HEIGHT="53">
							<String ID="string_218" HPOS="293" VPOS="2329" WIDTH="80" HEIGHT="30" WC="0.96" CONTENT="från"/><SP WIDTH="39" VPOS="2329" HPOS="373"/>
							<String ID="string_219" HPOS="412" VPOS="2331" WIDTH="139" HEIGHT="31" WC="0.96" CONTENT="första"/><SP WIDTH="38" VPOS="2331" HPOS="551"/>
							<String ID="string_220" HPOS="589" VPOS="2334" WIDTH="222" HEIGHT="31" WC="0.96" CONTENT="kammaren:"/><SP WIDTH="41" VPOS="2334" HPOS="811"/>
							<String ID="string_221" HPOS="852" VPOS="2337" WIDTH="122" HEIGHT="30" WC="0.96" CONTENT="herrar"/><SP WIDTH="37" VPOS="2337" HPOS="974"/>
							<String ID="string_222" HPOS="1011" VPOS="2340" WIDTH="84" HEIGHT="29" WC="0.95" CONTENT="Karl"/><SP WIDTH="39" VPOS="2340" HPOS="1095"/>
							<String ID="string_223" HPOS="1134" VPOS="2341" WIDTH="211" HEIGHT="37" WC="0.96" CONTENT="Andersson,"/><SP WIDTH="40" VPOS="2341" HPOS="1345"/>
							<String ID="string_224" HPOS="1385" VPOS="2344" WIDTH="124" HEIGHT="31" WC="0.96" CONTENT="Gustaf"/><SP WIDTH="38" VPOS="2344" HPOS="1509"/>
							<String ID="string_225" HPOS="1547" VPOS="2346" WIDTH="179" HEIGHT="36" WC="0.96" CONTENT="Karlsson,"/>
						</TextLine>
						<TextLine ID="line_32" HPOS="238" VPOS="2372" WIDTH="1489" HEIGHT="51">
							<String ID="string_226" HPOS="238" VPOS="2372" WIDTH="125" HEIGHT="35" WC="0.96" CONTENT="Ohlon,"/><SP WIDTH="23" VPOS="2372" HPOS="363"/>
							<String ID="string_227" HPOS="386" VPOS="2375" WIDTH="87" HEIGHT="29" WC="0.96" CONTENT="Iwar"/><SP WIDTH="21" VPOS="2375" HPOS="473"/>
							<String ID="string_228" HPOS="494" VPOS="2377" WIDTH="194" HEIGHT="35" WC="0.96" CONTENT="Anderson,"/><SP WIDTH="22" VPOS="2377" HPOS="688"/>
							<String ID="string_229" HPOS="710" VPOS="2379" WIDTH="165" HEIGHT="36" WC="0.96" CONTENT="Leander,"/><SP WIDTH="23" VPOS="2379" HPOS="875"/>
							<String ID="string_230" HPOS="898" VPOS="2382" WIDTH="155" HEIGHT="35" WC="0.96" CONTENT="Pålsson,"/><SP WIDTH="22" VPOS="2382" HPOS="1053"/>
							<String ID="string_231" HPOS="1075" VPOS="2384" WIDTH="215" HEIGHT="37" WC="0.96" CONTENT="Hesselbom,"/><SP WIDTH="23" VPOS="2384" HPOS="1290"/>
							<String ID="string_232" HPOS="1313" VPOS="2388" WIDTH="178" HEIGHT="35" WC="0.96" CONTENT="Sundelin,"/><SP WIDTH="22" VPOS="2388" HPOS="1491"/>
							<String ID="string_233" HPOS="1513" VPOS="2389" WIDTH="125" HEIGHT="32" WC="0.93" CONTENT="Gustaf"/><SP WIDTH="20" VPOS="2389" HPOS="1638"/>
							<String ID="string_234" HPOS="1658" VPOS="2392" WIDTH="69" HEIGHT="29" WC="0.92" CONTENT="An-"/>
						</TextLine>
						<TextLine ID="line_33" HPOS="237" VPOS="2417" WIDTH="1489" HEIGHT="54">
							<String ID="string_235" HPOS="237" VPOS="2417" WIDTH="155" HEIGHT="35" WC="0.92" CONTENT="dersson,"/><SP WIDTH="21" VPOS="2417" HPOS="392"/>
							<String ID="string_236" HPOS="413" VPOS="2419" WIDTH="107" HEIGHT="30" WC="0.96" CONTENT="Einar"/><SP WIDTH="20" VPOS="2419" HPOS="520"/>
							<String ID="string_237" HPOS="540" VPOS="2422" WIDTH="160" HEIGHT="34" WC="0.96" CONTENT="Persson,"/><SP WIDTH="21" VPOS="2422" HPOS="700"/>
							<String ID="string_238" HPOS="721" VPOS="2424" WIDTH="119" HEIGHT="30" WC="0.96" CONTENT="Alfred"/><SP WIDTH="20" VPOS="2424" HPOS="840"/>
							<String ID="string_239" HPOS="860" VPOS="2426" WIDTH="150" HEIGHT="35" WC="0.96" CONTENT="Nilsson,"/><SP WIDTH="21" VPOS="2426" HPOS="1010"/>
							<String ID="string_240" HPOS="1031" VPOS="2428" WIDTH="114" HEIGHT="35" WC="0.96" CONTENT="Thun,"/><SP WIDTH="20" VPOS="2428" HPOS="1145"/>
							<String ID="string_241" HPOS="1165" VPOS="2429" WIDTH="84" HEIGHT="30" WC="0.96" CONTENT="Erik"/><SP WIDTH="21" VPOS="2429" HPOS="1249"/>
							<String ID="string_242" HPOS="1270" VPOS="2431" WIDTH="182" HEIGHT="40" WC="0.96" CONTENT="Svedberg,"/><SP WIDTH="20" VPOS="2431" HPOS="1452"/>
							<String ID="string_243" HPOS="1472" VPOS="2433" WIDTH="73" HEIGHT="31" WC="0.96" CONTENT="Nils"/><SP WIDTH="20" VPOS="2433" HPOS="1545"/>
							<String ID="string_244" HPOS="1565" VPOS="2435" WIDTH="161" HEIGHT="30" WC="0.96" CONTENT="Theodor"/>
						</TextLine>
						<TextLine ID="line_34" HPOS="237" VPOS="2461" WIDTH="519" HEIGHT="39">
							<String ID="string_245" HPOS="237" VPOS="2461" WIDTH="152" HEIGHT="30" WC="0.96" CONTENT="Larsson"/><SP WIDTH="29" VPOS="2461" HPOS="389"/>
							<String ID="string_246" HPOS="418" VPOS="2464" WIDTH="63" HEIGHT="29" WC="0.96" CONTENT="och"/><SP WIDTH="30" VPOS="2464" HPOS="481"/>
							<String ID="string_247" HPOS="511" VPOS="2466" WIDTH="122" HEIGHT="34" WC="0.96" CONTENT="Svärd;"/><SP WIDTH="34" VPOS="2466" HPOS="633"/>
							<String ID="string_248" HPOS="667" VPOS="2470" WIDTH="89" HEIGHT="27" WC="0.96" CONTENT="samt"/>
						</TextLine>
					</TextBlock>
				</ComposedBlock>
			</PrintSpace>
		</Page>
	</Layout>
</alto>
