<?xml version="1.0" encoding="UTF-8"?>
<alto xmlns="http://www.loc.gov/standards/alto/ns-v3#" xmlns:xlink="http://www.w3.org/1999/xlink" xmlns:xsi="http://www.w3.org/2001/XMLSchema-instance" xsi:schemaLocation="http://www.loc.gov/standards/alto/ns-v3# http://www.loc.gov/alto/v3/alto-3-0.xsd">
	<Description>
		<MeasurementUnit>pixel</MeasurementUnit>
		<sourceImageInformation>
			<fileName>/tmp/tess_ts8cfusg_input.PNG</fileName>
		</sourceImageInformation>
		<OCRProcessing ID="OCR_0">
			<ocrProcessingStep>
				<processingSoftware>
					<softwareName>tesseract 5.3.0</softwareName>
				</processingSoftware>
			</ocrProcessingStep>
		</OCRProcessing>
	</Description>
	<Layout>
		<Page WIDTH="1892" HEIGHT="2788" PHYSICAL_IMG_NR="0" ID="page_0">
			<PrintSpace HPOS="0" VPOS="0" WIDTH="1892" HEIGHT="2788">
				<ComposedBlock ID="cblock_0" HPOS="542" VPOS="141" WIDTH="1096" HEIGHT="37">
					<TextBlock ID="block_0" HPOS="542" VPOS="141" WIDTH="1096" HEIGHT="37">
						<TextLine ID="line_0" HPOS="542" VPOS="141" WIDTH="1096" HEIGHT="37">
							<String ID="string_0" HPOS="542" VPOS="149" WIDTH="253" HEIGHT="29" WC="0.91" CONTENT="Statsutskottets"/><SP WIDTH="25" VPOS="149" HPOS="795"/>
							<String ID="string_1" HPOS="820" VPOS="146" WIDTH="161" HEIGHT="28" WC="0.96" CONTENT="utlåtande"/><SP WIDTH="23" VPOS="146" HPOS="981"/>
							<String ID="string_2" HPOS="1004" VPOS="154" WIDTH="40" HEIGHT="19" WC="0.96" CONTENT="nr"/><SP WIDTH="22" VPOS="154" HPOS="1044"/>
							<String ID="string_3" HPOS="1066" VPOS="146" WIDTH="16" HEIGHT="26" WC="0.96" CONTENT="6"/><SP WIDTH="23" VPOS="146" HPOS="1082"/>
							<String ID="string_4" HPOS="1105" VPOS="145" WIDTH="38" HEIGHT="27" WC="0.96" CONTENT="år"/><SP WIDTH="21" VPOS="145" HPOS="1143"/>
							<String ID="string_5" HPOS="1164" VPOS="144" WIDTH="76" HEIGHT="27" WC="0.90" CONTENT="1955"/><SP WIDTH="356" VPOS="144" HPOS="1240"/>
							<String ID="string_6" HPOS="1596" VPOS="141" WIDTH="42" HEIGHT="31" WC="0.96" CONTENT="55"/>
						</TextLine>
					</TextBlock>
				</ComposedBlock>
				<ComposedBlock ID="cblock_1" HPOS="145" VPOS="220" WIDTH="1495" HEIGHT="259">
					<TextBlock ID="block_1" HPOS="145" VPOS="220" WIDTH="1494" HEIGHT="108">
						<TextLine ID="line_1" HPOS="145" VPOS="220" WIDTH="1494" HEIGHT="50">
							<String ID="string_7" HPOS="145" VPOS="244" WIDTH="42" HEIGHT="21" WC="0.96" CONTENT="av"/><SP WIDTH="19" VPOS="244" HPOS="187"/>
							<String ID="string_8" HPOS="206" VPOS="234" WIDTH="36" HEIGHT="30" WC="0.91" CONTENT="11"/><SP WIDTH="17" VPOS="234" HPOS="242"/>
							<String ID="string_9" HPOS="259" VPOS="233" WIDTH="64" HEIGHT="31" WC="0.93" CONTENT="300"/><SP WIDTH="19" VPOS="233" HPOS="323"/>
							<String ID="string_10" HPOS="342" VPOS="233" WIDTH="53" HEIGHT="30" WC="0.96" CONTENT="kr."/><SP WIDTH="19" VPOS="233" HPOS="395"/>
							<String ID="string_11" HPOS="414" VPOS="232" WIDTH="66" HEIGHT="30" WC="0.93" CONTENT="Till"/><SP WIDTH="18" VPOS="232" HPOS="480"/>
							<String ID="string_12" HPOS="498" VPOS="229" WIDTH="346" HEIGHT="41" WC="0.92" CONTENT="engångskostnader"/><SP WIDTH="18" VPOS="229" HPOS="844"/>
							<String ID="string_13" HPOS="862" VPOS="227" WIDTH="54" HEIGHT="30" WC="0.96" CONTENT="för"/><SP WIDTH="20" VPOS="227" HPOS="916"/>
							<String ID="string_14" HPOS="936" VPOS="225" WIDTH="232" HEIGHT="39" WC="0.96" CONTENT="anskaffning"/><SP WIDTH="17" VPOS="225" HPOS="1168"/>
							<String ID="string_15" HPOS="1185" VPOS="233" WIDTH="43" HEIGHT="21" WC="0.96" CONTENT="av"/><SP WIDTH="17" VPOS="233" HPOS="1228"/>
							<String ID="string_16" HPOS="1245" VPOS="222" WIDTH="206" HEIGHT="39" WC="0.93" CONTENT="erforderlig"/><SP WIDTH="17" VPOS="222" HPOS="1451"/>
							<String ID="string_17" HPOS="1468" VPOS="220" WIDTH="171" HEIGHT="30" WC="0.92" CONTENT="bildöver-"/>
						</TextLine>
						<TextLine ID="line_2" HPOS="147" VPOS="280" WIDTH="866" HEIGHT="48">
							<String ID="string_18" HPOS="147" VPOS="287" WIDTH="327" HEIGHT="41" WC="0.90" CONTENT="föringsapparatur"/><SP WIDTH="18" VPOS="287" HPOS="474"/>
							<String ID="string_19" HPOS="492" VPOS="285" WIDTH="97" HEIGHT="30" WC="0.96" CONTENT="torde"/><SP WIDTH="16" VPOS="285" HPOS="589"/>
							<String ID="string_20" HPOS="605" VPOS="284" WIDTH="85" HEIGHT="30" WC="0.96" CONTENT="böra"/><SP WIDTH="17" VPOS="284" HPOS="690"/>
							<String ID="string_21" HPOS="707" VPOS="291" WIDTH="99" HEIGHT="22" WC="0.95" CONTENT="avses"/><SP WIDTH="20" VPOS="291" HPOS="806"/>
							<String ID="string_22" HPOS="826" VPOS="281" WIDTH="39" HEIGHT="30" WC="0.96" CONTENT="79"/><SP WIDTH="14" VPOS="281" HPOS="865"/>
							<String ID="string_23" HPOS="879" VPOS="280" WIDTH="63" HEIGHT="31" WC="0.95" CONTENT="000"/><SP WIDTH="18" VPOS="280" HPOS="942"/>
							<String ID="string_24" HPOS="960" VPOS="280" WIDTH="53" HEIGHT="30" WC="0.96" CONTENT="kr."/>
						</TextLine>
					</TextBlock>
					<TextBlock ID="block_2" HPOS="147" VPOS="327" WIDTH="1493" HEIGHT="152">
						<TextLine ID="line_3" HPOS="201" VPOS="327" WIDTH="1439" HEIGHT="54">
							<String ID="string_25" HPOS="201" VPOS="342" WIDTH="14" HEIGHT="29" WC="0.96" CONTENT="I"/><SP WIDTH="28" VPOS="342" HPOS="215"/>
							<String ID="string_26" HPOS="243" VPOS="341" WIDTH="155" HEIGHT="40" WC="0.96" CONTENT="enlighet"/><SP WIDTH="27" VPOS="341" HPOS="398"/>
							<String ID="string_27" HPOS="425" VPOS="339" WIDTH="146" HEIGHT="31" WC="0.96" CONTENT="härmed"/><SP WIDTH="29" VPOS="339" HPOS="571"/>
							<String ID="string_28" HPOS="600" VPOS="337" WIDTH="113" HEIGHT="31" WC="0.96" CONTENT="skulle"/><SP WIDTH="28" VPOS="337" HPOS="713"/>
							<String ID="string_29" HPOS="741" VPOS="335" WIDTH="157" HEIGHT="39" WC="0.96" CONTENT="anslaget"/><SP WIDTH="27" VPOS="335" HPOS="898"/>
							<String ID="string_30" HPOS="925" VPOS="333" WIDTH="170" HEIGHT="41" WC="0.96" CONTENT="uppföras"/><SP WIDTH="29" VPOS="333" HPOS="1095"/>
							<String ID="string_31" HPOS="1124" VPOS="332" WIDTH="80" HEIGHT="30" WC="0.95" CONTENT="med"/><SP WIDTH="34" VPOS="332" HPOS="1204"/>
							<String ID="string_32" HPOS="1238" VPOS="330" WIDTH="80" HEIGHT="34" WC="0.95" CONTENT="(933"/><SP WIDTH="14" VPOS="330" HPOS="1318"/>
							<String ID="string_33" HPOS="1332" VPOS="329" WIDTH="64" HEIGHT="30" WC="0.93" CONTENT="400"/><SP WIDTH="12" VPOS="329" HPOS="1396"/>
							<String ID="string_34" HPOS="1408" VPOS="347" WIDTH="45" HEIGHT="3" WC="0.92" CONTENT="—"/><SP WIDTH="12" VPOS="347" HPOS="1453"/>
							<String ID="string_35" HPOS="1465" VPOS="328" WIDTH="41" HEIGHT="30" WC="0.96" CONTENT="28"/><SP WIDTH="14" VPOS="328" HPOS="1506"/>
							<String ID="string_36" HPOS="1520" VPOS="327" WIDTH="64" HEIGHT="30" WC="0.93" CONTENT="900"/><SP WIDTH="12" VPOS="327" HPOS="1584"/>
							<String ID="string_37" HPOS="1596" VPOS="344" WIDTH="44" HEIGHT="5" WC="0.91" CONTENT="—"/>
						</TextLine>
						<TextLine ID="line_4" HPOS="149" VPOS="380" WIDTH="1491" HEIGHT="47">
							<String ID="string_38" HPOS="149" VPOS="395" WIDTH="38" HEIGHT="31" WC="0.89" CONTENT="10"/><SP WIDTH="16" VPOS="395" HPOS="187"/>
							<String ID="string_39" HPOS="203" VPOS="394" WIDTH="61" HEIGHT="31" WC="0.89" CONTENT="100"/><SP WIDTH="13" VPOS="394" HPOS="264"/>
							<String ID="string_40" HPOS="277" VPOS="412" WIDTH="46" HEIGHT="4" WC="0.91" CONTENT="—"/><SP WIDTH="14" VPOS="412" HPOS="323"/>
							<String ID="string_41" HPOS="337" VPOS="394" WIDTH="39" HEIGHT="30" WC="0.95" CONTENT="17"/><SP WIDTH="15" VPOS="394" HPOS="376"/>
							<String ID="string_42" HPOS="391" VPOS="393" WIDTH="62" HEIGHT="30" WC="0.96" CONTENT="200"/><SP WIDTH="17" VPOS="393" HPOS="453"/>
							<String ID="string_43" HPOS="470" VPOS="398" WIDTH="28" HEIGHT="29" WC="0.95" CONTENT="+"/><SP WIDTH="18" VPOS="398" HPOS="498"/>
							<String ID="string_44" HPOS="516" VPOS="392" WIDTH="40" HEIGHT="30" WC="0.95" CONTENT="27"/><SP WIDTH="15" VPOS="392" HPOS="556"/>
							<String ID="string_45" HPOS="571" VPOS="391" WIDTH="63" HEIGHT="30" WC="0.92" CONTENT="200"/><SP WIDTH="16" VPOS="391" HPOS="634"/>
							<String ID="string_46" HPOS="650" VPOS="390" WIDTH="54" HEIGHT="35" WC="0.92" CONTENT="+4"/><SP WIDTH="13" VPOS="390" HPOS="704"/>
							<String ID="string_47" HPOS="717" VPOS="389" WIDTH="63" HEIGHT="31" WC="0.96" CONTENT="000"/><SP WIDTH="18" VPOS="389" HPOS="780"/>
							<String ID="string_48" HPOS="798" VPOS="394" WIDTH="29" HEIGHT="29" WC="0.90" CONTENT="+"/><SP WIDTH="17" VPOS="394" HPOS="827"/>
							<String ID="string_49" HPOS="844" VPOS="388" WIDTH="19" HEIGHT="31" WC="0.95" CONTENT="6"/><SP WIDTH="13" VPOS="388" HPOS="863"/>
							<String ID="string_50" HPOS="876" VPOS="387" WIDTH="63" HEIGHT="31" WC="0.96" CONTENT="200"/><SP WIDTH="16" VPOS="387" HPOS="939"/>
							<String ID="string_51" HPOS="955" VPOS="393" WIDTH="29" HEIGHT="29" WC="0.95" CONTENT="+"/><SP WIDTH="15" VPOS="393" HPOS="984"/>
							<String ID="string_52" HPOS="999" VPOS="386" WIDTH="63" HEIGHT="31" WC="0.96" CONTENT="600"/><SP WIDTH="17" VPOS="386" HPOS="1062"/>
							<String ID="string_53" HPOS="1079" VPOS="391" WIDTH="28" HEIGHT="29" WC="0.95" CONTENT="+"/><SP WIDTH="18" VPOS="391" HPOS="1107"/>
							<String ID="string_54" HPOS="1125" VPOS="386" WIDTH="36" HEIGHT="29" WC="0.89" CONTENT="11"/><SP WIDTH="17" VPOS="386" HPOS="1161"/>
							<String ID="string_55" HPOS="1178" VPOS="384" WIDTH="63" HEIGHT="31" WC="0.94" CONTENT="300"/><SP WIDTH="16" VPOS="384" HPOS="1241"/>
							<String ID="string_56" HPOS="1257" VPOS="389" WIDTH="29" HEIGHT="29" WC="0.92" CONTENT="+"/><SP WIDTH="17" VPOS="389" HPOS="1286"/>
							<String ID="string_57" HPOS="1303" VPOS="383" WIDTH="40" HEIGHT="31" WC="0.93" CONTENT="79"/><SP WIDTH="14" VPOS="383" HPOS="1343"/>
							<String ID="string_58" HPOS="1357" VPOS="382" WIDTH="80" HEIGHT="35" WC="0.96" CONTENT="000)"/><SP WIDTH="33" VPOS="382" HPOS="1437"/>
							<String ID="string_59" HPOS="1470" VPOS="381" WIDTH="93" HEIGHT="31" WC="0.79" CONTENT="1005"/><SP WIDTH="14" VPOS="381" HPOS="1563"/>
							<String ID="string_60" HPOS="1577" VPOS="380" WIDTH="63" HEIGHT="31" WC="0.79" CONTENT="500"/>
						</TextLine>
						<TextLine ID="line_5" HPOS="147" VPOS="450" WIDTH="72" HEIGHT="29">
							<String ID="string_61" HPOS="147" VPOS="450" WIDTH="72" HEIGHT="29" WC="0.54" CONTENT="kr.»"/>
						</TextLine>
					</TextBlock>
				</ComposedBlock>
				<ComposedBlock ID="cblock_2" HPOS="152" VPOS="541" WIDTH="1491" HEIGHT="263">
					<TextBlock ID="block_3" HPOS="152" VPOS="541" WIDTH="1491" HEIGHT="263">
						<TextLine ID="line_6" HPOS="207" VPOS="541" WIDTH="1434" HEIGHT="50">
							<String ID="string_62" HPOS="207" VPOS="555" WIDTH="187" HEIGHT="30" WC="0.96" CONTENT="Utskottet."/><SP WIDTH="30" VPOS="555" HPOS="394"/>
							<String ID="string_63" HPOS="424" VPOS="554" WIDTH="70" HEIGHT="29" WC="0.96" CONTENT="Mot"/><SP WIDTH="18" VPOS="554" HPOS="494"/>
							<String ID="string_64" HPOS="512" VPOS="552" WIDTH="126" HEIGHT="39" WC="0.94" CONTENT="Kungl."/><SP WIDTH="19" VPOS="552" HPOS="638"/>
							<String ID="string_65" HPOS="657" VPOS="551" WIDTH="124" HEIGHT="39" WC="0.96" CONTENT="Maj:ts"/><SP WIDTH="16" VPOS="551" HPOS="781"/>
							<String ID="string_66" HPOS="797" VPOS="549" WIDTH="135" HEIGHT="39" WC="0.96" CONTENT="förslag"/><SP WIDTH="17" VPOS="549" HPOS="932"/>
							<String ID="string_67" HPOS="949" VPOS="548" WIDTH="64" HEIGHT="30" WC="0.96" CONTENT="har"/><SP WIDTH="19" VPOS="548" HPOS="1013"/>
							<String ID="string_68" HPOS="1032" VPOS="546" WIDTH="170" HEIGHT="31" WC="0.96" CONTENT="utskottet"/><SP WIDTH="18" VPOS="546" HPOS="1202"/>
							<String ID="string_69" HPOS="1220" VPOS="545" WIDTH="77" HEIGHT="29" WC="0.96" CONTENT="icke"/><SP WIDTH="17" VPOS="545" HPOS="1297"/>
							<String ID="string_70" HPOS="1314" VPOS="543" WIDTH="121" HEIGHT="30" WC="0.96" CONTENT="funnit"/><SP WIDTH="18" VPOS="543" HPOS="1435"/>
							<String ID="string_71" HPOS="1453" VPOS="541" WIDTH="188" HEIGHT="38" WC="0.94" CONTENT="anledning"/>
						</TextLine>
						<TextLine ID="line_7" HPOS="152" VPOS="601" WIDTH="812" HEIGHT="37">
							<String ID="string_72" HPOS="152" VPOS="610" WIDTH="50" HEIGHT="28" WC="0.96" CONTENT="till"/><SP WIDTH="24" VPOS="610" HPOS="202"/>
							<String ID="string_73" HPOS="226" VPOS="609" WIDTH="154" HEIGHT="29" WC="0.95" CONTENT="erinran."/><SP WIDTH="25" VPOS="609" HPOS="380"/>
							<String ID="string_74" HPOS="405" VPOS="607" WIDTH="177" HEIGHT="30" WC="0.96" CONTENT="Utskottet"/><SP WIDTH="24" VPOS="607" HPOS="582"/>
							<String ID="string_75" HPOS="606" VPOS="604" WIDTH="203" HEIGHT="30" WC="0.96" CONTENT="hemställer"/><SP WIDTH="23" VPOS="604" HPOS="809"/>
							<String ID="string_76" HPOS="832" VPOS="601" WIDTH="132" HEIGHT="34" WC="0.96" CONTENT="därför,"/>
						</TextLine>
						<TextLine ID="line_8" HPOS="458" VPOS="656" WIDTH="348" HEIGHT="41">
							<String ID="string_77" HPOS="458" VPOS="661" WIDTH="53" HEIGHT="29" WC="0.96" CONTENT="att"/><SP WIDTH="24" VPOS="661" HPOS="511"/>
							<String ID="string_78" HPOS="535" VPOS="659" WIDTH="188" HEIGHT="38" WC="0.96" CONTENT="riksdagen"/><SP WIDTH="24" VPOS="659" HPOS="723"/>
							<String ID="string_79" HPOS="747" VPOS="656" WIDTH="59" HEIGHT="30" WC="0.95" CONTENT="må"/>
						</TextLine>
						<TextLine ID="line_9" HPOS="457" VPOS="701" WIDTH="1186" HEIGHT="52">
							<String ID="string_80" HPOS="457" VPOS="714" WIDTH="36" HEIGHT="34" WC="0.96" CONTENT="a)"/><SP WIDTH="29" VPOS="714" HPOS="493"/>
							<String ID="string_81" HPOS="522" VPOS="712" WIDTH="187" HEIGHT="41" WC="0.96" CONTENT="godkänna"/><SP WIDTH="28" VPOS="712" HPOS="709"/>
							<String ID="string_82" HPOS="737" VPOS="710" WIDTH="158" HEIGHT="40" WC="0.96" CONTENT="följande"/><SP WIDTH="30" VPOS="710" HPOS="895"/>
							<String ID="string_83" HPOS="925" VPOS="709" WIDTH="69" HEIGHT="29" WC="0.96" CONTENT="stat"/><SP WIDTH="29" VPOS="709" HPOS="994"/>
							<String ID="string_84" HPOS="1023" VPOS="707" WIDTH="55" HEIGHT="30" WC="0.93" CONTENT="för"/><SP WIDTH="26" VPOS="707" HPOS="1078"/>
							<String ID="string_85" HPOS="1104" VPOS="704" WIDTH="345" HEIGHT="40" WC="0.91" CONTENT="väderlekstjänsten"/><SP WIDTH="27" VPOS="704" HPOS="1449"/>
							<String ID="string_86" HPOS="1476" VPOS="702" WIDTH="55" HEIGHT="30" WC="0.93" CONTENT="för"/><SP WIDTH="29" VPOS="702" HPOS="1531"/>
							<String ID="string_87" HPOS="1560" VPOS="701" WIDTH="83" HEIGHT="30" WC="0.92" CONTENT="luft-"/>
						</TextLine>
						<TextLine ID="line_10" HPOS="416" VPOS="754" WIDTH="1225" HEIGHT="50">
							<String ID="string_88" HPOS="416" VPOS="768" WIDTH="125" HEIGHT="33" WC="0.96" CONTENT="farten,"/><SP WIDTH="23" VPOS="768" HPOS="541"/>
							<String ID="string_89" HPOS="564" VPOS="767" WIDTH="50" HEIGHT="29" WC="0.96" CONTENT="att"/><SP WIDTH="21" VPOS="767" HPOS="614"/>
							<String ID="string_90" HPOS="635" VPOS="765" WIDTH="179" HEIGHT="39" WC="0.96" CONTENT="tillämpas"/><SP WIDTH="21" VPOS="765" HPOS="814"/>
							<String ID="string_91" HPOS="835" VPOS="763" WIDTH="71" HEIGHT="30" WC="0.96" CONTENT="tills"/><SP WIDTH="21" VPOS="763" HPOS="906"/>
							<String ID="string_92" HPOS="927" VPOS="762" WIDTH="119" HEIGHT="30" WC="0.96" CONTENT="vidare"/><SP WIDTH="22" VPOS="762" HPOS="1046"/>
							<String ID="string_93" HPOS="1068" VPOS="760" WIDTH="43" HEIGHT="30" WC="0.93" CONTENT="fr."/><SP WIDTH="21" VPOS="760" HPOS="1111"/>
							<String ID="string_94" HPOS="1132" VPOS="769" WIDTH="32" HEIGHT="21" WC="0.92" CONTENT="o."/><SP WIDTH="22" VPOS="769" HPOS="1164"/>
							<String ID="string_95" HPOS="1186" VPOS="768" WIDTH="46" HEIGHT="21" WC="0.89" CONTENT="m."/><SP WIDTH="22" VPOS="768" HPOS="1232"/>
							<String ID="string_96" HPOS="1254" VPOS="757" WIDTH="206" HEIGHT="40" WC="0.93" CONTENT="budgetåret"/><SP WIDTH="23" VPOS="757" HPOS="1460"/>
							<String ID="string_97" HPOS="1483" VPOS="754" WIDTH="158" HEIGHT="33" WC="0.91" CONTENT="1955/56:"/>
						</TextLine>
					</TextBlock>
				</ComposedBlock>
				<ComposedBlock ID="cblock_3" HPOS="410" VPOS="851" WIDTH="1235" HEIGHT="311">
					<TextBlock ID="block_4" HPOS="410" VPOS="851" WIDTH="1235" HEIGHT="311">
						<TextLine ID="line_11" HPOS="982" VPOS="851" WIDTH="92" HEIGHT="31">
							<String ID="string_98" HPOS="982" VPOS="851" WIDTH="92" HEIGHT="31" WC="0.96" CONTENT="Stat"/>
						</TextLine>
						<TextLine ID="line_12" HPOS="410" VPOS="910" WIDTH="214" HEIGHT="39">
							<String ID="string_99" HPOS="410" VPOS="910" WIDTH="214" HEIGHT="39" WC="0.90" CONTENT="Avlöningar"/>
						</TextLine>
						<TextLine ID="line_13" HPOS="419" VPOS="951" WIDTH="1224" HEIGHT="51">
							<String ID="string_100" HPOS="419" VPOS="966" WIDTH="28" HEIGHT="29" WC="0.93" CONTENT="1."/><SP WIDTH="25" VPOS="966" HPOS="447"/>
							<String ID="string_101" HPOS="472" VPOS="964" WIDTH="212" HEIGHT="38" WC="0.92" CONTENT="Avlöningar"/><SP WIDTH="26" VPOS="964" HPOS="684"/>
							<String ID="string_102" HPOS="710" VPOS="962" WIDTH="52" HEIGHT="30" WC="0.96" CONTENT="till"/><SP WIDTH="25" VPOS="962" HPOS="762"/>
							<String ID="string_103" HPOS="787" VPOS="960" WIDTH="177" HEIGHT="31" WC="0.96" CONTENT="ordinarie"/><SP WIDTH="24" VPOS="960" HPOS="964"/>
							<String ID="string_104" HPOS="988" VPOS="958" WIDTH="227" HEIGHT="40" WC="0.96" CONTENT="tjänstemän,"/><SP WIDTH="24" VPOS="958" HPOS="1215"/>
							<String ID="string_105" HPOS="1239" VPOS="954" WIDTH="205" HEIGHT="42" WC="0.96" CONTENT="förslagsvis"/><SP WIDTH="81" VPOS="954" HPOS="1444"/>
							<String ID="string_106" HPOS="1525" VPOS="952" WIDTH="42" HEIGHT="31" WC="0.95" CONTENT="34"/><SP WIDTH="13" VPOS="952" HPOS="1567"/>
							<String ID="string_107" HPOS="1580" VPOS="951" WIDTH="63" HEIGHT="31" WC="0.95" CONTENT="400"/>
						</TextLine>
						<TextLine ID="line_14" HPOS="418" VPOS="1005" WIDTH="1226" HEIGHT="51">
							<String ID="string_108" HPOS="418" VPOS="1019" WIDTH="30" HEIGHT="29" WC="0.86" CONTENT="2."/><SP WIDTH="25" VPOS="1019" HPOS="448"/>
							<String ID="string_109" HPOS="473" VPOS="1017" WIDTH="212" HEIGHT="39" WC="0.90" CONTENT="Avlöningar"/><SP WIDTH="15" VPOS="1017" HPOS="685"/>
							<String ID="string_110" HPOS="700" VPOS="1015" WIDTH="53" HEIGHT="30" WC="0.93" CONTENT="till"/><SP WIDTH="13" VPOS="1015" HPOS="753"/>
							<String ID="string_111" HPOS="766" VPOS="1013" WIDTH="271" HEIGHT="32" WC="0.92" CONTENT="icke-ordinarie"/><SP WIDTH="14" VPOS="1013" HPOS="1037"/>
							<String ID="string_112" HPOS="1051" VPOS="1010" WIDTH="173" HEIGHT="42" WC="0.96" CONTENT="personal,"/><SP WIDTH="16" VPOS="1010" HPOS="1224"/>
							<String ID="string_113" HPOS="1240" VPOS="1007" WIDTH="206" HEIGHT="43" WC="0.96" CONTENT="förslagsvis"/><SP WIDTH="59" VPOS="1007" HPOS="1446"/>
							<String ID="string_114" HPOS="1505" VPOS="1006" WIDTH="62" HEIGHT="31" WC="0.66" CONTENT="738"/><SP WIDTH="15" VPOS="1006" HPOS="1567"/>
							<String ID="string_115" HPOS="1582" VPOS="1005" WIDTH="62" HEIGHT="31" WC="0.71" CONTENT="700"/>
						</TextLine>
						<TextLine ID="line_15" HPOS="419" VPOS="1059" WIDTH="1226" HEIGHT="52">
							<String ID="string_116" HPOS="419" VPOS="1072" WIDTH="29" HEIGHT="30" WC="0.96" CONTENT="3."/><SP WIDTH="25" VPOS="1072" HPOS="448"/>
							<String ID="string_117" HPOS="473" VPOS="1071" WIDTH="134" HEIGHT="40" WC="0.95" CONTENT="Rörligt"/><SP WIDTH="22" VPOS="1071" HPOS="607"/>
							<String ID="string_118" HPOS="629" VPOS="1070" WIDTH="128" HEIGHT="39" WC="0.96" CONTENT="tillägg,"/><SP WIDTH="21" VPOS="1070" HPOS="757"/>
							<String ID="string_119" HPOS="778" VPOS="1066" WIDTH="205" HEIGHT="42" WC="0.92" CONTENT="förslagsvis"/><SP WIDTH="26" VPOS="1066" HPOS="983"/>
							<String ID="string_120" HPOS="1009" VPOS="1085" WIDTH="435" HEIGHT="11" WC="0.0" CONTENT=".s.ssesesesssesesesserenerennnt"/><SP WIDTH="63" VPOS="1085" HPOS="1444"/>
							<String ID="string_121" HPOS="1507" VPOS="1060" WIDTH="61" HEIGHT="30" WC="0.96" CONTENT="102"/><SP WIDTH="13" VPOS="1060" HPOS="1568"/>
							<String ID="string_122" HPOS="1581" VPOS="1059" WIDTH="64" HEIGHT="30" WC="0.89" CONTENT="500"/>
						</TextLine>
						<TextLine ID="line_16" HPOS="422" VPOS="1112" WIDTH="1221" HEIGHT="50">
							<String ID="string_123" HPOS="422" VPOS="1124" WIDTH="267" HEIGHT="35" WC="0.85" CONTENT="Omkostnader,"/><SP WIDTH="32" VPOS="1124" HPOS="689"/>
							<String ID="string_124" HPOS="721" VPOS="1121" WIDTH="206" HEIGHT="41" WC="0.77" CONTENT="förslagsvis"/><SP WIDTH="35" VPOS="1121" HPOS="927"/>
							<String ID="string_125" HPOS="962" VPOS="1139" WIDTH="481" HEIGHT="11" WC="0.0" CONTENT="s.essssesssesssrsrenser"/><SP WIDTH="-138" VPOS="1139" HPOS="1443"/>
							<String ID="string_126" HPOS="1305" VPOS="1116" WIDTH="63" HEIGHT="50" WC="0.0" CONTENT="reser"/><SP WIDTH="9" VPOS="1116" HPOS="1368"/>
							<String ID="string_127" HPOS="1377" VPOS="1116" WIDTH="26" HEIGHT="50" WC="0.0" CONTENT="er"/><SP WIDTH="2" VPOS="1116" HPOS="1403"/>
							<String ID="string_128" HPOS="1405" VPOS="1116" WIDTH="42" HEIGHT="50" WC="0.0" CONTENT="ner"/><SP WIDTH="58" VPOS="1116" HPOS="1447"/>
							<String ID="string_129" HPOS="1505" VPOS="1113" WIDTH="61" HEIGHT="30" WC="0.96" CONTENT="129"/><SP WIDTH="14" VPOS="1113" HPOS="1566"/>
							<String ID="string_130" HPOS="1580" VPOS="1112" WIDTH="63" HEIGHT="31" WC="0.96" CONTENT="900"/>
						</TextLine>
					</TextBlock>
				</ComposedBlock>
				<ComposedBlock ID="cblock_4" HPOS="1225" VPOS="1175" WIDTH="420" HEIGHT="35">
					<TextBlock ID="block_5" HPOS="1225" VPOS="1175" WIDTH="420" HEIGHT="35">
						<TextLine ID="line_17" HPOS="1225" VPOS="1175" WIDTH="420" HEIGHT="35">
							<String ID="string_131" HPOS="1225" VPOS="1180" WIDTH="145" HEIGHT="30" WC="0.96" CONTENT="Summa"/><SP WIDTH="23" VPOS="1180" HPOS="1370"/>
							<String ID="string_132" HPOS="1393" VPOS="1178" WIDTH="53" HEIGHT="30" WC="0.95" CONTENT="kr."/><SP WIDTH="27" VPOS="1178" HPOS="1446"/>
							<String ID="string_133" HPOS="1473" VPOS="1176" WIDTH="94" HEIGHT="31" WC="0.90" CONTENT="1005"/><SP WIDTH="15" VPOS="1176" HPOS="1567"/>
							<String ID="string_134" HPOS="1582" VPOS="1175" WIDTH="63" HEIGHT="30" WC="0.94" CONTENT="500"/>
						</TextLine>
					</TextBlock>
				</ComposedBlock>
				<ComposedBlock ID="cblock_5" HPOS="423" VPOS="1265" WIDTH="1223" HEIGHT="157">
					<TextBlock ID="block_6" HPOS="423" VPOS="1265" WIDTH="1223" HEIGHT="157">
						<TextLine ID="line_18" HPOS="474" VPOS="1265" WIDTH="1171" HEIGHT="49">
							<String ID="string_135" HPOS="474" VPOS="1277" WIDTH="37" HEIGHT="34" WC="0.91" CONTENT="b)"/><SP WIDTH="31" VPOS="1277" HPOS="511"/>
							<String ID="string_136" HPOS="542" VPOS="1277" WIDTH="52" HEIGHT="29" WC="0.96" CONTENT="till"/><SP WIDTH="26" VPOS="1277" HPOS="594"/>
							<String ID="string_137" HPOS="620" VPOS="1274" WIDTH="156" HEIGHT="40" WC="0.96" CONTENT="Sveriges"/><SP WIDTH="27" VPOS="1274" HPOS="776"/>
							<String ID="string_138" HPOS="803" VPOS="1271" WIDTH="291" HEIGHT="40" WC="0.96" CONTENT="meteorologiska"/><SP WIDTH="28" VPOS="1271" HPOS="1094"/>
							<String ID="string_139" HPOS="1122" VPOS="1270" WIDTH="64" HEIGHT="30" WC="0.96" CONTENT="och"/><SP WIDTH="26" VPOS="1270" HPOS="1186"/>
							<String ID="string_140" HPOS="1212" VPOS="1266" WIDTH="249" HEIGHT="43" WC="0.96" CONTENT="hydrologiska"/><SP WIDTH="28" VPOS="1266" HPOS="1461"/>
							<String ID="string_141" HPOS="1489" VPOS="1265" WIDTH="156" HEIGHT="31" WC="0.96" CONTENT="institut:"/>
						</TextLine>
						<TextLine ID="line_19" HPOS="423" VPOS="1318" WIDTH="1223" HEIGHT="51">
							<String ID="string_142" HPOS="423" VPOS="1329" WIDTH="302" HEIGHT="40" WC="0.92" CONTENT="Väderlekstjänst"/><SP WIDTH="24" VPOS="1329" HPOS="725"/>
							<String ID="string_143" HPOS="749" VPOS="1328" WIDTH="58" HEIGHT="40" WC="0.93" CONTENT="för"/><SP WIDTH="25" VPOS="1328" HPOS="807"/>
							<String ID="string_144" HPOS="832" VPOS="1326" WIDTH="185" HEIGHT="40" WC="0.92" CONTENT="luftfarten"/><SP WIDTH="27" VPOS="1326" HPOS="1017"/>
							<String ID="string_145" HPOS="1044" VPOS="1325" WIDTH="55" HEIGHT="30" WC="0.96" CONTENT="för"/><SP WIDTH="25" VPOS="1325" HPOS="1099"/>
							<String ID="string_146" HPOS="1124" VPOS="1322" WIDTH="207" HEIGHT="41" WC="0.93" CONTENT="budgetåret"/><SP WIDTH="26" VPOS="1322" HPOS="1331"/>
							<String ID="string_147" HPOS="1357" VPOS="1320" WIDTH="142" HEIGHT="32" WC="0.91" CONTENT="1955/56"/><SP WIDTH="28" VPOS="1320" HPOS="1499"/>
							<String ID="string_148" HPOS="1527" VPOS="1318" WIDTH="119" HEIGHT="32" WC="0.96" CONTENT="anvisa"/>
						</TextLine>
						<TextLine ID="line_20" HPOS="423" VPOS="1378" WIDTH="776" HEIGHT="44">
							<String ID="string_149" HPOS="423" VPOS="1386" WIDTH="46" HEIGHT="28" WC="0.92" CONTENT="ett"/><SP WIDTH="26" VPOS="1386" HPOS="469"/>
							<String ID="string_150" HPOS="495" VPOS="1383" WIDTH="273" HEIGHT="39" WC="0.91" CONTENT="förslagsanslag"/><SP WIDTH="25" VPOS="1383" HPOS="768"/>
							<String ID="string_151" HPOS="793" VPOS="1390" WIDTH="42" HEIGHT="20" WC="0.95" CONTENT="av"/><SP WIDTH="27" VPOS="1390" HPOS="835"/>
							<String ID="string_152" HPOS="862" VPOS="1378" WIDTH="93" HEIGHT="31" WC="0.14" CONTENT="1005"/><SP WIDTH="16" VPOS="1378" HPOS="955"/>
							<String ID="string_153" HPOS="971" VPOS="1378" WIDTH="63" HEIGHT="30" WC="0.14" CONTENT="500"/><SP WIDTH="26" VPOS="1378" HPOS="1034"/>
							<String ID="string_154" HPOS="1060" VPOS="1378" WIDTH="139" HEIGHT="29" WC="0.95" CONTENT="kronor."/>
						</TextLine>
					</TextBlock>
				</ComposedBlock>
				<ComposedBlock ID="cblock_6" HPOS="159" VPOS="1496" WIDTH="1491" HEIGHT="211">
					<TextBlock ID="block_7" HPOS="159" VPOS="1496" WIDTH="1491" HEIGHT="211">
						<TextLine ID="line_21" HPOS="214" VPOS="1496" WIDTH="1436" HEIGHT="53">
							<String ID="string_155" HPOS="214" VPOS="1511" WIDTH="98" HEIGHT="33" WC="0.90" CONTENT="43:0)"/><SP WIDTH="31" VPOS="1511" HPOS="312"/>
							<String ID="string_156" HPOS="343" VPOS="1511" WIDTH="158" HEIGHT="38" WC="0.95" CONTENT="Sveriges"/><SP WIDTH="29" VPOS="1511" HPOS="501"/>
							<String ID="string_157" HPOS="530" VPOS="1506" WIDTH="299" HEIGHT="40" WC="0.96" CONTENT="meteorologiska"/><SP WIDTH="29" VPOS="1506" HPOS="829"/>
							<String ID="string_158" HPOS="858" VPOS="1504" WIDTH="68" HEIGHT="31" WC="0.96" CONTENT="och"/><SP WIDTH="28" VPOS="1504" HPOS="926"/>
							<String ID="string_159" HPOS="954" VPOS="1501" WIDTH="253" HEIGHT="42" WC="0.95" CONTENT="hydrologiska"/><SP WIDTH="28" VPOS="1501" HPOS="1207"/>
							<String ID="string_160" HPOS="1235" VPOS="1501" WIDTH="155" HEIGHT="30" WC="0.96" CONTENT="institut:"/><SP WIDTH="29" VPOS="1501" HPOS="1390"/>
							<String ID="string_161" HPOS="1419" VPOS="1496" WIDTH="231" HEIGHT="40" WC="0.89" CONTENT="Aerologiska"/>
						</TextLine>
						<TextLine ID="line_22" HPOS="159" VPOS="1549" WIDTH="1490" HEIGHT="51">
							<String ID="string_162" HPOS="159" VPOS="1567" WIDTH="180" HEIGHT="30" WC="0.96" CONTENT="stationer."/><SP WIDTH="36" VPOS="1567" HPOS="339"/>
							<String ID="string_163" HPOS="375" VPOS="1562" WIDTH="126" HEIGHT="38" WC="0.95" CONTENT="Kungl."/><SP WIDTH="23" VPOS="1562" HPOS="501"/>
							<String ID="string_164" HPOS="524" VPOS="1560" WIDTH="106" HEIGHT="40" WC="0.96" CONTENT="Maj:t"/><SP WIDTH="20" VPOS="1560" HPOS="630"/>
							<String ID="string_165" HPOS="650" VPOS="1559" WIDTH="66" HEIGHT="30" WC="0.96" CONTENT="har"/><SP WIDTH="28" VPOS="1559" HPOS="716"/>
							<String ID="string_166" HPOS="744" VPOS="1558" WIDTH="132" HEIGHT="40" WC="0.96" CONTENT="(punkt"/><SP WIDTH="22" VPOS="1558" HPOS="876"/>
							<String ID="string_167" HPOS="898" VPOS="1556" WIDTH="52" HEIGHT="34" WC="0.93" CONTENT="47,"/><SP WIDTH="24" VPOS="1556" HPOS="950"/>
							<String ID="string_168" HPOS="974" VPOS="1565" WIDTH="25" HEIGHT="20" WC="0.92" CONTENT="s."/><SP WIDTH="23" VPOS="1565" HPOS="999"/>
							<String ID="string_169" HPOS="1022" VPOS="1555" WIDTH="41" HEIGHT="29" WC="0.96" CONTENT="85"/><SP WIDTH="24" VPOS="1555" HPOS="1063"/>
							<String ID="string_170" HPOS="1087" VPOS="1554" WIDTH="64" HEIGHT="30" WC="0.96" CONTENT="och"/><SP WIDTH="23" VPOS="1554" HPOS="1151"/>
							<String ID="string_171" HPOS="1174" VPOS="1552" WIDTH="58" HEIGHT="34" WC="0.95" CONTENT="86)"/><SP WIDTH="28" VPOS="1552" HPOS="1232"/>
							<String ID="string_172" HPOS="1260" VPOS="1550" WIDTH="180" HEIGHT="40" WC="0.96" CONTENT="föreslagit"/><SP WIDTH="20" VPOS="1550" HPOS="1440"/>
							<String ID="string_173" HPOS="1460" VPOS="1549" WIDTH="189" HEIGHT="39" WC="0.96" CONTENT="riksdagen"/>
						</TextLine>
						<TextLine ID="line_23" HPOS="160" VPOS="1601" WIDTH="1490" HEIGHT="53">
							<String ID="string_174" HPOS="160" VPOS="1620" WIDTH="50" HEIGHT="28" WC="0.96" CONTENT="att"/><SP WIDTH="34" VPOS="1620" HPOS="210"/>
							<String ID="string_175" HPOS="244" VPOS="1617" WIDTH="52" HEIGHT="30" WC="0.96" CONTENT="till"/><SP WIDTH="38" VPOS="1617" HPOS="296"/>
							<String ID="string_176" HPOS="334" VPOS="1615" WIDTH="154" HEIGHT="39" WC="0.96" CONTENT="Sveriges"/><SP WIDTH="36" VPOS="1615" HPOS="488"/>
							<String ID="string_177" HPOS="524" VPOS="1611" WIDTH="290" HEIGHT="40" WC="0.96" CONTENT="meteorologiska"/><SP WIDTH="35" VPOS="1611" HPOS="814"/>
							<String ID="string_178" HPOS="849" VPOS="1610" WIDTH="65" HEIGHT="30" WC="0.94" CONTENT="och"/><SP WIDTH="34" VPOS="1610" HPOS="914"/>
							<String ID="string_179" HPOS="948" VPOS="1607" WIDTH="249" HEIGHT="41" WC="0.94" CONTENT="hydrologiska"/><SP WIDTH="34" VPOS="1607" HPOS="1197"/>
							<String ID="string_180" HPOS="1231" VPOS="1606" WIDTH="157" HEIGHT="29" WC="0.96" CONTENT="institut:"/><SP WIDTH="37" VPOS="1606" HPOS="1388"/>
							<String ID="string_181" HPOS="1425" VPOS="1601" WIDTH="225" HEIGHT="40" WC="0.91" CONTENT="Aerologiska"/>
						</TextLine>
						<TextLine ID="line_24" HPOS="160" VPOS="1656" WIDTH="1489" HEIGHT="51">
							<String ID="string_182" HPOS="160" VPOS="1671" WIDTH="169" HEIGHT="30" WC="0.96" CONTENT="stationer"/><SP WIDTH="18" VPOS="1671" HPOS="329"/>
							<String ID="string_183" HPOS="347" VPOS="1670" WIDTH="54" HEIGHT="29" WC="0.96" CONTENT="för"/><SP WIDTH="16" VPOS="1670" HPOS="401"/>
							<String ID="string_184" HPOS="417" VPOS="1667" WIDTH="205" HEIGHT="40" WC="0.92" CONTENT="budgetåret"/><SP WIDTH="17" VPOS="1667" HPOS="622"/>
							<String ID="string_185" HPOS="639" VPOS="1665" WIDTH="142" HEIGHT="31" WC="0.91" CONTENT="1955/56"/><SP WIDTH="17" VPOS="1665" HPOS="781"/>
							<String ID="string_186" HPOS="798" VPOS="1664" WIDTH="121" HEIGHT="30" WC="0.96" CONTENT="anvisa"/><SP WIDTH="18" VPOS="1664" HPOS="919"/>
							<String ID="string_187" HPOS="937" VPOS="1664" WIDTH="49" HEIGHT="28" WC="0.93" CONTENT="ett"/><SP WIDTH="16" VPOS="1664" HPOS="986"/>
							<String ID="string_188" HPOS="1002" VPOS="1660" WIDTH="276" HEIGHT="39" WC="0.89" CONTENT="förslagsanslag"/><SP WIDTH="15" VPOS="1660" HPOS="1278"/>
							<String ID="string_189" HPOS="1293" VPOS="1667" WIDTH="42" HEIGHT="21" WC="0.95" CONTENT="av"/><SP WIDTH="16" VPOS="1667" HPOS="1335"/>
							<String ID="string_190" HPOS="1351" VPOS="1657" WIDTH="63" HEIGHT="30" WC="0.92" CONTENT="563"/><SP WIDTH="15" VPOS="1657" HPOS="1414"/>
							<String ID="string_191" HPOS="1429" VPOS="1656" WIDTH="62" HEIGHT="30" WC="0.96" CONTENT="400"/><SP WIDTH="18" VPOS="1656" HPOS="1491"/>
							<String ID="string_192" HPOS="1509" VPOS="1656" WIDTH="140" HEIGHT="29" WC="0.95" CONTENT="kronor."/>
						</TextLine>
					</TextBlock>
				</ComposedBlock>
				<ComposedBlock ID="cblock_7" HPOS="163" VPOS="1762" WIDTH="1493" HEIGHT="469">
					<TextBlock ID="block_8" HPOS="218" VPOS="1762" WIDTH="1433" HEIGHT="53">
						<TextLine ID="line_25" HPOS="218" VPOS="1762" WIDTH="1433" HEIGHT="53">
							<String ID="string_193" HPOS="218" VPOS="1778" WIDTH="166" HEIGHT="37" WC="0.95" CONTENT="Anslaget"/><SP WIDTH="18" VPOS="1778" HPOS="384"/>
							<String ID="string_194" HPOS="402" VPOS="1777" WIDTH="36" HEIGHT="28" WC="0.93" CONTENT="är"/><SP WIDTH="19" VPOS="1777" HPOS="438"/>
							<String ID="string_195" HPOS="457" VPOS="1775" WIDTH="19" HEIGHT="29" WC="0.93" CONTENT="å"/><SP WIDTH="16" VPOS="1775" HPOS="476"/>
							<String ID="string_196" HPOS="492" VPOS="1774" WIDTH="160" HEIGHT="40" WC="0.93" CONTENT="gällande"/><SP WIDTH="16" VPOS="1774" HPOS="652"/>
							<String ID="string_197" HPOS="668" VPOS="1773" WIDTH="147" HEIGHT="29" WC="0.91" CONTENT="riksstat"/><SP WIDTH="16" VPOS="1773" HPOS="815"/>
							<String ID="string_198" HPOS="831" VPOS="1769" WIDTH="146" HEIGHT="41" WC="0.96" CONTENT="uppfört"/><SP WIDTH="15" VPOS="1769" HPOS="977"/>
							<String ID="string_199" HPOS="992" VPOS="1768" WIDTH="81" HEIGHT="30" WC="0.96" CONTENT="med"/><SP WIDTH="16" VPOS="1768" HPOS="1073"/>
							<String ID="string_200" HPOS="1089" VPOS="1769" WIDTH="50" HEIGHT="28" WC="0.96" CONTENT="ett"/><SP WIDTH="12" VPOS="1769" HPOS="1139"/>
							<String ID="string_201" HPOS="1151" VPOS="1767" WIDTH="128" HEIGHT="38" WC="0.96" CONTENT="belopp"/><SP WIDTH="15" VPOS="1767" HPOS="1279"/>
							<String ID="string_202" HPOS="1294" VPOS="1774" WIDTH="45" HEIGHT="21" WC="0.96" CONTENT="av"/><SP WIDTH="15" VPOS="1774" HPOS="1339"/>
							<String ID="string_203" HPOS="1354" VPOS="1764" WIDTH="61" HEIGHT="29" WC="0.96" CONTENT="561"/><SP WIDTH="17" VPOS="1764" HPOS="1415"/>
							<String ID="string_204" HPOS="1432" VPOS="1762" WIDTH="62" HEIGHT="30" WC="0.96" CONTENT="800"/><SP WIDTH="17" VPOS="1762" HPOS="1494"/>
							<String ID="string_205" HPOS="1511" VPOS="1762" WIDTH="140" HEIGHT="29" WC="0.96" CONTENT="kronor."/>
						</TextLine>
					</TextBlock>
					<TextBlock ID="block_9" HPOS="163" VPOS="1814" WIDTH="1490" HEIGHT="99">
						<TextLine ID="line_26" HPOS="216" VPOS="1814" WIDTH="1437" HEIGHT="47">
							<String ID="string_206" HPOS="216" VPOS="1830" WIDTH="182" HEIGHT="29" WC="0.96" CONTENT="Institutet"/><SP WIDTH="22" VPOS="1830" HPOS="398"/>
							<String ID="string_207" HPOS="420" VPOS="1829" WIDTH="64" HEIGHT="29" WC="0.93" CONTENT="har"/><SP WIDTH="24" VPOS="1829" HPOS="484"/>
							<String ID="string_208" HPOS="508" VPOS="1826" WIDTH="179" HEIGHT="30" WC="0.90" CONTENT="hemställt"/><SP WIDTH="24" VPOS="1826" HPOS="687"/>
							<String ID="string_209" HPOS="711" VPOS="1834" WIDTH="57" HEIGHT="21" WC="0.96" CONTENT="om"/><SP WIDTH="25" VPOS="1834" HPOS="768"/>
							<String ID="string_210" HPOS="793" VPOS="1833" WIDTH="43" HEIGHT="20" WC="0.93" CONTENT="en"/><SP WIDTH="24" VPOS="1833" HPOS="836"/>
							<String ID="string_211" HPOS="860" VPOS="1821" WIDTH="291" HEIGHT="40" WC="0.91" CONTENT="anslagshöjning"/><SP WIDTH="24" VPOS="1821" HPOS="1151"/>
							<String ID="string_212" HPOS="1175" VPOS="1820" WIDTH="80" HEIGHT="29" WC="0.96" CONTENT="med"/><SP WIDTH="26" VPOS="1820" HPOS="1255"/>
							<String ID="string_213" HPOS="1281" VPOS="1818" WIDTH="59" HEIGHT="30" WC="0.92" CONTENT="131"/><SP WIDTH="18" VPOS="1818" HPOS="1340"/>
							<String ID="string_214" HPOS="1358" VPOS="1816" WIDTH="62" HEIGHT="31" WC="0.94" CONTENT="300"/><SP WIDTH="24" VPOS="1816" HPOS="1420"/>
							<String ID="string_215" HPOS="1444" VPOS="1817" WIDTH="131" HEIGHT="28" WC="0.96" CONTENT="kronor"/><SP WIDTH="24" VPOS="1817" HPOS="1575"/>
							<String ID="string_216" HPOS="1599" VPOS="1814" WIDTH="54" HEIGHT="29" WC="0.96" CONTENT="för"/>
						</TextLine>
						<TextLine ID="line_27" HPOS="163" VPOS="1881" WIDTH="303" HEIGHT="40">
							<String ID="string_217" HPOS="163" VPOS="1885" WIDTH="100" HEIGHT="28" WC="0.96" CONTENT="nästa"/><SP WIDTH="20" VPOS="1885" HPOS="263"/>
							<String ID="string_218" HPOS="283" VPOS="1881" WIDTH="183" HEIGHT="40" WC="0.96" CONTENT="budgetår."/>
						</TextLine>
					</TextBlock>
					<TextBlock ID="block_10" HPOS="164" VPOS="1920" WIDTH="1492" HEIGHT="206">
						<TextLine ID="line_28" HPOS="219" VPOS="1920" WIDTH="1435" HEIGHT="52">
							<String ID="string_219" HPOS="219" VPOS="1936" WIDTH="180" HEIGHT="30" WC="0.96" CONTENT="Institutet"/><SP WIDTH="22" VPOS="1936" HPOS="399"/>
							<String ID="string_220" HPOS="421" VPOS="1934" WIDTH="231" HEIGHT="38" WC="0.96" CONTENT="ifrågasätter,"/><SP WIDTH="20" VPOS="1934" HPOS="652"/>
							<String ID="string_221" HPOS="672" VPOS="1941" WIDTH="59" HEIGHT="19" WC="0.96" CONTENT="om"/><SP WIDTH="20" VPOS="1941" HPOS="731"/>
							<String ID="string_222" HPOS="751" VPOS="1931" WIDTH="78" HEIGHT="29" WC="0.96" CONTENT="icke"/><SP WIDTH="22" VPOS="1931" HPOS="829"/>
							<String ID="string_223" HPOS="851" VPOS="1929" WIDTH="97" HEIGHT="30" WC="0.96" CONTENT="tiden"/><SP WIDTH="19" VPOS="1929" HPOS="948"/>
							<String ID="string_224" HPOS="967" VPOS="1928" WIDTH="72" HEIGHT="29" WC="0.95" CONTENT="kan"/><SP WIDTH="21" VPOS="1928" HPOS="1039"/>
							<String ID="string_225" HPOS="1060" VPOS="1935" WIDTH="102" HEIGHT="21" WC="0.95" CONTENT="anses"/><SP WIDTH="22" VPOS="1935" HPOS="1162"/>
							<String ID="string_226" HPOS="1184" VPOS="1933" WIDTH="126" HEIGHT="30" WC="0.96" CONTENT="mogen"/><SP WIDTH="21" VPOS="1933" HPOS="1310"/>
							<String ID="string_227" HPOS="1331" VPOS="1925" WIDTH="50" HEIGHT="28" WC="0.96" CONTENT="att"/><SP WIDTH="21" VPOS="1925" HPOS="1381"/>
							<String ID="string_228" HPOS="1402" VPOS="1923" WIDTH="72" HEIGHT="29" WC="0.96" CONTENT="helt"/><SP WIDTH="20" VPOS="1923" HPOS="1474"/>
							<String ID="string_229" HPOS="1494" VPOS="1920" WIDTH="160" HEIGHT="32" WC="0.96" CONTENT="överföra"/>
						</TextLine>
						<TextLine ID="line_29" HPOS="165" VPOS="1975" WIDTH="1490" HEIGHT="48">
							<String ID="string_230" HPOS="165" VPOS="1990" WIDTH="238" HEIGHT="29" WC="0.96" CONTENT="kostnaderna"/><SP WIDTH="21" VPOS="1990" HPOS="403"/>
							<String ID="string_231" HPOS="424" VPOS="1988" WIDTH="58" HEIGHT="29" WC="0.95" CONTENT="för"/><SP WIDTH="23" VPOS="1988" HPOS="482"/>
							<String ID="string_232" HPOS="505" VPOS="1987" WIDTH="41" HEIGHT="29" WC="0.93" CONTENT="de"/><SP WIDTH="24" VPOS="1987" HPOS="546"/>
							<String ID="string_233" HPOS="570" VPOS="1984" WIDTH="217" HEIGHT="39" WC="0.92" CONTENT="aerologiska"/><SP WIDTH="25" VPOS="1984" HPOS="787"/>
							<String ID="string_234" HPOS="812" VPOS="1983" WIDTH="216" HEIGHT="29" WC="0.96" CONTENT="stationerna"/><SP WIDTH="23" VPOS="1983" HPOS="1028"/>
							<String ID="string_235" HPOS="1051" VPOS="1979" WIDTH="52" HEIGHT="30" WC="0.96" CONTENT="till"/><SP WIDTH="24" VPOS="1979" HPOS="1103"/>
							<String ID="string_236" HPOS="1127" VPOS="1978" WIDTH="194" HEIGHT="30" WC="0.92" CONTENT="institutets"/><SP WIDTH="25" VPOS="1978" HPOS="1321"/>
							<String ID="string_237" HPOS="1346" VPOS="1975" WIDTH="197" HEIGHT="39" WC="0.90" CONTENT="avlönings-"/><SP WIDTH="22" VPOS="1975" HPOS="1543"/>
							<String ID="string_238" HPOS="1565" VPOS="1982" WIDTH="90" HEIGHT="30" WC="0.94" CONTENT="resp."/>
						</TextLine>
						<TextLine ID="line_30" HPOS="164" VPOS="2027" WIDTH="1492" HEIGHT="48">
							<String ID="string_239" HPOS="164" VPOS="2042" WIDTH="246" HEIGHT="30" WC="0.91" CONTENT="omkostnads-"/><SP WIDTH="35" VPOS="2042" HPOS="410"/>
							<String ID="string_240" HPOS="445" VPOS="2040" WIDTH="64" HEIGHT="30" WC="0.92" CONTENT="och"/><SP WIDTH="36" VPOS="2040" HPOS="509"/>
							<String ID="string_241" HPOS="545" VPOS="2036" WIDTH="338" HEIGHT="39" WC="0.91" CONTENT="underhållsanslag,"/><SP WIDTH="37" VPOS="2036" HPOS="883"/>
							<String ID="string_242" HPOS="920" VPOS="2033" WIDTH="152" HEIGHT="31" WC="0.96" CONTENT="varefter"/><SP WIDTH="36" VPOS="2033" HPOS="1072"/>
							<String ID="string_243" HPOS="1108" VPOS="2032" WIDTH="30" HEIGHT="40" WC="0.95" CONTENT="ej"/><SP WIDTH="27" VPOS="2032" HPOS="1138"/>
							<String ID="string_244" HPOS="1165" VPOS="2032" WIDTH="120" HEIGHT="38" WC="0.96" CONTENT="längre"/><SP WIDTH="25" VPOS="2032" HPOS="1285"/>
							<String ID="string_245" HPOS="1310" VPOS="2030" WIDTH="116" HEIGHT="29" WC="0.96" CONTENT="såsom"/><SP WIDTH="21" VPOS="2030" HPOS="1426"/>
							<String ID="string_246" HPOS="1447" VPOS="2027" WIDTH="130" HEIGHT="30" WC="0.92" CONTENT="hittills"/><SP WIDTH="20" VPOS="2027" HPOS="1577"/>
							<String ID="string_247" HPOS="1597" VPOS="2027" WIDTH="59" HEIGHT="29" WC="0.93" CONTENT="de-"/>
						</TextLine>
						<TextLine ID="line_31" HPOS="165" VPOS="2081" WIDTH="1490" HEIGHT="53">
							<String ID="string_248" HPOS="165" VPOS="2096" WIDTH="150" HEIGHT="38" WC="0.90" CONTENT="bitering"/><SP WIDTH="25" VPOS="2096" HPOS="315"/>
							<String ID="string_249" HPOS="340" VPOS="2095" WIDTH="20" HEIGHT="29" WC="0.92" CONTENT="å"/><SP WIDTH="25" VPOS="2095" HPOS="360"/>
							<String ID="string_250" HPOS="385" VPOS="2092" WIDTH="294" HEIGHT="31" WC="0.91" CONTENT="luftfartsfonden"/><SP WIDTH="25" VPOS="2092" HPOS="679"/>
							<String ID="string_251" HPOS="704" VPOS="2090" WIDTH="79" HEIGHT="30" WC="0.95" CONTENT="med"/><SP WIDTH="26" VPOS="2090" HPOS="783"/>
							<String ID="string_252" HPOS="809" VPOS="2098" WIDTH="43" HEIGHT="20" WC="0.95" CONTENT="en"/><SP WIDTH="26" VPOS="2098" HPOS="852"/>
							<String ID="string_253" HPOS="878" VPOS="2087" WIDTH="170" HEIGHT="39" WC="0.95" CONTENT="tredjedel"/><SP WIDTH="25" VPOS="2087" HPOS="1048"/>
							<String ID="string_254" HPOS="1073" VPOS="2095" WIDTH="41" HEIGHT="20" WC="0.95" CONTENT="av"/><SP WIDTH="26" VPOS="2095" HPOS="1114"/>
							<String ID="string_255" HPOS="1140" VPOS="2084" WIDTH="238" HEIGHT="30" WC="0.96" CONTENT="kostnaderna"/><SP WIDTH="28" VPOS="2084" HPOS="1378"/>
							<String ID="string_256" HPOS="1406" VPOS="2081" WIDTH="113" HEIGHT="30" WC="0.96" CONTENT="skulle"/><SP WIDTH="25" VPOS="2081" HPOS="1519"/>
							<String ID="string_257" HPOS="1544" VPOS="2081" WIDTH="111" HEIGHT="38" WC="0.96" CONTENT="göras."/>
						</TextLine>
					</TextBlock>
					<TextBlock ID="block_11" HPOS="165" VPOS="2133" WIDTH="1491" HEIGHT="98">
						<TextLine ID="line_32" HPOS="218" VPOS="2133" WIDTH="1438" HEIGHT="51">
							<String ID="string_258" HPOS="218" VPOS="2149" WIDTH="89" HEIGHT="29" WC="0.96" CONTENT="Över"/><SP WIDTH="28" VPOS="2149" HPOS="307"/>
							<String ID="string_259" HPOS="335" VPOS="2146" WIDTH="305" HEIGHT="38" WC="0.95" CONTENT="framställningen"/><SP WIDTH="26" VPOS="2146" HPOS="640"/>
							<String ID="string_260" HPOS="666" VPOS="2145" WIDTH="63" HEIGHT="28" WC="0.96" CONTENT="har"/><SP WIDTH="30" VPOS="2145" HPOS="729"/>
							<String ID="string_261" HPOS="759" VPOS="2142" WIDTH="205" HEIGHT="30" WC="0.93" CONTENT="utlåtanden"/><SP WIDTH="27" VPOS="2142" HPOS="964"/>
							<String ID="string_262" HPOS="991" VPOS="2140" WIDTH="145" HEIGHT="39" WC="0.92" CONTENT="avgivits"/><SP WIDTH="28" VPOS="2140" HPOS="1136"/>
							<String ID="string_263" HPOS="1164" VPOS="2147" WIDTH="41" HEIGHT="21" WC="0.96" CONTENT="av"/><SP WIDTH="28" VPOS="2147" HPOS="1205"/>
							<String ID="string_264" HPOS="1233" VPOS="2134" WIDTH="331" HEIGHT="42" WC="0.92" CONTENT="luftfartsstyrelsen"/><SP WIDTH="28" VPOS="2134" HPOS="1564"/>
							<String ID="string_265" HPOS="1592" VPOS="2133" WIDTH="64" HEIGHT="30" WC="0.96" CONTENT="och"/>
						</TextLine>
						<TextLine ID="line_33" HPOS="165" VPOS="2198" WIDTH="416" HEIGHT="33">
							<String ID="string_266" HPOS="165" VPOS="2201" WIDTH="254" HEIGHT="29" WC="0.89" CONTENT="statskontoret"/><SP WIDTH="26" VPOS="2201" HPOS="419"/>
							<String ID="string_267" HPOS="445" VPOS="2200" WIDTH="42" HEIGHT="29" WC="0.89" CONTENT="(s."/><SP WIDTH="22" VPOS="2200" HPOS="487"/>
							<String ID="string_268" HPOS="509" VPOS="2198" WIDTH="72" HEIGHT="33" WC="0.93" CONTENT="86)."/>
						</TextLine>
					</TextBlock>
				</ComposedBlock>
				<ComposedBlock ID="cblock_8" HPOS="170" VPOS="2294" WIDTH="1489" HEIGHT="202">
					<TextBlock ID="block_12" HPOS="170" VPOS="2294" WIDTH="1489" HEIGHT="202">
						<TextLine ID="line_34" HPOS="223" VPOS="2294" WIDTH="1436" HEIGHT="52">
							<String ID="string_269" HPOS="223" VPOS="2304" WIDTH="394" HEIGHT="42" WC="0.91" CONTENT="Departementschefen"/><SP WIDTH="24" VPOS="2304" HPOS="617"/>
							<String ID="string_270" HPOS="641" VPOS="2311" WIDTH="101" HEIGHT="20" WC="0.96" CONTENT="anser"/><SP WIDTH="24" VPOS="2311" HPOS="742"/>
							<String ID="string_271" HPOS="766" VPOS="2301" WIDTH="50" HEIGHT="38" WC="0.96" CONTENT="sig"/><SP WIDTH="24" VPOS="2301" HPOS="816"/>
							<String ID="string_272" HPOS="840" VPOS="2300" WIDTH="74" HEIGHT="29" WC="0.96" CONTENT="icke"/><SP WIDTH="22" VPOS="2300" HPOS="914"/>
							<String ID="string_273" HPOS="936" VPOS="2299" WIDTH="121" HEIGHT="28" WC="0.96" CONTENT="kunna"/><SP WIDTH="23" VPOS="2299" HPOS="1057"/>
							<String ID="string_274" HPOS="1080" VPOS="2296" WIDTH="141" HEIGHT="30" WC="0.96" CONTENT="förorda"/><SP WIDTH="23" VPOS="2296" HPOS="1221"/>
							<String ID="string_275" HPOS="1244" VPOS="2296" WIDTH="42" HEIGHT="28" WC="0.96" CONTENT="de"/><SP WIDTH="23" VPOS="2296" HPOS="1286"/>
							<String ID="string_276" HPOS="1309" VPOS="2294" WIDTH="140" HEIGHT="37" WC="0.96" CONTENT="förslag,"/><SP WIDTH="24" VPOS="2294" HPOS="1449"/>
							<String ID="string_277" HPOS="1473" VPOS="2300" WIDTH="74" HEIGHT="21" WC="0.92" CONTENT="som"/><SP WIDTH="23" VPOS="2300" HPOS="1547"/>
							<String ID="string_278" HPOS="1570" VPOS="2299" WIDTH="89" HEIGHT="21" WC="0.90" CONTENT="sam-"/>
						</TextLine>
						<TextLine ID="line_35" HPOS="170" VPOS="2345" WIDTH="1489" HEIGHT="52">
							<String ID="string_279" HPOS="170" VPOS="2360" WIDTH="216" HEIGHT="37" WC="0.90" CONTENT="manhänger"/><SP WIDTH="16" VPOS="2360" HPOS="386"/>
							<String ID="string_280" HPOS="402" VPOS="2358" WIDTH="78" HEIGHT="29" WC="0.96" CONTENT="med"/><SP WIDTH="17" VPOS="2358" HPOS="480"/>
							<String ID="string_281" HPOS="497" VPOS="2366" WIDTH="42" HEIGHT="20" WC="0.97" CONTENT="en"/><SP WIDTH="18" VPOS="2366" HPOS="539"/>
							<String ID="string_282" HPOS="557" VPOS="2355" WIDTH="205" HEIGHT="38" WC="0.96" CONTENT="utvidgning"/><SP WIDTH="17" VPOS="2355" HPOS="762"/>
							<String ID="string_283" HPOS="779" VPOS="2362" WIDTH="41" HEIGHT="21" WC="0.96" CONTENT="av"/><SP WIDTH="17" VPOS="2362" HPOS="820"/>
							<String ID="string_284" HPOS="837" VPOS="2353" WIDTH="68" HEIGHT="29" WC="0.96" CONTENT="den"/><SP WIDTH="16" VPOS="2353" HPOS="905"/>
							<String ID="string_285" HPOS="921" VPOS="2351" WIDTH="54" HEIGHT="29" WC="0.96" CONTENT="för"/><SP WIDTH="16" VPOS="2351" HPOS="975"/>
							<String ID="string_286" HPOS="991" VPOS="2347" WIDTH="387" HEIGHT="38" WC="0.90" CONTENT="radiovindmätningar"/><SP WIDTH="17" VPOS="2347" HPOS="1378"/>
							<String ID="string_287" HPOS="1395" VPOS="2345" WIDTH="150" HEIGHT="30" WC="0.93" CONTENT="avsedda"/><SP WIDTH="15" VPOS="2345" HPOS="1545"/>
							<String ID="string_288" HPOS="1560" VPOS="2351" WIDTH="99" HEIGHT="31" WC="0.91" CONTENT="orga-"/>
						</TextLine>
						<TextLine ID="line_36" HPOS="171" VPOS="2395" WIDTH="1488" HEIGHT="54">
							<String ID="string_289" HPOS="171" VPOS="2413" WIDTH="208" HEIGHT="29" WC="0.92" CONTENT="nisationen."/><SP WIDTH="22" VPOS="2413" HPOS="379"/>
							<String ID="string_290" HPOS="401" VPOS="2411" WIDTH="40" HEIGHT="38" WC="0.95" CONTENT="Ej"/><SP WIDTH="23" VPOS="2411" HPOS="441"/>
							<String ID="string_291" HPOS="464" VPOS="2410" WIDTH="108" HEIGHT="29" WC="0.96" CONTENT="heller"/><SP WIDTH="21" VPOS="2410" HPOS="572"/>
							<String ID="string_292" HPOS="593" VPOS="2407" WIDTH="145" HEIGHT="30" WC="0.96" CONTENT="föreslås"/><SP WIDTH="22" VPOS="2407" HPOS="738"/>
							<String ID="string_293" HPOS="760" VPOS="2406" WIDTH="114" HEIGHT="38" WC="0.96" CONTENT="någon"/><SP WIDTH="20" VPOS="2406" HPOS="874"/>
							<String ID="string_294" HPOS="894" VPOS="2403" WIDTH="150" HEIGHT="38" WC="0.96" CONTENT="ändring"/><SP WIDTH="19" VPOS="2403" HPOS="1044"/>
							<String ID="string_295" HPOS="1063" VPOS="2402" WIDTH="12" HEIGHT="29" WC="0.96" CONTENT="i"/><SP WIDTH="20" VPOS="2402" HPOS="1075"/>
							<String ID="string_296" HPOS="1095" VPOS="2401" WIDTH="97" HEIGHT="39" WC="0.96" CONTENT="fråga"/><SP WIDTH="21" VPOS="2401" HPOS="1192"/>
							<String ID="string_297" HPOS="1213" VPOS="2409" WIDTH="56" HEIGHT="20" WC="0.96" CONTENT="om"/><SP WIDTH="21" VPOS="2409" HPOS="1269"/>
							<String ID="string_298" HPOS="1290" VPOS="2400" WIDTH="66" HEIGHT="29" WC="0.96" CONTENT="den"/><SP WIDTH="22" VPOS="2400" HPOS="1356"/>
							<String ID="string_299" HPOS="1378" VPOS="2398" WIDTH="100" HEIGHT="29" WC="0.96" CONTENT="andel"/><SP WIDTH="22" VPOS="2398" HPOS="1478"/>
							<String ID="string_300" HPOS="1500" VPOS="2406" WIDTH="41" HEIGHT="20" WC="0.90" CONTENT="av"/><SP WIDTH="22" VPOS="2406" HPOS="1541"/>
							<String ID="string_301" HPOS="1563" VPOS="2395" WIDTH="96" HEIGHT="30" WC="0.90" CONTENT="insti-"/>
						</TextLine>
						<TextLine ID="line_37" HPOS="172" VPOS="2456" WIDTH="937" HEIGHT="40">
							<String ID="string_302" HPOS="172" VPOS="2468" WIDTH="104" HEIGHT="27" WC="0.91" CONTENT="tutets"/><SP WIDTH="22" VPOS="2468" HPOS="276"/>
							<String ID="string_303" HPOS="298" VPOS="2465" WIDTH="198" HEIGHT="31" WC="0.96" CONTENT="kostnader,"/><SP WIDTH="22" VPOS="2465" HPOS="496"/>
							<String ID="string_304" HPOS="518" VPOS="2472" WIDTH="72" HEIGHT="19" WC="0.96" CONTENT="som"/><SP WIDTH="23" VPOS="2472" HPOS="590"/>
							<String ID="string_305" HPOS="613" VPOS="2460" WIDTH="171" HEIGHT="30" WC="0.91" CONTENT="debiteras"/><SP WIDTH="22" VPOS="2460" HPOS="784"/>
							<String ID="string_306" HPOS="806" VPOS="2456" WIDTH="303" HEIGHT="32" WC="0.90" CONTENT="luftfartsfonden."/>
						</TextLine>
					</TextBlock>
				</ComposedBlock>
			</PrintSpace>
		</Page>
	</Layout>
</alto>
