2234 2719
349 152 116 32 Andra
489 152 213 32 Kammarens
727 152 186 42 Tillfälliga
942 152 144 34 Utskotts
1107 154 82 41 (N:o
1211 157 38 37 3)
1271 155 210 33 Betänkande
1504 156 65 33 N:o
1591 159 57 30 23.
1736 160 14 28 1

902 754 84 49 N:o
1018 755 82 48 23.

861 915 77 28 Ank.
959 915 43 29 till
1021 915 104 30 Riksd.
1145 916 105 29 Kansli
1269 917 27 28 d.
1318 922 30 24 15
1367 918 78 28 Mars
1465 921 75 31 1867,
1558 919 39 28 kl.
1618 923 12 24 1
1651 929 24 19 e.
1694 930 37 18 m.

399 1002 128 35 Andra
566 1002 239 36 Kammarens
848 1003 197 49 Tillfälliga
1091 1004 145 37 Utskotts
1276 1004 89 41 (N:o
1398 1005 42 42 3)
1467 1007 232 38 Betänkande
1725 1009 74 35 N:o

598 1053 36 43 3,
664 1054 98 48 öfver
788 1055 101 34 väckt
914 1055 137 42 motion,
1080 1055 74 36 N:o
1181 1056 82 42 207,
1292 1069 55 22 om
1366 1057 224 50 underdäånig
1603 1060 199 48 framställ-

599 1104 86 47 ning
712 1105 51 35 till
788 1105 128 48 Kongl.
935 1106 114 48 Maj:t
1074 1107 151 35 rörande
1252 1108 263 49 undersökning
1542 1122 54 23 om
1615 1111 187 48 roterings-

596 1155 239 48 skyldigheten
866 1158 14 33 i
911 1147 89 58 Öfre
1032 1157 175 44 Dalarne,
1236 1158 14 35 i
1275 1159 60 34 och
1356 1159 63 48 för
1446 1160 195 36 beredande
1665 1162 46 49 af
1737 1162 66 35 lin-

596 1206 105 48 dring
728 1206 14 35 1
767 1207 216 36 densamma.

307 1307 57 32 Uti
392 1317 37 21 en
460 1308 49 30 till
539 1308 174 32 Utskottet
739 1309 156 32 hänvisad
926 1311 134 33 motion,
1090 1310 96 33 hafva
1213 1312 123 31 Herrar
1362 1310 93 37 Sven
1474 1312 143 44 Ersson,
1636 1311 40 38 O.
1690 1314 114 35 Lars-

202 1369 63 22 son
292 1358 61 31 och
379 1357 85 35 Eric
491 1358 140 45 Dofsén
658 1359 187 40 föreslagit:
877 1361 71 31 ”att
974 1361 189 40 Riksdagen
1190 1363 167 38 behagade
1385 1365 130 31 besluta
1543 1375 39 21 en
1596 1365 205 41 underdånig

205 1408 244 37 framställning
489 1410 50 30 till
582 1410 118 39 Kongl.
743 1410 105 41 Maj:t,
883 1415 50 27 att
964 1412 73 31 Han
1065 1413 10 30 i
1102 1413 102 31 nåder
1231 1413 103 32 måtte
1362 1416 113 31 täckas
1502 1415 154 32 förordna
1683 1427 50 21 om
1762 1427 39 21 en

206 1459 247 39 undersökning
494 1459 171 40 angående
704 1462 190 37 roteringen
933 1462 11 31 i
986 1456 75 38 Öfre
1101 1464 142 31 Dalarne
1277 1465 60 31 och
1365 1465 142 32 derefter
1534 1467 52 31 till
1613 1467 188 40 Riksdagen

207 1509 98 32 afiåta
344 1509 99 40 nådig
483 1511 225 40 Proprosition
753 1522 51 21 om
839 1513 62 31 den
935 1513 154 40 lindring,
1119 1524 66 22 som
1216 1515 69 31 deri
1311 1515 53 32 må
1391 1517 112 31 kunna
1530 1518 190 40 medgifvas,
1749 1529 54 21 an-

207 1561 116 38 tingen
351 1570 116 30 genom
497 1562 189 39 minskning
713 1563 11 30 i
752 1563 214 32 soldathållet
992 1565 52 30 till
1071 1565 106 31 likhet
1204 1567 73 30 med
1305 1568 102 30 andra
1433 1571 115 37 orters,
1578 1569 80 31 eller
1685 1579 117 29 genom

206 1612 125 37 skäligt
368 1612 178 32 understöd
588 1613 52 30 till
680 1616 132 29 rotarne
840 1614 50 31 för
922 1615 56 31 det
1011 1614 215 34 oförändrade
1254 1617 245 33 knektehållets
1527 1620 194 39 utgörande,
1751 1630 52 21 om

204 1662 199 32 detsammas
431 1663 229 32 bibehållande
688 1673 95 23 anses
811 1665 274 39 oundgängligt.”

306 1713 66 31 För
410 1714 221 31 bedömandet
663 1714 33 31 af
725 1715 164 32 huruvida
915 1715 223 33 förhållandet
1164 1718 170 40 verkligen
1361 1728 76 22 vore
1466 1729 66 22 som
1562 1721 242 31 motionärerne

209 1763 164 41 andragit,
401 1764 60 31 har
487 1764 174 32 Utskottet
688 1769 110 28 ansett
825 1766 49 39 sig
901 1766 81 32 böra
1000 1768 168 39 uppställa
1183 1768 206 40 jemförelser
1402 1770 75 31 med
1492 1771 62 31 den
1568 1771 116 32 Rikets
1700 1770 106 41 öfriga

207 1813 54 31 län
302 1813 176 39 åliggande
506 1818 83 29 rust-
617 1815 60 32 och
706 1817 384 42 roterings-skyldighet;
1118 1828 75 22 men
1221 1828 79 31 som,
1329 1820 85 31 hvad
1441 1821 241 32 motionärerne
1709 1821 97 32 äfven

211 1864 119 40 anfört,
371 1865 78 31 fullt
488 1865 216 41 tillförlitliga
732 1867 61 31 och
820 1868 50 30 till
900 1868 113 31 siffran
1039 1869 172 32 bestämda
1237 1870 169 40 uppgifter
1434 1872 27 39 ej
1491 1875 79 28 utan
1596 1872 209 41 vidlyftigare

209 1915 223 39 beräkningar
471 1916 60 31 och
571 1916 111 32 lokala
709 1918 285 39 undersökningar
1020 1920 111 31 kunna
1158 1919 153 41 erhållas,
1340 1920 102 41 vågar
1468 1922 182 41 Utskottet,
1680 1923 27 40 ej
1737 1932 67 23 som

208 1965 78 31 fullt
325 1967 119 30 exakta
474 1977 75 21 men
585 1967 84 32 dock
695 1968 11 31 i
733 1968 186 32 hufvudsak
946 1970 214 41 upplysande,
1191 1971 132 40 angifva
1349 1972 39 31 de
1416 1973 151 40 resultat,
1597 1983 69 23 som
1693 1975 114 31 beräk-

204 2017 158 38 ningarne
390 2018 117 31 utvisa.

310 2067 174 32 Utskottet
524 2068 59 31 har
621 2069 12 30 i
662 2068 104 33 första
792 2074 142 28 rummet
960 2071 140 31 kommit
1126 2072 52 31 till
1207 2073 62 31 den
1297 2072 230 43 öfvertygelse,
1557 2078 50 28 att
1634 2085 39 22 en
1700 2075 108 32 soldat

207 2117 56 33 vid
303 2117 192 33 infanteriet
521 2122 36 28 är
582 2119 153 40 billigare
768 2123 51 29 att
844 2121 205 41 underhålla,
1082 2126 42 28 än
1156 2122 36 32 så
1218 2124 53 31 väl
1300 2133 39 22 en
1366 2124 152 33 båtsman
1546 2135 69 23 som
1642 2129 49 29 ett
1717 2136 90 22 num-

209 2178 70 21 mer
317 2169 55 31 vid
411 2170 206 32 kavalleriet.
672 2171 243 32 Kavalleristen
947 2182 95 23 anses
1069 2173 12 31 i
1108 2174 59 31 och
1194 2173 51 32 för
1271 2175 51 39 sig
1351 2175 75 41 sjelf
1451 2177 165 40 betydligt
1642 2178 51 31 till
1720 2179 89 30 kost-

209 2219 106 31 naden
357 2219 180 40 öfverstiga
576 2220 228 42 båtsmannen,
846 2232 74 22 men
960 2224 11 30 i
1010 2224 219 32 betraktande
1262 2225 34 31 af
1333 2226 39 31 de
1414 2231 297 38 augmentsräntor,
1741 2227 69 33 ofta

291 2272 77 33 Bih.
391 2273 52 32 till
470 2273 116 34 Riksd.
613 2274 88 33 Prot.
725 2277 95 30 1867.
864 2279 22 29 8
910 2275 98 34 Saml.
1051 2280 24 30 2
1098 2278 80 41 Afd.
1221 2281 24 30 2
1267 2279 109 33 Band.
1420 2282 40 30 11
1483 2280 97 42 Häft.
1750 2284 18 30 1
