1876 2842
301 153 39 30 16
730 155 309 32 Bankoutskottets
1064 155 175 32 utlåtande
1264 156 50 30 Nr
1345 158 48 29 352.

302 242 240 37 pensionärers
569 242 231 30 efterlevande
824 242 50 30 till
898 242 41 30 75
963 245 144 33 procent
1134 251 41 21 av
1199 243 179 29 allmänna
1405 241 404 37 familjepensionsregle-

303 294 145 29 mentets
469 292 290 36 pensionsbelopp
780 311 44 4 —
844 291 203 37 framhållit,
1069 295 49 27 att
1138 292 250 36 billighetsskäl
1408 295 115 34 syntes
1543 292 71 30 tala
1636 291 55 30 för
1711 291 100 31 bifall

303 343 51 30 till
378 352 42 21 en
446 343 96 36 dylik
569 343 145 36 generell
738 342 378 37 pensionsförhöjning.
1164 341 53 32 Då
1241 342 189 31 emellertid
1454 343 244 29 motsvarande
1725 342 85 30 krav

304 393 116 31 kunde
438 393 133 36 jämväl
589 394 99 35 göras
708 393 159 36 gällande
888 392 80 31 från
987 393 110 30 andra
1119 393 95 30 delar
1233 402 42 21 av
1294 393 56 30 det
1370 392 135 36 statliga
1525 393 285 35 pensionsväsen-

303 442 57 30 det
382 442 66 30 och
472 441 45 31 då
540 442 57 30 det
622 451 80 21 vore
728 442 174 35 önskvärt,
927 444 50 27 att
1004 441 265 36 ifrågavarande
1296 440 170 38 spörsmål
1490 450 116 21 vunne
1631 450 52 26 en,
1711 440 100 31 såvitt

303 494 144 37 möjligt,
471 494 150 36 enhetlig
645 494 144 36 lösning,
814 494 64 30 har
901 494 381 36 departementschefen
1306 493 74 30 icke
1403 493 116 30 funnit
1542 493 49 36 sig
1613 493 128 30 beredd
1762 495 50 28 att

304 552 47 21 nu
378 543 194 36 framlägga
599 542 129 38 förslag
755 552 57 20 om
841 542 66 30 den
935 541 203 38 ifrågasatta
1166 540 422 39 pensionsförhöjningen.
1642 541 170 30 Utskottet

304 594 94 29 delar
419 593 397 37 departementschefens
838 593 225 37 uppfattning
1084 602 57 21 om
1163 592 214 36 skäligheten
1398 600 43 22 av
1461 601 42 21 en
1523 592 97 36 dylik
1636 591 175 38 pensions-

303 643 211 38 förhöjning,
538 653 76 21 som
636 644 11 29 i
668 644 66 30 och
756 643 55 30 för
835 644 49 36 sig
908 642 111 31 måste
1040 652 99 21 anses
1163 652 84 21 vara
1271 642 218 37 synnerligen
1511 641 300 38 behjärtansvärd.

304 695 79 30 Med
400 695 137 37 hänsyn
556 694 51 30 till
624 695 67 29 vad
710 694 380 37 departementschefen
1109 694 11 29 i
1138 694 114 30 denna
1271 692 99 38 fråga
1388 693 11 30 i
1417 693 110 35 övrigt
1542 693 117 30 anfört
1678 693 63 30 har
1760 696 52 27 ut-

305 746 124 30 skottet
453 745 190 30 emellertid
666 747 111 28 ansett
801 745 51 37 sig
875 745 75 29 icke
974 744 57 30 för
1054 744 217 30 närvarande
1298 744 85 30 böra
1407 742 80 37 ingå
1514 742 45 38 på
1586 752 42 21 en
1652 744 161 29 närmare

304 796 170 37 prövning
489 805 43 21 av
548 796 212 30 densamma.

349 844 228 43 Åberopande
596 849 55 31 det
671 848 149 31 anförda
839 847 54 31 får
911 848 167 30 utskottet
1097 847 193 35 hemställa,

658 952 50 28 att
724 949 123 35 Kungl.
868 947 119 37 Maj:ts
1006 947 228 31 förevarande
1253 947 215 36 proposition
1489 945 59 31 må
1566 955 42 21 av
1626 946 185 37 riksdagen

614 999 148 30 bifallas.

353 1200 201 31 Stockholm
576 1200 66 30 den
665 1201 16 28 7
704 1199 72 36 maj
801 1199 93 30 1937.

787 1300 48 31 På
857 1300 301 30 bankoutskottets
1182 1300 142 35 vägnar:

885 1399 59 31 BJ.
968 1398 264 31 HOLMGREN.

340 1693 53 25 Vid
419 1691 182 26 förestående
629 1692 118 24 ärendes
774 1691 231 31 slutbehandling
1034 1691 78 24 inom
1138 1690 138 24 utskottet
1302 1690 74 24 hava
1400 1688 137 25 närvarit:

340 1742 65 25 från
427 1743 136 25 första
584 1742 177 24 kammaren:
783 1741 98 25 herrar
902 1741 116 30 Leffler,
1041 1741 164 25 Johansson
1227 1739 9 25 i
1259 1738 212 33 Friggeråker",
1492 1739 172 32 Bjurström,
1686 1737 123 26 Daniels:

306 1794 61 23 son,
389 1794 54 17 von
464 1785 109 31 Horn",
593 1785 128 25 Sundvik
743 1784 53 24 och
816 1783 280 30 Leander-Jönsson;

340 1845 66 25 från
430 1845 127 25 andra
581 1844 176 24 kammaren:
782 1844 98 24 herrar
906 1842 166 32 Holmgren,
1096 1841 162 25 Andersson
1282 1841 9 25 i
1317 1840 184 32 Falkenberg,
1525 1840 33 25 K.
1585 1839 29 25 A.
1642 1838 170 30 Westman”,

306 1888 114 32 Osberg,
438 1887 152 30 Svedman,
611 1887 162 24 Andersson
791 1886 8 24 i
819 1884 245 32 Munkaljungby"
1087 1884 53 24 och
1161 1883 138 25 Eriksson
1321 1882 9 25 i
1349 1882 123 31 Sandby.

341 1964 13 15 +
376 1963 34 32 Ej
431 1962 180 26 närvarande
633 1962 45 24 vid
699 1960 172 26 utlåtandets
893 1959 148 33 justering.
