2253 2670
410 241 42 32 24
617 240 120 33 Andra
760 239 203 33 kammarens
987 239 132 40 tredje
1145 239 170 42 tillfälliga
1338 239 132 33 utskotts
1493 238 164 33 utlåtande
1680 237 53 32 Nr
1759 241 29 29 6.

408 322 178 44 olycksfall
603 322 108 33 under
735 322 228 43 tjänstgöring
986 322 52 32 för
1063 322 65 32 den
1153 322 78 32 med
1256 320 272 43 växlingsarbete
1552 318 193 44 sysselsatta
1768 319 236 43 järnvägsper-

411 368 148 40 sonalen,
583 371 158 30 översänt
765 371 47 30 ett
836 368 173 42 exemplar
1035 378 42 22 av
1102 368 172 32 motionen
1299 368 10 31 i
1333 367 107 42 fråga.

517 414 78 33 Med
630 413 245 33 föranledande
911 414 107 32 härav
1054 412 123 34 tillåter
1213 413 213 41 Föreningen
1462 412 50 41 sig
1537 410 142 33 härmed
1702 410 117 38 uttala,
1846 410 55 31 det
1925 409 77 32 För-

411 461 146 41 eningen
594 459 108 32 finner
738 459 190 33 motionens
965 458 86 43 syfte
1087 458 284 43 behjärtansvärt.
1419 457 64 32 Det
1519 457 68 31 kan
1615 455 183 43 självfallet
1822 455 74 32 icke
1920 465 84 22 vara

413 509 105 30 annat
543 510 42 28 än
610 504 157 42 Önskligt,
794 508 48 29 att
867 503 44 34 all
934 504 331 43 järnvägspersonal,
1291 504 63 32 och
1379 503 128 33 således
1532 507 86 27 även
1636 500 366 43 växlingspersonalen,

411 553 55 31 må
492 552 10 31 i
527 554 121 29 största
675 550 141 43 möjliga
841 550 236 41 utsträckning
1100 559 82 23 vara
1207 549 155 42 skyddad
1379 549 51 32 för
1447 547 176 42 olycksfall
1639 547 109 32 under
1765 546 239 42 tjänstgöring.

519 597 53 32 Av
609 596 65 32 den
710 596 211 32 omfattande
957 595 184 42 utredning
1177 605 42 22 av
1255 595 130 41 frågan,
1423 604 71 23 som
1527 593 211 33 motionären
1762 591 132 33 lämnat
1918 591 10 33 i
1952 590 53 34 sin

412 642 140 39 motion,
589 642 115 31 vilken
739 641 185 42 utredning
958 641 194 42 ytterligare
1183 640 241 42 fullständigas
1449 639 63 33 och
1536 638 130 43 belyses
1690 638 51 32 uti
1766 638 56 32 det
1846 636 160 43 yttrande

413 693 80 27 över
517 688 183 36 motionen,
716 697 72 21 som
806 697 43 21 av
868 687 126 40 Kungl.
1013 685 334 42 Järuvägsstyrelsen
1365 685 146 41 avgivits
1529 684 64 32 och
1609 694 43 22 av
1669 683 104 32 vilket
1790 683 215 40 Föreningen

413 733 76 31 haft
524 730 130 33 tillfälle
689 734 81 38 taga
806 730 63 39 del,
905 731 153 41 framgår
1093 730 197 38 emellertid,
1320 729 70 32 dels
1416 732 48 29 att
1489 729 65 31 den
1579 728 155 32 tekniska
1759 727 180 40 lösningen
1963 736 43 21 av

414 776 372 45 kopplingsproblemet
810 776 73 32 icke
909 781 90 27 ännu
1026 776 149 37 vunnits,
1202 775 114 33 oaktat
1341 775 130 32 arbetet
1496 773 140 33 därmed
1660 774 119 42 pågått
1795 772 10 32 i
1823 775 93 29 snart
1932 774 75 39 sagt

415 823 65 32 alla
517 826 104 28 större
657 821 235 33 kulturländer
927 821 108 32 under
1071 832 41 21 en
1147 820 81 43 lång
1251 820 86 41 följd
1363 831 43 21 av
1430 822 46 36 år,
1503 819 70 33 dels
1598 822 47 29 att
1670 821 43 39 på
1737 817 111 42 grund
1873 827 43 21 av
1941 816 67 33 den

415 867 273 34 internåtionella
712 865 389 44 järnvägssamfärdseln
1126 866 84 33 intet
1234 866 89 38 land,
1351 876 72 22 som
1448 864 150 42 deltager
1622 864 10 32 i
1657 864 121 38 denna,
1805 863 67 31 kan
1894 862 113 32 obero-

416 913 86 33 ende
539 923 41 22 av
617 912 106 32 andra
751 913 201 41 genomföra
976 914 114 40 någon
1114 911 203 33 hithörande
1341 910 249 33 konstruktion.
1638 908 126 33 Vidare
1787 908 153 41 framgår
1964 917 43 22 av

417 960 41 31 de
494 958 191 42 åberopade
718 958 279 40 utredningarna,
1024 961 49 28 att
1098 957 127 32 arbetet
1250 957 52 32 för
1327 957 138 40 frågans
1489 955 137 41 lösning
1649 973 43 4 —
1715 955 144 31 frånsett
1884 953 56 31 det
1964 962 43 22 av

418 1005 110 40 kriget
563 1002 133 34 vållade
732 1003 169 32 avbrottet
927 1022 39 4 —
992 1002 49 33 uti
1070 1002 41 32 de
1135 1005 91 30 stora
1250 1000 234 35 kontinentala
1508 999 266 33 kulturstaterna
1797 997 211 34 fortfarande

417 1049 79 33 med
520 1049 92 32 kraft
635 1048 166 33 bedrives.
849 1048 78 32 Med
952 1048 102 32 tanke
1078 1049 44 41 på
1147 1048 40 32 de
1212 1048 71 31 rika
1308 1045 217 45 hjälpmedel,
1551 1056 73 22 som
1649 1047 51 31 stå
1725 1045 97 31 dessa
1839 1047 102 29 stater
1957 1042 52 33 till

418 1096 99 36 buds,
555 1095 66 30 kan
656 1094 55 32 det
745 1094 30 42 ej
802 1094 197 32 förutsättas
1036 1097 112 31 annat,
1176 1098 43 27 än
1243 1096 50 29 att
1317 1095 138 39 frågans
1479 1091 135 41 lösning
1638 1091 154 32 kommer
1817 1092 49 29 att
1890 1089 58 32 ske
1973 1090 37 30 så

418 1143 94 30 snart
536 1139 121 33 sådant
682 1143 80 28 över
786 1138 119 33 huvud
930 1142 92 39 taget
1047 1143 36 27 är
1108 1137 142 44 möjligt.

525 1185 208 40 Visserligen
769 1184 214 41 ifrågasätter
1019 1184 221 35 motionären,
1274 1187 48 27 att
1347 1184 112 38 någon
1486 1181 236 32 konstruktion
1748 1180 105 32 borde
1877 1182 133 28 snarast

418 1230 160 36 utfinnas,
605 1240 72 21 som
703 1228 196 41 visserligen
923 1228 73 33 icke
1021 1228 157 42 utgjorde
1203 1228 65 32 den
1293 1225 138 43 slutliga
1455 1226 177 42 lösningen
1655 1235 43 23 av
1714 1224 198 43 problemet,
1931 1233 79 22 men

420 1276 10 30 i
455 1274 66 33 alla
545 1273 61 33 fall
636 1284 79 22 vore
741 1284 42 22 av
807 1274 106 32 sådan
939 1273 233 33 beskaffenhet
1197 1276 48 29 att
1270 1272 281 42 kopplingsfaran
1576 1281 72 22 mer
1672 1270 79 32 eller
1775 1269 133 32 mindre
1933 1268 78 32 ned-

420 1320 182 41 bringades
626 1324 88 27 samt
739 1323 48 28 att
811 1319 121 32 hinder
956 1320 53 31 för
1033 1319 301 32 konstruktionens
1360 1317 223 40 användning
1607 1317 11 31 i
1641 1314 252 34 internationell
1908 1314 102 32 trafik

420 1366 30 41 ej
476 1364 158 42 förelåge.

526 1409 82 32 Man
644 1409 67 31 kan
748 1408 196 42 visserligen
980 1408 105 32 tänka
1120 1409 60 40 sig,
1218 1411 47 29 att
1291 1408 65 32 den
1382 1418 41 21 av
1449 1408 212 30 motionären
1685 1404 193 42 föreslagna
1902 1403 109 33 utred-

420 1455 125 41 ningen
583 1454 107 32 skulle
728 1455 116 30 kunna
880 1454 75 32 leda
991 1453 50 32 till
1077 1456 46 29 ett
1148 1454 121 31 sådant
1293 1452 149 38 resultat,
1468 1452 108 32 ehuru
1601 1451 156 32 säkerhet
1780 1449 117 32 härför
1921 1449 92 41 inga-

420 1499 106 33 lunda
561 1498 189 43 föreligger.
800 1498 199 33 Införandet
1035 1509 42 21 av
1113 1509 42 21 en
1191 1498 106 32 sådan
1334 1496 205 44 provisorisk
1574 1495 250 35 konstruktion,
1851 1505 56 21 om
1932 1503 81 22 man

421 1546 136 30 komme
592 1544 51 32 till
679 1554 41 21 en
757 1544 115 38 sådan,
907 1543 107 32 skulle
1040 1544 85 31 dock
1150 1543 188 40 säkerligen
1365 1542 154 32 medföra
1543 1543 37 30 så
1603 1540 193 42 betydande
1820 1539 192 37 kostnader,

420 1588 95 33 såväl
539 1589 57 32 vid
633 1589 199 42 apteringen
868 1590 44 41 på
937 1588 44 32 all
1005 1588 104 32 redan
1135 1587 152 42 befintlig
1311 1586 249 42 normalspårig
1584 1585 155 32 rullande
1764 1583 152 34 materiel
1940 1594 73 22 som

421 1635 62 31 ock
518 1635 52 31 för
606 1633 188 39 underhåll,
832 1637 49 29 att
915 1634 247 41 järnvägarnas
1198 1633 220 32 ekonomiska
1453 1633 155 39 förmåga
1632 1634 50 29 att
1705 1629 177 42 tillgodose
1907 1629 108 32 andra

422 1685 92 26 ännu
539 1679 167 41 viktigare
729 1680 82 30 krav
837 1680 44 40 på
898 1679 230 40 anordningar
1146 1679 51 31 för
1213 1677 318 33 trafiksäkerhetens
1549 1676 235 41 befrämjande
1801 1675 64 32 och
1882 1673 133 33 ökande

421 1724 211 41 väsentligen
656 1723 108 33 skulle
790 1723 91 32 bliva
905 1724 200 40 begränsad.

528 1769 52 32 En
613 1769 205 43 provisorisk
844 1768 134 42 lösning
1004 1779 42 21 av
1070 1769 122 42 frågan
1217 1768 66 32 kan
1310 1767 214 42 Föreningen
1549 1765 144 34 sålunda
1717 1765 73 33 icke
1816 1775 79 22 anse
1920 1763 96 34 efter-

420 1815 242 31 strävansvärd
698 1815 62 31 och
795 1815 66 30 kan
886 1813 214 33 fördenskull
1125 1814 73 31 icke
1223 1813 137 32 förorda
1384 1812 265 33 verkställandet
1674 1822 43 22 av
1743 1811 64 32 den
1832 1821 43 21 av
1900 1810 116 31 motio-

421 1865 105 26 nären
552 1859 199 41 ifrågasatta
775 1859 238 41 utredningen.

530 1939 196 34 Stockholm
752 1940 64 32 den
843 1940 42 32 20
913 1950 87 22 mars
1027 1940 94 33 1915.

949 2021 153 32 Svenska
1125 2020 365 42 järnvägsföreningen

1000 2083 36 33 F.
1064 2082 49 33 W.
1139 2082 44 32 H.
1209 2081 238 34 PEGELOW.

780 2362 104 30 'Tryckt
903 2361 50 25 hos
974 2362 27 23 P.
1022 2361 169 31 Palmquists
1212 2360 174 31 Aktiebolag,
1407 2362 160 25 Stockholm
1589 2362 75 25 1915.
