<?xml version="1.0" encoding="UTF-8"?>
<alto xmlns="http://www.loc.gov/standards/alto/ns-v3#" xmlns:xlink="http://www.w3.org/1999/xlink" xmlns:xsi="http://www.w3.org/2001/XMLSchema-instance" xsi:schemaLocation="http://www.loc.gov/standards/alto/ns-v3# http://www.loc.gov/alto/v3/alto-3-0.xsd">
	<Description>
		<MeasurementUnit>pixel</MeasurementUnit>
		<sourceImageInformation>
			<fileName>/tmp/tess_to5cafk5_input.PNG</fileName>
		</sourceImageInformation>
		<OCRProcessing ID="OCR_0">
			<ocrProcessingStep>
				<processingSoftware>
					<softwareName>tesseract 5.3.0</softwareName>
				</processingSoftware>
			</ocrProcessingStep>
		</OCRProcessing>
	</Description>
	<Layout>
		<Page WIDTH="2192" HEIGHT="2628" PHYSICAL_IMG_NR="0" ID="page_0">
			<PrintSpace HPOS="0" VPOS="0" WIDTH="2192" HEIGHT="2628">
				<ComposedBlock ID="cblock_0" HPOS="374" VPOS="186" WIDTH="1375" HEIGHT="42">
					<TextBlock ID="block_0" HPOS="374" VPOS="186" WIDTH="1375" HEIGHT="42">
						<TextLine ID="line_0" HPOS="374" VPOS="186" WIDTH="1375" HEIGHT="42">
							<String ID="string_0" HPOS="374" VPOS="186" WIDTH="21" HEIGHT="27" WC="0.56" CONTENT="€"/><SP WIDTH="221" VPOS="186" HPOS="395"/>
							<String ID="string_1" HPOS="616" VPOS="187" WIDTH="109" HEIGHT="29" WC="0.96" CONTENT="Första"/><SP WIDTH="24" VPOS="187" HPOS="725"/>
							<String ID="string_2" HPOS="749" VPOS="188" WIDTH="196" HEIGHT="29" WC="0.95" CONTENT="Kammarens"/><SP WIDTH="26" VPOS="188" HPOS="945"/>
							<String ID="string_3" HPOS="971" VPOS="189" WIDTH="160" HEIGHT="39" WC="0.93" CONTENT="Tillfälliga"/><SP WIDTH="31" VPOS="189" HPOS="1131"/>
							<String ID="string_4" HPOS="1162" VPOS="190" WIDTH="126" HEIGHT="29" WC="0.90" CONTENT="Utskotts"/><SP WIDTH="22" VPOS="190" HPOS="1288"/>
							<String ID="string_5" HPOS="1310" VPOS="191" WIDTH="71" HEIGHT="36" WC="0.96" CONTENT="(N:o"/><SP WIDTH="24" VPOS="191" HPOS="1381"/>
							<String ID="string_6" HPOS="1405" VPOS="193" WIDTH="32" HEIGHT="34" WC="0.96" CONTENT="1)"/><SP WIDTH="31" VPOS="193" HPOS="1437"/>
							<String ID="string_7" HPOS="1468" VPOS="193" WIDTH="150" HEIGHT="28" WC="0.96" CONTENT="Utlåtande"/><SP WIDTH="24" VPOS="193" HPOS="1618"/>
							<String ID="string_8" HPOS="1642" VPOS="194" WIDTH="57" HEIGHT="27" WC="0.90" CONTENT="N:o"/><SP WIDTH="24" VPOS="194" HPOS="1699"/>
							<String ID="string_9" HPOS="1723" VPOS="195" WIDTH="26" HEIGHT="27" WC="0.95" CONTENT="6."/>
						</TextLine>
					</TextBlock>
				</ComposedBlock>
				<ComposedBlock ID="cblock_1" HPOS="373" VPOS="261" WIDTH="1618" HEIGHT="658">
					<TextBlock ID="block_1" HPOS="375" VPOS="261" WIDTH="1616" HEIGHT="103">
						<TextLine ID="line_1" HPOS="375" VPOS="261" WIDTH="1616" HEIGHT="56">
							<String ID="string_10" HPOS="375" VPOS="266" WIDTH="62" HEIGHT="30" WC="0.96" CONTENT="ort"/><SP WIDTH="28" VPOS="266" HPOS="437"/>
							<String ID="string_11" HPOS="465" VPOS="266" WIDTH="55" HEIGHT="30" WC="0.96" CONTENT="att"/><SP WIDTH="26" VPOS="266" HPOS="520"/>
							<String ID="string_12" HPOS="546" VPOS="261" WIDTH="93" HEIGHT="37" WC="0.96" CONTENT="efter"/><SP WIDTH="26" VPOS="261" HPOS="639"/>
							<String ID="string_13" HPOS="665" VPOS="262" WIDTH="295" HEIGHT="38" WC="0.96" CONTENT="vederbörandes"/><SP WIDTH="27" VPOS="262" HPOS="960"/>
							<String ID="string_14" HPOS="987" VPOS="265" WIDTH="166" HEIGHT="37" WC="0.96" CONTENT="hörande"/><SP WIDTH="28" VPOS="265" HPOS="1153"/>
							<String ID="string_15" HPOS="1181" VPOS="266" WIDTH="69" HEIGHT="36" WC="0.96" CONTENT="och"/><SP WIDTH="26" VPOS="266" HPOS="1250"/>
							<String ID="string_16" HPOS="1276" VPOS="267" WIDTH="12" HEIGHT="35" WC="0.95" CONTENT="i"/><SP WIDTH="27" VPOS="267" HPOS="1288"/>
							<String ID="string_17" HPOS="1315" VPOS="268" WIDTH="164" HEIGHT="48" WC="0.96" CONTENT="enlighet"/><SP WIDTH="26" VPOS="268" HPOS="1479"/>
							<String ID="string_18" HPOS="1505" VPOS="269" WIDTH="86" HEIGHT="36" WC="0.95" CONTENT="med"/><SP WIDTH="26" VPOS="269" HPOS="1591"/>
							<String ID="string_19" HPOS="1617" VPOS="270" WIDTH="97" HEIGHT="35" WC="0.95" CONTENT="vissa"/><SP WIDTH="28" VPOS="270" HPOS="1714"/>
							<String ID="string_20" HPOS="1742" VPOS="270" WIDTH="126" HEIGHT="36" WC="0.92" CONTENT="derom"/><SP WIDTH="18" VPOS="270" HPOS="1868"/>
							<String ID="string_21" HPOS="1886" VPOS="270" WIDTH="105" HEIGHT="47" WC="0.92" CONTENT="gifna"/>
						</TextLine>
						<TextLine ID="line_2" HPOS="375" VPOS="311" WIDTH="1615" HEIGHT="53">
							<String ID="string_22" HPOS="375" VPOS="312" WIDTH="194" HEIGHT="36" WC="0.96" CONTENT="allmänna"/><SP WIDTH="25" VPOS="312" HPOS="569"/>
							<String ID="string_23" HPOS="594" VPOS="311" WIDTH="231" HEIGHT="39" WC="0.96" CONTENT="föreskrifter"/><SP WIDTH="18" VPOS="311" HPOS="825"/>
							<String ID="string_24" HPOS="843" VPOS="314" WIDTH="46" HEIGHT="48" WC="0.96" CONTENT="gå"/><SP WIDTH="17" VPOS="314" HPOS="889"/>
							<String ID="string_25" HPOS="906" VPOS="315" WIDTH="14" HEIGHT="35" WC="0.96" CONTENT="i"/><SP WIDTH="17" VPOS="315" HPOS="920"/>
							<String ID="string_26" HPOS="937" VPOS="314" WIDTH="224" HEIGHT="48" WC="0.96" CONTENT="författning"/><SP WIDTH="19" VPOS="314" HPOS="1161"/>
							<String ID="string_27" HPOS="1180" VPOS="330" WIDTH="61" HEIGHT="23" WC="0.96" CONTENT="om"/><SP WIDTH="19" VPOS="330" HPOS="1241"/>
							<String ID="string_28" HPOS="1260" VPOS="316" WIDTH="224" HEIGHT="38" WC="0.96" CONTENT="utfärdande"/><SP WIDTH="19" VPOS="316" HPOS="1484"/>
							<String ID="string_29" HPOS="1503" VPOS="318" WIDTH="40" HEIGHT="36" WC="0.96" CONTENT="af"/><SP WIDTH="15" VPOS="318" HPOS="1543"/>
							<String ID="string_30" HPOS="1558" VPOS="320" WIDTH="129" HEIGHT="44" WC="0.95" CONTENT="dylika"/><SP WIDTH="19" VPOS="320" HPOS="1687"/>
							<String ID="string_31" HPOS="1706" VPOS="321" WIDTH="284" HEIGHT="37" WC="0.96" CONTENT="bestämmelser."/>
						</TextLine>
					</TextBlock>
					<TextBlock ID="block_2" HPOS="374" VPOS="362" WIDTH="1616" HEIGHT="358">
						<TextLine ID="line_3" HPOS="479" VPOS="362" WIDTH="1511" HEIGHT="57">
							<String ID="string_32" HPOS="479" VPOS="362" WIDTH="57" HEIGHT="36" WC="0.96" CONTENT="Då"/><SP WIDTH="27" VPOS="362" HPOS="536"/>
							<String ID="string_33" HPOS="563" VPOS="363" WIDTH="61" HEIGHT="36" WC="0.96" CONTENT="det"/><SP WIDTH="27" VPOS="363" HPOS="624"/>
							<String ID="string_34" HPOS="651" VPOS="363" WIDTH="156" HEIGHT="37" WC="0.96" CONTENT="sålunda"/><SP WIDTH="22" VPOS="363" HPOS="807"/>
							<String ID="string_35" HPOS="829" VPOS="377" WIDTH="108" HEIGHT="32" WC="0.96" CONTENT="synes"/><SP WIDTH="19" VPOS="377" HPOS="937"/>
							<String ID="string_36" HPOS="956" VPOS="366" WIDTH="180" HEIGHT="36" WC="0.93" CONTENT="utskottet"/><SP WIDTH="19" VPOS="366" HPOS="1136"/>
							<String ID="string_37" HPOS="1155" VPOS="368" WIDTH="242" HEIGHT="46" WC="0.91" CONTENT="obestridligt,"/><SP WIDTH="20" VPOS="368" HPOS="1397"/>
							<String ID="string_38" HPOS="1417" VPOS="374" WIDTH="54" HEIGHT="30" WC="0.96" CONTENT="att"/><SP WIDTH="18" VPOS="374" HPOS="1471"/>
							<String ID="string_39" HPOS="1489" VPOS="369" WIDTH="61" HEIGHT="36" WC="0.96" CONTENT="det"/><SP WIDTH="18" VPOS="369" HPOS="1550"/>
							<String ID="string_40" HPOS="1568" VPOS="376" WIDTH="82" HEIGHT="39" WC="0.96" CONTENT="sätt,"/><SP WIDTH="20" VPOS="376" HPOS="1650"/>
							<String ID="string_41" HPOS="1670" VPOS="371" WIDTH="140" HEIGHT="48" WC="0.90" CONTENT="hvarpå"/><SP WIDTH="21" VPOS="371" HPOS="1810"/>
							<String ID="string_42" HPOS="1831" VPOS="373" WIDTH="159" HEIGHT="36" WC="0.91" CONTENT="timmer-"/>
						</TextLine>
						<TextLine ID="line_4" HPOS="376" VPOS="414" WIDTH="1614" HEIGHT="57">
							<String ID="string_43" HPOS="376" VPOS="418" WIDTH="231" HEIGHT="41" WC="0.96" CONTENT="transporter"/><SP WIDTH="26" VPOS="418" HPOS="607"/>
							<String ID="string_44" HPOS="633" VPOS="415" WIDTH="13" HEIGHT="34" WC="0.96" CONTENT="i"/><SP WIDTH="26" VPOS="415" HPOS="646"/>
							<String ID="string_45" HPOS="672" VPOS="414" WIDTH="89" HEIGHT="36" WC="0.93" CONTENT="våra"/><SP WIDTH="35" VPOS="414" HPOS="761"/>
							<String ID="string_46" HPOS="796" VPOS="414" WIDTH="160" HEIGHT="37" WC="0.91" CONTENT="farleder-"/><SP WIDTH="34" VPOS="414" HPOS="956"/>
							<String ID="string_47" HPOS="990" VPOS="415" WIDTH="58" HEIGHT="37" WC="0.96" CONTENT="för"/><SP WIDTH="34" VPOS="415" HPOS="1048"/>
							<String ID="string_48" HPOS="1082" VPOS="418" WIDTH="232" HEIGHT="36" WC="0.93" CONTENT="närvarande"/><SP WIDTH="27" VPOS="418" HPOS="1314"/>
							<String ID="string_49" HPOS="1341" VPOS="419" WIDTH="199" HEIGHT="47" WC="0.92" CONTENT="bedrifvas,"/><SP WIDTH="28" VPOS="419" HPOS="1540"/>
							<String ID="string_50" HPOS="1568" VPOS="420" WIDTH="78" HEIGHT="36" WC="0.96" CONTENT="ofta"/><SP WIDTH="26" VPOS="420" HPOS="1646"/>
							<String ID="string_51" HPOS="1672" VPOS="422" WIDTH="145" HEIGHT="36" WC="0.93" CONTENT="medför"/><SP WIDTH="26" VPOS="422" HPOS="1817"/>
							<String ID="string_52" HPOS="1843" VPOS="423" WIDTH="147" HEIGHT="48" WC="0.92" CONTENT="olägen-"/>
						</TextLine>
						<TextLine ID="line_5" HPOS="376" VPOS="463" WIDTH="1612" HEIGHT="57">
							<String ID="string_53" HPOS="376" VPOS="463" WIDTH="106" HEIGHT="36" WC="0.96" CONTENT="heter"/><SP WIDTH="27" VPOS="463" HPOS="482"/>
							<String ID="string_54" HPOS="509" VPOS="464" WIDTH="68" HEIGHT="35" WC="0.5" CONTENT="och"/><SP WIDTH="26" VPOS="464" HPOS="577"/>
							<String ID="string_55" HPOS="603" VPOS="463" WIDTH="103" HEIGHT="37" WC="0.87" CONTENT="faror"/><SP WIDTH="26" VPOS="463" HPOS="706"/>
							<String ID="string_56" HPOS="732" VPOS="464" WIDTH="57" HEIGHT="37" WC="0.96" CONTENT="för"/><SP WIDTH="26" VPOS="464" HPOS="789"/>
							<String ID="string_57" HPOS="815" VPOS="465" WIDTH="185" HEIGHT="46" WC="0.96" CONTENT="sjöfarten,"/><SP WIDTH="28" VPOS="465" HPOS="1000"/>
							<String ID="string_58" HPOS="1028" VPOS="468" WIDTH="67" HEIGHT="35" WC="0.96" CONTENT="och"/><SP WIDTH="28" VPOS="468" HPOS="1095"/>
							<String ID="string_59" HPOS="1123" VPOS="469" WIDTH="181" HEIGHT="35" WC="0.96" CONTENT="utskottet"/><SP WIDTH="27" VPOS="469" HPOS="1304"/>
							<String ID="string_60" HPOS="1331" VPOS="469" WIDTH="126" HEIGHT="37" WC="0.96" CONTENT="derför"/><SP WIDTH="22" VPOS="469" HPOS="1457"/>
							<String ID="string_61" HPOS="1479" VPOS="483" WIDTH="106" HEIGHT="23" WC="0.92" CONTENT="anser"/><SP WIDTH="26" VPOS="483" HPOS="1585"/>
							<String ID="string_62" HPOS="1611" VPOS="471" WIDTH="133" HEIGHT="48" WC="0.92" CONTENT="nödigt"/><SP WIDTH="25" VPOS="471" HPOS="1744"/>
							<String ID="string_63" HPOS="1769" VPOS="478" WIDTH="55" HEIGHT="30" WC="0.96" CONTENT="att"/><SP WIDTH="17" VPOS="478" HPOS="1824"/>
							<String ID="string_64" HPOS="1841" VPOS="472" WIDTH="59" HEIGHT="36" WC="0.91" CONTENT="för"/><SP WIDTH="18" VPOS="472" HPOS="1900"/>
							<String ID="string_65" HPOS="1918" VPOS="475" WIDTH="70" HEIGHT="45" WC="0.91" CONTENT="sjö-"/>
						</TextLine>
						<TextLine ID="line_6" HPOS="374" VPOS="512" WIDTH="1614" HEIGHT="56">
							<String ID="string_66" HPOS="374" VPOS="512" WIDTH="123" HEIGHT="38" WC="0.96" CONTENT="farten"/><SP WIDTH="40" VPOS="512" HPOS="497"/>
							<String ID="string_67" HPOS="537" VPOS="515" WIDTH="253" HEIGHT="47" WC="0.95" CONTENT="betryggande"/><SP WIDTH="39" VPOS="515" HPOS="790"/>
							<String ID="string_68" HPOS="829" VPOS="516" WIDTH="172" HEIGHT="47" WC="0.96" CONTENT="åtgärder"/><SP WIDTH="38" VPOS="516" HPOS="1001"/>
							<String ID="string_69" HPOS="1039" VPOS="518" WIDTH="169" HEIGHT="46" WC="0.96" CONTENT="vidtagas"/><SP WIDTH="28" VPOS="518" HPOS="1208"/>
							<String ID="string_70" HPOS="1236" VPOS="519" WIDTH="11" HEIGHT="35" WC="0.96" CONTENT="i"/><SP WIDTH="28" VPOS="519" HPOS="1247"/>
							<String ID="string_71" HPOS="1275" VPOS="519" WIDTH="101" HEIGHT="36" WC="0.96" CONTENT="detta"/><SP WIDTH="40" VPOS="519" HPOS="1376"/>
							<String ID="string_72" HPOS="1416" VPOS="520" WIDTH="180" HEIGHT="46" WC="0.96" CONTENT="afseende,"/><SP WIDTH="36" VPOS="520" HPOS="1596"/>
							<String ID="string_73" HPOS="1632" VPOS="522" WIDTH="116" HEIGHT="46" WC="0.96" CONTENT="något"/><SP WIDTH="35" VPOS="522" HPOS="1748"/>
							<String ID="string_74" HPOS="1783" VPOS="536" WIDTH="82" HEIGHT="23" WC="0.96" CONTENT="som"/><SP WIDTH="28" VPOS="536" HPOS="1865"/>
							<String ID="string_75" HPOS="1893" VPOS="524" WIDTH="95" HEIGHT="36" WC="0.96" CONTENT="dock"/>
						</TextLine>
						<TextLine ID="line_7" HPOS="374" VPOS="565" WIDTH="1613" HEIGHT="55">
							<String ID="string_76" HPOS="374" VPOS="565" WIDTH="120" HEIGHT="45" WC="0.96" CONTENT="enligt"/><SP WIDTH="39" VPOS="565" HPOS="494"/>
							<String ID="string_77" HPOS="533" VPOS="566" WIDTH="197" HEIGHT="36" WC="0.92" CONTENT="utskottets"/><SP WIDTH="39" VPOS="566" HPOS="730"/>
							<String ID="string_78" HPOS="769" VPOS="566" WIDTH="94" HEIGHT="47" WC="0.92" CONTENT="åsigt"/><SP WIDTH="39" VPOS="566" HPOS="863"/>
							<String ID="string_79" HPOS="902" VPOS="566" WIDTH="216" HEIGHT="38" WC="0.94" CONTENT="förutsätter"/><SP WIDTH="41" VPOS="566" HPOS="1118"/>
							<String ID="string_80" HPOS="1159" VPOS="582" WIDTH="45" HEIGHT="23" WC="0.96" CONTENT="en"/><SP WIDTH="41" VPOS="582" HPOS="1204"/>
							<String ID="string_81" HPOS="1245" VPOS="570" WIDTH="149" HEIGHT="46" WC="0.95" CONTENT="allsidig"/><SP WIDTH="35" VPOS="570" HPOS="1394"/>
							<String ID="string_82" HPOS="1429" VPOS="571" WIDTH="201" HEIGHT="47" WC="0.96" CONTENT="utredning"/><SP WIDTH="28" VPOS="571" HPOS="1630"/>
							<String ID="string_83" HPOS="1658" VPOS="571" WIDTH="41" HEIGHT="37" WC="0.96" CONTENT="af"/><SP WIDTH="25" VPOS="571" HPOS="1699"/>
							<String ID="string_84" HPOS="1724" VPOS="573" WIDTH="120" HEIGHT="36" WC="0.96" CONTENT="denna"/><SP WIDTH="27" VPOS="573" HPOS="1844"/>
							<String ID="string_85" HPOS="1871" VPOS="573" WIDTH="116" HEIGHT="47" WC="0.96" CONTENT="fråga,"/>
						</TextLine>
						<TextLine ID="line_8" HPOS="375" VPOS="613" WIDTH="1612" HEIGHT="54">
							<String ID="string_86" HPOS="375" VPOS="613" WIDTH="157" HEIGHT="37" WC="0.96" CONTENT="föreslår"/><SP WIDTH="38" VPOS="613" HPOS="532"/>
							<String ID="string_87" HPOS="570" VPOS="616" WIDTH="181" HEIGHT="36" WC="0.95" CONTENT="utskottet"/><SP WIDTH="38" VPOS="616" HPOS="751"/>
							<String ID="string_88" HPOS="789" VPOS="617" WIDTH="84" HEIGHT="36" WC="0.96" CONTENT="med"/><SP WIDTH="42" VPOS="617" HPOS="873"/>
							<String ID="string_89" HPOS="915" VPOS="618" WIDTH="202" HEIGHT="49" WC="0.95" CONTENT="anledning"/><SP WIDTH="40" VPOS="618" HPOS="1117"/>
							<String ID="string_90" HPOS="1157" VPOS="619" WIDTH="42" HEIGHT="36" WC="0.96" CONTENT="af"/><SP WIDTH="37" VPOS="619" HPOS="1199"/>
							<String ID="string_91" HPOS="1236" VPOS="620" WIDTH="127" HEIGHT="36" WC="0.93" CONTENT="herrar"/><SP WIDTH="36" VPOS="620" HPOS="1363"/>
							<String ID="string_92" HPOS="1399" VPOS="621" WIDTH="207" HEIGHT="37" WC="0.92" CONTENT="Kinnmans"/><SP WIDTH="29" VPOS="621" HPOS="1606"/>
							<String ID="string_93" HPOS="1635" VPOS="623" WIDTH="70" HEIGHT="35" WC="0.96" CONTENT="och"/><SP WIDTH="28" VPOS="623" HPOS="1705"/>
							<String ID="string_94" HPOS="1733" VPOS="622" WIDTH="136" HEIGHT="38" WC="0.92" CONTENT="Smiths"/><SP WIDTH="27" VPOS="622" HPOS="1869"/>
							<String ID="string_95" HPOS="1896" VPOS="623" WIDTH="91" HEIGHT="38" WC="0.92" CONTENT="före-"/>
						</TextLine>
						<TextLine ID="line_9" HPOS="374" VPOS="665" WIDTH="1431" HEIGHT="55">
							<String ID="string_96" HPOS="374" VPOS="665" WIDTH="165" HEIGHT="36" WC="0.96" CONTENT="varande"/><SP WIDTH="26" VPOS="665" HPOS="539"/>
							<String ID="string_97" HPOS="565" VPOS="668" WIDTH="185" HEIGHT="35" WC="0.96" CONTENT="motioner"/><SP WIDTH="26" VPOS="668" HPOS="750"/>
							<String ID="string_98" HPOS="776" VPOS="667" WIDTH="69" HEIGHT="37" WC="0.96" CONTENT="den"/><SP WIDTH="28" VPOS="667" HPOS="845"/>
							<String ID="string_99" HPOS="873" VPOS="668" WIDTH="230" HEIGHT="46" WC="0.96" CONTENT="hemställan,"/><SP WIDTH="28" VPOS="668" HPOS="1103"/>
							<String ID="string_100" HPOS="1131" VPOS="682" WIDTH="81" HEIGHT="24" WC="0.96" CONTENT="som"/><SP WIDTH="27" VPOS="682" HPOS="1212"/>
							<String ID="string_101" HPOS="1239" VPOS="671" WIDTH="113" HEIGHT="35" WC="0.93" CONTENT="redan"/><SP WIDTH="27" VPOS="671" HPOS="1352"/>
							<String ID="string_102" HPOS="1379" VPOS="671" WIDTH="183" HEIGHT="37" WC="0.91" CONTENT="härofvan"/><SP WIDTH="28" VPOS="671" HPOS="1562"/>
							<String ID="string_103" HPOS="1590" VPOS="673" WIDTH="215" HEIGHT="47" WC="0.87" CONTENT="återgifvits."/>
						</TextLine>
					</TextBlock>
					<TextBlock ID="block_3" HPOS="373" VPOS="716" WIDTH="1613" HEIGHT="203">
						<TextLine ID="line_10" HPOS="477" VPOS="716" WIDTH="1509" HEIGHT="57">
							<String ID="string_104" HPOS="477" VPOS="716" WIDTH="129" HEIGHT="36" WC="0.96" CONTENT="Första"/><SP WIDTH="35" VPOS="716" HPOS="606"/>
							<String ID="string_105" HPOS="641" VPOS="717" WIDTH="243" HEIGHT="37" WC="0.94" CONTENT="Kammarens"/><SP WIDTH="36" VPOS="717" HPOS="884"/>
							<String ID="string_106" HPOS="920" VPOS="718" WIDTH="189" HEIGHT="47" WC="0.94" CONTENT="tillfälliga"/><SP WIDTH="28" VPOS="718" HPOS="1109"/>
							<String ID="string_107" HPOS="1137" VPOS="721" WIDTH="152" HEIGHT="45" WC="0.96" CONTENT="utskott,"/><SP WIDTH="28" VPOS="721" HPOS="1289"/>
							<String ID="string_108" HPOS="1317" VPOS="735" WIDTH="80" HEIGHT="22" WC="0.96" CONTENT="som"/><SP WIDTH="28" VPOS="735" HPOS="1397"/>
							<String ID="string_109" HPOS="1425" VPOS="723" WIDTH="173" HEIGHT="36" WC="0.96" CONTENT="hänvisar"/><SP WIDTH="26" VPOS="723" HPOS="1598"/>
							<String ID="string_110" HPOS="1624" VPOS="724" WIDTH="59" HEIGHT="35" WC="0.96" CONTENT="till"/><SP WIDTH="28" VPOS="724" HPOS="1683"/>
							<String ID="string_111" HPOS="1711" VPOS="724" WIDTH="44" HEIGHT="36" WC="0.96" CONTENT="de"/><SP WIDTH="26" VPOS="724" HPOS="1755"/>
							<String ID="string_112" HPOS="1781" VPOS="726" WIDTH="108" HEIGHT="47" WC="0.96" CONTENT="intyg"/><SP WIDTH="29" VPOS="726" HPOS="1889"/>
							<String ID="string_113" HPOS="1918" VPOS="726" WIDTH="68" HEIGHT="36" WC="0.96" CONTENT="och"/>
						</TextLine>
						<TextLine ID="line_11" HPOS="373" VPOS="766" WIDTH="1613" HEIGHT="51">
							<String ID="string_114" HPOS="373" VPOS="766" WIDTH="230" HEIGHT="42" WC="0.96" CONTENT="utlåtanden,"/><SP WIDTH="27" VPOS="766" HPOS="603"/>
							<String ID="string_115" HPOS="630" VPOS="768" WIDTH="130" HEIGHT="36" WC="0.96" CONTENT="hvilka"/><SP WIDTH="25" VPOS="768" HPOS="760"/>
							<String ID="string_116" HPOS="785" VPOS="768" WIDTH="161" HEIGHT="47" WC="0.96" CONTENT="bifogats"/><SP WIDTH="20" VPOS="768" HPOS="946"/>
							<String ID="string_117" HPOS="966" VPOS="770" WIDTH="70" HEIGHT="35" WC="0.96" CONTENT="den"/><SP WIDTH="19" VPOS="770" HPOS="1036"/>
							<String ID="string_118" HPOS="1055" VPOS="783" WIDTH="70" HEIGHT="23" WC="0.96" CONTENT="ena"/><SP WIDTH="20" VPOS="783" HPOS="1125"/>
							<String ID="string_119" HPOS="1145" VPOS="769" WIDTH="75" HEIGHT="44" WC="0.96" CONTENT="(n:o"/><SP WIDTH="26" VPOS="769" HPOS="1220"/>
							<String ID="string_120" HPOS="1246" VPOS="770" WIDTH="59" HEIGHT="47" WC="0.96" CONTENT="23)"/><SP WIDTH="20" VPOS="770" HPOS="1305"/>
							<String ID="string_121" HPOS="1325" VPOS="772" WIDTH="41" HEIGHT="36" WC="0.96" CONTENT="af"/><SP WIDTH="14" VPOS="772" HPOS="1366"/>
							<String ID="string_122" HPOS="1380" VPOS="774" WIDTH="233" HEIGHT="36" WC="0.96" CONTENT="motionerna"/><SP WIDTH="19" VPOS="774" HPOS="1613"/>
							<String ID="string_123" HPOS="1632" VPOS="775" WIDTH="69" HEIGHT="35" WC="0.93" CONTENT="och"/><SP WIDTH="18" VPOS="775" HPOS="1701"/>
							<String ID="string_124" HPOS="1719" VPOS="775" WIDTH="267" HEIGHT="37" WC="0.91" CONTENT="medkammar-"/>
						</TextLine>
						<TextLine ID="line_12" HPOS="374" VPOS="817" WIDTH="1612" HEIGHT="51">
							<String ID="string_125" HPOS="374" VPOS="817" WIDTH="199" HEIGHT="36" WC="0.96" CONTENT="utskottets"/><SP WIDTH="27" VPOS="817" HPOS="573"/>
							<String ID="string_126" HPOS="600" VPOS="819" WIDTH="245" HEIGHT="45" WC="0.95" CONTENT="betänkande,"/><SP WIDTH="29" VPOS="819" HPOS="845"/>
							<String ID="string_127" HPOS="874" VPOS="820" WIDTH="68" HEIGHT="35" WC="0.96" CONTENT="har"/><SP WIDTH="25" VPOS="820" HPOS="942"/>
							<String ID="string_128" HPOS="967" VPOS="821" WIDTH="79" HEIGHT="35" WC="0.96" CONTENT="icke"/><SP WIDTH="25" VPOS="821" HPOS="1046"/>
							<String ID="string_129" HPOS="1071" VPOS="820" WIDTH="127" HEIGHT="37" WC="0.96" CONTENT="funnit"/><SP WIDTH="26" VPOS="820" HPOS="1198"/>
							<String ID="string_130" HPOS="1224" VPOS="821" WIDTH="113" HEIGHT="47" WC="0.96" CONTENT="något"/><SP WIDTH="31" VPOS="821" HPOS="1337"/>
							<String ID="string_131" HPOS="1368" VPOS="828" WIDTH="55" HEIGHT="30" WC="0.97" CONTENT="att"/><SP WIDTH="27" VPOS="828" HPOS="1423"/>
							<String ID="string_132" HPOS="1450" VPOS="825" WIDTH="121" HEIGHT="35" WC="0.96" CONTENT="erinra"/><SP WIDTH="26" VPOS="825" HPOS="1571"/>
							<String ID="string_133" HPOS="1597" VPOS="831" WIDTH="81" HEIGHT="30" WC="0.96" CONTENT="mot"/><SP WIDTH="26" VPOS="831" HPOS="1678"/>
							<String ID="string_134" HPOS="1704" VPOS="825" WIDTH="98" HEIGHT="36" WC="0.96" CONTENT="hvad"/><SP WIDTH="27" VPOS="825" HPOS="1802"/>
							<String ID="string_135" HPOS="1829" VPOS="826" WIDTH="157" HEIGHT="36" WC="0.96" CONTENT="sålunda"/>
						</TextLine>
						<TextLine ID="line_13" HPOS="373" VPOS="867" WIDTH="1502" HEIGHT="52">
							<String ID="string_136" HPOS="373" VPOS="867" WIDTH="200" HEIGHT="49" WC="0.92" CONTENT="tillstyrkts"/><SP WIDTH="28" VPOS="867" HPOS="573"/>
							<String ID="string_137" HPOS="601" VPOS="869" WIDTH="70" HEIGHT="35" WC="0.97" CONTENT="och"/><SP WIDTH="27" VPOS="869" HPOS="671"/>
							<String ID="string_138" HPOS="698" VPOS="869" WIDTH="196" HEIGHT="46" WC="0.96" CONTENT="godkänts;"/><SP WIDTH="29" VPOS="869" HPOS="894"/>
							<String ID="string_139" HPOS="923" VPOS="876" WIDTH="90" HEIGHT="30" WC="0.96" CONTENT="utan"/><SP WIDTH="28" VPOS="876" HPOS="1013"/>
							<String ID="string_140" HPOS="1041" VPOS="872" WIDTH="122" HEIGHT="36" WC="0.96" CONTENT="finner"/><SP WIDTH="27" VPOS="872" HPOS="1163"/>
							<String ID="string_141" HPOS="1190" VPOS="873" WIDTH="55" HEIGHT="45" WC="0.96" CONTENT="sig"/><SP WIDTH="25" VPOS="873" HPOS="1245"/>
							<String ID="string_142" HPOS="1270" VPOS="873" WIDTH="90" HEIGHT="36" WC="0.93" CONTENT="böra"/><SP WIDTH="27" VPOS="873" HPOS="1360"/>
							<String ID="string_143" HPOS="1387" VPOS="874" WIDTH="202" HEIGHT="45" WC="0.89" CONTENT="hemställa,"/><SP WIDTH="283" VPOS="874" HPOS="1589"/>
							<String ID="string_144" HPOS="1872" VPOS="882" WIDTH="3" HEIGHT="2" WC="0.70" CONTENT=":"/>
						</TextLine>
					</TextBlock>
				</ComposedBlock>
				<ComposedBlock ID="cblock_2" HPOS="777" VPOS="971" WIDTH="1208" HEIGHT="89">
					<TextBlock ID="block_4" HPOS="777" VPOS="971" WIDTH="1208" HEIGHT="89">
						<TextLine ID="line_14" HPOS="875" VPOS="971" WIDTH="1110" HEIGHT="43">
							<String ID="string_145" HPOS="875" VPOS="976" WIDTH="56" HEIGHT="30" WC="0.96" CONTENT="att"/><SP WIDTH="26" VPOS="976" HPOS="931"/>
							<String ID="string_146" HPOS="957" VPOS="971" WIDTH="129" HEIGHT="36" WC="0.96" CONTENT="Första"/><SP WIDTH="26" VPOS="971" HPOS="1086"/>
							<String ID="string_147" HPOS="1112" VPOS="971" WIDTH="224" HEIGHT="39" WC="0.95" CONTENT="Kammaren"/><SP WIDTH="27" VPOS="971" HPOS="1336"/>
							<String ID="string_148" HPOS="1363" VPOS="974" WIDTH="115" HEIGHT="37" WC="0.96" CONTENT="måtte"/><SP WIDTH="24" VPOS="974" HPOS="1478"/>
							<String ID="string_149" HPOS="1502" VPOS="976" WIDTH="146" HEIGHT="36" WC="0.96" CONTENT="biträda"/><SP WIDTH="18" VPOS="976" HPOS="1648"/>
							<String ID="string_150" HPOS="1666" VPOS="976" WIDTH="130" HEIGHT="37" WC="0.92" CONTENT="Andra"/><SP WIDTH="18" VPOS="976" HPOS="1796"/>
							<String ID="string_151" HPOS="1814" VPOS="977" WIDTH="171" HEIGHT="37" WC="0.70" CONTENT="Kamma-"/>
						</TextLine>
						<TextLine ID="line_15" HPOS="777" VPOS="1021" WIDTH="624" HEIGHT="39">
							<String ID="string_152" HPOS="777" VPOS="1033" WIDTH="81" HEIGHT="24" WC="0.93" CONTENT="rens"/><SP WIDTH="28" VPOS="1033" HPOS="858"/>
							<String ID="string_153" HPOS="886" VPOS="1023" WIDTH="12" HEIGHT="34" WC="0.96" CONTENT="i"/><SP WIDTH="27" VPOS="1023" HPOS="898"/>
							<String ID="string_154" HPOS="925" VPOS="1022" WIDTH="150" HEIGHT="36" WC="0.96" CONTENT="ärendet"/><SP WIDTH="26" VPOS="1022" HPOS="1075"/>
							<String ID="string_155" HPOS="1101" VPOS="1021" WIDTH="143" HEIGHT="38" WC="0.96" CONTENT="fattade"/><SP WIDTH="26" VPOS="1021" HPOS="1244"/>
							<String ID="string_156" HPOS="1270" VPOS="1025" WIDTH="131" HEIGHT="35" WC="0.95" CONTENT="beslut."/>
						</TextLine>
					</TextBlock>
				</ComposedBlock>
				<ComposedBlock ID="cblock_3" HPOS="475" VPOS="1100" WIDTH="933" HEIGHT="206">
					<TextBlock ID="block_5" HPOS="475" VPOS="1100" WIDTH="933" HEIGHT="206">
						<TextLine ID="line_16" HPOS="475" VPOS="1100" WIDTH="600" HEIGHT="51">
							<String ID="string_157" HPOS="475" VPOS="1100" WIDTH="215" HEIGHT="39" WC="0.96" CONTENT="Stockholm"/><SP WIDTH="28" VPOS="1100" HPOS="690"/>
							<String ID="string_158" HPOS="718" VPOS="1103" WIDTH="70" HEIGHT="37" WC="0.96" CONTENT="den"/><SP WIDTH="29" VPOS="1103" HPOS="788"/>
							<String ID="string_159" HPOS="817" VPOS="1106" WIDTH="20" HEIGHT="33" WC="0.96" CONTENT="3"/><SP WIDTH="28" VPOS="1106" HPOS="837"/>
							<String ID="string_160" HPOS="865" VPOS="1105" WIDTH="74" HEIGHT="46" WC="0.96" CONTENT="maj"/><SP WIDTH="33" VPOS="1105" HPOS="939"/>
							<String ID="string_161" HPOS="972" VPOS="1108" WIDTH="103" HEIGHT="34" WC="0.96" CONTENT="1901."/>
						</TextLine>
						<TextLine ID="line_17" HPOS="951" VPOS="1255" WIDTH="457" HEIGHT="51">
							<String ID="string_162" HPOS="951" VPOS="1255" WIDTH="52" HEIGHT="36" WC="0.96" CONTENT="På"/><SP WIDTH="28" VPOS="1255" HPOS="1003"/>
							<String ID="string_163" HPOS="1031" VPOS="1257" WIDTH="196" HEIGHT="36" WC="0.96" CONTENT="utskottets"/><SP WIDTH="27" VPOS="1257" HPOS="1227"/>
							<String ID="string_164" HPOS="1254" VPOS="1265" WIDTH="154" HEIGHT="41" WC="0.96" CONTENT="vägnar:"/>
						</TextLine>
					</TextBlock>
				</ComposedBlock>
				<ComposedBlock ID="cblock_4" HPOS="905" VPOS="1405" WIDTH="546" HEIGHT="41">
					<TextBlock ID="block_6" HPOS="905" VPOS="1405" WIDTH="546" HEIGHT="41">
						<TextLine ID="line_18" HPOS="905" VPOS="1405" WIDTH="546" HEIGHT="41">
							<String ID="string_165" HPOS="905" VPOS="1405" WIDTH="189" HEIGHT="38" WC="0.92" CONTENT="SIGFRID"/><SP WIDTH="28" VPOS="1405" HPOS="1094"/>
							<String ID="string_166" HPOS="1122" VPOS="1406" WIDTH="329" HEIGHT="40" WC="0.94" CONTENT="WIESELGREN."/>
						</TextLine>
					</TextBlock>
				</ComposedBlock>
				<GraphicalElement ID="cblock_5" HPOS="889" VPOS="2228" WIDTH="681" HEIGHT="5"></GraphicalElement >
				<ComposedBlock ID="cblock_6" HPOS="779" VPOS="2243" WIDTH="778" HEIGHT="35">
					<TextBlock ID="block_7" HPOS="779" VPOS="2243" WIDTH="778" HEIGHT="35">
						<TextLine ID="line_19" HPOS="779" VPOS="2243" WIDTH="778" HEIGHT="35">
							<String ID="string_167" HPOS="779" VPOS="2243" WIDTH="151" HEIGHT="29" WC="0.50" CONTENT="Stockholm,"/><SP WIDTH="19" VPOS="2243" HPOS="930"/>
							<String ID="string_168" HPOS="949" VPOS="2244" WIDTH="56" HEIGHT="24" WC="0.93" CONTENT="Ivar"/><SP WIDTH="19" VPOS="2244" HPOS="1005"/>
							<String ID="string_169" HPOS="1024" VPOS="2244" WIDTH="171" HEIGHT="33" WC="0.23" CONTENT="Haggströms"/><SP WIDTH="19" VPOS="2244" HPOS="1195"/>
							<String ID="string_170" HPOS="1214" VPOS="2246" WIDTH="161" HEIGHT="32" WC="0.93" CONTENT="Boktryckeri"/><SP WIDTH="19" VPOS="2246" HPOS="1375"/>
							<String ID="string_171" HPOS="1394" VPOS="2247" WIDTH="72" HEIGHT="29" WC="0.52" CONTENT="A.B.,"/><SP WIDTH="20" VPOS="2247" HPOS="1466"/>
							<String ID="string_172" HPOS="1486" VPOS="2247" WIDTH="71" HEIGHT="24" WC="0.96" CONTENT="1901."/>
						</TextLine>
					</TextBlock>
				</ComposedBlock>
			</PrintSpace>
		</Page>
	</Layout>
</alto>
