2198 2580
701 205 99 32 Stuts-
811 201 168 47 Utskottets
994 208 163 32 Memorial
1178 209 63 32 N:o
1269 211 50 29 70.
1764 216 18 30 7

395 282 184 41 utgörande
615 283 115 31 kunna
763 294 99 21 anses
896 284 109 41 åligga
1039 284 120 34 Staten
1194 287 61 31 och
1289 287 215 40 kommunen,
1536 293 56 29 må
1626 291 51 32 till
1700 292 123 43 Kongl.

395 324 112 41 Maj:ts
541 325 197 41 disposition
766 327 51 31 för
845 327 213 33 bestridande
1087 329 38 31 af
1149 329 231 33 kostnaderna
1407 332 53 30 för
1483 331 111 33 denna
1616 334 129 33 komite
1771 337 54 31 be-

394 368 80 40 vilja
497 371 43 38 på
562 374 97 26 extra
683 374 67 27 stat
773 375 50 26 ett
845 370 262 43 förslagsanslag
1129 372 37 31 af
1184 372 96 39 5,000
1302 373 82 32 R:dr
1405 375 121 31 R:mt."'

344 410 123 32 Häruti
490 411 166 32 instämde
680 412 92 32 Herr
795 413 34 30 F.
863 414 42 30 W.
930 414 234 43 Leijonancker.
1504 413 7 10 |

343 454 37 29 af
403 454 91 30 Herr
528 454 37 31 G.
591 455 214 41 Bjerkander:
830 455 72 33 "Då
924 457 85 31 båda
1031 457 190 33 Kamrarne
1245 460 264 32 återremitterat
1523 461 103 33 femte
1642 464 181 39 punkten
1803 450 22 57 i

189 495 194 32 Utskottets
406 496 181 32 Utlåtande
612 498 171 40 angående
806 499 213 41 regleringen
1043 500 35 31 af
1099 501 185 41 utgifterna
1306 502 107 32 under
1425 503 234 34 Riks-statens
1672 498 151 41 Åttonde

192 538 226 38 Hufvudtitel,
444 542 36 29 så
502 540 51 31 får
575 551 77 20 man
676 541 56 31 väl
756 545 130 37 antaga,
911 546 49 27 att
983 542 92 32 detta
1098 543 94 32 skett
1214 544 11 31 i
1248 545 101 41 afsigt
1371 549 49 28 att
1442 545 179 34 Utskottet
1643 549 110 32 skulle
1768 551 56 31 be-

187 581 169 32 stämdare
388 586 92 37 yttra
509 583 50 40 sig
589 593 54 20 om
666 583 153 41 grunden
847 584 52 31 för
927 584 56 32 det
1013 585 134 42 förslag,
1178 597 71 21 som
1279 598 78 21 man
1380 589 80 31 ville
1483 600 122 30 genom
1629 602 42 21 en
1694 592 130 33 komité

188 623 100 32 hafva
312 625 188 40 uppgjordt.
538 625 66 41 Jag
620 625 68 32 kan
711 627 75 30 icke
822 627 102 37 finna,
948 632 50 27 att
1034 628 56 31 det
1122 640 47 20 nu
1199 630 229 41 föreliggande
1462 631 162 43 förslaget
1654 640 39 25 är
1730 646 93 21 mera

188 667 207 39 vägledande
428 674 42 24 än
502 668 56 31 det
591 668 100 38 förra,
727 674 146 26 tvärtom
908 681 101 30 synes
1049 672 57 30 det
1134 672 70 41 mig
1232 683 136 22 snarare
1391 674 237 40 missledande,
1657 683 82 26 enär
1766 679 57 31 det

187 710 292 31 sammanblandar
507 711 120 40 frågor,
662 711 141 31 hvarom
831 712 75 31 icke
939 716 110 38 någon
1077 715 130 31 motion
1238 716 89 31 varit
1357 716 114 38 väckt,
1502 720 111 30 såsom
1644 723 22 28 t.
1697 731 53 21 ex.
1781 721 40 32 de

185 752 161 31 tekniska
380 753 211 37 läroverken,
627 753 62 32 och
723 754 118 31 hvilka
876 755 169 33 dessutom
1077 757 87 31 efter
1191 758 78 31 mitt
1291 758 216 34 förmenande
1530 760 76 33 icke
1631 762 81 32 böra
1735 774 86 21 sam-

185 795 219 32 manblandas
427 796 77 31 med
527 796 201 32 folkskolan.

340 838 209 32 Folkskolan
583 844 38 26 är
654 839 62 31 och
751 840 60 31 bör
844 840 95 32 alltid
967 852 82 21 vara
1077 842 287 43 hufvudsakligen
1398 855 42 21 en
1462 845 226 34 kommunens
1712 849 106 39 skola,

186 879 107 32 ehuru
322 880 144 42 kraftigt
497 881 206 32 understödd
727 883 38 30 af
785 882 129 33 Staten.
959 884 405 34 Elementarläroverken
1391 887 62 32 och
1484 888 40 32 de
1548 890 161 33 tekniska
1731 892 88 32 läro-

185 923 141 37 verken,
352 924 151 31 deremot
531 923 136 33 Statens
697 926 252 40 angelägenhet.
996 927 170 33 Hvarföre
1191 929 42 31 då
1255 930 68 31 tala
1346 940 54 21 om
1426 930 117 33 "deras
1566 933 159 32 inbördes
1750 935 67 31 för-

184 964 156 33 hållande
369 967 52 31 till
454 967 230 31 hvarandra?+
732 967 77 32 Den
847 969 107 32 förras
977 971 134 39 uppgift
1133 976 39 26 är
1194 975 50 28 att
1266 972 154 42 bibringa
1442 983 42 22 en
1508 974 146 33 afslutad
1677 977 83 32 kurs
1784 981 36 29 åt

186 1007 40 31 de
260 1008 131 32 mindre
427 1009 211 32 bemedlades
672 1010 93 38 barn,
798 1021 71 21 som
899 1012 75 31 icke
998 1017 115 37 mägta
1137 1018 50 27 att
1210 1014 96 32 bestå
1328 1015 51 40 sig
1401 1026 72 21 mer
1496 1022 43 26 än
1563 1028 42 21 en
1627 1020 52 30 för
1701 1019 117 42 hvarje

183 1050 132 32 individ
343 1051 183 41 nödtorftig
557 1052 164 41 bildning;
757 1053 40 31 de
829 1054 139 32 sednare
998 1055 152 32 deremot
1178 1060 50 28 att
1267 1057 208 42 grundlägga
1497 1069 42 21 en
1562 1057 254 51 undervisning,

184 1092 131 42 hvarpå
337 1094 103 31 sedan
463 1095 87 31 skall
573 1095 127 41 byggas
723 1096 12 30 i
759 1095 40 32 de
822 1096 102 42 högre
941 1098 284 32 läroanstalterna
1238 1099 62 32 och
1315 1100 109 32 bildas
1439 1102 146 32 embets-
1601 1103 61 32 och
1679 1101 138 50 tjenste-

181 1141 81 25 män
285 1136 12 31 i
320 1135 127 33 Staten.

338 1179 226 32 Folkskolans
587 1179 104 32 behof
710 1185 38 26 är
770 1184 50 28 att
841 1181 75 31 fritt
936 1181 34 33 få
992 1189 76 25 röra
1092 1183 60 41 sig,
1176 1186 83 29 utan
1282 1188 50 28 att
1353 1196 81 21 vara
1456 1186 137 33 bunden
1615 1188 39 32 af
1676 1189 140 32 inveck-

183 1220 74 32 lade
282 1221 61 32 och
366 1222 254 40 inqvisitoriska
649 1223 135 41 stadgar
816 1224 12 31 i
850 1223 94 42 fråga
966 1236 55 21 om
1044 1225 76 33 dess
1144 1226 222 33 ekonomiska
1389 1229 296 42 angelägenheter;
1710 1235 49 29 ett
1781 1236 37 29 så

184 1263 142 42 kraftigt
360 1265 61 31 och
455 1266 139 31 rättvist
619 1265 168 33 fördeladt
808 1267 183 32 understöd
1019 1269 37 31 af
1080 1269 206 40 statsmedel,
1311 1274 51 29 att
1385 1271 56 32 det
1461 1272 13 32 i
1496 1276 110 39 någon
1630 1277 78 29 mån
1730 1282 87 26 mot-

181 1317 118 21 svarar
333 1308 89 31 hvad
455 1311 43 38 på
532 1308 64 32 den
630 1309 102 41 högre
768 1309 288 43 undervisningen
1093 1312 175 41 bekostas;
1304 1324 42 21 en
1379 1315 205 43 utbredning
1619 1318 96 31 öfver
1737 1318 77 32 hela

183 1349 115 32 landet
327 1351 85 31 efter
440 1351 240 41 folkmängden
711 1352 61 31 och
799 1352 114 32 lokala
939 1353 243 40 förhållanden,
1212 1359 37 28 så
1276 1360 50 28 att
1348 1357 65 32 alla
1435 1358 132 32 landets
1591 1360 83 31 barn
1698 1361 117 32 kunna

181 1398 82 25 utan
294 1393 173 41 svårighet
500 1394 193 31 densamma
721 1395 159 41 begagna,
909 1397 60 30 och
992 1408 42 20 en
1056 1398 206 40 inspektion,
1287 1410 73 21 som
1383 1400 119 32 endast
1524 1402 90 32 afser
1636 1403 178 33 undervis-

180 1435 143 41 ningens
346 1436 284 41 ändamålsenliga
653 1436 228 34 bedrifvande.

336 1478 104 32 Detta
468 1479 62 31 och
556 1478 90 33 hvad
668 1490 94 21 mera
785 1491 72 21 som
879 1480 140 33 härmed
1042 1492 79 31 eger
1145 1484 242 41 sammanhang
1408 1495 99 22 anser
1524 1487 59 41 jag
1606 1488 101 32 borde
1732 1499 83 21 vara

180 1519 177 33 föremålet
386 1521 51 32 för
471 1521 64 32 den
558 1521 195 42 ifrågasatta
780 1523 234 42 utredningen,
1038 1525 12 31 i
1072 1525 92 32 hvad
1195 1525 65 33 den
1282 1533 95 26 rörer
1399 1528 203 40 folkskolan,
1628 1531 61 31 och
1712 1527 102 51 något

175 1567 103 27 annat
301 1563 69 32 afse
394 1565 74 31 icke
492 1565 191 41 egentligen
706 1565 40 32 de
770 1566 125 32 väckta
918 1567 220 33 motionerna.

330 1607 65 31 Att
424 1618 43 21 en
494 1608 126 30 komité
643 1608 111 31 skulle
778 1609 144 31 behöfva
943 1610 162 32 tillsättas
1128 1609 53 34 för
1204 1615 51 28 att
1277 1613 120 31 utreda
1421 1613 109 33 denna
1553 1615 102 41 fråga,
1682 1616 42 32 då
1746 1617 66 32 alla

178 1647 220 42 erforderliga
426 1650 203 31 materialier
652 1653 53 28 stå
728 1650 124 42 Kongl.
879 1651 94 41 Maj:t
995 1653 53 31 till
1067 1653 85 32 buds
1175 1653 12 32 i
1210 1654 88 32 Dess
1320 1655 491 43 Ecklesiastik-departement,

180 1689 62 32 har
259 1691 58 40 jag
340 1691 110 42 aldrig
473 1692 138 32 förmått
632 1693 83 37 inse,
740 1704 78 21 men
842 1694 42 32 då
906 1705 78 21 man
1006 1695 212 42 nödvändigt
1240 1697 61 32 vill
1324 1698 142 33 bekosta
1488 1710 44 21 en
1554 1700 200 43 begrafning
1777 1705 36 29 åt

180 1732 300 44 folkskolefrågan,
509 1738 36 30 så
578 1738 106 29 måste
711 1736 59 41 jag
798 1737 76 41 böja
896 1737 69 41 mig
987 1737 52 32 för
1063 1739 237 42 öfvermagten,
1325 1741 103 33 sedan
1445 1742 59 42 jag
1525 1754 48 21 nu
1594 1744 125 32 uttalat
1741 1745 71 32 min

179 1776 167 32 särskilda
367 1778 146 41 mening.
