1910 2790
461 143 286 31 Statsutskottets
769 143 179 30 utlåtande
969 153 43 20 nr
1033 145 42 29 24
1094 143 39 31 år
1156 144 85 30 1960

1584 143 18 30 [|

594 283 143 34 Fonden
758 283 58 34 för
837 283 272 34 låneunderstöd

151 380 96 35 13:0)
277 381 71 30 Lån
371 382 53 29 till
447 382 153 35 Uppsala
626 382 212 29 studentkår.
862 381 14 29 I
902 381 150 37 enlighet
1075 381 77 30 med
1177 381 124 38 Kungl.
1326 380 122 38 Maj:ts
1472 381 130 38 förslag

109 431 130 39 (punkt
262 432 49 34 17,
335 441 24 20 s.
382 432 73 35 28),
477 432 108 29 vilket
605 431 147 30 innebär
770 431 222 40 uppförande
1014 431 112 30 under
1146 431 229 30 förevarande
1398 431 121 39 anslag
1541 440 58 20 en-

105 481 78 30 dast
203 491 42 21 av
264 484 48 27 ett
333 481 153 31 formellt
505 482 135 40 belopp,
662 482 202 30 hemställer
884 482 181 35 utskottet,

456 534 51 30 att
525 533 187 40 riksdagen
731 533 58 30 må
807 533 52 30 till
879 533 75 31 Lån
975 533 52 30 till
1047 533 150 40 Uppsala
1216 532 210 31 studentkår
1444 533 56 30 för
1517 532 86 30 bud-

414 583 131 40 getåret
571 583 146 37 1960/61
744 584 121 31 anvisa
889 586 48 29 ett
960 583 355 41 investeringsanslag
1338 592 43 21 av
1406 583 94 30 1000
1525 583 79 30 kro-

414 643 74 21 nor.

153 751 96 35 14:0)
279 753 220 37 Uppskjutna
524 753 128 36 frågor.
677 752 225 31 Beträffande
928 752 67 30 vad
1021 752 126 40 Kungl.
1177 752 105 40 Maj:t
1308 752 180 40 föreslagit
1515 752 88 30 riks-

106 802 111 41 dagen
237 803 111 29 under
368 803 158 40 följande
546 803 162 40 punkter,
728 803 176 40 nämligen

149 853 160 39 punkten
355 853 29 30 8.
409 854 207 40 Utbyggnad
635 863 42 21 av
694 854 163 30 tekniska
876 854 195 40 högskolan
1090 854 11 29 i
1122 854 212 34 Stockholm,

149 904 159 39 punkten
355 904 28 30 9.
408 904 254 40 Nybyggnader
683 904 54 30 för
760 904 178 31 Chalmers
960 904 163 30 tekniska
1142 904 179 40 högskola,

150 954 159 39 punkten
336 953 49 31 14.
411 954 138 31 Statens
573 954 167 31 lånefond
763 954 56 31 för
842 954 361 31 universitetsstudier
1228 957 91 28 samt

150 1004 159 39 punkten
336 1004 49 30 15.
411 1005 189 30 Allmänna
627 1004 326 32 studielånefonden

107 1054 138 40 avgiver
262 1055 170 30 utskottet
452 1065 122 21 senare
592 1055 112 30 under
722 1055 187 40 riksdagen
930 1056 191 34 utlåtande,
1140 1056 108 30 vilket
1267 1056 171 30 utskottet
1459 1056 143 30 härmed

107 1104 55 30 får
181 1105 54 30 för
256 1105 187 40 riksdagen

722 1157 146 30 anmäla.

152 1257 200 30 Stockholm
373 1257 67 30 den
463 1257 39 30 19
522 1257 155 30 februari
702 1257 83 31 1960

595 1359 47 30 På
665 1359 279 31 statsutskottets
965 1360 146 40 vägnar:

635 1425 172 30 MARTIN
830 1426 236 30 SKOGLUND

155 1561 64 30 Vid
239 1560 220 40 förestående
480 1560 147 31 ärendes
645 1560 286 41 slutbehandling
950 1561 94 30 inom
1067 1561 170 30 utskottet
1256 1561 65 30 har
1341 1562 157 30 närvarit

157 1619 81 30 från
271 1619 166 31 första
469 1620 222 30 kammaren:
727 1620 122 30 herrar
883 1620 189 35 Gillström,
1106 1621 144 34 Boman,
1284 1621 78 30 Ivar
1393 1621 211 34 Johansson,

109 1661 120 39 Birger
245 1662 211 35 Andersson,
475 1662 115 35 Thun,
610 1662 132 31 Rikard
761 1663 183 34 Svensson,
966 1663 199 39 Söderberg,
1186 1663 106 30 Bertil
1312 1664 195 35 Petersson,
1528 1664 76 30 Pal-

109 1712 65 26 me,
195 1704 225 39 Mossberger,
440 1705 111 39 Bengt
569 1704 224 36 Gustavsson,
813 1705 145 35 Sundin,
979 1705 214 30 Lundström
1213 1706 65 29 och
1297 1705 153 40 Kaijser;
1475 1708 91 28 samt

153 1763 81 30 från
297 1764 121 30 andra
445 1764 223 31 kammaren:
687 1764 123 30 herrar
828 1764 180 39 Skoglund
1027 1764 11 30 i
1057 1765 220 39 Doverstorp,
1297 1764 212 35 Åkerström,
1529 1766 77 29 Pet-

109 1807 118 28 terson
241 1806 12 29 i
268 1806 195 39 Degerfors,
479 1806 203 40 Malmborg,
698 1806 172 41 Thapper,
886 1807 211 34 Rubbestad,
1115 1807 160 39 Staxäng,
1291 1807 150 30 Persson
1455 1807 12 29 i
1482 1807 122 39 Växjö,

110 1847 209 30 Gustafsson
339 1848 12 29 i
373 1848 212 35 Stockholm,
608 1848 173 30 Svensson
802 1849 11 29 i
838 1849 206 38 Stenkyrka,
1067 1849 168 30 Karlsson
1257 1849 11 29 i
1291 1849 203 34 Olofström,
1515 1849 90 30 Nils-

111 1898 63 21 son
191 1890 12 29 i
222 1890 271 39 Göingegården,
515 1890 124 30 fröken
659 1891 136 35 Olsson,
816 1890 126 30 fröken
962 1890 109 40 Vinge
1092 1891 65 29 och
1177 1891 81 29 herr
1276 1891 118 30 Helén.

342 2472 95 21 600386
476 2468 166 26 Stockholm
658 2469 73 24 1960.
753 2469 79 24 Isaac
844 2470 111 23 Marcus
968 2469 186 31 Boktryckeri
1169 2469 169 31 Aktiebolag
