2155 2636
646 223 104 33 Stats-
760 222 174 33 Utskottets
962 219 174 33 Utlåtande
1159 218 57 33 N:o
1238 220 44 31 12
1301 229 29 21 a.
1711 216 34 29 11

591 312 60 35 län
689 310 192 35 inkomster
923 308 39 35 af
997 307 155 45 tjensten
1177 306 111 35 under
1315 302 40 37 år
1385 305 92 34 1883
1506 304 120 34 kunna
1651 303 140 34 komma

593 365 54 32 att
672 361 205 44 understiga
919 361 108 42 2,500
1067 359 130 34 kronor
1238 357 54 35 för
1330 366 112 35 yngre
1474 354 317 44 afvittringslandt-

592 416 135 31 mätare
781 412 81 34 och.
898 413 109 40 3,000
1060 411 129 32 kronor
1240 408 54 34 för
1334 408 41 33 de
1416 406 375 44 afvittringslandtmä-

592 467 89 40 tare,
723 473 71 24 som
833 459 44 47 på
917 460 114 45 grund
1071 459 39 35 af
1146 456 97 38 ålder
1273 458 13 35 i
1312 457 153 46 tjensten
1493 457 109 45 enligt
1629 457 162 44 gällande

592 518 85 32 taxa
705 511 140 48 åtnjuta
865 510 375 45 arfvodesförhöjning,
1256 507 56 37 må
1327 508 465 45 afvittringslanätmätarne

593 567 190 44 godtgöras
816 564 64 35 och
907 563 39 34 af
970 563 168 44 anslagen
1165 562 54 34 till
1246 560 209 35 storskiftes-
1484 561 63 34 och
1575 560 216 43 afvittrings-

592 618 134 35 verken
752 613 102 47 utgå;

646 665 28 51 c)
715 669 54 33 att
807 666 55 35 för
902 662 40 38 år
984 665 93 34 1883
1119 660 37 37 åt
1182 662 302 45 föredragandena
1512 661 39 35 af
1575 660 217 44 afvittrings-

595 719 153 36 ärenden
773 718 13 34 i
812 716 270 36 Vesterbottens
1109 714 63 35 och
1198 712 235 36 Norrbottens
1446 714 59 33 län
1520 716 90 31 samt
1624 713 54 33 tili
1692 711 100 35 skrif-

595 770 138 35 biträde
760 766 37 37 åt
824 768 76 34 dem
926 764 56 37 må
1008 765 150 44 beviljas
1185 774 43 25 en
1254 764 188 44 tillökning
1468 764 40 34 at
1532 766 72 33 400
1632 763 160 43 kronor
1768 759 28 54 i

596 821 59 35 det
682 818 37 37 åt
744 818 127 45 hvarje
898 817 38 35 af
961 817 76 34 dem
1065 816 169 42 anslagna
1261 816 139 44 belopp;
1430 817 89 32 samt

647 869 34 48 d)
724 873 54 32 att
816 868 156 44 tillfällig
1009 866 189 44 tillökning
1237 867 11 34 i
1281 870 283 41 styresmannens
1591 866 55 35 för
1673 865 119 36 afvitt-

594 921 225 45 ringsverket
856 920 13 35 i
908 918 270 37 Vesterbottens
1220 920 59 35 län
1318 916 202 37 årsarfvode
1547 918 54 34 för
1628 915 40 37 år
1698 918 93 33 1883

595 971 57 37 må
677 972 78 35 med
783 973 70 34 200
879 971 130 34 kronor
1034 968 158 45 beviljas.

332 1079 66 33 6:0.
452 1074 130 45 Kongl.
611 1074 109 45 Maj:t
746 1075 66 33 har
837 1073 111 34 under
975 1072 113 34 denna
1115 1072 221 43 anslagstitel
1352 1070 131 45 jemväl
1496 1069 183 44 föreslagit
1693 1068 101 35 Riks-

196 1129 114 43 dagen
337 1130 64 41 att,
430 1127 54 34 till
510 1126 222 35 bestridande
760 1124 39 35 af
822 1124 229 35 kostnaderna
1068 1122 65 43 för
1159 1097 202 67 slörskäftes
1388 1121 57 34 och
1472 1115 258 65 ajfvittringsver
1732 1120 63 33 ken

196 1153 111 61 under
345 1176 39 37 år
428 1179 105 42 1883,
574 1177 54 34 för
667 1187 130 24 samma
836 1173 51 46 år,
927 1174 140 36 utöfver
1106 1173 173 35 ordinarie
1306 1173 160 44 anslaget
1493 1173 134 42 63,000
1655 1171 140 43 kronor,

197 1228 45 47 på
269 1232 101 32 extra
398 1231 71 32 stat
496 1228 123 35 anvisa
648 1229 159 41 240,300
834 1199 140 77 kronor.

330 1280 124 44 Enligt
485 1279 95 36 hvad
612 1256 381 65 statsrådsprotokollet
1022 1274 73 49 (sid.
1127 1277 47 33 34
1201 1276 63 34 och
1291 1272 166 49 följande)
1485 1273 115 45 gifver
1625 1273 61 39 vid
1712 1273 83 33 han-

198 1333 77 43 den,
316 1331 136 35 slutade
492 1333 51 32 ett
571 1330 39 34 af
632 1328 418 44 Landtmäteristyrelsen
1076 1326 189 45 uppgjordt
1292 1326 63 34 och
1382 1326 77 34 med
1484 1322 234 46 underdånigt
1744 1326 52 31 ut-

197 1361 142 57 låtande
367 1383 66 33 den
464 1383 44 33 14
535 1380 200 35 November
766 1381 91 33 1881
888 1379 254 35 öfverlemnadt
1150 1378 151 59 förslag
1327 1377 55 34 till
1407 1376 200 44 utgiftsstat
1633 1375 55 34 för
1711 1377 84 32 stor-

199 1434 136 34 skiftes-
364 1433 64 35 och
455 1432 339 44 afvittringsverken
820 1431 110 34 under
951 1428 40 36 år
1013 1431 93 33 1882
1122 1426 45 47 på
1182 1439 42 24 en
1239 1438 132 24 summa
1387 1427 38 35 af
1448 1426 66 36 Kr.
1545 1427 170 43 311,585:

200 1485 63 35 och
303 1495 71 24 som
413 1484 55 34 till
506 1483 218 34 betäckande
764 1481 39 35 af
839 1482 97 34 detta
967 1480 249 45 utgiftsbelopp
1242 1479 125 35 funnes
1392 1476 46 46 på

250 1536 209 34 riksstatens
487 1534 103 44 sjette
617 1533 215 35 hufvudtitel

202 1589 51 32 ett
280 1585 174 35 ordinarie
481 1585 124 43 ansläg
631 1582 431 38 Ådmesmmmmmmmmn
943 1578 59 54 sne
1021 1578 45 54 sn
1092 1580 67 36 Kr.
1185 1575 15 54 .
1215 1582 144 42 63,000:

202 1638 63 34 och.
293 1639 52 32 ett
373 1638 100 32 extra
501 1636 123 43 anslag
651 1632 21 37 å
710 1628 125 55 oosssms
865 1666 82 3 smell
998 1665 82 4 mee
1129 1645 12 16 >
1193 1609 87 84 229,
1281 1633 77 50 300:
1376 1643 20 50 -
1485 1652 12 16 »
1550 1639 169 52 292,300:

200 1713 210 44 understege
438 1712 97 34 detta
562 1711 122 44 belopp
711 1709 241 36 förstnämnda
979 1718 132 25 summa
1137 1687 63 71 med

1405 1677 115 81 Kr.
1578 1709 55 41 19,
1640 1689 80 52 285:
1750 1725 49 5 —

201 1801 80 23 men
309 1789 154 43 emedan,
493 1788 109 43 enligt
635 1798 43 23 en
708 1787 13 35 i
749 1785 280 36 Statskontorets
1055 1742 215 88 utgiftsbyrå
1293 1742 19 71 G
1299 1785 65 34 den
1395 1786 43 33 10
1467 1783 156 35 sistlidne
1650 1781 150 36 Novem-

202 1842 62 34 ber
289 1817 175 67 uppgjord
489 1839 124 43 kalkyl
641 1838 99 59 öfver
765 1834 236 47 tillgångarne
1028 1835 20 36 å
1076 1838 166 43 anslagen
1261 1836 55 35 till
1335 1835 130 35 skiften
1481 1835 63 35 och
1559 1833 240 44 afvittringar,

204 1893 106 34 sedan
337 1890 195 46 utgifterna
559 1890 110 34 under
696 1886 40 37 år
766 1890 92 33 1881
888 1862 117 61 blifvit
1031 1864 189 68 bestridda,
1248 1885 246 45 behållningen
1522 1885 152 34 derefter
1688 1885 113 33 skulle

203 1946 128 42 utgöra
361 1943 132 42 26,549
522 1942 129 33 kronor
680 1942 44 32 89
754 1943 69 40 öre,
853 1936 38 38 så
917 1950 95 33 vore,
1039 1940 111 34 under
1176 1917 255 80 förutsättning
1458 1939 54 32 att
1539 1937 112 33 denna
1673 1933 128 36 behåll-

204 1995 85 43 ning
329 1993 177 59 användes
545 1992 54 34 till
637 1968 219 58 betäckande
895 1991 39 34 af
971 1968 257 57 ofvannämnda
1259 1990 88 34 brist
1374 1986 21 37 å
1425 1989 129 42 19,285
1582 1988 140 42 kronor,
1752 1988 52 32 ett

206 2021 196 60 öfverskott
441 2041 20 37 å
495 2044 110 43 7,264
631 2043 130 33 kronor
789 2043 44 33 89
863 2045 58 32 öre
949 2044 53 32 att
1029 2039 158 62 påräkna
1214 2041 55 34 till
1294 2016 222 59 bestridande
1544 2038 39 35 af
1605 2015 196 67 utgifterna

207 2096 53 36 för
287 2095 210 36 storskiftes-
520 2071 69 57 och
616 2092 341 44 afvittringsverken
982 2093 111 35 under
1119 2091 40 36 år
1190 2094 104 34 1883.

340 2144 58 36 Då
437 2145 145 35 ärendet
622 2141 179 47 angående
840 2144 244 34 fastställande
1120 2143 40 36 af
1196 2145 72 32 stat
1294 2142 54 35 för
1375 2141 109 44 sagda
1510 2141 90 35 verk
1625 2139 111 36 under
1763 2136 41 37 år

213 2199 91 33 1882
346 2197 66 34 den
446 2199 20 32 2
494 2195 173 35 nästlidne
694 2193 195 36 December
915 2194 92 34 inför
1032 2194 129 45 Kongl.
1190 2193 109 45 Maj:t
1326 2192 188 42 anmäldes,
1542 2191 81 43 blef,
1651 2191 78 34 med
1752 2189 52 35 af-

208 2249 88 43 drag
324 2248 123 34 endast
475 2246 39 35 af
538 2256 43 24 en
606 2245 53 34 uti
686 2244 436 44 Landtmäteristyrelsens
1149 2245 133 44 förslag
1308 2244 51 34 till
1390 2246 71 31 stat
1475 2242 54 34 för
1545 2240 261 46 afvittringen
1786 2236 23 60 i

206 2298 273 40 Vesterbottens
517 2298 60 38 län
617 2300 179 43 upptagen
823 2295 366 48 arfvodesförhöjning
1214 2296 56 35 till
1296 2305 43 24 en
1366 2293 440 46 afvittringslandtmätare

1832 1083 130 29 Angående

1818 1117 91 30 arelag
1928 1116 45 24 till

1818 1152 161 29 storskifter-

1875 1186 46 22 och

1813 1219 167 30 afviltrings-

1847 1254 101 22 verken.

1871 1292 53 34 [8]
