2282 2775
521 225 20 32 2
987 223 250 38 Lay-Utskottets
1266 223 168 30 Utlåtande
1459 223 59 30 N:o
1541 224 29 28 2.

616 313 75 45 3:0)
719 317 55 32 att
802 312 330 48 emigrant-agent,
1160 324 80 23 som
1268 317 139 31 tvänne
1436 315 141 46 gånger
1605 310 124 38 blifvit
1765 310 210 38 förvunnen
2006 312 58 36 till

480 364 270 38 öfverträdelse
779 369 81 31 mot
888 363 45 37 de
961 363 12 36 i
1000 362 118 38 första
1147 363 170 48 punkten
1345 362 197 38 bestämda
1569 361 246 46 föreskrifter,
1835 363 82 37 icke
1937 363 127 37 vidare

481 416 55 38 får
563 416 87 37 med
678 414 411 51 emigrantbefordring
1115 420 88 44 taga
1230 414 242 49 befattning.»

613 467 86 37 Men
739 475 90 28 enär
870 466 106 37 detta
1015 465 140 49 förslag
1182 466 81 36 icke
1292 467 74 35 kan
1394 466 175 37 hänföras
1598 467 57 35 till
1685 467 137 35 allmän
1851 467 114 44 civil-,
1995 468 72 34 kri-

481 519 131 39 minal-
653 521 92 35 eller
785 518 184 50 kyrkolag
998 518 69 36 och
1097 517 145 37 således
1271 518 31 48 ej
1331 517 109 37 faller
1467 519 103 35 inom
1601 517 192 49 omfånget
1820 516 57 38 för
1904 517 163 49 Lag-Ut-

480 573 162 36 skottets
670 572 12 35 i
711 573 45 34 53
791 568 17 49 $
837 568 358 50 Regeringsformen
1223 569 70 37 och
1323 571 44 34 42
1397 567 18 49 $
1432 569 415 49 Riksdags-ordningen
1865 569 199 37 utstakade

481 623 253 45 verksamhet,
774 621 205 38 föranlåtes
1019 620 197 38 Utskottet
1255 621 59 36 till
1341 621 227 36 Kammaren
1597 622 208 35 återlemna
1833 620 71 37 den
1931 620 136 49 ifråga-

481 675 164 37 varande
674 675 214 40 motionen;
916 673 146 36 hvilket
1089 672 58 37 för
1174 672 214 48 Riksdagen
1417 672 193 37 vördsamt
1638 673 174 36 anmäles.

679 777 217 38 Stockholm
925 776 71 37 den
1025 778 21 34 4
1074 776 181 36 Februari
1286 779 105 35 1869.

965 881 59 36 På
1061 879 261 37 Utskottets
1362 887 181 41 vägnar:

1103 980 109 38 ERIC
1248 980 199 38 SPARRE.

1192 1482 99 40 N:o
1321 1482 56 39 2,

1063 1636 75 31 Ank,
1162 1637 44 28 till
1231 1635 101 30 Riksd.
1356 1634 103 29 Kansli
1482 1634 27 30 d.
1534 1635 17 27 4
1575 1634 87 29 Febr.
1690 1635 87 34 1869,
1801 1633 39 28 kl.
1867 1634 12 27 1
1907 1643 24 18 e.
1956 1642 34 19 m.

689 1782 209 46 Utlåtande,
929 1783 11 35 i
968 1782 198 47 anledning
1200 1782 43 49 af
1273 1781 135 36 Andra
1448 1780 244 36 Kammarens
1722 1779 125 36 remiss
1875 1779 45 49 af
1944 1780 133 35 motion

818 1833 196 51 åsyftande
1043 1833 171 49 åtgärder
1241 1832 54 37 till
1322 1832 217 36 hämmande
1567 1831 44 49 af
1637 1830 269 47 emigrationen.

621 1953 73 37 Till
732 1952 312 49 Lag-Utskottets
1085 1952 232 49 behandling
1350 1952 67 36 har
1453 1950 126 36 Andra
1613 1951 226 35 Kammaren
1866 1949 212 36 remitterat

487 2011 56 32 ett
583 2003 40 38 af
657 2004 98 37 Herr
795 2003 43 38 G.
881 2003 230 49 Heggström
1143 2003 112 36 väckt
1287 2003 152 48 förslag,
1468 2007 55 31 att
1550 2001 216 47 Riksdagen
1795 2004 116 32 måtte
1941 2005 135 43 antaga

487 2069 45 23 en
562 2057 61 48 lag
649 2055 87 37 med
764 2054 321 48 hufvudsakligen
1113 2054 163 49 följande
1305 2054 301 37 bestämmelser:

619 2104 94 47 »1:0)
755 2112 55 31 att
848 2106 129 48 hvarje
1019 2111 112 43 agent
1172 2106 92 36 eller
1304 2104 170 38 värfvare
1501 2104 58 37 för
1592 2103 302 48 ermigrantbolag
1925 2103 69 36 bör
2022 2103 54 35 till

486 2158 176 37 säkerhet
690 2156 58 38 för
776 2157 45 37 de
850 2156 190 46 förluster,
1068 2170 81 24 som
1176 2170 138 34 genom
1342 2156 159 47 svikliga
1529 2156 92 36 eller
1649 2155 108 48 eljest
1783 2154 140 36 brutna
1939 2152 140 38 förbin-

486 2209 123 38 delser
649 2208 181 46 orsakats,
870 2209 110 36 ställa
1017 2208 76 49 god
1134 2208 68 37 och
1238 2208 168 49 antaglig
1433 2208 143 48 borgen
1606 2205 40 38 af
1670 2207 113 35 minst
1813 2205 134 45 10,000
1975 2204 104 45 R:dr,

486 2274 81 23 som
608 2260 211 49 deponeras
859 2259 69 36 hos
970 2260 282 37 vederbörande
1283 2259 224 49 myndighet
1535 2259 8 34 i
1576 2258 72 36 den
1678 2263 70 33 ort,
1779 2257 66 36 der
1872 2262 114 43 agent
2013 2256 64 35 vill

488 2312 176 37 utveckla
691 2312 58 36 sin
777 2311 258 45 verksamhet;
