2292 2776
711 223 254 36 Lug-Utskottets
995 223 167 29 Utlåtunde
1186 223 59 29 N:o
1273 227 30 27 2.
1746 224 18 31 3

346 310 74 46 2:0)
461 315 55 31 att
556 311 97 35 intet
694 310 113 48 bolag
848 310 91 36 eller
980 310 146 36 enskild
1169 324 136 36 person
1335 324 88 37 eger
1450 311 173 37 använda
1651 317 155 44 agenter

210 367 106 32 utom
344 362 12 35 i
384 361 173 37 ändamål
600 366 55 32 att
688 361 141 37 bereda
860 362 303 48 transportmedel
1190 362 57 37 för
1274 363 166 48 sjöresan
1469 363 68 36 och
1568 363 86 37 med
1681 363 123 37 vilkor

210 418 56 31 att
310 411 217 38 densamma
568 414 92 35 eller
701 413 72 36 den
815 412 286 49 ifrågavarande
1130 428 188 33 personen
1345 414 89 48 sjelf
1457 428 89 34 eger
1575 414 63 36 det
1665 414 139 50 fartyg,

210 477 79 23 som
318 464 176 48 erbjudes
522 463 58 37 för
607 463 249 46 öfverfarten;

340 512 75 49 3:0)
444 521 55 31 att
532 516 96 36 intet
655 515 137 49 fartyg,
821 515 121 38 afsedt
969 516 57 37 för
1056 516 218 49 befordring
1300 516 58 37 för
1387 517 244 45 utvandrare,
1659 518 141 36 tillåtes

208 567 84 47 afgå
325 567 86 36 med
451 567 227 36 utvandrare
706 566 78 36 förr
811 574 45 28 än
885 568 217 47 besigtning
1127 568 103 35 skett
1258 567 39 36 af
1319 568 284 36 vederbörande
1632 568 172 49 myndig-

208 618 65 36 het
306 617 70 37 och
409 617 167 37 rederiet
603 617 72 37 kan
704 616 119 38 förete
853 617 40 37 af
914 618 181 48 behörige
1124 619 325 48 besigtningsmän
1477 618 196 38 utfärdadt
1699 620 105 36 bevis

209 682 60 23 om
310 668 186 49 fartygets
540 669 197 48 rymlighet,
778 669 233 49 sjöduglighet
1043 675 96 31 samt
1165 670 241 47 proviantens
1433 670 273 49 tillräcklighet
1734 671 68 36 och

208 722 122 36 sunda
360 719 279 46 beskaffenhet;

343 769 77 49 4:0)
448 777 56 31 att
530 771 126 37 läkare
686 772 92 36 eller
806 772 228 36 åtminstone
1064 771 205 38 välförsedt
1285 772 239 49 husapothek
1538 774 70 36 bör
1627 771 177 51 medfölja

208 824 58 37 för
299 823 129 47 hvarje
455 836 102 32 resa;

346 872 75 46 5:0)
450 879 56 31 att
533 875 114 48 ingen
674 874 12 35 i
714 873 155 37 Statens
897 875 128 47 tjenst,
1053 875 92 35 eller
1172 874 63 36 vid
1264 875 238 47 postkontor,
1518 876 202 48 jernvägar
1736 876 68 36 och

208 924 302 51 telegrafbyråer
554 924 163 37 anställd
760 938 148 35 person,
951 924 110 37 äfven
1103 938 61 22 om
1211 925 108 36 dessa
1347 925 158 37 sednare
1534 932 138 30 tvänne
1701 927 104 35 kom-

210 977 283 37 munikationer
526 983 64 29 äro
628 975 41 38 af
692 975 148 37 enskild
868 981 125 39 natur,
1020 975 56 37 får
1104 975 202 37 innehafva
1334 977 351 47 emigrantagentur
1712 978 91 35 eller

209 1030 141 35 tillåtas
390 1026 65 37 vid
490 1027 84 36 dess
601 1027 140 35 kontor
770 1028 92 35 eller
888 1027 137 47 byråer
1053 1027 103 36 anslå
1183 1027 389 48 tillkännagifvanden
1603 1041 61 23 om
1693 1041 110 35 agen-

210 1085 64 30 tur
300 1079 61 36 för
388 1077 252 49 utvandring;
670 1077 68 36 och

346 1128 75 44 6:0)
450 1133 55 31 att
541 1128 87 48 inga
660 1128 151 49 tryckta
838 1127 391 49 tillkännagifvanden
1258 1142 59 22 om
1347 1129 231 47 utvandring
1607 1130 68 35 och
1704 1129 99 37 hvad

211 1181 129 36 dertill
367 1179 112 36 hörer
505 1178 37 36 få
571 1183 47 43 på
646 1178 264 49 landsbygden
937 1179 175 48 spridas.»

343 1229 87 37 Men
475 1238 89 28 enär
610 1230 106 37 detta
760 1229 140 49 förslag
945 1230 80 36 icke
1066 1230 73 37 kan
1183 1229 175 38 hänföras
1403 1231 59 36 till
1509 1231 137 36 allmän
1689 1231 114 45 civil-,

211 1283 190 36 kriminal-
443 1282 92 36 eller
575 1282 186 48 kyrkolag
803 1282 69 36 och
900 1281 144 37 således
1073 1282 31 47 ej
1133 1280 110 38 faller
1270 1282 102 35 inom
1402 1282 193 49 omfånget
1622 1281 57 38 för
1707 1282 94 48 Lag-

209 1333 215 38 Utskottets
451 1334 12 35 i
492 1336 45 34 53
566 1331 19 49 $
613 1332 357 49 Regeringsformen
1011 1333 70 36 och
1118 1335 45 34 42
1192 1330 18 49 $
1239 1333 415 50 Riksdags-ordningen
1682 1339 118 31 utsta-

211 1385 95 37 kade
347 1385 253 44 verksamhet,
628 1384 203 37 föranlåtes
859 1383 197 38 Utskottet
1083 1385 59 35 till
1170 1383 225 38 Kammaren
1431 1386 208 35 återlemna
1667 1385 135 48 ifråga-

211 1436 165 38 varande
405 1436 163 45 motion;
596 1435 145 37 hvilket
768 1434 58 37 för
852 1435 216 48 Riksdagen
1095 1435 193 37 vördsamt
1317 1435 316 49 tillkännagifves.

345 1521 221 37 Stockholm
596 1520 72 37 den
697 1523 21 33 4
746 1520 183 37 Februari
958 1521 106 36 1869.

717 1622 56 35 På
813 1621 262 37 Utskottets
1115 1630 182 40 vägnar:

834 1739 108 37 ERIC
985 1740 198 38 SPARRE.
