2212 2688
833 145 347 34 Jordbruksutstottets
1202 145 165 34 utlåtande
1389 146 53 32 Nr
1465 147 72 32 115.

387 226 182 50 förslaget
611 226 155 37 allenast
796 226 9 36 i
834 226 44 37 de
919 231 140 32 tvenne
1098 227 173 49 punkter,
1300 227 13 36 i
1341 226 185 38 avseende
1551 229 19 34 å
1598 226 102 37 vilka
1738 240 45 23 av
1811 227 170 37 enskilda

387 284 226 32 motionärer
654 285 123 43 gjorts
825 279 326 50 framställningar
1192 293 60 23 om
1295 280 175 49 ändring,
1514 279 124 37 funnit
1680 279 204 50 anledning
1925 281 53 36 till

387 345 149 25 erinran
566 341 78 28 mot
672 333 142 48 Kungl.
845 333 127 49 Maj:ts
1001 333 154 48 förslag.

515 544 240 36 Beträffande
796 544 94 36 först
931 544 74 36 den
1043 557 45 23 av
1116 544 87 36 herr
1232 544 231 37 Gustafsson
1491 544 134 50 gjorda
1653 545 328 48 framställningen

387 610 61 23 om
490 597 238 36 uteslutande
769 610 45 23 av
856 597 63 36 det
960 597 12 35 i
1003 599 17 33 7
1053 610 111 23 mom.
1194 597 149 36 införda
1372 597 238 49 stadgandet,
1640 603 54 31 att
1721 610 150 37 person,
1902 610 80 24 som

387 649 122 50 enligt
550 649 118 49 sagda
709 663 111 22 mom.
864 654 40 31 är
944 649 410 49 hembudsberättigad,
1397 650 58 36 för
1493 654 54 32 att
1575 650 12 36 1
1617 650 120 49 dylikt
1765 650 216 37 hänseende

386 703 129 35 kunna
543 702 152 36 komma
722 702 13 35 1
763 702 146 47 åtanke,
939 702 95 36 skall
1062 716 88 22 vara
1171 702 146 36 mindre
1338 702 195 37 bemedlad
1554 702 90 36 eller
1663 702 231 47 obemedlad,
1916 703 67 35 har

385 754 186 35 utskottet
611 754 126 35 funnit
778 754 127 35 starka
947 754 83 36 skäl
1058 754 74 35 tala
1159 754 59 35 för
1245 754 107 36 bifall
1380 754 56 36 till
1464 754 253 36 motionärens
1745 754 235 36 hemställan.

389 805 133 38 Såsom
551 806 234 36 motionären
814 805 226 50 framhåller,
1070 809 119 34 måste
1210 807 62 36 det
1291 808 165 47 mången
1476 809 105 47 gång
1606 820 113 36 synas
1739 806 244 50 synnerligen

388 859 176 48 oskäligt,
595 871 60 23 om
684 872 46 23 en
760 859 229 47 arrendator,
1019 872 80 23 som
1127 859 119 36 under
1275 861 107 34 årens
1411 860 89 49 lopp
1529 872 139 35 genom
1696 858 56 36 flit
1780 859 70 36 och
1878 872 104 36 spar-

388 911 147 37 samhet
576 911 145 37 arbetat
764 911 59 49 sig
864 925 77 36 upp
982 925 45 23 ur
1069 911 44 37 de
1155 911 262 37 obemedlades
1455 912 88 36 eller
1571 911 146 37 mindre
1745 911 238 37 bemedlades

387 964 113 47 klass,
542 963 64 37 vid
648 964 205 49 styckning
881 977 45 23 av
956 964 71 37 den
1057 978 46 22 av
1131 964 139 37 honom
1299 964 245 37 arrenderade
1576 964 245 48 egendomen,
1851 964 132 36 endast

389 1016 126 37 därför
556 1021 56 31 att
653 1016 74 36 han
768 1016 159 36 kommit
968 1016 11 36 1
1021 1030 46 23 en
1096 1019 117 46 något
1241 1030 101 23 mera
1369 1016 148 50 burgen
1546 1016 194 49 ställning,
1770 1016 95 37 skall
1892 1030 92 23 vara

388 1069 190 37 utesluten
620 1069 83 36 från
743 1069 249 49 möjligheten
1037 1074 53 32 att
1123 1069 36 37 få
1188 1083 47 23 en
1262 1069 193 49 lägenhet,
1486 1072 20 34 å
1533 1069 127 37 vilken
1687 1069 75 36 han
1790 1069 67 36 har
1885 1082 99 36 egna

389 1122 260 49 åbyggnader,
693 1124 38 33 åt
772 1122 61 48 sig
872 1121 241 50 hembjuden,
1157 1122 69 36 och
1268 1122 168 47 sålunda;
1479 1122 46 36 då
1567 1122 74 35 han
1670 1122 119 48 enligt
1817 1135 112 23 mom.
1961 1123 20 34 9

389 1174 82 37 icke
499 1173 117 37 heller
645 1179 40 31 är
711 1174 215 48 berättigad
956 1180 54 30 att
1037 1174 64 36 vid
1129 1175 248 47 lägenhetens
1411 1174 233 47 utbjudande
1672 1174 56 36 till
1757 1174 227 49 försäljning

388 1226 119 36 under
534 1226 101 36 hand
663 1226 184 49 uppträda
876 1229 123 33 såsom
1029 1226 208 49 spekulant,
1265 1227 12 35 i
1295 1227 104 48 regel
1420 1226 264 48 ovillkorligen
1702 1239 91 23 vara
1812 1232 172 42 tvungen

389 1283 54 31 att
471 1278 169 37 bortföra
668 1278 89 37 eller
785 1278 155 50 försälja
969 1278 45 37 de
1044 1282 20 33 å
1092 1279 225 47 lägenheten
1346 1278 186 50 uppförda
1552 1278 306 49 åbyggnaderna.
1896 1277 88 37 Icke

389 1331 118 36 sällan
548 1331 106 36 torde
695 1330 75 36 han
811 1344 138 35 genom
991 1336 53 32 ett
1085 1331 120 49 dylikt
1245 1331 239 49 nödtvunget
1522 1330 243 37 bortförande
1794 1331 88 36 eller
1908 1330 77 36 för-

389 1382 170 50 säljande
602 1396 45 23 av
675 1383 122 35 husen
825 1383 152 36 komma
1005 1388 53 31 att
1086 1383 172 36 åsamkas
1288 1383 139 36 sådana
1455 1383 186 47 förluster,
1672 1387 53 31 att
1753 1383 87 46 han,
1869 1382 116 37 sedan

389 1435 276 50 byggnaderna
705 1435 62 36 väl
808 1440 62 31 äro
912 1435 163 37 försålda
1112 1436 90 35 eller
1230 1435 308 48 undanskaffade,
1568 1438 79 33 åter
1674 1439 40 32 är
1743 1439 54 32 att
1825 1434 161 36 hänföra

389 1488 56 35 till
474 1488 45 36 de
547 1488 147 35 mindre
722 1487 239 37 bemedlades
990 1489 90 35 eller
1099 1488 263 36 obemedlades
1382 1500 134 37 grupp.
1566 1487 55 36 Då
1641 1487 121 48 enligt
1780 1487 205 36 utskottets

389 1540 245 36 förmenande
677 1540 128 49 dylika
845 1540 280 36 konsekvenser
1167 1541 113 35 såvitt
1321 1540 152 49 möjligt
1514 1540 106 36 torde
1662 1540 91 36 böra
1786 1539 199 46 undvikas,

390 1592 67 36 har
498 1592 186 36 utskottet
726 1597 121 31 ansett
887 1598 224 30 momentets
1153 1592 218 37 nuvarande
1412 1592 144 48 lydelse
1583 1605 90 23 vara
1702 1597 53 30 att
1785 1591 200 49 föredraga

390 1644 158 36 framför
576 1644 71 36 den
677 1658 46 22 av
753 1644 139 49 Kungl.
923 1644 108 49 Maj:t
1059 1644 226 50 föreslagna.

518 1696 421 50 Departementschefen
981 1696 196 37 anmärker
1217 1696 236 50 visserligen,
1497 1701 54 31 att
1592 1696 46 36 då
1666 1696 46 36 de
1739 1696 13 35 i
1780 1700 127 32 ämnet
1935 1708 52 23 nu

388 1749 177 48 gällande
605 1749 347 47 bestämmelserna,
995 1749 119 49 enligt
1141 1749 72 36 vad
1240 1748 180 37 rubriken
1448 1749 55 36 till
1532 1749 70 36 den
1632 1762 46 23 av
1706 1748 143 49 Kungl.
1879 1747 108 50 Maj:t

388 1801 199 36 utfärdade
628 1801 255 48 kungörelsen
924 1801 171 48 angiver,
1140 1814 90 24 avse
1269 1801 231 49 upplåtelser
1542 1802 154 35 allenast
1743 1801 58 35 till
1842 1800 146 36 mindre

389 1852 220 37 bemedlade
651 1852 70 37 och
763 1852 256 49 obemedlade,
1062 1853 72 36 den
1176 1866 46 23 av
1251 1853 141 49 Kungl.
1423 1853 107 49 Maj:t
1559 1853 217 48 föreslagna
1804 1851 184 49 åtgärden

389 1910 54 31 att
483 1905 12 36 i
523 1904 276 50 sammanhang
830 1905 85 36 med
943 1905 199 37 rubrikens
1171 1905 217 49 förenkling
1415 1906 12 35 i
1456 1918 111 23 mom.
1600 1907 18 33 7
1649 1904 169 49 inskjuta
1847 1905 63 36 det
1937 1917 51 23 nu

388 1957 291 48 ifrågavarande
707 1957 239 48 stadgandet,
974 1970 92 24 vore
1096 1971 45 22 av
1168 1962 83 31 rent
1280 1958 147 36 formell
1455 1963 111 30 natur
1595 1957 70 36 och
1691 1957 82 36 icke
1792 1956 196 36 medförde

389 2011 128 51 någon
559 2023 81 23 som
682 2009 98 37 helst
821 2009 224 50 förändring
1085 2010 12 36 i
1139 2009 187 37 avseende
1368 2012 20 34 å
1425 2009 355 38 bestämmelsernas
1809 2008 176 37 innehåll.

389 2064 110 34 Åven
540 2075 61 23 om
643 2061 103 37 detta
786 2061 197 37 teoretiskt
1023 2066 107 44 taget
1162 2066 91 44 äger
1282 2062 58 36 sin
1367 2061 197 49 riktighet,
1595 2061 120 37 skulle
1744 2061 97 36 dock
1869 2060 120 49 enligt

388 2114 206 36 utskottets
622 2113 250 50 uppfattning
900 2113 71 37 den
1000 2128 47 22 av
1075 2114 142 48 Kungl.
1247 2114 107 47 Maj:t
1382 2114 217 47 föreslagna
1625 2113 362 47 omformuleringen

388 2166 12 36 i
441 2167 201 47 praktiken
684 2166 151 36 komma
878 2171 54 30 att
973 2166 170 37 medföra
1182 2166 78 36 viss
1302 2166 210 49 skärpning
1541 2179 45 23 av
1615 2165 373 37 bestämmelserna
1964 2161 26 58 i

388 2218 119 48 fråga,
537 2219 57 46 då,
631 2218 120 49 enligt
777 2218 74 36 vad
879 2218 185 37 utskottet
1092 2218 68 36 har
1188 2218 60 49 sig
1274 2218 153 48 bekant,
1457 2218 318 49 myndigheterna
1802 2216 82 37 med
1915 2217 72 36 den

389 2270 153 49 lydelse,
586 2271 276 48 författningen
904 2284 50 22 nu
996 2276 103 44 äger,
1142 2271 230 36 åtminstone
1413 2270 82 37 icke
1524 2270 103 36 alltid
1658 2274 124 32 ansett
1811 2269 59 48 sig
1897 2269 13 36 1
1937 2282 51 23 nu
