2208 2677
673 151 341 38 Jordbruksutskottets
1037 155 162 35 utlåtande
1223 159 51 32 Nr
1298 161 72 32 115.
1737 167 38 31 15

406 230 134 44 (Kungl.
567 232 114 42 Maj:ts
702 233 147 44 förslag.)
1243 240 188 40 (Utskottets
1451 242 148 44 förslag.)

1048 293 77 37 med
1161 294 74 37 lika
1270 300 74 32 rätt
1380 309 72 24 som
1485 298 65 36 den
1578 300 56 36 till
1659 302 160 38 säkerhet

1044 345 63 47 för
1144 349 277 46 egnahemslånet
1456 351 201 39 meddelade
1688 356 129 38 inteck-

1047 399 137 48 ningen.

359 443 55 35 17.
469 443 200 49 Köpebrev
710 446 167 37 utfärdas
917 449 64 36 vid
1022 450 192 49 tillträdet,
1259 454 114 36 sedan
1415 456 234 39 föreskrivna
1681 461 136 38 villkor

224 491 109 38 blivit
361 494 207 50 uppfyllda.

355 547 58 35 18.
470 547 73 37 Där
583 549 232 39 beträffande
843 554 163 49 område,
1037 567 80 24 som
1146 556 169 39 befinnes
1343 560 174 51 lämpligt
1546 568 54 32 att
1624 567 191 37 användas

223 597 57 36 till
322 597 175 40 bildande
540 614 45 23 av
626 603 443 52 egnahemslägenheter,
1112 609 204 50 anledning
1348 626 120 36 yppas
1498 620 54 32 att
1580 622 149 45 autaga,
1760 625 54 32 att

224 650 125 37 anbud
390 654 20 33 å
439 653 170 37 området
637 654 170 39 kommer
836 663 53 30 att
917 664 112 43 göras
1059 673 46 23 av
1133 660 114 51 bolag
1275 664 89 36 eller
1392 666 188 51 förening,
1611 682 79 25 som
1719 686 95 36 upp-

223 702 109 49 fyller
372 704 186 38 villkoren
600 706 57 37 för
698 708 213 39 erhållande
952 725 47 23 av
1036 713 61 36 lån
1126 713 82 37 från
1232 715 493 57 Jordförmedlingsfonden,
1755 729 61 33 må

223 756 166 36 området
430 757 62 36 vid
525 759 578 53 uppskattningsförrättningen
1131 767 176 38 värderas
1331 769 144 49 jämväl
1503 772 58 37 för
1591 774 225 53 försäljning

221 806 12 36 i
274 807 123 38 odelat
438 809 113 38 skick.
610 811 16 36 I
669 813 175 38 händelse
863 815 92 43 från
985 816 113 51 bolag
1126 819 89 36 eller
1243 820 187 52 förening,
1461 837 81 24 som
1571 839 97 25 ovan
1697 836 117 41 sagts,

220 859 210 39 inkommer
472 863 136 49 anbud,
650 867 226 49 uppgående
917 869 57 36 till
1010 871 116 36 minst
1154 871 61 37 det
1244 874 167 37 området
1439 878 120 36 åsatta
1588 875 236 59 saluvärdet,'

220 919 97 30 samt
346 914 108 49 fråga
482 920 41 31 är
551 929 61 23 om
641 918 198 49 egendom,
869 933 78 24 som
979 922 118 49 enligt
1126 923 236 51 Riksdagens
1392 927 121 37 beslut
1532 930 54 37 får
1606 945 45 23 av
1670 929 140 59 Kungl.

220 964 106 50 Maj:t
356 972 88 31 utan
479 968 237 51 Riksdagens
745 971 129 38 vidare
903 972 166 40 hörande
1097 975 185 51 försäljas,
1313 982 59 33 må
1402 981 163 38 anbudet
1594 998 46 22 av
1668 981 141 59 Kungl.

219 1017 106 39 Mart
354 1026 170 43 antagas.
568 1022 137 37 Därest
733 1026 78 35 åter
841 1024 107 51 fråga
976 1032 40 31 är
1043 1041 60 23 om
1124 1042 124 24 annan
1269 1032 182 47 egendom
1472 1038 47 32 än
1538 1049 90 36 nyss
1648 1043 161 45 nämnts,

218 1070 95 36 skall
355 1072 175 47 anbudet,
565 1087 60 23 om
655 1075 207 38 detsamma
891 1091 47 24 av
967 1078 141 51 Kungl.
1138 1081 107 49 Maj:t
1276 1083 116 37 finnes
1421 1085 163 50 förtjäna
1612 1092 197 48 avseende,

217 1122 248 39 uuderställas
495 1125 239 51 Riksdagens
763 1130 202 50 prövning.

350 1178 56 35 19.
449 1177 266 49 Avskiljandet
757 1194 45 23 av
844 1182 45 37 de
930 1184 57 35 till
1030 1184 227 51 försäljning
1285 1187 11 36 i
1325 1201 96 25 ovan
1451 1192 164 48 angiven
1644 1196 167 51 ordning

218 1228 164 36 avsedda
409 1230 272 49 lägenheterna
706 1233 69 36 och
795 1235 200 37 områdena
1015 1240 59 33 må
1094 1238 93 36 efter
1206 1239 344 52 domänstyrelsens
1570 1245 240 51 beprövande

216 1279 127 38 kunna
385 1286 72 45 äga
498 1297 83 22 rum
623 1285 101 35 såväl
764 1299 137 35 genom
943 1290 282 50 ägostyckning
1265 1305 81 24 som
1386 1308 137 34 genom
1565 1301 241 50 avsöndring.

346 1336 59 35 20.
448 1335 77 37 När
565 1336 176 49 lägenhet
783 1339 89 36 eller
914 1341 161 48 område,
1118 1356 76 23 som
1240 1344 57 37 för
1340 1346 206 52 föryttring
1574 1351 55 37 till
1659 1355 149 37 enskild

216 1398 148 36 person,
408 1387 114 50 bolag
563 1389 89 36 eller
693 1389 175 50 förening
909 1392 177 50 avskiljes
1123 1395 81 37 från
1233 1396 319 54 kronoegendom,
1582 1403 56 37 får
1665 1409 142 36 mantal

216 1438 61 48 sig
318 1441 107 45 åsatt,
469 1441 93 36 skall
605 1442 114 36 sådan
747 1443 180 47 lägenhet
954 1445 12 36 i
990 1445 233 49 jordeboken
1251 1456 187 44 upptagas
1467 1455 118 37 under
1613 1457 82 38 titel
1725 1466 81 31 »ut-

216 1491 139 37 sockne
384 1492 90 37 eller
503 1493 156 37 allmänt
687 1495 141 37 frälse».

344 1550 97 30 samt

741 1651 37 51 b)
807 1659 54 32 att
888 1655 140 50 Kungl.
1050 1657 108 51 Maj:t
1177 1660 95 37 skall
1292 1666 71 45 äga
1382 1664 169 39 meddela
1572 1666 44 38 de
1636 1675 169 34 närmare

612 1703 293 52 bestämmelser,
928 1721 79 24 som
1028 1709 126 38 kunna
1173 1712 120 38 finnas
1309 1716 245 51 erforderliga
1570 1720 57 37 för
1642 1723 162 51 tillämp-

611 1756 144 49 ningen
794 1772 47 23 av
873 1763 257 46 nyssnämnda
1156 1767 166 46 grunder
1349 1775 97 30 samt
1473 1771 58 36 för
1559 1777 244 47 övergången

612 1808 81 37 från
736 1810 44 37 de
821 1811 12 36 i
874 1812 247 40 förevarande
1161 1816 212 41 hänseende
1411 1835 49 23 nu
1498 1824 174 48 gällande
1708 1828 95 37 före-

612 1860 162 40 skrifter.

341 1961 215 40 Stockholm
585 1965 72 38 den
687 1969 20 34 6
737 1969 72 49 maj
843 1972 108 35 1913.

665 2072 52 37 På
745 2073 409 50 jordbruksutskottets
1182 2086 159 44 vägnar:

830 2170 165 48 GÖSTA
1026 2183 155 38 TAMM.
