2162 2620
1729 131 11 7 -

691 125 242 31 Stutsutskottets
957 126 164 31 utlåtande
1144 128 52 30 Nr
1225 129 66 29 127.
1726 139 17 20 d

222 215 14 6 a
461 214 23 7 äre
564 216 14 5 +e
801 217 14 5 va
878 214 5 7 a
1118 210 30 14 2
1250 216 22 9 Ts
1435 217 30 8 vr
1503 218 5 5 .

179 216 128 29 utöver
349 212 69 34 vad
452 213 55 33 för
534 214 236 33 närvarande
799 227 40 21 är
866 214 104 33 fallet
1001 216 89 32 eller
1119 224 56 24 ?/s.
1233 216 66 33 Vid
1331 227 44 22 en
1407 217 158 41 höjning
1593 229 46 21 av
1668 218 116 42 sagda

177 262 107 33 andel
330 264 52 32 till
414 260 75 44 "10,
519 268 120 29 såsom
671 264 410 43 departementschefen
1117 266 172 42 förordat,
1319 266 118 34 skulle
1468 268 185 42 nämligen
1684 268 62 34 det
1775 269 10 32 i

177 313 126 33 alltför
344 317 76 30 stor
456 314 261 42 utsträckning
746 315 126 33 kunna
902 315 163 43 inträffa,
1095 319 53 31 att
1177 317 204 33 arbetslösa
1410 318 97 32 inom
1539 319 102 32 vissa
1670 319 112 42 yrken

177 362 145 34 komme
364 366 49 31 att
458 363 141 34 erhålla
642 365 111 41 högre
796 365 200 34 understöd
1034 369 46 30 än
1110 366 68 33 den
1210 367 188 42 avlöning,
1428 379 78 22 som
1538 369 98 32 inom
1666 369 120 33 andra

175 413 113 42 yrken
333 414 118 32 skulle
494 414 126 34 kunna
663 415 117 33 under
820 416 125 33 arbete
988 417 241 42 uppbringas.
1283 417 129 33 Härav
1453 418 120 33 skulle
1615 419 169 42 tydligen

176 463 127 34 kunna
345 467 134 39 uppstå
523 464 171 42 skadliga
734 466 237 41 verkningar,
1002 477 76 22 som
1122 472 48 36 på
1210 467 160 33 förhand
1408 469 188 41 svårhgen
1627 469 73 33 läte
1730 470 56 41 sig

175 512 235 43 förebyggas.

308 563 18 32 I
367 563 121 42 övrigt
528 564 69 32 har
625 564 181 34 utskottet
834 564 32 42 ej
898 564 126 34 funnit
1054 565 76 33 skäl
1162 569 53 30 att
1243 566 210 34 framställa
1481 578 125 31 nagon
1637 568 148 33 erinran

174 618 75 27 mot
279 612 44 33 de
352 612 164 42 grunder
544 613 58 33 för
629 614 316 34 arbetslöshetens
973 615 270 43 bekämpande,
1264 627 78 22 som
1368 616 416 43 departementschefen

176 661 177 35 förordat.

308 712 133 34 Därest
471 713 44 33 de
543 714 259 43 föreliggande
830 714 226 43 åtgärderna
1085 715 57 34 för
1169 716 314 34 arbetslöshetens
1512 718 272 33 motverkande

173 762 148 43 ordnas,
351 763 9 32 i
407 764 164 42 enlighet
613 765 84 33 med
732 765 73 33 vad
834 766 10 32 i
873 765 71 33 den
973 765 247 35 förevarande
1247 767 282 42 propositionen
1557 767 226 44 föreslagits,

173 816 95 30 samt
311 813 412 44 understödsbeloppen
766 815 109 42 höjas
915 827 50 31 på
1010 818 74 31 sätt
1125 817 182 34 utskottet
1347 828 97 23 ovan
1472 818 194 43 tillstyrkt,
1695 819 89 33 böra

172 863 114 42 enligt
328 864 200 33 utskottets
569 865 98 33 åsikt
707 868 93 30 även
843 865 44 33 de
922 877 165 32 grupper
1114 878 47 22 av
1188 867 215 42 arbetslösa,
1433 868 101 33 vilka
1562 880 108 22 avses
1699 869 85 33 med

172 912 71 33 den
272 924 46 22 av
347 914 128 32 herrar
502 914 190 43 Borggren
722 915 67 33 och
819 915 185 42 Sjöström
1032 917 134 33 väckta
1194 917 201 42 motionen,
1424 918 101 33 bliva
1554 918 48 43 på
1630 921 49 31 ett
1710 919 73 33 till-

170 962 290 35 fredsställande
501 966 73 31 sätt
616 965 286 43 tillgodosedda.
956 966 70 33 Att
1065 966 59 34 för
1163 967 100 33 vissa
1304 978 165 32 grupper
1503 979 46 22 av
1578 969 206 33 arbetslösa

170 1013 208 33 bestämma
419 1014 185 34 särskilda
638 1015 392 43 understödsgrunder
1057 1016 93 34 låter
1177 1017 57 43 sig
1260 1017 59 34 för
1346 1018 121 42 övrigt
1496 1019 116 42 enligt
1641 1019 143 34 utskot-

169 1066 72 31 tets
282 1063 247 44 uppfattning
569 1065 79 33 icke
688 1066 204 43 lämpligen
934 1069 101 40 göra.
1089 1067 189 35 Utskottet
1319 1068 121 33 finner
1481 1069 56 42 sig
1564 1069 112 34 alltså
1704 1070 79 33 icke

169 1114 127 33 kunna
325 1114 188 43 tillstyrka
540 1115 106 34 bifall
674 1116 53 34 till
759 1116 117 44 sagda
904 1117 153 34 motion.

303 1164 84 34 Vad
416 1165 117 43 angår
561 1166 71 33 den
662 1178 46 22 av
736 1167 85 33 herr
847 1167 177 43 Hagman
1052 1168 134 34 väckta
1215 1169 188 33 motionen
1432 1169 68 34 har
1515 1170 197 43 utskottet,
1733 1170 48 34 då

170 1215 182 34 utskottet
379 1218 42 30 är
448 1218 208 41 övertygat,
686 1219 57 31 att
770 1217 281 35 vederbörande
1079 1219 505 35 arbetslöshetskommittéer
1614 1220 78 34 låta
1725 1220 56 43 sig

169 1265 198 43 angeläget
407 1277 92 22 vara
540 1269 56 31 att
637 1268 133 33 anvisa
798 1267 44 34 de
871 1268 207 34 arbetslösa
1105 1268 134 35 sådant
1268 1269 137 43 arbete,
1435 1281 80 23 som
1544 1281 133 23 svarar
1704 1274 77 31 mot

168 1315 109 34 deras
318 1316 307 44 arbetsförmåga,
667 1318 80 33 icke
787 1317 128 35 funnit
954 1319 225 43 tillräckliga
1211 1320 79 33 skäl
1318 1331 92 23 vara
1438 1320 171 42 anförda,
1639 1321 59 34 för
1726 1324 54 31 att

168 1365 201 43 riksdagen
411 1366 119 34 skulle
558 1367 56 33 till
642 1368 141 42 Kungl.
813 1368 110 42 Maj:t
949 1368 128 35 avlåta
1105 1370 177 33 skrivelse
1310 1370 11 33 i
1350 1370 63 34 det
1440 1371 12 32 i
1480 1371 194 34 motionen
1704 1383 76 22 om-

167 1415 188 34 förmälda
383 1415 127 43 syftet.

301 1465 243 36 Beträffande
589 1468 176 43 slutligen
811 1468 45 33 de
896 1469 12 32 i
936 1469 281 43 propositionen
1245 1470 166 43 begärda
1438 1471 341 44 anslagsbeloppen

167 1527 111 31 synes
324 1516 61 34 det
415 1517 193 43 utskottet,
638 1521 56 31 att
722 1518 62 34 det
811 1530 47 22 av
886 1519 141 43 Kungl.
1057 1519 109 43 Maj:t
1193 1520 139 34 äskade
1360 1522 172 42 anslaget
1559 1521 21 34 å
1609 1522 170 44 tilläggs-

167 1569 86 39 stat,
283 1577 78 23 som
390 1567 84 34 med
503 1568 172 44 omkring
704 1569 196 42 9,215,000
929 1569 136 34 kronor
1093 1571 204 43 överstiger
1323 1571 74 34 vad
1426 1583 48 22 av
1492 1572 287 35 arbetslöshets-

166 1617 293 34 kommissionen
500 1621 143 32 ansetts
684 1619 59 34 för
770 1619 214 35 ändamålet
1014 1620 246 44 erforderligt,
1289 1621 64 34 vid
1381 1622 246 44 iakttagande
1657 1634 49 22 av
1734 1623 44 34 de

166 1678 96 23 ovan
308 1667 207 43 tillstyrkta
558 1668 293 45 jämkningarna
895 1670 12 33 i
952 1670 46 34 de
1043 1682 48 22 av
1135 1671 412 44 departementschefen
1576 1672 203 35 förordade

165 1717 215 43 grunderna
424 1718 66 34 bör
534 1719 128 34 kunna
695 1720 193 34 nedsättas
920 1720 58 34 till
1009 1721 220 43 12,000,000
1257 1722 146 43 kronor,
1433 1723 97 34 helst
1557 1734 80 23 som
1667 1723 22 34 å
1717 1724 62 34 det

165 1779 47 22 av
249 1768 93 33 1917
372 1768 61 34 års
460 1769 155 44 riksdag
641 1769 59 35 för
728 1770 215 35 ändamålet
970 1771 189 43 beviljade
1187 1773 171 43 anslaget
1384 1773 65 34 vid
1480 1774 94 33 1918
1605 1773 62 35 års
1697 1775 81 33 bör-

163 1818 67 42 Jan
258 1817 194 36 förefanns
480 1822 52 31 ett
561 1820 241 43 odisponerat
828 1821 136 44 belopp
993 1833 47 22 av
1068 1822 171 44 omkring
1268 1824 197 42 5,715,000
1493 1824 146 34 kronor.

298 1868 53 34 På
379 1870 122 42 grund
530 1881 47 23 av
605 1871 74 33 vad
708 1871 157 34 sålunda
894 1871 145 35 anförts
1067 1872 59 34 får
1152 1873 181 35 utskottet
1363 1874 209 42 hemställa,

670 1968 35 46 1)
751 1975 55 31 att
850 1972 202 44 riksdagen
1093 1974 11 33 i
1149 1974 206 45 anledning
1398 1987 48 22 av
1472 1975 144 44 Kungl.
1649 1976 129 43 Maj:ts

565 2021 258 44 föreliggande
850 2023 234 43 proposition
1113 2024 60 34 må
1200 2024 58 35 för
1285 2026 259 43 bekämpande
1564 2037 51 23 av
1633 2027 145 34 arbets-

564 2072 180 42 lösheten,
791 2073 10 33 i
830 2073 254 44 huvudsaklig
1111 2077 371 34 överensstämmelse
1510 2076 85 34 med
1623 2078 12 33 i
1667 2080 111 31 stats-

563 2121 314 44 rådsprotokollet
923 2126 87 31 över
1055 2125 251 35 civilärenden
1351 2126 72 34 den
1470 2128 44 33 22
1545 2138 101 24 mars
1681 2128 95 33 1918
