2199 2707
714 205 259 37 Statsutskottets
1006 211 176 34 Utlåtande
1208 215 66 32 N:o
1302 219 52 30 17.

238 280 165 51 brygga,
446 284 197 38 anordnad
683 287 12 36 i
736 288 120 38 likhet
897 291 87 37 med
1013 293 84 37 dem
1127 295 64 37 vid
1220 296 244 41 Stockholms

237 346 114 25 norra
393 334 71 38 och
506 342 54 32 ett
600 338 124 39 flertal
765 342 117 37 andra
916 348 121 34 större
1066 346 397 44 lokomotivstationer

236 385 210 51 befintliga.
502 389 82 38 Den
627 405 140 35 genom
796 395 252 52 förläggning
1076 399 57 37 till
1161 401 235 39 Tomteboda
1424 406 42 35 af

235 439 227 50 ytterligare
493 444 44 34 16
567 443 212 39 lokomotiv
807 447 193 51 betydligt
1020 453 179 47 stegrade
1218 454 243 39 kolförbruk-

236 490 146 49 ningen
410 494 227 47 påfordrade
668 498 70 35 ock
758 503 67 43 att,
841 505 105 31 utom
962 502 47 36 de
1024 503 133 37 kolbås
1173 506 85 36 med
1273 512 188 45 utrymme

234 542 61 37 för
336 545 113 46 4,000
491 550 79 44 ton,
612 548 154 39 hvartill
798 553 95 36 1901
924 556 59 34 års
1011 554 173 51 Riksdag
1212 558 156 50 beviljat
1395 575 64 22 an-

235 594 95 50 slag,
359 597 226 50 ytterligare
615 601 142 38 sådana
784 605 239 38 anordnades
1052 607 60 37 för
1141 610 175 50 omkring
1347 614 111 46 7,000

233 652 77 43 ton,
340 649 69 36 och
440 655 55 31 att
524 652 250 51 erforderliga
803 659 87 46 spår
908 657 112 50 längs
1037 660 85 36 med
1142 661 203 39 kolbåsens
1365 665 93 37 båda

233 699 104 37 sidor
364 700 162 39 utlades.

906 855 74 38 Vid
1017 858 134 49 Väsby:

834 1277 73 38 Vid
934 1281 275 49 Bergsbrunna:

326 1371 248 51 Uppförande
616 1377 42 36 af
694 1377 230 40 boställshus
966 1384 86 36 med
1096 1387 18 34 1
1158 1400 81 23 rum
1275 1388 70 37 och
1373 1389 75 37 kök

217 1422 121 49 jämte
366 1425 114 37 uthus
509 1428 71 36 och
608 1428 144 39 källärO
762 1463 681 14 means

908 1797 74 37 Vid
1009 1801 119 48 Heby:

318 1872 248 51 Uppförande
582 1878 42 36 af
635 1884 86 44 nytt
733 1881 234 40 stationshus
979 1891 98 32 samt
1087 1887 115 37 uthus
1215 1890 71 36 och
1297 1890 144 39 källare

317 1925 18 36 I
363 1927 71 36 och
462 1929 87 36 med
576 1929 663 54 Enköping—Heby—Runhällens
1249 1942 186 50 järnvägs

213 1976 222 51 anslutning
462 1980 58 36 till
548 1982 190 38 stationen
768 1986 120 37 skulle
917 1991 216 36 nuvarande
1163 1994 274 38 stationshuset

212 2031 48 45 på
300 2031 167 37 nämnda
503 2033 187 51 järnvägs
731 2037 214 39 bekostnad
986 2042 189 49 förflyttas
1215 2045 58 36 till
1309 2060 126 24 annan

211 2079 101 50 plats
340 2081 102 38 inom
471 2085 342 41 stationsområdet.
868 2091 123 38 Huset
1018 2108 91 23 vore
1138 2097 211 38 emellertid
1376 2100 59 37 för

211 2131 84 37 litet
336 2134 60 37 för
437 2141 55 31 att
533 2140 81 35 åter
646 2141 194 37 användas
869 2144 60 36 för
956 2148 264 49 ursprungligt
1248 2151 183 49 ändamål,

211 2197 88 24 men
326 2185 176 50 lämpade
531 2189 60 50 sig
621 2191 170 38 däremot
819 2195 61 36 väl
908 2196 58 37 till
993 2198 227 39 boställshus
1239 2202 60 37 för
1318 2203 114 49 betjä-

209 2236 107 50 ning,
358 2239 60 36 för
457 2240 157 39 hvilken
654 2250 91 32 utan
774 2246 174 39 afsevärd
977 2250 147 50 ökning
1151 2253 41 36 af
1216 2254 218 51 flyttnings-

209 2288 215 40 kostnaden
465 2293 125 38 kunde
631 2295 151 40 inredas
820 2299 191 51 behöfliga
1041 2305 19 34 6
1091 2304 226 49 lägenheter
1344 2309 86 36 med

211 2342 18 34 1
261 2356 82 23 rum
372 2344 71 37 och
472 2345 88 38 kök.
602 2348 97 50 Nytt
719 2350 235 40 stationshus
975 2355 240 40 erfordrades
1235 2359 122 49 alltså,
1377 2361 56 36 in-

1483 969 54 37 kr.

1497 1456 17 22 »

1491 1906 17 23 »

1622 973 123 46 6,400:
1775 996 51 5 —

1613 1447 125 47 4,500:
1768 1468 49 6 —

1582 1897 150 46 30,000:
1763 1921 47 5 —
