1884 2752
239 151 19 30 2
502 154 405 40 Bevillningsutskottets
934 158 219 32 betänkande
1178 169 44 21 nr
1245 162 43 29 35
1312 161 41 30 år
1378 161 84 30 1962

285 231 125 31 Därest
427 233 121 31 värdet
567 234 20 30 å
605 234 118 40 lagret,
742 236 171 31 beräknat
932 238 52 29 till
1004 238 265 41 anskaffnings-
1287 241 84 29 eller
1389 241 340 41 återanskaffnings-

240 284 122 31 värdet
380 286 64 30 och
461 287 11 29 i
491 286 289 33 förekommande
799 289 62 31 fall
879 290 89 30 efter
986 291 130 41 avdrag
1134 292 55 30 för
1207 293 183 35 inkurans,
1409 295 135 39 uppgår
1562 296 52 29 till
1633 296 94 39 lägre

240 337 126 40 belopp
387 339 44 29 än
454 349 75 20 som
551 343 195 28 motsvarar
767 343 199 31 medeltalet
988 354 42 20 av
1052 345 152 31 värdena
1226 346 20 30 å
1268 347 118 39 lagren
1408 348 57 29 vid
1488 349 175 39 utgången
1685 359 42 20 av

241 390 42 30 de
308 391 59 30 två
391 393 158 31 närmast
576 394 207 40 föregående
809 396 329 42 beskattningsåren
1169 399 338 40 (jämförelseåren),
1535 402 57 30 må
1617 403 110 39 lagret

241 444 57 29 vid
317 444 336 42 beskattningsårets
674 449 131 40 utgång
824 450 11 29 i
856 450 114 30 stället
989 453 172 38 upptagas
1182 453 52 29 till
1254 453 91 39 lägst
1364 456 48 27 ett
1432 454 124 41 belopp
1576 457 151 28 motsva-

240 497 109 30 rande
369 498 244 33 förstnämnda
631 502 105 29 värde
757 502 20 30 å
796 503 95 30 detta
909 504 95 39 lager
1023 504 88 30 efter
1130 506 129 39 avdrag
1279 507 79 29 med
1379 507 123 40 sjuttio
1521 511 144 37 procent
1685 518 41 20 av

237 551 109 39 sagda
366 553 297 31 medeltalsvärde.
685 555 131 31 Därvid
838 557 99 30 skola
956 558 121 30 såsom
1097 559 129 30 värden
1249 560 20 30 å
1290 560 120 40 lagren
1431 562 59 29 vid
1509 562 219 39 jämförelse-

240 603 103 31 årens
362 605 130 41 utgång
511 607 90 30 hava
620 609 179 39 upptagits
819 610 404 40 anskaffningsvärdena
1242 613 93 34 eller,
1356 613 116 31 därest
1493 614 233 31 återanskaff-

240 657 257 40 ningsvärdena
514 660 20 30 å
549 660 280 41 balansdagarna
845 663 11 29 i
873 663 99 40 fråga
987 665 90 29 varit
1093 665 103 39 lägre,
1214 666 222 30 sistnämnda
1450 668 141 34 värden,
1608 668 11 29 i
1637 668 89 30 före-

239 710 212 32 kommande
471 712 62 31 fall
553 713 89 31 efter
660 715 130 40 avdrag
809 715 56 30 för
883 717 183 30 inkurans.
1086 718 197 40 Föreligger
1303 719 125 31 sådant
1449 720 61 30 fall
1531 723 50 28 att
1602 721 125 40 sjuttio

239 766 146 36 procent
406 774 42 21 av
468 767 241 38 nyssnämnda
731 768 289 32 medeltalsvärde
1043 771 188 40 överstiger
1253 773 122 30 värdet
1397 783 42 20 av
1461 774 108 39 lagret
1590 775 59 29 vid
1671 775 57 30 be-

240 817 294 41 skattningsårets
558 820 139 40 utgång,
722 822 59 30 må
804 822 128 41 avdrag
955 823 159 40 åtnjutas
1137 825 132 39 jämväl
1295 826 55 30 för
1373 826 57 30 det
1453 828 273 39 överskjutande

240 870 170 41 beloppet,
438 872 118 31 därest
581 883 43 21 en
651 874 160 32 häremot
839 876 169 31 svarande
1036 878 199 40 avsättning
1262 879 11 30 i
1301 879 286 41 räkenskaperna
1613 877 112 49 gjorts

240 924 52 30 till
317 924 405 42 lagerregleringskonto.
747 929 54 29 Då
824 929 128 40 avdrag
977 930 56 30 för
1058 931 108 30 sådan
1191 932 201 40 avsättning
1416 934 194 40 medgivits,
1636 935 88 29 skall

239 978 244 41 avsättningen
506 980 171 31 återföras
700 982 53 30 till
776 982 225 41 beskattning
1023 984 240 40 nästföljande
1286 986 293 40 beskattningsår,
1603 987 122 31 därvid

239 1030 125 40 frågan
383 1041 56 21 om
458 1033 129 40 avdrag
606 1034 55 30 för
679 1034 150 41 förnyad
849 1037 200 40 avsättning
1067 1038 52 30 till
1139 1038 112 40 dylikt
1271 1039 109 30 konto
1399 1039 55 30 får
1473 1041 125 39 prövas
1618 1041 107 40 enligt

237 1083 312 33 bestämmelserna
569 1096 99 21 ovan.
690 1088 85 40 Ingå
796 1089 12 30 i
828 1089 109 40 lagret
958 1090 144 30 råvaror
1122 1091 83 30 eller
1226 1092 226 40 stapelvaror,
1474 1093 58 30 må
1553 1094 109 39 lagret
1683 1104 42 20 av

238 1137 134 31 sådana
390 1148 103 21 varor
512 1140 84 30 eller
615 1140 54 31 del
689 1141 109 31 därav
818 1144 170 39 upptagas
1010 1144 51 30 till
1083 1145 89 39 lägst
1192 1145 126 40 sjuttio
1337 1148 144 38 procent
1502 1156 42 21 av
1563 1147 121 31 värdet
1705 1148 19 30 å

238 1191 234 40 tillgångarna
488 1193 11 30 i
518 1193 98 40 fråga
632 1194 172 31 beräknat
821 1196 89 30 efter
926 1197 112 39 lägsta
1055 1198 268 40 marknadspris
1341 1200 111 29 under
1468 1200 259 41 beskattnings-

241 1243 75 31 året
344 1245 83 30 eller
455 1246 113 30 under
596 1247 104 40 något
729 1257 43 22 av
801 1249 42 30 de
872 1250 158 30 närmast
1060 1250 207 41 föregående
1297 1253 60 29 nio
1386 1253 339 41 beskattningsåren.

238 1298 125 30 Därest
385 1299 63 30 sist
470 1300 150 39 angivna
641 1302 114 38 grund
779 1302 55 30 för
855 1303 185 41 värdering
1062 1314 42 20 av
1125 1305 198 40 varulagret
1346 1306 82 30 eller
1451 1307 53 29 del
1528 1307 107 30 därav
1657 1308 68 30 till-

238 1351 162 40 lämpats,
419 1353 89 30 skall
524 1354 67 29 vad
608 1363 88 21 ovan
714 1356 79 39 sägs
811 1365 57 21 om
884 1357 185 40 värdering
1086 1358 79 30 med
1181 1359 139 40 hänsyn
1337 1361 103 38 tagen
1457 1360 52 30 till
1527 1360 198 31 medeltalet

238 1413 43 21 av
304 1405 153 30 värdena
480 1406 21 30 å
524 1407 118 39 lagren
664 1408 59 30 vid
747 1409 175 40 utgången
946 1419 42 21 av
1012 1411 42 30 de
1078 1411 58 30 två
1159 1412 158 30 närmast
1342 1412 207 41 föregående
1573 1414 154 31 beskatt-

235 1458 190 40 ningsåren
445 1460 77 30 icke
543 1461 100 39 gälla.

281 1512 92 30 Utan
388 1514 168 29 avseende
569 1532 45 4 —
626 1532 44 4 —
681 1533 44 3 —
738 1525 85 20 vara
836 1516 166 40 påkallat.

282 1565 75 30 Vad
371 1567 11 29 i
395 1584 43 4 —
450 1584 45 4 —
506 1585 45 4 —
564 1567 115 31 såsom
695 1569 138 39 skäligt.

281 1619 138 40 Avdrag
434 1619 54 31 för
501 1638 45 4 —
556 1638 45 4 —
613 1639 44 4 —
671 1622 257 41 skattskyldiga
942 1624 142 40 angivit.

281 1672 66 30 Vid
362 1673 262 31 bestämmande
637 1693 44 3 —
693 1693 44 4 —
750 1694 45 3 —
808 1678 75 37 eget
897 1677 144 39 kapital.

281 1725 71 31 När
368 1726 98 40 fråga
479 1745 46 3 —
537 1746 44 3 —
595 1746 44 3 —
654 1728 113 31 skulle
782 1729 276 40 ifrågakommit.

281 1779 259 41 Nedskrivning
554 1790 42 21 av
609 1799 44 4 —
664 1799 45 4 —
721 1800 46 4 —
781 1783 194 39 september
989 1784 331 40 beskattningsåret.

281 1833 77 30 Vad
371 1833 65 30 här
448 1852 45 3 —
504 1852 45 4 —
560 1853 45 3 —
619 1835 91 30 årets
724 1836 168 30 inkomst.

279 1885 73 30 Har
366 1887 303 40 avverkningsrätt
682 1907 45 3 —
739 1907 45 4 —
796 1907 45 4 —
853 1890 154 30 influtna
1023 1891 165 30 likviden.

280 1938 67 31 Om
363 1940 459 42 beskattningsmyndighet,
837 1961 45 4 —
894 1961 43 4 —
951 1962 45 3 —
1009 1944 53 30 till
1078 1944 235 41 beskattning.

282 1993 245 31 Motsvarande
542 1995 107 39 gäller
664 2013 42 4 —
719 2013 46 4 —
778 2013 45 5 —
838 1996 56 30 års
909 1997 362 41 inkomstberäkning.

277 2153 123 30 Denna
420 2154 55 40 lag
496 2155 117 30 träder
632 2156 11 29 i
663 2155 97 31 kraft
781 2156 111 40 dagen
912 2157 89 30 efter
1022 2157 77 35 den,
1120 2158 45 30 då
1183 2158 102 40 lagen
1305 2159 108 40 enligt
1433 2160 87 30 därå
1539 2161 183 30 meddelad

234 2206 139 40 uppgift
388 2207 189 31 utkommit
592 2208 79 30 från
685 2209 137 40 trycket
836 2210 11 30 i
862 2210 133 30 Svensk
1009 2210 393 42 författningssamling.
