2099 2651
719 182 247 43 Lag-Utskottets
993 183 164 34 Utlåtande
1179 184 62 34 N:o
1262 188 28 30 4.
1736 191 17 35 1

936 685 74 41 N:o
1041 687 38 41 4.

948 848 68 26 Ank,
1035 848 45 24 till
1098 849 93 27 Riksd,
1210 850 97 25 Kansli
1326 851 53 25 den
1400 853 29 23 12
1449 853 79 25 Febr.
1550 854 72 29 1883,
1640 854 37 25 kl.
1697 857 14 22 3
1730 863 22 18 e,
1772 864 34 17 m.

393 981 94 46 Lag-
498 982 177 35 Utskottets
709 982 191 47 Utlåtande,
931 986 11 33 i
969 986 182 45 anledning
1175 987 44 44 af
1232 988 99 35 väckt
1351 989 126 35 motion
1493 1001 52 24 om
1561 991 243 45 upphäfvande

597 1051 43 44 af
662 1053 83 33 sista
774 1054 151 43 punkten
952 1054 13 34 i
990 1053 25 46 $
1041 1057 47 31 16
1114 1066 97 23 mom.
1241 1058 19 31 1
1292 1056 44 44 af
1359 1057 244 46 förordningen
1631 1071 52 23 om
1711 1061 91 34 kom-

593 1120 259 44 munalstyrelse
874 1122 50 44 på
952 1122 113 35 landet
1092 1123 65 35 den
1183 1125 45 33 21
1256 1124 100 35 Mars
1382 1127 106 34 1862.

328 1238 301 49 Lag-Utskottet
667 1240 69 37 har
775 1241 85 36 från
900 1242 133 37 Andra
1066 1242 233 38 Kammaren
1334 1245 201 49 emottagit
1563 1259 46 24 en
1638 1248 42 36 af
1703 1248 99 37 Herr

193 1288 82 36 Liss
306 1290 50 34 Ol.
381 1290 164 40 Larsson,
571 1291 87 37 med
685 1291 156 37 hvilken
869 1291 99 38 Herr
995 1292 32 35 C.
1053 1293 175 36 Johanson
1257 1294 168 50 instämt,
1450 1298 171 47 afgifven
1645 1299 155 48 motion,

193 1341 71 37 N:o
298 1344 60 45 23,
399 1341 81 37 deri
520 1342 173 48 föreslås,
737 1348 78 32 »att
854 1343 224 50 Riksdagen
1115 1345 59 36 för
1214 1345 58 37 sin
1310 1346 60 37 del
1403 1347 182 50 beslutar,
1615 1349 65 37 det
1707 1351 94 37 sista

193 1392 173 49 punkten
395 1393 42 36 af
467 1394 17 35 1
515 1407 113 22 mom.
661 1396 43 35 16
734 1392 20 49 $
791 1394 41 37 af
860 1394 181 50 gällande
1069 1396 227 50 förordning
1323 1411 61 23 om
1412 1399 388 50 kommunalstyrelse

195 1447 46 44 på
276 1443 143 48 landet,
452 1447 42 34 så
534 1443 183 51 lydande:
774 1445 79 37 »De
892 1446 11 36 i
940 1448 42 34 17
1014 1444 20 49 $
1069 1449 231 36 omnämnda
1334 1449 190 38 ordinarie
1561 1452 239 37 kommunal-

192 1499 185 33 stämmor
400 1498 62 34 må
490 1495 34 49 ej
551 1495 58 37 till
637 1496 120 37 sådan
787 1497 77 49 dag
889 1502 203 44 utsättas»,
1120 1502 117 34 måtte
1265 1500 120 36 varda
1413 1501 207 49 upphäfd.»

327 1546 73 36 Till
428 1546 87 37 stöd
543 1546 58 38 för
628 1547 59 37 sin
715 1548 144 36 motion
888 1549 108 37 anför
1022 1549 257 38 motionären:

330 1597 87 37 »Uti
446 1598 64 36 det
533 1598 147 49 förslag
703 1598 57 37 till
783 1602 92 34 våra
897 1600 346 50 kommunallagar,
1265 1615 80 23 som
1371 1602 40 37 af
1431 1603 190 38 särskilda
1640 1605 159 37 komite-

190 1646 94 39 rade
322 1648 260 48 utarbetades,
611 1650 71 36 och
713 1650 55 36 uti
802 1650 64 37 det
899 1651 147 49 förslag
1073 1651 56 36 till
1158 1666 146 23 samma
1332 1653 120 49 lagar,
1481 1668 82 22 som
1593 1656 41 36 af
1657 1656 141 50 Kongl.

191 1698 108 49 Maj:t
321 1713 142 35 genom
488 1700 237 49 proposition
750 1701 244 38 framstäldes
1018 1702 56 36 till
1101 1704 246 36 1859—1860
1368 1707 109 35 årens
1496 1705 185 51 Riksdag,
1700 1708 100 37 före-

191 1750 85 37 fans
311 1751 33 48 ej
379 1754 119 46 något
524 1752 139 37 förbud
690 1752 59 37 för
775 1766 90 24 vare
894 1752 61 50 sig
982 1753 238 38 kommunal-
1244 1754 92 38 eller
1364 1756 327 49 kyrkostämmors
1720 1759 79 37 hål-

190 1801 113 37 lande
331 1805 49 46 på
408 1802 160 50 söndag,
593 1816 87 23 men
703 1803 234 50 Riksdagen,
961 1818 82 23 som
1067 1805 75 37 den
1164 1805 107 37 tiden
1289 1806 182 38 befarade
1492 1813 54 32 att
1567 1809 230 38 »sabbatens

190 1851 118 51 helgd
345 1853 71 37 och
455 1853 75 38 frid
571 1859 123 33 störes
734 1868 141 36 genom
913 1856 345 38 sammankomster
1294 1858 71 36 och
1405 1858 342 52 öfverläggningar
1786 1862 12 36 i

189 1904 212 50 verldsliga
442 1910 137 32 ämnen
621 1909 20 34 å
680 1906 275 50 helgedagar»,
990 1907 172 50 föreslog
1201 1913 54 32 ett
1294 1909 137 37 förbud
1473 1910 58 37 för
1565 1912 104 36 såväl
1698 1912 99 37 ordi-

191 1955 106 37 narie
342 1956 240 37 kommunal-
620 1970 82 23 som
743 1958 190 36 ordinarie
973 1958 328 50 kyrkostämmors
1342 1960 178 38 hållande
1562 1965 21 33 å
1619 1962 88 50 dag,
1749 1964 48 37 då

188 2006 222 49 gudstjenst
437 2007 133 37 hålles.
623 2008 142 49 Kongl.
785 2008 107 49 Maj:t
915 2010 249 48 accepterade
1187 2010 242 50 Riksdagens
1454 2012 101 50 åsigt
1577 2013 12 36 i
1615 2014 180 38 afseende

190 2060 20 33 å
242 2057 401 50 kommunalstämma,
678 2060 71 37 och
780 2060 12 36 i
822 2062 44 35 16
896 2057 20 50 $
946 2060 41 37 af
1011 2061 338 50 kommunallagen
1378 2063 60 36 för
1465 2063 130 38 landet
1623 2065 172 50 stadgas,

188 2112 56 32 att
272 2109 190 37 ordinarie
489 2109 391 39 kommunalstämma
911 2111 83 37 icke
1021 2112 59 37 får
1104 2117 164 33 utsättas
1296 2113 58 43 till
1382 2113 88 50 dag,
1499 2114 48 38 då
1574 2115 223 50 gudstjenst

187 2158 134 49 hålles,
350 2173 87 23 men
461 2160 11 36 i
501 2161 183 37 afseende
709 2165 20 33 å
755 2162 301 50 kyrkostämma,
1085 2163 68 37 der
1179 2169 157 44 presten
1360 2169 41 32 är
1424 2165 262 49 sjelfskrifven
1710 2168 86 36 ord-

187 2209 171 49 förande,
392 2211 120 37 fästes
554 2212 33 49 ej
629 2213 183 37 afseende
853 2217 21 33 å
912 2213 243 50 Riksdagens
1196 2215 171 37 uttalade
1405 2216 111 49 åsigt,
1546 2217 71 37 och
1645 2217 150 39 således

186 2261 36 43 få
250 2261 72 35 alla
348 2262 310 50 kyrkostämmor
685 2264 122 37 hållas
837 2268 19 34 å
885 2265 182 49 söndag.»

288 2313 72 34 PBih.
383 2315 48 33 till
452 2315 107 33 Riksd.
583 2316 84 32 Prot.
692 2319 89 31 1883.
825 2320 20 29 7
866 2317 95 34 Saml.
1007 2321 20 28 4
1050 2318 88 40 Häft.
