2133 2660
298 236 40 32 18
800 232 239 42 Lagutskottets
1069 230 170 32 Utlåtande
1262 229 66 32 N:o
1352 231 49 30 18.

489 311 119 42 Kongl.
632 311 114 42 Maj:ts
764 309 138 43 förslag.

301 373 41 32 är
372 370 41 34 så
441 365 210 49 beskaffad,
681 379 80 24 som
790 365 12 36 i
829 367 20 34 9
880 364 69 37 och
972 365 45 36 10
1032 360 43 51 8$

303 417 259 39 föreskrifves.
617 417 83 37 Den
737 416 12 36 i
790 419 21 34 8
837 413 20 50 &
887 414 188 50 stadgade

302 468 469 51 anmälningsskyldighet
812 467 97 37 skall
933 466 59 37 för
1021 469 58 34 så-

301 522 75 37 dan
416 521 149 49 näring,
604 520 63 37 vid
709 520 65 37 bot
815 532 79 24 som
936 518 11 36 i
982 514 96 50 23
1057 510 24 64 $

302 579 102 43 sägs,
446 572 187 49 fullgöras
671 571 102 37 inom
803 584 67 23 sex
899 569 181 37 månader

302 626 120 37 sedan
463 624 115 49 lagen
613 622 142 39 trädt
740 617 23 60 i
788 621 114 49 kraft,
944 621 136 36 obero-

302 676 97 37 ende
443 675 41 37 af
524 675 189 47 anmälan,
757 687 80 23 som
874 673 102 36 förut
1004 672 77 35 kan

302 727 117 36 hafva
448 731 66 43 egt
542 739 81 22 rum
652 728 50 46 på
729 723 125 50 grund
885 723 37 36 af
930 723 151 49 förord-

303 779 186 49 ningarna
518 777 73 36 den
622 779 46 35 28
697 775 91 38 Juni
818 776 107 47 1798,
961 773 74 37 den
1064 775 20 35 6

304 829 170 38 Oktober
530 830 95 35 1848
675 828 91 36 eller
805 826 74 37 den
921 827 46 35 30
1005 824 75 49 Maj

305 882 96 35 1879
433 880 91 37 eller
551 880 115 48 lagen
695 879 73 36 den
799 879 44 35 19
865 876 218 37 November

305 934 110 35 1886.

807 1037 98 32 samt

1340 306 169 32 Utskottets
1528 305 137 43 förslag.

1131 367 40 32 är
1201 365 41 34 så
1269 360 210 47 beskaffad,
1510 374 80 23 som
1619 360 12 36 i
1660 362 20 35 9
1710 358 71 38 och
1800 360 45 35 10
1862 355 45 50 $$

1129 412 260 38 föreskrifves.
1444 412 82 36 Den
1565 411 12 36 i
1618 413 21 35 8
1669 408 20 50 $
1719 409 188 49 stadgade

1134 463 466 50 anmälningsskyldighet
1636 461 98 38 skall
1762 461 59 37 för
1850 464 60 34 så-

1132 516 75 37 dan
1248 516 148 48 näring,
1437 515 62 36 vid
1542 515 65 36 bot
1649 527 79 23 som
1771 512 13 37 i
1813 515 45 35 23
1888 509 21 50 $

1134 573 102 43 sägs,
1277 567 187 49 fullgöras
1502 566 99 36 inom
1632 578 68 24 sex
1727 564 182 37 månader

1132 620 119 36 sedan
1291 618 115 49 lagen
1444 617 103 37 trädt
1586 617 12 36 i
1627 615 113 49 kraft,
1777 615 133 37 obero-

1133 671 96 36 ende
1272 670 41 37 af
1354 669 187 45 anmälan,
1582 682 80 22 som
1703 667 103 36 förut
1834 667 76 36 kan

1135 721 115 37 hafva
1291 726 66 43 egt
1397 733 81 22 rum
1523 722 50 46 på
1613 717 124 49 grund
1768 717 42 36 af
1832 717 80 46 för-

1139 773 199 47 ordningen
1368 770 73 38 den
1478 773 46 35 28
1564 769 90 38 Juni
1684 770 108 46 1798,
1836 767 75 37 den

1138 826 20 35 6
1201 823 169 38 Oktober
1413 824 94 36 1848
1536 821 92 38 eller
1657 821 74 36 den
1759 821 47 35 30
1833 819 76 49 Maj

1138 877 95 35 1879
1263 874 91 37 eller
1382 874 116 49 lagen
1526 873 75 36 den
1632 874 43 35 19
1695 870 219 37 November

1138 928 106 36 1886.

805 1081 35 48 2)
870 1087 54 31 att
963 1080 220 49 Riksdagen
1223 1079 12 36 i
1277 1079 111 49 fråga
1429 1092 58 23 om
1530 1077 187 49 förslaget
1757 1077 56 37 till
1850 1077 66 48 lag

714 1133 199 49 angående
937 1132 139 49 tillägg
1102 1131 58 37 till
1190 1132 43 36 15
1262 1131 87 49 kap.
1380 1129 304 38 handelsbalken
1712 1128 99 48 ville,
1829 1128 86 37 med

710 1186 108 36 bifall
858 1184 57 37 till
954 1184 74 35 den
1057 1182 140 49 kongl.
1231 1181 287 50 propositionen
1550 1180 12 35 i
1597 1181 124 35 denna
1750 1180 72 47 del,
1852 1193 65 22 an-

712 1244 92 42 taga
832 1234 169 50 följande

1037 1401 141 74 Lag

538 1521 229 51 angående
794 1521 166 49 tillägg
987 1519 79 41 till
1093 1517 48 42 15
1168 1518 103 49 kap.
1301 1515 384 42 Handelsbalken.

464 1646 235 48 Härigenom
728 1643 201 38 förordnas
959 1656 80 23 som
1069 1641 127 48 följer:

463 1697 127 36 Hafva
630 1696 179 48 delegare
847 1695 13 36 i
900 1694 126 47 bolag,
1052 1693 156 36 hvarom
1236 1690 12 36 i
1278 1691 44 36 15
1351 1690 87 48 kap.
1467 1687 317 38 Handelsbalken
1813 1691 101 43 sägs,

314 1748 78 38 sing
435 1747 163 38 emellan
637 1745 350 48 öfverenskommit,
1029 1749 54 31 att
1123 1742 136 37 endast
1303 1744 129 45 någon
1472 1739 93 37 eller
1599 1742 122 45 några
1750 1737 41 37 af
1816 1737 98 48 dem,

314 1800 93 36 eller
447 1799 136 36 endast
618 1802 121 44 några
767 1797 92 36 eller
884 1796 73 37 alla
984 1796 12 35 i
1023 1794 188 47 förening,
1241 1796 61 33 må
1330 1791 141 37 handla
1501 1794 20 33 å
1548 1790 177 48 bolagets
1753 1794 162 43 vägnar;

315 1850 70 37 och
415 1850 117 36 sluter
559 1852 140 46 någon,
728 1847 86 37 med
843 1847 162 48 vetskap
1035 1845 142 47 derom,
1215 1843 93 37 aftal
1342 1842 86 37 med
1457 1841 238 48 bolagsman,
1726 1853 78 24 som
1834 1839 83 37 icke

316 1906 40 32 är
396 1901 159 48 behörig
597 1906 54 31 att
693 1899 58 37 för
785 1898 157 49 bolaget
979 1896 153 48 handla,
1176 1908 88 24 vare
1289 1894 64 36 det
1383 1892 93 38 aftal
1504 1892 33 49 ej
1569 1892 57 36 för
1653 1891 157 48 bolaget
1837 1890 82 36 bin-

315 1952 136 37 dande.

468 2052 220 39 Stockholm
719 2051 74 38 den
821 2052 46 36 25
896 2049 168 38 februari
1094 2050 106 35 1887.

854 2152 54 36 På
931 2150 275 49 lagutskottets
1233 2154 163 44 vägnar:

875 2252 135 38 AXEL
1039 2241 315 48 BERGSTRÖM.
