2130 2656
719 216 239 44 Lagutskottets
986 219 169 33 Utlåtande
1178 220 66 32 N:o
1267 223 49 31 18.
1785 226 38 31 15

419 292 117 42 Kongl.
561 293 114 42 Maj:ts
693 294 138 43 förslag.

222 351 41 31 är
317 347 199 48 angående
569 348 138 37 besvär
758 349 11 36 i
817 349 179 38 brottmål

222 397 193 49 stadgadt.

297 449 124 47 Böter,
452 463 78 22 som
562 450 155 36 ådömas
745 451 120 48 enligt
893 454 45 34 23
963 449 30 50 8,

211 499 171 48 fördelas
418 501 73 35 lika
532 501 132 37 mellan
697 503 139 35 kronan
865 503 60 35 och
953 503 39 36 äa-

219 551 181 48 klagaren.
457 551 148 37 Saknas
647 553 165 48 tillgång
844 553 57 36 till
931 553 63 36 bö-

219 607 129 31 ternas
388 601 94 37 fulla
522 602 204 49 gäldande,
774 604 221 37 förvandlas

1263 298 170 33 Utskottets
1448 299 140 44 förslag.

1050 356 40 32 är
1144 353 198 48 angående
1396 353 137 39 besvär
1584 356 13 36 i

1050 403 193 48 stadgadt.

1122 454 124 48 Böter,
1276 469 79 22 som
1387 456 154 37 ådömas
1570 458 120 49 enligt
1719 461 46 35 23
1790 457 32 51 8,

1046 505 148 49 tillfalla
1222 506 148 37 kronan.
1411 506 148 38 Saknas
1587 509 164 50 tillgång
1766 511 56 36 till

1047 555 179 37 böternas
1253 557 95 37 fulla
1373 558 204 50 gäldande,
1601 560 220 38 förvandlas

1048 606 46 36 de
1123 607 120 48 enligt
1272 608 139 37 allmän
1440 610 185 49 strafflag.

1644 356 179 38 brottmål

219 651 48 37 de
294 652 120 49 enligt
443 653 141 37 allmän
612 654 185 50 strafflag.

944 880 21 34 3
996 877 93 50 Kap.

896 1000 62 33 Om
980 1002 169 40 prokura.

962 1150 45 36 25
1037 1146 32 50 8.

367 1231 78 37 Har
478 1232 276 37 innehafvaren
795 1232 41 37 af
860 1246 46 24 en
944 1234 12 36 i
983 1235 325 50 handelsregister
1336 1236 124 38 införd
1488 1238 109 38 firma
1625 1241 193 37 meddelat

215 1280 77 37 viss
332 1295 88 23 man
461 1283 190 49 fullmagt,
693 1297 78 23 som
801 1285 259 49 uttryckligen
1088 1286 188 38 förklaras
1304 1301 91 23 vara
1422 1289 177 49 prokura,
1629 1291 92 37 eller
1749 1292 68 37 har

215 1331 75 36 han
319 1333 227 37 annorledes
574 1334 169 37 utmärkt
770 1338 126 45 någon
927 1340 124 32 såsom
1081 1337 55 37 sin
1166 1338 204 49 prokurist,
1400 1352 70 36 ege
1495 1340 123 37 denne
1640 1347 65 44 att,
1722 1343 12 36 i
1751 1343 65 37 allt

215 1382 99 36 hvad
356 1383 57 37 till
456 1384 249 37 bedrifvande
746 1385 40 37 af
821 1386 333 39 hufvudmannens
1182 1390 142 36 rörelse
1352 1391 122 48 hörer,
1503 1392 140 36 handla
1672 1396 20 33 å
1722 1394 94 37 hans

218 1438 142 44 vägnar
388 1435 71 36 och
486 1436 138 36 teckna
651 1436 97 37 hans
776 1437 124 47 firma;
930 1438 98 37 dock
1056 1442 60 34 må
1144 1440 242 48 prokuristen
1415 1442 33 48 ej
1467 1442 168 37 afhända
1652 1443 164 38 hufvud-

215 1497 164 24 mannen
417 1486 97 36 hans
548 1486 100 36 fasta
683 1487 187 49 egendom
901 1489 91 36 eller
1020 1490 194 49 medgifva
1237 1491 223 50 inteckning
1488 1493 90 49 deri,
1608 1494 85 37 med
1723 1496 92 36 min-

213 1535 67 35 dre
310 1535 75 37 han
413 1537 126 36 blifvit
568 1537 125 37 dertill
721 1539 259 49 uttryckligen
1009 1540 269 51 bemyndigad.

357 1586 176 50 Skriftlig
573 1589 167 47 prokura
775 1590 208 37 innefattar
1022 1591 228 50 behörighet
1283 1594 58 36 för
1375 1595 241 48 prokuristen
1646 1602 54 30 att
1728 1598 90 48 sjelf

213 1636 92 37 eller
333 1651 138 34 genom
502 1639 139 36 ombud
672 1639 83 38 föra
781 1640 335 39 hufvudmannens
1144 1644 105 37 talan
1262 1644 100 37 inför
1379 1645 208 38 domstolar
1609 1647 70 36 och
1697 1648 118 37 andra

214 1688 279 50 myndigheter,
523 1693 41 34 så
592 1690 71 37 ock
692 1697 54 31 att
775 1694 20 34 å
823 1692 96 37 hans
948 1698 144 44 vägnar
1120 1694 91 50 ingå
1240 1695 218 50 förlikning.

962 1831 46 34 26
1037 1827 32 50 8.

362 1910 172 37 Prokura
562 1914 63 34 må
648 1912 196 37 meddelas
872 1914 91 37 flera
990 1928 183 35 personer
1200 1919 49 45 på
1277 1917 136 37 sådant
1441 1924 86 43 sätt,
1558 1925 53 30 att
1648 1920 72 35 den
1749 1934 64 22 en-

212 1959 86 38 dast
326 1960 75 37 kan
430 1961 201 49 begagnas
661 1963 41 36 af
726 1963 85 37 dem
841 1972 241 41 gemensamt
1110 1963 391 54 (kollektivprokura).

965 2103 46 35 27
1042 2098 31 50 8.

361 2181 82 37 Den
472 2182 239 50 behörighet,
741 2198 80 23 som
842 2185 153 48 jemlikt
1023 2188 46 35 25
1095 2184 20 50 $
1143 2187 231 39 tillkommer
1402 2191 202 50 prokurist,
1634 2192 73 37 kan
1729 2193 82 37 icke

211 2231 85 36 med
338 2232 89 48 laga
464 2234 143 36 verkan
649 2241 78 30 mot
767 2236 122 49 tredje
929 2251 98 35 man,
1068 2252 78 22 som
1190 2244 40 31 är
1257 2240 9 35 i
1296 2241 75 48 god
1400 2248 70 43 tro,
1499 2242 228 38 inskränkas
1754 2245 56 36 till

210 2282 78 37 viss
316 2282 51 37 tid
399 2283 91 37 eller
519 2285 226 37 annorledes
773 2286 222 50 begränsas.
