1884 2818
569 159 262 29 Statsutskottets
854 161 167 27 utlåtande
1044 169 38 19 nr
1108 162 69 28 118.
1608 159 19 31 3

177 231 221 42 Flygvapnet,
420 243 73 20 som
515 233 102 30 redan
638 233 61 30 har
720 233 389 41 långtjänstunderbefäl
1134 234 244 41 (överfurirer),
1399 234 61 32 har
1481 234 72 31 icke
1573 234 53 32 be-

125 283 88 30 rörts
239 293 41 20 av
306 282 236 42 utredningen.

175 332 224 32 Beträffande
426 333 240 42 rekryterings-
693 334 62 31 och
781 334 488 42 anställningsförhållandena
1294 346 41 20 m.
1362 346 40 20 m.
1430 335 63 32 har
1518 335 108 32 utred-

123 383 129 42 ningen
268 383 187 43 föreslagit,
472 383 105 32 bland
593 386 111 36 annat,
722 386 51 30 att
787 384 377 42 beställningshavarna
1180 385 97 32 skola
1290 385 162 32 hänföras
1470 385 52 32 till
1538 386 88 32 löne-

124 434 128 41 graden
271 434 60 31 Mb
345 435 16 30 1
381 434 63 32 och
462 436 52 31 att
530 434 283 42 pensionsåldern
832 434 191 33 tillsvidare
1042 435 86 31 skall
1146 435 188 32 fastställas
1353 435 54 32 till
1424 435 41 32 55
1484 438 37 29 år
1539 438 87 30 samt

123 485 50 31 att
187 485 42 31 de
246 484 95 32 skola
356 485 191 41 rekryteras
563 485 105 31 bland
683 485 59 31 det
755 485 68 31 fast
837 485 171 32 anställda
1019 486 200 41 manskapet
1231 486 63 31 och
1306 486 163 32 tillsättas
1482 487 145 31 medelst

123 535 266 32 konstitutorial.
429 535 122 33 Såsom
576 536 205 41 tjänstetitel
807 536 60 31 har
892 536 196 42 föreslagits
1115 536 169 32 överfurir
1308 537 57 32 vid
1392 537 94 31 såväl
1512 539 113 30 armén

124 597 73 20 som
223 586 269 32 kustartilleriet.

175 637 19 31 I
216 637 41 31 de
280 637 143 41 avgivna
442 637 204 42 yttrandena
667 639 80 30 över
768 638 165 41 förslaget
953 649 55 20 om
1029 638 194 32 inrättande
1244 649 40 20 av
1305 638 246 42 beställningar
1572 639 54 31 för

123 688 392 41 långtjänstunderbefäl
539 688 61 31 har
624 688 187 31 detsamma
832 688 186 42 tillstyrkts
1043 689 84 31 eller
1150 689 146 31 lämnats
1320 690 82 30 utan
1427 689 134 31 erinran
1585 700 40 20 av

124 738 157 42 samtliga
308 738 107 32 hörda
442 738 237 42 myndigheter
706 739 63 31 och
796 738 352 42 sammanslutningar.
1188 738 130 32 Chefen
1345 739 55 31 för
1425 741 115 29 armén
1565 739 61 32 har

123 788 190 32 emellertid
339 789 179 42 föreslagit
541 789 195 41 ytterligare
762 789 75 42 fyra
860 789 653 42 långtjänstunderbefälsbefattningar,
1538 791 87 30 näm-

122 839 93 42 ligen
240 840 54 31 för
316 839 438 42 stridsvagnshantverkare
779 840 57 32 vid
861 839 91 32 Göta
975 839 296 42 pansarlivgardes
1295 839 161 42 kompani
1479 842 45 39 på
1547 839 79 33 Got-

123 891 81 31 land
238 895 88 29 samt
348 891 53 31 för
424 890 220 39 kasernfurir,
668 890 200 42 hovslagare
891 890 63 32 och
977 890 156 32 beridare
1156 890 59 32 vid
1238 890 182 32 ridskolan.
1456 890 54 32 En
1534 891 92 31 redo-

122 942 133 40 görelse
279 941 53 31 för
354 941 188 31 innehållet
564 941 11 31 i
599 941 40 31 de
664 941 142 41 avgivna
828 941 205 41 yttrandena
1054 941 187 31 återfinnes
1265 941 11 30 i
1299 940 259 42 propositionen
1586 941 39 41 (s.

124 992 149 41 11—14).

175 1076 271 31 Vidkommande
466 1076 149 31 därefter
632 1076 118 41 frågan
769 1086 53 20 om
840 1076 219 40 utnyttjande
1078 1087 40 20 av
1136 1075 228 42 värnpliktiga
1381 1078 114 29 såsom
1514 1079 111 37 trupp-

122 1126 228 31 instruktörer
373 1126 60 31 har
459 1126 449 41 underbefälsutredningen
932 1125 178 32 verkställt
1134 1136 43 21 en
1202 1125 256 42 undersökning
1482 1136 41 21 av
1546 1126 80 41 möj-

124 1177 190 41 ligheterna
351 1177 52 30 för
440 1179 50 29 ett
526 1176 109 41 dylikt
660 1176 217 42 utnyttjande
904 1187 77 21 men
1007 1176 135 39 anmält,
1171 1178 50 30 att
1246 1176 179 32 resultatet
1450 1187 40 21 av
1517 1176 109 32 denna

124 1227 257 42 undersökning
409 1227 86 42 givit
524 1227 57 31 vid
609 1227 145 38 handen,
785 1229 50 29 att
864 1227 286 41 förutsättningar
1177 1226 74 32 icke
1282 1227 189 32 förefinnas
1502 1229 50 30 att
1579 1227 46 31 in-

124 1279 75 31 föra
217 1281 49 30 ett
285 1278 110 42 dylikt
413 1280 137 40 system.
581 1278 96 31 Dock
696 1278 61 31 har
775 1278 227 41 utredningen
1021 1280 121 36 ansett,
1162 1280 52 29 att
1230 1277 92 32 vissa
1339 1288 40 21 av
1398 1277 227 42 utredningen

124 1329 192 32 skisserade
336 1331 102 39 vägar
457 1329 54 31 för
530 1331 50 29 ett
599 1328 199 32 effektivare
819 1328 218 42 utnyttjande
1056 1339 41 21 av
1116 1328 42 32 de
1177 1328 229 42 värnpliktiga
1424 1328 60 32 vid
1502 1328 123 32 flottan

122 1380 107 31 borde
250 1381 99 40 göras
369 1380 54 30 till
444 1379 142 31 föremål
606 1379 53 31 för
677 1381 154 29 närmare
848 1378 296 42 undersökningar
1162 1389 42 21 av
1223 1378 257 33 vederbörande
1498 1379 127 31 marina

123 1430 245 41 myndigheter.
407 1429 77 31 Den
511 1440 41 20 av
578 1429 450 41 underbefälsutredningen
1053 1429 209 31 verkställda
1288 1429 299 42 undersökningen
1615 1430 11 29 i

124 1480 111 32 denna
257 1480 95 42 fråga
372 1480 62 31 har
456 1480 11 30 i
491 1480 41 31 de
555 1480 142 41 avgivna
720 1480 221 33 utlåtandena
961 1479 74 32 icke
1057 1481 87 29 mött
1165 1479 135 32 erinran
1323 1479 75 32 från
1420 1481 105 40 något
1545 1479 78 32 håll.

173 1557 19 30 TI
218 1556 152 41 enlighet
393 1556 78 30 med
498 1555 74 31 sina
598 1555 145 31 direktiv
767 1555 61 31 har
853 1555 450 41 underbefälsutredningen
1329 1557 85 30 även
1439 1555 186 32 undersökt

123 1607 261 41 möjligheterna
406 1606 53 31 för
481 1606 68 40 fast
572 1606 139 31 anställt
733 1607 182 39 manskaps
937 1606 194 32 ersättande
1153 1607 79 31 med
1253 1606 78 34 cwwi
1351 1607 170 40 personal.

175 1657 240 42 Utredningen
441 1657 63 31 har
530 1657 194 38 framhållit,
753 1659 49 30 att
829 1658 57 31 det
913 1658 58 30 vid
998 1657 169 42 prövning
1194 1669 41 20 av
1263 1658 111 32 denna
1401 1658 96 42 fråga
1524 1658 103 32 såvitt

122 1719 98 21 avser
251 1711 138 29 armén
421 1709 91 31 visat
532 1708 61 42 sig,
617 1710 50 30 att
687 1709 68 32 fast
777 1709 139 31 anställt
938 1709 164 41 manskap
1125 1709 121 32 endast
1268 1710 12 30 i
1303 1709 135 32 relativt
1460 1710 97 41 ringa
1577 1712 48 29 ut-

123 1759 195 42 sträckning
351 1759 215 42 utnyttjades
589 1759 11 31 i
624 1759 232 42 befattningar
890 1771 41 20 av
966 1761 105 31 sådan
1095 1760 165 38 karaktär,
1286 1762 48 30 att
1359 1762 48 30 ett
1432 1761 193 32 ersättande

122 1810 76 31 med
232 1810 78 31 civil
344 1810 207 31 arbetskraft
581 1809 113 32 kunde
727 1810 118 31 tänkas
877 1812 63 39 äga
972 1821 82 20 rum.
1100 1810 89 31 Civil
1222 1811 158 40 personal
1415 1810 104 32 borde
1551 1810 72 32 icke

124 1861 168 41 utnyttjas
332 1861 92 30 inom
465 1860 348 42 utbildningsarbetet
852 1861 124 31 liksom
1016 1861 72 31 icke
1127 1861 110 31 heller
1276 1864 103 28 annat
1418 1863 42 29 än
1500 1861 124 31 undan-

122 1911 129 42 tagsvis
284 1911 92 31 inom
407 1911 271 41 yrkestjänstens
712 1911 144 37 område,
890 1911 30 32 d.
955 1923 29 19 v.
1018 1922 25 20 s.
1079 1913 111 29 såsom
1224 1911 314 41 beställningsmän.
1572 1912 52 30 De

122 1961 240 41 befattningar,
400 1962 61 30 där
496 1963 48 29 ett
579 1961 118 41 utbyte
734 1963 68 29 mot
837 1961 79 31 civil
952 1961 207 31 arbetskraft
1193 1961 112 31 kunde
1341 1961 165 38 förordas,
1543 1963 81 30 åter-

122 2012 123 32 funnes
281 2011 272 41 huvudsakligen
588 2011 92 31 inom
714 2011 105 31 stabs-
854 2011 63 31 och
952 2011 398 41 förvaltningstjänstens
1385 2012 145 32 område.
1566 2012 58 31 Ut-

123 2062 188 41 redningen
349 2064 134 39 ansåge,
524 2063 50 30 att
611 2061 78 32 civil
729 2062 158 41 personal
926 2062 184 41 lämpligen
1149 2062 113 31 kunde
1302 2063 126 30 ersätta
1466 2062 69 31 fast
1571 2073 53 20 an-

122 2113 95 31 ställt
255 2113 162 41 manskap
456 2113 10 30 i
506 2113 151 40 följande
695 2112 232 41 befattningar
964 2113 63 31 och
1065 2112 313 41 tjänsteuppgifter:
1419 2112 133 32 biträde
1590 2114 34 29 åt

122 2163 365 41 regementskassören,
530 2163 269 41 skjutbanefurir
837 2163 57 31 vid
935 2163 157 41 samtliga
1120 2163 380 41 infanteriregementen
1531 2165 92 28 utom

123 2211 89 33 Svea
238 2213 150 40 livgarde
421 2212 92 41 (civil
539 2212 206 41 benämning
769 2212 225 31 vaktmästare
1021 2212 58 31 vid
1105 2212 209 41 skjutbana),
1341 2212 199 41 hovslagare
1566 2212 57 30 vid

122 2263 232 31 arméstabens
380 2263 88 37 stall,
495 2265 259 39 remontryttare
780 2264 56 30 vid
861 2263 199 31 kavalleriet
1085 2264 62 30 och
1175 2264 58 30 det
1257 2264 255 41 hästanspända
1536 2264 87 31 artil-

122 2315 108 37 leriet,
255 2315 269 30 remontskötare
548 2314 57 31 vid
627 2314 198 32 kavalleriet
848 2317 88 28 samt
958 2315 230 40 telegrafister
1210 2315 58 30 vid
1292 2316 331 31 försvarsväsendets

124 2365 233 33 radioanstalt.

177 2418 237 42 Utredningen
433 2419 62 31 har
514 2420 85 30 efter
618 2420 185 31 verkställd
823 2421 184 41 utredning
1026 2424 112 29 ansett
1158 2422 53 41 sig
1230 2422 83 32 böra
1333 2422 136 38 föreslå,
1491 2425 49 30 att
1561 2423 63 31 till-

121 2468 90 41 hopa
232 2469 61 30 294
316 2469 97 31 civila
435 2469 231 40 befattningar
688 2470 140 31 inrättas
852 2471 8 29 i
883 2471 137 40 angivet
1042 2471 98 41 syfte.
1175 2472 51 30 Av
1248 2473 41 30 de
1312 2472 193 41 föreslagna
1525 2473 98 31 civila
