2208 2624
657 125 385 32 Konustilutionsutskottets
1066 123 161 31 memorial
1251 123 50 30 Nr
1322 123 54 29 I3.
1762 123 17 27 5

204 219 68 33 och
314 218 83 33 med
438 224 41 27 år
519 217 104 33 1918.
683 216 8 31 I
729 215 102 34 detta
861 214 116 33 beslut
1012 214 98 32 hava
1138 213 128 32 herrar
1293 211 154 33 Hellner
1476 211 68 33 och
1577 210 247 34 Palmstierna

205 276 118 27 säsom
355 269 207 33 ledamöter
590 278 47 22 av
666 264 204 36 statsrådet
897 264 168 42 deltagit.

338 319 139 34 Vidare
507 318 188 33 inhämtas
728 327 46 22 av
803 315 225 43 protokollet
1047 317 88 30 över
1155 312 291 34 finansärenden
1467 311 71 34 den
1563 312 43 32 10
1627 311 74 41 maj
1732 311 89 33 1918

205 382 44 21 nr
291 371 18 32 7
352 373 65 37 att,
460 368 117 34 sedan
607 367 149 41 bolaget
795 366 67 33 hos
903 365 137 42 Kungl.
1070 363 110 42 Maj:t
1208 363 153 40 anmält,
1392 365 56 30 att
1475 361 263 34 mandattiden
1767 362 57 32 för

205 421 45 33 de
291 432 46 22 av
372 419 140 41 Kungl.
543 417 109 42 Maj:t
682 415 160 35 utsedda
870 415 257 34 ledamöterna
1156 414 10 33 i
1194 413 167 42 bolagets
1390 413 158 41 styrelse
1577 412 153 42 utginge
1758 411 62 34 vid

205 471 102 34 tiden
336 471 59 33 för
426 469 93 33 1918
550 469 60 32 års
639 466 186 34 ordinarie
854 466 305 42 bolagsstämma,
1189 463 139 42 Kungl.
1357 462 111 42 Maj:t
1487 462 48 43 på
1558 461 268 42 föredragning

207 533 45 21 av
294 519 203 34 statsrådet
538 518 202 40 Thorsson,
783 515 114 33 bland
929 518 127 37 annat,
1086 514 78 33 dels
1192 512 58 34 för
1279 512 101 33 tiden
1412 512 94 33 intill
1536 512 72 33 den
1638 511 186 34 ordinarie

206 571 318 42 bolagsstämman
567 579 41 22 år
656 567 92 33 1921
792 568 116 31 utsett
948 565 56 33 till
1045 563 206 34 ledamöter
1292 563 10 32 i
1331 562 183 43 styrelsen
1543 562 194 33 ministern
1767 561 58 32 för

206 620 139 34 utrikes
374 618 192 35 ärendena
593 617 195 34 Johannes
816 616 155 33 Hellner
1000 626 46 21 m.
1077 613 34 34 (fl.
1142 615 94 31 samt
1266 613 55 32 till
1349 612 244 43 suppleanter
1621 610 203 35 statsrådet

206 670 156 34 friherre
390 669 90 34 Erik
510 667 250 34 Palmstierna
789 678 47 21 m.
866 665 53 43 fl.,
949 665 80 33 dels
1058 664 66 33 ock
1152 662 195 35 förordnat
1375 662 195 34 ministern
1600 662 57 33 för
1684 661 141 34 utrikes

207 721 188 34 ärendena
423 719 156 34 Hellner
607 720 56 32 att
690 728 91 23 vara
809 715 227 35 ordförande
1065 715 11 32 i
1104 714 194 43 styrelsen.
1353 713 151 34 Jämväl
1534 713 11 32 i
1574 712 103 34 detta
1704 712 122 33 beslut

208 772 98 33 hava
347 772 128 32 herrar
515 770 154 32 Hellner
710 768 68 33 och
819 766 253 34 Palmstierna
1113 772 121 26 såsom
1280 764 205 34 ledamöter
1530 775 47 21 av
1622 762 205 35 statsrädet

205 822 168 42 deltagit.

342 868 471 36 Konstitutionsutskottet
853 869 69 31 har
962 867 11 32 i
1015 866 63 34 sitt
1120 864 248 35 förevarande
1401 864 193 33 memorial
1622 863 204 33 framställt

209 922 251 42 anmärkning
500 923 78 30 mot
619 919 110 34 dessa
760 919 119 42 bägge
908 916 164 35 statsråd
1100 915 58 34 för
1186 915 63 34 det
1277 914 56 42 de,
1355 915 118 32 ehuru
1493 914 141 42 jäviga,
1664 912 158 43 deltagit

208 973 11 33 i
248 971 235 35 sistnämnda
529 971 134 32 beslut.
718 969 60 33 Av
811 967 201 35 enahanda
1044 966 79 34 skäl
1152 965 97 34 hade
1277 965 161 43 givetvis
1466 963 251 43 anmärkning
1744 963 82 33 bort

208 1026 108 39 göras
344 1022 144 42 jämväl
517 1020 58 34 för
603 1020 109 34 deras
740 1017 227 44 deltagande
996 1017 11 33 i
1039 1017 161 32 beslutet
1229 1015 71 34 den
1332 1015 43 33 19
1405 1015 176 33 februari.

344 1072 85 33 Men
471 1071 125 34 därtill
639 1071 178 39 kommer,
860 1070 56 32 att
956 1066 198 35 utseendet
1195 1076 46 23 av
1269 1066 128 33 herrar
1423 1064 155 34 Hellner
1606 1064 68 34 och
1703 1063 124 34 Palm-

211 1124 139 33 stierna
392 1122 56 34 till
477 1121 183 35 avlönade
688 1120 261 35 funktionärer
976 1119 12 33 i
1015 1118 168 42 bolagets
1212 1117 155 42 styrelse
1394 1115 80 34 icke
1502 1114 107 35 torde
1636 1125 91 23 vara
1755 1113 74 34 för-

211 1174 116 43 enligt
367 1173 85 34 med
494 1172 108 34 deras
643 1171 181 42 ställning
859 1169 124 34 såsom
1025 1166 175 36 statsråd.
1255 1167 18 33 I
1305 1167 43 33 R.
1377 1166 43 33 F.
1450 1162 22 44 $
1502 1166 46 34 34
1577 1165 165 43 stadgas,
1774 1167 55 31 att

211 1225 181 34 »ledamot
420 1235 48 22 av
496 1221 202 36 statsrådet
726 1220 60 35 må
814 1221 81 33 icke
923 1219 123 34 tillika
1075 1221 116 31 annat
1211 1218 145 33 ämbete
1377 1219 126 40 utöva,
1520 1215 33 43 ej
1576 1216 117 33 heller
1712 1215 116 43 några

210 1275 206 33 inkomster
443 1274 117 33 därav
588 1274 198 42 uppbära.
841 1265 108 40 Även
979 1282 59 22 om
1067 1268 122 34 skilda
1216 1269 196 42 meningar
1439 1267 129 34 kunna
1594 1266 93 34 råda
1715 1265 114 43 angå-

211 1325 93 33 ende
345 1324 194 43 omfånget
579 1335 48 22 av
669 1323 62 34 det
771 1322 12 33 i
819 1320 226 45 paragrafen
1089 1319 218 43 begagnade
1335 1318 191 42 uttrycket
1554 1317 177 33 >ämbete»
1761 1316 68 33 och

211 1376 84 33 dess
340 1374 241 43 tillämpning
622 1374 12 32 i
675 1385 50 21 nu
766 1371 249 35 förevarande
1055 1370 79 42 fall,
1167 1380 112 32 synes
1312 1368 114 33 likväl
1456 1367 71 34 den
1554 1366 130 48 grund,
1712 1365 119 44 varpå

211 1426 123 34 denna
361 1425 182 43 paragraf
568 1424 107 41 vilar,
705 1424 87 43 giva
819 1422 87 33 fullt
935 1421 84 34 stöd
1037 1420 59 34 för
1115 1431 45 22 en
1180 1418 251 44 anmärkning
1450 1420 78 32 mot
1548 1420 55 31 att
1621 1417 206 34 ledamöter

211 1488 48 22 av
287 1475 203 35 statsrådet
531 1477 137 32 utsetts
702 1476 54 32 att
784 1473 160 43 fungera
972 1471 124 35 såsom
1123 1470 231 34 innehavare
1382 1480 48 22 av
1458 1471 53 32 ett
1543 1467 192 43 offentligt
1763 1478 64 22 av-

212 1528 104 33 lönat
343 1526 186 43 uppdrag,
552 1525 68 34 där
640 1528 141 31 statens
801 1525 186 32 intressen
1007 1525 64 31 äro
1091 1522 12 33 i
1122 1521 119 43 fråga.
1270 1520 86 34 Men
1372 1519 188 43 därjämte
1575 1519 75 33 kan
1665 1517 160 43 befaras,

212 1580 55 32 att
293 1576 66 35 vid
387 1577 211 33 eventuella
626 1575 204 34 konflikter
857 1574 138 33 mellan
1024 1573 149 42 bolaget
1200 1572 69 33 och
1298 1574 123 31 staten
1450 1569 45 35 de
1523 1570 12 33 i
1563 1569 169 43 bolagets
1752 1571 76 40 sty-

212 1629 93 32 relse
346 1628 142 33 insatta
528 1626 214 34 statsråden
774 1624 228 44 näppeligen
1031 1623 128 33 kunna
1186 1621 86 35 med
1299 1621 198 43 tillbörligt
1524 1619 204 43 eftertryck
1754 1619 74 33 till-

212 1681 182 40 varataga
435 1678 119 43 bägge
588 1679 195 41 parternas
816 1676 197 33 intressen.
1066 1674 136 33 Därest
1230 1672 71 34 den
1330 1672 110 34 dessa
1468 1670 364 44 styrelseledamöter

213 1728 200 44 åliggande
442 1727 201 44 uppsikten
673 1727 68 34 och
769 1726 210 34 kontrollen
1008 1728 87 30 över
1122 1724 168 43 bolagets
1319 1722 239 34 verksamhet
1582 1721 118 33 skulle
1721 1719 109 35 efter-

214 1782 129 38 sättas,
384 1778 106 34 torde
532 1778 61 34 det
634 1778 111 34 också
772 1777 102 33 bliva
901 1776 143 43 ganska
1074 1774 102 35 svårt
1202 1773 59 35 för
1292 1773 140 43 Kungl.
1462 1771 110 43 Maj:t
1600 1773 56 32 att
1682 1771 150 43 ingripa

214 1833 78 31 mot
333 1829 45 34 de
419 1829 12 33 i
464 1828 138 35 sådant
629 1827 213 35 hänseende
869 1826 223 43 försumliga
1120 1823 428 45 styrelseledamöterna.
1603 1821 78 35 Och
1711 1821 118 34 skulle

215 1880 106 44 fråga
350 1880 100 33 bliva
478 1891 59 22 om
567 1878 178 34 utseende
774 1890 47 22 av
849 1876 201 44 skiljemän
1078 1876 59 34 för
1164 1874 161 35 slitande
1345 1885 47 23 av
1411 1874 92 34 tvist
1522 1873 138 33 mellan
1679 1872 150 42 bolaget

215 1931 69 34 och
311 1931 141 43 Kungl.
481 1929 121 44 Maj:t,
632 1929 118 35 skulle
778 1928 191 34 måhända
997 1927 109 34 dessa
1134 1925 365 44 styrelseledamöter
1525 1924 129 33 kunna
1682 1923 149 34 komma

215 1984 56 31 att
299 1981 150 43 deltaga
477 1981 11 33 i
517 1980 180 35 utseende
726 1991 47 23 av
801 1978 201 43 skiljemän
1030 1977 22 34 å
1079 1978 119 42 bägge
1226 1976 162 34 sidorna.
1443 1975 18 33 TI
1489 1974 159 43 tidigare
1676 1973 79 42 fall,
1781 1972 48 34 då

215 2031 164 35 statsråd
420 2032 98 33 varit
545 2030 162 35 utsedda
733 2031 57 33 till
818 2029 207 35 ledamöter
1052 2029 11 33 i
1091 2028 168 42 bolagets
1287 2027 169 42 styrelse,
1485 2026 70 33 har
1582 2024 40 34 så
1650 2023 179 42 förfarits,

217 2085 54 32 att
312 2082 45 34 de
398 2081 119 34 under
558 2080 290 35 statsrådstiden
889 2079 159 35 avhållit
1088 2079 56 42 sig
1171 2077 84 34 från
1283 2076 107 43 varje
1418 2076 185 42 utövning
1630 2087 48 22 av
1706 2074 125 34 denna

216 2133 185 34 funktion.
456 2132 85 34 Med
583 2131 206 43 anledning
829 2142 48 23 av
916 2130 75 34 vad
1032 2128 160 35 sålunda
1224 2127 239 35 förekommit
1495 2126 59 34 får
1579 2125 68 44 jag
1673 2142 49 4 —
1750 2135 78 23 som

216 2183 158 44 deltagit
414 2183 12 33 i
466 2183 72 33 den
580 2194 47 22 av
655 2182 183 34 utskottet
864 2180 196 35 beslutade
1089 2179 297 42 anmärkningen
1416 2180 79 31 mot
1522 2177 95 33 hans
1646 2175 185 35 excellens
