2246 2626
438 137 39 30 36
841 135 399 34 Fömstitutionsutskottets
1263 138 166 31 memorial
1451 138 55 31 Nr
1528 140 56 30 33.

396 235 134 34 tänkta
571 234 206 34 blodbadet
817 234 117 34 redan
975 237 43 31 är
1044 235 213 42 utarbetad,
1287 237 70 34 och
1386 238 56 33 att
1468 239 97 32 även
1594 237 46 34 de
1667 249 181 32 personer
1876 244 148 39 utsetts,

397 296 80 23 som
517 284 75 34 fått
632 284 58 44 sig
730 284 205 35 anförtrott
971 287 56 32 att
1053 285 135 43 bringa
1216 287 178 44 samtliga
1422 288 270 34 ovannämnda
1719 293 307 39 representanter

397 334 58 35 för
481 334 240 35 främmande
750 335 147 34 makter
925 334 198 35 härstädes
1151 346 61 23 om
1240 336 104 43 livet,
1373 338 70 34 och
1472 340 56 33 att
1554 338 96 35 intet
1677 350 81 23 som
1787 339 98 35 helst
1902 341 120 34 tvivel

396 384 127 35 kunde
563 384 94 35 råda
693 396 59 23 om
783 385 47 34 de
858 385 274 44 maktägandes
1160 386 167 35 avsikter
1355 388 243 36 härutinnan.
1652 389 107 35 Mina
1787 390 130 43 övriga
1944 391 80 34 kol-

396 436 103 42 leger
525 435 235 43 meddelade,
791 439 56 32 att
874 436 46 35 de
948 448 49 22 av
1024 436 227 35 uttalanden
1280 440 96 31 även
1404 437 85 35 från
1511 440 120 34 andra
1649 440 275 44 inflytelserika
1946 440 76 35 håll

396 485 74 35 fått
496 486 228 35 bekräftelse
761 486 50 45 på
839 489 57 32 att
922 486 73 35 den
1023 487 116 43 givna
1165 487 212 44 varningen
1405 490 43 32 är
1474 489 253 43 välgrundad.
1782 490 139 35 Därför
1947 491 76 34 kan

395 536 68 44 Jag
503 537 81 34 icke
617 540 103 41 säga,
750 540 58 31 att
834 537 68 43 jag
929 537 86 35 hört
1042 537 224 35 uttalanden
1296 537 123 36 direkt
1445 549 49 23 av
1521 539 161 35 ledande
1710 542 312 43 personligheter,

396 598 86 23 men
509 588 65 33 väl
602 588 68 33 har
696 587 69 43 jag
792 587 178 44 mottagit
997 587 139 44 många
1162 589 209 43 varningar
1398 600 49 23 av
1475 600 145 24 samma
1647 591 93 43 slag.
1796 591 70 34 Att
1891 592 133 36 veder-

395 638 187 33 börandes
610 637 170 34 metoder
807 640 66 32 äro
900 638 13 33 i
941 638 75 43 hög
1042 638 94 43 grad
1165 638 253 44 hänsynslösa
1446 639 170 45 framgår
1642 643 97 32 även
1769 653 49 22 av
1845 642 72 34 den
1945 654 78 23 om-

397 687 278 43 ständigheten,
719 690 57 32 att
817 687 46 35 de
895 687 312 36 oförbehållsamt
1234 689 93 35 hota
1354 690 86 34 med
1468 691 254 43 repressalier,
1752 695 70 31 när
1848 692 100 35 helst
1975 693 47 34 de

396 740 103 32 möta
540 737 235 45 svårigheter
816 739 90 33 eller
933 739 226 43 opposition.
1216 739 172 35 Sålunda
1416 740 222 35 meddelade
1665 742 79 43 mig
1771 743 13 33 i
1811 742 68 44 går
1905 745 118 32 öster-

396 788 140 35 rikiske
576 789 331 43 generalkonsuln,
950 792 57 32 att
1038 790 433 35 utrikeskommissarien
1501 791 180 43 Tjitjerin
1710 792 198 44 samtidigt
1935 793 87 35 med

396 841 56 32 att
479 839 77 34 han
585 839 208 35 översände
822 842 55 32 ett
902 840 107 43 ryskt
1037 840 264 43 diplomatiskt
1326 841 196 44 kurirpass
1550 842 56 34 till
1633 842 171 45 visering
1823 843 118 43 hotat,
1967 846 57 32 att

395 889 59 35 för
494 889 74 35 den
609 889 182 35 händelse
832 889 138 35 sådant
1009 890 121 35 skulle
1162 893 150 42 vägras,
1346 903 46 23 en
1421 892 77 34 viss
1526 893 231 43 namngiven
1785 905 149 32 person,
1963 894 61 35 för

395 939 127 35 vilken
563 940 78 34 min
683 940 240 35 österrikiske
955 941 150 44 kollega
1131 941 80 45 lagt
1239 942 58 43 sig
1324 945 53 40 ut,
1407 942 120 35 skulle
1556 944 299 34 överantvardas
1882 944 39 35 åt
1948 944 73 35 den

396 990 323 44 utomordentliga
746 991 296 35 kommissionen
1070 991 60 35 för
1156 992 264 44 bekämpande
1448 1004 49 23 av
1515 993 411 36 kontrarevolutionen.
1955 995 68 34 Ett

395 1041 181 35 liknande
616 1041 68 35 fall
725 1042 216 35 berättades
982 1053 48 23 av
1070 1043 78 34 min
1189 1043 113 43 tyska
1342 1044 159 43 kollega,
1536 1055 80 23 som
1649 1056 48 23 av
1725 1045 89 34 herr
1840 1044 181 45 Tjitjerin

395 1091 222 44 meddelats,
651 1095 57 32 att
735 1104 61 23 om
825 1095 54 31 ett
905 1093 96 33 visst
1027 1093 108 43 ryskt
1163 1093 277 44 diplomatpass
1468 1095 81 34 icke
1577 1095 118 34 erhöll
1727 1096 179 43 visering,
1948 1096 73 34 den

396 1153 146 23 samma
570 1142 76 43 dag
673 1142 197 44 avgående
898 1142 110 43 tyske
1036 1143 152 34 kuriren
1218 1143 121 34 skulle
1368 1146 156 41 stoppas
1553 1145 69 33 och
1642 1145 121 34 andra
1781 1146 241 42 repressalie-

396 1191 178 44 åtgärder
600 1192 189 44 vidtagas.

531 1242 55 35 På
612 1243 124 44 grund
765 1255 48 22 av
842 1243 110 36 dessa
980 1244 69 33 och
1078 1243 121 35 andra
1227 1244 289 43 meddelanden,
1546 1256 80 23 som
1654 1245 86 34 från
1764 1245 257 45 vederhäftigt

395 1292 78 35 håll
501 1293 159 35 kommit
687 1294 79 43 mig
792 1294 59 34 till
878 1295 72 41 del,
980 1294 167 35 avsände
1174 1294 68 44 jag
1269 1295 13 34 i
1309 1294 68 45 går
1405 1296 85 34 med
1519 1295 119 35 första
1664 1296 181 44 lägenhet
1871 1314 47 4 —
1947 1297 74 35 den

395 1344 57 33 till
479 1344 128 38 Berlin
636 1343 197 45 avgående
861 1345 151 34 kuriren
1039 1362 51 4 —
1117 1357 46 22 en
1191 1345 175 44 förtrolig
1392 1346 192 43 skrivelse,
1609 1358 119 23 varav
1745 1346 70 44 jag
1833 1348 189 34 närsluter

395 1394 173 43 avskrift,
597 1394 57 34 till
681 1395 34 33 k.
746 1397 87 32 m:ts
861 1396 172 33 minister
1060 1395 209 44 därstädes,
1311 1396 86 34 med
1425 1397 166 44 begäran
1620 1408 71 32 om,
1722 1400 57 32 att
1806 1398 105 34 mina
1939 1397 83 35 däri

395 1444 137 44 gjorda
560 1444 277 35 meddelanden
865 1445 50 43 på
943 1446 202 34 snabbaste
1174 1448 76 32 sätt
1277 1446 117 35 måtte
1421 1447 155 44 bringas
1603 1447 56 34 till
1688 1447 109 35 eders
1823 1446 198 36 excellens'

395 1494 225 35 kännedom.

531 1545 54 34 På
626 1556 145 23 samma
812 1545 101 44 gång
951 1546 68 43 jag
1058 1546 80 34 icke
1180 1546 70 34 har
1289 1546 126 44 någon
1448 1548 145 34 önskan
1627 1550 56 32 att
1710 1549 146 34 skildra
1882 1549 140 44 läget
2004 1541 21 56 i

395 1596 172 34 mörkare
608 1595 85 44 färg
732 1598 49 31 än
809 1596 124 34 nöden
962 1597 135 33 kräver
1124 1597 68 33 och
1222 1596 101 44 själv
1350 1597 114 43 hyser
1490 1598 260 43 förhoppning
1777 1610 73 31 om,
1879 1602 57 31 att
1962 1603 60 30 ut-

394 1646 220 43 vecklingen
655 1645 194 35 måhända
876 1647 168 34 kommer
1072 1650 56 31 att
1154 1647 104 34 bliva
1286 1647 147 35 mindre
1463 1648 166 35 drastisk
1656 1652 49 31 än
1734 1649 69 34 allt
1830 1661 51 22 nu
1906 1661 115 32 synes

395 1696 94 43 tyda
528 1696 61 44 på,
631 1697 70 33 har
739 1696 70 44 jag
849 1700 125 32 ansett
1001 1698 64 33 det
1092 1708 92 23 vara
1212 1698 79 33 min
1320 1698 212 44 oavvisliga
1558 1699 96 43 plikt
1681 1702 58 31 att
1765 1700 12 32 i
1806 1699 216 44 möjligaste

396 1746 87 34 mån
525 1746 102 35 hålla
667 1747 129 43 kungl.
839 1750 88 32 m:ts
959 1748 173 34 minister
1158 1748 13 33 i
1198 1748 210 43 Petrograd
1436 1749 69 34 och
1535 1749 106 34 eders
1669 1750 188 34 excellens
1884 1750 138 35 under-

396 1797 147 34 rättade
584 1808 61 23 om
685 1797 76 34 vad
789 1809 81 23 som
899 1798 69 34 här
994 1798 198 43 försiggår.
1247 1799 76 43 Jag
1350 1799 70 34 har
1447 1802 97 31 även
1573 1799 95 35 efter
1694 1803 238 40 gemensamt
1959 1801 62 33 be-

396 1848 75 33 slut
516 1859 49 22 av
605 1848 239 34 härvarande
872 1851 305 40 representanter
1203 1848 60 35 för
1291 1850 173 33 neutrala
1492 1849 146 35 makter
1664 1851 166 43 vidtagit
1855 1850 165 35 förbere-

395 1897 125 35 dande
561 1897 177 44 åtgärder
779 1899 57 33 till
878 1899 231 43 evakuering
1149 1910 48 23 av
1234 1900 238 34 härvarande
1500 1901 161 33 svenska
1689 1901 140 43 koloni,
1859 1902 69 34 och
1961 1901 60 34 får

394 1948 69 43 jag
488 1948 197 35 vördsamt
712 1948 155 34 anhålla
895 1961 59 22 om
982 1949 227 35 bekräftelse
1237 1950 51 43 på
1315 1950 265 44 mottagandet
1606 1962 48 23 av
1681 1952 87 33 mitt
1796 1952 130 34 härom
1956 1962 65 23 av-

394 1998 106 35 låtna
528 1999 181 43 telegram
737 1999 12 33 i
778 1999 134 35 chiffer
939 2011 45 22 nr
1013 2000 84 42 295,
1126 2011 119 23 varav
1271 2000 68 44 jag
1366 2000 149 44 bifogar
1543 2001 170 35 avskrift.

530 2049 135 34 Denna
693 2049 181 35 skrivelse
903 2050 67 43 går
997 2061 136 32 genom
1162 2051 33 33 k.
1226 2054 86 31 m:ts
1341 2051 172 35 minister
1539 2053 12 32 i
1579 2052 220 44 Petrograd.

1608 2145 104 34 Claes
1739 2145 145 34 Asker.
