1893 2828
281 150 43 31 32
577 146 406 40 Bevillningsutskottets
998 145 220 32 betänkande
1231 154 44 21 nr
1288 145 39 31 41
1343 145 40 30 år
1398 144 84 31 1970

442 228 226 36 (Nuvarande
693 228 148 40 lydelse)

456 293 38 31 10
519 293 15 37 8
559 294 110 29 andra
692 293 134 39 stycket

326 340 45 39 Ej
389 339 110 30 heller
516 338 186 41 föreligger
720 337 207 40 skatteplikt
947 337 53 30 till

283 385 119 39 statlig
432 383 360 41 förmögenhetsskatt
824 383 57 40 för
913 383 87 40 juri-

281 432 81 29 disk
380 440 127 31 person
528 440 74 20 som
624 439 98 21 avses
740 430 12 29 i
773 429 19 30 6
815 429 15 37 $
855 429 15 29 1
891 437 106 22 mom.

281 477 38 34 b)
362 476 115 30 denna
517 475 217 40 förordning,
774 474 117 30 därest
931 473 66 30 den

279 521 327 40 beskattningsbara
620 519 288 42 förmögenheten
923 518 76 31 icke

282 568 189 39 överstiger
489 568 18 30 5
523 567 62 31 000
606 568 140 29 kronor.

602 748 74 38 1185

325 796 19 30 2
365 805 106 20 mom.
493 794 125 40 Statlig
639 792 359 42 förmögenhetsskatt

281 842 91 29 skall
391 841 58 39 för
467 840 154 40 juridisk
641 848 138 31 person,
801 848 75 20 som
898 846 99 22 avses

281 886 11 28 i
316 886 20 29 6
358 886 21 36 $
412 886 7 28 1
444 894 106 20 mom.
576 884 38 34 b)
641 884 115 29 denna
779 882 217 40 förordning,

282 932 139 38 utgöra:

327 986 41 20 en
386 976 64 30 och
468 985 41 20 en
526 975 81 30 halv
622 974 161 40 promille
800 983 42 20 av
858 973 67 30 den
942 972 56 30 del

279 1031 42 21 av
349 1022 67 29 den
445 1020 327 39 beskattningsbara
800 1018 198 40 förmögen-

280 1068 113 36 heten,
420 1076 75 21 som
521 1066 189 39 överstiger
735 1066 19 29 5
767 1065 64 29 000
856 1064 140 36 kronor,

281 1113 89 30 dock
388 1113 88 38 lägst
494 1121 40 20 en
552 1112 121 29 krona.

601 1201 83 38 20
665 1197 23 50 8

1213 226 225 40 (Föreslagen
1464 225 147 41 lydelse)

1353 291 39 30 12
1413 300 20 21 a
1455 290 15 38 8

1098 337 92 30 Från
1210 336 67 30 den
1301 336 161 30 taxerade
1482 334 288 41 förmögenheten

1054 384 56 30 för
1129 383 155 40 juridisk
1303 391 137 32 person,
1463 391 75 21 som
1559 390 99 21 avses
1678 381 11 30 i
1711 381 19 30 6
1753 379 15 38 $

1056 430 14 29 1
1099 438 105 21 mom.
1230 428 54 36 b),
1311 427 168 39 avdrages
1506 428 18 29 5
1539 427 63 30 000
1629 428 140 29 kronor.

1054 474 205 30 Återstoden
1291 474 110 38 utgör,
1433 472 87 40 efter
1548 471 223 39 avrundning

1053 520 106 30 nedåt
1176 520 51 29 till
1241 519 159 30 närmast
1416 518 92 39 lägre
1524 517 153 30 tusental
1691 517 80 30 kro-

1053 575 74 28 nor,
1170 564 307 40 beskattningsbar
1516 562 253 41 förmögenhet.

1053 612 49 30 På
1133 611 114 30 denna
1280 610 101 39 utgår
1411 608 359 42 förmögenhetsskatt

1054 657 79 30 med
1149 666 41 21 en
1207 656 63 30 och
1288 665 40 21 en
1344 656 81 30 halv
1439 654 171 41 promille.

1373 1196 83 38 20
1437 1192 23 50 8

324 1249 19 29 2
357 1257 105 20 mom.
479 1248 195 38 Konungen
688 1246 90 40 äger,
791 1260 490 7 ————-———-—>--
1292 1242 13 30 i
1317 1242 102 29 riket.

326 1294 13 29 I
360 1294 72 34 fall,
452 1302 121 21 varom
593 1293 11 29 i
626 1292 96 30 detta
740 1300 106 21 mom.
867 1289 130 31 förmä-

281 1340 59 33 les,
361 1338 58 30 må
439 1339 195 37 Konungen
654 1337 166 33 förklara,
843 1337 50 27 att
914 1336 83 28 stat-

281 1384 47 38 lig
341 1382 359 40 förmögenhetsskatt
715 1380 88 30 skall
818 1379 55 30 för
888 1379 109 30 skatt-

281 1428 138 39 skyldig
444 1426 193 31 fastställas
662 1426 54 29 till
740 1425 108 39 högre
870 1424 126 39 belopp

278 1473 45 29 än
337 1472 159 40 gällande
509 1471 264 30 bestämmelser
788 1469 99 37 eljest
903 1469 94 29 skul-

281 1518 31 29 le
332 1517 191 34 föranleda,
545 1516 90 30 dock
654 1517 50 28 att
726 1515 139 29 skatten
885 1513 29 37 ej
938 1512 58 30 må

281 1562 143 30 komma
440 1563 51 28 att
507 1560 116 40 uppgå
639 1560 53 29 till
710 1559 110 30 större
837 1559 64 34 del,
918 1566 78 32 pro-

281 1607 165 29 centuellt
461 1605 189 34 beräknad,
668 1614 42 20 av
726 1604 67 30 den
808 1603 45 40 på
868 1603 129 39 grund-

280 1652 56 29 val
351 1661 42 20 av
407 1649 365 32 överenskommelsen
787 1649 82 29 eller
882 1648 114 29 beslu-

280 1698 48 28 tet
352 1695 200 30 fastställda
573 1694 332 38 beskattningsbara
927 1692 69 30 för-

277 1740 231 40 mögenheten
522 1740 45 28 än
582 1739 139 29 skatten
736 1738 113 29 skulle
862 1737 134 39 utgjort

281 1795 41 20 av
350 1786 67 29 den
443 1783 330 40 beskattningsbara
800 1782 196 39 förmögen-

280 1831 68 33 het,
373 1839 74 20 som
471 1829 114 29 skulle
605 1829 92 29 hava
718 1827 197 34 fastställts,
939 1835 58 21 om

280 1875 138 38 hänsyn
437 1873 29 37 ej
488 1874 104 39 tagits
610 1873 53 29 till
681 1871 315 31 överenskommel-

282 1928 60 21 sen
361 1919 81 30 eller
458 1919 160 29 beslutet.
634 1917 77 30 Vad
727 1917 12 29 i
758 1916 37 30 17
814 1916 21 37 $
852 1917 19 29 3
889 1924 105 21 mom.

281 1964 64 29 och
368 1964 39 29 12
428 1963 21 37 $
470 1963 15 29 1
508 1972 105 20 mom.
636 1963 139 38 stadgas
797 1971 56 20 om
873 1961 123 29 beräk-

280 2009 84 39 ning
389 2018 43 20 av
458 2008 117 39 statlig
600 2006 359 40 förmögenhetsskatt
984 2005 12 30 i

279 2054 72 29 helt
375 2054 95 29 antal
493 2053 130 29 kronor
647 2052 90 29 skall
759 2051 64 39 äga
845 2052 151 28 motsva-

279 2098 109 30 rande
410 2097 224 39 tillämpning
656 2096 58 30 vid
736 2095 194 40 beräkning
954 2104 42 20 av

281 2143 103 34 skatt,
400 2151 75 21 som
488 2142 12 30 i
515 2142 95 30 detta
623 2150 105 21 mom.
743 2149 108 21 avses.

323 2186 347 31 Överenskommelse
683 2185 80 30 med
775 2202 45 4 —
830 2201 46 5 —
886 2201 45 4 —
942 2201 45 4 —
997 2201 46 4 —

522 2276 236 38 Anvisningar

568 2321 54 29 till
646 2320 19 30 9
693 2320 14 36 8

322 2367 67 30 Vid
410 2366 224 40 tillämpning
655 2374 42 21 av
717 2364 278 31 bestämmelser-

280 2421 46 21 na
341 2413 11 28 i
370 2412 19 29 9
406 2411 21 37 $
445 2411 111 39 tredje
573 2410 136 40 stycket
727 2410 98 34 skall,
844 2409 64 29 där
924 2408 71 40 frå-

278 2466 42 30 ga
342 2457 38 29 är
402 2465 54 21 om
479 2454 244 40 skattskyldig,
747 2453 114 31 vilken
884 2453 111 30 under

280 2500 318 40 beskattningsåret
615 2499 108 40 erlagt
738 2497 257 39 sjömansskatt

1098 1289 13 29 I
1132 1288 73 35 fall,
1226 1296 119 22 varom
1365 1287 12 30 i
1399 1287 95 30 detta
1513 1295 105 21 mom.
1640 1284 129 31 förmä-

1054 1335 58 33 les,
1133 1333 58 30 må
1211 1333 195 38 Konungen
1426 1332 167 33 förklara,
1615 1332 50 28 att
1687 1331 82 28 stat-

1054 1378 47 39 lig
1114 1377 359 40 förmögenhetsskatt
1487 1376 89 29 skall
1591 1374 54 30 för
1661 1374 108 30 skatt-

1055 1423 137 39 skyldig
1217 1421 193 30 fastställas
1435 1421 53 29 till
1512 1420 108 39 högre
1643 1419 125 39 belopp

1051 1468 44 29 än
1109 1467 160 40 gällande
1282 1466 264 30 bestämmelser
1560 1464 99 37 eljest
1675 1464 94 30 skul-

1053 1513 32 29 le
1104 1512 191 34 föranleda,
1317 1511 90 30 dock
1427 1511 50 29 att
1498 1510 139 29 skatten
1658 1508 29 38 ej
1711 1508 57 30 må

1054 1557 143 29 komma
1213 1558 50 28 att
1279 1555 117 40 uppgå
1411 1555 54 29 till
1482 1555 111 29 större
1609 1554 64 34 del,
1690 1562 78 31 pro-

1054 1602 165 29 centuellt
1234 1600 189 35 beräknad,
1441 1609 42 20 av
1498 1600 67 29 den
1580 1598 45 41 på
1641 1598 127 40 grund-

1052 1647 57 29 val
1124 1655 42 21 av
1180 1645 364 31 överenskommelsen
1560 1644 81 30 eller
1655 1643 113 30 beslu-

1052 1693 49 28 tet
1125 1690 200 31 fastställda
1346 1689 331 39 beskattningsbara
1699 1687 69 30 för-

1050 1736 231 39 mögenheten
1295 1735 45 29 än
1354 1735 140 29 skatten
1509 1734 113 29 skulle
1635 1733 133 39 utgjort

1053 1790 42 20 av
1122 1781 67 30 den
1215 1779 330 40 beskattningsbara
1572 1778 196 39 förmögen-

1052 1826 69 34 het,
1145 1834 75 21 som
1244 1825 113 30 skulle
1378 1825 90 29 hava
1491 1823 196 34 fastställts,
1711 1831 56 21 om

1053 1870 138 39 hänsyn
1210 1869 29 37 ej
1260 1870 104 39 tagits
1382 1869 54 29 till
1453 1867 315 31 överenskommel-

1054 1924 61 21 sen
1132 1915 82 30 eller
1229 1915 160 29 beslutet.
1407 1913 75 31 Vad
1498 1914 11 29 i
1528 1913 37 29 11
1586 1912 64 30 och
1669 1912 40 30 12
1725 1911 43 37 $$

1054 1960 140 39 stadgas
1213 1969 57 21 om
1288 1959 194 39 beräkning
1502 1968 42 20 av
1563 1958 117 39 statlig
1698 1957 70 30 för-

1052 2004 301 40 mögenhetsskatt
1379 2004 11 29 i
1416 2004 73 29 helt
1516 2003 96 29 antal
1637 2003 131 29 kronor

1053 2050 90 29 skall
1173 2049 65 39 äga
1267 2048 248 30 motsvarande
1544 2047 223 39 tillämpning

1051 2095 59 29 vid
1131 2094 194 39 beräkning
1348 2103 42 20 av
1413 2093 103 34 skatt,
1541 2101 75 21 som
1638 2093 12 28 i
1673 2092 94 29 detta

1051 2148 106 21 mom.
1173 2147 108 21 avses.

1053 2200 46 5 —
1109 2200 45 4 —
1166 2183 168 30 månader
1347 2182 250 39 tilländalupit.

1294 2272 236 38 Anvisningar

1328 2317 55 29 till
1410 2316 38 30 12
1476 2315 15 37 8

1095 2362 67 30 Vid
1183 2361 223 40 tillämpning
1428 2370 41 20 av
1489 2360 277 30 bestämmelser-

1052 2417 46 20 na
1113 2408 11 28 i
1143 2407 40 29 12
1199 2406 21 37 $
1237 2407 99 33 skall,
1355 2415 56 20 om
1428 2405 66 30 den
1512 2404 253 40 skattskyldige

1053 2452 108 39 erlagt
1189 2450 257 38 sjömansskatt
1476 2449 110 31 under
1615 2449 151 30 beskatt-

1051 2496 188 40 ningsåret,
1264 2496 65 29 den
1353 2495 134 39 statligt
1511 2494 255 39 beskattnings-
