1897 2830
291 158 39 30 18

581 152 406 40 Bevillningsutskottets
1002 150 220 32 betänkande
1235 159 44 20 nr
1293 150 38 30 41
1348 149 40 31 år
1403 148 83 31 1970

447 235 226 36 (Nuvarande
698 233 147 42 lydelse)

1219 231 225 40 (Föreslagen
1471 229 147 42 lydelse)

1063 295 140 40 arvinge
1221 294 63 31 och
1302 295 324 37 testamentstagare
1643 292 64 31 och
1722 292 56 40 får

1063 350 80 21 avse
1164 341 40 29 10
1222 341 144 39 procent
1384 349 42 20 av
1445 339 149 37 skatten,
1614 347 55 21 om
1688 337 89 41 före-

1064 387 109 38 tagets
1194 384 368 41 förmögenhetsvärde
1583 384 34 40 ej
1637 383 141 31 översti-

1063 440 59 30 ger
1144 432 19 29 2
1177 431 63 29 000
1255 431 63 29 000
1342 430 139 36 kronor,
1506 429 64 30 och
1594 430 19 29 5
1634 430 143 38 procent

1063 486 42 20 av
1132 476 149 36 skatten,
1311 485 54 20 om
1395 473 383 42 förmögenhetsvärdet

1062 521 188 40 överstiger
1265 522 20 29 2
1299 521 63 29 000
1377 520 63 30 000
1456 529 80 21 men
1554 520 33 39 ej
1602 520 20 29 2
1635 519 64 30 500
1713 519 64 29 000

1064 568 139 29 kronor.
1232 566 161 30 Anstånd
1421 565 175 40 medgives
1626 564 90 30 dock
1746 564 33 39 ej

1063 612 56 40 för
1135 611 241 40 skattebelopp
1394 609 270 40 understigande
1683 609 14 30 1
1714 609 64 30 000

1064 658 131 29 kronor
1212 656 64 31 och
1293 657 34 39 ej
1342 656 110 30 heller
1467 655 56 40 för
1539 655 66 30 den
1624 664 77 21 vars
1718 664 60 20 an-

1063 703 55 29 del
1139 703 10 29 i
1168 702 170 40 företaget
1360 701 271 40 uppenbarligen
1653 700 125 29 under-

1064 748 106 39 stiger
1190 747 39 30 75
1248 748 144 39 procent
1412 756 42 20 av
1472 746 90 30 hans
1582 745 196 40 förmögen-

1062 793 68 37 het,
1169 792 178 31 beräknad
1385 791 105 40 enligt
1527 790 250 41 förordningen

1067 838 119 35 (1947:
1201 837 82 35 577)
1302 847 55 20 om
1373 837 118 39 statlig
1503 836 275 40 förmögenhets-

1063 883 105 28 skatt.

1107 926 171 40 Medgivet
1302 925 150 31 anstånd
1478 924 137 41 upphör
1638 924 78 41 fyra
1740 924 38 30 år

1063 973 87 39 efter
1188 972 57 30 det
1284 970 493 40 beskattningsmyndigheten

1061 1017 175 30 meddelat
1263 1017 114 29 beslut
1403 1025 55 20 om
1487 1016 161 29 anstånd.
1678 1015 100 29 Visar

1063 1063 66 30 den
1151 1071 74 21 som
1249 1062 138 30 erhållit
1407 1061 151 31 anstånd
1579 1064 118 27 senast
1718 1069 60 22 sex

1063 1108 125 29 veckor
1216 1107 154 39 därefter
1399 1108 51 28 att
1478 1106 70 29 han
1579 1105 110 29 under
1718 1113 60 21 an-

1062 1152 218 30 ståndstiden
1321 1152 79 38 haft
1439 1152 55 28 sin
1534 1150 244 39 förmögenhet

1061 1198 151 39 nedlagd
1229 1197 11 30 i
1256 1197 171 40 företaget
1446 1196 52 29 till
1514 1196 109 29 minst
1642 1195 40 30 75
1699 1203 79 31 pro-

1063 1245 78 28 cent
1160 1243 64 29 och
1244 1244 51 28 att
1313 1242 116 39 någon
1449 1241 141 38 arvinge
1611 1241 82 28 eller
1713 1241 65 28 tes-

1064 1289 270 38 tamentstagare
1353 1287 111 29 under
1481 1295 134 21 samma
1635 1285 49 29 tid
1700 1285 78 38 haft

1063 1333 54 30 sin
1141 1333 189 39 väsentliga
1351 1332 219 40 försörjning
1589 1340 42 20 av
1652 1330 127 40 företa-

1063 1380 65 37 get,
1146 1377 182 40 eftergives
1344 1376 331 39 anståndsbeloppet
1690 1375 88 39 jäm-

1065 1425 31 28 te
1110 1423 111 30 ränta.

1107 1467 68 30 Får
1194 1465 491 40 beskattningsmyndigheten
1703 1464 75 40 före

1063 1512 285 30 anståndstidens
1365 1511 129 39 utgång
1507 1510 198 30 kännedom
1722 1518 55 21 om

1063 1559 51 28 att
1134 1557 114 39 någon
1271 1566 74 20 som
1370 1555 138 30 erhållit
1529 1554 152 31 anstånd
1703 1554 75 29 icke

1064 1602 176 40 uppfyller
1257 1601 41 30 de
1317 1602 11 29 i
1346 1601 111 39 tredje
1475 1600 136 40 stycket
1628 1599 149 39 angivna

1062 1646 342 41 förutsättningarna
1420 1645 57 40 för
1492 1644 154 41 eftergift
1662 1654 41 20 av
1719 1653 58 20 an-

1063 1691 293 40 ståndsbeloppet,
1398 1691 92 29 skall
1528 1689 249 40 myndigheten

1062 1737 156 39 förklara
1258 1736 187 29 anståndet
1483 1734 188 40 förverkat.
1710 1734 68 29 An-

1062 1781 284 40 ståndsbeloppet
1358 1780 110 40 jämte
1482 1780 101 30 ränta
1597 1779 91 30 skall
1701 1779 76 30 där-

1064 1826 56 30 vid
1147 1827 154 38 erläggas
1329 1826 94 29 inom
1452 1834 60 20 sex
1540 1825 125 29 veckor
1692 1823 85 40 efter

1061 1872 57 29 det
1141 1871 112 30 beslut
1276 1870 192 30 meddelats
1492 1878 56 21 om
1572 1869 203 30 anståndets

1060 1915 243 40 förverkande.

1105 1961 47 29 Är
1173 1961 131 30 dödsbo
1325 1969 75 21 som
1424 1960 78 39 sägs
1524 1959 11 30 i
1555 1959 111 39 första
1688 1960 88 38 styc-

1063 2006 58 29 ket
1143 2006 153 39 alltjämt
1318 2004 146 40 oskiftat
1488 2004 56 30 vid
1565 2003 211 30 anståndsti-

1062 2051 85 29 dens
1172 2050 138 39 utgång,
1334 2050 107 38 gäller
1464 2048 220 40 beträffande
1708 2048 68 29 del-

1062 2096 121 38 ägares
1201 2096 70 29 rätt
1291 2095 52 29 till
1361 2093 154 40 eftergift
1533 2103 42 20 av
1594 2093 94 30 skatt
1706 2093 70 29 det-

1062 2149 134 21 samma
1212 2149 74 20 som
1304 2149 54 20 om
1376 2139 77 30 boet
1468 2138 111 30 under
1593 2138 182 30 anstånds-

1064 2185 93 29 tiden
1173 2184 88 30 varit
1275 2184 134 39 skiftat.

1104 2229 179 40 Föreligga
1304 2228 198 40 synnerliga
1523 2228 87 36 skäl,
1631 2228 68 29 kan
1721 2228 53 29 be-

1059 2273 450 40 skattningsmyndigheten
1533 2272 158 39 medgiva
1715 2282 59 20 an-

1061 2320 103 29 stånd
1183 2319 79 30 med
1283 2318 206 39 erläggande
1508 2327 43 21 av
1571 2318 82 29 eller
1673 2317 100 40 efter-

1060 2364 66 40 gift
1147 2373 42 20 av
1211 2363 176 30 arvsskatt
1410 2362 106 39 enligt
1538 2362 114 30 denna
1674 2371 100 31 para-

1059 2408 79 40 graf
1157 2410 83 27 utan
1259 2407 126 30 hinder
1403 2417 42 20 av
1464 2409 51 27 att
1533 2407 66 29 den
1617 2407 156 29 avlidnes

1061 2453 55 29 del
1130 2453 12 29 i
1155 2452 170 40 företaget
1341 2451 219 40 understiger
1575 2451 40 30 75
1630 2452 143 38 procent

1060 2506 42 20 av
1118 2497 95 29 boets
1232 2495 200 39 behållning
1449 2495 82 30 eller
1547 2497 51 27 att
1614 2495 159 39 arvinges
