1894 2830
276 135 40 30 20
567 136 403 41 Bevillningsutskottets
986 139 218 30 betänkande
1219 149 42 21 nr
1275 141 38 30 41
1330 141 39 30 år
1384 141 83 30 1970

452 216 226 35 (Nuvarande
698 218 147 41 lydelse)

1201 221 225 41 (Föreslagen
1448 223 147 40 lydelse)

957 284 40 30 41
1026 284 15 38 8

318 333 14 30 1
370 337 141 28 mom.
539 335 102 36 Gåva,
659 336 54 31 för
729 355 319 5 —————>—
1064 339 165 40 stadgade
1246 340 208 40 grunderna.

316 379 659 31 Harden————————
995 385 246 30 motsvarande
1262 385 231 40 tillämpning.

316 424 136 32 Attvid
500 444 76 3 o—
593 444 478 6 ————————
1091 429 19 30 2
1131 438 105 22 mom.

315 470 14 29 I
347 471 71 34 fall,
439 480 74 20 som
532 481 98 21 avses
647 473 11 29 i
677 473 114 30 denna
808 474 174 39 paragraf,

272 515 89 31 skall
381 516 90 40 gälla
490 518 66 30 vad
574 518 12 30 i
609 518 38 30 19
670 518 15 37 $
708 518 18 30 3
746 528 104 20 mom.
872 519 110 39 första

285 560 63 29 och
375 562 110 38 tredje
509 563 167 37 styckena
701 564 38 29 är
764 564 54 29 för
843 565 62 28 där
930 574 55 20 av-

272 605 105 30 sedda
400 606 62 30 fall
486 606 217 31 föreskrivet.

950 672 84 38 43
1011 668 26 50 $

313 713 66 30 Vid
392 714 225 41 beskattning
631 725 42 20 av
687 716 86 39 gåva
788 717 88 29 skall
890 717 11 29 i
916 717 67 29 till-

269 759 165 40 lämpliga
447 760 95 30 delar
556 761 105 30 lända
674 761 53 30 till
742 761 239 36 efterrättelse,

268 803 154 31 förutom
454 814 89 21 ovan
575 806 142 30 särskilt
748 807 149 39 angivna
927 807 56 30 be-

269 849 217 30 stämmelser
514 851 11 29 i
557 850 94 35 6—9,
684 851 49 35 12,
767 852 48 34 19,
846 852 39 29 21
918 852 64 30 och

267 893 40 29 30
334 893 48 37 88,
405 895 68 29 vad
496 895 10 29 i
531 894 99 40 fråga
654 904 56 21 om
735 897 175 28 arvsskatt
933 897 49 29 vi-

267 939 82 29 dare
370 939 38 29 är
430 940 136 39 stadgat
586 941 11 29 i
618 940 19 29 4
661 940 15 37 $
700 941 17 29 2
740 941 64 30 och
825 941 18 30 3
865 951 115 25 mom.,

270 983 48 35 14,
336 983 50 35 20,
403 984 128 30 22—27
550 984 49 37 $$,
616 985 40 30 28
683 985 7 37 8
707 986 79 29 med
802 986 179 40 undantag

267 1037 41 21 av
338 1029 65 29 vad
435 1029 11 30 i
476 1028 121 40 första,
631 1031 110 29 andra
772 1031 64 29 och
870 1031 111 39 tredje

267 1074 167 38 styckena
466 1074 149 40 stadgas,
648 1075 164 31 ävensom
843 1075 42 30 29
917 1075 63 31 och

267 1118 40 30 32
324 1118 59 37 $5$;
403 1119 65 30 och
487 1120 89 29 skall
594 1120 122 30 därvid
734 1121 66 29 den
818 1121 11 29 i
847 1121 41 30 32
910 1121 14 37 8
945 1121 31 35 f)

266 1163 288 31 förekommande
568 1165 255 40 hänvisningen
838 1166 51 29 till
907 1166 39 30 19
963 1166 15 37 8

266 1209 10 29 i
295 1209 114 30 stället
428 1209 89 40 gälla
534 1209 39 30 41
596 1209 27 38 8.

312 1342 63 30 Vid
392 1343 222 40 tillämpning
628 1353 42 20 av
686 1345 41 29 28
743 1344 21 37 $
779 1345 91 29 skall
886 1345 93 29 skat-

266 1389 55 28 ten
345 1387 104 40 enligt
470 1388 94 30 klass
584 1389 16 28 I
621 1390 132 37 utgöra,
773 1390 65 28 när
861 1389 118 30 värdet

264 1432 188 39 överstiger
471 1433 20 29 2
505 1433 63 30 000
587 1442 80 21 men
689 1434 75 29 icke
784 1435 19 29 3
817 1434 63 29 000
900 1434 79 30 kro-

263 1486 74 27 nor,
362 1478 15 28 1
403 1480 144 37 procent
569 1487 42 21 av
636 1478 128 37 värdet,
789 1481 100 35 samt,
914 1479 65 30 när

265 1522 118 29 värdet
398 1522 188 39 överstiger
598 1523 92 30 3000
704 1533 79 20 men
798 1524 75 29 icke
891 1524 16 29 6
915 1524 63 29 000

264 1567 138 37 kronor,
427 1567 42 30 30
494 1567 130 30 kronor
647 1567 57 40 för
728 1569 19 29 3
761 1568 63 30 000
848 1568 131 31 kronor

264 1612 63 29 och
345 1613 20 28 2
382 1614 145 37 procent
544 1622 42 20 av
604 1612 209 31 återstoden.

1087 475 12 29 I
1118 475 71 34 fall,
1210 484 74 21 som
1303 485 98 21 avses
1418 477 11 29 i
1448 477 114 29 denna
1580 478 174 39 paragraf,

1044 520 88 30 skall
1152 521 90 39 gälla
1261 522 67 30 vad
1346 521 11 31 i
1381 522 38 30 19
1442 522 15 37 8
1480 522 18 30 3
1519 531 104 21 mom.
1644 523 111 30 andra

1042 565 135 39 stycket
1197 567 38 28 är
1256 566 54 30 för
1331 567 62 29 där
1413 568 150 29 avsedda
1584 568 62 29 fall
1665 568 90 29 före-

1043 610 139 30 skrivet.

1040 674 22 28 2

1084 718 66 30 Vid
1164 718 224 41 beskattning
1403 729 42 21 av
1459 720 85 40 gåva
1559 721 89 29 skall
1662 721 11 29 i
1687 721 68 30 till-

1040 763 165 40 lämpliga
1218 765 95 29 delar
1328 765 105 30 lända
1446 766 52 29 till
1514 766 238 35 efterrättelse,

1039 808 153 30 förutom
1225 819 88 20 ovan
1346 810 142 30 särskilt
1519 811 150 39 angivna
1698 812 56 29 be-

1040 854 217 30 stämmelser
1286 855 11 29 i
1328 855 94 35 6—39,
1456 856 49 34 12,
1538 856 49 34 19,
1618 856 39 30 21
1689 857 65 29 och

1039 897 41 30 30
1100 898 49 36 $$,
1166 900 66 28 vad
1248 899 12 29 i
1278 899 99 39 fråga
1393 909 56 20 om
1467 901 176 29 arvsskatt
1659 901 95 29 vida-

1039 952 36 20 re
1094 943 37 29 är
1151 944 136 39 stadgat
1304 944 11 30 i
1333 944 20 30 4
1373 944 15 37 $
1409 945 18 30 2
1447 945 64 30 och
1529 945 18 30 3
1566 955 115 25 mom,.,
1703 945 49 35 14,

1038 987 51 35 20,
1109 988 127 30 22—27
1258 988 48 37 88,
1326 989 41 30 28
1383 989 15 37 5
1417 990 80 29 med
1515 990 180 39 undantag
1712 999 41 21 av

1039 1034 67 28 vad
1120 1034 11 28 i
1147 1034 109 29 andra
1271 1034 65 30 och
1349 1034 116 39 fjärde
1481 1036 166 38 styckena
1663 1036 90 29 stad-

1042 1085 67 32 gas,
1132 1078 163 30 ävensom
1316 1079 42 30 32
1377 1078 35 38 $;
1436 1079 65 31 och
1523 1080 88 30 skall
1632 1080 120 30 därvid

1041 1123 65 29 den
1125 1124 10 28 i
1155 1123 40 30 32
1217 1123 15 37 $
1253 1124 30 34 f)
1308 1124 288 31 förekommande
1614 1125 138 30 hänvis-

1040 1168 128 39 ningen
1191 1169 53 29 till
1271 1168 38 30 19
1336 1169 15 37 $
1378 1170 10 29 i
1415 1170 113 30 stället
1553 1170 89 39 gälla
1667 1171 38 29 41
1735 1170 15 37 8

1040 1213 91 29 samt
1148 1212 41 30 28
1207 1212 21 38 $
1244 1212 111 41 första
1374 1213 64 30 och
1457 1214 111 40 tredje
1586 1215 166 39 styckena

1040 1257 175 39 tillämpas
1230 1266 73 21 som
1320 1268 55 20 om
1391 1259 110 38 gåvan
1518 1260 160 39 utgjorde
1692 1270 60 20 arv

1040 1301 87 40 efter
1139 1302 150 39 givaren.

956 1659 40 30 47
1018 1659 27 37 8.

306 1702 227 30 Deklaration
558 1703 89 29 skall
670 1720 45 4 —
736 1722 44 3 —
803 1721 44 3 —
871 1704 73 34 och,
972 1713 56 21 om
1055 1705 293 40 skattskyldighet
1373 1707 123 30 inträtt
1524 1717 129 27 senare,
1681 1709 65 30 tid-

261 1747 159 39 punkten
438 1747 136 35 härför;

306 1792 36 34 3)
367 1792 450 40 skyldskapsförhållandet
848 1794 128 30 mellan

262 1837 197 30 arvlåtaren
485 1837 179 35 (testator)
692 1838 64 30 och
779 1839 66 29 den
869 1839 108 29 skatt-

263 1882 156 38 skyldige
434 1883 174 34 ävensom,
624 1883 58 29 vid
696 1883 223 39 tillämpning
935 1893 41 20 av

260 1926 72 37 30
319 1922 15 48 8
358 1926 111 30 första
493 1926 64 30 och
583 1926 110 40 tredje
717 1927 176 39 styckena,
919 1928 56 30 det

260 1970 444 40 skyldskapsförhållande,
728 1972 86 30 efter
836 1973 107 30 vilket
964 1973 11 29 i

261 2016 123 29 sådant
412 2016 61 30 fall
502 2017 138 29 skatten
668 2017 89 29 skall
783 2018 188 34 beräknas;

1077 1794 36 35 3)
1142 1794 236 39 förhållandet
1400 1798 129 29 mellan
1552 1798 196 30 arvlåtaren

1038 1838 179 36 (testator)
1269 1841 64 29 och
1381 1842 66 29 den
1495 1843 252 40 skattskyldige

1033 1884 173 35 ävensom,
1241 1885 58 30 vid
1333 1887 221 39 tillämpning
1589 1897 41 20 av
1663 1888 82 37 30
1725 1880 23 50 8

1032 1928 111 30 första
1163 1929 145 39 stycket,
1331 1931 56 29 det
1407 1930 230 40 förhållande,
1660 1932 87 31 efter

1031 1974 107 29 vilket
1158 1974 11 29 i
1192 1974 124 30 sådant
1337 1975 61 30 fall
1422 1976 137 30 skatten
1582 1978 88 29 skall
1691 1978 56 29 be-

1032 2018 144 35 räknas;

303 2060 37 34 4)
370 2060 41 30 de
430 2061 160 38 grunder,
607 2078 45 4 —
666 2078 45 4 —
726 2080 44 3 —
788 2062 90 35 eller,
898 2071 55 21 om
973 2062 294 41 skattskyldighet
1285 2064 124 30 inträtt
1428 2074 130 27 senare,
1579 2066 165 41 tidpunk-

258 2106 58 28 ten
336 2105 136 35 härför;

303 2150 36 34 3)
369 2150 449 40 skyldskapsförhållandet
846 2152 129 29 mellan

259 2194 139 40 givaren
421 2195 64 30 och
508 2195 65 30 den
597 2196 253 40 skattskyldige
872 2197 101 30 även-

260 2249 83 25 som,
361 2240 58 30 vid
437 2241 223 39 tillämpning
676 2241 141 39 jämlikt
835 2241 41 30 40
897 2241 14 37 8
932 2251 41 20 av

257 2284 42 30 de
319 2285 11 29 i
352 2284 40 31 30
416 2284 15 38 $
454 2285 111 30 första
587 2285 63 30 och
673 2285 111 40 tredje
805 2286 166 39 styckena

259 2329 102 38 givna
378 2329 278 40 föreskrifterna,
675 2331 55 29 det
747 2330 225 40 skyldskaps-

258 2374 229 39 förhållande,
508 2375 87 30 efter
611 2375 108 30 vilket
737 2376 11 29 i
767 2375 125 31 sådant
910 2376 62 30 fall

259 2420 137 29 skatten
414 2420 88 29 skall
516 2420 228 35 bestämmas;

291 2485 9 13 1
321 2485 113 24 Senaste
452 2485 104 30 lydelse
576 2485 76 24 1958:
665 2485 59 24 562.

1075 2152 37 35 3)
1140 2152 237 39 förhållandet
1390 2155 129 30 mellan
1534 2156 139 39 givaren
1682 2157 62 29 och

1031 2198 65 29 den
1122 2198 253 40 skattskyldige
1399 2199 173 36 ävensom,
1598 2201 57 30 vid
1679 2201 65 29 till-

1030 2243 181 39 lämpning
1231 2243 141 39 jämlikt
1395 2244 40 30 40
1461 2244 15 37 $
1501 2254 41 21 av
1563 2244 180 41 föreskrif-

1032 2288 55 28 ten
1108 2288 10 29 i
1138 2287 41 30 30
1202 2287 15 38 8
1240 2288 111 30 första
1371 2289 145 39 stycket,
1538 2290 57 30 det
1614 2289 130 40 förhål-

1031 2332 110 36 lande,
1163 2333 86 29 efter
1268 2333 107 30 vilket
1393 2334 12 29 i
1426 2334 124 30 sådant
1570 2335 61 30 fall
1652 2336 94 29 skat-

1029 2379 56 27 ten
1108 2378 87 29 skall
1214 2378 228 35 bestämmas;

291 2521 9 13 >
321 2521 114 24 Senaste
448 2521 103 30 lydelse
566 2521 76 24 1958:
658 2521 59 24 562.
732 2517 160 35 Ändringen
906 2522 116 24 innebär
1034 2523 37 23 bl.
1087 2529 24 17 a.
1127 2524 43 22 att
1185 2523 85 24 andra
1284 2524 112 30 stycket
1410 2526 136 28 upphävs.
