1918 2816
576 147 256 32 Statsutskoltets
855 149 168 32 utlåtande
1047 151 53 30 Nr
1124 154 73 29 122,
1601 154 41 31 25

190 220 64 42 3:0)
289 223 16 31 I
341 234 40 21 en
417 224 93 32 inom
545 226 106 31 andra
685 227 199 32 kammaren
921 239 43 22 av
999 229 115 32 herrar
1140 231 30 31 £S.
1198 231 180 40 Bengtsson
1402 232 9 31 i
1437 232 117 41 Norup
1579 233 63 31 och

145 276 39 31 4.
226 277 155 31 Thomson
413 278 101 32 väckt
546 279 129 32 motion
707 278 52 42 (II:
778 279 83 42 122),
887 292 73 21 som
984 283 54 31 för
1062 283 244 33 förberedande
1331 285 208 41 behandling
1563 286 79 31 hän-

144 329 104 32 visats
273 330 49 31 till
347 332 258 39 statsutskottet,
630 333 61 31 har
715 334 201 39 hemställts,
941 338 48 29 att
1014 336 180 41 riksdagen
1218 340 106 30 måtte

189 383 67 31 dels
291 384 168 40 medgiva,
496 388 49 28 att
579 386 207 40 provisorisk
823 388 385 43 avlöningsförbättring
1244 393 57 29 må
1336 392 53 31 för
1413 392 92 32 tiden
1539 394 13 29 1
1577 392 64 41 juli

147 436 175 31 1929—30
356 437 76 39 juni
470 439 85 31 1930
590 441 82 38 utgå
702 439 50 31 till
776 439 107 33 lärare
908 441 56 31 vid
990 441 256 42 folkhögskolor
1270 444 10 30 i
1306 445 336 32 överensstämmelse

145 488 78 32 med
247 492 47 28 ett
318 500 42 21 av
384 490 318 41 skolöverstyrelsen
727 493 171 40 framlagt,
924 494 9 31 i
958 495 174 31 motionen
1156 497 164 40 återgivet
1344 498 136 40 förslag,

189 542 67 31 dels
291 543 54 31 ock
377 544 53 31 för
465 544 195 32 ändamålet
694 545 120 32 anvisa
842 547 54 30 för
920 546 199 42 budgetåret
1146 550 220 31 1929—1930
1391 554 45 28 ett
1460 554 94 28 extra
1578 552 63 30 för-

145 593 211 42 slagsanslag
379 606 42 22 av
446 597 122 38 90,000
592 597 134 32 kronor.

189 647 65 31 Till
278 648 74 31 stöd
377 649 53 31 för
454 649 56 32 sitt
533 650 128 41 förslag
684 651 88 33 hava
798 652 251 33 motionärerna
1073 655 113 31 anfört
1209 655 168 40 följande:

189 718 15 31 I
229 719 439 42 statsverkspropositionen
692 722 62 32 har
777 722 162 33 bebådats
964 735 40 21 en
1029 725 254 42 framställning
1303 727 77 31 från
1397 727 127 41 Kungl.
1543 728 99 40 Maj:t

144 763 143 32 rörande
320 764 206 40 provisorisk
562 766 387 43 avlöningsförbättring
984 770 34 30 åt
1046 769 106 32 lärare
1175 770 58 32 vid
1258 771 83 31 folk-
1367 772 62 31 och
1453 772 189 32 småskolor

145 810 88 28 samt
267 808 105 40 högre
407 809 196 33 folkskolor.
653 810 117 33 Såsom
807 812 73 31 skäl
915 813 116 32 härför
1062 813 162 42 åberopas
1249 816 292 41 framställningar
1563 818 78 30 från

145 851 320 42 skolöverstyrelsen
500 857 89 28 samt
624 855 141 41 tidigare
801 857 168 31 motioner
1000 858 94 31 inom
1120 859 180 41 riksdagen
1325 861 143 31 rörande
1492 860 149 41 tillfällig

144 895 291 43 löneförbättring,
460 899 43 39 på
527 899 113 40 grund
664 910 102 21 varav
794 901 85 31 1928
904 902 53 30 års
982 902 139 41 riksdag
1143 903 90 41 gjort
1257 907 47 28 ett
1328 904 173 32 uttalande
1517 905 11 31 i
1546 905 94 41 dylik

145 940 161 41 riktning.

190 984 109 32 Såvitt
322 985 34 32 vi
380 985 117 33 kunna
521 987 103 38 finna,
649 998 97 22 avser
770 988 65 32 den
860 988 159 33 blivande
1044 991 254 40 propositionen
1321 992 74 32 icke
1418 995 48 30 att
1490 996 152 39 upptaga

144 1030 105 40 något
271 1029 128 42 förslag
421 1030 51 32 till
489 1031 386 43 avlöningsförbättring
892 1034 52 31 för
960 1034 319 42 folkhögskolornas
1296 1036 253 42 lärarpersonal.
1576 1038 65 31 Det

144 1073 62 32 har
241 1073 86 33 dock
363 1074 92 33 såväl
490 1075 10 32 i
536 1076 204 41 föregående
775 1078 168 32 motioner
978 1089 73 21 som
1075 1080 10 30 i
1110 1081 292 42 framställningar
1436 1082 50 32 till
1510 1082 128 41 Kungl.

145 1118 97 40 Maj:t
272 1119 77 31 från
374 1119 318 42 skolöverstyrelsen
717 1122 215 39 framhållits,
958 1126 48 29 att
1031 1129 85 27 även
1141 1124 97 33 dessa
1261 1125 107 41 lärare
1391 1137 79 21 vore
1494 1127 11 31 i
1530 1127 110 32 behov

144 1173 43 21 av
211 1174 41 20 en
277 1163 291 43 löneförbättring,
594 1166 62 31 och
683 1167 84 31 1928
793 1168 53 30 års
871 1168 138 41 riksdag
1032 1168 63 32 har
1117 1169 11 31 i
1152 1169 188 42 anledning
1363 1181 41 21 av
1421 1171 130 32 motion
1568 1172 72 31 här-

145 1218 53 20 om
235 1208 173 32 hemställt
443 1206 172 43 (skrivelse
650 1221 41 20 nr
727 1208 85 43 291),
838 1214 49 29 att
911 1212 127 42 Kungl.
1065 1213 98 41 Maj:t
1186 1216 106 31 måtte
1316 1218 78 38 taga
1418 1216 107 32 under
1550 1221 90 27 över-

144 1252 165 40 vägande,
342 1252 170 34 huruvida
547 1254 128 41 förslag
708 1255 51 31 till
794 1256 208 33 förbättrade
1035 1257 316 34 löneförhållanden
1376 1261 52 31 för
1451 1260 107 32 lärare
1582 1261 57 32 vid

143 1295 259 42 folkhögskolor
426 1299 57 30 må
506 1298 120 32 kunna
648 1302 131 29 snarast
803 1301 136 41 möjligt
962 1302 189 41 föreläggas
1176 1303 192 42 riksdagen.

188 1340 133 33 Härvid
357 1341 61 32 har
452 1342 183 42 riksdagen
669 1344 159 32 hänvisat
863 1345 49 31 till
948 1346 66 31 vad
1048 1347 179 41 riksdagen
1264 1349 114 31 anfört
1412 1349 11 31 i
1457 1350 98 40 fråga
1583 1360 56 21 om

144 1385 121 31 väckta
300 1386 167 32 motioner
501 1388 175 40 angående
700 1388 150 42 tillfällig
873 1389 282 43 löneförbättring
1177 1392 55 31 för
1255 1392 107 32 lärare
1387 1393 57 32 vid
1467 1393 84 32 folk-
1576 1394 63 31 och

144 1429 188 32 småskolor
367 1433 88 29 samt
488 1431 105 42 högre
625 1432 196 40 folkskolor,
857 1433 124 33 liksom
1017 1435 56 32 det
1100 1446 41 22 av
1166 1436 200 42 riksdagens
1390 1438 141 41 tidigare
1555 1441 83 29 utta-

144 1473 124 32 landen
303 1475 160 41 framgår,
500 1479 48 29 att
584 1477 118 41 frågan
729 1488 55 21 om
810 1478 204 42 förbättring
1038 1490 42 22 av
1103 1480 370 43 folkhögskollärarnas
1497 1482 142 33 löneför-

143 1518 184 33 hållanden
362 1519 102 33 borde
499 1520 88 33 lösas
623 1521 10 32 i
668 1522 168 32 samband
871 1524 78 32 med
985 1526 239 32 motsvarande
1252 1526 245 42 lönespörsmål
1519 1528 55 31 för
1598 1527 41 32 de

143 1563 151 32 nämnda
318 1564 216 33 kommunalt
557 1566 166 32 anställda
747 1567 142 32 lärarna.
936 1569 136 32 Jämväl
1096 1570 319 42 skolöverstyrelsen
1439 1572 62 31 har
1524 1572 11 31 i
1559 1572 80 32 skri-

143 1607 90 33 velse
271 1608 50 32 till
355 1609 128 41 Kungl.
520 1610 100 41 Maj:t
654 1611 65 32 den
755 1613 40 30 31
834 1613 135 41 augusti
996 1615 84 30 1928
1105 1614 182 40 hemställt,
1314 1619 48 28 att
1385 1616 128 41 Kungl.
1539 1617 99 40 Maj:t

143 1654 105 30 måtte
283 1654 54 30 för
374 1655 83 31 1929
494 1656 52 30 års
576 1655 138 42 riksdag
736 1656 192 42 framlägga
952 1658 128 41 förslag
1104 1670 53 20 om
1183 1659 150 43 tillfällig
1357 1660 282 42 löneförbättring

143 1698 34 30 åt
209 1697 107 32 lärare
350 1698 58 32 vid
443 1698 257 43 folkhögskolor
734 1700 11 32 i
781 1703 337 32 överensstämmelse
1153 1704 78 32 med
1256 1707 46 29 ett
1327 1716 42 21 av
1393 1706 245 41 överstyrelsen

142 1742 93 31 förut
258 1742 136 41 avgivet
417 1743 135 41 förslag.

187 1786 66 32 Det
276 1797 100 30 synes
401 1798 52 21 oss
478 1788 116 32 därför
617 1789 72 32 icke
714 1789 185 42 tillbörligt,
925 1794 48 29 att
996 1791 355 42 folkhögskollärarna
1370 1794 114 32 ställas
1501 1796 138 30 utanför

143 1830 64 32 den
233 1831 180 41 möjlighet
436 1832 49 31 till
510 1833 396 43 avlöningsförbättring,
932 1846 73 21 som
1030 1847 47 21 nu
1101 1837 180 33 förebådas
1305 1839 54 31 för
1382 1839 256 32 folkskollärare

143 1886 43 20 m.
212 1875 32 32 fl.
293 1876 16 31 I
332 1876 195 40 jämförelse
563 1878 78 31 med
665 1878 246 33 realskolornas
935 1881 62 31 och
1022 1881 41 31 de
1087 1881 224 33 kommunala
1335 1883 303 33 mellanskolornas

141 1919 256 42 lärarpersonal,
433 1921 56 33 vid
525 1922 92 32 vilka
651 1923 319 41 folkhögskolornas
1006 1930 151 28 närmast
1190 1927 243 33 sidoordnades
1469 1928 57 32 vid
1550 1928 88 32 löne-

142 1964 168 42 reglering
336 1966 94 38 1919,
455 1966 45 32 ha
523 1967 326 42 folkhögskollärare
873 1969 99 41 länge
995 1969 159 33 befunnit
1178 1972 51 41 sig
1252 1972 11 31 i
1285 1983 40 21 en
1345 1983 189 31 ogynnsam
1552 1973 86 32 ställ-

142 2009 94 41 ning,
269 2014 82 27 enär
374 2010 148 42 tillfällig
546 2011 283 43 löneförbättring
852 2014 104 31 sedan
980 2014 80 32 flera
1084 2017 37 30 år
1143 2016 141 32 tillbaka
1308 2017 145 32 kommit
1478 2017 40 32 de
1542 2019 96 31 först-

142 2054 152 31 nämnda
332 2054 282 43 lärargrupperna
649 2057 49 32 till
733 2058 99 40 godo,
869 2069 78 21 men
980 2059 74 32 icke
1089 2060 320 41 folkhögskolornas
1447 2062 115 32 lärare.
1622 2063 16 31 I

141 2097 148 41 längden
313 2101 108 30 måste
444 2111 42 20 en
511 2100 105 32 sådan
641 2101 357 43 undantagsställning
1022 2109 85 27 även
1132 2105 143 42 menligt
1290 2107 140 31 inverka
1446 2108 44 40 på
1507 2107 131 41 möjlig-

141 2142 101 32 heten
278 2146 48 29 att
361 2145 171 40 rekrytera
566 2145 320 42 folkhögskolornas
921 2147 244 42 lärarpersonal
1200 2150 79 32 med
1313 2151 55 32 väl
1402 2151 236 33 kvalificerade

141 2187 136 32 krafter.

186 2232 101 32 Detta
310 2232 63 32 har
396 2238 86 27 även
506 2234 204 33 framhållits
735 2246 43 21 av
802 2236 320 42 skolöverstyrelsen
1147 2238 11 32 i
1182 2239 76 32 dess
1281 2240 247 41 förutnämnda
1547 2241 89 32 hem-

141 2276 121 32 ställan
287 2288 56 21 om
367 2277 149 43 tillfällig
539 2279 284 43 löneförbättring
839 2283 34 29 åt
888 2281 352 42 folkhögsskollärare.
1279 2284 254 42 Överstyrelsen
1550 2286 87 31 hade

141 2322 92 31 förut
268 2323 44 40 på
347 2322 156 42 uppdrag
533 2334 43 21 av
600 2324 126 42 Kungl.
754 2325 98 41 Maj:t
876 2326 167 32 utarbetat
1067 2328 63 31 och
1154 2328 65 32 den
1245 2330 39 30 31
1312 2330 135 41 augusti
1474 2331 84 31 1926
1583 2341 54 21 av-

141 2366 85 41 givit
250 2370 47 28 ett
320 2367 127 41 förslag
470 2378 56 21 om
552 2368 149 43 tillfällig
723 2369 283 43 löneförbättring
1030 2373 34 30 åt
1080 2372 336 43 folkhögskollärare,
1434 2374 105 33 vilket
1555 2386 82 30 upp-

140 2415 59 37 tog
222 2411 300 43 avlöningstillägg
545 2414 78 31 med
648 2414 253 33 nedanstående
925 2415 136 43 belopp:

1680 234 178 25 Provisorisk

1680 269 183 26 löneförbätt-

1662 306 61 30 ring
1733 306 43 24 för
1784 306 91 25 lirare

1671 341 47 25 vid
1738 341 127 32 folkhög-

1715 377 104 25 skolor.
