1864 2808
324 144 40 30 30
650 145 126 32 Andra
808 146 253 36 lagutskottets
1091 146 188 32 utlåtande
1309 146 52 32 Nr
1383 147 30 30 9.

968 453 59 39 Nr
1054 453 39 40 9.

788 561 113 24 Ankom
919 562 43 24 till
982 562 162 31 riksdagens
1163 563 91 24 kansli
1274 563 53 24 den
1348 564 14 23 3
1382 571 75 17 mars
1477 565 66 23 1927
1564 565 36 23 kl.
1621 566 32 22 10
1674 566 15 22 I.
1710 573 35 16 m.

390 653 190 32 [Utlåtande
613 654 13 31 i
658 653 193 38 anledning
878 664 44 22 av
955 655 105 32 väckt
1083 656 136 31 motion
1242 655 180 38 angående
1445 657 268 37 undanröjande
1736 669 47 21 av

582 706 194 36 konflikter
799 707 130 31 mellan
953 708 67 31 den
1042 717 26 22 s.
1093 708 32 31 k.
1150 708 250 37 förbudslagen
1432 709 57 36 för
1514 709 269 38 bolagsförvärv

583 759 64 31 och
671 760 66 30 den
759 769 27 21 s.
810 759 34 31 k.
867 759 246 37 bulvanlagen.

317 852 17 31 I
368 862 42 21 en
444 853 94 30 inom
573 853 107 31 första
714 854 202 30 kammaren
948 855 113 34 väckt,
1088 855 55 30 till
1167 855 190 36 lagutskott
1379 857 170 32 hänvisad
1573 859 140 35 motion,
1737 869 45 20 nr

274 904 73 36 165,
381 904 120 31 vilken
533 904 203 32 behandlats
770 916 45 20 av
848 906 108 31 andra
985 906 233 37 lagutskottet,
1251 908 63 30 har
1348 908 80 31 herr
1458 909 206 38 Lindhagen
1688 910 94 31 hem-

272 956 106 36 ställt,
401 958 52 29 att
476 957 184 36 riksdagen
683 957 85 31 ville
791 958 166 36 antingen
980 958 134 31 besluta
1126 959 128 31 sådana
1268 960 279 37 förtydliganden
1563 973 44 19 av
1625 962 156 31 förbuds-

273 1008 100 36 lagen
406 1009 53 30 för
482 1009 262 36 bolagsförvärv
768 1010 62 30 och
853 1010 246 36 bulvanlagen,
1123 1013 51 29 att
1197 1012 40 30 de
1261 1013 31 35 ej
1318 1015 167 34 äventyra
1509 1016 51 29 att
1582 1016 53 29 stå
1658 1015 12 29 i
1695 1015 82 30 kon-

272 1060 77 30 flikt
372 1060 77 31 med
474 1061 173 30 varandra
669 1061 63 31 och
755 1063 99 34 göras
877 1062 56 30 till
957 1062 145 31 föremål
1126 1063 53 30 för
1202 1064 145 36 stridiga
1371 1065 210 37 tolkningar,
1605 1066 84 30 eller
1712 1067 63 30 ock

271 1112 61 30 hos
355 1112 133 37 Kungl.
512 1113 101 36 Maj:t
635 1113 127 36 begära
785 1114 240 36 övervägande
1048 1115 62 30 och
1134 1115 128 37 förslag
1286 1116 13 30 i
1322 1117 123 30 sådant
1468 1118 99 35 syfte.

313 1164 69 31 Till
405 1165 74 31 stöd
503 1165 53 31 för
579 1165 143 31 berörda
746 1166 207 31 hemställan
977 1167 64 31 har
1063 1168 215 31 motionären
1301 1169 117 31 anfört
1441 1170 168 36 följande:

312 1233 51 32 Är
387 1235 83 30 1925
495 1235 198 31 utfärdades
717 1246 42 20 en
782 1236 190 36 bulvanlag
996 1238 180 36 samtidigt
1199 1239 77 30 med
1300 1248 42 21 en
1359 1239 200 37 förbudslag
1577 1241 52 30 för
1646 1241 131 36 bolags-

268 1278 153 31 förvärv.
456 1279 66 30 Det
545 1279 64 30 har
632 1279 103 31 sedan
759 1280 75 30 icke
857 1280 141 31 avhörts
1022 1284 114 33 någon
1159 1282 122 36 åtgärd
1305 1282 80 31 från
1408 1283 255 32 vederbörande
1679 1294 99 26 myn-

268 1322 165 36 digheter,
469 1323 97 29 vilka
601 1323 109 36 enligt
745 1323 100 36 lagen
879 1324 86 30 hade
999 1324 55 30 till
1078 1325 185 36 åliggande
1286 1327 52 29 att
1360 1326 125 36 bringa
1509 1327 65 30 den
1597 1328 56 30 till
1677 1328 99 30 verk-

267 1365 187 36 ställighet.
489 1365 18 30 I
522 1366 116 31 stället
652 1367 176 30 inkommo
844 1367 160 36 omkring
1022 1368 62 30 200
1101 1368 302 37 framställningar
1419 1370 79 30 från
1516 1371 101 35 bolag
1634 1371 142 30 särskilt

267 1409 13 29 1
297 1409 306 31 Västernorrlands
626 1410 62 30 och
712 1410 199 31 Jämtlands
935 1411 58 30 län
1017 1421 56 21 om
1096 1412 158 31 tillstånd
1278 1414 51 30 att
1353 1413 36 30 få
1412 1413 166 31 förvärva
1601 1415 76 30 sina
1700 1414 74 31 bul-

267 1453 234 30 vanhemman
532 1453 78 30 med
633 1453 75 31 stöd
731 1464 44 20 av
800 1454 65 30 den
888 1464 69 26 nya
981 1455 261 36 förbudslagens
1269 1457 210 36 »lindrigare
1503 1458 273 30 koncessionsbe-

267 1496 246 30 stämmelser».
564 1496 171 37 Samtliga
770 1497 95 30 dessa
898 1498 235 36 ansökningar
1167 1509 83 20 voro
1289 1500 171 31 dessutom
1499 1501 192 36 tillstyrkta
1728 1512 46 19 av

268 1539 282 36 länsstyrelserna
573 1539 62 30 och
659 1540 414 36 tjänstemannakårerna.
1110 1542 101 30 Detta
1234 1543 119 30 visade
1376 1543 141 36 således,
1541 1546 51 28 att
1616 1544 64 31 den
1704 1554 70 27 nya

268 1582 100 36 lagen
400 1583 125 35 ansågs
557 1583 82 35 giva
661 1583 242 36 befogenheter
926 1584 55 30 till
1005 1585 154 36 förvärv,
1183 1595 72 21 som
1278 1586 75 30 icke
1376 1587 115 30 kunde
1515 1588 125 30 vinnas
1664 1588 110 36 enligt

267 1625 65 31 den
366 1626 116 36 gamla
516 1626 254 37 förbudslagen.
816 1627 66 31 Det
915 1630 40 28 är
988 1629 101 30 också
1121 1629 192 36 uppenbart
1344 1631 51 30 att
1418 1630 54 30 för
1494 1631 71 30 alla
1588 1641 73 20 som
1684 1632 89 35 vilja

267 1678 116 28 gynna
415 1669 299 37 bolagsförvärvet
748 1670 39 31 de
822 1672 37 29 så
893 1671 137 32 kallade
1062 1672 190 37 lindrigare
1275 1674 391 31 koncessionsvillkoren
1691 1676 83 35 giva

267 1713 128 37 rikliga
427 1714 295 36 förevändningar
756 1714 130 37 därtill,
921 1716 97 30 vilka
1052 1716 125 31 saknas
1212 1717 12 30 i
1247 1717 64 31 den
1336 1718 115 35 gamla
1476 1719 100 35 lagen
1600 1719 62 30 och
1685 1719 89 36 jord-

266 1757 286 30 kommissionens
576 1758 139 35 förslag.

310 1800 17 30 I
359 1800 112 30 denna
498 1801 250 36 angelägenhet
770 1801 163 36 åberopas
956 1803 201 36 ytterligare
1180 1804 192 31 innehållet
1396 1805 11 29 i
1432 1805 174 30 motionen
1631 1806 139 35 bifogad

267 1843 259 36 framställning
550 1844 55 30 till
629 1845 213 35 regeringen.

309 1886 17 31 I
360 1896 43 21 en
430 1888 140 29 erinran
594 1888 55 30 till
673 1888 430 35 justitieombudsmannen
1127 1900 55 20 om
1206 1890 307 32 underlåtenheten
1536 1893 52 29 att
1611 1892 162 36 tillämpa

265 1930 234 36 bulvanlagen
534 1931 45 30 ha
614 1931 284 36 länsstyrelserna
932 1933 12 29 i
980 1933 307 31 Västernorrlands
1321 1934 62 31 och
1418 1935 199 31 Jämtlands
1641 1936 59 30 län
1722 1946 49 20 nu

265 1975 127 34 svarat,
425 1976 51 29 att
508 1974 41 31 de
571 1976 129 35 ansågo
723 1975 52 36 sig
800 1975 85 31 först
907 1975 83 32 böra
1013 1977 152 31 avvakta
1189 1978 132 36 Kungl.
1346 1978 117 37 Maj:ts
1486 1979 112 31 beslut
1621 1980 12 29 i
1657 1979 115 31 anled-

264 2017 86 36 ning
373 2027 46 20 av
442 2018 40 30 de
506 2018 165 30 inkomna
693 2019 291 36 ansökningarna.
1031 2020 73 30 Den
1128 2021 12 30 i
1165 2017 253 54 landghövding
1442 2022 142 31 Widéns
1607 2023 63 30 och
1682 2023 90 36 jord-

266 2060 283 31 kommissionens
573 2062 227 36 utredningar
824 2062 278 32 förekommande
1118 2065 282 34 specifikationen
1416 2067 43 34 på
1474 2066 298 30 bulvanhemman

265 2105 132 35 uppgår
429 2104 84 31 dock
537 2105 55 30 till
616 2106 161 36 omkring
800 2115 60 21 sex
883 2106 146 32 hundra.
1075 2107 194 37 Sannolikt,
1292 2111 99 34 säger
1414 2109 356 37 jordkommissionen,

264 2150 39 28 är
337 2148 57 31 det
428 2148 158 37 verkliga
620 2150 132 30 antalet
785 2151 117 30 större.
949 2150 83 31 Man
1066 2151 70 31 kan
1168 2152 129 31 således
1322 2153 99 36 fråga
1444 2154 63 36 sig,
1532 2154 118 30 varför
1673 2154 32 36 ej
1730 2154 41 31 de

263 2192 212 36 bulvanköp,
503 2202 73 21 som
600 2193 31 36 ej
657 2193 164 31 föranlett
844 2194 383 38 dispensansökningar,
1251 2197 209 30 åtminstone
1484 2199 99 34 göras
1607 2198 56 30 till
1687 2198 84 30 före-

264 2235 71 31 mål
367 2236 54 30 för
448 2236 271 31 vederbörandes
743 2238 313 35 uppmärksamhet.
1104 2239 80 31 Men
1208 2250 81 20 man
1313 2250 120 21 menar
1456 2241 239 36 förmodligen,
1719 2243 52 29 att

263 2280 48 30 ett
333 2279 102 31 bifall
458 2280 56 30 till
538 2280 40 30 de
594 2280 165 31 inkomna
775 2282 281 36 ansökningarna
1072 2283 49 30 bli
1138 2284 198 35 prejudikat
1353 2284 54 30 för
1422 2286 51 29 att
1490 2287 88 28 även
1595 2285 40 30 de
1647 2286 123 35 övriga

263 2322 243 37 bulvanköpen
530 2323 36 31 få
589 2324 191 30 förvärvas.
827 2324 102 31 Detta
952 2325 88 31 låter
1063 2326 36 36 ju
1123 2327 102 30 också
1248 2329 82 34 säga
1351 2328 63 35 sig.

308 2366 45 31 Vi
385 2368 52 29 stå
472 2367 129 30 således
624 2367 94 31 inför
741 2368 64 30 den
829 2368 199 37 skandalen,
1052 2371 111 29 såsom
1187 2371 63 30 ock
1272 2381 45 20 av
1341 2371 72 36 mig
1438 2371 171 36 förutsågs
1634 2371 59 31 vid
1716 2372 55 30 be-

264 2409 212 37 handlingen
500 2411 12 30 i
535 2411 185 36 riksdagen
742 2422 46 19 av
811 2413 252 34 propositionen
1087 2423 56 20 om
1166 2414 65 30 den
1254 2424 69 26 nya
1336 2414 256 37 förbudslagen,
1608 2416 52 30 att
1672 2417 101 29 stats-

264 2453 137 31 makten
425 2454 179 36 samtidigt
626 2455 160 31 utfärdar
809 2456 60 30 två
893 2455 107 39 lagar,
1024 2467 45 20 av
1093 2457 96 31 vilka
1213 2457 65 31 den
1302 2467 64 21 ena
1389 2459 72 30 står
1478 2458 12 30 i
1506 2458 87 31 strid
1610 2458 77 31 med
1704 2458 68 31 den
