2204 2622
471 199 120 32 Första
615 200 207 31 kammarens
841 200 137 38 första
1001 200 180 40 tillfälliga
1207 201 135 31 utskotts
1365 200 170 32 utlåtande
1557 201 52 31 Nr
1631 203 48 29 17.
1821 204 18 28 5

1517 276 126 41 Bilaga
1665 279 24 29 2
1710 278 42 30 4.

552 369 76 29 Till
654 369 124 29 Andra
806 370 238 30 kammarens
1073 369 126 41 fjärde
1228 370 204 39 tillfälliga
1460 370 159 30 utskott.

413 444 72 29 Med
520 444 172 38 anledning
725 444 97 30 därav
845 447 46 28 att
913 445 166 37 utskottet,
1104 456 114 27 genom
1243 447 151 29 skrivelse
1417 456 38 20 av
1478 446 60 29 den
1565 446 62 29 5:te
1650 446 128 36 dennes,
1803 447 84 29 velat

280 485 113 29 bereda
416 486 291 38 Landsföreningen
733 487 49 28 för
805 487 159 30 kvinnans
987 487 150 38 politiska
1161 491 128 27 rösträtt
1306 488 126 30 tillfälle
1451 491 47 26 att
1512 490 84 36 yttra
1612 488 47 37 sig
1674 491 73 27 över
1765 489 119 29 motion

279 537 36 19 nr
342 527 56 29 129
422 527 53 29 vid
498 529 81 28 årets
602 528 137 35 riksdag,
763 529 78 39 vilja
864 529 30 29 vi
919 529 108 34 uttala,
1042 533 46 26 att
1111 530 30 28 vi
1165 530 142 36 givetvis,
1331 531 8 28 i
1364 530 102 29 likhet
1489 529 73 29 med
1576 530 207 35 motionären,
1800 540 85 26 anse,

278 571 46 27 att
351 569 234 30 >könsstrecket
609 570 54 28 bör
686 570 68 29 helt
777 570 147 39 utplånas
948 571 70 29 från
1043 571 248 30 samhällslivets
1314 572 63 29 alla
1399 581 140 28 grenar».
1586 571 39 29 Vi
1648 572 105 29 tillåta
1775 582 50 20 oss
1841 575 46 27 att

278 610 48 30 till
359 611 155 30 utskottet
547 611 174 30 översända
754 622 38 19 en
828 612 134 30 avskrift
991 622 39 20 av
1053 613 60 29 den
1138 614 9 28 i
1171 615 162 28 motionen
1358 613 181 35 omnämda,
1564 623 38 19 av
1625 614 190 37 styrelserna
1839 615 47 29 för

279 653 212 29 Akademiskt
516 653 124 30 bildade
664 653 152 31 kvinnors
840 655 145 37 förening
1007 655 59 30 och
1090 655 152 30 Fredrika
1266 655 312 31 Bremer-förbundet
1593 655 49 30 till
1660 656 116 37 Kungl.
1795 656 92 39 Maj:t

278 694 114 31 ställda
426 695 184 36 skrivelsen,
645 695 10 29 i
688 697 107 29 vilken
823 697 29 29 vi
876 697 50 29 till
949 697 63 30 alla
1035 697 87 30 delar
1145 698 182 30 instämma.
1373 698 46 30 De
1441 698 10 29 i
1474 697 188 31 densamma
1684 698 202 30 framställda

279 737 205 31 önskemålen
509 738 226 30 sammanfalla
758 739 143 39 tydligen
925 739 73 30 med
1022 740 225 30 motionärens.

411 796 187 30 Stockholm
622 797 60 30 den
709 798 36 28 11
770 797 138 31 februari
934 798 89 30 1919.

389 872 60 30 För
472 872 312 39 Landsföreningens
807 873 49 30 för
878 873 158 30 kvinnans
1061 873 150 39 politiska
1233 875 128 28 rösträtt
1383 873 237 31 verkställande
1642 873 138 31 utskott:

868 946 168 31 Karolina
1065 946 226 36 Widerström,

1052 997 64 25 ordf.

410 1232 160 40 Avskrift.

1516 1275 127 42 Bilaga
1665 1279 23 30 2
1709 1276 42 32 B.

920 1318 75 30 Till
1023 1318 220 40 Konungen.

411 1395 46 29 De
480 1403 110 22 senare
612 1395 204 31 årtiondenas
839 1395 187 38 utveckling
1048 1395 82 30 hava
1151 1395 49 30 för
1223 1395 181 31 kvinnorna
1426 1398 122 36 öppnat
1564 1396 59 29 allt
1638 1395 57 30 fler
1710 1396 174 31 arbetsfält.

277 1437 83 29 Från
393 1436 54 31 det
480 1439 46 28 att
559 1437 180 31 kvinnorna
767 1438 50 30 till
845 1447 39 21 en
909 1439 111 38 början
1044 1438 82 30 varit
1148 1438 176 30 hänvisade
1346 1438 50 29 till
1419 1441 56 33 att,
1499 1440 56 27 när
1578 1437 53 31 det
1653 1438 104 39 gällde
1778 1439 108 30 arbete

276 1483 91 26 utom
401 1479 54 31 det
487 1489 79 29 egna
599 1480 152 37 hemmet,
786 1483 80 36 ägna
899 1481 48 38 sig
980 1480 256 39 huvudsakligen
1266 1481 33 29 åt
1321 1480 126 39 husliga
1469 1480 75 30 eller
1566 1479 91 31 dessa
1680 1480 205 40 närliggande

276 1522 127 39 sysslor,
437 1522 83 30 hava
552 1522 80 30 efter
664 1522 88 31 hand
786 1523 203 39 möjligheter
1016 1522 116 31 beretts
1155 1522 74 31 dem
1253 1526 46 27 att
1322 1523 145 30 förvärva
1489 1522 185 40 erforderlig
1697 1524 188 39 kompetens

276 1565 29 39 ej
330 1564 81 31 blott
432 1565 49 29 för
504 1565 213 38 befattningar
739 1566 11 29 i
773 1565 125 30 enskild
921 1566 101 36 tjänst
1044 1568 79 27 utan
1145 1565 120 39 jämväl
1287 1565 50 30 för
1358 1566 223 39 statstjänster.

409 1607 93 30 Inom
535 1608 84 30 vissa
646 1608 71 29 sina
742 1608 87 36 verk,
853 1608 127 30 särskilt
1002 1607 39 30 de
1064 1607 260 37 affärsdrivande,
1349 1608 57 29 har
1428 1610 103 28 staten
1555 1607 97 31 sedan
1675 1608 108 39 längre
1806 1608 46 31 tid
1875 1609 10 29 i

275 1651 65 28 stor
372 1650 222 37 utsträckning
627 1650 218 39 tillgodogjort
878 1651 48 37 sig
958 1650 62 30 den
1055 1650 166 39 kvinnliga
1251 1650 240 30 arbetskraften.
1538 1650 41 30 Så
1602 1650 81 31 hava
1706 1650 180 31 kvinnorna

275 1691 97 30 redan
395 1692 34 29 år
456 1692 77 30 1863
556 1692 125 30 erhållit
703 1692 140 30 tillträde
865 1692 50 31 till
938 1692 118 39 platser
1077 1693 88 29 inom
1190 1695 82 36 post-
1295 1693 59 30 och
1377 1692 250 39 telegrafverken
1650 1696 84 27 samt
1756 1694 35 29 år
1804 1693 80 30 1869

275 1733 54 31 vid
361 1736 120 28 statens
513 1735 177 39 järnvägar.
737 1735 60 30 För
831 1734 197 31 närvarande
1062 1734 199 43 sysselsättas
1284 1735 89 30 inom
1396 1734 142 31 nämnda
1561 1736 59 29 och
1644 1735 99 30 andra
1766 1738 118 28 statens

275 1776 76 30 verk
384 1779 46 28 ett
462 1776 176 40 synnerligt
670 1780 79 27 stort
783 1777 87 30 antal
902 1777 144 30 kvinnor.
1091 1777 91 30 Åven
1206 1778 88 29 inom
1319 1777 260 39 departementen
1602 1778 58 30 och
1684 1778 40 30 de
1746 1778 139 31 centrala

274 1819 242 30 ämbetsverken
539 1819 80 30 hava
644 1819 181 31 kvinnorna
847 1820 11 29 i
881 1820 58 30 allt
965 1822 99 28 större
1086 1820 221 38 utsträckning
1329 1820 61 30 fått
1413 1820 201 38 anställning,
1639 1820 48 30 till
1711 1830 38 20 en
1772 1821 112 39 början

275 1860 256 39 huvudsakligen
554 1862 104 30 såsom
682 1861 242 37 skrivbiträden,
950 1871 73 20 men
1047 1871 134 21 numera
1202 1864 80 27 även
1305 1863 19 29 å
1338 1862 213 30 ansvarsfulla
1567 1864 114 37 poster.
1720 1863 61 30 Det
1796 1863 89 30 torde

275 1912 44 21 nu
352 1904 70 30 icke
454 1903 103 31 finnas
590 1905 95 37 något
717 1907 120 27 statens
870 1904 215 36 ämbetsverk,
1119 1904 58 30 där
1203 1904 69 30 icke
1295 1904 181 31 kvinnorna
1498 1905 82 30 hava
1602 1904 50 31 sin
1674 1905 95 38 givna
1792 1906 91 40 plats.

274 1945 84 31 Utan
382 1945 151 31 överdrift
555 1947 94 38 vågar
672 1956 76 20 man
771 1949 83 36 säga,
878 1950 46 27 att
946 1950 102 27 staten
1072 1947 70 30 icke
1165 1947 64 29 kan
1252 1947 143 30 undvara
1418 1947 147 38 kvinnlig
1588 1947 200 31 arbetskraft.

408 1988 125 30 Hittills
556 1989 81 30 hava
661 1988 82 31 dock
766 1989 179 30 kvinnorna
968 1989 80 30 varit
1070 1989 190 39 utestängda
1283 1989 70 31 från
1377 1989 39 30 de
1438 1989 89 31 flesta
1548 1990 95 38 högre
1659 1991 223 39 statstjänster.

275 2030 123 31 Genom
435 2031 79 29 1909
548 2032 50 29 års
632 2031 309 39 grundlagsändring
974 2032 83 30 hava
1090 2031 39 30 de
1162 2031 184 39 visserligen
1381 2032 128 30 erhållit
1541 2032 179 40 principiell
1749 2035 63 28 rätt
1838 2036 47 28 att

275 2073 109 30 kunna
417 2076 171 27 utnämnas
622 2073 59 30 och
715 2073 162 30 befordras
911 2073 49 30 till
993 2073 318 40 lärarebefattningar
1345 2074 53 30 vid
1431 2078 120 27 statens
1584 2074 231 38 läroanstalter,
1845 2075 39 31 de

275 2115 173 39 teologiska
480 2116 261 39 lärartjänsterna
771 2116 54 30 vid
848 2116 227 30 universiteten
1099 2116 98 30 likväl
1220 2116 217 39 undantagna,
1460 2117 50 29 till
1534 2116 99 31 andra
1656 2117 228 41 beställningar

275 2157 54 30 vid
361 2158 210 38 inrättningar
603 2159 49 29 för
675 2159 184 38 vetenskap,
883 2158 84 40 slöjd
991 2158 76 31 eller
1090 2158 80 30 skön
1194 2159 96 30 konst
1312 2163 84 26 samt
1418 2159 49 30 till
1490 2159 334 40 läkarebefattningar.
1867 2161 17 30 I

275 2200 102 40 själva
399 2200 108 30 verket
530 2201 57 29 har
609 2200 106 31 denna
738 2201 191 39 utvidgning
952 2211 38 20 av
1013 2201 196 31 kvinnornas
1232 2204 65 27 rätt
1319 2204 47 27 att
1387 2202 159 30 innehava
1569 2203 182 39 statstjänst
1773 2203 111 30 endast

275 2243 17 29 å
317 2242 53 31 det
392 2242 212 40 pedagogiska
626 2243 146 31 området
793 2243 49 31 för
864 2242 73 31 dem
961 2243 140 31 medfört
1123 2247 45 27 ett
1190 2243 109 40 vidgat
1322 2244 288 31 verksamhetsfält.
