2194 2638
472 202 19 31 2
559 201 123 33 Första
708 203 220 33 Kammarens
957 205 188 41 Tillfälliga
1178 206 143 33 Utskotts
1349 206 82 41 (N:o
1460 207 40 41 2)
1536 209 176 33 Utlåtande
1741 210 63 32 N:o
1834 213 29 29 3.

520 282 18 36 I
566 283 247 38 betraktande
842 285 111 37 häraf
976 286 68 37 bör
1073 287 65 36 det
1165 287 181 48 gifvetvis
1375 302 89 24 vara
1484 294 126 33 staten
1630 290 205 50 angeläget
1854 297 54 32 att
1926 292 80 37 vid-

418 338 88 45 taga
535 335 141 37 sådana
704 337 187 48 åtgärder,
922 351 79 23 som
1030 343 65 31 äro
1125 340 145 48 egnade
1300 345 56 32 att
1374 341 60 37 för
1451 342 408 50 yrkesinspektörerna
1874 345 130 48 jemna

419 386 123 37 denna
584 386 306 51 öfvertygelsens
932 395 75 43 väg
1049 390 71 37 och
1160 392 214 37 underlätta
1416 394 267 37 användandet
1710 395 43 36 af
1776 395 228 39 densamma.

419 437 81 38 Och
528 439 48 36 då
604 440 311 48 redogörelserna
942 442 59 36 för
1028 442 405 51 yrkesinspektionens
1460 447 245 36 verksamhet
1732 447 141 49 tydligt
1900 449 106 48 gifva

417 490 63 36 vid
507 491 103 36 hand
638 496 64 43 att,
733 506 59 23 om
823 494 114 36 också
965 495 293 49 mångenstädes
1286 496 99 37 visat
1413 497 60 49 sig
1501 511 46 24 en
1577 498 97 37 ökad
1703 499 70 37 och
1800 500 205 49 glädjande

416 542 245 49 benägenhet
700 549 54 32 att
795 545 249 38 efterkomma
1084 546 133 50 lagens
1259 548 400 51 skyddsföreskrifter,
1693 551 312 50 yrkesinspektö-

416 607 130 25 rernas
588 595 128 38 arbete
756 597 59 36 för
858 602 54 32 att
951 598 235 38 förekomma
1214 600 200 49 olycksfall
1443 602 71 36 och
1541 602 340 49 yrkessjukdomar
1909 604 97 37 dock

417 651 98 31 ännu
556 647 84 37 icke
677 649 131 36 krönts
838 650 85 36 med
950 650 74 37 den
1051 651 213 50 framgång,
1294 653 138 37 sakens
1461 653 83 49 vigt
1572 654 161 47 kräfver,
1763 658 60 33 må
1852 669 85 23 man
1960 657 44 48 ju

418 698 114 37 hafva
561 699 83 37 skäl
671 705 54 32 att
751 701 13 36 i
784 701 158 37 främsta
961 708 161 32 rummet
1141 705 329 48 uppmärksamma
1489 706 71 36 och
1580 706 88 37 akta
1687 709 48 47 på
1753 707 100 37 hvad
1874 708 131 49 yrkes-

416 750 290 49 inspektörerna
734 753 136 49 sjelfva
899 754 46 36 ha
973 759 55 32 att
1057 760 93 45 säga
1177 756 12 36 i
1216 770 50 22 nu
1290 757 289 49 ifrågavarande
1599 759 189 48 afseende,
1809 762 49 47 på
1877 759 128 37 hvilka

416 803 164 48 punkter
621 804 46 36 de
708 818 101 35 anse,
853 811 55 31 att
944 807 214 49 någonting
1185 808 148 49 brister,
1365 810 70 36 och
1463 810 130 37 hvilka
1622 811 215 37 botemedel
1866 811 46 37 de
1941 825 63 24 an-

415 854 151 38 befalla.

517 906 19 37 I
564 907 59 37 sin
662 908 443 50 inspektionsberättelse
1147 911 57 37 för
1244 915 40 34 år
1325 914 95 36 1897
1449 918 122 44 yttrar
1598 914 367 50 yrkesinspektören
1992 916 13 37 i

417 958 110 37 södra
556 959 208 38 distriktet:

517 1011 97 37 »Det
641 1012 115 38 borde
784 1014 144 49 tyckas,
957 1019 55 32 att
1038 1015 405 50 yrkesinspektörerne
1472 1017 124 37 skulle
1624 1018 127 37 kunna
1769 1019 169 49 påräkna
1958 1032 47 24 en

416 1063 186 37 värdefull
643 1064 102 50 hjelp
787 1066 86 36 från
915 1066 45 37 de
1001 1067 223 38 mekaniska
1251 1068 275 38 verkstäderna
1555 1070 230 49 derigenom,
1815 1076 57 32 att
1899 1072 104 36 verk-

417 1115 248 49 stadsegarne
692 1117 154 49 försåge
875 1118 85 36 från
988 1118 111 37 deras
1127 1119 223 38 verkstäder
1378 1122 192 48 utgående
1590 1122 190 37 maskiner
1799 1123 71 37 och
1889 1124 116 36 andra

416 1167 222 37 mekaniska
665 1168 254 51 inrättningar
946 1171 84 36 med
1064 1170 158 50 tjenliga
1250 1172 413 51 skyddsanordningar,
1692 1188 85 24 men
1806 1175 104 37 detta
1937 1176 68 37 har

415 1224 101 32 ännu
556 1220 85 37 icke
683 1226 112 32 annat
837 1227 46 31 än
913 1222 11 36 i
953 1222 283 50 undantagsfall
1264 1224 63 36 vid
1357 1225 433 50 specialtillverkningar
1817 1228 101 36 visat
1946 1228 59 49 sig

415 1284 89 24 vara
533 1271 221 39 händelsen.
810 1273 88 37 Med
938 1274 196 50 undantag
1174 1276 40 36 af
1251 1289 75 36 nya
1368 1280 244 47 ångpannors
1654 1280 223 36 utrustande
1919 1280 85 37 med

417 1328 165 33 armatur
624 1325 70 36 och
734 1325 275 50 förbättringar
1037 1330 20 33 å
1086 1327 288 50 axelledningar
1416 1329 109 37 ställa
1555 1331 62 48 sig
1644 1331 359 50 verkstadsegarne,

417 1378 121 34 såsom
563 1377 73 49 jag
662 1377 13 36 i
702 1377 100 37 förra
836 1378 294 38 årsberättelsen
1171 1380 222 49 utförligare
1435 1387 206 43 omnämnt,
1683 1387 99 33 ännu
1823 1384 181 49 temligen

414 1427 192 50 likgiltiga
634 1429 11 36 i
673 1429 107 49 fråga
797 1443 61 23 om
875 1430 408 51 skyddsanordningar,
1300 1433 70 36 och
1386 1432 144 50 följden
1553 1434 112 38 häraf
1680 1435 137 38 blifver
1837 1441 53 31 ett
1909 1441 95 32 mot-

416 1480 205 38 arbetande
649 1481 42 37 af
713 1482 401 51 yrkesinspektionen.
1170 1484 68 49 Ty,
1268 1485 119 36 sedan
1414 1486 366 50 yrkesinspektören
1800 1488 137 37 besökt
1957 1502 47 24 en

414 1531 123 38 fabrik
580 1533 72 36 och
687 1533 191 50 behöfliga
918 1535 405 50 skyddsanordningar
1364 1537 198 38 derstädes
1606 1539 123 37 blifvit
1757 1539 122 49 enligt
1906 1540 96 37 hans

415 1584 247 50 anvisningar
701 1592 188 44 uppsatta,
924 1587 171 37 inträffar
1124 1588 88 48 ofta,
1241 1594 54 31 att
1324 1602 48 23 en
1399 1589 226 51 förändring
1653 1591 90 37 eller
1770 1592 232 49 utvidgning

414 1636 42 37 af
478 1636 177 38 fabriken
683 1643 123 43 göres,
837 1638 61 37 för
924 1639 146 37 hvilket
1098 1640 171 37 ändamål
1298 1641 292 50 fabriksegaren
1618 1644 143 36 vänder
1790 1643 61 50 sig
1878 1644 58 36 till
1955 1658 48 24 en

414 1688 200 38 mekanisk
655 1690 177 37 verkstad
866 1691 59 36 för
953 1691 216 38 erhållande
1198 1693 41 36 af
1262 1693 193 49 behöfliga
1482 1695 192 37 maskiner
1702 1709 46 22 m.
1779 1709 47 23 m.
1882 1696 120 37 Verk-

415 1740 133 37 staden
590 1741 159 37 insätter
790 1743 47 36 då
864 1742 12 36 i
904 1743 173 37 fabriken
1119 1758 79 23 mer
1231 1745 91 36 eller
1351 1745 144 37 mindre
1523 1746 138 50 farliga
1689 1748 203 48 maskiner,
1922 1761 80 24 som

415 1793 115 36 sakna
568 1793 414 51 skyddsanordningar,
1013 1796 72 36 och
1112 1797 13 35 i
1154 1797 70 36 och
1251 1797 87 36 med
1367 1797 210 38 detsamma
1593 1804 41 31 är
1650 1799 63 37 det
1727 1800 130 37 arbete
1872 1801 131 48 yrkes-

413 1844 250 50 inspektören
703 1849 47 47 på
790 1847 106 36 detta
938 1847 107 37 ställe
1075 1848 156 50 nedlagt
1257 1854 92 31 utan
1377 1850 169 47 resultat,
1577 1851 127 37 fastän
1732 1852 74 37 han
1834 1857 80 32 tror
1942 1853 60 49 sig

413 1901 98 44 veta,
540 1902 56 32 att
624 1897 66 37 allt
718 1898 66 37 der
812 1903 41 32 är
880 1899 12 36 i
920 1900 244 50 vederbörlig
1193 1901 174 48 ordning.

516 1949 174 38 Orsaken
730 1950 58 36 till
829 1951 126 37 denna
990 1952 286 49 ingeniörernas
1303 1953 236 50 likgiltighet
1567 1955 61 37 för
1657 1955 280 50 anbringandet
1964 1957 42 37 af

414 2000 404 51 skyddsanordningar
846 2006 21 34 å
895 2004 189 37 maskiner
1112 2019 46 24 m.
1188 2019 45 23 m.
1264 2006 108 36 torde
1401 2006 127 38 kunna
1556 2007 175 38 härledas
1751 2008 85 37 från
1855 2009 46 36 de
1920 2009 81 37 tek-

412 2053 108 36 niska
548 2053 237 38 läroverken.

514 2105 122 50 Finge
665 2106 131 38 eleven
823 2107 120 37 redan
972 2108 196 38 derstädes
1188 2109 63 37 vid
1275 2110 325 49 undervisningen
1619 2111 13 36 i
1651 2111 350 38 maskinkonstruk-

412 2157 122 36 tioner
574 2158 85 37 icke
687 2159 95 36 blott
810 2159 78 37 lära
917 2160 69 48 sig,
1015 2161 96 36 huru
1140 2174 47 23 en
1214 2162 214 36 maskindel
1457 2163 96 36 skall
1582 2163 248 37 konstrueras
1860 2165 60 36 för
1947 2170 55 32 att

411 2208 173 52 uppfylla
613 2211 65 36 sitt
706 2211 184 48 ändamål,
919 2217 90 32 utan
1038 2213 125 36 blefve
1192 2213 93 37 hans
1315 2215 336 48 uppmärksamhet
1679 2215 112 37 äfven
1810 2217 126 48 rigtad
1954 2220 48 47 på

412 2266 55 32 att
493 2261 106 49 gifva
641 2263 259 38 maskindelen
937 2264 73 37 den
1039 2265 97 37 form
1165 2264 91 38 eller
1284 2266 64 37 det
1377 2266 222 49 skyddande
1629 2267 176 51 ombhölje,
1835 2282 81 23 som
1945 2283 56 23 er-

412 2313 150 38 fordras
590 2314 61 37 för
678 2320 55 32 att
761 2315 45 37 de
835 2329 195 36 personer,
1060 2330 84 24 som
1172 2318 117 37 sedan
1318 2318 150 38 komma
1495 2324 55 32 att
1578 2320 172 37 använda
1769 2321 230 47 densamma,
