1890 2838
107 2007 152 26 Utskottet.

102 2486 151 27 Utskottet.

297 175 40 29 30
752 177 247 30 Statsutskottets
1020 179 159 27 utlåtande
1199 180 43 26 Nr
1263 181 64 26 233.

296 271 29 29 6.
360 270 131 40 Bidrag
507 272 51 30 till
574 273 167 39 avlöning
757 272 34 32 åt
806 275 114 29 lärare
938 275 56 30 för
1009 276 58 29 vid
1082 277 329 30 statsunderstödda
1427 276 360 40 sjukvårdsanstalter

338 324 66 28 och
428 324 93 30 vissa
542 324 173 32 barnhem
737 326 143 38 intagna
902 327 90 30 barn
1013 328 11 29 i
1045 327 213 32 skolåldern.
1291 329 129 40 Bidrag
1444 331 51 29 till
1517 331 167 39 avlöning
1706 330 36 31 åt

393 375 330 33 föreståndarinnor
751 380 64 29 och
843 379 210 32 biträdande
1079 380 330 32 föreståndarinnor
1438 384 57 29 vid
1524 383 162 30 skolhem

844 434 67 28 och
937 434 249 38 arbetsstugor.

342 509 107 31 Dessa
466 509 90 31 båda
572 511 269 40 förslagsanslag
857 513 61 29 äro
935 523 48 20 nu
1000 514 174 38 uppförda
1191 515 79 29 med
1289 516 60 28 130
1364 516 64 29 000
1446 516 129 30 kronor
1591 517 194 37 respektive

298 563 61 29 170
372 563 65 30 000
459 563 136 30 kronor.
630 564 116 40 Enligt
767 566 230 38 kungörelsen
1018 577 40 20 nr
1079 564 166 33 955/1937
1270 569 87 29 skall
1380 569 404 39 avlöningsreglementet

297 616 66 30 den
381 617 42 29 30
443 618 191 37 september
656 619 82 29 1937
764 619 52 33 (nr
834 620 75 38 868)
935 620 55 30 för
1008 621 109 30 lärare
1136 621 59 30 vid
1215 621 86 30 folk-
1321 622 65 30 och
1407 621 193 32 småskolor
1619 622 81 31 från
1719 623 65 30 och

297 670 78 30 med
397 670 69 30 den
490 671 14 29 1
529 671 136 38 januari
691 673 84 29 1938
797 673 10 29 i
831 673 205 39 tillämpliga
1059 674 95 30 delar
1178 684 81 21 vara
1283 676 159 38 gällande
1464 676 55 30 för
1540 686 47 20 nu
1611 676 171 39 ifrågava-

296 723 107 30 rande
421 724 121 30 lärare.
574 724 214 40 Statsbidrag
806 726 50 30 till
877 727 99 30 deras
995 728 163 38 avlöning
1177 727 100 40 utgår
1295 729 104 38 enligt
1419 730 182 30 enahanda
1622 730 160 38 grunder,

297 786 73 20 som
388 777 91 38 gälla
498 777 54 31 för
569 778 113 30 lärare
699 779 58 34 vid
775 779 86 30 folk-
880 780 67 30 och
966 779 202 32 småskolor.

339 829 334 41 Skolöverstyrelsen
700 832 64 30 har
789 833 78 29 med
895 834 78 29 stöd
999 843 42 21 av
1066 834 203 31 infordrade
1295 835 176 39 uppgifter
1498 835 179 39 angående
1705 836 79 31 från

295 882 266 40 ifrågavarande
579 883 92 32 båda
691 886 119 38 anslag
830 887 150 30 avlönad
1000 888 159 37 personal
1179 888 168 31 beräknat
1368 890 42 29 de
1431 888 45 40 på
1496 890 99 30 nästa
1614 890 170 39 budgetår

295 936 192 39 belöpande
507 938 313 31 lönekostnaderna
840 939 51 30 till
912 941 61 28 221
990 941 62 29 500
1074 941 131 30 kronor
1225 942 191 38 respektive
1439 943 62 30 302
1516 943 64 30 800
1601 944 139 29 kronor.

337 990 422 40 Riksräkenskapsverket
777 992 63 30 har
859 992 130 31 anfört:
1495 1010 8 10 .

338 1053 14 29 I
369 1052 101 40 fråga
487 1063 57 21 om
561 1055 237 30 utbetalandet
815 1065 42 21 av
875 1056 101 31 dessa
992 1056 89 31 båda
1099 1058 123 39 anslag
1240 1059 109 38 gällde
1366 1059 11 29 i
1394 1059 185 30 huvudsak
1599 1060 183 30 enahanda

295 1097 217 31 föreskrifter
533 1108 73 21 som
627 1099 56 30 för
703 1100 57 29 det
780 1103 92 27 stora
891 1102 155 38 anslaget
1066 1102 51 29 till
1138 1102 123 39 bidrag
1280 1103 50 29 till
1351 1103 165 40 avlöning
1536 1103 35 31 åt
1592 1105 113 30 lärare
1726 1105 56 29 vid

294 1141 203 31 folkskolor.
529 1143 385 41 Anslagsbelastningen
934 1146 110 30 under
1063 1146 204 39 budgetåret
1290 1145 142 33 1939/40
1453 1149 110 30 skulle
1583 1148 101 31 alltså
1704 1149 78 29 med

293 1195 47 21 nu
364 1187 159 38 gällande
545 1188 453 40 utbetalningsföreskrifter
1019 1200 81 21 vara
1124 1191 172 31 beroende
1318 1201 42 21 av
1385 1193 73 30 dels
1481 1194 67 29 vad
1573 1202 75 21 som
1672 1194 111 29 skulle

293 1231 170 31 utbetalas
487 1232 11 29 i
521 1232 170 31 samband
715 1234 79 29 med
818 1234 336 39 slutredovisningen
1177 1245 43 20 av
1244 1236 234 31 kostnaderna
1502 1236 54 31 för
1579 1237 205 39 budgetåret

297 1272 152 39 1938/39,
471 1276 71 30 dels
561 1277 64 29 ock
644 1277 43 30 de
707 1277 155 36 förskott,
884 1278 95 31 vilka
999 1279 109 30 skulle
1127 1280 171 30 utbetalas
1317 1281 10 29 i
1346 1280 65 39 juli
1431 1280 129 31 månad
1582 1282 85 30 1939
1687 1283 66 30 och
1772 1282 10 29 i

293 1319 137 39 januari
449 1319 128 32 månad
596 1322 94 29 1940.
722 1321 65 31 För
804 1325 49 27 att
870 1331 150 30 anpassa
1038 1323 194 31 förskotten
1250 1324 85 31 efter
1352 1326 42 29 de
1411 1326 199 30 beräknade
1630 1327 152 38 verkliga

292 1364 190 39 utgifterna
502 1365 109 30 under
633 1364 203 40 budgetåret
860 1363 144 34 1939/40
1027 1368 96 30 torde
1146 1368 217 31 fördenskull
1386 1379 84 21 vara
1493 1369 218 41 erforderligt
1734 1373 49 27 att

292 1408 129 39 jämväl
447 1409 11 30 i
484 1408 98 40 fråga
606 1419 59 21 om
690 1410 303 39 utbetalningarna
1017 1413 169 30 avseende
1211 1413 98 30 dessa
1334 1414 122 39 anslag
1482 1415 224 36 föreskreves,
1733 1418 50 28 att

293 1453 195 31 förskotten
505 1455 109 29 skulle
631 1455 172 30 beräknas
821 1456 80 30 med
920 1457 75 29 stöd
1014 1466 42 21 av
1073 1457 203 31 infordrade
1293 1458 176 39 uppgifter
1488 1460 148 30 rörande
1655 1459 125 40 ifråga-

293 1498 152 30 varande
462 1498 358 40 befattningshavares
838 1501 95 29 antal
952 1501 65 30 och
1035 1502 350 40 löneklassplacering
1402 1513 45 20 m.
1468 1513 44 21 m.
1532 1504 56 30 vid
1608 1503 174 41 utgången

292 1552 42 20 av
357 1541 232 32 vårterminen
614 1544 85 30 1939
722 1543 43 39 på
788 1545 65 29 sätt
875 1554 44 21 av
942 1545 407 39 riksräkenskapsverket
1372 1548 162 30 närmare
1557 1549 148 39 angivits
1729 1550 51 28 rö-

293 1588 106 29 rande
427 1587 303 31 folkskollärarna.
769 1588 73 31 Vad
868 1590 149 38 anginge
1043 1591 183 38 anslagens
1254 1592 125 30 storlek
1408 1592 56 30 för
1490 1594 294 30 nästkommande

292 1630 178 40 budgetår,
494 1631 92 40 finge
607 1632 410 39 riksräkenskapsverket
1038 1634 137 36 föreslå,
1200 1638 49 27 att
1270 1636 10 29 i
1304 1636 150 39 enlighet
1477 1638 79 29 med
1579 1638 201 38 överstyrel-

294 1685 75 21 sens
393 1677 232 38 beräkningar
649 1678 154 38 anslaget
827 1678 51 29 till
902 1678 123 39 bidrag
1048 1679 50 29 till
1121 1680 194 30 avlönande
1338 1690 43 21 av
1404 1681 113 30 lärare
1540 1681 35 31 åt
1600 1682 58 30 vid
1683 1685 96 28 stats-

292 1721 236 30 understödda
548 1721 351 38 sjukvårdsanstalter
919 1723 66 30 och
1006 1723 57 30 vid
1083 1724 92 30 vissa
1195 1724 167 31 barnhem
1384 1725 143 40 intagna
1549 1725 88 31 barn
1657 1727 11 29 i
1692 1727 88 30 skol-

293 1764 120 31 åldern
435 1768 166 37 upptoges
624 1766 52 30 till
698 1767 11 29 i
733 1769 79 27 runt
833 1767 48 30 tal
904 1768 64 29 220
982 1768 63 29 000
1068 1768 130 30 kronor
1222 1772 88 27 samt
1332 1770 156 39 anslaget
1510 1770 50 30 till
1583 1770 123 40 bidrag
1730 1772 50 29 till

292 1809 163 40 avlöning
478 1809 35 31 åt
536 1809 320 32 föreståndarinnor
879 1812 66 29 och
967 1811 206 32 biträdande
1197 1812 321 33 föreståndarinnor
1541 1815 57 30 vid
1622 1815 158 30 skolhem

292 1854 64 30 och
380 1855 233 39 arbetsstugor
634 1856 81 29 med
738 1858 46 27 ett
806 1856 172 30 avrundat
1000 1856 123 39 belopp
1147 1867 43 20 av
1215 1858 62 30 300
1291 1858 62 30 000
1377 1858 139 31 kronor.

334 1915 391 40 Departementschefen
745 1917 63 30 har
828 1917 120 30 biträtt
968 1919 65 29 vad
1055 1918 408 39 riksräkenskapsverket
1484 1920 146 32 sålunda
1652 1922 126 30 anfört.

337 2005 173 30 Utskottet
527 2005 63 30 har
608 2006 78 30 icke
706 2006 114 30 funnit
840 2007 188 39 anledning
1047 2007 49 30 till
1117 2008 140 30 erinran
1277 2011 71 27 mot
1369 2009 124 39 Kungl.
1515 2010 118 39 Maj:ts
1653 2010 128 39 ifråga-

291 2058 152 31 varande
462 2058 137 40 förslag.

694 2167 30 29 7.
760 2167 200 30 Understöd
980 2166 35 32 åt
1035 2168 107 38 högre
1163 2168 206 32 folkskolor.

335 2236 124 39 Kungl.
488 2236 116 39 Maj:ts
630 2236 132 40 förslag
787 2237 146 30 innebär
959 2247 42 21 en
1028 2239 284 39 anslagshöjning
1339 2241 79 29 med
1448 2241 14 29 1
1480 2241 63 29 600
1557 2241 63 30 000
1648 2242 133 30 kronor

291 2288 79 31 från
398 2299 48 21 nu
478 2291 13 28 1
509 2291 62 29 850
584 2291 64 29 000
677 2291 128 30 kronor
832 2291 51 29 till
914 2292 19 29 3
947 2292 63 29 450
1023 2292 63 30 000
1114 2292 139 36 kronor,
1283 2294 211 38 väsentligen
1523 2294 183 31 föranledd
1735 2304 43 21 av

289 2343 154 30 ändrade
465 2344 91 29 löne-
579 2344 65 29 och
669 2344 498 39 statsbidragsbestämmelser;
1192 2346 11 29 i
1228 2346 215 31 sistnämnda
1467 2348 198 30 hänseende
1689 2347 88 31 före-

290 2395 67 31 slås
380 2397 183 30 enahanda
588 2398 151 37 grunder
762 2407 73 20 som
859 2398 221 30 beträffande
1103 2399 226 31 kommunala
1353 2400 204 30 flickskolor
1587 2400 47 39 (se
1658 2402 120 39 ovan).

334 2485 172 31 Utskottet
530 2486 151 30 biträder
708 2486 121 38 Kungl.
855 2485 119 40 Maj:ts
1000 2496 46 21 nu
1071 2487 228 31 förevarande
1324 2489 140 39 förslag.
