1896 2842
557 142 249 27 Statsutskottets
827 140 159 28 utlåtande
1007 140 42 27 Nr
1069 140 67 26 233.
1551 137 38 29 27

148 223 116 31 Under
290 222 209 40 hänvisning
525 222 50 31 till
601 222 68 30 vad
695 231 90 21 ovan
811 220 134 31 anförts
971 219 55 31 får
1050 220 167 30 utskottet
1242 216 197 37 framhålla,
1467 219 48 27 att
1541 219 51 27 ut-

105 277 131 30 skottet
257 277 118 30 finner
398 277 42 29 de
462 285 42 21 av
526 275 214 31 revisorerna
764 273 160 40 påtalade
947 272 266 31 förhållandena
1236 281 82 20 vara
1340 270 170 30 beaktade
1533 268 65 31 och

104 331 86 29 böra
215 330 54 30 för
292 330 218 30 närvarande
533 329 74 30 icke
632 328 180 30 föranleda
837 327 116 39 någon
978 326 147 30 särskild
1149 324 122 40 åtgärd
1294 323 79 31 från
1397 323 201 38 riksdagens

106 383 85 30 sida.

150 436 50 30 De
221 435 380 40 anslagsberäkningar,
623 445 76 20 som
719 434 90 39 ligga
829 434 51 30 till
901 433 111 39 grund
1032 432 54 30 för
1107 432 124 38 Kungl.
1253 431 117 38 Maj:ts
1391 430 128 38 förslag
1539 438 56 21 om

105 490 191 30 anvisande
314 490 53 30 för
386 491 100 29 nästa
503 488 168 40 budgetår
690 498 42 20 av
750 491 46 27 ett
814 487 269 39 förslagsanslag
1101 495 43 21 av
1166 486 61 29 120
1241 485 63 30 000
1318 484 64 30 000
1400 484 129 30 kronor
1546 482 49 31 till

106 543 227 31 förevarande
353 542 174 37 ändamål,
548 544 90 29 hava
659 542 76 30 icke
756 540 81 41 givit
857 541 165 30 utskottet
1042 539 188 39 anledning
1250 538 51 30 till
1320 538 148 30 erinran.

151 597 389 39 Departementschefen
566 597 64 29 har
656 596 11 29 i
694 596 92 30 detta
814 595 253 38 sammanhang
1094 593 130 39 jämväl
1250 593 114 29 berört
1391 590 123 40 frågan
1541 599 57 21 om

107 651 232 31 avskaffande
358 661 43 20 av
421 651 58 30 det
498 660 24 21 s.
543 651 32 29 k.
595 649 318 40 procentavdraget.

152 704 161 31 Nämnda
333 703 99 40 fråga
452 704 160 30 berördes
633 713 43 20 av
700 703 81 30 1937
804 702 55 30 års
880 701 139 39 riksdag
1040 701 10 29 i
1071 701 77 30 dess
1170 699 246 31 ovannämnda
1437 697 162 31 skrivelse

109 768 40 20 nr
176 759 75 30 311.
279 758 198 39 Riksdagen
503 757 164 31 framhöll
694 756 122 31 därvid
841 758 60 33 att,
929 756 122 34 därest,
1079 753 45 40 på
1152 755 66 29 sätt
1244 753 185 38 riksdagen
1456 751 11 30 i
1494 751 105 38 sagda

109 812 164 31 skrivelse
298 811 196 36 förordade,
522 810 252 39 statsbidragen
799 809 52 30 till
876 809 190 30 lärarlöner
1090 808 141 30 komme
1257 809 49 27 att
1332 805 170 31 utbetalas
1528 803 71 31 må-

109 865 151 36 nadsvis,
283 866 110 30 skulle
416 865 43 31 de
481 865 74 30 skäl
576 863 174 36 bortfalla,
774 873 74 20 som
870 862 163 31 föranlett
1054 860 273 41 procentavdrag
1349 859 59 30 vid
1431 859 66 29 den
1519 858 81 30 slut-

109 918 69 40 liga
200 919 262 39 utbetalningen
485 928 42 21 av
550 917 218 39 statsbidrag.
793 914 388 42 Departementschefen
1203 914 64 30 har
1288 913 80 30 med
1390 913 138 37 hänsyn
1550 911 51 30 till

109 973 67 30 den
195 971 225 41 ståndpunkt,
441 981 75 21 som
534 982 41 20 av
593 971 187 39 riksdagen
797 969 140 40 intagits
955 970 11 29 i
984 968 122 40 frågan
1125 978 59 20 om
1202 966 323 41 procentavdragets
1545 974 56 20 av-

110 1025 197 37 skaffande,
330 1029 113 27 ansett
465 1025 206 39 lämpligast,
696 1027 49 28 att
768 1024 113 30 denna
904 1022 100 40 fråga
1025 1031 116 21 vunne
1164 1021 53 31 sin
1240 1020 135 39 lösning
1399 1020 11 29 i
1433 1018 168 31 samband

110 1080 81 30 med
214 1080 56 30 det
293 1081 94 29 ännu
411 1079 173 31 svävande
608 1077 204 41 spörsmålet
835 1087 58 21 om
916 1075 171 40 övergång
1111 1075 52 30 till
1186 1077 46 28 ett
1255 1077 128 36 system
1406 1073 79 30 med
1508 1072 93 30 utbe-

110 1133 134 39 talning
266 1143 42 20 av
330 1133 242 39 statsbidraget
592 1131 211 31 månadsvis.
826 1129 388 41 Deparlementschefen
1234 1128 64 30 har
1319 1126 119 31 därför
1460 1126 74 30 icke
1555 1134 48 20 nu

111 1187 91 30 velat
224 1186 195 31 framställa
441 1186 128 39 förslag
592 1186 10 30 i
626 1186 126 29 ämnet.

156 1240 172 30 Utskottet
351 1241 37 29 är
410 1239 198 40 visserligen
630 1238 209 40 principiellt
860 1247 42 21 av
925 1238 66 30 den
1013 1236 186 39 meningen
1221 1238 50 27 att
1292 1235 56 30 det
1370 1232 233 41 procentuella

112 1294 165 39 avdraget
299 1294 63 30 bör
386 1293 193 36 avvecklas,
603 1302 82 21 men
709 1293 70 29 kan
803 1292 11 29 i
838 1290 142 40 frågans
1005 1289 201 31 nuvarande
1229 1289 76 39 läge
1328 1288 76 30 icke
1429 1289 106 28 annat
1559 1287 45 29 än

112 1348 139 30 ansluta
270 1346 51 41 sig
340 1347 51 30 till
411 1348 67 30 den
498 1346 215 40 ståndpunkt
732 1344 379 41 departementschefen
1130 1342 133 39 intagit,
1284 1342 115 30 vilken
1420 1339 69 32 står
1508 1340 11 29 i
1539 1339 66 39 god

113 1401 344 30 överensstämmelse
483 1401 78 30 med
587 1400 67 30 den
680 1399 235 40 uppfattning,
942 1397 98 31 varåt
1064 1397 186 38 riksdagen
1276 1395 144 39 tidigare
1447 1394 81 38 givit
1553 1396 52 27 ut-

114 1456 110 37 tryck.
250 1455 78 30 Med
351 1455 139 38 hänsyn
514 1454 116 30 härtill
654 1454 39 29 är
715 1453 166 30 utskottet
905 1452 76 30 icke
1004 1452 108 29 berett
1136 1453 50 27 att
1208 1449 137 30 biträda
1369 1448 57 30 det
1450 1447 11 30 i
1485 1446 120 30 motio-

114 1517 108 21 nerna
242 1508 27 30 I:
284 1509 63 29 334
367 1508 67 30 och
453 1508 45 29 II:
512 1508 64 29 500
593 1506 220 31 framställda
831 1505 171 39 yrkandet
1020 1514 58 20 om
1097 1503 166 39 slopande
1281 1511 42 21 av
1341 1500 266 40 ifrågavarande

114 1561 131 39 avdrag
262 1561 107 31 redan
388 1560 81 31 från
487 1561 65 30 och
569 1560 80 30 med
668 1560 100 29 nästa
785 1557 179 41 budgetår.
984 1556 53 32 Då
1055 1557 124 39 Kungl.
1200 1555 100 39 Maj:t
1318 1555 55 30 för
1391 1553 216 31 närvarande

114 1615 65 30 har
199 1615 148 30 berörda
369 1613 171 40 spörsmål
560 1613 111 31 under
693 1612 248 39 övervägande,
965 1620 100 21 anser
1086 1610 50 39 sig
1158 1610 166 30 utskottet
1345 1608 77 30 icke
1442 1608 84 29 böra
1548 1605 58 40 på-

115 1669 88 38 yrka
221 1667 116 40 någon
357 1667 149 31 särskild
525 1666 122 40 åtgärd
666 1667 11 30 i
697 1667 116 30 ämnet
831 1665 80 31 från
930 1664 202 39 riksdagens
1153 1663 85 30 sida.
1259 1662 78 30 Med
1356 1661 68 30 vad
1443 1661 165 30 utskottet

116 1720 148 32 sålunda
288 1721 117 31 anfört
428 1721 97 31 torde
548 1720 218 31 motionerna
790 1720 28 30 I:
833 1720 63 30 334
921 1719 67 30 och
1011 1718 45 30 II:
1071 1718 63 30 500
1159 1715 37 32 få
1220 1725 99 22 anses
1342 1714 198 31 besvarade.

160 1802 174 30 Utskottet
355 1802 65 30 har
444 1801 84 30 intet
550 1803 49 28 att
622 1799 114 32 erinra
758 1802 73 28 mot
854 1802 49 27 att
926 1798 69 31 viss
1018 1796 253 39 inskränkning
1294 1797 11 28 i
1327 1793 279 39 undervisnings-

117 1855 240 39 skyldigheten
375 1873 45 3 —
438 1854 46 40 på
503 1855 66 30 sätt
587 1852 381 41 departementschefen
987 1850 181 40 ifrågasatt
1185 1868 45 4 —
1248 1848 173 39 medgives
1441 1845 166 33 förestån-

118 1909 82 30 dare
219 1908 54 31 för
290 1909 241 38 hjälpklasser.
562 1907 72 30 Mot
652 1907 69 29 vad
739 1904 378 41 departementschefen
1136 1903 11 30 i
1167 1903 111 38 övrigt
1296 1902 10 29 i
1326 1902 94 29 detta
1439 1908 172 22 samman-

116 1962 96 38 hang
234 1961 125 35 anfört,
383 1961 65 29 har
470 1961 165 29 utskottet
658 1959 76 30 icke
758 1958 116 30 funnit
897 1957 105 39 något
1025 1960 48 26 att
1096 1956 162 29 invända.
1294 1954 142 30 Liksom
1460 1953 151 38 departe-

118 2014 239 30 mentschefen
382 2013 199 30 förutsätter
605 2013 176 33 utskottet,
807 2014 49 27 att
881 2009 282 31 återhållsamhet
1187 2009 157 28 kommer
1369 2009 50 27 att
1443 2006 170 37 iakttagas

119 2068 58 29 vid
201 2067 170 39 prövning
396 2076 42 20 av
462 2065 297 38 framställningar
783 2074 41 20 av
849 2063 146 30 berörda
1019 2065 61 27 art.

164 2121 14 29 I
201 2121 93 29 detta
316 2119 254 39 sammanhang
591 2119 65 30 har
678 2118 165 31 utskottet
863 2119 113 28 ansett
998 2116 49 39 sig
1068 2116 86 29 böra
1176 2114 75 31 föra
1273 2112 44 41 på
1338 2113 49 30 tal
1409 2111 121 40 frågan
1554 2121 57 20 om

120 2174 170 30 särskilda
306 2173 152 30 arvoden
473 2173 55 29 för
542 2171 247 38 undervisning
804 2171 10 29 i
829 2170 202 38 hjälpklass.
1049 2169 172 29 Utskottet
1236 2166 55 31 får
1305 2166 113 30 erinra
1429 2175 57 20 om
1499 2167 48 28 att
1558 2165 55 29 de-

119 2226 338 38 partementschefen
484 2225 104 38 enligt
613 2223 260 40 propositionen
900 2232 42 20 nr
969 2216 160 42 270/1937
1160 2219 178 40 angående
1364 2218 247 39 lönereglering

121 2279 54 30 för
200 2279 89 30 folk-
313 2280 66 29 och
405 2277 265 31 småskollärare
700 2276 74 39 (sid.
799 2275 54 40 93)
884 2278 112 27 ansett
1020 2273 49 40 sig
1094 2274 76 30 icke
1194 2274 85 29 böra
1303 2273 10 29 i
1338 2271 171 31 samband
1534 2270 77 30 med

121 2332 156 30 nämnda
302 2331 248 38 lönereglering
575 2333 153 36 upptaga
754 2329 50 29 till
831 2328 196 39 avgörande
1051 2326 148 30 berörda
1225 2324 108 40 fråga.
1361 2323 136 39 Frågan
1524 2333 88 20 sam-

120 2384 232 39 manhängde,
374 2384 165 30 framhöll
559 2381 389 40 departementschefen,
971 2380 78 30 med
1070 2380 56 29 det
1146 2388 43 20 av
1210 2376 403 38 seminariesakkunniga

121 2438 197 39 framlagda
336 2437 165 39 förslaget
518 2446 56 21 om
593 2435 248 38 undervisning
859 2444 43 20 av
920 2433 158 40 psykiskt
1096 2431 205 31 efterblivna
1318 2431 88 29 barn
1424 2430 65 30 och
1508 2429 105 30 borde

122 2492 167 30 bedömas
316 2491 8 30 i
352 2490 170 31 samband
548 2489 77 30 med
653 2489 93 30 detta
772 2488 138 37 förslag.
938 2486 222 31 Sistnämnda
1187 2485 128 38 förslag
1342 2484 63 29 har
1431 2483 10 30 i
1468 2483 67 30 viss
1563 2485 49 27 ut-
