1886 2780
508 179 277 32 Statsutskottets
800 178 173 31 utlåtande
989 188 40 20 nr
1043 179 61 29 112
1120 176 37 31 år
1172 179 81 28 1963
1608 181 13 27 1

795 445 67 42 Nr
888 444 82 42 112

346 625 180 32 Utlåtande
547 625 11 31 i
578 625 177 38 anledning
775 635 43 20 av
838 623 123 40 Kungl.
982 623 121 39 Maj:ts
1124 622 205 40 proposition
1348 620 169 40 angående
1540 620 86 31 ökad

549 681 189 39 utbildning
754 691 42 20 av
813 680 120 31 läkare.

1451 730 66 40 (2:a
1534 729 91 41 avd.)

179 853 16 30 I
216 851 245 40 propositionen
481 861 38 20 nr
541 853 58 28 142
618 850 61 31 har
697 850 123 39 Kungl.
839 848 113 40 Maj:t,
972 849 105 31 under
1095 847 209 39 åberopande
1323 857 42 21 av
1386 846 103 40 bilagt
1507 846 120 39 utdrag

137 917 43 20 av
201 904 362 40 statsrådsprotokollet
583 906 79 29 över
682 902 351 33 ecklesiastikärenden
1053 901 52 32 för
1124 901 64 32 den
1209 904 18 28 5
1248 900 81 40 april
1352 903 89 34 1963,
1461 898 167 41 föreslagit

138 959 175 40 riksdagen
333 963 53 27 att

179 1022 33 40 a)
237 1021 175 41 godkänna
437 1031 42 21 av
503 1018 364 41 departementschefen
890 1018 175 32 förordade
1088 1017 121 40 förslag
1233 1017 61 31 och
1318 1015 162 39 riktlinjer
1503 1015 50 31 för
1576 1019 52 27 ut-

138 1075 174 40 byggande
329 1085 44 20 av
388 1072 324 41 läkarutbildningen
729 1072 56 32 vid
801 1071 201 32 medicinska
1019 1071 186 31 fakulteten
1223 1070 10 31 i
1249 1070 96 31 Lund
1362 1069 62 32 och
1441 1068 186 32 karolinska

138 1127 330 40 mediko-kirurgiska
489 1126 169 32 institutet
679 1126 10 31 i
710 1126 202 37 Stockholm;

180 1191 36 40 b)
240 1189 200 40 bemyndiga
467 1189 121 39 Kungl.
616 1188 104 39 Maj:t
747 1192 51 28 att
829 1187 5 32 i
860 1186 222 40 huvudsaklig
1107 1185 327 33 överensstämmelse
1461 1185 74 31 med
1562 1184 65 32 vad

139 1242 363 42 departementschefen
526 1242 150 31 förordat
699 1242 70 31 dels
792 1242 175 39 godkänna
991 1241 92 31 avtal
1107 1240 76 31 med
1207 1239 129 32 Malmö
1361 1239 74 31 stad
1460 1238 168 40 angående

139 1298 129 31 Malmö
284 1298 166 31 allmänna
467 1296 147 39 sjukhus,
629 1296 70 30 dels
713 1295 100 31 träffa
829 1295 91 31 avtal
935 1294 76 31 med
1027 1293 210 33 Stockholms
1253 1293 74 31 stad
1343 1292 61 31 och
1421 1292 207 32 Stockholms

140 1352 70 30 läns
232 1350 167 40 landsting
421 1349 168 40 angående
612 1348 169 32 anlitande
803 1359 42 20 av
868 1347 214 32 kommunala
1105 1346 138 40 sjukhus
1265 1346 50 31 för
1337 1345 291 40 läkarutbildning;

181 1414 31 39 c)
236 1412 199 40 bemyndiga
458 1411 122 40 Kungl.
603 1411 105 38 Maj:t
731 1415 52 27 att
805 1411 44 38 på
872 1413 68 28 sätt
963 1408 363 40 departementschefen
1350 1408 149 31 förordat
1521 1407 108 40 dispo-

140 1478 76 20 nera
235 1466 87 31 vissa
340 1465 113 40 anslag
470 1464 50 32 för
537 1464 122 40 ökning
677 1475 42 20 av
738 1462 509 41 läkarutbildningskapaciteten
1266 1461 9 31 i
1293 1461 201 32 Stockholm.

181 1582 47 31 På
254 1581 161 40 grundval
440 1591 42 20 av
508 1580 174 30 resultatet
707 1590 42 20 av
775 1589 40 20 en
841 1577 176 40 utredning
1042 1588 42 20 av
1110 1575 519 40 läkarutbildningsberedningen

140 1635 135 32 föreslås
298 1634 9 32 i
330 1633 255 40 propositionen,
610 1636 53 28 att
685 1630 511 41 läkarutbildningskapaciteten
1220 1629 56 32 vid
1299 1629 203 31 medicinska
1524 1628 106 32 fakul-

141 1693 92 27 teten
251 1688 10 31 i
279 1688 96 31 Lund
393 1687 81 31 ökas
491 1686 71 31 från
583 1689 61 28 120
660 1685 50 32 till
729 1689 60 28 190
805 1685 123 39 platser
946 1684 9 31 i
973 1684 40 31 de
1031 1683 180 32 teoretiska
1228 1686 140 29 ämnena
1386 1682 39 32 fr.
1438 1693 29 21 o.
1479 1693 43 21 m.
1539 1682 90 32 höst-

141 1741 162 32 terminen
331 1743 79 29 1965
436 1740 61 31 och
523 1739 72 31 från
624 1742 59 28 100
709 1738 49 32 till
786 1742 58 28 180
870 1739 123 38 platser
1017 1737 11 31 i
1052 1737 42 31 de
1118 1736 256 40 propedeutiska
1401 1736 61 31 och
1488 1735 140 32 kliniska

141 1798 141 29 ämnena
303 1794 39 31 fr.
361 1804 23 21 o.
406 1804 33 21 m.
462 1792 238 32 höstterminen
726 1795 88 28 1967.
836 1791 120 32 Vidare
978 1790 133 32 föreslås
1133 1801 40 20 en
1196 1790 190 39 betydande
1407 1789 224 40 förstärkning

141 1859 43 21 av
212 1849 40 30 de
280 1847 182 39 personella
488 1856 186 20 resurserna
702 1845 56 31 vid
785 1844 202 32 medicinska
1014 1844 187 31 fakulteten
1229 1843 9 31 i
1265 1843 107 36 Lund,
1400 1842 85 32 bl.a.
1513 1853 116 29 genom

142 1900 179 32 successivt
338 1899 189 32 inrättande
545 1909 42 20 av
607 1902 115 27 sexton
739 1897 201 39 professurer
956 1896 61 31 och
1035 1901 51 27 tre
1103 1896 214 31 laboraturer.

183 1963 16 31 I
226 1961 247 40 propositionen
498 1960 134 31 föreslås
659 1962 95 35 även,
780 1963 52 28 att
858 1959 172 39 riksdagen
1057 1957 218 40 bemyndigar
1300 1957 123 40 Kungl.
1449 1956 104 40 Maj:t
1577 1962 53 27 att

142 2016 175 40 godkänna
336 2019 50 27 ett
404 2013 177 40 villkorligt
599 2013 118 31 träffat
735 2013 90 31 avtal
844 2023 53 21 om
916 2012 128 31 Malmö
1062 2012 167 31 allmänna
1248 2010 137 39 sjukhus
1403 2010 157 32 fortsatta
1577 2015 53 27 ut-

143 2069 177 39 nyttjande
337 2068 51 31 för
404 2066 290 40 läkarutbildning.

183 2131 53 31 De
251 2130 101 40 årliga
368 2129 222 32 kostnaderna
606 2129 106 30 under
727 2128 138 31 åttonde
881 2126 213 32 huvudtiteln
1110 2126 163 31 beräknas
1289 2125 56 31 vid
1362 2125 58 31 full
1437 2125 193 39 utbyggnad

141 2203 42 5 —
203 2183 103 32 såvitt
326 2183 99 39 gäller
443 2181 185 40 avlönings-
647 2181 62 31 och
728 2180 264 39 materielanslag
1008 2198 43 5 —
1069 2179 49 31 till
1139 2179 9 30 i
1168 2182 79 27 runt
1266 2179 46 30 tal
1333 2181 50 34 5,5
1402 2177 151 39 miljoner
1572 2178 58 36 kr.,

143 2248 102 20 varav
263 2247 38 20 ca
319 2239 14 27 1
351 2235 115 39 miljon
483 2235 47 30 kr.
546 2238 188 27 motsvarar
749 2234 221 30 kostnaderna
987 2232 49 31 för
1053 2231 139 40 tidigare
1207 2231 153 31 beslutad
1376 2230 197 40 utvidgning
1588 2241 42 20 av

143 2287 323 40 läkarutbildningen
492 2287 8 30 i
526 2286 252 32 Lund-Malmö.
803 2285 121 32 Därtill
951 2285 149 30 kommer
1124 2284 105 31 under
1255 2283 139 31 åttonde
1419 2283 211 31 huvudtiteln

143 2347 89 29 ännu
250 2343 29 39 cj
297 2341 188 32 beräknade
501 2339 179 32 kostnader
696 2338 51 32 för
762 2337 223 40 förstärkning
1001 2348 42 20 av
1059 2337 43 31 bl.
1115 2348 29 20 a.
1162 2336 247 31 universitetets
1424 2335 207 32 administra-

145 2397 68 32 tion
233 2396 61 31 och
313 2394 159 32 bibliotek
491 2397 87 27 samt
596 2392 105 31 under
719 2391 100 31 femte
838 2389 212 33 huvudtiteln
1070 2389 87 31 vissa
1176 2389 178 31 kostnader
1372 2388 101 40 enligt
1491 2388 57 32 det
1566 2399 66 28 nya

144 2450 128 32 avtalet
289 2448 75 31 med
383 2447 129 32 Malmö
532 2445 74 32 stad
625 2445 51 31 för
694 2444 197 39 driftbidrag
909 2447 87 27 samt
1014 2442 186 40 byggnads-
1219 2442 61 30 och
1299 2441 332 40 utrustningsbidrag,

145 2504 116 31 liksom
279 2505 84 28 även
381 2498 324 42 engångskostnader
721 2498 104 31 under
842 2496 294 40 kapitalbudgeten
1153 2495 51 31 för
1220 2494 335 40 byggnadsåtgärder.

146 2579 10 21 1
176 2589 33 4 —
228 2574 99 30 Bihang
346 2573 37 25 till
399 2571 148 30 riksdagens
562 2570 131 31 protokoll
709 2571 71 24 1963.
816 2571 14 23 6
846 2569 73 25 saml.
954 2568 39 25 Nr
1009 2570 48 23 112
