1924 2826
339 158 103 28 Första
466 158 184 27 kammarens
674 157 139 30 andra
836 158 154 33 tillfälliga
1013 158 124 28 utskotts
1159 158 151 28 utlåtande
1333 159 43 27 Nr
1400 162 26 24 1.
1612 157 15 29 1

822 304 59 40 Nr
909 304 35 40 1.

721 392 104 24 Ankom
844 392 44 24 till
907 392 156 30 riksdagens
1082 393 88 23 kansli
1190 392 49 24 den
1257 391 15 25 2
1291 394 67 29 april
1378 391 64 26 1927
1460 394 37 23 kl.
1518 392 16 25 5
1552 400 20 17 e.
1592 401 32 15 m.

335 441 118 33 Första
475 442 203 33 kammarens
699 441 146 35 andra
866 441 175 39 tillfälliga
1060 443 142 32 utskotts
1224 442 176 40 utlåtande,
1422 454 39 20 nr
1481 445 29 38 1,
1532 445 13 30 i
1566 454 55 20 an-

536 494 132 40 ledning
697 507 41 20 av
768 495 98 34 väckt
899 497 129 37 motion,
1058 496 33 31 I:
1106 497 74 37 105,
1210 507 75 27 ang.
1315 496 141 35 ändrade
1486 497 133 31 bestäm-

534 547 116 33 melser
684 548 136 33 rörande
855 550 180 37 ersättning
1060 549 52 32 till
1137 549 278 38 besiktningsmän
1439 550 56 32 vid
1519 549 102 32 under

535 601 156 39 offentlig
716 602 141 32 kontroll
880 601 121 34 ställda
1023 602 180 32 slakterier.

179 662 19 32 I
218 674 38 21 en
278 662 88 33 inom
388 663 105 34 första
511 663 188 33 kammaren
720 664 100 32 väckt
839 664 58 32 och
919 664 53 32 till
992 664 71 33 dess
1084 664 101 33 andra
1205 664 175 39 tillfälliga
1399 665 125 32 utskott
1542 664 79 32 hän-

133 716 95 32 visad
252 716 120 33 motion
399 729 38 20 nr
463 718 61 31 105
549 717 60 32 har
632 717 75 32 herr
728 717 82 40 Elof
832 717 188 34 Andersson
1045 730 41 20 m.
1113 718 38 32 fl.
1174 718 176 38 hemställt,
1375 722 48 29 att
1446 718 173 39 riksdagen

134 770 99 32 måtte
256 770 13 32 i
293 770 157 33 skrivelse
473 770 54 33 till
553 770 126 39 Kungl.
705 771 101 38 Maj:t
830 772 135 33 anhålla
987 783 51 21 om
1063 771 176 39 utredning
1263 776 83 28 samt
1373 772 247 38 framläggande

131 835 43 20 av
196 823 126 39 förslag
342 824 136 33 rörande
498 824 213 39 omläggning
732 837 41 20 av
795 837 44 20 nu
860 825 152 38 gällande
1032 825 241 33 bestämmelser
1293 837 51 20 om
1366 825 180 40 ersättning
1565 825 54 32 till

132 876 283 39 besiktningsmän
441 877 56 33 vid
522 877 103 33 under
650 878 158 38 offentlig
833 878 142 33 kontroll
1002 878 120 33 ställda
1148 878 170 33 slakterier
1344 879 70 32 med
1440 879 178 32 beaktande

130 941 42 21 av
190 929 13 32 i
223 930 161 32 motionen
405 930 144 39 angivna
569 931 215 38 synpunkter.

175 982 218 34 Beträffande
413 983 196 40 motivering
629 984 53 32 får
701 984 159 33 utskottet
879 984 139 33 hänvisa
1037 984 52 33 till
1111 985 171 32 motionen.

177 1036 167 33 Utskottet
361 1037 60 32 har
439 1037 66 33 fått
521 1037 51 33 del
591 1050 41 20 av
648 1037 179 39 utlåtande,
845 1050 69 20 som
931 1038 12 31 i
960 1038 177 39 anledning
1154 1050 41 21 av
1213 1051 38 20 en
1269 1038 210 39 likalydande
1498 1038 119 33 motion

129 1089 12 32 i
166 1090 103 32 andra
290 1090 199 38 kammaren,
515 1102 39 21 nr
579 1091 72 38 186,
677 1103 41 20 av
742 1091 102 33 andra
866 1091 204 34 kammarens
1095 1092 103 33 andra
1221 1092 174 38 tillfälliga
1419 1092 125 32 utskott
1567 1092 49 31 in-

129 1142 145 34 hämtats
294 1143 75 32 från
389 1143 344 39 medicinalstyrelsen.
753 1144 100 33 Detta
871 1144 169 32 utlåtande
1058 1144 100 38 jämte
1177 1148 47 29 ett
1241 1145 12 31 i
1273 1144 130 33 ärendet
1420 1145 53 33 till
1493 1156 124 21 samma

129 1195 127 33 utskott
293 1196 179 33 inkommet
511 1197 152 38 yttrande
703 1197 74 32 från
808 1197 148 33 Svenska
983 1198 341 33 andelsslakteriernas
1352 1198 265 39 exportförening

129 1261 32 21 u.
182 1261 33 26 p.
236 1261 29 21 a.
287 1254 37 27 är
342 1251 106 31 såsom
470 1250 112 39 bilaga
602 1250 93 39 fogat
712 1251 57 32 vid
791 1251 88 32 detta
898 1251 177 33 utlåtande.

173 1302 291 40 Besiktningsmän
493 1304 56 32 vid
578 1305 286 38 exportslakterier
903 1305 58 32 och
1001 1306 102 32 andra
1141 1306 158 39 enskilda,
1330 1307 101 32 under
1459 1307 157 38 offentlig

128 1355 143 33 kontroll
294 1357 122 33 ställda
435 1357 358 40 slakteriinrättningar
816 1363 150 28 ävensom
988 1359 91 33 deras
1102 1359 276 33 ställföreträdare
1401 1360 92 33 skola
1513 1360 103 39 enligt

127 1409 155 38 gällande
300 1410 241 32 bestämmelser
560 1411 168 32 förordnas
748 1423 42 20 av
808 1412 342 38 medicinalstyrelsen,
1169 1425 70 20 som
1258 1413 97 32 också
1371 1414 65 31 kan
1456 1414 159 32 återkalla

128 1462 118 32 sådant
265 1462 226 39 förordnande,
512 1468 60 27 när
591 1464 72 32 skäl
683 1464 113 33 därtill
817 1469 66 28 äro.
902 1465 288 39 Besiktningsman
1209 1466 86 34 skall
1314 1478 79 20 vara
1411 1466 203 39 legitimerad

128 1515 164 32 veterinär
309 1516 59 32 och
387 1516 161 38 därjämte
567 1517 103 32 under
689 1518 100 32 minst
807 1518 58 32 två
884 1518 152 32 månader
1055 1518 44 33 ha
1118 1519 141 32 bedrivit
1277 1519 123 32 studier
1419 1520 57 31 vid
1495 1520 119 32 offent-

128 1567 64 39 ligt
215 1568 150 33 slakthus
390 1569 89 32 inom
502 1569 95 33 riket.
621 1569 197 40 Ersättning
841 1571 54 32 till
919 1571 280 39 besiktningsman
1222 1572 87 32 skall
1333 1573 80 38 utgå
1437 1573 71 32 med
1532 1573 83 32 visst

128 1620 127 39 belopp,
281 1633 70 21 som
377 1622 194 33 bestämmes
593 1634 43 21 av
662 1623 334 39 medicinalstyrelsen
1022 1624 83 32 efter
1129 1624 141 33 hörande
1296 1638 41 20 av
1364 1625 249 33 slakteriinrätt-

128 1674 136 38 ningens
286 1674 197 34 innehavare
505 1675 58 33 och
584 1676 115 38 gäldas
723 1689 42 20 av
788 1676 111 33 denne.
921 1677 215 33 Beträffande
1159 1678 39 32 de
1219 1690 42 20 av
1283 1678 329 39 medicinalstyrelsen

127 1727 122 33 hittills
274 1728 193 39 tillämpade
491 1729 187 38 grunderna
704 1730 51 32 för
780 1730 207 33 beräknande
1012 1743 41 21 av
1079 1731 105 33 denna
1208 1732 181 38 ersättning
1414 1731 57 33 och
1499 1733 37 32 de
1562 1732 50 32 be-

128 1780 87 40 lopp,
238 1781 114 32 vartill
374 1782 61 32 den
455 1782 12 32 i
490 1782 38 32 de
548 1783 165 32 särskilda
734 1783 102 33 fallen
858 1785 150 37 uppgått,
1032 1784 53 33 får
1104 1785 160 33 utskottet
1284 1784 138 34 hänvisa
1442 1785 52 32 till
1515 1786 12 31 i
1549 1797 63 20 mo-

127 1833 108 33 tionen
258 1834 58 32 och
339 1834 13 32 i
375 1835 350 39 medicinalstyrelsens
750 1837 226 32 ovannämnda
998 1838 152 37 yttrande
1173 1838 150 32 lämnade
1345 1838 178 39 uppgifter.

173 1887 240 33 Motionärerna
434 1888 137 39 påpeka,
594 1892 49 28 att
664 1889 72 32 med
759 1889 54 32 det
834 1890 187 32 nuvarande
1044 1894 156 34 systemet
1221 1910 46 4 —
1287 1891 82 32 visst
1389 1891 223 38 grundbelopp

129 1939 52 32 för
204 1940 118 32 månad
345 1940 101 38 jämte
469 1941 182 39 ersättning
672 1941 105 39 enligt
799 1942 154 38 glidande
977 1943 93 33 skala
1095 1943 51 32 för
1169 1944 90 32 antal
1282 1944 224 38 besiktningar
1529 1948 85 28 samt

127 1992 84 34 visst
235 1993 245 39 minimibelopp
506 2006 58 26 per
589 1995 37 32 år
651 1995 174 33 oberoende
852 2008 42 20 av
919 1996 123 32 antalet
1066 1996 226 39 besiktningar
1318 2016 44 4 —
1387 1997 90 33 bliva
1501 2001 111 28 ersätt-

127 2045 161 39 ningarna
309 2046 158 39 tämligen
489 2047 130 38 ojämna
642 2047 52 33 för
716 2048 89 32 olika
829 2048 272 39 slakteriföretag,
1126 2049 58 32 och
1209 2050 38 32 de
1270 2061 76 21 anse
1370 2050 169 39 dessutom,
1564 2054 49 29 att

126 2099 61 32 den
209 2099 210 33 ekonomiska
439 2100 193 39 depression,
655 2112 67 21 som
743 2101 103 32 under
866 2113 110 21 senare
997 2102 36 32 år
1054 2102 138 32 drabbat
1212 2102 219 39 slakterierna,
1453 2103 86 40 gjort
1559 2103 52 32 be-

126 2152 97 33 hovet
246 2165 42 20 av
310 2165 40 20 en
374 2153 140 33 revision
537 2165 42 22 av
601 2154 485 39 ersättningsbestämmelserna
1108 2156 108 32 starkt
1241 2156 251 33 framträdande.
1517 2156 18 32 I
1559 2157 53 32 det

125 2206 173 33 avseendet
321 2206 179 33 framhålla
521 2207 237 33 motionärerna
778 2209 105 31 såsom
905 2212 46 29 ett
972 2209 165 32 önskemål
1161 2209 74 32 från
1258 2209 227 33 slakteriernas
1506 2210 71 33 sida
1599 2210 12 31 i

127 2258 139 35 främsta
286 2263 148 35 rummet,
456 2263 48 29 att
524 2261 122 33 sådana
664 2261 241 32 bestämmelser
925 2262 99 32 måtte
1045 2262 171 39 meddelas,
1237 2263 186 38 varigenom
1445 2263 166 39 företagen

126 2312 218 39 berättigades
368 2316 49 29 att
436 2313 109 38 själva
565 2314 72 32 med
658 2314 163 32 veterinär
843 2315 110 32 avtala
976 2316 165 37 angående
1161 2316 221 38 ersättningen
1406 2316 51 32 för
1478 2317 131 36 arbetet,

126 2377 71 20 men
219 2368 49 29 att
288 2366 330 32 överenskommelsen
640 2367 80 32 dock
739 2367 109 33 skulle
867 2367 12 32 i
899 2367 90 38 varje
1011 2368 134 32 särskilt
1166 2368 61 34 fall
1249 2369 180 32 fastställas
1451 2381 40 20 av
1513 2369 96 32 medi-

125 2418 249 39 cinalstyrelsen
396 2419 83 32 efter
499 2419 171 39 prövning,
692 2424 50 29 att
763 2420 237 33 vederbörande
1019 2421 162 32 veterinär
1202 2433 76 21 vore
1299 2422 51 31 för
1371 2422 239 38 anställningen

124 2471 188 39 kompetent
333 2472 59 32 och
413 2472 140 39 lämplig
573 2473 58 31 och
654 2473 99 32 alltså
774 2473 110 34 kunde
905 2486 41 20 av
969 2474 158 38 styrelsen
1150 2474 179 32 förordnas.

170 2537 115 34 Bihang
308 2536 47 29 till
377 2537 172 34 riksdagens
570 2538 142 34 protokoll
736 2540 90 26 1927.
852 2540 37 26 12
905 2539 83 27 saml.
1013 2541 17 25 2
1047 2539 63 28 avd.
1137 2543 13 24 1
1171 2539 74 33 häft.
1297 2540 58 35 (Nr
1379 2542 103 33 1—2)
1552 2539 16 29 1

1661 676 146 27 Motionen.

1655 1051 157 27 Yttranden.

1658 1318 137 27 Utskottet.
