1906 2782
276 147 39 29 60
721 145 289 30 Statsutskottets
1034 144 181 30 utlåtande
1237 154 43 21 nr
1303 144 51 29 10.

325 232 76 28 Den
428 231 179 29 allmänna
634 230 433 38 omkostnadsstegringen
1094 229 65 29 och
1186 229 41 29 de
1254 230 95 28 stora
1376 228 201 39 anspråken
1603 227 45 39 på
1675 227 123 40 bidrag

282 281 85 30 från
381 280 384 30 lotterimedelsfonden
784 279 124 34 skulle,
928 278 204 31 framhåller
1150 277 389 40 departementschefen
1556 277 130 34 vidare,
1704 278 10 29 i
1733 278 64 29 och

282 331 55 29 för
359 331 52 39 sig
432 331 169 29 motivera
623 340 41 20 en
686 330 171 38 väsentlig
878 329 132 39 ökning
1031 339 42 20 av
1096 329 156 38 anslaget
1274 329 55 28 för
1350 329 103 29 nästa
1474 328 170 38 budgetår
1666 327 54 30 till
1741 337 57 20 av-

283 381 157 38 sättning
459 380 51 29 till
531 381 142 28 fonden.
694 380 77 30 Med
791 380 140 38 hänsyn
951 379 53 29 till
1023 379 58 29 det
1101 378 230 30 ekonomiska
1352 378 92 38 läget
1465 379 37 28 är
1523 378 275 39 departements-

284 430 124 30 zhefen
428 429 193 31 emellertid
641 430 75 29 icke
734 430 130 29 beredd
884 431 51 28 att
953 429 188 39 tillstyrka,
1162 431 49 27 att
1232 428 157 39 anslaget
1403 428 55 29 för
1472 427 206 39 budgetåret
1694 427 106 40 1952/

283 480 41 30 53
348 481 204 39 uppräknas
574 481 80 28 med
675 480 105 38 högre
804 479 126 40 belopp
952 480 44 28 än
1020 479 13 28 1
1052 479 63 29 000
1131 478 63 30 000
1216 479 141 28 kronor.
1382 478 165 39 Anslaget
1572 478 113 31 skulle
1707 477 93 30 häri-

283 538 125 31 genom
429 530 116 40 uppgå
567 530 51 29 till
642 529 38 29 10
695 529 63 30 500
773 529 64 29 000
858 529 141 30 kronor.

326 613 178 29 Utskottet
525 613 61 29 vill
606 613 125 33 erinra,
753 614 51 28 att
825 613 173 29 utskottet
1020 612 58 29 vid
1099 612 148 39 tidigare
1267 611 217 38 behandling
1504 620 42 21 av
1566 610 233 31 förevarande

281 663 124 39 anslag
422 663 80 29 med
525 663 130 39 skärpa
673 663 198 30 framhållit
889 663 122 29 kravet
1031 662 45 40 på
1095 664 50 28 att
1165 662 242 39 landsbygden
1426 661 66 30 och
1512 661 41 29 de
1572 661 139 30 mindre
1731 662 69 28 stä-

280 713 111 29 derna
409 713 106 30 borde
536 713 55 30 för
610 713 190 30 kulturella
819 713 167 29 ändamål
1004 712 133 30 erhålla
1155 712 123 39 bidrag
1297 721 43 21 av
1358 712 205 29 statsmedel
1582 711 11 29 i
1611 711 188 39 väsentligt

280 764 113 28 större
413 763 247 39 utsträckning
680 764 43 28 än
745 763 67 29 vad
832 772 44 21 av
895 763 125 39 Kungl.
1041 762 107 39 Maj:t
1169 763 131 29 äskade
1320 761 364 39 medelsanvisningar
1704 761 95 30 med-

282 813 94 39 givit.
396 814 50 29 På
463 813 133 41 förslag
613 823 43 20 av
672 814 126 38 Kungl.
819 813 108 39 Maj:t
943 813 111 30 beslöt
1075 813 82 29 1951
1181 813 56 29 års
1255 813 145 39 riksdag
1419 814 51 28 att
1487 812 55 30 för
1560 812 240 30 innevarande

279 863 173 39 budgetår
469 864 84 39 höja
571 864 157 39 anslaget
746 864 80 29 med
845 864 18 29 2
879 863 63 30 000
957 863 62 30 000
1038 863 142 35 kronor,
1200 863 111 30 under
1331 863 182 29 uttalande
1532 872 42 20 av
1593 863 50 29 att
1663 862 136 30 huvud-

279 916 127 37 parten
428 924 42 20 av
492 915 115 29 denna
629 914 293 39 anslagshöjning
945 914 112 29 skulle
1080 914 142 29 komma
1245 913 242 39 landsbygden
1510 913 64 29 och
1598 913 40 29 de
1661 912 138 30 mindre

281 965 168 29 städerna
472 964 53 29 till
553 964 65 30 del.
644 964 49 30 På
717 965 113 38 grund
857 974 44 20 av
924 964 67 29 den
1015 964 181 29 allmänna
1220 963 376 39 kostnadsstegringen
1622 963 112 29 under
1761 962 37 30 år

284 1015 81 29 1951
391 1015 65 29 har
479 1015 92 30 årets
595 1014 144 39 riksdag
761 1014 45 40 på
828 1014 265 38 framställning
1116 1023 43 21 av
1181 1014 126 39 Kungl.
1332 1013 107 39 Maj:t
1463 1013 19 30 å
1504 1013 212 39 tilläggsstat
1740 1022 60 20 an-

280 1064 92 30 visat
387 1065 64 29 500
466 1065 63 29 000
544 1065 131 29 kronor
691 1064 54 30 för
762 1066 51 28 att
829 1065 123 28 kunna
966 1064 183 39 tillgodose
1165 1064 57 29 det
1239 1073 42 21 av
1296 1064 191 38 riksdagen
1502 1063 157 30 uttalade
1675 1063 125 29 önske-

281 1115 118 29 målet.

326 1165 205 39 Uppenbart
552 1167 39 28 är
613 1167 50 28 att
684 1164 194 30 inträffade
900 1164 272 40 prisstegringar
1194 1164 65 30 och
1282 1164 42 30 de
1345 1164 114 29 ökade
1480 1163 156 40 anspråk
1658 1173 42 20 av
1724 1163 76 29 kul-

281 1216 107 29 turell
411 1217 65 33 art,
500 1224 75 20 som
600 1215 120 30 ställas
743 1215 46 40 på
813 1214 397 34 lotterimedelsfonden,
1235 1215 125 38 utgöra
1384 1214 89 39 goda
1497 1214 77 29 skäl
1597 1213 56 30 för
1677 1223 44 20 en
1743 1214 58 29 vä-

282 1265 128 41 sentlig
426 1265 150 39 höjning
593 1275 42 20 av
656 1266 157 38 anslaget
830 1265 56 30 för
903 1266 101 29 nästa
1023 1265 181 38 budgetår.
1222 1266 13 28 I
1255 1265 206 30 nuvarande
1480 1265 74 38 läge
1572 1265 38 28 är
1627 1264 173 29 utskottet

281 1316 92 29 dock
391 1316 77 29 icke
484 1316 112 29 berett
614 1317 50 28 att
680 1316 179 39 tillstyrka
876 1316 112 31 större
1005 1315 293 39 anslagshöjning
1314 1316 46 28 än
1379 1314 94 30 1000
1488 1314 62 31 000
1568 1314 132 30 kronor
1717 1314 84 29 eller

281 1365 105 30 alltså
405 1375 137 20 samma
560 1366 125 39 belopp
707 1375 74 20 som
801 1365 128 39 Kungl.
949 1365 105 39 Maj:t
1073 1365 191 39 föreslagit.
1285 1365 118 29 Härav
1423 1364 114 39 följer,
1557 1366 51 28 att
1627 1364 174 30 utskottet

281 1415 78 30 icke
378 1416 156 30 biträder
550 1416 174 39 yrkandet
743 1416 11 28 i
771 1416 181 29 motionen
970 1416 28 29 1:
1016 1415 73 31 280.
1109 1417 13 28 I
1144 1415 207 39 anslutning
1367 1415 55 31 till
1439 1415 67 30 vad
1523 1415 174 29 utskottet
1714 1414 12 29 i
1743 1414 59 30 det

281 1466 212 39 föregående
510 1466 120 30 anfört
647 1467 60 29 vill
723 1466 174 30 utskottet
915 1466 236 38 understryka
1170 1466 299 38 angelägenheten
1488 1474 42 21 av
1547 1467 50 28 att
1615 1464 187 39 landsbyg-

281 1516 87 30 dens
391 1517 66 29 och
479 1517 41 29 de
543 1516 137 30 mindre
703 1517 183 29 städernas
910 1516 174 29 intressen
1107 1516 11 29 i
1140 1516 100 39 fråga
1262 1524 58 21 om
1343 1515 233 30 lotterimedel
1598 1515 203 39 tillgodoses

281 1566 10 29 i
311 1567 110 30 minst
441 1576 137 21 samma
596 1567 275 39 proportionella
894 1566 215 39 omfattning
1129 1575 76 21 som
1225 1566 54 30 för
1298 1566 239 29 innevarande
1558 1565 182 39 budgetår.

327 1617 76 29 Vad
424 1617 173 30 beträffar
616 1617 57 30 det
692 1618 11 29 i
723 1617 223 29 motionerna
967 1618 28 28 I:
1012 1616 40 30 93
1073 1617 66 29 och
1159 1617 45 29 II:
1223 1616 61 30 159
1306 1616 125 39 gjorda
1449 1616 185 39 yrkandet,
1656 1625 75 20 som
1750 1615 53 30 in-

282 1667 109 29 nebär
410 1669 50 28 att
479 1667 304 30 Folkrörelsernas
803 1667 312 38 konstfrämjande
1133 1667 63 29 bör
1214 1667 133 30 erhålla
1366 1668 49 28 ett
1434 1666 81 30 från
1533 1666 41 30 20
1589 1666 63 30 000
1672 1666 131 29 kronor

282 1717 54 29 till
362 1717 42 30 40
419 1717 63 31 000
506 1718 131 29 kronor
661 1717 134 40 förhöjt
819 1717 281 40 bidragsbelopp,
1128 1717 60 30 vill
1211 1717 174 30 utskottet
1409 1717 148 29 hänvisa
1580 1716 55 30 till
1658 1716 67 30 vad
1749 1717 54 28 ut-

283 1768 132 29 skottet
436 1768 11 29 i
469 1768 57 29 det
547 1768 209 39 föregående
779 1768 120 30 anfört
921 1768 149 30 rörande
1093 1767 92 30 ökad
1208 1767 199 39 tilldelning
1428 1777 42 20 av
1494 1767 232 30 lotterimedel
1747 1766 56 30 för

282 1819 49 28 ett
347 1818 116 30 bättre
480 1818 273 39 tillgodoseende
771 1827 43 21 av
831 1818 259 39 landsbygdens
1109 1818 66 29 och
1193 1818 42 29 de
1251 1818 139 30 mindre
1408 1817 184 30 städernas
1610 1817 192 29 kulturella

282 1868 123 30 behov.
429 1868 48 30 På
499 1869 114 38 grund
636 1868 108 30 härav
765 1868 67 29 och
857 1868 46 30 då
925 1868 57 29 det
1004 1868 130 29 liksom
1154 1868 126 29 hittills
1305 1868 63 29 bör
1390 1868 192 30 ankomma
1606 1867 46 40 på
1673 1867 128 40 Kungl.

283 1918 107 39 Maj:t
417 1920 50 29 att
493 1919 134 30 fördela
654 1920 41 29 de
721 1919 167 29 anvisade
915 1919 137 29 medlen
1079 1919 98 29 torde
1203 1918 222 30 motionerna
1451 1919 10 29 i
1490 1918 98 39 fråga
1613 1918 78 29 icke
1717 1917 85 30 böra

282 1968 142 40 påkalla
448 1968 115 39 någon
585 1968 207 39 riksdagens
814 1968 134 39 åtgärd.

327 2019 179 30 Utskottet
523 2019 61 29 vill
603 2019 165 38 slutligen
787 2018 200 34 framhålla,
1008 2020 61 32 att,
1089 2019 109 29 sedan
1216 2018 57 31 det
1293 2018 97 30 inom
1409 2018 393 39 handelsdepartemen-

282 2070 50 28 tet
350 2069 251 34 konstaterats,
622 2070 51 29 att
690 2069 53 29 till
761 2071 182 28 teatrarna
959 2069 11 28 i
992 2069 93 30 vissa
1104 2069 111 29 större
1234 2069 116 29 städer
1368 2068 224 30 kommunalt
1609 2067 124 38 bidrag
1749 2067 53 30 till

281 2118 268 30 verksamheten
569 2119 75 29 icke
665 2119 64 29 alls
748 2118 100 37 utgår
868 2119 84 29 eller
971 2119 133 29 lämnas
1124 2118 12 29 i
1154 2118 167 38 betydligt
1340 2117 137 31 mindre
1497 2117 241 38 utsträckning
1758 2118 46 29 än

283 2178 84 21 man
392 2179 43 20 av
456 2169 139 39 hänsyn
618 2169 53 30 till
696 2169 349 39 omständigheterna
1068 2170 86 29 trott
1178 2169 52 39 sig
1252 2169 45 30 ha
1320 2169 192 38 anledning
1534 2169 116 35 vänta,
1674 2168 128 39 Kungl.

283 2219 107 39 Maj:t
408 2219 78 30 låtit
504 2221 154 38 upptaga
680 2219 270 39 förhandlingar
967 2219 79 29 med
1065 2219 261 30 vederbörande
1345 2219 118 29 lokala
1482 2219 177 31 instanser
1677 2219 57 30 för
1751 2220 51 29 att

283 2269 82 31 från
385 2270 102 31 deras
508 2270 76 29 sida
605 2270 147 29 utverka
772 2269 225 30 kommunalt
1017 2269 78 30 stöd
1115 2270 54 29 till
1190 2269 93 30 olika
1305 2271 132 28 teatrar
1459 2268 10 30 i
1488 2269 119 29 vidare
1628 2269 175 30 utsträck-

283 2320 86 39 ning
391 2321 46 28 än
459 2329 75 20 som
557 2319 127 31 hittills
707 2319 239 30 förekommit.

328 2370 119 29 Under
467 2370 221 39 åberopande
708 2379 42 20 av
770 2370 57 29 det
849 2369 150 30 anförda
1019 2370 204 29 hemställer
1244 2369 183 33 utskottet,
