1910 2818
318 181 39 29 14
728 181 341 27 Jordbruksutskottets
1093 182 159 27 utlåtande
1276 183 42 26 Nr
1341 183 46 26 49.

315 265 147 31 fordran
506 266 52 30 till
603 267 178 30 ordinarie
821 267 111 39 tjänst
971 268 84 30 eller
1099 268 68 30 den
1208 269 139 30 relativt
1387 268 104 40 långa
1535 269 266 39 tjänstgörings-

315 319 95 29 tiden
453 318 115 31 såsom
609 320 275 31 icke-ordinarie
921 321 245 39 kronojägare.
1209 322 64 30 Det
1312 331 42 21 av
1396 323 405 30 kommunikationsver-

315 372 87 30 kens
432 373 214 30 lönenämnd
671 373 199 31 framförda
900 374 168 39 förslaget
1093 385 58 20 om
1178 376 201 30 inrättande
1406 385 43 20 av
1474 386 43 20 en
1547 386 46 29 ny
1622 377 179 30 ordinarie

314 426 106 38 tjänst
442 426 11 29 i
474 427 16 28 7
512 427 209 39 lönegraden
741 427 11 30 i
772 427 89 39 syfte
881 431 50 27 att
951 429 110 29 bättre
1082 429 181 39 tillgodose
1284 429 320 39 kronojägarkåren
1626 431 9 29 i
1658 431 61 29 sist
1740 440 59 21 an-

314 479 104 38 givna
435 480 226 30 hänseenden
679 490 102 29 synes
802 481 71 38 mig
895 481 170 31 innebära
1086 491 43 20 en
1147 483 194 38 godtagbar
1359 483 148 37 lösning.
1528 483 133 30 Genom
1682 487 50 26 att
1753 486 48 27 ett

315 533 96 29 antal
439 533 177 30 ordinarie
641 533 240 40 befattningar
906 535 11 29 i
942 535 107 45 sagda
1073 536 170 38 lönegrad
1269 536 148 29 inrättas
1445 536 64 30 bör
1538 537 178 38 nämligen
1744 536 56 30 be-

315 585 147 31 fordran
489 587 51 29 till
568 587 180 31 ordinarie
779 588 109 38 tjänst
915 588 121 31 kunna
1068 589 125 30 vinnas
1226 589 90 30 efter
1346 590 160 30 avsevärt
1534 590 143 30 kortare
1709 590 91 30 icke-

313 638 223 32 ordinarietid
564 641 45 29 än
636 640 132 30 hittills.
807 641 64 39 Jag
896 641 159 31 förordar
1082 642 110 36 alltså,
1218 646 49 27 att
1292 643 11 29 i
1327 643 392 40 tjänsteförteckningen
1746 643 55 30 för

313 693 247 30 domänverket
578 694 131 30 införes
729 704 42 20 en
790 705 46 28 ny
857 695 194 40 befattning
1071 697 10 29 i
1102 698 16 28 7
1140 698 220 38 lönegraden,
1382 707 77 20 vars
1479 698 211 30 innehavare
1710 699 11 29 i
1741 708 57 20 en-

310 746 106 38 lighet
434 747 79 29 med
532 748 314 38 domänstyrelsens
865 749 131 39 förslag
1015 750 63 29 bör
1097 751 191 29 benämnas
1309 751 204 30 biträdande
1534 752 260 38 kronojägare.»

356 843 192 31 Införande
567 853 44 22 av
629 845 177 31 kontorist
825 845 11 31 i
857 846 29 30 A
905 847 32 29 9.
968 847 14 30 I
1005 846 168 31 skrivelse
1194 847 53 30 till
1267 847 531 40 tjänsteförteckningssakkun-

312 896 81 40 niga
410 897 56 30 för
484 898 246 31 affärsverken
748 899 64 30 har
830 900 304 38 domänstyrelsen
1152 901 180 30 hemställt
1351 911 58 20 om
1428 901 187 30 införande
1634 902 11 29 i
1664 903 20 29 9
1703 903 94 29 löne-

311 951 131 38 graden
462 960 42 21 av
523 961 42 21 en
584 952 485 40 kanslibiträdesbefattning,
1090 954 131 30 avsedd
1241 954 56 30 för
1317 954 92 30 vissa
1432 954 97 30 inom
1548 955 172 38 styrelsen
1741 955 57 30 för

310 1005 217 30 närvarande
543 1005 260 40 tjänstgörande
822 1009 96 28 extra
936 1007 173 30 ordinarie
1129 1007 273 31 kanslibiträden
1421 1008 11 29 i
1449 1009 154 29 nämnda
1620 1009 176 38 lönegrad.

356 1058 601 40 Tjänsteförteckningssakkunniga
982 1061 45 29 ha
1051 1060 75 31 icke
1150 1060 78 30 haft
1252 1059 104 40 något
1381 1064 107 27 annat
1512 1064 49 27 att
1586 1062 114 30 erinra
1725 1065 72 27 mot

311 1111 322 39 domänstyrelsens
653 1112 133 39 förslag
806 1114 45 28 än
868 1116 51 27 att
939 1114 66 29 den
1023 1123 68 29 nya
1107 1113 245 39 befattningen
1369 1114 110 29 borde
1495 1117 173 35 upptagas
1686 1114 109 29 under

312 1164 99 30 titeln
435 1165 185 30 kontorist.

355 1217 75 31 Vad
451 1218 41 30 de
513 1219 220 39 sakkunniga
758 1219 116 31 anfört
895 1220 65 30 har
981 1220 75 30 icke
1077 1220 165 30 föranlett
1264 1219 103 40 något
1390 1221 138 30 särskilt
1552 1221 179 31 uttalande
1754 1231 42 21 av

309 1270 470 32 kommunikationsverkens
803 1273 221 30 lönenämnd.

354 1325 184 29 Allmänna
557 1325 256 30 lönenämnden
832 1326 66 29 och
918 1325 246 30 statskontoret
1187 1326 46 30 ha
1253 1328 119 34 ansett,
1394 1329 49 27 att
1462 1328 79 29 med
1561 1327 236 39 upptagandet

309 1378 11 29 i
344 1378 401 39 tjänsteförteckningen
771 1388 42 20 av
836 1379 475 39 kanslibiträdesbefattning
1361 1380 11 30 i
1399 1381 19 29 9
1446 1381 214 38 lönegraden
1687 1381 109 30 borde

310 1431 102 31 anstå
439 1432 11 29 i
478 1432 176 29 avvaktan
681 1432 46 38 på
754 1435 50 27 att
828 1432 234 30 förevarande
1092 1432 175 39 spörsmål
1291 1434 106 29 löstes
1423 1434 10 30 i
1462 1437 47 27 ett
1539 1434 257 38 sammanhang

310 1484 58 30 för
393 1485 161 38 samtliga
576 1486 110 29 därav
708 1486 149 29 berörda
880 1486 95 30 verk.

354 1538 112 30 Sedan
495 1538 296 38 domänstyrelsen
816 1539 153 29 härefter
997 1539 185 39 föreslagit,
1210 1542 48 27 att
1286 1540 11 29 i
1324 1540 392 39 tjänsteförteckningen
1741 1541 55 30 för

309 1591 247 30 domänverket
579 1591 108 30 måtte
714 1591 80 31 från
817 1592 65 30 och
909 1593 80 29 med
1015 1593 66 29 den
1110 1594 14 28 1
1155 1592 63 39 juli
1248 1594 82 29 1942
1359 1596 169 37 upptagas
1556 1594 240 39 befattningen

309 1644 171 31 kontorist
510 1645 10 29 i
546 1646 19 29 9
592 1646 219 38 lönegraden,
838 1646 66 29 har
934 1646 176 30 allmänna
1137 1647 255 30 lönenämnden
1419 1647 179 36 förklarat,
1627 1651 49 26 att
1703 1648 93 29 detta

308 1698 131 39 förslag
464 1698 75 30 icke
561 1698 204 31 föranledde
789 1698 116 40 någon
931 1699 138 30 erinran
1092 1699 81 31 från
1198 1700 193 30 nämndens
1415 1700 83 30 sida.

352 1839 388 39 Departementschefen
764 1841 102 30 anför
890 1841 167 38 följande:

355 1889 18 49 >»
374 1893 150 31 Numera
540 1893 117 30 finnas
674 1894 55 29 för
748 1896 45 27 ett
809 1894 115 29 flertal
940 1894 83 30 verk
1038 1894 95 30 inom
1154 1895 177 29 allmänna
1351 1895 337 39 civilförvaltningen
1707 1905 86 29 upp-

308 1949 105 36 tagna
433 1947 418 39 kontoristbefattningar
871 1947 11 30 i
903 1948 168 39 lönegrad
1092 1948 26 30 A
1139 1949 30 29 9.
1204 1949 79 29 Med
1306 1949 198 31 beaktande
1526 1950 110 30 härav
1659 1950 66 29 och
1749 1948 45 31 då

307 2000 56 29 för
382 2000 272 30 domänverkets
674 2001 56 29 del
750 2010 101 29 synes
872 2001 171 39 föreligga
1063 2001 271 39 stadigvarande
1354 2003 114 29 behov
1489 2012 42 20 av
1551 2002 242 39 befattningar

306 2063 42 20 av
371 2052 271 40 ifrågavarande
667 2057 63 32 art,
756 2054 164 30 förordar
944 2054 67 39 jag,
1036 2057 51 28 att
1113 2055 245 39 befattningen
1383 2055 176 31 kontorist
1584 2056 11 29 i
1623 2056 169 38 lönegrad

305 2107 27 29 A
353 2108 20 29 9
390 2106 81 31 från
490 2107 64 30 och
571 2107 80 30 med
672 2108 67 29 den
760 2108 13 28 1
794 2107 62 38 juli
880 2108 83 29 1942
982 2107 128 30 införes
1129 2107 10 30 i
1157 2108 392 39 tjänsteförteckningen
1569 2109 55 29 för
1642 2108 146 30 verket.»

349 2204 192 30 Införande
567 2213 44 21 av
636 2204 237 31 skrivbiträde
899 2205 13 29 i
937 2206 27 29 A
992 2207 31 28 2.
1061 2205 306 39 Domänstyrelsen
1395 2207 66 29 har
1488 2206 192 39 föreslagit,
1706 2209 50 28 att
1781 2206 11 30 i

305 2257 402 39 tjänsteförteckningen
736 2258 56 30 för
823 2259 254 30 domänverket
1105 2258 110 31 måtte
1243 2262 172 35 upptagas
1444 2259 198 40 befattning
1675 2259 116 31 såsom

305 2311 235 30 skrivbiträde
554 2312 10 29 i
580 2312 170 38 lönegrad
765 2312 27 29 A
811 2313 30 35 2,
858 2312 113 30 ehuru
989 2313 80 29 med
1086 2313 140 38 hänsyn
1242 2312 52 30 till
1313 2313 141 38 nyligen
1470 2313 182 38 företagen
1672 2313 119 37 rekry-

304 2364 114 38 tering
435 2364 10 29 i
464 2368 96 27 extra
582 2365 67 30 och
671 2368 97 27 extra
789 2366 178 29 ordinarie
988 2366 131 38 graden
1140 2365 117 39 någon
1278 2366 96 38 dylik
1395 2366 178 31 ordinarie
1592 2366 199 38 befattning

305 2417 78 30 icke
409 2418 158 30 behövde
590 2421 100 36 tagas
714 2419 10 29 i
747 2419 91 29 bruk
865 2419 115 30 under
1001 2419 179 30 närmaste
1207 2418 49 31 år.

348 2471 190 30 Allmänna
551 2472 256 31 lönenämnden
824 2473 66 29 har
907 2472 165 39 tillstyrkt
1091 2473 184 38 styrelsens
1294 2473 139 40 förslag.
