2150 2680
446 264 16 27 2
855 246 378 43 Bevillningsutskottets
1256 239 175 35 Memorial
1454 239 61 33 N:o
1538 239 49 31 25.

537 343 55 36 En
634 337 338 48 sammanjemkning
1013 334 39 36 af
1090 333 100 34 dessa
1223 334 129 31 tvenne
1379 328 118 35 beslut
1523 326 66 33 har
1616 323 178 35 utskottet
1821 318 192 36 emellertid

403 398 117 36 funnit
560 394 130 45 möjlig.
745 389 102 37 Båda
887 390 188 34 kamrarne
1116 384 99 35 torde
1255 381 173 44 nemligen
1463 376 36 37 få
1532 386 102 26 anses
1661 384 88 26 vara
1777 382 80 25 ense
1886 371 128 42 derom,

405 453 52 32 att
498 442 382 48 lokalprenumeration
922 441 61 34 bör
1024 435 196 46 medgifvas
1261 433 54 39 för
1348 431 193 43 tidningar,
1571 438 70 24 som
1670 426 180 35 utkomma
1877 422 135 35 mindre

405 502 73 35 ofta
511 504 44 30 än
590 508 42 25 en
659 494 95 47 gång
779 495 13 34 i
820 493 146 35 veckan.
1021 488 126 36 Andra
1175 485 215 35 Kammaren
1419 483 66 34 har
1512 479 169 45 derjemte
1709 477 97 35 velat
1832 473 184 36 utsträcka

406 554 97 34 detta
544 546 245 47 medgifvande
827 543 133 46 jemväl
1000 541 53 35 till
1094 537 304 43 veckotidningar,
1439 543 78 24 men
1552 530 128 35 Första
1708 527 217 35 Kammaren
1953 525 65 34 har

406 605 79 34 icke
526 603 116 33 ansett
684 599 53 44 sig
779 598 120 34 kunna
939 592 141 36 biträda
1121 592 51 32 ett
1212 586 127 37 sådant
1365 586 142 42 förslag.
1564 579 225 38 Sistnämnda
1817 579 198 34 kammares

407 652 242 46 obenägenhet
687 649 122 35 härför
849 646 99 35 torde
994 643 89 36 dock
1110 638 300 44 hufvudsakligen
1440 645 86 27 vara
1555 636 53 33 att
1636 632 85 34 söka
1748 631 11 34 i
1787 629 148 35 fruktan
1963 627 54 34 för

408 709 54 31 att
497 702 208 46 postverket
745 699 204 43 härigenom
991 695 113 35 skulle
1145 689 162 38 åsamkas
1337 687 171 45 betydligt
1538 685 113 35 ökade
1678 684 128 33 besvär
1834 681 64 34 och
1925 680 92 33 kost-

406 756 119 36 nader.
579 751 127 38 Under
747 748 131 37 sådana
919 743 243 38 förhållanden
1192 742 98 33 torde
1318 741 203 32 kammaren
1549 737 77 33 icke
1653 734 110 34 hafva
1791 730 108 44 något
1927 732 91 32 emot

410 811 53 32 att
491 807 11 33 i
535 804 186 35 skrifvelse
749 801 55 35 till
831 798 130 44 Kongl.
990 795 109 45 Maj:t
1135 789 141 39 anhålla
1310 801 54 25 om
1392 789 65 35 den
1486 784 212 47 ifrågasatta
1726 780 291 44 utsträckningen

409 859 39 34 af
471 856 149 37 berörda
647 850 257 47 medgifvande,
933 852 65 32 när
1026 847 200 34 densamma
1252 842 156 36 befinnes
1435 841 120 33 kunna
1574 838 61 34 ske
1655 839 85 32 utan
1761 832 173 36 särskilda
1954 831 64 34 och

410 907 203 47 synnerliga
640 903 192 37 kostnader
855 901 54 35 för
936 893 215 55 postverket.

545 957 134 36 Genom
720 959 52 31 ett
810 954 115 34 beslut
964 951 12 34 i
1016 947 156 45 antydda
1211 944 158 45 rigtning
1409 942 112 34 skulle
1558 936 104 38 alltså
1693 934 91 38 båda
1812 936 209 33 kamrarnes

410 1011 215 42 önskningar
665 1005 39 37 så
747 1005 142 45 mycket
928 1012 71 25 som
1039 998 138 46 möjligt
1205 996 108 35 blifva
1340 992 180 46 uppfylda.
1575 988 107 37 Hvad
1711 988 42 34 de
1780 988 111 42 begge
1919 983 100 45 vilja,

408 1063 128 36 blifver
563 1060 40 35 af
626 1058 204 44 Riksdagen
859 1053 187 37 beslutadt.
1090 1049 127 36 Andra
1243 1046 237 35 Kammarens
1508 1042 147 41 önskan,
1685 1042 54 32 att
1759 1036 263 45 medgifvandet

409 1111 110 39 måtte
546 1110 214 43 utsträckas,
795 1105 185 37 framföres
1007 1103 55 35 till
1089 1100 131 44 Kongl.
1249 1097 120 45 Maj:t,
1398 1106 78 24 men
1503 1096 102 43 göres
1632 1089 172 37 beroende
1832 1087 40 36 af
1887 1085 131 45 Kongl.

409 1164 127 45 Maj:ts
576 1161 176 45 pröfning,
782 1169 53 25 om
875 1154 293 43 utsträckningen
1209 1151 72 34 kan
1309 1149 62 35 ske
1398 1150 86 32 utan
1512 1146 42 34 de
1582 1142 203 46 synnerliga
1814 1137 204 43 kostnader,

410 1226 72 24 som
511 1214 39 35 af
574 1212 128 35 Första
730 1209 217 36 Kammaren
974 1205 169 35 befarats.

545 1263 188 37 Utskottet
759 1259 203 36 hemställer
992 1255 128 43 derför,

862 1347 54 32 att
955 1343 200 39 kamrarne,
1196 1337 77 36 med
1313 1331 253 39 frånträdande
1606 1331 40 33 af
1683 1328 76 35 sina
1787 1326 95 34 förra
1910 1324 115 34 beslut

812 1396 76 34 med
917 1392 189 43 anledning
1134 1389 39 35 af
1196 1388 194 35 utskottets
1416 1385 12 33 i
1457 1381 222 36 betänkande
1698 1389 57 24 n:o
1779 1379 55 41 16,
1854 1376 115 44 punkt
1991 1376 31 41 1,

813 1445 124 46 gjorda
975 1441 225 42 hemställan,
1235 1448 48 25 nu
1310 1433 109 38 måtte
1460 1433 54 35 för
1541 1432 54 35 sin
1627 1431 54 35 del
1712 1429 146 42 besluta,
1887 1428 54 32 att
1970 1425 54 34 till

814 1497 22 45 8
867 1498 17 34 1
918 1505 100 25 mom.
1056 1495 17 33 1
1103 1492 39 35 af
1166 1490 118 45 kongl.
1312 1486 235 51 kungörelsen
1574 1484 65 33 den
1672 1483 42 33 11
1744 1479 68 44 maj
1845 1478 93 34 1883
1968 1473 57 37 må

812 1549 101 43 fogas
955 1544 154 45 följande
1137 1542 138 43 tillägg:
1310 1538 56 35 >Å
1392 1536 149 43 tidning,
1569 1544 72 25 som
1667 1532 197 35 utkommer
1890 1527 134 35 mindre

815 1598 74 36 ofta
930 1601 45 31 än
1003 1605 42 25 en
1080 1591 93 48 gång
1200 1592 12 34 i
1239 1591 148 41 veckan,
1415 1585 57 38 må
1498 1583 283 47 prenumeration
1809 1581 62 34 ske
1899 1577 21 36 å
1945 1588 78 24 ena-

815 1649 116 35 handa
971 1647 116 35 vilkor
1125 1643 132 46 jemväl
1297 1641 58 36 vid
1396 1636 213 48 postanstalt
1636 1632 21 37 å
1684 1634 65 34 den
1778 1635 66 38 ort,
1873 1630 61 34 der
1961 1628 62 35 tid-

816 1700 130 44 ningen
974 1695 194 46 utgifves;>

916 1751 91 33 samt
1051 1764 4 1 :

866 1802 15 34 i
904 1799 186 36 skrifvelse
1122 1798 63 33 hos
1217 1794 129 44 Kongl.
1375 1791 110 45 Maj:t
1512 1786 156 45 anhålla,
1698 1789 54 32 att
1779 1792 131 27 samma
1936 1781 89 34 med-

818 1852 167 46 gifvande
1013 1846 66 46 må,
1109 1851 64 32 när
1200 1844 126 37 sädant
1348 1847 86 31 utan
1451 1840 149 36 särskild
1613 1840 85 33 eller
1717 1834 179 46 synnerlig
1914 1835 111 40 tunga

819 1904 55 35 för
904 1901 205 46 postverket
1136 1899 70 34 kan
1235 1897 73 42 ske,
1336 1893 202 36 utsträckas
1564 1890 105 35 äfven
1697 1888 53 35 till
1778 1885 148 43 tidning,
1955 1893 71 24 som

820 1955 197 35 utkommer
1045 1952 104 42 högst
1176 1959 42 24 en
1245 1945 94 47 gång
1366 1946 11 34 i
1405 1944 147 36 veckan.

554 2057 201 36 Stockholm
784 2056 63 35 den
880 2057 41 33 11
952 2053 69 45 maj
1055 2053 106 34 1891.

996 2152 52 37 På
1075 2153 192 35 utskottets
1294 2153 176 41 vägnar:-:

1007 2253 134 37 CARL
1168 2249 261 38 HERSLOW.

850 2383 179 35 Stockholm,
1051 2376 443 40 Associations-Boktryckeriet,
1519 2374 90 29 1891.
