2272 2781
504 225 19 29 4
889 222 247 31 Konstitutions-
1149 216 173 46 Utskottets
1331 220 166 32 Memorial
1519 221 63 31 N:o
1606 222 30 29 J.

466 315 106 32 skulle
606 314 144 38 fortfara,
779 312 167 33 bibehålla
970 311 248 44 ifrågavarande
1242 310 140 33 Utskott
1406 313 107 29 såsom
1537 309 160 44 ständiga.
1744 308 124 33 Vidare
1891 310 175 31 förefinnas

466 379 40 20 en
541 366 121 42 mängd
696 368 36 29 så
766 371 48 25 att
847 371 80 36 säga
961 364 141 43 löpande
1138 363 153 38 ärenden,
1326 362 111 32 hvilka
1466 362 104 42 enligt
1593 362 49 31 sin
1666 366 96 26 natur
1787 361 200 31 återkomma
2013 362 54 30 vid

464 418 112 41 hvarje
614 417 145 42 riksdag,
783 419 106 29 såsom
915 415 245 32 bestämmande
1185 415 34 30 af
1238 413 107 32 Stats-
1372 413 61 32 och
1458 412 320 43 Riksgäldsverkens
1802 412 181 32 inkomster
2007 412 61 31 och

466 469 143 43 utgifter,
644 469 48 31 för
727 467 112 32 hvilka
862 467 159 32 ärendens
1046 466 203 42 behandling
1274 466 38 30 de
1337 465 153 42 ständiga
1513 463 180 32 Utskotten
1719 463 157 32 innebära
1901 463 167 43 åtskilliga

465 522 28 40 ej
519 520 229 42 oväsendtliga
771 519 150 32 fördelar.
969 517 72 33 Och
1068 518 157 42 slutligen
1249 528 96 30 synas
1369 517 95 30 dessa
1487 515 140 32 Utskott
1651 516 50 30 väl
1726 515 126 42 egnade
1877 520 47 25 att
1948 514 120 32 bereda

465 573 102 42 nödig
601 570 283 43 samstämmighet
921 570 120 31 mellan
1065 568 184 32 Kamrarne
1274 568 9 30 i
1308 567 151 32 afseende
1484 569 42 40 på
1549 567 123 31 sådana
1696 566 155 31 ärenden:
1876 566 192 42 statsregle-

465 625 118 41 rings-,
617 622 128 32 banko-
770 622 60 31 och
866 621 320 42 bevillningsfrågor,
1221 619 134 31 hvarom
1391 618 170 32 bestämda
1596 617 108 31 beslut
1739 619 103 29 måste
1871 617 107 37 fattas,
2007 616 62 31 och

467 687 68 19 som
560 675 101 32 sedan
685 674 40 31 de
750 685 39 19 eu
813 676 88 40 gång
925 672 107 32 blifvit
1056 672 117 31 väckta
1198 671 29 41 ej
1252 670 111 31 kunna
1387 669 137 32 förfalla.

608 725 80 32 Men
723 727 42 41 på
800 737 123 19 samma
957 726 88 40 gång
1074 722 370 43 Riksdags-ordningen
1474 722 8 30 i
1511 732 44 20 nu
1584 720 133 43 angifna
1741 720 132 42 omfång
1896 718 175 33 bibehållit

465 778 39 32 de
536 777 153 43 ständiga
712 775 192 38 Utskotten,
928 776 58 31 har
1009 775 63 31 den
1097 774 62 31 ock
1183 779 149 26 närmare
1357 778 39 25 än
1420 773 88 30 förut
1532 772 87 31 skett
1642 770 179 42 begränsat
1844 771 93 30 deras
1962 772 109 28 områ-

467 829 40 31 de
531 829 61 30 och
616 829 124 29 lemnat
763 827 71 31 hela
861 827 54 30 det
940 826 104 41 öfriga
1068 825 93 30 fältet
1186 825 34 29 af
1244 822 298 42 riksdagsärenden
1567 824 30 28 åt
1623 821 39 30 de
1688 820 165 42 tillfälliga
1877 819 182 32 Utskotten

468 878 66 31 Det
557 878 92 32 heter
672 877 166 42 nemligen
863 877 8 30 i
895 875 39 31 37
959 878 12 40 $
996 877 17 29 3
1038 886 95 20 mom.
1160 875 33 30 af
1213 874 107 31 denna
1343 873 165 42 grundlag
1537 877 56 32 att,
1612 872 108 32 derest
1740 872 7 30 i
1762 871 190 43 någondera
1965 869 106 32 Kam-

468 941 110 21 maren
602 930 92 41 fråga
718 929 128 36 väckes,
871 939 68 20 som
965 927 71 31 icke
1062 926 111 31 tillhör
1208 926 39 30 «de
1281 925 151 41 ständiga
1468 923 198 32 Utskottens
1703 922 210 42 behandling,
1938 933 74 19 men
2037 927 34 25 är

468 982 33 29 af
520 979 226 33 beskaffenhet
772 985 46 25 att
845 977 152 33 Utskotts
1021 977 152 42 yttrande
1198 975 150 32 deröfver
1377 975 172 37 erfordras,
1573 974 82 31 skall
1680 974 49 30 för
1753 973 131 42 frågans
1911 972 161 31 beredan-

467 1032 38 31 de
525 1037 45 26 ett
596 1030 158 43 tillfälligt
778 1029 140 33 Utskott
941 1030 89 30 inom
1044 1027 202 31 Kammaren
1271 1026 163 32 tillsättas.
1473 1025 89 32 Inom
1599 1025 39 31 de
1674 1024 165 42 tillfälliga
1872 1023 200 32 Utskottens

468 1082 269 43 verkningskrets
761 1081 77 31 falla
863 1081 96 31 alltså
981 1080 73 31 icke
1079 1078 83 32 blott
1188 1078 62 31 alla
1276 1078 39 31 de
1340 1077 152 36 ärenden,
1527 1087 69 20 som
1631 1076 87 30 förut
1743 1075 127 31 tillhört
1893 1072 178 33 Allmänna

465 1134 161 31 Besvärs-
650 1133 61 31 och
736 1130 358 33 Ekonomi-Utskottet
1119 1129 60 31 och
1209 1128 110 31 hvilka
1333 1139 73 20 man
1430 1128 112 41 plägat
1567 1127 217 31 sammanföra
1808 1125 104 31 under
1936 1124 136 31 benäm-

468 1186 121 41 ningen
614 1183 258 42 önskningsmål,
897 1188 77 25 enär
999 1181 193 41 Riksdagen
1221 1181 7 29 i
1259 1179 151 32 afscende
1435 1181 42 38 på
1501 1178 71 31 dem
1598 1177 115 31 endast
1737 1188 78 30 eger
1838 1176 234 42 petitionsrätt,

468 1247 74 20 men
566 1235 72 31 icke
668 1237 107 39 någon
810 1233 194 32 beslutande
1040 1230 202 43 myndighet,
1277 1235 78 26 utan
1390 1229 62 31 ock
1488 1229 63 31 alla
1587 1228 100 31 andra
1715 1227 123 32 sådana
1863 1227 74 37 mål,
1962 1226 110 31 hvilka

466 1287 73 31 icke
563 1286 223 41 uttryckligen
809 1284 175 31 förklarats
1009 1282 133 32 tillhöra
1166 1282 40 30 de
1235 1281 151 41 ständiga
1411 1279 192 37 Utskotten,
1627 1278 143 31 ärenden
1794 1277 138 31 sålunda
1956 1276 33 30 af
2010 1276 61 30 den

467 1342 96 25 natur
589 1337 78 30 1810
693 1338 49 28 års
767 1333 329 43 Riksdags-ordning
1130 1333 9 29 i
1174 1333 39 30 34
1237 1333 13 40 $
1274 1333 18 29 2
1316 1342 96 20 mom.
1438 1330 149 37 omtalar,
1611 1328 61 32 och
1696 1328 112 31 hvilka
1832 1328 57 31 der
1912 1327 159 31 förklaras

467 1388 111 32 kunna
602 1387 152 31 hänvisas
780 1386 48 30 till
853 1385 125 31 hvilket
1003 1385 33 30 af
1057 1384 40 30 de
1121 1383 152 42 ständiga
1299 1381 181 32 Utskotten
1504 1392 68 20 som
1597 1379 94 32 helst.

612 1437 87 32 Vare
724 1438 49 41 sig
798 1442 47 25 att
870 1448 73 19 man
968 1435 169 31 betraktar
1161 1434 101 30 saken
1298 1444 36 19 ur
1357 1432 210 41 synpunkten
1592 1431 99 36 deraf,
1716 1429 108 31 hvilka
1850 1428 138 31 Utskott
2014 1427 59 31 bö-

468 1501 35 19 ra
527 1500 76 21 vara
628 1488 74 31 bäst
726 1487 127 42 egnade
878 1492 45 25 att
950 1486 160 41 betrygga
1136 1496 37 19 cu
1200 1483 150 42 nöjaktig
1374 1483 177 40 utredning
1576 1482 34 30 af
1630 1481 174 35 ärendena,
1824 1480 80 30 eller
1918 1485 47 24 att
1989 1490 84 24 man,

468 1543 42 40 på
534 1545 64 26 sätt
622 1536 444 35 Konstitutions-Utskottet
1096 1536 9 30 i
1129 1535 133 31 främsta
1297 1539 140 25 rummet
1472 1533 118 41 ålegat,
1614 1532 103 31 håller
1741 1531 51 42 sig
1827 1530 54 30 vid
1915 1529 160 42 grundla-

470 1603 80 31 gens
575 1591 58 31 ord
658 1590 59 31 och
743 1590 63 30 den
831 1589 143 40 mening,
998 1599 68 20 som
1092 1587 34 30 af
1146 1587 72 30 dem
1244 1585 149 42 tydligen
1417 1585 153 41 framgår,
1593 1583 148 30 kommer
1765 1593 75 19 man
1864 1576 210 49 följaktligen

470 1642 48 31 till
544 1642 61 31 den
631 1643 143 34 slutsats,
800 1645 47 25 att
871 1640 48 29 till
944 1638 165 40 tillfälliga
1135 1636 140 32 Utskott
1299 1635 78 32 böra
1402 1635 217 31 öfverlemnas
1645 1633 64 31 alla
1732 1633 120 41 frågor,
1876 1631 112 30 hvilka
2001 1630 73 31 icke

470 1694 81 30 efter
575 1704 38 19 en
639 1697 112 36 sträng
776 1690 151 41 tolkning
951 1691 31 29 at
1005 1688 206 43 grundlagen
1235 1687 110 30 kunna
1370 1686 153 30 hänföras
1552 1684 48 30 till
1630 1684 40 30 de
1699 1683 153 41 ständiga
1875 1681 199 32 Utskottens

471 1743 164 32 bestämdt
658 1741 203 43 begränsade
899 1739 217 32 verksamhet.
1164 1737 65 31 För
1263 1736 298 42 riksdagsarbetets
1597 1734 282 40 ändamålsenliga
1903 1735 87 39 gång
2013 1743 62 18 un-

470 1795 57 30 der
551 1793 188 31 nuvarande
764 1791 228 32 förhållanden
1019 1790 91 30 torde
1135 1790 55 30 det
1214 1787 60 32 ock
1300 1799 75 19 vara
1400 1788 34 29 af
1454 1787 79 42 vigt,
1558 1791 47 25 att
1628 1785 39 30 de
1693 1784 165 41 tillfälliga
1877 1782 198 32 Utskottens

470 1844 209 31 verksamhet
702 1844 9 29 i
736 1843 62 30 den
823 1841 230 41 utsträckning
1076 1839 206 43 grundlagen
1307 1838 181 41 medgifver
1511 1842 92 36 tages
1627 1836 10 29 i
1662 1834 151 42 anspråk.
1860 1833 95 31 Vissa
1982 1832 33 31 af
2036 1832 39 30 de

471 1895 151 42 ständiga
646 1893 180 33 Utskotten
852 1898 55 25 äro
933 1891 164 43 nemligen
1132 1890 101 30 redan
1262 1889 33 31 af
1315 1889 39 30 de
1390 1887 163 32 ordinarie
1587 1886 148 42 göromål
1770 1884 207 43 grundlagen
2003 1884 71 29 dem

473 1947 128 30 anvisar
625 1948 35 28 så
685 1944 200 42 sysselsatta,
910 1949 44 24 att
981 1943 38 30 de
1045 1941 71 31 icke
1141 1947 78 24 utan
1243 1939 211 42 förlängning
1479 1939 32 29 af
1532 1937 208 42 Riksdagens
1754 1946 226 21 sammanvaro
2005 1933 72 30 haf-

472 2008 39 20 va
535 1997 45 30 tid
606 1996 84 41 öfrig
712 1995 50 31 för
786 1994 177 41 utredning
987 1993 34 30 af
1041 1992 121 31 sådana
1193 1991 152 31 stundom
1375 1989 126 42 ganska
1531 1987 201 32 omfattande
1757 1986 76 37 mål,
1856 1985 113 30 hvilka
1993 1984 84 30 min-

472 2048 55 30 dre
553 2047 65 31 afse
643 2046 140 42 ändring
807 2046 8 29 i
841 2043 178 32 bestående
1048 2042 227 31 förhållanden
1311 2043 42 39 på
1389 2041 78 30 visst
1501 2038 170 43 uppgifvet
1707 2043 64 25 sätt
1805 2036 62 31 och
1891 2036 104 41 enligt
2019 2034 58 31 be-

472 2098 121 30 stämdt
616 2096 214 32 formuleradt
853 2096 133 40 förslag,
1011 2100 40 25 än
1086 2098 46 26 att
1168 2092 225 31 åstadkomma
1418 2095 46 27 ett
1489 2090 135 30 allmänt
1647 2088 170 31 uttalande
1840 2087 70 30 från
1934 2085 144 32 Riksda-

472 2160 79 31 gens
576 2149 71 30 sida
672 2148 50 30 till
745 2148 126 29 förmån
895 2146 49 30 för
968 2157 39 19 en
1036 2145 64 30 viss
1135 2143 185 42 grundsats,
1356 2143 62 29 den
1452 2152 75 19 man
1563 2139 119 32 önskar
1718 2145 47 24 att
1789 2138 210 41 Regeringen
2024 2135 54 30 vid

471 2204 194 37 utör.ingen
692 2198 34 31 af
746 2198 49 31 sin
819 2196 154 42 styrande
998 2195 78 31 eller
1100 2193 212 43 lagstiftande
1337 2191 191 42 myndighet
1553 2193 100 28 måtte
1677 2189 88 41 följa.
1810 2188 68 31 För
1901 2188 177 30 sistnämn-

472 2251 41 30 da
537 2251 71 41 slag
633 2250 34 30 af
689 2248 142 32 ärenden
857 2258 95 31 synes
977 2247 146 31 deremot
1158 2245 62 31 den
1249 2243 184 32 successiva
1469 2241 243 42 behandlingen
1748 2240 119 31 mellan
1891 2237 185 31 Kamrarne

473 2302 80 30 efter
576 2300 238 41 förberedning
840 2299 33 30 af
894 2298 85 31 inom
1005 2297 112 40 hvarje
1141 2295 180 31 Kammare
1351 2294 138 31 tillsatta
1513 2292 166 41 tillfälliga
1703 2290 140 32 Utskott
1866 2288 211 42 synnerligen

472 2352 49 32 väl
549 2351 115 42 egnad.
714 2350 51 42 Ty
785 2351 36 39 ju
847 2355 149 25 närmare
1026 2346 215 42 möjligheten
1276 2346 105 41 ligger
1416 2344 49 30 till
1488 2343 104 31 hands
1628 2347 47 26 att
1713 2342 9 29 i
1746 2340 251 43 principfrågor,
2022 2338 57 30 der

1902 2400 76 20 man
