1902 2837
291 180 35 30 10
641 180 115 40 Tredje
772 180 214 40 lagutskottets
1002 179 161 31 utlåtande
1181 191 36 19 nr
1233 180 39 31 23
1289 179 34 31 år
1342 179 76 31 1967

290 261 99 40 Maj:t
406 261 166 31 förordnar
587 261 49 31 får
651 262 146 30 meddela
812 262 231 30 bestämmelser
1059 262 102 30 därest
1179 262 198 30 beträffande
1393 262 73 30 visst
1483 262 113 30 fordon
1613 261 74 30 eller
1702 262 71 29 visst

288 317 65 39 slag
369 327 38 20 av
424 317 113 29 fordon
554 317 164 40 undantag
734 317 10 29 i
761 317 118 30 särskilt
896 317 176 30 hänseende
1090 317 99 30 finnes
1205 327 77 20 vara
1299 316 138 40 påkallat
1454 316 71 31 från
1542 316 94 31 VTF.

330 371 43 30 På
392 372 57 29 sikt
468 372 58 29 bör
544 372 91 30 också
655 372 231 39 svårigheterna
906 372 49 30 för
974 372 38 30 de
1032 371 244 40 handikappade
1297 371 121 30 minska
1436 382 113 29 genom
1569 378 46 23 att
1635 371 59 30 fler
1713 382 60 29 nya

287 426 294 40 parkeringsplatser
605 426 48 30 för
677 426 272 30 invalidfordonen
973 426 141 30 kommer
1138 426 45 30 till
1207 426 99 30 stånd.
1333 426 104 39 Enligt
1460 426 161 30 utskottets
1646 426 127 39 mening

288 481 56 29 bör
364 481 52 30 det
436 492 75 19 vara
531 492 38 18 en
591 481 171 39 angelägen
783 481 124 39 uppgift
929 481 48 29 för
996 481 228 29 kommunerna
1246 487 45 23 att
1314 479 76 31 tillse
1412 487 45 23 att
1479 480 295 40 parkeringsplatser

287 536 246 39 iordningställes
549 536 59 29 och
625 546 167 20 reserveras
808 536 48 29 för
870 536 38 29 de
924 535 252 40 handikappade.

328 591 72 29 Vad
422 590 137 30 härefter
579 590 96 39 gäller
696 591 38 29 de
756 590 258 39 handikappades
1034 589 198 40 möjligheter
1253 596 46 23 att
1320 589 137 40 utnyttja
1477 589 166 30 kollektiva
1665 588 105 31 trafik-

287 645 101 30 medel
407 646 141 29 kommer
566 645 196 39 övergången
783 645 44 29 till
847 644 190 40 högertrafik
1057 651 45 23 att
1122 644 68 30 föra
1209 644 73 30 med
1301 643 44 40 sig
1363 644 58 30 viss
1441 643 187 40 förbättring
1646 642 124 31 härvid-

286 701 58 38 lag.
366 700 104 39 Enligt
491 699 430 40 högertrafikkommissionen
944 699 129 30 innebär
1094 699 157 39 nämligen
1274 698 228 40 anpassningen
1523 709 39 19 av
1581 698 190 39 bussparken

287 755 45 30 till
349 754 190 40 högertrafik
558 761 45 23 att
621 765 38 19 en
677 754 115 38 ganska
810 760 62 23 stor
889 754 49 29 del
956 764 39 20 av
1013 754 52 29 det
1084 753 85 30 äldre
1187 753 162 30 beståndet
1367 752 58 30 slås
1443 759 33 23 ut
1495 753 60 29 och
1573 754 106 28 ersätts
1698 752 72 29 med

286 820 59 29 nya
363 810 107 29 bussar
487 820 39 19 av
544 809 195 37 modernare,
758 819 85 19 mera
862 807 289 40 handikappvänlig
1170 814 62 33 typ.
1252 807 161 30 Utskottet
1431 807 217 39 understryker
1666 806 104 30 vikten

286 875 38 17 av
345 870 46 22 att
411 863 218 38 utvecklingen
650 871 66 21 mot
738 863 81 28 ökad
841 862 229 38 bekvämlighet
1092 862 49 29 för
1162 862 39 29 de
1223 861 282 30 rörelsehämmade
1528 861 157 29 fortsätter
1707 861 64 29 inte

283 917 76 29 bara
380 916 61 30 vad
463 916 96 39 gäller
579 916 149 29 bussarna
749 921 76 24 utan
847 914 198 30 beträffande
1067 914 38 30 de
1125 913 167 30 kollektiva
1314 913 219 30 trafikmedlen
1555 915 74 28 över
1650 913 118 29 huvud.

285 971 112 39 Någon
420 971 126 30 särskild
571 970 109 38 åtgärd
705 970 68 30 från
798 970 175 39 riksdagens
996 969 67 30 sida
1085 979 85 29 synes
1193 969 79 30 dock
1295 969 64 30 inte
1381 979 76 19 vara
1480 968 147 40 påkallad
1651 968 10 29 i
1684 968 86 30 detta

284 1026 236 38 sammanhang.

327 1079 41 31 På
383 1080 100 37 grund
500 1090 37 19 av
552 1079 61 30 vad
628 1079 131 29 sålunda
774 1078 117 30 anförts
906 1077 48 31 får
968 1078 148 29 utskottet
1130 1076 173 38 hemställa,

644 1140 45 23 att
709 1133 205 30 förevarande
933 1132 162 36 motioner,
1116 1132 88 29 I1:641
1227 1131 60 30 och
1306 1131 47 30 II:
1374 1131 69 37 310,
1462 1130 66 30 icke
1547 1130 98 30 måtte
1665 1130 103 30 föran-

602 1188 68 29 leda
688 1187 102 39 någon
808 1187 175 38 riksdagens
1000 1186 118 39 åtgärd.

324 1297 181 30 Stockholm
523 1297 60 29 den
602 1297 37 29 30
656 1306 82 19 mars
759 1295 75 30 1967

748 1401 42 31 På
810 1401 99 39 tredje
929 1401 213 39 lagutskottets
1162 1402 134 37 vägnar:

779 1510 108 29 ERIK
911 1509 354 30 ALEXANDERSON

324 1746 61 29 Vid
400 1746 85 29 detta
500 1746 130 29 ärendes
645 1745 190 38 behandling
851 1745 56 29 har
922 1744 153 30 närvarit:

321 1817 70 30 från
407 1818 147 29 första
570 1818 195 29 kammaren:
783 1817 107 29 herrar
906 1817 242 36 Alexanderson,
1165 1816 108 30 Göran
1290 1816 158 36 Karlsson,
1467 1816 114 29 Svante
1599 1816 166 29 Kristians-

279 1874 64 26 son,
359 1863 72 29 Erik
446 1863 141 38 Jansson,
603 1860 145 39 Åkesson,
764 1862 169 39 Lidgard”,
950 1861 49 30 fru
1014 1861 167 39 Landberg
1196 1861 60 29 och
1272 1861 72 29 herr
1360 1860 134 37 Fälldin;

320 1925 70 31 från
406 1936 49 19 an
469 1926 77 29 dra
560 1926 196 29 kammaren:
772 1925 107 29 herrar
893 1924 174 40 Johansson
1082 1924 9 29 i
1106 1924 97 40 Torp,
1219 1923 155 40 Nyberg”,
1390 1923 50 29 fru
1456 1923 186 37 Torbrink”,
1659 1924 106 29 herrar

279 1971 161 37 Sundelin,
456 1972 102 35 From,
575 1971 240 38 Hammarberg,
830 1970 140 39 Josefson
985 1970 10 29 i
1010 1969 109 29 Arrie"
1134 1969 59 29 och
1209 1969 209 29 Krönmark”.

279 2062 29 31 +)
334 2061 31 32 Ej
384 2061 170 25 närvarande
569 2061 46 25 vid
631 2060 167 26 utlåtandets
814 2061 139 31 justering.
