1900 2774
295 157 41 30 14
637 154 296 34 Statsutskottets
950 155 185 34 utlåtande
1152 169 42 20 nr
1212 158 62 31 131
1296 157 39 32 år
1352 158 89 31 1960

297 244 47 22 nu
363 233 204 42 tillämpade
585 234 229 34 ekonomiska
832 235 292 33 behovskriterier
1141 235 72 33 kan
1232 235 240 43 stipendieras.
1491 236 121 42 Enligt
1630 237 154 42 garanti-

298 277 274 35 lånenämndens
601 278 233 43 beräkningar
862 280 111 33 skulle
1001 292 43 21 en
1072 280 150 33 sålunda
1249 280 173 42 utvidgad
1451 280 251 43 stipendiering
1730 281 54 34 för

297 323 220 33 närvarande
535 322 37 34 få
590 323 53 33 till
662 322 100 43 följd,
781 328 54 29 att
853 328 44 29 47
916 330 145 36 procent
1080 337 45 21 av
1144 337 44 21 en
1207 325 131 42 årgång
1356 325 230 42 nyinskrivna
1605 327 110 33 skulle
1736 327 47 33 bli

297 365 406 44 stipendieberättigade.
722 368 210 33 Kostnaden
952 368 53 34 för
1025 368 268 43 ifrågavarande
1314 369 210 43 utvidgning
1545 370 172 34 beräknas
1738 383 46 21 av

299 411 175 33 nämnden
491 412 53 33 för
561 415 105 30 nästa
683 412 171 42 budgetår
872 413 52 33 till
943 417 19 29 3
977 417 65 30 400
1057 417 65 30 000
1140 414 140 33 kronor.
1298 414 223 34 Verkställda
1539 415 245 41 beräkningar,

297 466 74 21 som
388 455 109 34 delvis
514 456 130 34 utförts
661 456 47 42 på
724 457 171 42 grundval
913 470 45 21 av
974 463 82 37 nytt
1073 457 161 34 material
1250 458 147 33 rörande
1415 459 368 42 betygsfördelningen

296 498 96 35 inom
417 499 93 34 olika
535 501 328 42 studentårgångar,
889 502 182 42 bestyrker
1096 503 11 33 i
1133 507 91 29 stort
1250 507 70 29 sett
1346 503 59 33 det
1430 504 149 33 resultat
1604 505 179 32 nämnden

296 542 150 36 kommit
464 545 51 33 till
534 546 149 32 rörande
703 545 336 42 stipendiebehovet.
1058 547 81 33 Den
1159 559 46 21 av
1223 547 178 34 nämnden
1420 547 248 35 framräknade
1686 549 97 33 kost-

296 588 115 34 naden
430 590 100 33 torde
548 589 93 42 ligga
660 590 109 42 något
788 591 10 33 i
818 591 173 33 överkant
1009 591 66 34 och
1094 603 103 30 synes
1218 591 118 34 därför
1356 595 89 30 även
1465 592 122 33 kunna
1607 593 176 40 inrymma

296 632 60 34 det
378 633 112 34 ökade
512 634 260 40 medelsbehov,
795 647 74 21 som
890 635 158 33 kommer
1071 641 55 28 att
1148 636 48 33 bli
1220 635 131 43 följden
1374 648 46 22 av
1442 637 67 33 den
1532 637 252 42 stipendiering

298 688 44 23 av
370 678 41 33 de
438 678 213 34 studerande
678 679 60 33 vid
764 679 226 43 jordbrukets
1015 680 198 42 högskolor,
1239 693 122 21 varom
1387 681 60 42 jag
1474 693 100 21 avser
1601 686 56 28 att
1683 682 11 33 i
1722 682 60 33 det

295 720 155 43 följande
474 721 195 44 framlägga
692 723 139 43 förslag.

339 778 68 34 Vid
429 778 75 33 sina
524 777 234 43 beräkningar
778 790 45 21 av
843 778 62 33 det
925 778 265 42 sammanlagda
1210 778 286 33 medelsbebhovet
1516 778 53 33 till
1590 779 191 32 naturasti-

294 823 144 42 pendier
452 826 103 30 nästa
570 823 176 42 budgetår
760 822 63 33 har
837 822 398 43 garantilånenämnden
1251 823 121 42 utgått
1387 822 78 34 från
1481 827 53 29 ett
1550 823 231 42 genomsnitt-

295 868 62 41 ligt
382 867 127 42 belopp
532 879 61 31 per
617 867 215 42 stipendium
857 879 46 21 av
926 870 100 31 2450
1050 867 140 34 kronor.
1214 867 190 34 Nämnden
1428 867 64 33 har
1515 868 11 32 i
1550 867 111 34 första
1685 867 95 34 hand

294 912 128 33 räknat
445 912 80 33 med
549 915 19 30 7
583 915 67 30 940
665 915 66 30 000
753 911 139 40 kronor,
916 912 171 33 avseende
1111 915 19 30 3
1146 915 67 30 240
1236 911 169 34 fortsatta
1427 911 201 43 stipendier.
1652 912 128 34 Vidare

293 956 64 33 har
375 956 178 33 nämnden
573 956 61 34 vid
655 956 52 33 sin
728 956 192 42 beräkning
940 968 45 21 av
1004 956 239 33 kostnaderna
1262 955 54 34 för
1335 968 43 21 en
1399 956 172 42 utvidgad
1592 956 188 43 stipendie-

294 1000 76 42 ring
384 1000 152 34 kommit
551 1000 92 33 fram
660 1001 53 32 till
730 1005 55 29 att
801 1005 52 29 ett
870 1000 128 43 belopp
1014 1013 45 21 av
1077 1004 19 30 8
1111 1004 66 30 860
1192 1004 67 30 000
1275 1000 128 34 kronor
1419 1000 172 34 erfordras
1609 1000 53 34 för
1679 1004 19 30 3
1714 1004 67 30 620

293 1056 71 30 nya
382 1045 200 42 stipendier.
612 1045 125 33 Härav
754 1045 169 39 kommer,
942 1057 74 21 som
1034 1044 96 34 förut
1148 1048 155 36 nämnts,
1321 1057 43 21 en
1383 1045 174 42 sänkning
1575 1057 45 21 av
1639 1045 140 42 betygs-

293 1089 126 33 kravet
444 1093 56 30 att
523 1089 159 33 medföra
707 1101 42 21 en
774 1089 92 34 ökad
891 1089 153 34 kostnad
1069 1101 45 21 av
1140 1093 19 29 3
1174 1092 66 30 400
1255 1093 65 30 000
1345 1089 139 34 kronor.
1520 1089 154 34 Jämfört
1699 1090 81 33 med

294 1134 237 33 innevarande
562 1133 174 42 budgetår
766 1134 146 33 innebär
941 1134 415 42 garantilånenämndens
1387 1133 140 43 förslag,
1558 1139 56 28 att
1645 1135 135 32 antalet

293 1190 71 29 nya
388 1178 190 42 stipendier
603 1178 110 33 skulle
737 1178 143 33 komma
905 1182 55 29 att
985 1178 67 33 öka
1075 1178 81 33 med
1181 1178 106 42 drygt
1313 1182 15 29 1
1346 1182 77 35 700,
1449 1190 109 21 varav
1583 1179 105 42 drygt
1713 1182 68 30 300

292 1222 175 34 föranleds
492 1234 45 21 av
560 1223 300 33 studentantalets
884 1222 131 43 ökning
1037 1222 66 34 och
1127 1223 203 33 återstoden
1354 1235 45 20 av
1423 1223 66 33 den
1514 1222 186 34 förordade
1723 1228 56 28 ut-

293 1267 213 42 vidgningen
523 1279 46 21 av
585 1267 307 42 stipendieringen.

337 1318 100 35 Även
456 1319 77 34 SFS
552 1320 65 33 har
635 1320 10 33 i
665 1320 52 33 sin
737 1320 163 34 skrivelse
920 1321 120 42 utgått
1059 1320 78 34 från
1156 1332 44 21 en
1219 1320 174 43 sänkning
1412 1333 45 21 av
1475 1320 232 34 meritkravet
1725 1321 53 33 till

291 1362 54 35 Ba
364 1365 11 33 i
395 1364 281 42 genomsnittligt
696 1365 265 42 studentbetyg.
980 1385 46 4 —

334 1409 67 34 Ett
425 1408 115 34 flertal
564 1409 347 34 studentstatistiska
936 1409 301 42 undersökningar
1260 1409 64 33 har
1348 1409 89 42 givit
1461 1410 59 33 vid
1545 1410 152 39 handen,
1723 1414 56 29 att

289 1454 117 41 någon
430 1454 199 42 avgörande
653 1453 150 34 skillnad
826 1454 11 33 i
861 1453 461 43 studieförutsättningarna
1346 1454 75 34 icke
1445 1454 181 43 föreligger
1649 1455 129 33 mellan

291 1498 20 33 å
330 1510 65 21 ena
415 1498 100 33 sidan
535 1498 68 33 den
622 1510 114 30 grupp
757 1498 193 39 studenter,
970 1510 74 22 som
1064 1498 64 34 har
1147 1503 54 29 ett
1220 1499 281 42 genomsnittligt
1521 1499 258 42 studentbetyg

291 1554 45 21 av
356 1545 168 36 3,0—3,4,
543 1542 66 34 och
630 1543 21 33 å
671 1543 110 33 andra
800 1543 99 33 sidan
921 1543 66 33 den
1008 1555 123 30 grupp,
1152 1555 76 21 som
1247 1543 64 33 har
1330 1547 53 29 ett
1402 1544 282 42 genomsnittligt
1704 1548 74 28 stu-

290 1587 197 42 dentbetyg
509 1599 45 21 av
577 1591 169 35 3,5—3,9.
770 1586 497 35 Studieavbrottsfrekvensen
1291 1592 93 29 samt
1406 1588 310 33 studieresultaten
1741 1591 39 30 är

290 1632 149 32 sålunda
456 1631 10 33 i
484 1635 89 30 stort
592 1635 71 29 sett
681 1631 72 34 lika
769 1631 53 34 för
839 1632 42 33 de
900 1632 94 33 båda
1011 1643 209 31 grupperna.
1238 1632 80 33 Den
1337 1644 45 21 av
1399 1633 206 33 nuvarande
1624 1633 154 41 anslags-

289 1676 197 42 tilldelning
511 1676 189 42 betingade
726 1676 253 42 meritgränsen
1006 1680 204 39 utestänger
1235 1676 220 43 följaktligen
1482 1681 53 29 ett
1562 1681 91 29 stort
1680 1677 97 33 antal

290 1720 278 43 studielämpade
586 1721 185 33 studenter
786 1721 78 33 från
880 1720 227 43 möjligheten
1125 1725 56 29 att
1197 1721 132 33 erhålla
1345 1721 319 43 statsstipendium.
1681 1721 96 33 Den-

288 1776 47 22 na
358 1765 264 42 omständighet
646 1765 10 33 i
681 1764 158 44 förening
860 1765 82 34 med
966 1765 298 43 angelägenheten
1289 1777 45 21 av
1358 1770 55 29 att
1437 1765 262 43 rekryteringen
1724 1766 52 33 till

289 1808 105 43 högre
412 1809 133 34 studier
562 1809 76 34 icke
656 1809 160 34 hämmas
836 1822 45 21 av
898 1810 228 33 ekonomiska
1144 1810 76 33 skäl
1238 1810 91 33 talar
1346 1810 109 42 enligt
1472 1810 73 33 min
1563 1810 143 43 mening
1723 1810 55 34 för

288 1865 43 21 en
350 1854 211 42 utvidgning
579 1866 46 21 av
644 1854 295 43 stipendieringen
958 1855 52 33 till
1029 1859 56 29 att
1102 1855 11 32 i
1131 1855 137 42 princip
1287 1854 153 34 omfatta
1459 1855 163 42 samtliga
1641 1855 42 33 de
1703 1860 74 28 stu-

288 1898 164 39 derande,
472 1910 74 22 som
566 1898 178 43 uppfyller
763 1899 42 33 de
824 1911 48 21 nu
892 1899 205 42 tillämpade
1117 1899 267 33 behovskraven
1404 1899 65 34 och
1490 1911 75 22 som
1584 1900 64 32 har
1667 1900 109 32 minst

287 1942 54 33 Ba
369 1942 83 42 (3,0)
481 1943 10 33 i
515 1943 281 42 genomsnittligt
821 1943 256 42 studentbetyg
1100 1944 82 32 eller
1206 1943 161 34 häremot
1392 1944 172 33 svarande
1588 1944 188 33 kvalifika-

287 1987 114 33 tioner
424 1987 54 33 för
500 1987 67 33 den
590 1999 76 22 som
690 1987 75 33 icke
789 1988 119 42 avlagt
932 1988 304 33 studentexamen.
1259 1988 68 33 Vid
1350 1989 205 32 nuvarande
1579 1988 198 42 fördelning

288 2043 46 21 av
361 2031 43 33 de
433 2031 213 34 studerande
674 2033 47 41 på
749 2032 111 33 skilda
889 2032 309 42 inkomstgrupper
1226 2033 99 33 torde
1354 2045 42 21 en
1425 2033 110 33 sådan
1564 2033 213 42 utvidgning

286 2075 123 33 kunna
429 2076 276 39 åstadkommas,
726 2088 58 21 om
804 2079 43 31 47
868 2081 146 38 procent
1035 2088 44 22 av
1100 2089 42 21 en
1165 2077 131 42 årgång
1316 2077 211 34 studerande
1548 2077 145 33 erhåller
1715 2078 58 32 sti-

286 2120 179 42 pendium.
486 2119 84 34 Sker
590 2133 44 21 en
654 2121 202 41 ytterligare
876 2121 197 42 breddning
1092 2133 46 21 av
1157 2121 443 43 rekryteringsunderlaget
1620 2122 52 33 till
1694 2121 81 34 eko-

287 2163 156 34 nomiskt
472 2165 136 32 mindre
639 2164 217 43 bärkraftiga
887 2165 294 42 samhällsgrpper
1210 2166 159 33 kommer
1398 2178 158 30 gruppen
1587 2166 188 42 stipendie-

287 2208 220 43 berättigade
529 2209 192 42 självfallet
743 2214 55 29 att
818 2209 78 34 öka.
918 2209 68 34 För
1008 2210 42 33 de
1071 2213 178 30 närmaste
1272 2211 81 33 åren
1375 2210 112 34 finner
1508 2210 60 43 jag
1589 2211 60 33 det
1672 2223 101 30 ange-

286 2253 103 42 läget,
409 2257 55 29 att
482 2265 42 22 en
544 2254 252 42 stipendiering
813 2265 44 21 av
877 2254 161 43 omkring
1055 2257 44 30 47
1118 2260 146 37 procent
1283 2267 45 21 av
1347 2255 42 33 de
1408 2255 212 34 studerande
1640 2267 133 21 succes-

287 2297 70 34 sivt
372 2297 229 42 genomföres.
619 2298 158 33 Därmed
794 2303 97 37 tages
909 2299 102 33 alltså
1028 2303 52 29 ett
1096 2299 145 42 mycket
1258 2304 89 28 stort
1364 2304 75 37 steg
1455 2300 10 32 i
1482 2299 93 42 syfte
1591 2304 56 28 att
1662 2304 112 38 ytter-

286 2342 105 42 ligare
409 2342 276 34 demokratisera
702 2342 487 43 utbildningsmöjligheterna
1207 2343 10 33 i
1236 2344 79 32 vårt
1333 2344 93 33 land.

332 2389 427 34 Garantilånenämndens
786 2389 129 43 förslag
940 2390 156 39 innebär,
1123 2395 56 28 att
1206 2391 21 32 å
1252 2402 66 22 ena
1344 2391 99 33 sidan
1471 2390 145 34 fortsatt
1643 2390 131 42 stipen-

285 2434 97 33 dium
409 2434 111 33 under
545 2434 128 34 läsåret
701 2434 152 42 1960/61
883 2434 147 42 beviljas
1057 2435 68 33 alla
1151 2435 118 33 därtill
1296 2435 219 42 berättigade
1542 2435 232 42 stipendiater

286 2483 93 28 samt
401 2482 55 29 att
478 2478 19 33 å
519 2478 111 34 andra
651 2478 101 34 sidan
773 2490 71 30 nya
864 2479 191 42 stipendier
1076 2479 174 33 beräknas
1271 2479 54 33 för
1345 2482 44 30 47
1410 2483 147 39 procent
1578 2491 45 21 av
1645 2479 42 33 de
1709 2491 64 30 ny-
