1882 2844
281 168 34 30 10
758 171 226 28 Statsutskottets
1008 172 145 27 utlåtande
1176 172 48 27 Nr
1249 173 45 28 74.

276 244 51 41 sig
361 246 79 30 över
474 245 260 41 promemorian.
781 246 28 31 ÅA
843 246 104 31 andra
976 245 97 32 sidan
1101 246 85 31 hava
1212 246 11 31 i
1246 246 92 32 vissa
1363 246 183 41 yttranden
1571 247 69 30 mot
1659 246 113 31 försla-

275 289 55 38 get
353 287 200 32 framställts
576 288 217 41 principiella
815 288 256 41 invändningar,
1095 288 90 31 vilka
1209 288 97 32 torde
1328 288 147 41 förtjäna
1498 288 199 32 beaktande.

328 328 65 32 Till
428 340 42 20 en
504 329 119 41 början
658 330 61 31 har
750 330 142 32 sålunda
915 331 182 38 anmärkts,
1122 333 49 29 att
1195 330 236 41 anordningen
1454 331 135 30 komme
1612 332 50 29 att
1685 330 88 32 med-

276 372 80 36 föra,
380 373 50 29 att
464 372 75 37 alla,
575 372 51 31 för
648 372 90 31 vilka
761 373 195 31 inkomsten
980 373 208 41 understigit
1212 373 57 31 det
1293 375 113 29 såsom
1430 372 242 41 maximigräns
1695 373 78 31 fast-

277 413 116 41 slagna
417 414 173 41 beloppet,
616 414 109 32 skulle
749 426 82 20 anse
856 415 51 41 sig
930 417 62 39 äga
1015 417 66 29 rätt
1104 415 52 31 till
1181 415 198 31 understöd.
1418 415 123 31 Denna
1561 415 212 40 invändning

275 456 104 40 gäller
413 456 154 41 tydligen
600 456 10 31 i
644 457 94 41 fråga
772 468 54 20 om
860 457 91 41 varje
978 457 240 41 maximiregel,
1244 457 194 31 oberoende
1461 468 40 20 av
1524 457 88 31 huru
1636 457 66 31 den
1726 459 47 29 ut-

276 499 133 30 formas.
456 498 18 31 I
508 498 63 31 och
604 499 52 31 för
690 499 53 41 sig
777 501 36 29 är
846 499 57 31 det
937 499 192 41 naturligen
1153 499 75 31 icke
1251 511 40 19 av
1314 501 113 39 någon
1450 501 111 30 större
1584 499 187 42 betydelse,

275 540 111 31 vilken
410 540 221 42 uppfattning
647 541 42 31 de
714 541 155 31 enskilda
893 541 196 32 sökandena
1111 542 94 31 hava.
1252 542 81 30 Men
1357 552 92 20 mera
1464 541 176 41 betänklig
1657 541 118 31 ställer

277 582 50 41 sig
361 582 113 39 saken,
511 594 54 20 om
600 594 40 20 en
674 583 163 31 liknande
860 583 220 42 uppfattning
1104 584 110 31 skulle
1237 583 103 31 vinna
1362 583 114 42 insteg
1497 583 124 42 jämväl
1644 583 64 32 hos
1732 583 42 31 de

276 624 172 41 prövande
483 625 292 41 myndigheterna.
821 626 17 30 I
871 626 252 41 promemorian
1157 626 61 31 har
1252 626 141 31 uttalats
1417 626 92 31 vissa
1532 626 157 40 farhågor
1712 626 61 37 för,

277 668 48 29 att
349 669 37 28 så
410 667 110 31 skulle
543 667 90 31 bliva
656 668 104 37 fallet,
786 670 49 29 att
858 668 77 31 med
958 668 106 31 andra
1087 668 62 31 ord
1172 668 58 31 det
1254 670 93 29 stora
1369 668 147 31 flertalet
1532 668 240 40 ansökningar,

277 708 211 33 beträffande
521 709 89 31 vilka
643 710 300 31 maximisiffrorna
977 710 28 41 ej
1032 712 174 40 uppnåtts,
1230 710 135 31 komme
1388 712 50 29 att
1461 712 82 29 utan
1567 712 112 39 någon
1703 712 71 29 när-

276 762 90 20 mare
389 751 170 41 prövning
581 752 153 41 beviljas.
781 752 52 31 En
856 752 223 42 länsstyrelse
1101 752 61 31 har
1185 752 103 31 också
1309 752 177 38 vitsordat,
1511 754 50 29 att
1583 752 58 41 fog
1663 752 111 31 finnes

276 794 51 30 för
360 793 102 32 dessa
495 794 164 41 farhågor.
706 794 69 31 Det
809 797 35 28 är
878 794 133 42 tydligt,
1046 796 49 29 att
1123 806 54 19 om
1205 794 240 41 utvecklingen
1467 795 136 30 komme
1626 796 50 29 att
1698 794 75 41 gå
1754 789 23 51 i

277 836 111 31 denna
411 836 162 41 riktning,
597 836 76 31 hela
697 836 237 42 anordningen
959 837 109 31 skulle
1090 848 78 20 vara
1192 837 214 41 väsentligen
1422 836 154 31 förfelad.
1600 836 175 31 Måhända

277 878 108 31 skulle
430 889 42 20 en
517 881 103 38 något
664 879 131 31 ändrad
838 879 222 41 formulering
1093 890 39 20 av
1167 879 42 31 de
1243 879 193 41 föreslagna
1469 878 307 32 bestämmelserna

276 920 114 31 kunna
422 920 143 42 bidraga
598 921 52 31 till
684 923 51 29 att
768 921 123 31 hindra
925 932 41 20 en
1001 921 105 31 sådan
1133 921 205 41 utveckling.
1383 921 82 31 Men
1489 921 108 41 själva
1619 921 156 31 formule-

276 962 118 41 ringen
429 962 99 32 torde
562 974 66 30 nog
663 963 10 31 i
708 963 95 31 detta
836 963 196 32 hänseende
1066 964 96 41 spela
1196 974 41 20 en
1261 963 244 31 underordnad
1528 963 73 31 roll.
1647 963 69 31 Det
1739 964 37 30 är

277 1004 275 42 maximiregelns
584 1005 148 32 faktiska
756 1005 159 39 existens,
941 1017 73 20 som
1038 1017 78 20 man
1139 1007 152 30 närmast
1314 1005 61 31 har
1398 1007 49 29 att
1470 1005 106 31 räkna
1598 1005 87 38 med,
1711 1005 63 31 och

275 1048 48 30 att
347 1047 112 31 denna
483 1047 109 31 skulle
614 1048 137 31 komma
774 1049 50 30 att
847 1047 151 32 medföra
1022 1059 40 20 en
1086 1047 70 32 viss
1180 1047 146 32 tendens
1350 1047 53 31 till
1419 1047 231 41 förskjutning
1668 1049 106 39 uppåt

277 1089 57 31 vid
357 1089 356 42 behovsprövningen,
740 1090 98 31 torde
861 1101 67 30 nog
951 1090 32 31 få
1007 1101 100 20 anses
1131 1089 252 42 ofrånkomligt.

328 1131 177 42 Viktigare
529 1143 100 30 synes
653 1132 70 41 mig
748 1132 189 31 emellertid
961 1132 66 31 den
1051 1132 105 31 andra
1179 1132 218 41 principiella
1412 1131 257 41 invändningen
1686 1142 88 22 vara,

276 1185 71 20 som
381 1174 202 31 framställts
616 1176 71 29 mot
721 1174 171 41 förslaget,
927 1174 172 41 nämligen
1133 1176 50 29 att
1217 1174 66 31 den
1316 1173 247 42 värnpliktiges
1586 1173 191 31 inkomster

276 1216 105 41 enligt
414 1218 92 29 årets
540 1217 162 40 taxering,
728 1216 30 31 d.
783 1228 27 20 v.
836 1228 25 19 s.
896 1216 109 31 under
1039 1216 56 31 det
1129 1216 205 41 föregående
1369 1217 80 37 året,
1485 1218 43 39 på
1552 1218 49 29 ett
1625 1215 151 41 ensidigt

277 1260 66 29 sätt
377 1258 133 41 skjutas
543 1258 11 31 i
588 1258 219 41 förgrunden.
852 1258 212 41 Visserligen
1091 1259 50 31 får
1165 1259 176 37 erkännas,
1366 1260 49 29 att
1439 1270 78 19 man
1541 1258 11 31 1
1576 1257 199 41 taxeringen

275 1301 60 30 har
369 1312 41 19 en
445 1301 68 30 fast
547 1301 62 30 och
643 1300 153 42 påtaglig
830 1300 255 42 omständighet
1119 1302 49 29 att
1202 1301 91 30 hålla
1317 1300 51 41 sig
1391 1300 63 37 till,
1479 1300 63 31 och
1566 1301 50 30 att
1639 1300 58 31 det
1719 1299 58 31 vid

277 1342 268 42 uppbyggandet
579 1354 38 20 av
645 1345 49 29 ett
717 1344 229 40 normsystem
971 1344 36 29 är
1031 1354 41 20 en
1095 1342 99 41 given
1218 1342 118 37 fördel,
1362 1342 169 31 måhända
1554 1341 221 40 nödvändigt,

276 1387 49 29 att
358 1387 62 39 äga
455 1396 41 20 en
528 1385 93 41 dylik
643 1385 68 31 fast
733 1384 267 42 utgångspunkt.
1047 1385 50 31 Ur
1120 1384 113 31 denna
1257 1384 175 42 synpunkt
1455 1395 103 31 synes
1582 1384 69 40 mig
1675 1384 100 31 också

276 1427 57 31 det
365 1427 11 31 i
411 1427 252 41 promemorian
698 1429 114 29 såsom
846 1427 179 31 alternativ
1059 1426 18 32 I
1100 1426 212 32 innefattade
1335 1427 164 40 förslaget
1520 1438 80 19 vara
1622 1428 50 29 att
1695 1426 82 31 före-

277 1470 102 41 draga
412 1470 141 31 framför
586 1469 56 32 det
676 1469 75 32 från
785 1469 86 31 visst
904 1469 69 31 håll
1007 1468 192 39 framförda,
1225 1469 172 41 nämligen
1421 1470 49 30 att
1494 1470 78 40 taga
1595 1468 66 32 den
1684 1470 93 29 värn-

275 1512 162 41 pliktiges
471 1512 189 31 inkomster
692 1511 59 31 vid
785 1511 95 32 tiden
906 1511 53 31 för
981 1511 293 41 tjänstgöringens
1297 1511 121 40 början
1442 1511 53 31 till
1518 1510 260 42 utgångspunkt

277 1556 95 33 samt,
408 1554 116 31 därest
558 1554 100 31 dessa
691 1556 146 39 uppgått
860 1553 53 31 till
936 1553 136 42 belopp,
1098 1564 73 20 som
1195 1553 54 31 för
1271 1555 36 29 år
1329 1553 120 31 räknat
1473 1553 110 31 skulle
1607 1554 171 30 motsvara

276 1597 42 31 de
351 1597 10 30 i
397 1596 182 32 alternativ
611 1596 18 31 I
653 1596 148 41 angivna
823 1595 356 42 taxerimgsbeloppen,
1204 1595 11 31 i
1239 1595 91 41 regel
1353 1597 102 39 vägra
1478 1595 199 31 understöd.
1723 1595 54 30 En

277 1639 90 41 regel
390 1650 40 20 av
454 1638 215 32 sistnämnda
691 1638 172 32 innebörd
885 1638 128 42 bygger
1035 1640 44 39 på
1102 1649 41 20 en
1167 1639 77 29 rent
1267 1637 150 41 tillfällig
1440 1637 257 41 omständighet
1714 1637 64 31 och

278 1681 108 31 skulle
420 1681 155 42 tydligen
608 1680 77 42 giva
718 1681 95 41 långt
837 1680 158 32 osäkrare
1018 1680 112 41 utslag
1154 1681 42 30 än
1222 1679 66 31 den
1312 1680 10 30 i
1346 1679 181 32 alternativ
1550 1679 18 31 I
1592 1681 185 45 upptagna,

277 1723 112 32 vilken
412 1723 151 42 grundar
586 1723 51 41 sig
661 1725 18 28 å
702 1722 413 32 inkomstförhållandena
1138 1721 110 32 under
1272 1733 40 20 en
1336 1721 136 32 relativt
1495 1722 79 40 lång
1598 1687 179 81 denyrad.

276 1765 202 32 Emellertid
502 1776 102 31 synes
620 1765 69 41 mig
713 1764 196 32 överhuvud
932 1764 172 42 vanskligt
1126 1766 50 29 att
1199 1764 132 41 grunda
1355 1775 41 20 en
1419 1763 324 42 bedömningsregel
1761 1765 16 29 å

276 1808 247 38 förhållanden,
549 1818 72 21 som
645 1807 144 31 hänföra
813 1807 50 41 sig
887 1806 52 32 till
962 1806 95 31 tiden
1081 1807 71 30 före
1176 1806 294 41 tjänstgöringens
1487 1806 130 40 början.
1646 1805 132 31 Bakom

276 1851 108 40 regler
407 1862 41 19 av
471 1850 113 31 denna
606 1849 171 32 innebörd
799 1849 107 41 ligger
922 1849 135 37 tanken,
1075 1850 49 30 att
1141 1860 54 20 om
1213 1848 66 31 den
1296 1848 229 42 värnpliktige
1541 1848 72 31 före
1630 1847 149 32 nämnda

276 1893 161 41 tidpunkt
461 1892 72 31 haft
557 1903 41 20 en
620 1892 71 31 viss
715 1891 74 31 icke
813 1891 113 32 alltför
948 1891 55 41 låg
1026 1891 159 37 inkomst,
1211 1891 68 30 han
1302 1890 78 32 bort
1402 1890 116 31 kunna
1540 1890 99 41 lägga
1662 1889 116 32 undan

277 1935 109 31 medel
410 1935 53 31 för
486 1934 170 42 familjens
680 1933 185 42 uppehälle
889 1933 109 31 under
1014 1933 95 31 tiden
1124 1933 53 31 för
1192 1932 479 42 värnpliktstjänstgöringen.
1696 1931 82 32 Men

278 1977 57 31 det
369 1979 109 29 måste
512 1976 245 41 ihågkommas,
783 1978 48 29 att
855 1987 77 19 man
956 1975 61 31 här
1041 1977 36 29 så
1100 1977 74 39 gott
1199 1986 73 20 som
1297 1975 221 31 uteslutande
1541 1975 61 31 har
1625 1976 50 29 att
1698 1976 83 39 göra

278 2019 76 31 med
388 2030 91 30 unga
511 2030 172 30 personer,
719 2018 109 31 vilkas
863 2017 221 31 ekonomiska
1116 2017 164 41 ställning
1315 2016 28 41 ej
1378 2017 126 31 hunnit
1536 2017 104 31 vinna
1667 2019 112 38 någon

278 2061 148 41 egentlig
451 2061 128 41 stadga.
625 2060 18 31 TI
665 2060 148 31 flertalet
835 2060 58 31 fall
916 2060 74 31 leva
1014 2059 41 31 de
1079 2061 90 29 ännu
1192 2071 41 19 ur
1256 2059 92 31 hand
1371 2059 10 31 i
1405 2070 91 26 mun,
1522 2059 63 31 och
1607 2059 58 31 det
1681 2058 99 31 torde

279 2115 66 29 nog
368 2104 84 31 höra
475 2103 54 31 till
553 2103 228 40 undantagen,
807 2104 48 29 att
878 2104 104 39 några
1005 2113 91 20 mera
1119 2101 184 31 avsevärda
1326 2101 224 42 besparingar
1566 2101 117 40 gjorts.
1712 2100 69 31 För

278 2146 109 41 övrigt
410 2148 54 29 må
488 2145 11 31 i
523 2145 94 31 detta
640 2144 247 41 sammanhang
911 2144 138 38 erinras,
1074 2145 49 30 att
1146 2144 91 40 läget
1260 2146 36 29 är
1319 2144 71 31 helt
1407 2144 99 38 olika,
1524 2145 61 29 när
1601 2143 58 31 det
1674 2142 107 41 gäller

279 2200 40 20 en
355 2187 371 42 tjänstgöringsperiod
761 2189 19 29 å
814 2188 39 30 25
881 2186 81 31 eller
984 2186 42 31 30
1049 2186 111 40 dagar,
1186 2186 64 31 och
1273 2186 42 31 då
1339 2186 93 41 fråga
1455 2188 36 29 är
1515 2197 54 19 om
1594 2196 41 20 en
1659 2184 121 42 period

278 2242 40 19 av
352 2229 208 43 exempelvis
594 2230 61 31 200
678 2229 113 41 dagar.
837 2228 203 32 Eventuella
1062 2228 224 41 besparingar
1308 2228 116 31 kunna
1446 2228 106 31 förslå
1575 2227 11 31 i
1610 2227 58 31 det
1690 2227 91 31 förra

276 2273 94 31 fallet
404 2284 78 20 men
518 2272 29 40 ej
571 2272 11 30 i
610 2272 58 31 det
692 2282 129 21 senare.
866 2271 81 31 Men
971 2271 52 31 för
1045 2270 191 32 beaktande
1259 2270 102 31 härav
1384 2270 76 41 giva
1484 2272 18 29 å
1525 2269 256 41 ifrågavarande

280 2315 109 39 grund
412 2314 195 32 fastställda
629 2314 110 41 regler
764 2314 28 41 ej
817 2325 82 20 rum.

331 2357 154 31 Behovet
521 2368 38 19 av
593 2356 192 31 understöd
819 2356 84 31 skall
938 2356 142 30 hänföra
1112 2355 51 40 sig
1199 2355 52 31 till
1276 2355 103 33 tiden,
1405 2354 42 31 då
1470 2354 311 41 värnpliktstjänst-

278 2399 165 41 göringen
467 2401 112 39 pågår,
605 2398 62 32 och
692 2398 59 31 det
774 2400 36 29 är
833 2397 143 32 sålunda
999 2397 52 31 till
1075 2397 171 41 familjens
1270 2397 74 41 läge
1368 2396 108 31 under
1500 2396 112 31 denna
1628 2396 60 38 tid,
1707 2406 74 20 som

279 2453 76 20 man
389 2441 215 41 väsentligen
638 2443 110 28 måste
783 2442 76 39 taga
892 2440 142 41 hänsyn.
1079 2439 221 31 Beträffande
1334 2439 94 31 detta
1457 2439 75 40 läge
1557 2438 123 31 saknar
1703 2449 78 19 man

278 2486 71 29 åter
382 2483 9 31 i
427 2484 92 40 regel
554 2484 85 30 fasta
674 2483 228 41 hållpunkter.
948 2482 17 31 I
1000 2482 41 31 de
1075 2482 66 38 fall,
1167 2482 60 31 där
1251 2481 65 32 den
1340 2480 228 42 värnpliktige
1591 2480 61 31 har
1676 2480 106 41 tjänst
