2198 2647
226 561 132 24 Utskottets

227 599 126 29 yttrande.

407 192 17 32 8
931 192 225 31 Statsutskottets
1184 192 152 31 Utlåtande
1359 193 46 29 Nr
1430 193 51 29 27.

405 275 429 52 betalningsskyldighet,
872 288 78 24 som
992 276 12 34 i
1041 274 100 51 fråga
1183 287 60 24 om
1276 273 60 37 lån
1371 287 45 23 ur
1443 273 132 38 fonden
1604 272 56 38 för
1687 272 315 51 rederinäringens

404 330 304 51 understödjande
737 337 61 30 äro
827 330 184 50 stadgade.

512 385 232 38 Beträffande
781 386 100 37 hvad
919 384 39 37 af
996 386 269 35 motionärerna
1298 382 140 38 anförts
1466 384 60 36 till
1554 384 80 37 stöd
1663 382 57 38 för
1747 383 118 37 denna
1893 381 107 39 fram-

405 442 176 49 ställning
608 440 139 38 tillåter
775 441 54 49 sig
853 441 181 36 utskottet
1062 440 150 37 hänvisa
1240 440 58 36 till
1326 439 198 37 motionen.

510 550 123 38 Såsom
674 552 39 35 af
754 551 268 36 motionärerna
1054 551 162 45 erinrats,
1262 548 125 38 blefvo
1415 549 62 37 vid
1510 550 98 38 1908
1638 548 57 37 års
1722 548 148 50 riksdag
1898 547 63 39 två
1988 548 12 36 i

404 605 189 38 enahanda
631 605 94 51 syfte
768 619 77 24 som
879 606 71 37 den
977 619 50 23 nu
1055 604 236 38 förevarande
1319 604 129 37 väckta
1476 604 178 37 motioner
1681 602 38 38 af
1744 603 177 37 utskottet
1948 605 51 35 af-

404 661 143 49 styrkta
575 660 68 36 och
671 659 40 37 af
737 660 207 49 Riksdagen
972 662 174 47 afslagna.

510 713 107 39 Hvad
661 714 12 35 i
705 727 50 23 nu
783 712 250 52 föreliggande
1061 715 138 35 motion
1228 714 138 37 anförts
1394 714 66 35 har
1489 715 30 48 ej
1549 714 117 36 heller
1693 715 101 46 synts
1822 713 178 36 utskottet

404 770 172 36 innebära
605 770 124 48 giltigt
758 769 76 37 skäl
862 768 56 38 för
939 769 70 36 den
1025 767 207 51 föreslagna
1251 768 287 63 förändringen
1517 764 28 71 i
1560 767 275 39 lånevillkoren.
1871 759 128 46 Äfven

404 837 60 23 om
507 824 67 36 den
607 823 110 37 sedan
747 837 43 23 en
818 824 53 36 tid
899 823 161 37 rådande
1088 824 250 49 depressionen
1366 824 13 35 i
1407 822 174 50 sjöfarten
1608 827 39 32 är
1675 821 38 37 af
1739 823 173 48 allvarlig
1941 822 60 37 be-

404 878 215 46 skaffenhet,
654 878 67 37 har
749 879 179 36 utskottet
955 878 93 37 dock
1078 879 32 48 ej
1140 884 116 31 ansett
1284 879 62 36 det
1373 879 170 48 lämpligt
1571 883 52 31 att
1650 875 47 50 på
1724 877 121 48 grund
1875 875 42 37 af
1942 889 55 33 en,

404 946 78 23 som
524 946 85 23 man
648 933 115 36 måste
805 946 93 32 anse,
933 932 243 50 öfvergående
1209 933 230 48 konjunktur
1473 933 145 47 vidtaga
1646 931 156 50 ändring
1830 932 11 34 i
1870 931 45 36 de
1943 929 57 38 för

404 988 78 36 helt
509 986 36 37 få
573 987 40 36 år
640 988 110 36 sedan
779 987 189 37 bestämda
995 988 177 36 villkoren
1201 987 57 37 för
1286 987 60 37 lån
1375 986 83 37 från
1481 985 278 51 ifrågavarande
1787 984 99 38 fond.

510 1042 58 36 Då
610 1042 187 49 därjämte,
832 1042 116 37 såsom
981 1043 105 35 också
1114 1043 12 34 i
1155 1044 184 35 motionen
1369 1047 215 38 omnämnts,
1612 1041 172 36 nästlidet
1811 1039 56 37 års
1897 1040 101 37 Riks-

405 1097 82 49 dag,
519 1096 56 37 för
608 1097 199 36 beredande
836 1096 39 37 af
899 1097 215 48 ytterligare
1144 1097 120 37 medel
1291 1098 57 35 för
1376 1096 169 49 utlåning
1575 1095 79 37 från
1682 1094 134 37 fonden
1845 1095 12 35 i
1885 1093 114 51 fråga,

405 1152 82 35 med
517 1151 108 36 bifall
654 1152 57 35 till
735 1153 138 47 Kungl.
904 1152 118 48 Maj:ts
1050 1151 126 36 därom
1204 1152 128 48 gjorda
1360 1150 268 45 framställning
1657 1148 204 50 medgifvit,
1881 1152 55 33 att
1954 1149 45 35 de

404 1204 419 50 kapitalafbetalningar,
860 1218 75 24 som
968 1205 217 37 verkställas
1213 1205 20 37 å
1261 1205 44 37 de
1334 1204 81 38 från
1443 1204 134 37 fonden
1607 1204 180 49 utgående
1814 1203 117 44 lånen,
1960 1201 38 37 få

405 1261 59 34 för
496 1260 102 36 tiden
631 1259 93 37 efter
756 1260 39 36 år
827 1262 97 36 1909
954 1260 96 37 intill
1081 1262 182 47 utgången
1291 1262 37 34 af
1355 1259 42 37 år
1429 1261 95 36 1911
1558 1260 170 48 tilläggas
1756 1257 145 45 fonden,
1929 1257 67 37 vill

406 1315 61 35 det
509 1327 105 37 synas
655 1315 186 44 utskottet,
883 1327 77 23 som
993 1315 120 35 skulle
1146 1314 111 50 syftet
1285 1314 83 37 med
1399 1315 98 35 detta
1525 1313 227 48 Riksdagens
1779 1313 119 36 beslut
1926 1312 12 35 i
1967 1313 30 47 ej

404 1370 105 47 ringa
537 1367 82 37 mån
649 1343 192 75 förryckas
864 1382 131 35 genom
1023 1367 104 38 bifall
1156 1369 57 36 till
1242 1369 94 36 hvad
1357 1369 266 36 motionärerna
1644 1367 198 49 föreslagit.
1890 1365 110 37 «Låne-

405 1422 200 37 villkorens
646 1423 213 49 förändring
900 1425 46 47 på
979 1422 193 50 föreslaget
1200 1428 72 31 sätt
1300 1423 121 36 skulle
1445 1423 186 48 nämligen
1659 1423 184 42 innebära,
1874 1426 54 30 att
1956 1420 44 36 de

405 1490 131 36 genom
566 1478 266 48 amorteringar
859 1477 200 49 inflytande
1088 1477 144 37 medlen
1261 1478 199 48 väsentligt
1488 1477 213 44 minskades,
1729 1477 68 35 och
1825 1476 12 35 i
1861 1488 139 23 samma

404 1534 84 32 mån
517 1531 207 36 minskades
753 1532 105 35 också
886 1532 161 35 utsikten
1075 1533 56 34 för
1159 1531 61 37 det
1248 1538 96 30 stora
1364 1532 99 35 antal
1482 1530 287 49 näringsidkare,
1790 1543 78 23 som
1888 1529 111 36 önska

404 1585 117 37 blifva
551 1585 187 49 delaktiga
766 1584 40 38 af
832 1584 116 46 lånen,
977 1587 54 35 att
1059 1585 148 37 komma
1235 1586 12 35 i
1275 1585 215 49 åtnjutande
1519 1584 40 37 af
1579 1585 119 36 denna
1726 1583 154 37 förmån.

511 1694 51 36 På
591 1694 116 47 grund
737 1693 37 36 af
802 1694 60 35 det
890 1692 149 38 anförda
1067 1692 55 37 får
1150 1695 177 35 utskottet
1354 1694 206 44 hemställa,

936 1807 56 31 att
1028 1802 239 36 förevarande
1300 1802 139 36 motion
1467 1801 80 37 icke
1575 1800 61 37 må
1663 1801 60 36 till
1751 1800 118 50 någon
1898 1800 100 37 Riks-

830 1856 136 49 dagens
994 1855 128 50 åtgärd
1150 1855 199 37 föranleda.

511 1965 210 37 Stockholm
753 1965 67 36 den
853 1968 18 34 5
904 1966 94 47 april
1032 1966 109 36 1910.

928 2073 49 35 På
1006 2073 284 36 statsutskottets
1319 2080 153 41 vägnar:

1058 2179 42 40 G.
1131 2179 205 38 BILLING.
