1888 2818
546 136 291 31 Slalsutskoltels
866 135 183 30 utlåtande
1074 134 52 31 Nr
1156 134 70 29 1iÉ3.
1542 132 35 29 15

116 214 104 30 juster
255 216 85 27 även
379 214 145 34 uppstalt
563 212 61 30 och
662 212 149 29 bokförts
835 213 19 28 å
882 212 89 29 vissa
995 211 108 29 andra
1127 211 129 34 anslag,
1283 211 94 29 vilka
1401 211 152 29 anvisats
1576 220 43 19 av

114 257 191 36 upplånade
329 256 118 31 medel.

159 300 407 36 Riksgäldsfullmäktige
591 299 88 30 hava
703 298 146 30 salunda
872 299 140 34 erinrat,
1036 299 51 29 att
1111 307 41 20 en
1176 297 97 36 dylik
1292 297 120 30 förlust
1430 297 51 30 till
1503 297 119 35 belopp

112 355 45 20 av
183 345 170 35 1,016,666
379 344 123 30 kronor
518 344 40 29 67
576 344 55 28 öre
647 342 218 36 uppkommit
880 344 20 27 å
917 343 47 28 ett
980 342 133 34 anslag,
1130 351 71 19 som
1218 344 38 27 är
1273 341 83 30 1918
1373 351 44 19 av
1434 340 186 30 lånemedel

115 388 161 30 utbetalts
310 398 43 19 av
383 387 329 34 riksgäldskontoret
736 386 54 29 till
814 385 242 30 statskontoret
1080 386 50 28 att
1153 384 177 30 användas
1353 384 54 30 till
1431 384 113 30 likvid
1572 384 49 29 för

114 432 113 30 aktier
250 433 20 28 å
294 430 181 30 nominellt
498 430 172 35 1,000,000
696 429 126 30 kronor
846 429 11 29 i
881 428 231 35 aktiebolaget
1129 428 331 35 Ilektrolytverken.
1508 427 114 30 Sedan

116 475 132 35 bolaget
271 476 38 28 år
333 475 82 29 1924
439 475 84 28 satts
547 474 12 28 i
583 473 160 33 konkurs,
767 471 87 30 hade
877 473 129 29 statens
1029 471 76 30 hela
1123 471 10 29 i
1152 472 165 34 företaget
1341 471 126 30 insatta
1489 471 131 35 kapital

114 520 74 34 gått
222 518 142 29 förlorat
387 517 59 29 och
471 516 167 30 förlusten
662 515 188 30 avskrivits
873 525 46 19 av
944 515 242 29 statskontoret
1210 515 11 29 i
1246 514 271 35 räkenskaperna
1541 516 84 27 över

115 562 125 30 fonden
259 561 53 29 för
324 562 126 28 statens
463 560 119 30 aktier.
619 559 118 29 Denna
752 558 120 30 förlust
885 558 89 29 hava
988 558 219 34 fullmäktige
1217 559 112 28 ansett
1341 567 47 20 nu
1402 558 79 29 böra
1494 557 127 30 täckas.

115 605 174 34 Förslaget
323 604 119 29 härom
477 603 63 30 har
574 603 72 29 icke
682 602 161 30 föranlett
877 602 113 35 någon
1025 601 140 29 erinran
1193 601 78 29 från
1295 601 242 30 statskontoret
1560 601 61 30 och

116 647 406 36 riksräkenskapsverket.
569 646 68 35 Jag
672 645 192 35 tillstyrker
895 645 61 30 ock
981 645 55 29 för
1059 645 74 29 min
1157 644 63 36 del,
1244 645 50 29 att
1319 644 110 30 denna
1454 644 124 30 förlust
1602 645 20 29 å

116 691 126 31 fonden
266 692 51 30 för
341 692 125 29 statens
488 690 112 30 aktier
624 699 47 20 nu
696 690 139 29 ersättes
860 689 11 29 i
894 688 64 30 den
982 688 159 35 ordning,
1159 698 70 20 som
1246 688 58 35 jag
1322 688 11 29 i
1349 687 55 31 det
1420 687 202 36 föregående

116 735 152 31 förordat
292 734 207 31 beträffande
523 733 207 31 förlusterna
753 736 21 27 å
797 733 126 29 statens
948 731 309 36 utlåningsfonder.

161 778 126 31 Vidare
321 779 89 29 hava
445 777 222 35 fullmäktige
705 778 120 33 ansett,
858 777 50 29 att
943 775 330 36 riksgäldskontoret
1296 774 61 31 bör
1380 774 132 30 erhålla
1536 775 85 34 gott-

115 823 128 34 görelse
267 823 52 29 för
343 824 46 28 ett
412 821 118 36 belopp
554 830 44 20 av
623 820 139 35 600,000
786 820 136 35 kronor,
944 819 209 30 tillhörande
1169 818 453 31 torvindustrilånefondens

117 867 142 35 kapital,
295 866 108 29 vilket
437 865 119 35 belopp
584 864 105 35 tagits
713 864 12 29 i
748 863 148 35 anspråk
920 863 53 30 för
996 863 300 34 statsregleringen
1319 867 21 25 å
1363 862 181 30 riksstaten
1569 861 53 30 för

115 911 39 29 år
178 910 94 30 1916.
319 909 120 34 Enligt
463 908 259 30 statskontorets
745 907 140 34 mening
909 909 38 27 är
970 906 66 30 den
1059 917 45 19 av
1128 906 219 35 fullmäktige
1371 905 144 30 sålunda
1539 905 83 30 före-

115 954 121 35 slagna
273 952 162 36 åtgärden
473 952 73 30 icke
584 950 206 35 tillräckligt
827 950 202 35 motiverad,
1068 951 43 34 på
1149 949 65 31 den
1252 949 112 36 grund
1404 950 50 29 att
1498 948 124 36 ifråga-

116 997 153 31 varande
296 997 131 35 belopp,
455 994 189 37 utgörande
668 995 12 29 i
704 993 436 30 torvindustrilånefonden
1164 993 265 36 ursprungligen
1452 992 171 35 nedlagda

115 1040 196 35 lånemedel,
334 1039 211 36 överflyttats
569 1039 20 29 å
613 1038 182 30 riksstaten
820 1037 52 30 för
895 1038 39 29 år
958 1037 83 30 1916
1067 1037 79 30 från
1170 1036 152 31 nämnda
1346 1036 79 31 fond
1442 1036 55 30 till
1514 1036 108 30 andra

116 1086 128 30 statens
277 1083 205 36 produktiva
516 1082 129 31 fonder.
693 1081 230 31 Statsverkets
957 1080 101 31 skuld
1095 1081 42 35 på
1172 1080 112 36 grund
1319 1090 44 20 av
1385 1080 236 36 upplåningen

116 1128 231 31 motsvarades
383 1126 145 31 sålunda
562 1126 64 30 allt
661 1124 210 32 fortfarande
905 1135 45 20 av
985 1124 209 36 produktiva
1229 1124 189 36 tillgångar
1450 1124 56 30 till
1540 1125 82 29 mot-

116 1172 166 31 svarande
310 1171 128 36 belopp.
484 1168 286 36 Föredraganden
794 1170 11 29 i
828 1169 243 30 statskontoret
1099 1168 64 30 har
1185 1168 190 31 emellertid
1399 1168 120 30 biträtt
1543 1167 79 30 full-

116 1216 169 35 mäktiges
313 1214 219 36 ståndpunkt.
579 1213 161 31 Däremot
764 1214 63 29 har
851 1212 410 36 riksräkenskapsverket,
1287 1212 105 30 under
1415 1212 139 30 erinran
1571 1213 51 28 att

115 1259 264 37 ifrågavarande
402 1258 120 35 belopp
538 1258 12 29 i
568 1257 83 30 1916
669 1258 56 29 års
741 1257 142 30 riksstat
898 1256 233 36 uttryckligen
1149 1256 152 35 angivits
1317 1257 121 34 utgöra
1458 1255 164 35 »kapital-

115 1304 237 34 överföringar
383 1302 126 31 mellan
541 1302 128 29 statens
701 1300 208 35 produktiva
942 1300 151 35 fonder»,
1124 1301 111 29 ansett
1258 1300 12 29 i
1294 1299 108 30 likhet
1424 1299 76 30 med
1524 1300 97 29 stats-

115 1348 166 34 kontoret,
313 1348 51 28 att
398 1344 328 36 riksgäldskontoret
759 1344 73 30 ieke
867 1343 102 31 borde
1004 1343 139 30 beredas
1167 1343 190 35 ersättning
1381 1343 51 29 för
1455 1343 165 34 beloppet.

115 1391 69 36 Jag
213 1391 94 30 delar
330 1390 65 30 den
417 1399 44 20 av
485 1388 258 31 statskontorets
766 1387 173 36 majoritet
963 1387 62 30 och
1049 1386 401 35 riksräkenskapsverket
1472 1386 12 29 i
1509 1386 113 30 denna

115 1435 101 35 fråga
238 1433 154 31 hävdade
416 1432 278 36 uppfattningen.

159 1478 174 35 Slutligen
366 1477 89 30 hava
490 1475 221 36 fullmäktige
734 1476 112 29 ansett
869 1474 124 36 frågan
1021 1483 55 21 om
1101 1474 163 35 täckning
1289 1473 186 36 lämpligen
1501 1473 83 30 böra
1608 1473 13 30 i

115 1523 94 30 detta
232 1521 247 35 sammanhang
504 1521 166 34 upptagas
693 1518 211 31 beträffande
927 1519 49 29 ett
998 1517 130 36 anslag,
1146 1518 218 35 uppkommet
1380 1527 42 20 av
1440 1516 181 36 tillfälliga

116 1566 197 35 lånemedel,
348 1566 21 29 å
403 1566 47 29 ett
484 1564 121 35 belopp
628 1573 44 20 av
697 1562 138 36 738,996
860 1562 137 34 kronor,
1021 1562 111 30 vilket
1154 1562 21 30 å
1198 1561 183 30 riksstaten
1405 1561 53 31 för
1483 1560 138 36 budget-

114 1612 74 29 året
223 1608 185 41 1923/1924
443 1608 103 35 tagits
570 1607 12 30 i
605 1607 150 35 anspråk
788 1607 53 29 för
874 1605 301 36 statsregleringen
1204 1615 44 20 av
1271 1604 350 36 dräneringsfondens

115 1653 327 37 kapitaltillgångar.
489 1652 53 30 Då
575 1651 91 30 detta
700 1650 119 36 belopp
854 1650 174 35 upptagits
1063 1650 111 29 såsom
1197 1658 41 21 en
1262 1649 226 30 inkomsttitel
1512 1648 109 30 under

116 1698 165 30 rubriken
311 1697 31 29 »i
369 1696 147 35 anspråk
544 1696 105 34 tagna
672 1693 341 37 kapitaltillgångar»
1041 1695 84 28 utan
1148 1694 51 29 att
1222 1692 178 36 samtidigt
1424 1692 197 36 disponeras

115 1742 53 30 för
199 1742 106 35 något
336 1739 199 37 produktivt
558 1738 173 35 ändamål,
756 1738 89 30 hava
869 1737 242 30 statskontoret
1134 1736 62 30 och
1220 1736 400 36 riksräkenskapsverket

115 1786 123 30 biträtt
271 1784 161 36 förslaget
465 1783 128 34 därom,
628 1783 51 29 att
713 1781 326 36 riksgäldskontoret
1073 1780 134 31 beredes
1231 1780 164 35 täckning
1418 1780 54 30 för
1495 1780 126 35 ifråga-

116 1828 151 32 varande
290 1828 129 35 belopp.
465 1826 70 30 Till
559 1826 91 30 detta
675 1826 128 34 förslag
827 1825 153 30 ansluter
1003 1825 59 35 jag
1086 1824 82 35 mig.

160 1871 265 36 Sammanlagda
453 1870 153 36 beloppet
628 1870 53 30 för
704 1869 39 31 de
767 1869 170 34 förluster,
962 1868 96 30 vilka
1081 1867 110 36 enligt
1214 1867 65 31 vad
1302 1867 58 36 jag
1384 1867 63 30 här
1470 1867 151 30 förordat

116 1917 110 30 skulle
257 1915 116 31 täckas
405 1924 122 27 genom
561 1914 121 35 anslag
717 1914 20 29 å
771 1912 282 31 nästkommande
1087 1911 183 36 budgetårs
1304 1912 76 34 stat,
1409 1911 133 36 uppgår
1565 1911 55 30 till

116 1960 172 36 2,844,564
315 1959 123 30 kronor
467 1958 18 30 5
521 1960 65 28 öre.
633 1957 17 30 I
674 1957 56 30 det
754 1956 235 35 föreliggande
1012 1955 293 36 budgetförslaget
1328 1955 63 30 har
1414 1956 20 29 å
1457 1955 164 30 inkomst-

116 2004 99 31 sidan
230 2003 104 31 bland
351 2003 12 30 i
379 2002 147 35 anspråk
544 2003 104 33 tagna
664 2000 323 36 kapitaltillgångar
1003 1999 176 36 upptagits
1195 2000 46 29 ett
1258 1999 116 35 belopp
1390 2009 44 20 av
1447 1998 173 36 2,844,565

116 2049 127 29 kronor
276 2057 44 20 av
356 2046 125 30 fonden
516 2046 53 29 för
603 2044 249 31 statsskuldens
875 2044 223 35 amortering,
1123 2043 249 35 motsvarande,
1396 2043 85 30 efter
1504 2042 117 31 veder-

116 2092 134 35 börliga
284 2090 273 35 avrundningar,
592 2098 160 21 summan
787 2098 44 20 av
865 2087 120 36 anslag
1020 2087 53 30 för
1096 2087 166 30 täckande
1285 2097 45 20 av
1354 2086 267 35 ifrågavarande

117 2136 161 30 förluster
311 2135 90 29 samt
424 2134 53 30 för
500 2132 254 36 återbetalning
779 2141 43 20 av
846 2131 93 30 förut
962 2130 229 31 omförmåilda
1214 2130 181 36 tillfälliga
1419 2130 201 35 lånemedel,

116 2189 73 21 som
212 2178 131 31 avförts
367 2177 78 31 från
469 2176 342 36 dräneringsfonden.

161 2282 131 36 Kungl.
325 2282 114 35 Maj:ts
462 2280 225 31 förevarande
716 2279 139 36 förslag,
880 2279 125 30 liksom
1028 2278 40 31 de
1093 2278 11 30 i
1128 2278 54 30 det
1205 2278 152 36 följande
1380 2277 108 31 under
1511 2278 108 35 punk-

117 2337 99 29 terna
248 2336 62 36 2:0)
335 2334 61 31 och
420 2334 62 36 4:0)
506 2332 229 32 omhandlade
759 2331 355 36 framställningarna,
1138 2340 97 21 avser
1257 2330 211 36 uppförande
1491 2330 20 30 å
1535 2331 84 29 riks-

117 2389 126 29 statens
266 2385 197 37 utgiftssida
486 2396 44 20 av
554 2385 121 36 anslag
699 2384 54 31 till
773 2383 254 36 återbetalning
1043 2393 44 20 av
1103 2383 196 36 uppkomna
1315 2382 304 36 kapitalförluster,

119 2440 123 31 varvid
266 2439 163 35 täckning
454 2438 52 30 för
530 2438 40 30 de
594 2448 47 20 nu
665 2438 12 29 i
701 2437 122 30 sådant
846 2437 89 36 syfte
958 2436 192 36 tillstyrkta
1173 2436 165 35 anslagen
1358 2435 111 31 skulle
1485 2435 136 30 beredas

1675 2287 143 23 Utskottets

1674 2322 132 30 yttrande.
