2182 2620
445 71 40 32 50
843 71 392 32 Konstitutionsutskottets
1257 72 164 31 memorial
1443 72 53 31 Nr
1517 73 32 31 2.

404 157 106 37 äfven
551 158 83 36 med
661 159 221 35 hithörande
910 159 156 35 ärenden
1095 160 69 35 och
1191 159 213 48 därigenom
1432 166 89 41 göra
1549 161 77 47 mig
1654 159 191 49 förtrogen
1868 162 141 47 jämväl

405 209 83 35 med
514 209 121 35 denna
661 222 88 35 gren
773 208 41 36 af
839 222 45 22 en
911 210 331 35 landskamrerares
1270 211 241 34 verksamhet.

538 259 14 35 I
593 259 171 36 afseende
803 263 21 32 å
852 259 241 49 debiterings-
1120 260 67 35 och
1216 260 364 48 uppbördsväsendet
1607 261 66 35 och
1702 261 70 35 den
1799 260 209 50 befattning

405 309 164 44 därmed,
598 322 78 23 som
703 310 166 48 påhvilar
896 310 347 44 landskamreraren,
1273 314 117 32 måste
1409 309 221 49 föregående
1650 310 358 49 kronofogdetjänst-

404 360 134 48 göring
564 360 257 48 ovillkorligen
848 361 172 35 tillmätas
1049 360 71 36 den
1148 365 132 31 största
1307 360 199 49 betydelse.
1553 360 180 37 Särskildt
1760 362 64 35 vill
1841 363 65 47 jag
1927 362 82 36 där-
2042 399 3 2 .

404 410 62 36 vid
505 410 205 43 framhålla,
743 415 55 31 att
826 410 70 36 den
925 411 159 35 kontroll
1112 410 102 36 öfver
1241 411 229 48 uppbörden,
1500 424 79 23 som
1608 417 108 42 utgör
1743 417 52 30 ett
1822 412 40 36 af
1886 413 123 35 lands-

404 461 250 35 kamrerarens
681 460 198 48 viktigaste
906 461 230 47 åligganden,
1166 460 176 49 fullgöres
1369 462 84 35 vida
1480 463 148 34 säkrare
1656 463 66 34 och
1743 462 209 37 effektivare
1973 462 39 36 af

404 510 81 43 den,
529 523 78 23 som
643 511 117 35 under
786 513 127 46 loppet
939 511 40 35 af
1002 512 90 34 flera
1120 514 39 32 år
1186 511 88 47 själf
1298 513 97 34 varit
1421 512 231 45 redogörare,
1680 519 47 28 än
1755 512 40 36 af
1819 513 82 43 den,
1929 526 80 23 som

404 566 130 31 nästan
553 561 233 36 uteslutande
814 562 146 35 erhållit
987 563 56 34 sin
1063 561 215 49 utbildning
1296 575 133 35 genom
1449 563 248 47 tjänstgöring
1715 566 21 32 å
1754 563 253 36 landskontor.

537 610 180 49 Slutligen
757 625 108 22 anser
899 612 63 48 jag
1001 613 77 47 mig
1117 613 88 35 böra
1232 614 122 33 erinra
1387 613 137 43 därom,
1555 618 52 31 att
1635 626 43 22 en
1707 613 39 35 af
1770 614 237 47 klagandena,

403 662 317 36 länsbokhållaren
747 662 112 36 Ernst
891 662 134 48 Agnér,
1056 663 120 35 under
1202 664 91 34 allra
1321 665 87 33 sista
1436 663 102 35 tiden
1565 665 134 34 vunnit
1726 663 198 36 befordran
1950 665 59 35 till

404 724 122 23 annan
565 713 124 46 tjänst,
722 714 13 33 i
763 712 63 37 det
853 717 54 31 att
934 713 71 35 han
1033 713 71 35 den
1133 715 45 34 23
1207 713 168 36 sistlidne
1403 714 193 35 december
1625 715 93 35 1909
1747 715 262 35 konstituerats

405 763 67 34 och
513 762 209 36 förordnats
753 768 55 30 att
836 776 86 23 vara
948 763 230 47 kronofogde
1203 764 13 35 i
1245 756 111 44 Östra
1382 764 66 36 och
1477 763 131 37 Västra
1636 763 139 49 Göinge
1803 764 144 48 fögderi
1974 764 39 36 af

404 812 262 37 Kristianstads
705 815 72 42 län,
820 818 94 31 samt
953 819 55 30 att
1048 814 204 48 klaganden
1293 814 39 35 P.
1362 814 39 35 E.
1429 813 196 44 Sidenvall,
1655 815 55 35 uti
1737 815 45 35 de
1809 814 40 36 af
1874 815 134 35 honom

404 862 153 36 anförda
585 863 183 43 besvären,
797 864 79 35 icke
903 865 107 47 yrkat
1037 869 55 30 att
1120 864 174 48 uppföras
1323 868 21 32 å
1370 864 239 48 förslagsrum
1639 864 154 37 framför
1812 866 87 46 mig,
1920 871 89 30 utan

404 913 128 35 endast
559 913 128 49 begärt
712 913 185 37 företräde
924 913 154 37 framför
1104 915 269 36 medsökanden
1402 914 33 36 S.
1455 915 34 36 J.
1511 913 43 38 O.
1574 914 146 43 Nelsén,
1739 916 149 35 hvilken
1907 917 103 34 inne-

405 963 66 35 har
500 964 103 45 2:dra
630 970 158 29 rummet
816 968 21 32 å
864 964 181 48 förslaget.

538 1013 247 49 Aberopande
813 1015 13 34 i
854 1014 113 48 öfrigt
994 1015 43 35 de
1065 1016 175 47 grunder,
1269 1028 77 22 som
1374 1017 96 34 varit
1497 1015 57 36 för
1581 1016 112 35 Eders
1722 1015 137 47 Kungl.
1887 1015 122 49 Maj:ts

406 1063 408 50 befallningshafvande
841 1065 12 34 i
880 1063 223 50 Skaraborgs
1131 1067 60 34 län
1218 1065 276 36 bestämmande
1521 1066 62 35 vid
1613 1066 263 48 upprättandet
1894 1066 39 35 af
1947 1066 63 36 det

405 1113 255 49 öfverklagade
687 1114 188 49 förslaget,
904 1118 110 45 vågar
1036 1115 66 48 jag
1128 1117 13 34 i
1169 1116 293 48 underdånighet
1490 1116 202 42 hemställa,
1722 1121 53 30 att
1794 1116 45 35 de
1858 1116 152 36 anförda

405 1165 176 35 besvären
614 1168 112 33 måtte
753 1167 142 34 lämnas
919 1170 87 30 utan
1035 1165 172 36 afseende
1234 1166 68 35 och
1330 1166 275 35 undertecknad
1633 1167 202 35 bibehållas
1858 1166 62 36 vid
1947 1167 63 35 det

403 1213 41 37 af
480 1215 113 37 Eders
634 1215 135 48 Kungl.
808 1215 121 48 Maj:ts
965 1214 406 49 befallningshafvande
1399 1218 76 46 mig
1502 1216 188 36 tilldelade
1720 1219 91 33 1:sta
1838 1216 172 49 förslags-

404 1271 171 37 rummet,
615 1272 93 29 samt
747 1266 121 35 tillika
907 1266 155 45 anhålla,
1105 1272 55 30 att
1198 1267 61 35 vid
1291 1267 180 46 tjänstens
1500 1267 293 36 återbesättande
1820 1266 37 37 få
1884 1280 87 23 vara
1998 1269 11 33 i

404 1315 123 49 Nådig
553 1317 158 35 åtanke».

538 1366 309 36 Länsbokhållare
886 1367 135 35 Nelsén
1054 1370 76 32 åter
1161 1367 110 46 nöjde
1303 1368 57 46 sig
1386 1367 83 35 med
1497 1372 52 30 ett
1576 1369 110 34 naket
1712 1368 234 48 åberopande
1973 1367 37 36 af

405 1416 40 36 af
468 1416 45 36 de
541 1418 89 41 skäl,
659 1430 75 22 som
762 1419 96 34 varit
885 1417 274 36 bestämmande
1187 1417 56 36 för
1270 1417 230 48 Konungens
1527 1417 410 49 befallningshafvande
1956 1423 55 30 att

402 1467 144 35 tilldela
585 1468 135 35 honom
748 1468 117 35 andra
892 1467 327 48 förslagsrummet,
1248 1468 68 35 och
1345 1468 228 44 hemställde,
1615 1474 53 29 att
1694 1469 176 35 besvären
1897 1471 113 33 måtte

403 1519 142 34 lämnas
573 1523 90 30 utan
691 1517 183 36 afseende.
1271 1523 7 7 ”

536 1568 136 48 Kungl.
706 1568 121 47 Maj:ts
859 1567 406 48 befallningshafvande
1281 1568 273 36 öfverlämnade
1582 1569 45 35 de
1655 1569 254 47 underdåniga
1936 1568 73 36 för-

403 1619 235 46 klaringarna
669 1618 176 36 likaledes
874 1619 82 35 med
983 1624 52 30 ett
1062 1620 111 34 naket
1199 1619 231 47 åberopande
1457 1618 40 36 af
1521 1619 272 48 handlingarna
1818 1621 13 33 i
1859 1620 150 35 ärendet

401 1669 66 35 och
495 1668 41 36 af
560 1669 44 35 de
632 1670 86 42 skäl,
747 1669 137 47 hvarpå
911 1669 59 35 det
997 1668 256 48 öfverklagade
1280 1668 177 49 förslaget
1483 1682 63 22 var
1568 1669 196 47 grundadt.

535 1719 103 35 Efter
678 1719 59 35 det
769 1724 54 30 att
854 1719 103 35 dessa
989 1718 244 49 förklaringar
1268 1718 123 36 blifvit
1417 1718 223 45 infordrade,
1683 1719 172 36 anfördes
1881 1720 128 36 besvär

402 1768 101 36 öfver
530 1769 135 47 Kungl.
694 1769 122 46 Maj:ts
844 1769 426 48 befallningshafvandes
1298 1769 139 48 förslag
1459 1770 137 47 jämväl
1624 1769 40 36 af
1688 1770 319 35 länsbokhållaren

402 1818 32 35 I.
475 1820 43 35 F.
562 1819 151 48 Regner,
754 1820 151 35 hvilken
946 1823 113 44 ansåg
1087 1821 56 46 sig
1169 1819 155 48 förtjänt
1352 1819 40 36 af
1417 1820 239 47 förslagsrum
1684 1819 153 36 framför
1863 1819 144 37 Sandén

403 1869 65 36 och
496 1869 147 42 Nelsén,
674 1876 93 29 samt
795 1869 40 36 af
859 1870 318 35 länsbokhållaren
1205 1871 43 35 E.
1286 1870 231 43 Westerlund,
1547 1871 148 35 hvilken
1725 1874 113 44 ansåg
1865 1872 56 46 sig
1947 1871 61 35 be-

402 1920 160 47 rättigad
600 1921 57 34 till
698 1919 239 48 förslagsrum
979 1919 77 36 före
1093 1921 170 47 samtliga
1290 1924 20 31 å
1338 1920 174 48 förslaget
1541 1920 182 49 uppförde
1751 1921 255 35 medsökande.

531 1970 145 48 Regner
702 1971 116 35 vände
847 1973 56 42 sig
929 1973 12 33 i
969 1972 80 34 sina
1076 1971 128 35 besvär
1222 1973 12 33 i
1253 1970 154 37 främsta
1426 1977 159 29 rummet
1605 1977 74 30 mot
1707 1972 70 34 den
1798 1971 39 35 af
1854 1972 154 35 Konun-

401 2033 89 34 gens
510 2020 406 48 befallningshafvande
935 2022 128 47 gjorda
1083 2022 315 47 uppskattningen
1419 2021 39 35 af
1474 2022 187 35 sökanden
1680 2020 163 37 Sandéns
1863 2024 146 33 meriter

401 2071 67 35 och
497 2071 101 36 skref
622 2072 47 35 bl.
700 2085 28 21 a.
760 2071 179 48 följande:
986 2072 89 35 »Det
1101 2072 103 35 torde
1231 2072 101 47 ligga
1358 2073 13 33 i
1399 2079 120 40 öppen
1548 2072 81 47 dag,
1647 2077 51 30 att
1717 2077 51 30 ett
1793 2072 215 36 underskat-

401 2122 111 35 tande
540 2121 41 36 af
604 2122 332 35 landskamrerare-
963 2123 67 34 och
1059 2122 445 36 länsbokhållaremeriter
1526 2124 11 33 i
1567 2123 69 34 den
1656 2123 99 47 grad,
1778 2135 76 23 som
1874 2135 132 36 genom
