1896 2844
77 256 175 30 Obligationer

94 290 56 24 med
168 290 71 30 guld-

111 325 110 23 klansul.

276 155 18 30 2
691 154 115 30 Första
827 155 224 34 lagutskottets
1070 155 165 29 utlåtande
1256 155 48 29 Nr
1328 154 50 31 47.

325 241 55 32 Av
395 241 61 32 den
470 241 12 32 i
496 241 247 39 propositionen
757 241 154 33 lämnade
925 242 219 38 utredningen
1161 242 162 39 framgår,
1340 245 49 29 att
1404 241 177 39 åtskilliga
1597 242 60 32 här
1671 243 11 31 i
1700 242 86 33 riket

280 291 181 32 utfärdade
476 291 220 38 obligationer
710 291 170 32 innehålla
895 291 230 33 bestämmelse
1141 292 124 38 därom,
1281 295 50 29 att
1346 292 226 38 obligationen
1587 292 122 32 inlöses
1726 293 60 31 och

277 341 257 38 kupongräntan
556 341 153 37 erlägges
722 341 11 31 i
748 340 142 32 »kronor
903 341 12 31 i
928 341 114 38 guld»,
1057 341 142 32 »kronor
1211 342 12 31 i
1236 341 211 38 guldmynt»,
1461 340 142 33 »kronor
1615 341 12 31 i
1640 341 81 38 guld
1734 353 53 20 en-

278 390 64 38 ligt
359 390 98 38 lagen
474 402 51 20 om
542 391 102 32 rikets
662 394 95 35 mynt
772 403 43 20 av
833 391 62 32 den
914 392 40 32 30
972 392 66 38 maj
1057 393 106 31 1873»
1178 392 80 32 eller
1270 391 169 33 liknande.
1459 391 260 40 Sammanlagda
1732 391 51 32 be-

278 441 114 38 loppet
410 453 43 19 av
470 441 197 38 utelöpande
688 441 124 32 sådana
830 442 224 38 obligationer
1072 442 163 32 beräknas
1256 442 54 32 för
1328 442 208 32 närvarande
1557 442 53 32 till
1631 442 155 38 omkring

281 493 62 32 953
368 492 151 38 miljoner
541 492 121 32 kronor
690 492 50 39 (se
762 503 94 27 prop.
880 492 63 34 sid.
967 491 74 40 23).
1087 492 113 33 Under
1223 492 149 32 normala
1396 492 97 40 tider,
1518 493 43 32 då
1584 492 203 33 riksbanken

279 543 57 33 vid
355 542 183 33 anfordran
556 542 122 32 inlöser
696 554 41 20 av
758 542 130 32 banken
906 542 180 32 utfärdade
1105 542 111 33 sedlar
1234 543 73 32 med
1326 543 81 38 guld
1428 543 86 31 efter
1533 543 96 32 deras
1648 543 138 38 lydelse,

281 593 123 32 saknar
429 593 229 32 bestämmelse
682 604 42 21 av
747 593 145 32 nämnda
918 593 74 38 slag
1017 592 144 33 aktuellt
1186 593 151 32 intresse.
1386 592 109 33 Sedan
1520 593 184 33 emellertid
1729 605 56 20 nu-

279 655 90 20 mera
387 643 202 33 riksbanken
609 644 77 31 från
705 643 58 32 och
782 643 73 32 med
876 644 61 32 den
957 645 41 31 28
1017 643 184 38 september
1221 644 83 31 1931
1327 643 188 32 tillsvidare
1536 644 152 37 fritagits
1710 643 77 32 från

280 693 237 39 skyldigheten
537 697 50 29 att
606 693 108 33 inlösa
737 694 73 32 sina
830 693 112 32 sedlar
962 694 73 32 med
1056 694 93 39 guld,
1170 693 61 32 har
1251 693 252 33 bestämmelsen
1525 693 99 33 blivit
1646 694 141 32 föremål

280 744 53 32 för
353 744 306 38 uppmärksamhet.
703 744 129 32 Därvid
852 744 44 32 ha
917 744 111 32 skilda
1048 744 262 38 uppfattningar
1331 756 51 20 om
1403 744 271 32 bestämmelsens
1697 744 88 32 inne-

279 794 81 34 börd
387 795 176 38 försports.
613 794 120 32 Medan
761 794 77 32 från
866 794 421 38 obligationsinnehavares
1316 794 72 32 sida
1417 794 106 38 gjorts
1552 794 156 38 gällande
1736 798 50 28 att

279 845 252 32 bestämmelsen
559 845 129 32 medför
714 847 69 30 rätt
807 844 55 33 till
888 844 173 38 betalning
1087 845 87 31 efter
1200 844 194 39 guldvärde,
1422 845 61 31 har
1512 845 19 32 å
1559 845 104 32 andra
1690 844 95 32 sidan

279 895 143 33 hävdats
447 899 51 29 att
519 895 109 38 syftet
648 895 73 33 med
743 894 165 38 tilläggen
931 895 33 32 »i
986 894 102 39 guld»
1113 894 79 33 eller
1216 895 32 32 »i
1270 894 202 39 guldmynt»
1496 895 118 31 endast
1635 907 77 20 vore
1736 899 50 28 att

279 946 120 38 bringa
421 946 11 32 i
455 945 142 40 erinran,
620 949 51 29 att
692 945 130 32 landets
845 947 223 36 myntsystem
1091 957 78 20 vore
1195 945 87 32 fotat
1304 946 44 37 på
1370 945 93 38 guld,
1488 945 60 32 och
1572 948 50 29 att
1644 945 142 32 bestäm-

279 996 123 32 melsen
422 996 140 33 sålunda
581 995 73 33 icke
673 995 169 33 medförde
863 995 195 39 skyldighet
1079 996 52 32 för
1150 995 358 38 obligationsutgivare
1529 999 51 28 att
1600 995 111 33 betala
1731 1007 54 20 an-

278 1047 151 32 norledes
450 1052 42 26 än
513 1047 11 31 i
545 1046 155 38 gällande
721 1046 309 38 betalningsmedel.

323 1098 19 32 I
364 1109 39 20 en
427 1097 54 32 till
504 1097 117 33 chefen
645 1097 53 32 för
721 1097 378 37 finansdepartementet
1122 1096 102 32 ställd
1249 1095 161 33 skrivelse
1436 1108 42 20 av
1502 1097 60 32 den
1588 1097 40 31 21
1653 1096 133 38 januari

281 1148 83 32 1932
382 1148 44 32 ha
443 1148 104 32 förste
565 1147 222 39 deputeraden
803 1147 11 32 i
834 1146 326 38 riksgäldskontoret
1177 1147 26 32 f.
1221 1147 31 33 d.
1270 1146 194 39 professorn
1482 1146 41 33 G.
1541 1146 108 40 Kobb,
1671 1146 114 33 Stock-

279 1198 107 32 holms
414 1198 85 39 stad,
527 1197 155 38 Sveriges
710 1197 170 32 allmänna
905 1196 267 40 hypoteksbank,
1201 1196 260 38 Konungariket
1488 1196 155 39 Sveriges
1671 1196 114 33 Stads-

279 1248 270 39 hypotekskassa
574 1249 59 31 och
659 1247 210 33 Stockholms
894 1247 218 38 Intecknings
1140 1247 142 33 Garanti
1307 1247 208 38 Aktiebolag
1538 1247 172 32 hemställt
1735 1258 50 21 om

279 1299 231 40 lagstiftning,
528 1299 191 37 varigenom
742 1297 211 33 förklarades
974 1301 51 29 att
1042 1309 40 20 en
1102 1297 415 39 betalningsförpliktelse,
1539 1309 67 20 som
1626 1297 12 32 1
1660 1297 125 38 obliga-

279 1349 106 32 tioner
407 1349 80 32 eller
510 1349 115 32 därtill
647 1348 144 32 hörande
813 1348 173 38 kuponger
1008 1348 147 38 angivits
1179 1348 10 32 i
1212 1347 121 32 kronor
1354 1348 12 31 i
1390 1347 83 38 guld
1495 1348 81 31 eller
1597 1348 12 31 i
1632 1347 121 32 kronor
1775 1348 11 31 i

279 1400 181 38 guldmynt
485 1400 79 31 eller
590 1399 73 32 med
690 1398 218 33 användande
935 1410 42 20 av
1003 1398 157 32 liknande
1189 1398 148 40 uttryck,
1366 1397 108 33 skulle
1503 1410 95 20 anses
1627 1398 159 38 uppfylld

279 1462 117 26 genom
420 1450 171 38 betalning
615 1461 42 20 av
682 1449 136 38 angivet
840 1448 203 39 kronbelopp
1067 1449 12 31 i
1104 1448 120 32 sådant
1248 1452 105 36 mynt,
1379 1460 69 20 som
1473 1448 56 33 vid
1554 1448 232 32 förfallotiden

280 1507 36 27 är
333 1502 12 31 i
366 1500 138 39 Sverige
522 1500 148 38 lagligen
690 1499 155 39 gällande
864 1498 310 39 betalningsmedel.

323 1551 74 32 Den
417 1556 150 27 närmare
587 1549 240 39 motiveringen
847 1549 54 33 till
921 1549 139 32 berörda
1080 1548 253 39 framställning
1355 1549 184 32 återfinnes
1559 1549 12 32 i
1591 1549 195 38 propositio-

279 1614 72 20 nen.
391 1602 87 32 Häri
494 1601 127 32 lämnas
637 1601 115 32 vidare
770 1612 38 20 en
825 1599 162 33 historisk
1004 1599 148 33 översikt
1169 1611 41 20 av
1230 1599 53 33 det
1301 1598 144 33 svenska
1461 1602 267 36 myntsystemet,
1747 1611 39 20 en

279 1658 152 27 närmare
458 1651 205 39 redogörelse
691 1651 52 32 för
771 1650 224 33 förekomsten
1022 1662 41 19 av
1089 1649 243 39 guldkausuler
1358 1650 12 31 i
1397 1649 144 32 svenska
1568 1649 219 38 obligationer

280 1707 87 28 samt
384 1715 40 20 en
443 1701 206 39 redogörelse
667 1702 53 32 för
739 1700 161 33 utländsk
918 1703 78 36 rätt,
1015 1700 148 32 varefter
1182 1698 363 39 departementschefen
1565 1700 11 31 i
1597 1700 189 32 förevaran-

281 1754 37 32 de
340 1754 101 38 fråga
465 1753 111 32 anför:

323 1829 77 33 Vad
420 1828 170 33 beträffar
611 1828 39 32 de
671 1828 11 32 i
705 1826 142 34 svenska
867 1826 221 38 obligationer
1111 1825 269 33 förekommande
1402 1825 301 38 guldklausulerna
1724 1829 63 28 tor-

281 1872 38 32 de
341 1872 81 32 böra
445 1870 240 39 förutskickas,
708 1873 51 29 att
780 1869 108 38 enligt
910 1869 121 32 svensk
1053 1872 68 29 rätt
1144 1868 116 32 hinder
1281 1867 73 33 icke
1378 1868 87 32 lärer
1489 1871 88 29 möta
1600 1871 50 29 att
1673 1879 114 26 genom

281 1914 146 33 särskild
454 1913 176 32 utfästelse
657 1912 119 32 bereda
801 1924 39 20 en
866 1912 162 37 borgenär
1054 1910 163 33 effektivt
1243 1910 110 38 skydd
1379 1914 69 28 mot
1476 1910 60 32 den
1564 1910 225 38 depreciering

281 1969 41 20 av
343 1955 219 33 riksbankens
586 1955 119 39 sedlar,
728 1966 68 21 som
819 1954 67 32 kan
908 1953 92 33 bliva
1020 1965 39 20 en
1080 1953 87 38 följd
1189 1965 42 20 av
1252 1952 222 33 riksbankens
1497 1953 192 37 fritagande
1712 1952 76 32 från

281 1999 237 38 skyldigheten
535 2002 50 28 att
600 1998 108 32 inlösa
726 1997 73 32 sina
815 1996 110 33 sedlar
943 1996 73 32 med
1033 1995 91 39 guld.
1166 1995 179 33 Huruvida
1362 2007 38 20 en
1418 1994 370 38 betalningsutfästelse

280 2042 61 31 har
357 2041 106 32 denna
478 2040 156 32 innebörd
650 2040 65 31 blir
730 2051 38 20 en
785 2038 284 38 tolkningsfråga,
1088 2050 68 21 som
1173 2038 92 32 torde
1282 2038 36 31 få
1336 2042 143 33 avgöras
1497 2037 106 38 enligt
1619 2037 165 32 allmänna

281 2083 316 38 rättsgrundsatser.

325 2126 18 32 I
365 2125 216 33 förenämnda
604 2137 42 20 av
668 2123 176 38 åtskilliga
866 2122 358 39 obligationsutgivare
1247 2122 137 32 avlåtna
1408 2121 161 32 skrivelse
1593 2121 60 32 den
1677 2122 39 31 21
1741 2120 46 38 ja-

280 2169 97 31 nuari
402 2169 83 31 1932
508 2168 86 31 hava
614 2167 106 37 enligt
740 2166 69 31 min
832 2165 135 39 mening
988 2164 116 33 starka
1125 2164 75 33 skäl
1222 2164 130 32 anförts
1375 2164 55 32 till
1452 2164 73 32 stöd
1548 2164 53 31 för
1624 2164 61 31 den
1706 2174 82 26 upp-

282 2211 203 37 fattningen,
514 2213 50 29 att
592 2209 217 32 klausulerna
836 2208 123 32 kronor
986 2208 12 31 i
1026 2207 92 39 guld,
1147 2207 120 32 kronor
1295 2207 12 31 i
1335 2206 182 38 guldmynt
1544 2206 60 32 och
1632 2205 156 32 liknande

280 2253 73 32 icke
376 2252 188 33 betraktats
590 2252 108 32 såsom
721 2263 39 20 en
784 2250 315 39 garantiutfästelse
1124 2261 42 20 av
1189 2261 81 26 nyss
1295 2249 148 37 angivna
1468 2248 75 38 slag
1567 2259 78 20 vare
1670 2246 52 39 sig
1747 2259 42 20 av

282 2295 385 38 obligationsutgivarna
695 2294 79 31 eller
802 2305 42 20 av
872 2293 62 32 den
962 2291 354 39 obligationsköpande
1345 2291 223 32 allmänheten
1596 2292 80 29 utan
1704 2289 83 32 fast-

280 2349 91 20 mera
392 2337 143 38 intagits
559 2337 54 32 för
635 2340 51 28 att
709 2335 179 33 framhäva
910 2335 77 32 vårt
1009 2337 241 35 myntsystems
1276 2333 213 38 anknytning
1512 2332 55 32 till
1590 2330 116 38 guldet
1729 2331 60 32 och

282 2380 184 32 sedermera
481 2379 190 32 bibehållits
689 2378 57 32 vid
761 2377 238 39 uppläggande
1016 2389 40 20 av
1072 2388 69 27 nya
1156 2376 66 39 lån,
1238 2379 81 29 utan
1337 2378 50 29 att
1403 2376 11 31 i
1429 2374 217 33 klausulerna
1661 2373 127 38 inlagts

282 2423 107 37 någon
417 2421 145 33 särskild
586 2420 181 39 betydelse.
815 2420 119 38 Härpå
959 2419 164 38 häntyder
1151 2418 54 32 till
1230 2430 38 20 en
1294 2417 118 38 början
1439 2417 55 32 det
1519 2415 164 33 växlande
1710 2419 78 33 sätt,

280 2465 106 37 varpå
413 2465 96 31 dessa
533 2463 183 39 klausuler,
742 2462 106 38 enligt
873 2462 66 32 vad
964 2462 58 37 jag
1048 2461 93 32 förut
1165 2461 99 37 visat,
1290 2460 140 31 kommit
1457 2458 54 32 till
1537 2457 214 38 användning
1778 2458 10 30 i

281 2506 177 38 åtskilliga
481 2506 311 38 obligationstyper.
837 2505 19 31 I
879 2516 128 20 samma
1031 2503 151 37 riktning
1204 2502 103 38 pekar
1331 2502 59 32 den
1417 2500 297 39 omständigheten,
1739 2502 51 28 att
