2317 2824
550 241 40 31 22
997 234 253 43 Lag-Utskottets
1278 230 164 33 Utlåtande
1466 229 60 31 N:o
1551 228 54 31 38.

511 326 13 33 1
556 322 85 36 Juni
672 323 106 42 1850,
800 342 26 4 —
858 319 113 36 blefve
999 317 123 37 tillåtet
1149 317 50 33 att
1226 312 324 49 fjerdingsmännen
1577 308 91 48 finge
1696 307 53 36 för
1775 305 240 48 indrifningen
2042 316 63 24 an-

505 376 89 36 litas.
623 375 52 36 De
705 374 62 36 fall
796 373 60 36 der
884 371 197 46 utmätning
1107 366 253 48 ifrågakomme
1388 363 111 36 blefve
1528 362 44 36 då
1599 360 175 37 sannolikt
1788 363 49 33 ett
1864 358 81 36 vida
1971 357 135 36 mindre

505 428 93 36 antal
643 432 45 31 än
728 438 74 24 som
843 437 48 23 nu
930 436 82 23 vore
1050 419 246 45 förhållandet,
1338 421 82 31 enär
1448 415 332 48 fjerdingsmännen,
1809 412 88 35 hvar
1924 410 96 36 inom
2047 409 59 36 sitt

507 481 134 35 mindre
669 479 149 44 distrikt,
846 477 81 35 vida
954 476 124 36 lättare
1107 477 45 32 än
1179 472 228 35 länsmännen
1434 468 94 35 inom
1556 467 101 35 deras
1685 469 108 32 större
1815 462 292 50 tjensteområden

505 533 115 36 blefve
648 533 12 35 i
687 531 135 36 tillfälle
850 533 50 32 att
926 529 45 48 på
1010 526 160 49 lämpligt
1212 527 68 32 sätt
1319 521 150 37 indrifva
1496 519 149 46 medlen,
1674 521 85 32 utan
1787 515 177 37 anlitande
1991 515 38 35 af
2052 518 55 32 ut-

506 583 321 49 mätningsåtgärd;
856 582 65 36 och
949 581 43 36 då
1019 573 558 55 fjerdingsmannabefattningen,
1606 570 110 48 enligt
1734 568 194 49 åberopade
1947 567 161 47 stadgan,

507 651 82 23 vore
618 641 49 33 ett
698 635 375 49 "menighetsbestyr",
1102 634 117 46 syntes
1248 629 56 35 det
1332 627 75 47 ock,
1449 638 72 24 som
1549 627 49 34 ett
1625 623 161 48 uppdrag
1813 622 38 36 af
1874 619 233 38 förevarande

507 689 250 48 beskaffenhet,
786 689 52 36 till
865 688 147 35 fromma
1040 685 52 36 för
1121 684 66 35 den
1207 679 224 39 kommunala
1450 677 218 45 ekonomien,
1697 675 77 36 icke
1788 674 104 36 borde
1907 674 53 35 för
1976 684 133 25 samma

508 743 195 48 befattning
731 743 120 35 kunna
879 752 99 24 anses
1005 735 225 40 främmande.
1286 733 220 37 Motionären
1534 729 78 37 ville
1640 728 136 37 derföre
1804 726 143 37 föreslå:

820 793 187 47 "antingen

638 852 50 31 att
715 848 53 34 till
798 849 46 33 70
873 846 19 46 $
920 846 10 34 i
957 843 250 45 förordningen
1247 852 56 23 om
1343 834 352 47 kommunalstyrelse
1735 832 45 48 på
1820 831 119 36 landet
1966 831 67 34 den
2062 832 44 33 21

510 901 96 36 Mars
639 901 92 35 1862
761 900 12 34 i
801 898 84 36 sista
913 909 102 23 mom.
1043 899 100 44 göres
1171 896 47 32 ett
1233 891 136 47 tillägg,
1397 887 241 37 innefattande
1658 883 241 49 berättigande
1914 882 53 36 för
1982 882 127 35 krono-

510 954 104 47 fogde
642 956 59 43 att,
730 952 60 35 vid
817 949 237 37 indrifvandet
1081 947 37 36 af
1143 945 71 37 deri
1243 941 209 39 omnämnda
1477 939 122 47 medel,
1628 937 109 36 anlita
1756 936 263 48 fjerdingsman,
2035 946 74 24 som

510 1006 12 35 i
550 1006 82 35 slikt
660 1005 61 35 fall
749 1003 113 37 skulle
888 1014 84 23 vara
998 999 196 47 berättigad
1235 1000 49 32 att
1324 995 52 35 för
1417 993 39 35 af
1493 992 128 35 honom
1653 989 156 36 indrifna
1837 987 111 37 medel
1975 987 135 47 åtnjuta

510 1058 132 35 hälften
670 1057 38 36 af
731 1055 144 48 stadgad
906 1050 370 52 uppbördsprovision;

818 1108 85 35 eller
930 1107 74 46 ock,

512 1163 114 36 derest
664 1163 58 35 det
760 1161 77 35 icke
878 1171 101 24 anses
1019 1156 160 48 lämpligt
1206 1157 50 32 att
1288 1154 5 34 i
1321 1147 456 47 kommunalförfattningen
1804 1145 112 35 införa
1944 1147 48 32 ett
2019 1143 93 36 stad-

516 1218 112 44 gande
656 1215 38 35 af
717 1211 226 39 förevarande
970 1208 253 38 beskaffenhet:

644 1270 50 32 att
721 1265 203 46 Riksdagen
952 1263 57 36 må
1036 1262 11 35 i
1076 1259 181 37 skrifvelse
1285 1257 54 37 till
1366 1255 130 47 Kongl.
1525 1248 423 52 Maj:t
1646 1243 20 61 i
1684 1248 264 52 underdånighet
1963 1247 149 46 anmäla,

516 1323 50 31 att
592 1320 205 43 Riksdagen
837 1317 51 35 för
931 1316 53 35 sin
1025 1314 54 35 del
1121 1315 111 32 ansett
1266 1310 324 46 fjerdingsmännen
1617 1306 130 43 kunna,
1776 1301 54 36 för
1857 1300 194 46 indrifning
2080 1299 38 35 af

516 1371 199 36 resterande
743 1365 398 48 kommunalutskylder,
1174 1363 34 36 få
1240 1362 127 35 anlitas
1408 1359 38 36 af
1469 1357 292 47 kronofogdarne,
1803 1354 44 47 på
1875 1355 69 32 sätt
1972 1364 73 23 som
2074 1355 39 31 är

516 1423 189 48 medgifvet
732 1423 53 35 för
812 1420 193 46 indrifning
1033 1417 37 36 af
1095 1413 236 51 oliqviderade
1359 1409 309 51 uppbördsmedel;
1697 1411 89 32 samt
1805 1405 115 36 tillika
1947 1404 12 35 i
1986 1403 126 36 under-

517 1476 164 46 dånighet
709 1474 152 44 anbålla,
890 1476 61 41 att,
979 1473 113 34 derest
1120 1468 164 46 förslaget
1311 1466 119 35 derom
1457 1463 125 35 varder
1607 1462 37 35 af
1656 1459 129 48 Kongl.
1805 1457 102 48 Maj:t
1925 1455 189 48 godkändt,

517 1528 130 46 Kongl.
675 1527 102 47 Mai:t
804 1526 105 35 måtte
938 1525 11 34 i
976 1523 109 35 nåder
1112 1520 139 36 utfärda
1277 1516 210 48 kungörelse
1516 1527 55 22 om
1601 1514 58 35 det
1685 1512 125 46 tillägg
1837 1510 11 35 i
1877 1509 148 46 stadgan
2054 1520 61 22 an-

517 1580 133 47 gående
677 1579 252 48 fjerdingsmän
958 1575 38 36 af
1019 1575 66 35 den
1118 1576 15 32 1
1164 1571 85 36 Juni
1280 1572 108 41 1850,
1417 1580 72 24 som
1516 1565 104 37 häraf
1644 1564 228 37 föranledes.”

644 1631 53 36 På
725 1631 41 36 de
794 1630 38 36 af
856 1629 216 36 motionären
1100 1624 144 37 anförda
1271 1622 77 37 skäl
1375 1632 101 25 anser
1506 1618 178 36 Utskottet
1712 1620 48 31 ett
1785 1613 193 47 stadgande
1996 1612 12 35 i
2027 1612 88 35 före-

519 1686 124 46 slagna
671 1684 104 48 syftet
802 1682 177 45 behöfligt,
1004 1678 131 49 jemväl
1162 1676 77 35 med
1268 1673 162 37 afseende
1458 1671 82 35 derå
1568 1674 50 31 att
1636 1667 348 47 kronobetjeningen,
2012 1664 105 35 hvars

518 1737 51 35 tid
597 1737 136 47 ganska
761 1735 139 47 mycket
927 1737 97 42 tages
1051 1731 11 34 i
1090 1728 151 48 anspråk
1270 1727 52 35 för
1351 1723 236 49 fullgörandet
1627 1722 38 35 af
1694 1721 110 35 andra
1831 1717 287 49 tjensteåliggan-

520 1802 79 33 sen,
641 1788 174 46 svårligen
858 1787 70 34 kan
969 1783 160 36 undvara
1169 1779 342 48 fjerdingsmännens
1551 1774 135 35 biträde
1726 1772 53 35 för
1820 1769 237 46 indrifningen
2085 1767 38 35 af

520 1839 268 49 ifrågavarande
829 1837 121 36 medel.
1004 1834 123 46 Enligt
1155 1835 19 33 6
1205 1833 19 45 $
1252 1834 22 32 4
1304 1843 101 22 mom.
1434 1829 11 34 i
1473 1826 195 47 åberopade
1709 1825 150 45 stadgan
1888 1823 67 34 den
1985 1824 16 32 1
2033 1819 88 36 Juni

524 1895 107 43 1850,
660 1904 80 33 eger
766 1890 265 48 fjerdingsman,
1059 1886 44 35 då
1129 1885 71 35 han
1229 1883 124 35 anlitas
1380 1881 51 35 för
1458 1878 194 47 indrifning
1680 1877 38 35 af
1741 1873 232 50 oliqviderade
1992 1873 129 34 krono-

522 1942 301 51 uppbördsmedel,
851 1945 51 32 att
929 1940 52 35 för
1009 1937 147 37 sålunda
1196 1934 153 37 indrifna
1389 1932 113 36 medel
1542 1930 133 47 åtnjuta
1707 1928 133 35 hälften
1868 1926 37 35 af
1928 1924 193 48 uppbörds-

526 2008 167 24 mannens
721 1994 103 36 andel
851 1994 11 35 i
890 1991 167 47 stadgade
1084 1988 253 37 stämmoböter.
1391 1985 19 35 I
1438 1983 139 46 analogi
1604 1980 145 37 härmed
1782 1978 111 37 skulle
1935 1976 186 47 fjerdings-

524 2061 82 23 man
633 2049 10 34 i
671 2046 229 37 förevarande
941 2044 61 35 fall
1041 2054 84 23 vara
1165 2037 195 48 berättigad
1388 2041 49 32 att
1463 2036 53 35 för
1544 2035 41 34 de
1613 2034 38 34 af
1675 2033 128 35 honom
1829 2029 154 37 indrifna
2011 2027 113 36 medel

524 2101 136 47 åtnjuta
686 2098 138 37 hälften
851 2098 34 35 af
912 2095 167 45 stadgade
1107 2089 409 51 uppbördsprovisionen.
1548 2078 13 66 —
1571 2085 217 46 Visserligen
1815 2082 96 36 torde
1941 2081 114 35 denna
2069 2092 53 23 er-

526 2153 154 46 sättning
707 2152 77 35 icke
813 2149 98 37 alltid
940 2151 175 32 motsvara
1157 2145 169 44 besväret,
1366 2154 79 23 men
1473 2140 11 35 i
1512 2139 41 35 de
1581 2142 102 41 orter,
1718 2137 59 35 der
1805 2132 319 38 missförhållandet

526 2206 11 34 i
565 2205 96 36 detta
688 2203 161 36 afseonde
877 2200 117 36 kunde
1022 2198 109 36 blifva
1159 2196 117 36 alltför
1305 2197 96 44 stort,
1429 2193 75 35 lära
1544 2190 264 46 menigheterna
1835 2187 79 35 icke
1941 2184 184 36 underlåta

498 2269 4 10 :
527 2261 51 31 att
618 2256 128 36 bereda
787 2254 320 49 fjerdingsmannen
1149 2250 66 34 den
1244 2245 204 52 ytterligare
1477 2242 230 49 godtgörelse,
1740 2234 144 42 hvartill
1912 2237 211 46 omständig-

527 2309 147 36 heterna
700 2309 121 34 kunna
847 2304 190 37 föranleda.

656 2361 96 35 Enär
779 2360 68 35 den
874 2354 240 48 ifrågaställda
1141 2352 222 37 föreskriften
1391 2351 155 34 närmast
1573 2351 38 31 är
1639 2349 49 32 att
1714 2344 149 36 hänföra
1890 2342 53 35 till
1970 2340 155 37 instruk-

531 2414 118 36 tionen
676 2413 53 35 för
756 2410 263 49 fjerdingsmän,
1060 2418 103 37 synes
1203 2405 67 35 den
1311 2402 187 48 lämpligen
1525 2401 84 35 böra
1638 2397 131 36 erhålla
1796 2396 53 35 sin
1877 2395 92 47 plats
1996 2393 11 35 i
2034 2392 91 36 före-
