1930 2858
556 197 292 31 Statsutskottets
881 195 185 32 utlåtande
1097 193 51 32 Nr
1179 193 51 30 45.
1577 190 17 29 3

821 477 58 38 Nr
907 475 61 39 45.

698 586 110 24 Ankom
831 586 39 23 till
893 584 160 30 riksdagens
1074 583 86 23 kansli
1183 582 52 23 den
1256 584 14 20 8
1292 581 68 31 april
1387 582 63 22 1924
1472 580 35 23 kl.
1529 581 14 21 3
1564 588 20 15 ce.
1608 586 34 16 om.

251 682 188 31 Utlåtande
455 682 12 30 i
483 681 189 34 anledning
693 689 44 21 av
754 678 72 31 dels
844 677 128 35 Kungl.
990 676 120 36 Maj:ts
1127 675 219 36 proposition
1362 673 179 36 angående
1558 681 85 27 upp-

445 734 145 35 förande
606 741 44 22 av
667 730 221 37 paviljonger
901 729 55 35 för
969 728 133 36 oroliga
1115 726 104 37 sjuka
1232 727 59 30 vid
1308 723 205 33 Östersunds
1530 724 114 35 hospi-

449 785 58 35 tal,
532 784 73 31 dels
628 783 104 31 väckt
755 783 135 30 motion
914 780 178 36 angående
1115 778 225 32 anordnande
1363 787 44 21 av
1420 786 43 21 en
1478 775 168 32 anstalt
1627 771 21 53 å

448 836 202 35 Hultsfreds
673 834 191 36 lägerplats
887 833 55 35 för
965 831 208 35 svårskötta,
1198 829 181 32 obildbara
1403 827 202 32 sinnesslöa.

1430 880 60 37 (3:e
1513 880 90 36 avd.)

189 986 59 32 Uti
272 996 41 20 en
337 986 52 30 till
414 984 177 36 riksdagen
614 983 145 34 avlåten,
784 981 64 31 den
873 981 18 30 7
915 989 90 21 mars
1029 978 83 30 1924
1136 976 209 37 dagtecknad
1369 976 213 36 proposition,
1607 985 41 20 nr

147 1041 72 33 111,
244 1039 116 30 vilken
384 1037 173 31 hänvisats
580 1035 54 31 till
658 1033 259 32 statsutskottets
940 1030 235 32 förberedande
1199 1029 216 36 behandling,
1439 1028 61 30 har
1517 1023 129 45 Kungl.

147 1091 108 36 Maj:t,
279 1090 108 31 under
410 1088 207 37 åberopande
640 1098 43 20 av
707 1087 106 35 bilagt
837 1085 123 35 utdrag
983 1094 44 20 av
1051 1081 358 37 statsrådsprotokollet
1432 1082 80 29 över
1536 1080 113 30 social-

147 1144 147 32 ärenden
329 1143 53 30 för
416 1152 129 21 samma
579 1140 75 36 dag,
687 1139 175 36 föreslagit
889 1137 177 35 riksdagen
1089 1135 167 36 medgiva,
1280 1135 51 30 att
1354 1134 39 30 de
1416 1143 45 21 av
1485 1132 85 31 1918
1594 1133 56 29 års

148 1197 140 36 lagtima
325 1195 135 36 riksdag
495 1193 169 31 beslutade
699 1191 259 37 paviljongerna
993 1189 51 30 för
1078 1187 129 36 oroliga
1241 1186 99 37 sjuka
1368 1186 59 30 vid
1450 1183 200 33 Östersunds

148 1249 144 36 hospital
327 1249 56 29 må
407 1247 161 36 uppföras
592 1246 11 30 i
627 1243 232 36 huvudsaklig
884 1240 326 32 överensstämmelse
1233 1238 75 32 med
1332 1249 44 20 av
1400 1237 190 31 arkitekten
1613 1235 36 32 C.

148 1302 175 30 Westman
358 1300 12 29 i
401 1299 89 36 april
526 1298 83 30 1920
644 1296 190 36 uppgjorda
857 1295 61 31 och
942 1295 11 29 i
977 1293 136 36 augusti
1138 1292 83 30 1922
1246 1289 210 33 omarbetade
1480 1289 172 35 ritningar

148 1355 52 29 för
223 1363 42 20 en
289 1352 170 31 beräknad
482 1349 143 32 kostnad
648 1359 43 20 av
715 1348 139 36 877,000
878 1347 134 30 kronor.

191 1404 217 32 Beträffande
442 1402 226 36 utredningen
702 1401 12 30 i
748 1399 140 32 ärendet
922 1399 55 30 får
1011 1397 160 31 utskottet
1203 1395 145 31 hänvisa
1383 1394 53 31 till
1468 1392 184 37 åberopade

149 1456 369 38 statsrådsprotokollet.

192 1555 18 30 I
244 1553 249 35 sammanhang
527 1551 76 31 med
639 1549 131 37 Kungl.
796 1548 116 36 Maj:ts
935 1544 220 33 förevarande
1180 1543 205 37 proposition
1408 1543 61 30 har
1492 1541 161 31 utskottet

150 1608 56 31 till
231 1606 210 35 behandling
464 1604 147 31 förehaft
633 1613 42 21 en
699 1604 93 29 inom
816 1601 106 30 första
945 1599 197 30 kammaren
1165 1606 45 21 av
1234 1596 77 31 herr
1335 1595 41 31 4.
1402 1594 127 31 Petrén
1552 1593 102 30 väckt

150 1660 137 35 motion,
312 1668 40 21 nr
377 1658 51 36 33,
457 1657 76 30 vari
562 1655 199 35 hemställts,
784 1655 52 29 att
859 1651 179 36 riksdagen
1061 1651 103 29 måtte
1187 1649 131 30 besluta
1340 1648 51 30 att
1413 1648 21 30 å
1457 1645 197 32 Hultsfreds

151 1712 181 36 lägerplats
355 1709 168 32 anordnas
546 1718 40 21 en
610 1707 126 31 anstalt
758 1706 53 30 för
836 1704 62 32 234
922 1703 191 31 svårskötta
1136 1701 61 31 och
1220 1700 155 32 störande
1398 1698 176 32 obildbaira
1590 1698 64 31 sin-

151 1765 133 31 nesslöa
318 1763 60 31 och
413 1763 40 30 18
482 1760 218 37 sinnessjuka
722 1761 81 29 män
827 1758 12 30 i
863 1756 148 36 enlighet
1033 1755 76 31 med
1131 1754 55 31 det
1208 1764 44 20 av
1275 1751 345 36 medicinalstyrelsen
1643 1751 13 29 i

151 1817 162 31 skrivelse
347 1815 64 31 den
446 1815 39 30 12
510 1812 185 38 september
718 1810 83 32 1923
827 1809 143 36 ingivna
994 1807 161 36 förslaget
1177 1806 54 30 för
1253 1815 41 21 en
1317 1803 170 32 beräknad
1512 1802 142 31 kostnad

152 1880 42 21 av
220 1869 138 36 920,000
382 1868 135 35 kronor,
541 1867 87 30 samt
651 1866 50 29 att
717 1864 54 31 för
786 1861 208 38 påbörjande
1010 1870 42 21 av
1068 1859 91 31 detta
1175 1857 308 37 byggnadsföretag
1499 1859 44 33 på
1559 1856 95 30 extra

152 1924 67 29 stat
260 1922 55 30 för
348 1920 195 36 budgetåret
578 1916 216 32 1924—1925
828 1914 136 32 anvisas
997 1914 48 30 ett
1079 1909 347 35 reservationsanslag
1459 1909 21 30 å
1516 1907 138 36 450,000

153 1976 132 30 kronor.

196 2028 17 30 I
249 2027 100 36 fråga
383 2036 54 21 om
472 2025 40 31 de
546 2024 84 35 skäl,
659 2022 213 31 motionären
896 2019 114 31 anfört
1033 2017 57 31 till
1114 2016 74 31 stöd
1211 2016 52 30 för
1287 2015 58 31 sitt
1367 2013 138 36 förslag,
1529 2013 54 30 får
1608 2013 48 30 ut-

153 2081 123 31 skottet
299 2079 144 31 hänvisa
466 2077 54 31 till
544 2076 184 32 motionen.

198 2176 78 31 Med
311 2175 97 31 bifall
438 2173 55 31 till
517 2171 131 36 Kungl.
673 2169 114 37 Maj:ts
818 2169 4 30 i
846 2169 114 29 ämnet
984 2165 117 38 gjorda
1124 2163 256 35 framställning
1405 2161 143 37 medgav
1573 2160 83 31 1918

154 2239 54 21 ars
233 2228 143 36 lagtima
400 2225 137 36 riksdag
561 2226 51 29 att
634 2224 60 30 två
716 2221 215 37 paviljonger
955 2220 53 30 för
1031 2218 127 36 oroliga
1182 2216 99 37 sjuka
1298 2215 59 31 vid
1374 2213 198 33 Östersunds
1587 2213 71 30 hos-

155 2281 84 37 pital
273 2281 90 35 finge
400 2280 11 30 i
446 2277 232 35 huvudsaklig
711 2272 330 34 överensstämmelse
1064 2270 75 31 med
1163 2279 44 21 av
1231 2268 191 31 arkitekten
1445 2266 76 31 Nils
1544 2265 115 31 Lovén

155 2333 187 38 uppgjorda
376 2332 171 35 ritningar
582 2329 159 37 uppföras
775 2327 54 30 för
863 2335 42 21 en
928 2323 172 33 beräknad
1123 2321 143 32 kostnad
1289 2330 44 21 av
1358 2319 138 36 880,000
1520 2319 137 34 kronor,

155 2387 61 31 och
251 2385 162 33 anvisade
448 2383 180 36 riksdagen
651 2382 53 30 för
727 2377 207 40 påbörjande
957 2387 43 21 av
1025 2375 140 32 berörda
1188 2373 310 37 byggnadsföretag
1523 2372 20 30 å
1565 2372 93 30 extra

156 2441 68 30 stat
247 2440 55 30 för
324 2439 39 30 år
387 2437 84 32 1919
494 2438 48 29 ett
565 2431 343 35 reservationsanslag
931 2431 21 29 å
976 2428 138 36 200,000
1138 2428 135 30 kronor.

200 2491 198 32 Sedermera
420 2488 159 32 anvisade
604 2487 83 30 1919
711 2494 54 22 års
788 2483 143 36 lagtima
955 2480 136 36 riksdag
1115 2480 53 31 för
1192 2477 225 33 fortsättande
1438 2487 43 20 av
1503 2476 157 31 arbetena

158 2545 112 35 ifråga
304 2544 43 34 på
382 2544 97 29 extra
512 2541 66 30 stat
611 2539 53 30 för
687 2539 37 30 år
749 2536 84 32 1920
857 2536 48 30 ett
928 2532 343 35 reservationsanslag
1294 2541 43 20 av
1363 2530 136 35 300,000
1523 2529 136 30 kronor.
