1930 2832
561 179 290 36 Statsutskottets
874 179 183 36 utlåtande
1080 192 42 24 nr
1139 185 53 31 93.
1608 188 16 30 1

799 412 68 41 Nr
893 412 67 42 93.

365 572 191 35 Utlåtande
577 573 13 35 i
611 574 188 43 anledning
824 587 45 21 av
890 575 134 43 Kungl.
1046 575 129 43 Maj:ts
1196 576 220 43 proposition
1438 577 181 43 angående

588 628 204 42 ytterligare
807 629 148 42 utgifter
968 630 22 33 å
1008 629 214 42 tilläggsstat
1236 630 40 33 II
1291 630 53 34 till
1358 630 193 35 riksstaten
1565 632 56 41 för

591 681 210 43 budgetåret
821 682 169 43 1946/47,
1008 682 13 35 1
1037 683 72 34 vad
1127 683 266 43 propositionen
1410 696 102 23 avser
1530 685 90 42 folk-

587 734 545 44 hushållningsdepartementets
1153 737 400 35 verksamhetsområde.

1388 792 70 41 (2:a
1474 792 96 41 avd.)

679 1000 398 54 Driftbudgeten.

684 1101 101 33 Elfte
808 1102 261 33 huvudtiteln.

175 1169 636 43 Folkhushållningsdepartementet:
850 1172 229 41 Avlöningar.
1130 1174 19 33 I
1187 1175 150 42 enlighet
1374 1175 79 34 med
1491 1175 131 43 Kungl.

130 1223 127 43 Maj:ts
280 1224 11 34 i
313 1225 258 42 propositionen
593 1238 41 21 nr
658 1229 64 31 163
749 1226 128 44 (bilaga
900 1231 32 37 9,
956 1241 25 21 s.
1004 1231 41 30 61
1072 1228 66 33 och
1161 1232 43 30 62
1230 1241 44 21 av
1298 1228 109 43 bilagt
1429 1230 126 42 utdrag
1576 1241 45 23 av

129 1277 376 43 statsrådsprotokollet
527 1282 82 31 över
630 1278 460 45 folkhushållningsärenden
1112 1280 53 35 för
1186 1282 66 34 den
1275 1285 43 31 28
1341 1281 150 36 februari
1516 1283 101 43 1947)

129 1329 190 45 framlagda
337 1331 136 44 förslag,
493 1333 111 34 vilket
622 1346 99 21 avser
738 1339 53 29 ett
808 1334 262 34 överskridande
1088 1347 45 22 av
1154 1335 91 35 vissa
1263 1336 250 43 anslagsposter
1531 1336 11 34 i
1560 1348 61 23 av-

129 1384 247 43 löningsstaten
400 1385 54 35 för
477 1385 587 45 folkhushållningsdepartementet
1087 1388 54 34 till
1166 1388 86 43 följd
1277 1402 45 21 av
1347 1390 166 42 vidtagna
1538 1390 83 33 änd-

128 1438 114 43 ringar
257 1438 11 34 i
284 1438 96 43 fråga
396 1451 59 22 om
470 1440 201 42 personalen
686 1441 97 34 inom
797 1441 288 42 departementet,
1100 1442 198 34 hemställer
1313 1443 187 41 utskottet,

494 1498 57 30 att
569 1494 188 43 riksdagen
777 1496 59 32 må
855 1495 176 42 medgiva,
1052 1501 57 29 att
1130 1496 43 34 de
1194 1497 21 33 å
1238 1497 303 42 avlöningsstaten
1562 1497 54 34 för

447 1546 604 44 folkhushållningsdepartementet
1092 1549 178 42 uppförda
1310 1551 306 42 anslagsposterna

446 1600 168 35 Arvoden
639 1601 66 34 och
732 1602 170 34 särskilda
929 1602 248 43 ersättningar,
1201 1603 187 35 bestämda
1412 1616 47 22 av
1482 1604 134 43 Kungl.

447 1654 123 42 Maj:t,
603 1659 92 29 samt
727 1655 218 42 Avlöningar
977 1655 53 34 till
1063 1655 274 49 icke-ordinarie
1362 1658 161 41 personal
1556 1659 60 33 må

448 1708 112 34 under
596 1707 211 43 budgetåret
847 1708 157 43 1946/47
1040 1709 222 35 överskridas
1298 1710 82 34 med
1417 1711 198 43 respektive

447 1764 21 31 7
481 1764 67 31 000
570 1760 130 35 kronor
721 1761 65 35 och
810 1765 20 30 4
844 1765 66 30 000
933 1762 142 35 kronor.

173 1829 206 36 Stockholm
399 1830 63 35 den
480 1835 20 30 6
519 1831 69 43 maj
610 1835 99 31 1947.

603 1930 51 33 På
675 1930 288 35 statsutskottets
985 1934 144 39 vägnar:

665 2001 31 33 J.
722 2000 42 34 B.
788 2000 295 36 JOHANSSON.

173 2230 237 34 Närvarande:
431 2244 34 20 se
486 2231 104 33 under
610 2231 197 35 utlåtandet
826 2244 39 21 nr
885 2236 54 29 95.

163 2506 12 25 1
201 2520 29 2 —
246 2506 100 30 Bihang
365 2506 38 25 till
422 2506 148 30 riksdagens
590 2506 129 30 protokoll
741 2508 68 26 1947.
841 2510 14 21 6
874 2507 74 24 saml.
989 2506 38 25 Nr
1047 2509 113 23 93—095.
