1914 2846
555 144 308 31 Bankoutskottets
889 142 176 32 utlåtande
1090 142 50 31 Nr
1164 144 47 30 7ö-
1600 136 37 30 41

125 231 218 35 statsbidrag.
383 230 170 30 Utskottet
581 229 59 30 vill
670 229 5 29 i
701 229 92 29 detta
817 228 256 35 sammanhang
1097 228 87 29 även
1207 226 115 31 erinra
1349 236 58 20 om
1433 226 202 36 riksdagens

126 281 163 31 skrivelse
305 281 67 30 den
391 282 39 28 12
445 280 75 36 juni
538 280 95 35 1934,
648 289 41 20 nr
703 280 64 29 365
791 279 314 38 (bankoutskottets
1122 276 177 31 utlåtande
1315 286 41 20 nr
1372 276 70 39 68),
1459 277 72 29 vari
1549 276 84 30 riks-

126 333 110 35 dagen
259 332 108 30 bland
391 334 107 27 annat
522 329 156 36 anhållit,
701 332 49 27 att
773 329 124 36 Kungl.
924 328 101 36 Maj:t
1048 328 79 30 ville
1149 327 68 31 låta
1242 328 187 29 verkställa
1452 326 184 36 utredning

126 382 177 37 angående
330 382 197 36 grunderna
550 381 55 30 för
628 380 251 37 dyrtidstillägg
903 378 34 32 åt
962 378 430 37 familjepensionstagare,
1418 387 74 21 som
1519 377 116 30 samti-

126 434 72 36 digt
221 432 152 37 åtnjuter
397 432 252 37 dyrtidstillägg
671 441 43 21 av
735 431 199 30 statsmedel
957 429 20 31 å
1000 430 162 35 avlöning
1186 430 81 29 eller
1288 428 283 37 tjänstepension.

173 483 392 37 Reglementsförslagen
591 483 166 30 innebära
783 491 58 26 nu,
869 484 49 27 att
945 479 389 39 pensionsförmånerna
1362 480 88 29 även
1476 479 9 30 i
1512 478 124 37 ifråga-

128 535 152 30 varande
306 534 65 31 fall
394 535 143 30 komma
564 536 49 28 att
639 532 81 37 utgå
746 532 213 31 oavkortade
988 532 65 30 och
1079 530 131 31 således
1235 530 171 31 innefatta
1431 530 207 35 statsbidrag

128 586 72 30 dels
219 586 10 29 i
248 585 93 31 form
359 595 43 21 av
421 595 42 20 en
482 585 104 36 rörlig
606 584 229 37 pensionsdel,
854 582 170 37 utgående
1044 583 80 30 med
1142 591 134 21 samma
1297 582 191 36 procenttal
1508 590 43 21 av
1571 581 66 30 den

128 636 92 31 fasta
242 637 99 30 delen
366 646 74 20 som
465 637 105 35 gäller
594 635 55 30 för
674 634 252 37 dyrtidstillägg
950 634 58 30 vid
1032 633 175 37 reglerade
1230 633 94 35 verk,
1349 633 66 29 och
1439 632 71 30 dels
1534 630 103 32 såtill-

128 688 79 30 vida
226 690 49 28 att
291 688 11 29 i
319 686 514 37 familjepensionsunderlagen
853 685 9 30 i
881 686 69 29 alla
967 685 202 35 lönegrader
1189 683 98 37 ingår
1305 686 46 27 ett
1370 683 126 37 belopp
1514 692 42 21 av
1576 682 61 30 120

127 739 138 35 kronor,
288 747 75 21 som
383 738 171 30 beräknas
576 737 75 30 icke
672 737 97 30 skola
788 736 120 30 täckas
928 745 42 21 av
992 734 487 37 familjepensionsavdragen.
1522 733 115 36 Enligt

127 789 183 30 utskottets
333 789 140 35 mening
495 788 85 30 böra
604 788 10 29 i
638 787 147 30 berörda
808 786 63 31 fall
896 787 42 29 de
963 786 143 30 andelar
1130 795 43 21 av
1197 786 99 29 dessa
1321 785 217 35 statsbidrag,
1563 793 73 21 som

129 840 124 36 belöpa
275 839 20 31 å
318 839 276 30 vederbörandes
617 838 237 38 pensionslott,
878 837 75 30 icke
977 836 92 37 utgå.
1117 837 14 29 I
1153 837 67 29 vad
1242 837 58 29 rör
1324 835 315 37 familjepensions-

129 894 126 33 tagare,
274 900 76 20 som
368 889 152 37 åtnjuter
540 890 58 30 lön
617 889 56 30 för
692 888 203 36 statstjänst,
917 897 100 27 synes
1037 888 90 30 dock
1147 897 42 20 av
1206 887 183 36 praktiska
1407 886 74 30 skäl
1500 886 138 30 reduce-

129 942 228 35 ringsregelns
386 940 242 37 tillämplighet
652 940 85 30 böra
761 940 188 35 begränsas
976 939 51 30 till
1053 939 77 35 den,
1158 947 74 21 som
1258 938 147 29 innehar
1430 946 42 21 en
1499 937 139 30 anställ-

129 993 83 35 ning
233 1002 42 21 av
297 991 38 31 så
354 992 70 30 fast
441 994 102 27 natur
564 994 49 27 att
634 991 66 30 den
720 991 38 29 är
778 990 147 30 förenad
944 990 80 29 med
1042 989 372 37 tjänstepensionsrätt.
1457 988 14 29 I
1490 987 149 36 enlighet

130 1043 79 30 med
227 1044 66 29 vad
312 1052 48 20 nu
379 1042 133 31 anförts
531 1041 146 31 föreslår
695 1042 165 29 utskottet
879 1043 47 27 ett
944 1040 118 37 tillägg
1078 1040 52 30 till
1158 1040 8 30 5
1186 1038 20 40 &
1225 1040 179 29 allmänna
1421 1038 218 37 familjepen-

130 1094 316 35 sionsreglementet
469 1093 65 30 och
559 1094 16 28 7
602 1091 20 40 &
645 1091 535 38 arbetarpensionsreglementet.

174 1144 52 31 Då
245 1144 147 31 sålunda
414 1144 55 30 för
487 1144 91 29 vissa
599 1143 62 30 fall
683 1142 253 36 statsbidragen
956 1141 174 30 förklaras
1150 1141 97 30 skola
1269 1140 170 36 avdragas
1459 1138 79 32 från
1560 1148 81 28 pen-

129 1196 276 36 sionsbeloppen,
426 1203 99 28 synes
544 1194 56 30 det
618 1196 87 28 mest
726 1193 215 30 konsekvent
961 1195 49 27 att
1032 1191 69 31 låta
1122 1192 99 30 dessa
1239 1191 109 36 regler
1370 1191 89 37 gälla
1481 1191 87 29 även
1587 1190 55 29 för

129 1246 42 30 de
191 1246 61 30 fall
272 1263 45 4 —
336 1245 46 38 på
404 1245 244 30 motsvarande
670 1245 66 29 sätt
758 1244 219 30 behandlade
1000 1243 10 30 i
1030 1242 549 37 tjänstepensionsreglementena
1599 1257 44 4 —

129 1297 45 30 då
196 1297 282 37 pensionstagare
506 1295 190 37 »undergår
717 1295 113 30 direkt
852 1294 120 31 ådömt
997 1293 229 31 frihetsstraff
1250 1293 81 30 eller
1354 1293 39 30 är
1418 1291 146 31 föremål
1588 1291 54 30 för

129 1347 131 38 åtgärd,
287 1357 76 20 som
388 1347 187 30 förklarats
599 1347 98 30 skola
723 1346 100 30 träda
847 1345 10 30 i
882 1346 111 29 stället
1018 1345 55 30 för
1098 1343 122 32 sådant
1246 1343 113 36 straff,
1386 1344 81 29 eller
1493 1343 65 30 ock
1585 1352 56 20 av-

130 1407 116 36 tjänar
267 1406 119 31 ådömt
408 1405 272 38 tvångsarbete».

176 1458 171 30 Utskottet
370 1457 58 30 vill
452 1457 122 35 erinra,
602 1459 49 28 att
674 1458 19 28 6
719 1454 20 40 $
764 1456 9 30 i
797 1456 179 29 allmänna
1000 1454 522 37 familjepensionsreglementet
1548 1453 94 30 inne-

132 1508 108 31 håller
257 1518 43 20 en
319 1508 313 36 reduceringsregel
651 1507 54 30 för
722 1509 47 27 ett
788 1509 107 27 annat
916 1506 72 35 fall,
1007 1505 174 37 nämligen
1201 1504 45 31 då
1265 1505 68 29 den
1350 1504 138 30 avlidne
1507 1504 136 30 förenat

133 1560 85 29 flera
237 1559 155 36 tjänster,
416 1559 65 29 och
502 1561 49 27 att
572 1559 87 29 även
680 1558 113 29 denna
815 1557 89 36 regel
926 1556 200 30 motiverats
1147 1556 79 29 med
1246 1558 49 27 att
1319 1555 209 36 statsbidrag
1546 1553 98 37 eljest

132 1610 110 29 skulle
264 1609 173 30 beräknas
460 1609 50 29 till
534 1608 58 31 två
612 1608 194 36 pensioner.
853 1607 126 36 Regeln
1003 1607 65 30 har
1091 1607 65 29 här
1179 1606 107 36 gjorts
1312 1615 96 21 mera
1432 1605 209 30 schematisk

132 1661 65 29 och
215 1660 156 35 innebär,
389 1662 49 28 att
457 1658 512 38 familjepensionsunderlagen
988 1657 55 30 för
1061 1657 41 30 de
1120 1656 91 31 båda
1230 1656 194 37 tjänsterna
1443 1656 97 30 skola
1556 1655 87 31 min-

133 1711 80 30 skas
242 1711 80 30 med
349 1720 43 21 en
420 1709 181 37 fjärdedel,
630 1709 130 31 således
787 1709 112 30 under
930 1708 91 31 vissa
1048 1708 289 35 förutsättningar
1364 1707 79 30 med
1473 1716 96 21 mera
1597 1707 44 29 än

133 1761 263 36 statsbidragen.
447 1757 94 34 Även
570 1770 57 21 om
657 1761 91 29 detta
776 1760 98 36 eljest
900 1760 135 29 kunnat
1064 1769 83 20 vara
1175 1758 198 36 försvarligt
1399 1758 80 30 med
1505 1758 137 35 hänsyn

132 1812 52 29 till
203 1812 41 30 de
262 1812 172 30 särskilda
452 1810 268 31 förhållandena
737 1811 65 30 och
820 1811 52 29 till
892 1811 65 29 den
976 1810 98 36 ringa
1091 1809 207 30 frekvensen
1318 1818 43 21 av
1380 1809 99 29 dessa
1499 1808 72 35 fall,
1590 1817 51 26 sy-

133 1871 60 21 nes
217 1863 56 29 det
294 1862 85 30 böra
400 1862 94 30 bliva
517 1871 42 21 en
580 1861 90 36 följd
692 1871 42 20 av
756 1862 67 29 den
845 1870 43 20 av
911 1861 166 30 utskottet
1099 1860 198 35 föreslagna
1319 1869 68 26 nya
1411 1860 114 35 regeln
1550 1859 9 29 i
1581 1859 18 29 5
1623 1855 19 40 8

134 1913 19 29 5
173 1922 115 26 mom.,
310 1915 49 27 att
378 1914 20 28 6
419 1911 20 39 8
460 1913 126 29 ändras
604 1912 52 29 till
678 1912 342 30 överensstämmelse
1040 1911 154 30 därmed.
1236 1910 64 30 Det
1319 1910 63 29 bör
1403 1909 45 30 då
1468 1908 105 31 också
1591 1911 51 27 ut-

134 1964 109 34 sägas,
265 1966 49 27 att
346 1964 8 29 5
377 1961 20 40 8
427 1964 9 28 5
457 1972 104 20 mom.
583 1963 75 29 icke
680 1963 80 35 äger
781 1962 222 36 tillämpning
1024 1962 10 29 i
1054 1962 43 29 de
1117 1961 9 29 i
1149 1962 19 29 6
1190 1959 19 40 &
1230 1961 152 29 avsedda
1403 1960 116 30 fallen.
1553 1955 89 34 Änd-

133 2014 119 35 ringen
276 2014 63 29 bör
359 2013 181 30 föranleda
563 2022 42 21 en
628 2013 182 35 jämkning
831 2013 9 29 i
864 2013 38 29 15
925 2011 20 40 8
969 2011 45 39 c).

178 2065 14 29 I
215 2064 187 37 anledning
427 2073 42 20 av
493 2064 67 29 vad
582 2063 313 36 telegrafstyrelsen
918 2062 117 30 anfört
1061 2062 9 29 i
1095 2062 56 30 sitt
1175 2062 160 37 yttrande
1359 2061 9 29 i
1394 2061 186 36 anledning
1604 2069 42 21 av

135 2115 359 29 överenskommelsen
515 2115 78 29 med
617 2113 281 37 telegrafverkets
918 2114 103 29 kassa
1049 2113 109 38 (prop.
1182 2123 40 19 nr
1244 2113 64 29 245
1333 2112 62 30 sid.
1419 2111 52 39 53)
1500 2110 144 31 föreslår

134 2166 166 29 utskottet
328 2168 47 26 ett
404 2165 255 36 förtydligande
687 2174 42 20 av
759 2164 156 36 punkten
946 2165 19 29 3
994 2164 9 29 i
1032 2164 178 29 allmänna
1241 2162 404 37 familjepensionsregle-

136 2218 143 27 mentets
301 2215 337 30 slutbestämmelser.

179 2265 125 30 Vidare
324 2264 145 31 föreslår
488 2266 165 29 utskottet
675 2265 291 36 förtydliganden,
988 2264 104 35 enligt
1113 2264 67 29 vad
1200 2273 74 20 som
1297 2262 154 37 framgår
1472 2273 41 20 av
1533 2263 113 29 nedan

136 2316 140 35 intagna
304 2316 140 35 förslag,
474 2314 44 37 på
545 2314 57 30 två
629 2315 148 36 punkter
807 2315 8 29 i
846 2313 523 37 familjepensionsreglementet
1396 2313 54 29 för
1480 2314 166 33 arbetare,

135 2366 174 35 nämligen
333 2366 72 29 dels
430 2365 9 29 i
463 2366 18 28 4
504 2364 20 39 8
547 2366 18 29 5
590 2375 104 19 mom.
718 2365 54 29 för
794 2365 232 29 utmärkande
1048 2373 43 20 av
1115 2366 49 27 att
1186 2364 66 29 den
1276 2364 63 29 där
1361 2363 149 36 angivna
1532 2363 114 35 regeln

135 2417 121 29 endast
281 2425 98 20 avser
402 2416 172 35 uttrycket
602 2415 182 29 »kvarstod
810 2415 9 29 i
845 2414 125 36 tjänst»
998 2414 9 29 i
1031 2415 19 28 4
1077 2412 20 41 $
1122 2416 17 27 2
1167 2424 104 19 mom.
1298 2414 65 29 och
1388 2414 72 29 dels
1486 2413 8 29 i
1522 2413 124 29 slutbe-

136 2467 280 30 stämmelsernas
441 2466 108 29 andra
573 2466 117 35 stycke
713 2465 54 29 för
791 2465 224 29 undvikande
1038 2474 41 20 av
1105 2465 126 29 tvekan
1255 2464 9 30 i
1288 2464 56 30 det
1368 2464 178 35 avseende,
1573 2472 74 20 som
