1916 2842
571 152 307 30 Bankoutskottets
904 153 176 30 utlåtande
1105 153 49 30 Nr
1187 155 47 29 75.
1611 149 40 30 29

141 237 205 36 erläggande
372 245 43 21 av
439 237 244 36 tilläggsavgift
707 237 75 29 icke
806 237 74 30 före
906 238 245 35 övertagandet
1177 238 199 35 meddelats,
1403 238 97 29 skola
1525 238 123 29 hustru

141 279 65 29 och
229 280 87 28 barn
339 279 8 28 i
373 279 56 29 det
451 279 228 36 äktenskapet
701 279 31 36 ej
757 280 64 35 äga
844 280 242 36 pensionsrätt,
1111 280 120 29 förrän
1254 280 184 36 delägaren
1463 281 63 29 hos
1550 289 97 27 myn-

141 321 126 36 dighet,
291 330 74 20 som
387 321 123 37 Kungl.
534 321 100 36 Maj:t
653 321 218 36 bestämmer,
893 321 90 37 gjort
1004 323 165 29 anmälan
1189 332 57 20 om
1267 323 92 29 detta
1380 323 193 36 äktenskap
1594 322 54 30 för

141 363 262 30 bestämmande
427 372 43 21 av
493 363 244 37 tilläggsavgift
762 364 105 36 enligt
891 365 42 29 de
956 374 43 20 av
1024 365 144 29 kassans
1196 365 171 30 direktion
1393 366 154 29 närmast
1574 365 74 30 före

141 405 244 37 övertagandet
404 406 202 36 tillämpade
626 406 205 36 grunderna,
852 409 49 27 att
920 406 82 37 utgå
1021 406 45 37 på
1086 408 66 29 sätt
1179 406 5 30 i
1218 408 4 29 3
1241 417 104 20 mom.
1367 408 63 29 här
1450 417 90 20 ovan
1560 409 86 35 sägs.

187 449 28 29 5.
264 448 66 29 För
356 447 10 30 i
400 449 9 29 2
434 458 105 20 mom.
566 449 129 29 avsedd
721 449 169 36 delägare,
918 449 116 30 vilken
1061 450 57 29 vid
1143 450 52 29 sin
1222 450 70 30 död
1316 450 165 30 kvarstod
1506 451 10 29 i
1540 450 107 36 tjänst

140 491 81 29 eller
241 489 111 37 åtnjöt
375 491 155 35 pension,
552 490 56 31 må
630 490 344 37 familjepensionens
996 492 239 37 grundbelopp
1257 492 74 30 icke
1353 493 10 29 i
1384 492 104 37 något
1509 493 61 29 fall
1592 493 55 30 be-

141 534 166 28 stämmas
326 533 50 29 till
395 534 137 35 belopp,
552 534 268 36 understigande
839 534 503 37 familjepensionsunderlaget
1362 536 55 29 för
1438 536 66 29 den
1525 536 122 29 befatt-

141 575 83 36 ning
249 575 69 30 han
345 575 57 30 vid
430 576 184 30 dödsfallet
640 577 81 29 eller
750 576 177 37 avgången
956 578 79 29 med
1064 578 145 36 pension
1237 578 172 30 innehade
1436 579 81 29 eller
1544 578 103 36 enligt

141 618 19 28 2
180 626 105 21 mom.
305 618 88 29 skall
413 627 101 21 anses
532 618 137 30 inneha.

186 660 29 29 6.
265 659 236 31 Efterlämnar
527 661 9 29 i
572 662 9 28 2
607 671 105 20 mom.
740 662 129 29 avsedd
894 662 159 36 delägare
1081 662 58 30 vid
1168 663 52 29 sin
1249 663 67 30 död
1345 663 75 30 icke
1447 664 93 29 änka
1568 673 79 20 men

141 701 171 31 frånskild
339 703 134 35 hustru,
500 702 79 31 från
605 703 116 30 vilken
747 704 71 29 han
843 704 137 30 erhållit
1009 705 366 36 äktenskapsskillnad
1401 706 74 30 före
1502 707 145 29 kassans

140 745 230 36 övertagande
390 745 66 29 och
476 754 75 21 som
570 745 30 36 ej
622 745 108 37 ingått
751 748 74 34 nytt
847 747 205 36 äktenskap,
1074 748 88 29 skall
1185 748 65 29 den
1273 747 194 31 frånskilda
1488 749 158 35 hustrun,

140 786 63 30 där
223 787 186 30 ömmande
430 788 293 36 omständigheter
742 788 175 37 föreligga,
940 789 121 30 kunna
1079 789 87 30 efter
1184 790 170 37 prövning
1372 800 43 20 av
1434 791 212 36 myndighet,

140 838 76 20 som
242 829 122 37 Kungl.
391 829 102 36 Maj:t
517 831 217 35 bestämmer,
760 831 226 31 tillerkännas
1015 841 134 21 samma
1174 832 241 36 pensionsrätt,
1444 843 74 20 som
1544 834 103 36 enligt

140 871 177 30 allmänna
340 871 521 39 familjepensionsreglementet
885 874 212 30 tillkommer
1121 875 102 30 make
1249 885 129 20 ensam.

187 915 27 28 7.
263 914 65 30 Till
350 915 232 31 efterlevande
606 915 85 32 efter
715 915 109 31 sådan
847 916 160 37 delägare
1027 916 13 31 i
1063 917 137 37 kassan,
1226 927 73 21 som
1324 917 56 31 vid
1405 919 243 36 övertagandet

141 955 76 31 icke
237 955 160 32 kvarstår
416 958 11 29 i
448 960 127 28 statens
595 958 203 37 järnvägars
821 959 108 36 tjänst
950 960 82 29 eller
1050 960 56 30 för
1125 960 116 30 vilken
1261 961 42 30 de
1322 960 215 37 övergående
1557 962 90 30 stad-

141 999 159 34 gandena
319 1000 10 29 i
350 1000 222 36 reglementet
592 1000 44 30 då
656 1002 100 35 gälla,
777 1005 89 26 samt
887 1002 51 30 till
959 1003 41 29 de
1020 1002 57 30 vid
1097 1003 208 36 tidpunkten
1325 1003 55 30 för
1402 1005 246 35 övertagandet

141 1040 181 38 befintliga
341 1042 308 37 pensionstagarna
670 1044 10 29 i
700 1045 128 29 kassan
851 1045 88 29 skall
960 1043 82 38 utgå
1063 1045 72 30 dels
1156 1046 259 36 grundpension
1437 1046 52 30 till
1511 1047 136 36 belopp,

137 1093 76 21 som
233 1085 112 30 skolat
367 1095 42 20 av
430 1086 128 30 kassan
578 1087 129 36 gäldas,
731 1087 113 31 därest
865 1088 41 29 de
925 1088 216 30 omedelbart
1161 1087 73 31 före
1254 1090 244 35 övertagandet
1517 1090 128 35 gällan-

138 1127 42 30 de
206 1127 306 32 bestämmelserna
540 1129 148 37 alltjämt
715 1129 87 31 varit
826 1130 169 36 gällande,
1023 1130 71 30 dels
1119 1130 291 38 pensionstillägg,
1436 1131 11 30 i
1474 1133 65 29 den
1565 1131 81 31 mån

139 1170 124 30 sådant
283 1170 55 31 vid
361 1172 244 36 övertagandet
627 1172 98 36 utgår
749 1172 103 37 enligt
875 1173 230 36 kungörelsen
1127 1174 67 30 den
1220 1175 37 29 15
1278 1173 76 37 juni
1381 1175 82 30 1922
1489 1171 54 40 (nr
1566 1172 75 39 361)

139 1214 78 29 med
243 1213 73 30 däri
341 1214 194 30 sedermera
558 1214 121 37 gjorda
704 1215 197 37 ändringar,
926 1216 71 30 dels
1022 1216 250 37 dyrtidstillägg
1295 1217 104 36 enligt
1423 1218 41 30 de
1487 1218 159 36 grunder,

140 1264 75 22 som
242 1256 56 30 vid
323 1256 96 37 varje
446 1257 163 36 tidpunkt
636 1258 89 36 gälla
752 1258 11 30 i
790 1258 98 36 fråga
914 1268 57 21 om
1001 1259 250 37 dyrtidstillägg
1278 1259 33 31 åt
1339 1260 230 31 efterlevande
1596 1261 51 30 till

138 1298 342 37 befattningshavare
505 1300 11 30 i
542 1304 127 27 statens
695 1300 116 38 tjänst,
837 1301 71 30 dels
933 1302 65 29 ock
1023 1305 46 27 ett
1093 1302 67 30 fast
1184 1302 126 37 tillägg,
1336 1304 244 30 motsvarande
1605 1304 41 29 22

137 1345 144 32 procent
305 1342 20 30 å
348 1344 155 29 nämnda
526 1343 269 37 grundpension,
821 1345 88 29 dock
935 1348 48 27 att
1007 1344 219 31 beträffande
1250 1346 230 31 efterlevande
1505 1346 50 30 till
1579 1347 66 29 del-

138 1385 103 36 ägare
259 1385 103 36 enligt
380 1386 40 30 de
437 1386 212 36 övergående
668 1387 235 36 stadgandena
920 1387 11 30 i
948 1388 144 30 kassans
1111 1388 204 36 reglemente
1338 1385 308 40 (P”-pensionärer-

136 1424 58 39 na)
226 1428 91 30 detta
340 1428 117 37 tillägg
480 1429 11 30 i
515 1429 110 31 stället
650 1430 88 29 skall
763 1430 80 36 utgå
868 1431 80 29 med
973 1430 137 36 belopp,
1135 1432 243 30 motsvarande
1404 1433 41 29 de
1469 1432 176 36 gratifika-

137 1470 122 36 tioner,
285 1480 74 21 som
382 1471 107 36 enligt
512 1475 113 27 senast
648 1472 202 36 tillämpade
874 1473 150 36 grunder
1049 1473 110 36 utgått
1182 1474 51 29 till
1258 1473 130 31 sådana
1412 1475 233 35 pensionärer.

183 1513 87 30 Före
289 1514 245 36 övertagandet
556 1514 170 36 beviljade
748 1515 189 30 understöd
959 1516 138 36 jämlikt
1119 1514 20 39 8
1171 1517 10 29 6
1204 1525 104 21 mom.
1331 1517 18 29 4
1373 1516 10 30 i
1407 1518 144 29 kassans
1575 1526 69 28 reg-

138 1554 146 32 lemente
307 1557 96 29 skola
426 1556 149 37 alltjämt
597 1556 80 37 utgå
700 1557 103 36 enligt
826 1557 232 32 oförändrade
1081 1559 158 36 grunder.
1286 1559 161 31 Rörande
1468 1560 177 36 pensions-

135 1598 120 36 tillägg
278 1600 67 29 och
371 1599 250 37 dyrtidstillägg
645 1600 87 30 härå
755 1600 106 36 gäller
885 1603 66 29 vad
977 1610 90 21 ovan
1092 1602 87 35 sägs.

183 1641 13 30 I
216 1642 41 29 de
275 1641 11 30 i
305 1642 92 30 detta
413 1652 105 20 mom.
538 1643 148 30 avsedda
704 1643 106 30 fallen
828 1644 97 30 skola
942 1644 11 30 i
970 1644 111 36 övrigt
1098 1645 79 30 med
1194 1645 168 30 avseende
1380 1644 19 31 å
1418 1645 94 30 såväl
1531 1646 113 36 rättig-

137 1684 96 30 heter
256 1693 74 21 som
352 1685 241 37 skyldigheter,
618 1686 92 30 vilka
733 1689 110 27 staten
865 1687 139 36 jämlikt
1031 1688 13 28 1
1069 1696 104 21 mom.
1198 1688 63 29 här
1284 1697 89 21 ovan
1395 1690 186 35 övertager,
1605 1689 41 29 de

137 1726 74 31 före
236 1728 243 35 övertagandet
504 1729 158 35 gällande
686 1729 306 31 bestämmelserna
1016 1729 10 31 i
1051 1730 206 37 tillämpliga
1281 1731 94 30 delar
1398 1731 100 37 gälla,
1525 1732 120 30 därvid

136 1769 55 31 för
213 1773 110 27 staten
343 1771 89 29 skall
451 1771 90 36 gälla
563 1772 65 29 vad
652 1771 104 37 enligt
778 1772 147 31 berörda
947 1773 258 30 bestämmelser
1228 1773 105 37 gäller
1354 1773 54 31 för
1430 1775 128 30 kassan
1580 1775 64 29 och

137 1812 121 31 därvid
279 1813 212 37 myndighet,
512 1823 73 21 som
606 1814 122 37 Kungl.
750 1814 100 37 Maj:t
868 1815 219 36 bestämmer,
1109 1816 88 30 skall
1217 1816 146 36 fullgöra
1382 1818 66 29 vad
1465 1817 106 37 enligt
1589 1817 55 30 be-

134 1856 106 29 rörda
261 1856 259 31 bestämmelser
542 1858 205 29 ankommer
770 1857 46 36 på
838 1859 144 29 kassans
1007 1858 172 30 direktion
1202 1859 80 31 eller
1306 1859 227 37 fullmäktige.
1580 1860 65 30 Vid

137 1898 264 36 tillämpningen
422 1899 108 29 härav
553 1900 96 29 skola
672 1899 102 36 följas
798 1901 41 29 de
859 1910 41 20 av
921 1901 146 30 kassans
1090 1901 171 30 direktion
1280 1903 156 29 närmast
1457 1902 73 31 före
1550 1904 94 29 över-

136 1941 162 35 tagandet
320 1941 202 36 tillämpade
544 1942 196 36 grunderna
762 1943 147 30 rörande
934 1943 262 30 bestämmande
1220 1953 41 20 av
1285 1944 144 36 avgifter
1454 1945 103 36 enligt
1581 1943 20 39 8
1626 1945 20 30 6

137 1992 105 21 mom.
274 1985 13 28 1
317 1983 10 30 i
354 1984 145 29 kassans
526 1985 214 34 reglemente.
791 1985 192 31 Förvärvas
1011 1985 145 31 sålunda
1181 1986 86 30 efter
1292 1987 244 36 övertagandet
1563 1997 80 26 pen-

136 2026 162 30 sionsrätt
321 2026 86 30 efter
431 2027 349 36 befattningshavare,
804 2037 74 21 som
904 2038 42 20 en
972 2028 88 36 gång
1086 2028 122 30 vunnit
1233 2029 283 36 avgiftsbefrielse
1539 2030 105 37 enligt

137 2067 20 38 &
180 2069 36 28 11
240 2079 103 20 mom.
366 2070 18 28 2
405 2069 10 30 i
436 2070 143 29 kassans
597 2070 216 36 reglemente,
834 2071 88 29 skall
943 2071 55 30 det
1017 2071 10 29 i
1047 2071 106 31 första
1173 2072 132 36 stycket
1323 2073 65 29 här
1406 2082 89 21 ovan
1516 2073 126 31 omför-

137 2112 116 29 mälda
277 2112 88 30 fasta
389 2112 151 36 tillägget
564 2112 19 30 å
606 2113 229 35 pensionerna
860 2113 75 31 icke
960 2113 90 37 utgå.

181 2155 29 29 8.
259 2154 101 36 Ingår
390 2155 350 36 hefattningshavare,
773 2165 74 21 som
879 2156 143 36 tidigare
1055 2157 87 30 varit
1174 2157 156 37 delägare
1363 2158 10 30 i
1405 2159 127 29 kassan
1565 2168 79 21 men

136 2196 55 30 vid
213 2198 244 35 övertagandet
476 2198 137 36 jämlikt
633 2196 20 38 8$
678 2199 34 28 11
735 2207 104 21 mom.
862 2200 18 28 2
900 2199 10 29 i
930 2199 145 29 kassans
1094 2200 204 35 reglemente
1319 2201 153 35 upphört
1493 2205 48 27 att
1562 2210 82 21 vara

137 2239 168 36 delägare,
335 2240 84 29 efter
448 2241 244 35 övertagandet
719 2241 204 36 äktenskap,
954 2242 88 29 skall
1071 2243 70 29 han
1171 2252 81 20 vara
1280 2243 189 36 berättigad
1498 2247 49 27 att
1576 2244 66 30 för-

137 2283 104 28 värva
266 2282 232 35 pensionsrätt
524 2282 53 30 för
602 2283 122 30 hustru
750 2284 64 29 och
843 2284 87 29 barn
958 2284 10 29 i
997 2284 54 29 det
1077 2285 226 35 äktenskapet
1328 2286 104 35 enligt
1459 2287 184 29 enahanda

135 2325 160 35 grunder,
322 2334 75 19 som
421 2325 83 35 gällt
530 2325 71 30 före
627 2326 255 35 övertagandet,
909 2326 121 29 därvid
1058 2329 65 28 vad
1148 2327 11 29 i
1187 2328 16 28 7
1230 2336 104 21 mom.
1363 2328 63 29 här
1449 2338 91 20 ovan
1567 2330 75 35 sägs

136 2367 89 30 skall
246 2368 63 34 äga
331 2368 243 29 motsvarande
593 2367 231 36 tillämpning.

180 2411 29 28 9.
259 2405 136 35 Önskar
421 2410 167 34 delägare,
615 2419 74 20 som
715 2410 56 30 vid
798 2411 244 34 övertagandet
1067 2411 157 30 kvarstår
1251 2412 9 29 i
1286 2415 127 27 statens
1440 2412 202 37 järnvägars

134 2452 109 36 tjänst
269 2453 63 29 och
360 2452 54 30 för
440 2451 115 30 vilken
580 2452 426 31 huvudbestämmelserna
1032 2453 10 30 i
1068 2454 144 29 kassans
1237 2455 206 35 reglemente
1467 2456 100 37 gälla,
1595 2459 47 28 att

133 2495 57 30 för
213 2496 129 29 honom
367 2494 9 30 i
398 2495 113 29 stället
532 2494 52 31 för
607 2494 260 31 föreskrifterna
891 2495 9 30 i
925 2496 86 30 2—6
1034 2505 104 23 mom.
1164 2496 63 31 här
1248 2507 89 20 ovan
1362 2498 87 30 skall
1472 2499 63 35 äga
1551 2490 6 48 =
1578 2499 63 30 till-
