1914 2818
603 151 265 30 Statsutskottets
890 148 167 30 utlåtande
1080 148 45 28 Nr
1147 148 48 28 40.
1645 140 19 32 3

668 202 18 17 +

843 400 60 42 Nr
933 399 70 42 40.

597 514 125 28 Ankom
746 513 49 28 till
818 511 189 37 riksdagens
1031 510 105 28 kansli
1160 510 61 27 den
1247 509 16 26 7
1289 516 83 20 mars
1399 507 76 28 1941
1501 505 41 29 kl.
1570 506 36 27 12
1622 514 42 19 m.

473 607 193 38 Utlåtande
706 606 14 36 i
747 604 195 49 anledning
971 616 45 24 av
1045 602 135 49 Kungl.
1200 601 130 49 Maj:ts
1353 599 224 50 proposition
1604 611 60 23 an-

571 667 136 49 gående
745 665 295 48 löneställningen
1069 665 67 48 för
1163 663 72 36 viss
1263 662 58 36 till
1349 661 96 36 aktiv
1472 666 72 30 stat
1571 660 95 35 inom

568 726 338 52 försvarsväsendet
932 725 167 49 överförd
1119 724 185 47 personal.

1445 779 61 42 (l:a
1529 777 85 43 avd.)

212 885 18 31 I
264 882 263 44 propositionen
562 892 40 20 nr
624 880 40 32 33
698 880 62 31 har
793 878 127 42 Kungl.
944 877 108 41 Maj:t,
1076 876 110 32 under
1209 874 218 42 åberopande
1450 884 41 21 av
1513 872 154 43 proposi-

162 936 118 32 tionen
314 934 109 41 bilagt
455 932 124 41 utdrag
611 942 39 21 av
684 928 382 43 statsrådsprotokollet
1100 929 80 30 över
1202 925 302 33 försvarsärenden
1525 924 53 31 för
1601 923 66 31 den

162 988 19 31 3
213 985 135 43 januari
378 985 89 37 1941,
491 982 177 42 föreslagit
700 981 185 41 riksdagen
907 978 209 42 bemyndiga
1138 977 126 42 Kungl.
1289 976 98 41 Maj:t
1410 977 50 30 att
1482 975 11 31 i
1516 974 152 41 enlighet

163 1037 78 32 med
275 1036 42 31 de
351 1046 41 20 av
425 1032 379 43 departementschefen
831 1031 11 31 i
865 1030 147 32 berörda
1035 1027 345 43 statsrådsprotokoll
1403 1025 146 42 angivna
1571 1035 97 31 grun-

163 1088 106 32 derna
292 1085 135 33 utfärda
449 1083 260 33 bestämmelser
732 1094 55 20 om
811 1081 175 42 placering
1008 1080 12 31 i
1042 1079 175 33 löneklass
1240 1078 65 32 och
1327 1076 219 33 beräknande
1562 1086 39 21 av
1617 1075 51 31 tid

163 1139 52 31 för
248 1136 235 43 uppflyttning
516 1135 11 31 i
562 1135 104 41 högre
688 1133 175 32 löneklass
885 1132 53 31 för
960 1130 172 43 personal,
1157 1140 74 22 som
1254 1129 11 31 i
1289 1127 199 41 anslutning
1512 1126 52 32 till
1589 1126 81 31 1940

163 1191 55 30 års
241 1188 141 42 lagtima
403 1186 157 40 riksdags
583 1185 115 32 beslut
721 1195 55 21 om
800 1182 299 33 befälskadrernas
1122 1180 169 41 utökning
1306 1179 168 32 överförts
1491 1177 72 32 från
1580 1178 90 30 över-

164 1241 189 41 gångsstat,
376 1238 186 32 reservstat
595 1235 64 32 och
692 1246 115 21 reserv
841 1234 53 32 till
917 1233 146 32 officers-
1086 1232 64 31 och
1174 1224 496 51 underofficersbeställningar

166 1293 42 40 på
231 1290 93 32 aktiv
347 1291 69 30 stat
438 1288 57 32 vid
517 1285 327 34 försvarsväsendet.

218 1384 133 41 Frågan
385 1393 55 21 om
473 1380 291 42 löneställningen
787 1380 53 31 för
861 1378 72 32 viss
956 1378 54 31 till
1032 1377 92 32 aktiv
1148 1378 69 30 stat
1239 1376 94 31 inom
1356 1373 315 34 försvarsväsendet

166 1434 158 33 överförd
347 1433 161 42 personal
531 1431 286 40 sammanhänger
839 1431 153 30 närmast
1015 1428 78 31 med
1109 1428 66 31 den
1192 1427 129 41 ökning
1336 1437 40 21 av
1392 1425 279 32 befälskadrerna

165 1486 58 31 vid
256 1487 127 35 armén,
407 1494 73 21 som
514 1482 200 32 beslutades
748 1491 40 21 av
824 1480 81 33 1940
937 1481 56 30 års
1026 1478 140 42 lagtima
1196 1477 140 42 riksdag
1359 1477 64 31 och
1445 1475 152 39 innebar,
1622 1477 50 29 att

166 1535 157 41 omkring
344 1535 64 31 400
430 1534 145 31 officers-
598 1532 64 32 och
686 1534 80 29 över
789 1531 62 31 200
874 1528 497 41 underofficersbeställningar
1393 1526 111 32 skulle
1519 1526 152 31 besättas

166 1586 79 32 med
278 1584 171 44 personal,
475 1595 74 20 som
583 1583 73 31 icke
690 1583 92 31 förut
816 1580 162 32 tillhörde
1002 1580 66 31 den
1092 1579 114 31 aktiva
1229 1581 123 36 staten,
1376 1589 78 20 men
1477 1577 67 31 den
1566 1576 106 42 gäller

164 1637 126 41 jämväl
324 1635 160 43 personal
518 1644 74 21 som
625 1635 44 40 på
703 1643 130 21 samma
866 1633 68 30 sätt
968 1631 167 31 överförts
1159 1630 53 31 till
1235 1629 91 32 aktiv
1349 1630 69 30 stat
1439 1627 57 32 vid
1519 1627 153 31 marinen

168 1688 64 31 och
255 1687 204 42 flygvapnet.

221 1738 114 32 Sedan
367 1736 126 42 Kungl.
518 1735 106 41 Maj:t,
649 1735 107 41 enligt
779 1745 41 20 av
842 1733 183 42 riksdagen
1048 1733 130 31 lämnat
1199 1730 286 43 bemyndigande,
1509 1729 165 32 fastställt

168 1788 270 43 personalstater
469 1787 53 31 för
555 1788 134 29 arméns
724 1784 252 42 truppförband
1010 1795 42 20 m.
1076 1783 32 31 fl.
1133 1784 50 30 att
1216 1782 90 42 gälla
1338 1781 110 32 under
1469 1780 204 42 budgetåret

169 1838 148 38 1940/41,
341 1838 62 31 har
436 1839 49 30 ett
519 1836 187 32 successivt
740 1834 214 33 tillsättande
988 1845 40 20 av
1062 1834 43 31 de
1132 1833 228 42 nytillkomna
1382 1831 292 41 beställningarna

168 1892 56 39 ägt
257 1900 85 27 rum,
367 1890 38 29 så
437 1890 50 29 att
509 1887 11 31 i
544 1886 210 32 närvarande
778 1886 105 31 stund
906 1886 110 30 större
1040 1884 100 31 delen
1161 1895 40 20 av
1222 1883 102 31 dessa
1346 1881 247 42 beställningar
1615 1882 59 30 äro

168 1941 145 31 besatta.
359 1937 132 32 Härvid
521 1937 62 31 har
604 1936 257 41 inplaceringen
884 1936 12 30 i
920 1934 294 42 tjänsteställning
1236 1932 268 43 (turberäkning)
1526 1932 12 31 i
1561 1931 113 32 veder-

168 1990 114 41 börlig
305 1988 211 42 tjänstegrad
539 1989 56 40 ägt
617 1998 75 20 rum
716 1986 108 42 enligt
846 1986 66 31 den
935 1985 126 42 regeln,
1086 1987 50 29 att
1159 1984 42 32 de
1217 1995 67 30 nya
1298 1982 378 42 beställningshavarna

170 2041 73 31 från
266 2050 160 22 reserven
449 2039 169 41 placerats
645 2037 215 33 omedelbart
882 2036 86 32 efter
991 2035 43 32 de
1056 2035 12 32 i
1091 2035 169 32 avseende
1284 2036 19 30 å
1330 2033 218 32 officerskurs
1570 2032 106 42 (furir-

170 2090 108 42 skola)
299 2089 188 43 jämnåriga
508 2088 381 42 beställningshavarna
911 2089 19 29 å
953 2087 91 31 aktiv
1068 2088 77 36 stat,
1162 2085 110 32 under
1295 2085 59 31 det
1373 2086 50 30 att
1439 2084 41 31 de
1497 2084 72 31 från
1587 2085 89 30 över-

170 2143 180 40 gångsstat
373 2140 179 32 överförda
575 2139 138 32 återfått
735 2138 54 31 sin
814 2138 144 41 tidigare
982 2136 304 42 tjänsteställning.

223 2190 310 42 Löneställningen
567 2190 52 31 för
651 2188 258 42 ifrågavarande
942 2187 162 42 personal
1138 2187 218 37 bestämmes,
1389 2186 116 31 därest
1539 2184 140 32 särskilt

171 2242 117 32 beslut
310 2241 74 31 icke
408 2240 175 32 meddelas
606 2240 11 31 i
640 2241 124 36 ämnet,
789 2239 108 40 enligt
920 2238 258 31 föreskrifterna
1205 2237 11 31 i
1244 2237 58 31 det
1325 2236 147 31 militära
1488 2235 190 40 avlönings-

172 2293 225 41 reglementet
419 2290 67 42 (Sv.
510 2290 184 31 förf.-saml.
719 2301 41 19 nr
783 2288 179 41 275/1939).
998 2288 53 31 De
1073 2287 270 37 bestämmelser,
1368 2297 73 20 som
1464 2285 120 31 härvid
1607 2286 71 29 när-

173 2344 88 29 mast
284 2342 136 31 komma
442 2341 11 30 i
476 2339 232 37 betraktande,
733 2339 164 31 innebära
920 2338 10 31 i
954 2337 180 31 huvudsak
1156 2336 161 42 följande.

226 2391 248 41 Huvudregeln
497 2391 53 31 för
571 2389 358 41 löneklassplacering,
953 2387 191 32 innefattad
1167 2387 12 31 i
1202 2387 244 41 reglementets
1463 2386 16 30 7
1495 2384 22 42 &
1534 2386 14 30 1
1567 2395 112 27 mom.,

174 2442 145 33 innebär
342 2443 50 30 att
414 2440 354 42 beställningshavare
791 2439 57 31 vid
865 2438 237 33 tillträdandet
1118 2449 39 20 av
1175 2437 172 33 ordinarie
1362 2435 210 42 beställning
1587 2435 91 32 inom
