2242 2681
389 229 20 29 4
886 221 240 42 Lagutskottets
1158 218 173 35 Utlåtande
1355 218 52 31 Nr
1430 218 51 31 12.

389 310 168 48 förening
595 315 84 42 äger
722 307 152 37 medelst
912 306 104 47 inrop
1051 307 19 33 å
1099 302 172 38 exekutiv
1303 300 151 38 auktion
1478 299 185 39 förvärfra
1691 298 176 49 fastighet
1895 300 89 35 utan

389 366 170 37 afseende
588 367 20 33 å
637 364 81 36 dess
747 361 254 37 beskaffenhet
1029 360 66 36 och
1125 361 88 34 utan
1243 357 169 36 afseende
1442 355 108 37 äfven
1580 355 96 45 därå,
1708 353 181 37 huruvida
1926 353 58 36 bo-

388 422 98 47 laget
515 420 88 35 eller
632 417 216 48 föreningen
876 418 46 45 på
945 415 119 48 grund
1083 414 40 36 af
1139 413 88 36 aftal
1246 412 88 36 eller
1354 411 105 49 eljest
1487 411 98 35 förut
1613 410 67 35 har
1708 411 119 45 någon
1862 410 73 34 rätt
1972 407 14 36 1

390 474 234 49 fastigheten.
682 473 19 35 I
729 472 102 48 fråga
860 473 78 34 åter
966 482 55 23 om
1051 471 119 34 rätten
1199 470 53 33 att
1281 465 345 47 öfverhufvudtaget
1646 464 89 35 eller
1754 464 124 46 längre
1898 463 87 35 eller

390 531 145 36 kortare
577 528 54 36 tid
671 527 144 36 behålla
857 526 70 35 den
969 524 152 37 sålunda
1163 521 230 37 förvärfvade
1437 520 222 48 egendomen
1697 518 97 47 gälla
1827 518 81 35 med
1936 517 49 36 af-

391 585 132 36 seende
568 586 20 33 å
629 581 125 49 dylika
806 579 141 38 förvärf
992 578 178 37 särskilda
1211 574 275 38 inskränkande
1529 573 281 43 bestämmelser,
1860 571 126 38 hvilka

391 639 92 36 dock
525 637 58 37 till
624 637 142 36 förmån
808 635 55 36 för
891 634 144 47 bolaget
1063 633 88 35 eller
1180 630 216 49 föreningen
1424 629 13 35 i
1465 628 74 37 viss
1568 630 84 34 mån
1681 626 222 37 modifierats
1932 626 55 37 för

392 695 61 35 det
483 693 75 43 fall,
591 694 52 33 att
671 691 143 48 inropet
843 689 40 36 af
908 688 223 47 fastigheten
1161 686 97 36 skett
1287 685 55 35 för
1371 683 214 49 skyddande
1614 682 40 36 af
1678 684 118 45 någon
1824 681 163 48 bolagets

392 748 87 36 eller
508 745 233 48 föreningens
781 744 149 35 fordran
965 743 86 34 eller
1084 740 187 47 rättighet,
1301 738 147 36 hvarför
1477 737 223 46 fastigheten
1729 738 46 44 på
1804 736 119 47 grund
1952 735 39 35 af

392 800 217 48 inteckning
646 800 88 35 eller
768 797 147 50 jemlikt
951 799 43 33 11
1030 796 82 47 kap.
1147 797 19 33 2
1193 795 22 46 &
1241 792 240 50 jordabalken
1518 790 132 37 häftar.
1712 788 125 49 Enligt
1865 789 124 37 utsök-

393 857 217 46 ningslagen
639 853 124 48 tillgår
792 852 184 47 nämligen
1005 863 74 25 som
1108 849 136 36 bekant
1275 847 60 37 vid
1363 848 70 35 den
1475 845 197 45 exekutiya
1710 844 198 36 auktionen
1937 846 49 42 så,

393 914 55 34 att
481 909 222 48 fastigheten
732 908 92 36 först
856 909 147 44 utropas
1032 905 81 36 med
1137 903 191 43 förbebåll,
1360 904 52 33 att
1440 900 267 49 nyttjanderätt
1736 899 87 35 eller
1848 898 142 36 afverk-

394 966 185 47 ningsrätt
603 963 93 38 skall
716 963 112 44 bestå,
851 960 196 44 hvarefter,
1070 972 55 23 om
1143 961 130 45 någon,
1292 969 73 24 som
1382 962 86 41 äger
1484 955 116 35 bättre
1615 957 84 41 rätt,
1713 954 31 48 ej
1764 953 74 36 kan
1856 966 44 22 ur
1919 953 71 35 den

393 1021 138 48 bjudna
558 1017 296 49 köpeskillingen
882 1015 136 36 erhålla
1042 1014 69 35 full
1130 1012 226 49 godtgörelse
1372 1011 66 35 och
1455 1010 30 48 ej
1504 1010 117 35 beller
1636 1007 203 49 medgifver
1854 1010 53 33 att
1927 1007 62 36 vid

394 1076 62 35 det
496 1074 137 37 skedda
661 1074 145 45 utropet
834 1074 58 33 må
920 1068 182 45 förblifva,
1134 1070 93 34 samt
1263 1067 70 35 den
1362 1064 226 37 förbehållna
1617 1063 242 48 rättighetens
1889 1061 98 37 inne-

394 1129 150 37 hafvare
587 1127 30 49 ej
658 1127 108 48 fyller
802 1125 151 44 bristen,
984 1127 104 44 utrop
1119 1129 83 41 äger
1231 1134 79 22 rum
1339 1123 88 33 utan
1455 1119 181 36 förbehåll
1664 1130 55 23 om
1749 1117 242 47 rättighetens

394 1183 164 44 bestånd,
590 1182 152 36 hvilken
771 1192 127 23 senare
928 1177 214 49 försäljning
1170 1176 70 36 blir
1268 1175 195 42 bindande,
1486 1186 56 23 om
1563 1171 295 48 köpeskillingen
1878 1170 113 48 stiger

396 1239 123 46 högre.
579 1235 176 37 Gällande
797 1232 235 49 lagstiftning
1065 1231 119 48 gifver
1213 1229 151 37 sålunda
1392 1227 263 36 innehafvaren
1684 1226 39 36 af
1744 1225 251 48 skogsafverk-

396 1292 185 47 ningsrätt
610 1290 82 36 icke
720 1291 121 45 någon
870 1287 175 47 rättighet
1074 1288 53 33 att
1156 1287 46 44 på
1230 1284 118 47 grund
1378 1282 106 36 däraf
1509 1280 222 48 framtvinga
1755 1280 240 47 egendomens

397 1345 197 37 exekutiva
637 1342 226 49 försäljning,
908 1341 30 49 ej
983 1341 116 35 heller
1141 1341 116 34 såsom
1300 1337 226 36 motionären
1554 1347 109 37 synes
1692 1335 162 35 förmena
1878 1336 119 45 någon

396 1399 159 38 särskild
588 1398 217 48 befogenhet
835 1399 53 33 att
916 1396 62 36 vid
1006 1394 103 49 dylik
1138 1392 214 49 försäljning
1376 1391 127 47 inropa
1531 1389 232 48 fastigheten.
1821 1388 175 36 Motionä-

396 1466 83 24 rens
520 1453 165 49 yrkande
726 1451 14 36 i
782 1452 118 34 denna
938 1450 59 35 del
1034 1461 107 36 synes
1182 1448 106 35 alltså
1327 1445 99 37 hvila
1453 1448 47 44 på
1528 1457 45 23 en
1602 1441 328 49 missuppfattning
1959 1441 39 37 af

397 1510 124 46 lagens
546 1506 240 38 föreskrifter.

504 1563 51 34 På
593 1561 118 48 grund
749 1560 39 36 af
822 1559 96 37 hvad
946 1558 179 36 utskottet
1154 1556 152 36 sålunda
1335 1554 130 44 anfört,
1496 1554 56 35 får
1582 1553 179 35 utskottet
1789 1551 204 44 hemställa,

933 1669 53 33 att
1028 1664 276 49 ifrågavarande
1347 1662 136 37 motion
1521 1662 80 36 icke
1644 1663 113 34 måtte
1794 1659 57 36 till
1879 1661 119 45 någon

827 1721 231 47 Riksdagens
1088 1719 127 48 åtgärd
1244 1718 196 36 föranleda.

508 1832 207 37 Stockholm
746 1831 69 35 den
845 1832 48 50 22
924 1828 161 37 februari
1117 1830 111 33 1910.

935 1938 52 35 På
1014 1936 258 48 lagutskottets
1300 1939 151 42 vägnar:

987 2044 158 36 ERNST
1175 2042 251 36 TRYGGER.
