2217 2653
729 177 251 33 Statsutskottets
1002 179 161 33 utlåtande
1187 180 52 32 Nr
1262 182 29 31 7.
1748 186 38 31 61

236 265 80 24 som
358 253 204 38 debiterats
608 258 48 47 på
696 257 124 48 grund
863 271 46 23 av
950 259 283 38 vederbörande
1261 262 372 50 prövningsnämnds
1662 267 40 33 år
1733 267 97 35 1914

234 305 230 38 verkställda
492 307 90 37 eller
609 308 213 38 fastställda
850 311 218 50 taxeringar
1095 313 102 36 inom
1225 314 371 49 landstingsområde
1624 317 89 36 eller
1733 318 96 45 stad,

233 371 131 23 varom
405 372 50 23 nu
496 364 163 44 nämnts,
703 362 69 36 och
815 362 72 38 den
929 364 12 36 i
976 377 144 24 samma
1148 365 163 50 ordning
1339 367 216 38 debiterade
1584 368 247 51 bevillnings-

234 422 173 25 summan
436 412 57 35 för
521 412 85 37 hela
632 413 107 37 riket.

361 510 240 52 Beträffande
630 518 254 50 utredningen
911 519 12 36 1
952 521 155 36 ärendet
1135 521 178 38 hänvisas
1337 523 57 36 till
1414 524 67 36 sid.
1504 526 74 35 330
1598 526 12 35 i
1630 526 198 37 statsråds-

233 566 237 49 protokollet.

361 672 207 49 Utskottet,
598 687 79 23 som
706 675 81 36 icke
815 676 81 36 haft
925 679 117 46 något
1067 683 53 31 att
1140 679 123 36 erinra
1283 685 77 31 mot
1379 679 140 51 Kungl.
1540 681 127 50 Maj:ts
1686 683 141 49 ifråga-

231 724 164 36 varande
424 725 291 51 framställning,
745 728 227 48 hemställer,

761 837 54 31 att
841 832 218 50 Riksdagen
1088 837 61 33 må
1177 837 20 34 å
1225 840 99 32 extra
1351 841 70 33 stat
1443 837 58 37 för
1520 840 41 34 år
1583 841 97 35 1914
1701 841 128 36 anvisa

632 889 54 30 ett
726 884 137 50 belopp
906 899 46 22 av
996 888 200 47 1,450,000
1236 889 150 48 kronor,
1418 895 54 31 att
1500 890 162 37 fördelas
1691 893 138 36 mellan

630 936 196 49 landsting
867 938 69 36 och
979 939 135 47 städer,
1157 953 80 23 som
1278 941 82 36 icke
1401 942 152 49 deltaga
1582 944 11 35 i
1621 944 206 49 landsting,

631 988 94 37 efter
752 989 252 38 förhållandet
1032 992 137 36 mellan
1199 992 71 37 den
1297 993 213 50 bevillning
1537 1009 46 22 av
1612 996 75 36 fast
1715 1010 112 36 egen-

632 1040 86 37 dom
760 1047 97 30 samt
898 1055 47 23 av
985 1043 180 49 inkomst,
1211 1058 80 23 som
1321 1045 201 38 debiterats
1552 1050 48 47 på
1627 1049 125 48 grund
1781 1063 46 23 av

631 1093 280 36 vederbörande
956 1096 372 48 prövningsnämnds
1374 1100 41 33 år
1458 1100 98 34 1914
1598 1100 229 37 verkställda

631 1143 89 38 eller
748 1144 210 39 fastställda
986 1147 217 49 taxeringar
1229 1149 101 36 inom
1350 1149 369 51 landstingsområde
1739 1153 88 36 eller

631 1198 94 47 stad,
755 1210 128 24 varom
903 1212 49 23 nu
973 1204 162 44 nämnts,
1165 1201 70 36 och
1255 1201 71 37 den
1345 1202 12 35 i
1377 1215 145 24 samma
1541 1204 162 50 ordning
1723 1205 103 37 debi-

630 1250 128 35 terade
794 1250 402 49 bevillningssumman
1225 1254 58 35 för
1310 1254 84 36 hela
1422 1255 107 36 riket.

360 1403 98 48 61:0)
487 1404 142 48 Kungl.
660 1405 107 50 Maj:t
795 1406 69 36 har
892 1407 11 36 i
932 1408 122 49 punkt
1083 1411 46 34 65
1160 1422 45 23 av
1232 1409 239 38 huvudtiteln
1499 1412 197 50 föreslagit
1715 1413 109 37 Riks-

228 1454 125 50 dagen
382 1460 54 31 att
465 1456 59 37 för
561 1457 207 49 utgivande
798 1461 20 33 å
843 1472 76 36 nyo
948 1473 47 22 av
1022 1460 228 38 handboken
1277 1461 200 51 »Sveriges
1505 1464 88 36 land
1622 1465 69 36 och
1720 1466 101 36 folk»

227 1507 12 35 1
281 1520 46 23 en
356 1509 152 47 svensk,
538 1521 48 24 en
615 1510 87 48 tysk
730 1511 70 35 och
829 1524 46 23 en
904 1512 158 48 engelsk
1090 1514 166 49 upplaga
1285 1517 20 33 å
1333 1520 104 31 extra
1465 1522 75 31 stat
1567 1518 60 35 för
1655 1520 40 34 år
1726 1520 97 35 1914

227 1558 139 50 bevilja
395 1565 54 31 ett
477 1560 134 49 anslag
639 1565 20 32 å
689 1563 136 46 70,000
853 1563 150 48 kronor,
1032 1565 84 36 med
1146 1570 75 32 rätt
1250 1566 57 36 för
1335 1567 141 49 Kungl.
1506 1569 108 49 Maj:t
1637 1575 54 31 att
1709 1570 116 37 redan

226 1611 119 36 under
373 1614 39 34 år
443 1614 97 35 1913
571 1626 45 23 av
644 1614 166 36 nämnda
839 1616 134 49 anslag
1000 1616 202 50 disponera
1233 1620 136 46 10,000
1397 1619 148 38 kronor.

357 1717 239 37 Beträffande
636 1719 253 49 utredningen
929 1721 12 35 i
982 1722 154 36 ärendet
1177 1722 180 38 hänvisas
1400 1724 54 36 till
1483 1724 67 37 sid.
1582 1727 201 36 331—332
1813 1727 12 36 i

227 1769 425 49 statsrådsprotokollet.

355 1873 205 48 Utskottet,
590 1887 80 24 som
698 1875 85 37 icke
811 1876 82 37 haft
921 1880 116 46 något
1062 1883 53 30 att
1135 1878 123 36 erinra
1278 1885 78 30 mot
1375 1880 140 49 Kungl.
1537 1881 126 49 Maj:ts
1683 1882 139 50 ifråga-

226 1925 163 37 varande
417 1926 294 49 framställning,
740 1928 228 46 hemställer,

755 2037 53 31 att
836 2032 217 50 Riksdagen
1082 2037 60 33 må
1170 2034 56 37 för
1253 2036 208 48 utgivande
1489 2039 21 33 å
1535 2050 74 36 nyo
1626 2051 47 23 av
1701 2038 121 37 hand-

624 2083 123 36 boken
789 2083 196 50 »Sveriges
1022 2085 88 37 land
1140 2087 69 36 och
1238 2087 98 36 folk»
1364 2088 12 36 i
1405 2101 47 24 en
1479 2090 153 47 svensk,
1661 2104 46 23 en
1735 2091 88 48 tysk

624 2135 71 36 och
723 2149 46 23 en
797 2136 159 49 engelsk
983 2138 168 49 upplaga
1177 2141 20 34 å
1217 2144 101 32 extra
1336 2144 72 33 stat
1427 2140 58 37 för
1504 2143 41 34 år
1567 2144 97 34 1914
1685 2142 138 50 bevilja

624 2192 56 31 ett
708 2188 134 49 anslag
871 2192 20 33 å
921 2190 136 47 70,000
1086 2190 151 49 kronor,
1266 2192 85 37 med
1379 2197 76 32 rätt
1474 2193 58 37 för
1551 2194 141 50 Kungl.
1713 2194 109 51 Maj:t

625 2244 55 31 att
707 2240 115 37 redan
849 2241 121 37 under
998 2245 40 33 år
1069 2245 95 34 1913
1196 2257 46 23 av
1269 2245 165 36 nämnda
1463 2246 134 48 anslag
1621 2247 201 50 disponera

627 2293 135 46 10.000
790 2292 149 37 kronor.

1862 1418 41 30 Ny
1921 1419 113 31 upplaga

1844 1461 31 15 av
1899 1453 150 25 hundboken

1846 1488 128 31 "Sveriges
1987 1490 63 23 land

1878 1524 44 23 och
1939 1525 74 29 folk".

1894 1560 87 45 [65.
