2222 2665
420 153 43 31 50
894 150 250 33 Statsutskottets
1167 149 164 33 utlåtande
1355 150 52 31 Nr
1430 151 29 30 7.

375 232 125 41 åldriga
523 231 168 41 inredning
716 232 60 32 och
799 230 225 33 beskaffenhet
1047 230 11 32 i
1082 230 109 41 övrigt
1213 230 94 32 bleve
1331 229 73 33 med
1421 240 151 22 ovarsara
1588 229 85 32 hand
1690 229 146 33 berörda.
1872 229 100 32 Kost-

374 277 104 33 naden
512 276 52 33 för
598 276 251 42 ifrågavarande
884 275 151 33 arbetens
1069 274 172 33 utförande
1271 275 163 42 uppginge
1457 273 51 34 till
1532 273 55 33 det
1609 273 73 33 icke
1706 273 188 42 obetydliga
1918 274 55 32 be-

375 322 111 42 loppet
519 331 43 23 av
597 322 116 38 59,000
748 321 131 41 kronor,
903 320 10 32 i
939 320 103 32 vilket
1066 330 38 21 en
1128 330 126 21 summa
1277 330 42 21 av
1342 319 140 32 allenast
1506 319 94 39 3,540
1624 318 121 33 kronor
1767 318 131 42 inginge
1922 318 52 33 för

377 366 209 33 oförutsedda
609 365 148 42 utgifter,
782 365 161 42 ritningar
966 364 61 32 och
1049 364 123 41 tillsyn,
1198 364 108 41 något,
1332 375 70 21 som
1426 363 181 33 emellertid
1630 363 94 33 torde
1744 362 34 33 få
1794 373 96 22 anses
1905 363 68 32 till-

374 411 144 42 räckligt
540 410 74 33 med
637 411 127 40 hänsyn
787 409 51 33 till
862 410 60 32 den
945 409 235 41 noggrannhet,
1205 408 135 32 varmed
1364 408 38 32 de
1426 408 108 32 kända
1557 407 180 42 utgifterna
1759 418 79 21 vore
1853 407 119 33 beräk-

375 456 92 32 nade.
514 455 370 33 Omkostnadssumman
918 454 117 39 kunde,
1070 453 73 32 med
1178 453 160 32 avseende
1372 453 20 32 å
1425 453 50 32 sin
1501 452 208 42 betydenhet,
1734 452 143 41 givetvis
1899 452 74 32 icke

374 500 81 42 utgå
477 500 74 33 från
574 499 40 33 de
637 499 51 33 till
711 499 162 33 ämbetets
896 498 192 42 förfogande
1112 498 120 32 ställda
1256 497 160 33 ordinarie
1440 497 238 42 anslagsmedel
1702 497 60 32 och
1781 497 192 42 näppeligen

375 556 57 21 ens
456 556 41 21 av
522 545 146 32 ämbetet
691 555 41 21 av
756 544 101 32 under
879 543 123 32 händer
1024 543 143 32 varande
1190 542 105 33 medel
1310 542 231 32 förskotteras.
1580 541 147 33 Prövade
1743 542 119 41 Kungl.
1879 542 94 41 Maj:t

374 590 100 32 alltså
496 589 11 33 i
530 589 109 39 nåder,
664 590 50 31 att
737 588 61 33 här
821 587 214 34 omhandlade
1058 588 134 32 arbeten
1215 587 99 32 borde
1337 587 11 32 i
1372 586 326 33 överensstämmelse
1721 586 74 32 med
1811 586 162 33 ämbetets

374 646 43 21 nu
452 634 184 41 framlagda
666 633 125 41 förslag
812 633 133 41 bringas
967 632 52 33 till
1042 631 261 42 verkställighet,
1328 631 94 33 torde
1445 631 113 32 härför
1580 631 35 32 få
1638 631 59 32 hos
1720 631 188 41 Riksdagen
1930 631 43 42 på

375 681 97 29 extra
507 681 68 29 stat
610 678 98 31 äskas
738 678 115 39 anslag
876 677 19 31 å
919 688 84 20 ovan
1026 677 141 39 angivna
1191 676 115 40 belopp
1329 679 86 28 samt
1439 676 251 37 statskontoret,
1716 676 111 31 därest
1849 686 125 21 samma

377 722 136 31 arbeten
545 721 99 32 borde
664 721 36 41 ju
723 721 70 31 förr
816 720 73 32 dess
912 720 102 32 hellre
1036 719 132 32 komma
1190 719 51 32 till
1264 719 183 38 utförande,
1472 718 124 33 erhålla
1619 718 179 42 befallning
1821 720 59 37 att,
1905 720 69 30 mot

375 766 175 33 framdeles
574 765 188 33 ersättande
786 775 41 22 av
851 764 158 41 anslaget,
1034 764 41 32 då
1099 764 91 33 detta
1213 763 125 41 utfölle,
1354 763 110 33 lämna
1478 763 114 41 nödigt
1608 762 145 33 förskott
1769 763 35 32 åt
1820 763 152 39 ämbetet,

376 822 70 21 som
470 810 93 33 torde
586 810 34 32 få
642 812 150 39 mottaga
815 809 179 41 befallning
1017 820 52 21 om
1093 809 39 31 de
1155 808 173 41 medgivna
1351 808 214 41 åtgärdernas
1587 808 207 41 vidtagande.

508 898 219 38 Sedermera
768 898 264 37 överlämnade
1069 896 476 38 överintendentsämbetet
1574 896 86 37 med
1689 896 182 37 skrivelse
1901 896 73 37 den

381 955 44 34 12
466 952 205 36 november
702 953 96 35 1912
829 956 54 31 ett
911 950 94 37 efter
1034 950 149 37 samråd
1211 950 86 36 med
1326 949 322 49 socialstyrelsens
1678 949 91 36 chef
1791 950 185 48 uppgjort

378 1004 145 49 förslag
551 1004 56 37 till
636 1003 230 49 vidtagande
895 1003 57 36 för
980 1016 47 24 en
1054 1002 161 37 kostnad
1245 1015 47 23 av
1322 1003 110 47 1,585
1461 1002 139 36 kronor
1629 1015 45 22 av
1702 1001 101 37 vissa
1835 1006 140 32 smärre

377 1056 390 50 reparationsarbeten
794 1057 101 35 inom
926 1055 291 49 ifrågavarande
1245 1054 195 50 byggnad,
1468 1054 103 36 vilka
1596 1053 163 48 arbeten,
1781 1067 81 23 som
1877 1054 98 48 jäm-

379 1110 60 36 väl
468 1122 89 24 vore
584 1114 198 45 upptagna
809 1109 12 35 i
850 1121 97 23 ovan
976 1107 259 47 omförmälda,
1262 1120 46 23 av
1328 1107 165 36 ämbetet
1513 1106 101 37 förut
1634 1107 164 48 avgivna
1818 1106 155 50 förslag,

379 1175 90 23 vore
497 1162 317 47 oundgängligen
841 1160 243 47 nödvändiga
1113 1160 58 35 för
1200 1166 54 29 att
1279 1159 304 48 socialstyrelsen
1604 1159 119 35 skulle
1743 1159 126 35 kunna
1889 1159 86 35 med

383 1215 95 35 1913
510 1215 59 34 års
598 1213 147 49 ingång
772 1212 206 50 inrymmas
1006 1212 12 36 i
1046 1211 243 50 byggnaden,
1319 1211 70 37 och
1418 1224 93 34 som,
1533 1223 59 24 om
1614 1210 45 37 de
1679 1210 112 37 också
1812 1209 163 38 omedel-

379 1267 84 36 bart
490 1265 260 48 verkställdes,
780 1265 83 37 icke
890 1265 82 36 lade
1000 1264 134 36 hinder
1160 1264 13 36 i
1197 1269 122 44 vägen
1338 1263 59 37 för
1416 1263 146 49 övriga,
1586 1262 229 37 sistberörda
1833 1262 143 48 förslag

380 1318 228 36 tillhörande
638 1318 176 36 arbetens
842 1316 198 37 utförande
1067 1316 212 36 framdeles.

509 1370 73 36 Vid
610 1370 275 48 föredragning
912 1369 73 36 den
1005 1371 47 33 22
1073 1368 203 37 november
1298 1370 95 34 1912
1415 1381 47 22 av
1481 1366 495 38 överintendentsämbetets

381 1422 235 38 sistnämnda
645 1422 177 37 skrivelse
849 1421 214 36 förklarade
1091 1420 141 49 Kungl.
1254 1420 119 49 Maj:t,
1394 1426 54 30 att
1471 1420 385 49 riksgäldskontorets
1877 1419 99 37 förra

380 1476 71 35 hus
480 1474 120 37 skulle
630 1474 82 37 från
741 1474 71 36 och
839 1474 85 36 med
954 1474 71 36 den
1056 1475 18 34 1
1091 1473 152 50 januari
1265 1475 96 34 1913
1385 1472 11 36 i
1416 1473 58 36 sin
1494 1472 126 37 helhet
1640 1472 76 36 tills
1736 1472 127 36 vidare
1882 1485 94 36 upp-

380 1528 93 35 låtas
511 1529 37 33 åt
581 1527 314 48 socialstyrelsen,
926 1532 96 30 samt
1049 1525 280 49 bemyndigade
1357 1525 121 36 tillika
1506 1524 472 37 överintendentsämbetet

381 1584 54 32 att
463 1579 59 36 för
551 1592 47 23 en
625 1577 162 38 kostnad
816 1591 47 23 av
893 1579 110 47 1,585
1033 1577 139 37 kronor
1199 1577 103 36 inom
1331 1577 120 49 sagda
1479 1576 184 50 byggnad
1682 1577 75 36 låta
1775 1576 202 37 verkställa

381 1632 45 36 de
462 1631 12 36 i
511 1631 62 37 det
611 1645 46 22 av
694 1630 164 37 ämbetet
899 1636 126 31 senast
1065 1629 211 48 framlagda
1317 1629 185 49 förslaget
1543 1629 248 36 omförmälda
1825 1628 153 37 arbeten

380 1689 180 31 ävensom
590 1688 54 31 att
673 1683 186 49 förskjuta
887 1682 129 37 härför
1044 1682 246 48 erforderliga
1317 1681 135 37 medel.

508 1806 18 36 I
566 1805 387 48 riksgäldskontorets
996 1805 99 36 förra
1136 1804 71 36 hus
1248 1817 103 35 voro,
1396 1807 123 34 såsom
1544 1804 144 49 jämväl
1715 1803 188 37 inhämtas
1932 1817 46 22 av

380 1858 261 37 ovanberörda
668 1857 262 49 promemoria,
960 1857 64 36 vid
1053 1857 105 36 tiden
1186 1857 59 35 för
1273 1856 72 36 den
1374 1870 47 22 av
1442 1856 135 36 chefen
1597 1856 58 36 för
1674 1855 303 49 socialstyrelsen

380 1911 11 35 i
420 1909 248 37 omförmälda
696 1909 181 37 skrivelse
907 1909 71 36 den
1008 1910 47 35 20
1085 1908 153 48 augusti
1268 1910 96 34 1912
1394 1908 136 49 gjorda
1558 1907 340 49 framställningen,
1923 1907 54 36 in-

380 1962 134 49 rymda
555 1962 79 36 dels
672 1961 331 49 kommerskollegi
1034 1960 204 49 avdelning
1266 1961 58 36 för
1353 1960 305 48 arbetsstatistik,
1688 1973 80 23 som
1796 1960 85 36 från
1909 1960 69 36 och

381 2014 85 37 med
503 2018 39 32 år
572 2016 97 34 1913
698 2016 164 47 uppgått
890 2014 11 35 i
930 2013 312 49 socialstyrelsen,
1273 2013 79 36 dels
1382 2013 70 36 ock
1480 2012 498 48 ecklesiastikdepartemen-

381 2072 72 31 tets
482 2065 210 38 statistiska
720 2065 219 48 avdelning,
968 2065 183 48 varjämte
1181 2070 53 31 ett
1260 2079 68 35 par
1347 2078 83 23 rum
1451 2064 269 50 disponerades
1741 2078 46 23 av
1807 2078 46 23 en
1873 2069 105 31 extra

381 2118 253 37 vaktmästare
667 2118 11 36 i
713 2117 485 37 överintendentsämbetet.
1256 2117 124 37 HSedan
1413 2120 37 33 åt
1479 2116 500 49 ecklesiastikdepartemen-

381 2176 74 31 tets
485 2170 207 36 statistiska
721 2170 205 48 avdelning
953 2170 70 35 och
1047 2169 163 37 nämnda
1228 2170 255 36 vaktmästare
1502 2169 141 37 beretts
1663 2169 142 36 lokaler
1824 2171 20 34 å
1864 2174 114 30 annat

381 2223 88 47 håll,
511 2223 67 36 har
605 2223 13 36 i
646 2222 375 37 överensstämmelse
1050 2222 85 36 med
1164 2222 140 49 Kungl.
1334 2222 127 48 Maj:ts
1490 2222 160 36 berörda
1677 2222 123 36 beslut
1828 2221 73 36 den
1930 2223 47 33 22

382 2275 173 37 sistlidna
595 2274 206 38 november
843 2274 81 37 däri
966 2274 163 37 avsedda
1170 2274 258 50 reparationer
1468 2287 139 36 genom
1654 2273 325 37 överintendents-
