1880 2780
433 159 286 31 Statsutskottets
743 159 180 31 utlåtande
945 168 43 21 nr
1012 159 62 30 140
1096 159 41 30 år
1160 159 80 29 1961
1573 158 19 30 5

403 244 638 39 Inrikesdepartementet:

445 303 74 30 Lån
538 303 53 30 till
607 302 166 31 Gotlands
790 303 77 30 läns
884 301 178 41 landsting
1077 301 57 41 för
1150 301 219 40 utbyggande

489 362 43 22 av
557 354 179 29 lasarettet
762 353 11 30 i
799 353 106 39 Visby
937 375 427 8 .sssssssserreer
1272 348 95 49 reses
1420 350 93 31 1000
1527 350 63 31 000

446 404 73 30 Lån
552 404 52 30 till
632 402 191 41 sällskapet
850 402 312 41 Eugeniahemmet
1205 426 160 7 ........
1453 401 62 31 125
1529 400 63 31 000

445 506 40 29 II.
511 508 50 27 att
582 505 187 40 riksdagen
789 504 68 34 må,
877 505 79 29 med
976 504 99 30 bifall
1097 504 51 30 till
1169 504 125 39 Kungl.
1315 503 124 40 Maj:ts
1459 503 131 39 förslag

401 556 65 30 och
484 556 80 30 med
583 555 117 40 avslag
719 555 20 30 å
755 555 222 30 motionerna
995 554 29 30 1:
1041 554 63 31 335
1124 554 63 30 och
1207 554 45 30 II:
1269 554 73 34 398,
1363 553 102 32 såvitt
1484 562 48 21 nu
1552 554 38 30 är

400 607 12 29 i
435 606 109 39 fråga,
567 606 51 30 till
642 605 226 40 avskrivning
890 614 43 21 av
954 614 69 31 nya
1044 604 388 40 kapitalinvesteringar
1452 604 53 30 till
1527 604 65 29 Lå-

401 656 177 40 nefonden
595 656 57 40 för
670 656 179 30 allmänna
867 654 305 41 samlingslokaler
1185 654 59 31 för
1261 654 204 40 budgetåret
1485 654 105 36 1961/

401 707 41 30 62
466 708 112 29 under
601 708 133 29 statens
755 705 308 40 utlåningsfonder
1085 705 121 30 anvisa
1227 706 48 29 ett
1298 704 294 31 reservationsan-

404 758 73 39 slag
500 766 42 21 av
565 757 16 30 5
597 756 64 31 400
675 756 63 31 000
761 757 53 30 kr.

139 842 201 30 Stockholm
366 842 66 29 den
459 841 42 30 23
526 841 72 40 maj
629 840 82 31 1961

582 925 50 30 På
656 925 278 30 statsutskottets
958 925 147 39 vägnar:

617 1008 142 31 ERNST
783 1009 39 30 V.
847 1007 202 32 STAXÄNG

143 1194 64 31 Vid
230 1194 221 40 förestående
477 1193 148 31 ärendes
650 1192 287 41 slutbehandling
962 1192 95 30 inom
1085 1192 171 31 utskottet
1280 1192 65 30 har
1370 1191 156 31 närvarit

140 1253 80 31 från
274 1254 141 30 första
440 1253 223 31 kammaren:
692 1252 123 30 herrar
840 1252 194 34 Näsström,
1061 1251 190 35 Gillström,
1279 1251 78 31 Ivar
1382 1251 211 33 Johansson,

89 1295 121 40 Birger
224 1295 212 34 Andersson,
449 1294 130 31 fröken
593 1293 213 36 Andersson,
820 1294 123 30 herrar
958 1293 85 32 Axel
1057 1293 180 31 Johannes
1252 1293 212 35 Andersson,
1479 1293 115 34 Thun,

95 1338 183 39 Bergman,
302 1337 209 40 Holmqvist,
537 1338 65 29 Per
626 1336 204 35 Jacobsson,
854 1336 94 30 Fritz
973 1337 161 34 Persson,
1160 1335 131 31 Rikard
1316 1336 185 33 Svensson,
1528 1335 66 29 Ed-

95 1380 111 31 ström
224 1379 67 31 och
312 1379 138 40 Virgin;
475 1380 92 30 samt

140 1438 80 31 från
253 1438 156 30 andra
440 1438 223 29 kammaren:
687 1437 121 30 herrar
832 1438 161 38 Staxäng,
1017 1437 181 29 Petterson
1220 1436 11 30 i
1254 1436 197 40 Degerfors,
1474 1436 121 30 Malm-

91 1481 99 39 borg,
210 1480 169 30 Karlsson
395 1480 13 30 i
428 1479 205 34 Olofström,
654 1478 173 31 Svensson
844 1478 13 30 i
878 1478 208 40 Stenkyrka,
1105 1478 165 35 Blidfors,
1289 1478 176 39 Almgren,
1486 1477 108 34 Ståhl,

96 1522 141 30 Nilsson
264 1523 12 29 i
305 1521 274 40 Göingegården,
608 1521 235 34 Andreasson,
873 1520 58 30 fru
961 1520 314 36 Lewén-Eliasson,
1305 1519 125 31 fröken
1459 1520 135 33 Elmén,

97 1564 121 30 herrar
244 1564 199 30 Johansson
471 1564 10 29 i
509 1563 232 40 Norrköping,
769 1562 209 31 Gustafsson
1005 1562 13 30 i
1044 1562 191 31 Uddevalla
1261 1562 66 30 och
1355 1562 200 30 Andersson
1583 1562 11 29 i

98 1607 147 30 Knäred.

339 2465 165 24 Stockholm
518 2465 75 24 1961.
615 2465 78 24 Isaac
705 2466 112 23 Marcus
828 2463 187 33 Boktryckeri
1028 2463 171 31 Aktiebolag
1243 2468 97 22 610702
