1878 2780
276 157 39 30 10
635 156 407 39 Bevillningsutskottets
1069 156 221 30 betänkande
1316 165 43 21 nr
1385 156 50 29 12.

591 240 53 29 till
670 240 56 39 lag
752 249 57 20 om
837 240 150 38 ändring
1013 249 43 20 av
1083 240 92 29 vissa
1201 240 98 29 delar
1331 239 5 29 i
1363 239 429 40 kommunalskattelagen

590 290 67 29 den
679 290 42 30 28
743 291 197 39 september
967 289 85 30 1928
1079 289 58 33 (nr
1158 289 103 35 370);

635 340 34 34 2)
689 341 40 29 de
747 341 221 36 likalydande
982 340 219 29 motionerna
1216 340 29 28 I:
1263 340 57 29 102
1336 349 41 20 av
1392 339 120 30 herrar
1527 340 188 29 Niklasson
1729 340 65 30 och

590 391 74 29 Nils
689 391 154 29 Larsson
867 393 92 27 samt
983 391 46 29 II:
1048 390 62 30 134
1133 400 42 20 av
1200 391 82 29 herr
1306 391 154 29 Jonsson
1483 391 11 28 i
1519 391 204 38 Skedsbygd
1746 401 46 19 m.

591 441 37 31 fl.
646 451 57 20 om
720 442 234 38 reformering
971 451 42 20 av
1030 441 66 29 den
1115 441 230 30 kommunala
1365 441 429 39 fastighetsbeskattning-

590 501 58 25 en;
677 493 167 28 ävensom

634 542 36 35 3)
698 543 180 29 motionen
900 543 45 28 II:
962 542 64 30 458
1048 551 43 21 av
1111 543 122 29 herrar
1255 543 164 29 Hansson
1440 543 10 28 i
1474 542 148 39 Skediga
1644 543 66 29 och
1731 543 64 29 Bo-

589 602 83 20 man
693 593 11 28 i
726 593 170 29 Stafsund
919 602 57 20 om
999 593 227 39 nedsättning
1246 602 43 21 av
1310 593 57 29 det
1387 593 55 29 för
1463 593 330 39 fastighetsskatten

591 644 161 38 gällande
775 643 329 40 repartitionstalet;

635 694 119 33 måtte,
779 694 11 28 i
817 694 68 29 den
908 694 83 29 mån
1015 694 42 29 de
1080 694 76 29 icke
1180 694 123 29 kunna
1327 703 103 20 anses
1453 694 191 30 besvarade
1669 703 123 30 genom

590 744 66 29 vad
676 744 173 30 utskottet
869 754 88 20 ovan
978 744 129 34 anfört,
1127 754 42 20 av
1187 744 190 39 riksdagen
1398 745 135 29 lämnas
1554 747 86 27 utan
1660 745 132 39 åtgärd.

324 844 203 29 Stockholm
549 845 68 29 den
638 844 42 30 28
702 845 157 29 februari
883 845 94 31 1952.

712 946 50 30 På
783 946 401 40 bevillningsutskottets
1206 948 148 38 vägnar:

854 1046 154 30 ADOLV
1033 1046 180 31 OLSSON.

912 1382 243 30 Närvarande:

321 1448 80 30 från
445 1448 167 30 första
656 1448 224 31 kammaren:
915 1449 122 31 herrar
1071 1449 155 40 Sjödahl,
1260 1449 172 38 Heäiman,
1466 1450 169 37 Franzon,
1668 1450 127 30 Gustaf

274 1489 177 36 Elofsson,
473 1490 183 35 Velander,
678 1491 98 34 Falk,
799 1491 183 40 Ramberg,
1004 1491 199 37 Niklasson,
1226 1491 143 41 Wehtje
1390 1493 64 29 och
1477 1493 115 39 Spetz;
1617 1495 92 27 samt

320 1549 81 29 från
438 1550 155 29 andra
631 1549 224 30 kammaren:
884 1551 122 30 herrar
1033 1550 127 31 Olsson
1187 1551 11 29 i
1223 1550 116 35 Gävle,
1367 1551 209 39 Björklund,
1603 1551 153 30 Jonsson
1783 1552 11 29 i

275 1590 214 41 Skedsbygd,
512 1591 146 39 Orgård,
681 1591 151 33 Persson
852 1593 11 29 i
884 1593 190 40 Svensköp,
1096 1593 122 39 Sjölin,
1241 1593 178 36 Olofsson,
1441 1594 164 34 Strandh,
1627 1594 168 30 Kärrlan-

274 1633 63 30 der
356 1635 64 28 och
440 1633 140 30 Nilsson
600 1634 10 30 i
631 1634 133 30 Svalöv.

802 1953 459 34 Reservationer:

323 2037 32 32 I)
377 2046 42 21 av
436 2037 123 30 herrar
579 2037 181 37 Velander,
782 2038 151 40 Wehtje,
951 2039 151 30 Persson
1121 2038 11 29 i
1152 2039 191 39 Svensköp,
1362 2039 155 30 Strandh
1538 2039 65 30 och
1622 2040 141 31 Nilsson
1783 2040 12 28 i

278 2087 135 34 Svalöv,
432 2087 95 31 vilka
547 2088 78 29 med
644 2088 214 39 hänvisning
877 2088 52 29 till
949 2089 42 29 de
1009 2088 226 40 likalydande
1256 2089 220 30 motionerna
1497 2090 29 29 I:
1545 2090 38 29 16
1604 2091 66 29 och
1689 2091 46 29 II:
1752 2090 42 30 23

276 2139 128 32 ansett,
424 2139 51 29 att
494 2138 190 30 utskottets
704 2138 214 30 hemställan
938 2139 78 30 bort
1035 2139 91 30 hava
1147 2139 159 39 följande
1327 2140 145 39 lydelse:

325 2188 138 29 >Under
479 2188 220 39 åberopande
716 2198 43 20 av
774 2189 67 29 vad
858 2189 149 30 sålunda
1023 2189 138 31 anförts
1177 2189 55 30 får
1247 2190 171 32 utskottet
1433 2190 197 35 hemställa,

326 2239 34 32 1)
390 2240 50 28 att
460 2238 189 39 riksdagen
668 2239 110 29 måtte
797 2257 46 2 —
861 2240 79 29 med
960 2239 101 30 bifall
1082 2240 52 29 till
1154 2240 42 30 de
1217 2240 226 39 likalydande
1464 2240 223 31 motionerna
1706 2242 28 28 I:
1754 2241 39 29 16

278 2299 43 20 av
339 2289 80 28 herr
438 2289 93 29 Ebbe
550 2288 155 32 Ohlsson
722 2298 47 20 m.
788 2289 38 29 fl.
845 2289 65 30 och
928 2289 46 30 II:
990 2290 41 29 23
1051 2299 43 21 av
1112 2290 81 30 herr
1211 2289 142 31 Nilsson
1371 2290 11 29 i
1402 2291 124 29 Svalöv
1545 2301 46 19 m.
1612 2291 38 31 fl.
1672 2295 90 28 samt
1782 2291 12 28 i

278 2339 192 39 anledning
494 2348 42 21 av
562 2339 180 30 motionen
767 2339 124 30 II:458
914 2349 44 20 av
982 2339 123 30 herrar
1130 2340 164 30 Hansson
1320 2340 12 30 i
1357 2340 150 40 Skediga
1532 2342 65 29 och
1623 2342 135 30 Boman
1783 2340 11 29 i

278 2389 170 30 Stafsund
471 2407 44 3 —
536 2389 56 29 för
615 2389 54 30 sin
692 2389 56 30 del
770 2390 130 38 antaga
920 2389 159 40 följande
