2084 2658
651 204 361 43 Bevillningsutskottets
1035 207 207 33 Betänkande
1265 209 61 32 N:o
1349 212 27 28 1.
1751 213 14 30 1

941 669 72 38 N:o
1046 674 30 33 I.

864 835 74 29 Ank.
964 836 39 28 till
1026 836 99 31 Riked.
1150 837 93 30 kansli
1266 839 56 29 den
1347 840 15 28 1
1386 840 63 38 juni
1475 841 92 36 1887,
1593 840 36 30 kl.
1657 843 38 28 12
1721 843 87 30 midd.

419 980 241 49 Betänkande,
701 983 14 35 i
755 983 198 49 anledning
994 986 45 49 af
1075 985 130 49 Kongl.
1236 986 127 50 Maj:ts
1399 990 226 46 proposition
1658 994 73 42 (n:o
1763 992 42 47 4)

611 1051 187 48 angående
824 1053 239 48 förlängning
1092 1056 44 43 af
1161 1056 67 36 den
1257 1057 130 35 mellan
1418 1058 42 35 de
1478 1059 184 48 förenade
1681 1060 125 36 rikena

610 1121 61 35 och
699 1119 163 49 Spanien
892 1123 66 35 den
990 1123 45 36 15
1063 1137 99 23 mars
1183 1125 97 36 1883
1302 1126 184 50 afslutade
1506 1129 298 37 handelstraktat.

341 1272 124 38 Sedan
500 1274 46 37 de
579 1275 366 52 underhandlingar,
976 1292 80 24 som
1085 1281 122 37 under
1235 1282 165 38 sistlidet
1429 1287 40 33 år
1496 1284 140 38 inledtg
1665 1287 138 36 mellan

211 1325 46 36 de
287 1325 181 38 förenade
493 1327 133 37 rikena
655 1328 71 37 och
755 1328 167 51 Spanien
952 1334 198 46 angående
1178 1334 249 51 förlängning
1456 1336 42 36 af
1521 1337 72 36 den
1622 1338 12 36 i
1654 1338 150 38 Madrid

211 1377 73 36 den
326 1380 44 34 15
401 1392 100 23 mars
533 1382 96 34 1883
660 1381 187 38 afslutade
877 1383 359 39 bandelstraktaten
1264 1387 79 36 ledt
1371 1388 57 36 till
1456 1389 209 48 ingåendet
1694 1391 41 36 af
1758 1406 47 22 en

210 1429 248 50 konvention,
488 1431 249 51 hvarigenom
767 1435 193 37 traktaten
992 1437 187 50 förlängts
1195 1438 57 37 till
1275 1440 72 36 den
1373 1443 17 33 1
1417 1441 163 37 februari
1600 1445 95 35 1892
1713 1444 93 37 eller

211 1494 146 24 samma
387 1483 66 48 tid,
486 1483 46 38 då
557 1485 74 36 den
659 1486 137 37 mellan
827 1488 46 36 de
902 1488 181 38 förenade
1111 1491 133 36 rikena
1274 1492 71 36 och
1365 1492 212 39 Frankrike
1606 1496 199 49 ingångna

210 1533 359 39 handelstraktaten
599 1537 161 49 utlöper,
791 1545 98 31 samt
918 1540 164 38 derefter
1114 1542 99 37 intill
1243 1549 54 31 ett
1327 1547 39 33 år
1385 1545 97 37 efter
1498 1547 120 37 skedd
1636 1554 168 43 uppsäg-

210 1585 105 50 ning,
347 1587 68 36 har
443 1588 141 48 Kongl.
616 1589 118 49 Maj:t,
764 1592 52 34 uti
847 1593 238 48 proposition
1114 1597 101 34 n:o
1184 1581 19 69 4
1237 1595 56 36 till
1315 1596 233 50 Riksdagen,
1571 1600 86 36 med
1682 1600 123 37 öfver-

210 1637 204 38 lemnande
457 1640 42 36 af
535 1642 164 36 nämnda
729 1642 236 38 konvention
995 1646 71 36 och
1096 1647 120 36 under
1244 1647 241 50 åberopande
1514 1651 41 35 af
1579 1651 102 36 hvad
1710 1653 11 35 i
1751 1656 54 33 åt-

210 1689 156 48 skilliga
407 1692 185 48 närlagda
635 1695 379 50 statsrådsprotokoll
1057 1698 138 37 funnes
1233 1700 158 49 upplyst
1425 1702 70 36 och
1523 1704 141 48 utredt,
1694 1705 112 37 äskat

210 1741 244 50 Riksdagens
482 1745 285 48 godkännande
792 1749 41 35 af
857 1748 72 36 den
958 1749 187 37 afslutade
1174 1751 299 39 konventionen.

339 1795 55 35 Af
417 1795 161 38 berörda
607 1799 190 48 protokoll
826 1799 204 50 inhemtas,
1060 1808 65 42 att,
1156 1803 116 37 sedan
1303 1805 106 48 fråga
1437 1810 175 45 uppstått
1641 1821 58 23 om
1729 1809 75 36 för-

210 1845 189 51 längning
440 1848 42 36 af
520 1849 74 36 den
637 1852 167 47 spanska
839 1852 368 48 handelstraktaten,
1242 1859 124 34 såsom
1396 1859 294 48 önskningsmål
1720 1861 83 37 från

210 1898 45 36 de
297 1899 182 37 förenade
522 1900 154 38 rikenas
719 1903 80 37 sida
842 1904 238 50 framhållits,
1126 1907 79 36 dels
1236 1914 55 30 att
1320 1909 11 35 i
1360 1922 46 23 en
1436 1911 194 37 blifvande
1660 1913 145 37 traktat

211 1952 116 34 måtte
371 1951 210 50 inrymmas
623 1954 285 51 förtydligande
953 1958 291 38 bestämmelser
1286 1961 142 49 derom,
1458 1968 55 31 att
1541 1964 262 38 rektifikation

209 2002 42 36 af
271 2002 97 50 sprit
405 2003 12 36 i
452 2006 142 36 svensk
627 2006 126 38 fabrik
789 2009 179 49 utgjorde
997 2011 140 36 svensk
1167 2012 265 52 tillverkning,
1462 2023 99 30 samt
1591 2017 127 37 derom
1749 2024 55 31 att

209 2054 86 49 fisk,
328 2069 80 23 som
439 2071 90 23 vare
559 2058 61 50 sig
648 2060 72 36 den
750 2060 152 49 fångats
931 2063 80 35 från
1042 2064 133 36 norskt
1202 2065 130 50 fartyg
1360 2067 91 36 eller
1479 2068 83 37 icke
1590 2069 137 37 införts
1748 2071 57 36 till

210 2107 130 49 Norge
369 2108 11 36 i
410 2111 74 34 rått
507 2110 167 38 tillstånd
703 2112 69 37 och
802 2113 67 36 der
897 2115 145 36 torkats
1072 2116 70 37 och
1171 2117 152 37 beredts
1349 2119 55 36 till
1426 2120 192 50 klippfisk,
1640 2135 89 24 vore
1750 2128 55 31 att

209 2172 91 23 anse
330 2173 80 23 som
442 2162 117 36 norsk
588 2164 178 48 produkt,
797 2165 81 37 dels
905 2172 55 31 att
981 2167 106 37 lister
1103 2168 70 37 och
1191 2169 163 48 timmer,
1372 2172 156 37 afsedda
1544 2174 56 36 till
1616 2188 190 23 samman-

210 2211 174 49 sättning
427 2214 42 35 af
507 2215 146 37 mindre
696 2216 242 50 byggnader,
968 2219 58 36 för
1054 2220 131 37 hvilka
1215 2222 158 37 artiklar
1401 2238 47 22 nu
1481 2225 147 38 erlades
1658 2241 46 22 en
1734 2228 70 36 tull

210 2262 41 36 af
291 2266 107 45 18,75
444 2272 154 43 pesetas
628 2268 57 36 för
718 2272 71 33 100
818 2269 200 50 kilogram,
1049 2272 128 37 kunde
1206 2274 36 36 få
1271 2274 221 51 inbegripas
1521 2278 116 37 bland
1663 2280 141 36 sådana

209 2319 187 45 trävaror,
429 2330 81 24 som
537 2319 10 35 i
576 2319 151 37 tariffen
756 2328 191 42 upptoges
977 2324 85 36 med
1095 2325 72 36 den
1202 2326 107 48 lägre
1329 2328 203 39 tullsatsen
1554 2331 36 36 af
1611 2333 19 34 2
1653 2338 151 42 pesetas

297 2374 74 32 PBih.
396 2376 49 31 till
469 2377 110 32 Riksd.
606 2379 87 31 Prot.
718 2382 91 30 1887.
836 2381 32 33 B.
895 2384 18 28 5
939 2383 98 31 Saml.
1062 2386 18 27 1
1105 2385 81 39 Afd.
1213 2388 16 28 1
1255 2383 95 49 Häft.
1742 2392 13 30 1
