1876 2794
376 160 406 39 Bevillningsutskottets
809 161 220 30 betänkande
1055 170 42 20 nr
1123 162 41 28 36
1190 161 39 31 år
1256 162 84 29 1955
1592 162 18 29 5

150 244 199 39 Riksdagen
366 244 112 30 beslöt
494 244 10 29 i
522 244 153 40 enlighet
691 245 80 29 med
789 245 190 29 utskottets
996 245 212 30 hemställan
1226 245 166 30 skrivelse
1411 246 52 29 till
1480 247 126 39 Kungl.

105 294 106 40 Maj:t
231 295 11 29 i
263 296 129 30 ämnet.

149 345 150 30 Ärendet
322 346 39 29 är
384 345 154 40 alltjämt
561 345 171 31 beroende
756 346 45 40 på
824 346 127 40 Kungl.
976 347 123 39 Maj:ts
1122 347 181 39 prövning.

150 445 137 40 Frågan
312 455 58 21 om
396 447 244 30 fastställande
666 456 43 21 av
732 447 453 40 avskrivningsunderlaget
1208 448 223 30 beträffande
1456 449 151 39 byggna-

106 496 60 29 der
195 496 12 30 i
236 496 282 31 förvärvskällan
547 498 129 29 rörelse
706 497 64 30 har
799 498 209 30 behandlats
1038 508 42 20 av
1109 498 498 41 företagsbeskattningskom-

106 546 125 30 mittén
258 547 102 33 (SOU
384 548 156 30 1954:19
564 558 25 22 s.
616 549 203 34 135—147).
844 550 13 28 I
880 548 99 39 fråga
1001 558 57 20 om
1081 549 227 39 avskrivning
1329 549 20 30 å
1372 549 236 31 återanskaff-

107 599 224 39 ningsvärdet
351 598 146 31 anförde
517 599 210 30 kommittén
753 599 42 34 (s.
818 599 62 30 144
900 599 57 34 f.).

149 655 74 31 Vad
244 656 88 31 först
351 657 174 30 beträffar
545 657 125 39 frågan
689 667 58 20 om
767 658 227 39 avskrivning
1014 658 20 30 å
1054 658 448 39 återanskaffningsvärdet
1528 658 79 35 (nu-

105 698 138 34 värdet)
268 707 103 30 synes
392 699 95 30 detta
507 700 172 38 spörsmål
699 700 71 30 inte
790 700 46 29 ha
856 701 162 29 närmare
1039 701 347 38 uppmärksammats
1407 701 9 28 i
1437 701 171 30 samband

106 741 78 29 med
215 741 83 30 1938
327 741 56 30 års
412 742 231 40 lagstiftning.
672 742 102 30 Detta
801 743 158 39 problem
987 743 132 39 förelåg
1145 744 57 29 väl
1228 744 109 29 redan
1364 743 45 29 då
1436 752 80 21 men
1542 743 66 30 har

106 782 89 30 förts
219 782 92 30 fram
334 784 12 29 i
370 783 249 31 diskussionen
643 784 44 40 på
711 785 109 29 allvar
844 785 90 29 först
957 786 111 29 under
1092 795 121 20 scnare
1236 785 38 30 år
1297 785 12 29 i
1333 785 172 30 samband
1528 786 80 29 med

106 826 67 29 den
204 826 111 29 under
346 826 66 30 och
442 827 89 29 efter
561 827 58 29 det
650 829 136 27 senaste
816 827 235 40 världskriget
1081 827 108 39 höjda
1219 827 289 32 kostnadsnivån.
1540 828 68 30 För

106 868 210 30 kommittén
334 868 170 30 framstår
521 869 57 29 det
594 869 204 39 visserligen
817 869 116 30 såsom
952 869 196 40 uppenbart
1167 871 50 28 att
1235 869 124 40 frågan
1377 879 57 20 om
1453 870 155 30 avskriv-

106 910 85 39 ning
208 911 19 29 å
245 911 173 29 nuvärdet
434 911 223 30 beträffande
676 911 200 40 byggnader
893 912 73 29 inte
985 912 52 29 till
1056 912 68 30 alla
1142 912 96 30 delar
1257 913 38 29 är
1313 912 197 39 jämförbar
1528 913 80 29 med

102 955 244 29 motsvarande
362 955 173 38 spörsmål
548 954 222 30 beträffande
784 955 222 30 inventarier.
1021 955 120 38 Någon
1155 955 273 39 prisstegringen
1443 956 166 37 kompen-

106 996 145 29 serande
277 995 312 40 överavskrivning
615 996 137 30 lämnar
778 996 178 40 nämligen
982 997 160 38 gällande
1168 997 358 39 avskrivningsregler
1551 997 57 30 be-

106 1037 178 30 träffande
304 1037 200 39 byggnader
523 1038 194 29 merendels
737 1038 71 30 inte
828 1038 107 39 något
954 1040 174 38 utrymme
1149 1039 64 31 för,
1233 1039 127 30 Därtill
1378 1039 160 30 kommer
1557 1041 51 28 att

107 1079 198 30 skillnaden
320 1081 131 29 mellan
467 1081 265 38 anskaffnings-
748 1081 65 29 och
829 1081 519 39 återanskaffningskostnader
1364 1081 70 30 kan
1450 1081 48 29 bli
1515 1091 93 30 myc-

105 1122 58 31 ket
182 1122 197 39 betydande
400 1122 45 40 på
465 1123 113 39 grund
599 1133 43 20 av
660 1123 266 39 byggnadernas
947 1124 153 29 normalt
1119 1124 119 38 längre
1256 1123 304 40 varaktighetstid.
1581 1123 26 30 Å

106 1162 110 32 andra
236 1164 101 30 sidan
358 1164 185 40 föreligger
563 1167 10 28 i
594 1165 100 39 fråga
713 1174 57 21 om
790 1165 201 39 byggnader
1011 1168 156 27 moment
1188 1175 75 20 som
1283 1166 160 30 minskar
1463 1166 144 39 frågans

105 1206 186 39 betydelse.
310 1207 96 30 Mera
424 1208 112 29 sällan
553 1208 99 29 torde
670 1207 148 30 sålunda
835 1208 220 29 förekomma
1073 1209 51 28 att
1142 1217 43 21 en
1201 1208 317 40 industribyggnad
1535 1209 73 29 helt

106 1250 205 38 utrangeras
339 1249 66 30 och
431 1250 146 29 ersättes
605 1259 43 20 av
673 1250 219 39 nybyggnad.
920 1250 173 39 Betydligt
1119 1250 177 39 vanligare
1323 1251 98 29 torde
1446 1260 84 20 vara
1557 1253 51 28 att

106 1291 67 29 den
197 1292 95 29 äldre
316 1291 207 39 byggnaden
547 1301 72 20 om-
643 1292 83 30 eller
750 1292 192 39 tillbygges,
968 1293 72 29 ofta
1064 1293 11 28 i
1100 1292 94 30 olika
1217 1294 153 38 etapper.
1395 1293 213 39 Härigenom

106 1333 149 30 erhåller
274 1335 68 28 vad
363 1344 43 19 av
426 1334 67 29 den
513 1334 249 40 ursprungliga
782 1334 208 40 byggnaden
1011 1335 148 29 återstår
1180 1337 49 28 ett
1249 1336 84 29 ökat
1353 1336 105 29 värde
1478 1335 66 30 och
1564 1345 44 20 en

105 1376 119 39 längre
248 1376 305 39 varaktighetstid.
578 1377 66 29 Det
669 1377 90 29 skall
784 1377 30 39 ej
843 1378 109 28 heller
978 1377 158 35 förbises,
1162 1379 51 28 att
1238 1385 124 31 genom
1388 1377 219 30 omfattande

104 1418 58 30 vid
184 1418 204 39 taxeringen
410 1419 233 38 avdragsgilla
665 1419 365 39 reparationsarbeten
1051 1419 247 39 byggnaderna
1321 1419 75 30 ofta
1417 1420 190 29 bibehålles

106 1461 83 29 eller
207 1461 283 29 understundom
507 1463 77 27 rent
602 1471 43 21 av
662 1461 87 29 ökar
766 1461 11 29 i
795 1462 116 29 värde.
931 1461 126 30 Vidare
1075 1462 71 29 kan
1164 1461 44 40 på
1226 1462 113 38 grund
1358 1471 43 20 av
1419 1463 66 28 den
1505 1462 103 39 långa

105 1502 207 30 brukstiden
332 1502 89 30 både
442 1503 158 39 stigande
621 1503 66 29 och
707 1503 200 39 sjunkande
928 1503 112 39 priser
1059 1503 111 30 hinna
1190 1504 116 29 avlösa
1326 1504 185 34 varandra,
1531 1513 77 20 var-

106 1545 55 29 för
188 1545 74 30 ofta
288 1545 88 29 intet
403 1546 71 28 kan
501 1546 79 29 med
608 1546 110 29 större
745 1545 222 30 bestämdhet
993 1545 153 30 förutses
1173 1545 223 30 beträffande
1422 1546 185 30 kostnads-

106 1587 106 29 nivån
233 1587 58 30 vid
313 1588 58 29 det
394 1586 168 31 framtida
585 1587 148 36 tillfälle,
756 1587 44 30 då
822 1587 207 40 byggnaden
1051 1587 54 30 till
1127 1589 162 38 äventyrs
1313 1589 206 38 utrangeras
1542 1588 66 30 och

106 1631 146 28 ersättes
273 1630 79 29 med
371 1639 43 20 en
434 1639 57 30 ny.

149 1676 14 29 I
188 1675 111 30 likhet
323 1677 80 29 med
428 1677 66 29 vad
520 1675 98 31 fallet
643 1678 38 28 är
704 1676 224 30 beträffande
953 1676 212 30 inventarier
1190 1676 110 30 måste
1325 1676 211 31 kommittén
1560 1677 48 29 vi-

106 1718 82 30 dare
217 1718 214 35 konstatera,
463 1720 50 28 alt
542 1720 58 28 det
629 1719 132 29 varken
790 1719 81 29 från
901 1719 189 29 teoretiska
1119 1720 82 29 eller
1231 1719 184 39 praktiska
1444 1719 164 40 utgångs-

105 1760 153 39 punkter
281 1760 185 40 föreligger
488 1760 115 40 någon
625 1761 153 39 enhetlig
801 1761 228 39 uppfattning
1051 1761 12 29 i
1085 1761 125 40 frågan
1232 1770 57 20 om
1313 1762 57 29 det
1392 1761 215 40 berättigade

105 1803 11 27 i
137 1804 50 28 att
205 1803 157 30 beräkna
382 1803 227 40 avskrivning
629 1803 20 30 å
668 1803 160 40 byggnad
849 1803 20 30 å
889 1805 181 29 nuvärdet.
1092 1804 66 30 Om
1178 1804 194 29 emellertid
1391 1813 42 20 en
1454 1805 91 37 regel
1566 1813 42 20 av

106 1844 110 30 sådan
233 1845 171 30 innebörd
424 1846 112 29 skulle
556 1847 182 38 upptagas,
757 1846 106 29 borde
883 1846 110 29 härav
1010 1846 88 38 följa
1117 1847 51 28 att
1185 1845 57 30 vid
1262 1846 159 39 stigande
1439 1846 168 39 penning-

105 1888 105 29 värde
232 1888 83 29 eller
337 1897 43 20 av
401 1897 118 20 annan
540 1888 189 39 anledning
752 1888 200 38 sjunkande
972 1888 373 39 byggnadskostnader
1367 1888 241 39 avskrivning-

107 1939 85 20 arna
212 1930 159 29 minskas
391 1931 256 29 motsvarande.

151 1971 143 29 Oavselt
319 1971 119 30 vilken
464 1971 207 40 inställning
697 1981 82 20 man
806 1973 45 28 än
878 1972 58 29 må
962 1972 45 29 ha
1033 1972 52 29 till
1112 1972 146 29 berörda
1286 1972 182 39 spörsmål,
1496 1972 111 29 måste

106 2014 58 29 det
183 2014 107 39 enligt
310 2014 229 29 kommitténs
560 2014 228 39 uppfattning
807 2023 42 20 av
869 2014 184 39 praktiska
1074 2014 76 29 skäl
1169 2023 83 20 vara
1272 2015 167 29 uteslutet
1458 2015 51 28 att
1528 2016 12 28 i
1559 2016 49 28 ett

106 2057 207 37 permanent
337 2056 379 39 avskrivningssystem
742 2057 99 37 lägga
865 2056 449 39 återanskaffningsvärdet
1339 2056 53 29 till
1417 2057 112 38 grund
1553 2056 55 30 för

106 2098 240 39 beräkningen
375 2107 43 20 av
446 2099 67 29 den
541 2098 109 39 årliga
679 2098 282 39 avskrivningen.
991 2099 75 29 Vad
1095 2098 209 29 kommittén
1333 2098 118 30 anfört
1479 2098 129 30 beträf-

107 2140 104 30 fande
232 2141 41 28 de
297 2140 162 29 tekniska
480 2140 261 39 svårigheterna
762 2142 51 28 att
832 2140 195 30 bestämma
1048 2140 449 38 återanskaffningsvärdet
1516 2140 20 29 å
1556 2140 52 29 in-

106 2182 174 29 ventarier
299 2183 108 37 gäller
424 2182 10 28 1
454 2183 71 29 lika
544 2183 83 28 mån
646 2184 10 28 i
675 2182 98 37 fråga
792 2191 57 19 om
868 2182 209 39 byggnader.
1098 2182 126 29 Härtill
1242 2183 160 28 kommer
1421 2184 50 27 att
1490 2191 43 20 en
1552 2192 56 19 av-

107 2224 181 38 skrivning
309 2224 20 29 å
349 2225 172 28 nuvärdet
541 2225 78 28 med
640 2224 260 38 nödvändighet
921 2225 205 28 förutsätter
1146 2233 43 20 en
1211 2224 109 29 sådan
1339 2223 207 39 utvidgning
1566 2233 42 20 av

107 2266 345 38 inkomstbegreppet
477 2266 57 28 vid
562 2265 212 39 försäljning
800 2275 43 19 av
869 2266 199 37 byggnader
1095 2275 74 19 som
1196 2275 83 19 man
1306 2266 10 28 i
1347 2265 143 39 lidigare
1518 2275 90 20 sam-

108 2308 177 38 manhang
304 2308 72 29 inte
397 2308 119 28 funnit
537 2308 137 38 möjligt
694 2309 50 27 att
764 2308 215 37 genomföra.

152 2350 52 28 En
230 2349 227 39 avskrivning
482 2350 19 28 å
527 2350 171 28 nuvärdet
724 2350 69 28 kan
819 2351 87 27 även
932 2349 78 38 inge
1035 2349 93 29 vissa
1153 2349 278 37 betänkligheter
1456 2358 42 20 ur
1523 2349 85 29 kon-

106 2391 297 39 junkturpolitisk
425 2392 190 38 synpunkt.
637 2391 52 29 Då
709 2391 229 38 prisstegring
960 2390 239 39 regehnässigt
1218 2390 157 30 inträder
1396 2392 111 28 under
1527 2391 82 38 hög-

109 2434 230 38 konjunktur,
369 2434 112 28 skulle
509 2432 227 39 avskrivning
761 2433 20 29 å
807 2433 172 29 nuvärdet
1006 2433 64 29 öka
1100 2432 417 40 avskrivningsbeloppen
1543 2433 65 29 och

108 2475 221 39 följaktligen
352 2475 177 29 förstärka
551 2475 197 37 företagens
773 2474 171 30 likviditet
967 2475 6 28 i
997 2476 47 28 ett
1068 2476 82 37 läge,
1172 2475 44 29 då
1237 2475 93 29 delta
1353 2475 71 29 inte
1446 2477 38 27 är
1504 2475 104 29 önsk-
