1910 2832
276 159 40 30 20
669 163 378 30 Jordbruksutskottets
1073 162 176 31 utlåtande
1274 162 49 31 Nr
1351 163 51 30 81.

280 247 149 37 tagande
452 248 85 30 även
562 247 158 36 samtliga
743 246 58 31 vid
824 246 219 37 jorddelning
1068 246 81 31 eller
1174 245 289 38 jordavsöndring
1489 245 202 36 uppkomna
1716 245 69 30 sär-

280 299 114 30 skilda
417 298 208 37 fastigheter,
646 297 97 31 blivit
764 297 145 36 upplagt
930 298 64 29 och
1017 296 102 32 föres.
1164 296 63 37 Jag
1250 296 153 30 biträder
1424 295 99 31 alltså
1546 296 66 30 den
1636 295 151 31 sakkun-

279 349 96 37 niges
398 348 128 37 förslag
549 358 58 21 om
629 348 229 36 upphörande
881 357 42 21 av
945 347 230 37 jordebokens
1200 346 117 31 vidare
1341 345 145 32 förande
1510 345 114 31 såsom
1647 345 141 37 register

280 402 82 29 över
382 399 377 37 fastighetsenheterna.

326 450 54 31 Då
400 450 213 37 jordeboken
635 448 104 37 enligt
761 448 160 37 gällande
943 447 257 31 bestämmelser
1223 447 87 30 skall
1334 447 90 36 ligga
1446 447 51 30 till
1520 448 110 35 grund
1655 446 53 32 för
1730 456 57 21 en-

281 501 162 30 heternas
467 499 221 37 upptagande
712 499 10 30 i
745 498 245 38 jordregistret,
1015 499 80 35 äger
1117 497 333 37 kammarkollegiet,
1474 495 115 32 såsom
1613 497 175 37 ansvarigt

282 551 56 32 för
359 551 231 38 jordebokens
612 550 157 35 förande,
792 549 69 31 viss
881 549 258 37 prövningsrätt
1158 548 11 30 i
1191 547 99 37 fråga
1313 557 58 21 om
1393 547 180 37 fastighets
1596 551 190 34 upptagan-

281 602 44 30 de
344 601 83 32 eller
447 601 190 31 avförande
659 599 114 32 såsom
795 600 227 36 självständig
1042 599 254 36 registerenhet.
1342 599 127 30 Vidare
1490 597 127 38 åligger
1638 599 57 30 det
1714 599 73 30 kol-

283 652 101 37 legiet
410 653 105 36 enligt
538 651 249 37 förordningen
814 651 67 31 den
910 651 39 30 13
975 650 76 38 juni
1080 651 84 30 1908
1197 649 52 40 (nr
1277 648 53 40 74)
1363 648 179 38 angående
1567 649 221 37 jordregister

284 706 49 28 att
360 703 10 30 i
396 703 68 30 viss
488 702 239 36 utsträckning
753 700 113 32 åsätta
893 702 66 30 den
985 701 221 36 benämning,
1232 700 111 31 under
1369 700 116 30 vilken
1510 700 164 36 fastighet
1700 699 88 31 skall

284 756 171 34 upptagas
480 753 10 30 i
514 752 244 37 jordregistret.
809 753 14 29 I
848 753 66 30 och
938 753 79 29 med
1043 752 228 37 upphörande
1299 761 42 20 av
1368 751 231 37 jordebokens
1627 750 161 30 fortsatta

283 803 148 31 förande
452 803 191 37 föreligger,
667 802 114 32 såsom
802 803 358 36 utredningsmannen
1181 801 204 38 framhållit,
1407 802 102 36 ingen
1532 801 186 36 anledning
1739 803 50 28 att

282 852 177 33 bibehålla
477 854 339 36 kammarkollegiets
836 854 193 36 befattning
1048 854 11 30 i
1079 853 149 31 berörda
1248 852 205 36 avseenden,
1475 854 85 28 utan
1578 852 85 29 böra
1682 850 105 30 kolle-

282 904 84 37 giets
386 905 201 30 nuvarande
607 905 205 37 åligganden
832 905 221 35 härutinnan,
1077 904 6 30 i
1103 905 66 30 den
1188 903 82 31 mån
1290 903 131 31 central
1438 901 171 38 prövning
1628 911 42 20 av
1690 901 100 30 dessa

282 956 153 30 ärenden
451 955 185 37 erfordras,
653 955 202 37 överflyttas
872 955 51 31 till
940 955 65 31 den
1023 954 212 37 myndighet,
1252 963 75 22 som
1346 953 10 31 i
1375 953 110 37 övrigt
1503 952 107 31 redan
1628 951 161 31 handhar

281 1006 163 37 tillsynen
464 1008 79 29 över
564 1006 245 38 jordregistret,
830 1005 175 37 nämligen
1026 1004 376 37 lantmäteristyrelsen.

329 1056 195 31 Enahanda
540 1057 39 30 är
594 1055 237 32 förhållandet
845 1056 221 30 beträffande
1081 1055 303 37 länsstyrelsernas
1401 1064 47 20 nu
1462 1052 213 37 förefintliga
1688 1053 100 36 pröv-

284 1106 171 37 ningsrätt
484 1107 10 30 i
524 1106 89 32 vissa
642 1106 63 31 fall
734 1107 150 30 rörande
916 1106 260 36 namnsättning
1207 1115 42 21 av
1279 1105 175 36 fastighet,
1487 1104 122 30 därom
1639 1103 148 30 bestäm-

283 1158 123 30 melser
429 1157 187 31 återfinnas
639 1158 11 30 i
671 1157 471 38 jordregisterförordningen
1163 1155 43 41 $$
1231 1157 30 36 9,
1287 1157 39 29 14
1347 1156 67 30 och
1440 1156 48 29 16.
1536 1154 64 37 Jag
1622 1154 93 31 delar
1738 1156 51 28 ut-

282 1208 334 37 redningsmannens
638 1208 149 37 mening,
811 1211 60 33 att,
894 1208 104 30 sedan
1020 1207 159 32 förandet
1203 1216 41 21 av
1266 1206 215 38 jordeboken
1501 1205 12 30 i
1535 1205 147 31 berörda
1705 1204 83 30 hän-

283 1260 150 30 seenden
471 1259 162 36 upphört,
676 1258 339 37 kammarkollegiets
1057 1259 67 29 och
1155 1257 302 37 länsstyrelsernas
1488 1255 191 36 befattning
1711 1254 79 31 med

281 1309 236 37 jordregistret
540 1309 218 31 beträffande
781 1309 179 37 fastighets
981 1308 220 37 uppförande
1223 1307 12 31 i
1257 1308 80 30 eller
1359 1306 190 32 avförande
1572 1315 40 21 ur
1636 1305 155 37 registret

281 1360 83 31 eller
383 1360 180 31 åsättande
582 1370 42 20 av
643 1360 211 36 benämning
873 1360 81 30 eller
972 1368 107 22 namn
1100 1359 20 30 å
1138 1358 267 38 nytillkommen
1425 1356 163 37 fastighet
1606 1356 11 30 i
1636 1355 155 37 registret

283 1411 63 30 bör
366 1411 162 36 upphöra
548 1411 68 30 och
637 1411 178 35 övertagas
839 1419 41 21 av
903 1409 495 37 lantmäterimyndigheterna,
1423 1417 74 21 som
1520 1407 107 30 redan
1650 1407 11 30 i
1681 1406 111 37 övrigt

283 1462 188 31 bandhava
493 1461 251 38 jordregistrets
769 1460 155 31 förande.
971 1460 74 31 Den
1067 1459 152 31 centrala
1243 1459 257 37 myndigheten,
1525 1457 265 36 lantmäteristy-

283 1512 122 36 relsen,
424 1513 63 30 bör
506 1511 123 31 härvid
647 1511 141 37 givetvis
807 1511 196 36 handlägga
1023 1510 68 31 alla
1110 1509 115 37 frågor
1244 1519 42 20 av
1306 1508 196 37 principiell
1519 1508 179 31 innebörd.
1741 1506 51 32 De

284 1563 126 37 frågor,
436 1573 74 21 som
534 1562 120 31 hittills
678 1562 185 36 handlagts
886 1571 41 21 av
951 1560 320 37 kammarkollegiet
1293 1560 150 31 rörande
1465 1558 179 38 fastighets
1667 1560 123 35 uppta-

283 1614 113 37 gande
420 1614 12 30 i
459 1613 80 31 eller
563 1613 191 31 avförande
779 1622 42 21 ur
847 1612 245 38 jordregistret,
1118 1612 86 31 böra
1229 1609 146 32 sålunda
1403 1610 203 31 handhavas
1634 1619 43 21 av
1703 1609 87 30 Jlant-

284 1663 300 38 mäteristyrelsen,
611 1663 119 31 varvid
758 1664 87 30 även
870 1662 210 37 benämning
1106 1661 20 31 å
1152 1661 268 38 nytillkommen
1444 1661 104 30 enhet
1573 1661 62 30 bör
1663 1659 128 31 åsättas

284 1724 43 22 av
350 1714 176 38 styrelsen.
574 1714 14 30 I
613 1713 117 37 övriga
755 1713 62 31 fall
842 1713 146 31 rörande
1012 1712 240 31 fastställande
1274 1721 42 20 av
1339 1710 211 37 benämning
1575 1710 20 31 å
1618 1709 172 37 fastighet,

284 1775 75 22 som
384 1765 89 31 skall
495 1764 175 32 överföras
695 1764 50 30 till
770 1763 139 31 särskilt
933 1763 150 37 upplägg
1107 1762 12 31 i
1142 1761 246 38 jordregistret,
1415 1770 99 28 synes
1539 1760 55 32 för
1617 1760 176 31 vinnande

284 1826 42 21 av
351 1816 128 31 minsta
500 1815 150 37 omgång
671 1814 12 31 i
707 1814 120 38 dylika
851 1814 166 30 ärendens
1040 1812 212 37 behandling
1277 1812 317 31 överlantmätarna
1616 1811 85 31 böra
1726 1810 64 31 till-

283 1867 117 37 läggas
422 1866 279 31 beslutanderätt.
745 1864 80 32 Med
846 1865 137 36 hänsyn
1001 1863 53 32 till
1074 1864 66 30 vad
1162 1862 322 37 kammarkollegiet
1503 1861 191 33 framhållit
1715 1862 76 30 där-

282 1927 71 27 om,
379 1920 51 28 att
454 1916 204 38 nybildning
684 1925 43 22 av
751 1925 110 21 namn
887 1914 106 32 borde
1018 1914 61 31 ske
1103 1914 110 30 under
1240 1913 197 37 sakkunnig
1462 1912 219 38 myndighets
1706 1913 85 30 kon-

283 1969 90 35 troll,
394 1968 98 31 torde
512 1968 89 30 dock
622 1967 85 31 böra
727 1966 137 37 stadgas
886 1966 66 30 den
973 1964 253 37 inskränkning
1245 1964 12 31 i
1276 1964 334 31 överlantmätarnas
1632 1962 158 37 befogen-

284 2020 69 36 het,
374 2021 50 28 att
442 2018 44 31 då
510 2018 6 30 i
536 2017 210 36 benämning
766 2016 77 31 icke
862 2015 99 38 ingår
980 2015 145 37 tidigare
1145 2014 297 38 jordeboksnamn
1461 2014 82 31 eller
1562 2023 119 27 namn,
1703 2012 90 32 åsatt

282 2079 44 22 av
347 2067 351 38 kammarkollegium
719 2067 82 31 eller
824 2065 374 38 lantmäteristyrelsen,
1221 2064 234 37 namnfrågan
1478 2064 63 31 bör
1563 2063 228 31 underställas

283 2119 383 37 lantmäteristyrelsens
686 2117 181 38 prövning,
888 2116 119 31 varvid
1026 2116 166 37 styrelsen
1209 2115 12 31 i
1241 2116 218 30 tveksamma
1478 2115 61 30 fall
1557 2115 63 31 bör
1639 2114 12 31 i
1669 2123 121 22 namn-

284 2170 124 38 frågan
429 2171 85 30 höra
537 2168 196 37 sakkunnig
753 2167 212 38 myndighet.
1009 2165 224 32 Beträffande
1253 2165 239 32 fastställande
1515 2175 41 21 av
1576 2175 118 27 namn,
1717 2174 74 21 som

285 2221 77 31 icke
384 2220 91 33 skall
494 2218 80 39 ingå
595 2220 11 30 i
627 2219 181 36 fastighets
831 2216 358 38 registerbeteckning,
1213 2217 85 30 böra
1319 2216 318 31 överlantmätarna
1659 2214 131 32 erhålla

285 2271 210 37 befogenhet
514 2273 49 29 att
581 2270 144 31 besluta.
769 2269 133 31 Genom
924 2268 66 31 den
1012 2268 196 36 föreslagna
1231 2267 240 37 anordningen
1493 2267 98 31 torde
1614 2266 176 37 överflytt-

284 2322 130 37 ningen
443 2332 43 21 av
516 2321 147 31 berörda
696 2320 152 31 ärenden
880 2319 79 31 från
989 2318 322 37 kammarkollegiet
1343 2317 52 32 till
1427 2317 365 37 lantmäteristyrelsen

285 2373 159 31 medföra
471 2382 42 22 en
541 2371 135 32 relativt
703 2370 175 38 obetydlig
907 2369 129 37 ökning
1065 2369 12 31 i
1106 2369 216 31 sistnämnda
1352 2369 158 37 styrelses
1540 2366 251 38 arbetsuppgif-

285 2427 61 33 ter,
370 2423 39 31 så
429 2423 137 38 mycket
589 2431 74 22 mer
685 2431 75 22 som
783 2421 42 31 de
849 2430 95 22 mera
966 2420 247 31 tidskrävande
1234 2419 175 31 ärendena
1430 2419 106 37 enligt
1557 2417 233 39 jordregister-

287 2473 250 38 förordningen
559 2472 46 39 på
627 2472 113 37 grund
762 2481 43 21 av
828 2471 53 31 sin
905 2473 102 28 natur
1028 2471 86 30 böra
1136 2469 86 32 efter
1242 2470 97 30 hand
1362 2469 138 31 minska
1521 2469 11 31 i
1554 2469 103 31 antal.
