1908 2836
507 141 379 31 Jordbruksutskottets
912 140 177 31 utlåtande
1114 140 49 31 Nr
1188 141 48 29 8I.
1585 135 38 29 13

113 225 95 30 inom
228 226 115 30 städer
363 226 66 30 och
450 224 261 31 stadsliknande
731 224 203 30 samhällen.
975 224 78 30 Med
1075 223 140 38 ledning
1235 233 42 20 av
1298 224 66 30 den
1386 223 235 37 föreliggande

113 276 194 31 statistiken
333 277 55 30 för
415 277 264 30 verksamheten
704 276 110 30 under
842 275 83 30 1933
954 276 65 29 har
1046 284 42 21 av
1115 274 365 37 lantmäteristyrelsen
1507 274 11 30 i
1544 274 77 30 dess

112 327 161 37 yttrande
302 327 181 36 framlagts
513 325 155 37 följande
696 324 95 31 tablå
820 325 149 30 rörande
998 325 255 37 omfattningen
1283 334 42 21 av
1355 325 265 30 verksamheten

112 378 65 30 och
203 378 132 30 dennas
361 377 197 37 fördelning
583 377 127 29 mellan
736 376 206 30 lantmätare
968 376 65 30 och
1060 375 269 37 mätningsmän.

802 474 85 24 Antal
913 474 53 23 för-

809 508 153 30 rättningar

1231 474 155 23 Kostnader

1483 496 79 17 rTocen

1256 508 101 23 kronor
1459 491 117 23 Procent

1037 491 116 23 Procent

135 621 54 23 För
206 620 61 24 hela
285 620 93 24 landet
409 638 357 8 ..........sssssssersrrer
874 616 75 31 9,394
1263 615 110 32 539,594

135 671 94 24 Därav
248 671 107 30 belöper
371 670 49 32 på:
439 671 327 24 lantmätare..........
876 666 72 32 1,921
1086 667 58 25 20.4
1200 692 2 7 |
1236 661 14 42 —
1266 666 107 31 128,542
1510 665 57 26 23.8

438 722 151 30 ingenjörer
610 740 156 6 ..........
874 717 75 31 7473
1086 717 58 26 79.6
1265 716 109 32 411,052
1510 715 58 26 76.2

135 773 54 23 För
206 772 62 24 hela
285 773 94 23 landet
397 773 123 24 minskat
538 772 62 24 med

169 824 167 29 Stockholm,
355 823 136 30 Göteborg
509 823 51 24 och
578 823 102 23 Malmö
710 841 56 6 ....
874 814 75 42 7,331
1264 818 110 32 365,879

136 875 93 23 Därav
248 874 108 31 belöper
372 873 48 32 på:
439 874 327 25 lantmätare..........
875 869 73 31 1,921
1086 869 57 27 26.2
1265 864 108 44 128,542
1510 867 58 26 35.1

439 925 151 30 ingenjörer
610 943 156 6 ..........
874 920 76 31 5,410
1087 920 58 27 73.8
1265 920 108 32 237,337
1510 918 58 26 64.9

136 976 54 24 För
207 976 61 23 hela
286 976 94 23 landet
398 976 121 23 minskat
537 976 62 23 med
988 973 2 7 |

170 1027 91 23 städer
274 1024 42 32 (15
329 1025 42 31 st.)
386 1027 62 23 med
461 1027 65 22 över
537 1023 92 31 25,000
641 1024 131 25 invånare
874 1021 77 32 5,710
1265 1021 109 32 278,426

136 1077 93 24 Därav
248 1077 108 30 belöper
372 1076 49 31 på:
440 1077 327 24 lantmätare..........
877 1072 73 32 1,887
988 1056 3 40 |
1087 1072 57 26 33.0
1267 1072 107 32 127,184
1511 1070 57 26 45.7

440 1128 150 30 ingenjörer
611 1146 156 6 ..........
875 1123 76 31 3,823
987 1112 4 40 |
1088 1123 57 26 67.0
1266 1106 108 57 151,242
1511 1121 57 26 54.8

136 1179 53 23 För
208 1178 61 24 hela
287 1178 94 24 landet
399 1179 121 23 minskat
539 1178 61 24 med

170 1229 91 23 städer
274 1226 42 33 (39
329 1228 42 31 st.)
386 1229 62 23 med
461 1230 64 22 över
538 1226 92 31 10,000
643 1227 130 25 invånare
876 1224 75 32 3,726
1266 1224 109 32 196,328

137 1280 93 23 Därav
249 1279 108 31 belöper
373 1278 48 32 på:
440 1280 166 23 lantmätare,
612 1298 156 6 .........
877 1272 78 41 1,738
1088 1275 57 27 46.5
1267 1271 108 41 118,988
1511 1274 58 26 60.5

440 1330 151 30 ingenjörer
612 1349 156 6 ..........
877 1327 75 31 1,988
1088 1327 57 26 53.5
1283 1308 93 54 77,340
1512 1325 57 26 39.5

137 1382 53 23 För
208 1381 61 23 hela
287 1381 93 23 landet
399 1381 122 23 minskat
540 1381 61 23 med

170 1432 54 23 alla
243 1432 126 23 städerna
388 1429 59 32 (114
466 1430 43 31 st.)
545 1450 223 6 ..............
878 1428 74 32 1,902
1268 1427 108 32 115,620

116 1466 2 6 |
139 1483 92 23 Därav
251 1482 107 30 belöper
375 1481 48 31 på:
441 1482 327 25 lantmätare..........
878 1479 74 31 1,304
1088 1479 57 26 68.6
1283 1478 92 31 92,866
1511 1477 58 26 80.3

443 1533 149 29 ingenjörer
612 1551 156 6 ..........
901 1529 51 26 598
1088 1529 58 26 dl.4
1279 1524 96 40 22,154
1513 1528 56 25 19.7

160 1604 50 29 Av
232 1602 403 37 kostnadsuppgifterna,
658 1602 93 30 vilka
773 1602 141 30 säkrare
937 1603 45 29 än
1006 1602 128 30 antalet
1156 1601 250 37 förrättningar
1428 1601 98 30 torde
1549 1600 77 38 giva

116 1654 138 36 uttryck
285 1653 55 31 för
371 1654 66 30 den
468 1653 153 36 verkliga
651 1652 361 37 arbetsprestationen,
1044 1651 164 38 framgår,
1241 1652 91 30 huru
1364 1650 260 38 ingenjörernas

116 1704 221 31 verksamhet
359 1703 79 32 från
460 1706 50 28 att
532 1712 93 27 vara,
648 1713 58 21 om
728 1704 69 30 alla
819 1703 114 31 städer
956 1703 220 35 medräknas,
1201 1712 73 21 mer
1297 1703 46 30 än
1365 1705 51 28 tre
1440 1701 125 38 gånger
1588 1700 38 32 så

116 1757 71 28 stor
208 1764 75 21 som
304 1755 262 35 lantmätarnas,
587 1754 108 30 redan
715 1764 58 20 om
794 1755 41 30 de
859 1755 38 29 15
919 1755 126 29 största
1065 1754 163 30 städerna
1249 1752 209 32 frånräknas
1480 1753 67 30 blir
1568 1762 56 21 en-

115 1806 78 29 dast
213 1805 189 37 obetydligt
421 1806 108 29 större
549 1806 45 29 än
613 1805 262 30 lantmätarnas.
920 1804 68 31 Om
1008 1805 41 30 de
1070 1805 41 30 39
1133 1804 124 36 städer,
1279 1813 75 21 som
1375 1805 91 29 hava
1486 1813 74 21 mer
1580 1804 45 29 än

120 1856 116 35 10,000
261 1855 175 36 invånare,
462 1855 31 37 ej
520 1856 219 35 medräknas,
765 1856 100 36 utgör
890 1856 252 29 lantmätarnas
1169 1855 220 30 verksamhet
1415 1855 41 30 60
1483 1857 142 34 procent

116 1915 43 21 av
179 1906 148 30 berörda
347 1906 408 37 mätningsverksamhet.
796 1905 223 31 Frånräknas
1041 1906 68 29 alla
1130 1905 162 30 städerna
1314 1906 38 29 är
1374 1905 251 30 lantmätarnas

117 1957 220 29 verksamhet
357 1957 67 30 den
445 1956 189 37 fyrdubbla
655 1959 72 27 mot
748 1955 271 37 ingenjörernas.

162 2007 13 30 I
202 2007 67 30 den
294 2007 213 37 tillgängliga
533 2007 193 30 statistiken
753 2007 80 29 över
860 2006 248 30 lantmäteriets
1136 2006 220 30 verksamhet
1384 2005 182 37 föreligger
1593 2005 31 37 ej

117 2056 114 38 någon
249 2058 149 30 särskild
416 2057 139 37 uppgift
572 2058 147 29 rörande
739 2057 251 30 lantmätarnas
1009 2057 221 29 verksamhet
1250 2056 104 37 enligt
1373 2056 252 37 jorddelnings-

118 2108 99 37 lagen
239 2108 56 31 vid
318 2108 382 38 fastighetsbildningen
722 2108 54 31 för
798 2107 317 32 bostadsändamål.
1160 2107 54 30 En
1236 2107 68 30 viss
1326 2106 222 38 uppfattning
1569 2115 57 22 om

117 2159 340 36 storleksordningen
484 2168 42 21 av
553 2159 113 30 denna
692 2159 220 29 verksamhet
939 2159 70 29 kan
1035 2158 190 30 emellertid
1252 2157 148 31 erhållas
1427 2167 42 20 av
1497 2158 129 30 antalet

117 2209 210 36 fastigheter,
348 2219 75 20 som
441 2209 201 30 tillkommit
661 2209 9 29 i
689 2208 235 37 jordregistret
943 2209 110 29 under
1072 2217 120 21 senare
1211 2207 48 31 år.
1303 2207 91 31 Från
1415 2208 210 30 lantmäteri-

118 2259 168 36 styrelsen
308 2260 89 30 hava
420 2259 157 37 följande
599 2258 174 37 uppgifter
796 2258 153 32 erhållits
972 2258 11 30 i
1006 2259 146 30 berörda
1176 2258 205 30 hänseende.
