1886 2790
559 130 275 31 Statsutskottets
853 129 176 31 utlåtande
1048 139 41 21 nr
1114 130 48 29 18.
1617 124 18 29 3

615 210 9 8 o

129 211 178 39 refintliga
336 210 246 39 behållningen
611 220 19 20 å
661 210 107 29 femte
797 209 242 30 huvudtitelns
1067 207 358 39 reservationsanslag
1453 207 53 30 till
1537 207 98 29 kom-

129 260 138 30 mittéer
284 261 66 29 och
367 260 229 39 utredningar
615 267 123 32 genom
758 259 223 39 sakkunniga
1001 261 48 27 ett
1066 258 124 40 belopp
1210 267 43 21 av
1271 258 41 29 55
1327 258 62 29 000
1409 258 131 29 kronor
1558 257 77 30 bor-

128 311 41 30 de
189 312 123 29 kunna
333 310 179 31 överföras
532 310 53 30 till
606 309 431 40 inrikesdepartementets
1060 308 247 30 motsvarande
1328 307 121 40 anslag
1471 309 90 28 samt
1582 309 54 27 ut-

129 362 86 30 talat
236 362 55 29 sin
309 362 113 30 avsikt
440 363 61 32 att,
519 361 116 29 därest
655 360 188 39 riksdagen
862 360 76 29 icke
958 358 218 31 framställde
1195 358 142 30 erinran
1356 358 170 34 häremot,
1545 357 91 30 före-

130 412 51 30 slå
206 412 126 40 Kungl.
359 411 105 40 Maj:t
493 413 50 29 att
568 410 136 30 besluta
728 420 58 20 om
812 419 43 20 en
880 409 97 40 dylik
1002 409 209 38 överföring.
1237 409 117 29 Under
1380 408 255 39 förutsättning

129 465 50 28 att
203 463 38 30 så
262 463 139 34 skedde,
422 462 233 40 begränsades
674 462 68 29 den
761 461 11 29 i
792 460 112 39 övrigt
926 459 226 39 erforderliga
1173 459 288 39 förstärkningen
1483 469 43 20 av
1545 459 91 30 före-

128 514 153 30 varande
303 513 121 39 anslag
443 513 53 29 till
522 511 80 35 (580
617 511 62 31 000
692 530 45 2 —
749 511 64 30 400
828 511 62 29 000
903 528 45 4 —
960 510 40 30 55
1016 510 62 30 000
1100 509 57 35 =)
1188 509 61 30 125
1265 509 62 30 000
1347 510 141 29 kronor.

174 614 176 29 Utskottet
370 614 55 29 får
446 614 80 29 med
547 612 246 40 tillstyrkande
815 622 42 20 av
881 611 166 40 förslaget
1068 611 196 34 hemställa,

483 700 51 28 att
555 698 188 39 riksdagen
766 697 59 30 må
845 697 53 30 till
919 696 230 30 Kommittéer
1171 696 64 29 och
1260 695 227 39 utredningar
1509 704 124 30 genom

439 748 223 39 sakkunniga
694 748 20 30 å
741 748 212 39 tilläggsstat
982 748 29 28 II
1040 747 52 29 till
1124 746 193 30 riksstaten
1346 746 56 29 för
1429 745 206 39 budgetåret

441 798 150 37 1947/48
612 798 121 30 anvisa
755 800 49 28 ett
826 797 358 39 reservationsanslag
1204 806 43 21 av
1270 796 60 30 125
1345 796 62 30 000
1428 796 141 29 kronor.

174 901 202 30 Stockholm
399 901 67 29 den
490 900 19 30 6
533 900 155 29 februari
714 899 94 30 1948.

616 1000 48 30 På
691 1000 279 29 statsutskottets
994 1000 145 37 vägnar:

686 1101 30 30 J.
738 1102 36 28 B.
798 1100 269 31 JOHANSSON.

174 1295 63 30 Vid
266 1295 222 40 förestående
517 1294 146 30 ärendes
693 1293 286 40 slutbehandling
1010 1294 93 29 inom
1139 1293 171 29 utskottet
1340 1292 89 30 hava
1460 1291 173 30 närvarit:

172 1355 81 29 från
298 1355 156 29 första
498 1354 222 29 kammaren:
760 1353 121 29 herrar
915 1353 115 29 Johan
1064 1352 181 29 Bernhard
1278 1352 210 32 Johansson,
1525 1351 109 29 Oscar

127 1397 138 33 Olsson,
302 1397 212 33 Lindström,
554 1396 83 29 Karl
674 1396 213 33 Andersson,
927 1395 123 29 Gustaf
1089 1394 179 34 Karlsson,
1296 1394 151 33 Andrén,
1474 1393 159 39 Heiding,

127 1439 125 29 Gustaf
271 1439 88 29 Iwar
378 1438 193 33 Anderson,
592 1437 149 39 Berling,
761 1438 77 28 Ivar
858 1438 160 32 Persson,
1037 1436 189 39 Lundgren
1244 1436 65 29 och
1329 1436 130 34 Ohlon;
1482 1437 90 28 samt

171 1498 81 29 från
312 1498 115 29 andra
456 1498 221 28 kammaren:
700 1497 122 30 herrar
843 1497 169 29 Eriksson
1032 1497 11 28 i
1066 1495 213 34 Stockholm,
1302 1495 173 30 Svensson
1494 1495 12 28 i
1526 1494 108 30 Grön-

126 1540 69 34 vik,
215 1540 120 33 Ward,
359 1539 201 30 Andersson
582 1540 11 28 i
614 1539 139 34 Malmö,
776 1539 261 33 Wallentheim,
1059 1539 200 28 Pettersson
1279 1537 11 29 i
1310 1537 100 33 Dahl,
1432 1537 58 29 fru
1513 1536 120 33 Alvén,

126 1582 122 29 herrar
272 1582 134 29 Boman
429 1582 10 29 i
463 1581 140 39 Kieryd,
627 1580 213 35 Åkerström,
866 1580 215 30 Holmström
1104 1580 65 29 och
1194 1580 180 29 Petterson
1399 1579 11 29 i
1436 1578 197 39 Degerfors.
