2200 2630
677 174 343 30 Jordbruksutskottets
1045 174 161 32 utlåtande
1229 176 47 29 Nr
1298 176 52 29 85.
1753 176 14 30 1

942 540 58 39 Nr
1028 541 65 40 85.

771 695 111 28 Ankom
902 695 44 27 till
964 695 167 37 riksdagens
1149 696 95 28 kansli
1263 696 53 27 den
1335 696 34 28 18
1387 696 55 36 maj
1463 697 68 27 1917
1549 697 38 27 kl.
1607 698 33 33 !/»
1660 697 18 27 5
1695 707 22 17 e.
1737 707 35 17 m.

416 835 192 37 Utlåtande
636 837 13 34 i
678 836 198 45 anledning
904 849 44 23 av
975 837 137 45 Kungl.
1141 838 132 44 Maj:ts
1290 838 228 45 proposition
1537 838 60 35 till
1615 839 191 44 riksdagen

607 906 186 43 angående
823 904 227 46 försäljning
1080 917 43 24 av
1150 907 96 35 vissa
1275 906 102 36 delar
1405 917 44 24 av
1480 907 326 44 kronoegendomen

606 974 180 36 Hunnebo
814 986 45 23 nr
886 977 20 32 1
937 975 13 34 i
983 974 189 45 Göteborgs
1201 975 63 35 och
1291 975 124 35 Bohus
1445 976 61 34 län
1533 981 165 30 ävensom
1726 986 42 25 en
1792 977 13 33 i

607 1047 121 31 ämnet
754 1044 105 35 väckt
885 1044 146 34 motion.

1470 1112 76 49 (1:a
1574 1112 100 49 avd.)

335 1198 17 36 I
381 1210 47 24 en
457 1198 56 36 till
536 1197 207 49 riksdagen
762 1197 72 37 den
856 1199 46 35 10
923 1197 94 50 april
1039 1199 96 35 1917
1157 1199 160 47 avlåten,
1337 1199 58 36 till
1410 1198 394 49 jordbruksutskottet

206 1249 186 36 hänvisad
433 1250 248 49 proposition,
723 1263 45 22 nr
811 1251 84 46 187,
923 1249 68 36 har
1019 1249 144 49 Kungl.
1192 1250 121 48 Maj:t,
1341 1250 120 37 under
1488 1250 239 50 åberopande
1754 1264 48 23 av

205 1300 148 50 bifogat
379 1300 139 49 utdrag
546 1314 47 23 av
620 1300 410 50 statsrådsprotokollet
1059 1306 88 32 över
1170 1301 375 49 jordbruksärenden
1572 1303 59 36 för
1659 1315 143 24 samma

204 1352 88 49 dag,
321 1352 199 49 föreslagit
545 1352 208 48 riksdagen
781 1352 177 49 medgiva

333 1406 76 34 dels
449 1410 54 30 att
543 1409 54 31 ett
633 1404 86 36 med
754 1404 70 36 litt.
869 1404 15 36 B
911 1404 202 37 betecknat
1140 1405 151 37 område
1319 1418 62 23 om
1409 1407 136 34 29.295
1577 1406 137 36 hektar
1740 1409 61 34 må

205 1455 83 36 från
331 1456 98 36 förra
455 1455 309 37 militiebostället
796 1458 16 33 1
843 1456 142 36 mantal
1013 1456 189 36 Hunnebo
1230 1470 46 22 nr
1306 1459 18 34 1
1354 1457 12 36 i
1393 1456 168 38 Tossene
1589 1458 138 36 socken
1755 1472 46 23 av

205 1506 216 50 Göteborgs
449 1508 71 36 och
547 1507 129 37 Bohus
703 1508 64 36 län
787 1508 170 49 försäljas
977 1508 57 36 till
1053 1508 340 37 Hunnebostrands
1413 1509 388 51 egnahemsförening

202 1573 36 22 u.
267 1573 36 35 p.
334 1573 31 23 a.
396 1560 58 36 för
484 1572 45 24 en
557 1559 260 50 köpeskilling
845 1573 45 23 av
919 1561 137 46 36,000
1084 1560 151 48 kronor,
1268 1561 86 36 med
1382 1566 76 32 rätt
1486 1561 59 37 för
1571 1562 228 36 innehavare

202 1625 47 22 av
276 1616 138 32 tomter
441 1615 21 33 å
490 1611 103 37 detta
621 1611 151 37 område
801 1616 65 42 att,
891 1614 40 34 så
950 1612 72 36 vitt
1041 1615 46 45 på
1105 1612 146 36 kronan
1271 1612 233 49 ankommer,
1524 1613 82 36 fritt
1624 1613 176 50 begagna

202 1663 46 36 de
287 1663 101 36 inom
417 1663 341 37 Hunnebostrands
786 1663 385 50 municipalsamhälle
1199 1664 207 49 befintliga,
1436 1665 56 36 till
1519 1665 156 36 allmänt
1703 1665 96 37 bruk

203 1715 163 36 avsedda
406 1715 180 50 bryggor,
628 1715 481 49 båtupphalningsplatser,
1150 1716 142 48 platser
1333 1716 58 36 för
1428 1717 248 48 garnräcken,
1704 1717 93 37 käll-

202 1767 131 48 planer
361 1768 70 35 och
460 1772 117 43 vägar
605 1781 49 22 m.
684 1780 63 34 m.,
777 1772 97 31 samt
902 1767 119 36 under
1048 1767 136 36 villkor
1211 1768 12 35 i
1251 1768 141 48 övrigt:

330 1824 54 31 att
411 1819 308 49 köpeskillingen
747 1819 96 36 skall
870 1819 131 48 gäldas
1029 1820 12 35 i
1070 1819 72 36 den
1170 1820 165 48 ordning
1362 1820 45 36 de
1433 1820 62 37 vid
1520 1820 105 36 tiden
1644 1821 60 36 för
1722 1821 74 37 för-

200 1870 214 49 säljningen
441 1871 175 48 gällande
644 1870 166 49 grunder
837 1870 59 36 för
923 1871 230 49 upplåtande
1182 1885 46 22 av
1255 1872 432 49 egnahemslägenheter
1715 1873 82 37 från

199 1922 352 49 kronoegendomar
578 1923 201 44 innefatta;

329 1980 54 30 att
424 1975 223 48 föreningen
688 1975 96 36 skall
825 1988 129 23 ensam
995 1988 160 23 ansvara
1197 1975 58 36 för
1296 1976 72 35 alla
1404 1976 85 37 med
1518 1977 187 36 områdets
1732 1991 63 23 av-

199 2025 187 49 skiljande
414 2026 70 36 och
512 2027 143 48 lagfart
684 2029 21 33 å
733 2027 132 48 fånget
893 2027 176 36 förenade
1097 2027 217 45 kostnader;
1344 2034 98 30 samt

328 2083 53 31 att
408 2083 118 43 vägar
554 2078 70 37 och
653 2079 188 35 allmänna
868 2079 152 48 platser,
1050 2091 81 23 som
1161 2080 183 48 anläggas
1372 2079 102 37 inom
1503 2080 178 48 området,
1701 2094 95 36 upp-

197 2130 95 36 låtas
332 2130 57 35 till
431 2130 156 36 allmänt
623 2130 252 49 begagnande
903 2144 46 22 av
977 2131 72 36 alla
1076 2130 102 36 inom
1206 2130 338 38 Hunnebostrands
1573 2133 222 50 municipal-

197 2182 181 36 samhälle
405 2181 163 46 boende;

326 2235 75 35 dels
428 2238 55 32 att
510 2234 82 36 från
621 2247 146 23 samma
794 2234 309 48 kronoegendom
1132 2237 60 33 må
1220 2235 57 36 till
1305 2235 167 38 Tossene
1500 2236 69 36 och
1589 2236 205 37 Hunnebo-

197 2285 147 37 strands
373 2286 267 48 församlingar
668 2285 173 50 försäljas
871 2286 103 36 såväl
994 2292 54 31 ett
1067 2286 85 36 med
1171 2287 70 36 litt.
1263 2286 29 37 C
1312 2287 213 49 betecknat,
1546 2288 57 36 till
1623 2288 171 37 skolhus-

241 2345 130 43 Bihang
395 2346 49 32 till
467 2345 186 43 riksdagens
672 2346 156 42 protokoll
853 2347 93 31 1917.
993 2347 43 31 10
1058 2347 88 31 saml.
1194 2348 42 31 52
1258 2347 78 41 häft.
1382 2348 63 40 (Nr
1467 2347 155 40 85—86.)
1733 2350 14 30 1
