2220 2618
360 198 21 29 4
629 201 106 30 Andra
758 203 182 29 kammarens
956 201 148 39 fjärde
1128 205 151 37 tillfälliga
1301 206 120 28 utskotts
1445 207 146 28 utlåtande
1614 207 47 28 Nr
1685 208 45 28 11.

360 280 68 34 och
457 280 126 35 vindar
611 281 12 34 i
651 281 159 36 mörkret
838 282 119 36 drivas
984 284 170 35 innanför
1181 285 123 47 linjen,
1336 285 46 35 då
1410 285 44 35 de
1478 286 37 34 få
1534 286 96 35 såväl
1644 287 122 46 fångst
1785 299 78 23 som
1881 287 77 34 red-

359 333 89 47 skap
472 333 241 48 beslagtagna,
744 335 74 35 dels
847 336 124 35 kunna
998 350 135 34 garnen
1162 338 143 35 komma
1333 340 55 34 att
1416 339 99 47 ligga
1543 340 12 33 i
1583 339 43 35 de
1655 340 204 47 segelleder,
1881 352 78 23 som

360 385 64 35 där
451 388 46 46 gå
524 387 103 44 fram,
658 388 124 35 varvid
806 389 62 35 det
897 391 31 46 ej
959 391 111 35 sällan
1098 391 52 35 lär
1178 392 155 44 inträffa,
1363 394 56 33 att
1446 393 212 47 passerande
1687 394 101 35 båtar
1806 394 154 35 förstöra

358 439 208 48 redskapen.
623 441 87 36 Ofta
747 442 188 48 föredraga
963 444 174 35 fiskarena
1165 445 119 35 därför
1311 447 55 33 att
1394 446 104 35 ställa
1525 446 125 35 färden
1678 447 58 35 till
1759 447 201 35 Bornholm

359 493 86 35 eller
473 494 104 47 tyska
614 494 142 45 kusten,
786 497 126 34 varvid
937 497 43 35 de
1010 498 197 35 emellertid
1236 500 135 34 utsätta
1404 499 55 47 sig
1487 499 56 35 för
1570 502 130 33 största
1727 501 77 34 fara
1827 501 61 34 vid
1917 500 44 35 de

358 547 146 46 vanliga
531 549 273 35 vårstormarna.
856 550 76 35 Det
964 552 65 34 har
1062 552 106 35 också
1197 552 61 35 vid
1286 552 206 48 upprepade
1521 553 168 35 tillfällen
1717 554 160 49 inträffat
1905 556 54 33 att

360 600 138 44 fiskare,
528 601 123 35 ibland
680 602 80 35 hela
783 602 263 50 fiskeflottiljer,
1076 605 220 48 förolyckats
1325 605 114 36 under
1460 606 122 47 dylika
1602 607 129 35 färder.
1775 607 107 35 Även
1902 607 58 35 be-

358 653 177 36 träffande
559 657 111 33 annat
692 655 86 36 fiske
808 660 46 31 än
883 658 92 35 efter
993 658 57 35 lax
1066 658 163 36 medföra
1248 659 42 34 de
1307 659 208 36 nuvarande
1530 659 313 36 bestämmelserna
1857 663 102 33 svåra

358 707 232 47 olägenheter
617 709 57 34 för
701 709 377 49 fiskarbefolkningen.
1110 712 76 35 Det
1213 713 176 47 uppgives
1418 713 159 44 sålunda,
1596 715 55 33 att
1665 714 196 48 uppsikten
1876 718 85 31 över

357 762 56 33 att
437 760 150 48 olovligt
614 762 145 35 laxfiske
789 764 30 46 ej
851 766 85 45 äger
963 778 79 22 rum
1070 766 172 35 innanför
1262 766 302 48 fredningslinjen
1588 769 127 33 utövas
1730 769 46 45 på
1795 767 61 35 det
1875 770 81 41 sätt,

357 816 56 33 att
441 826 45 22 en
527 815 150 35 vaktbåt
705 817 154 41 nattetid
890 817 123 36 korsar
1039 819 145 47 fjorden
1212 819 12 34 i
1253 819 94 42 olika
1376 820 214 47 riktningar,
1620 820 125 35 varvid
1774 833 44 22 en
1847 821 114 47 dragg

357 867 146 47 skrapar
530 868 243 36 havsbottnen
799 870 57 35 för
884 873 55 33 att
954 872 188 47 uppfånga
1159 873 197 35 eventuellt
1375 873 149 47 utlagda
1542 874 158 47 laxgarn.
1730 874 138 35 Därvid
1889 875 71 34 kan

356 921 156 46 givetvis
540 922 32 46 ej
614 922 177 36 undvikas
823 925 55 34 att
910 925 111 35 andra
1049 925 233 48 fiskredskap,
1312 939 78 22 som
1418 927 86 34 fullt
1531 927 130 47 lovligt
1689 929 142 43 utsatts,
1862 928 96 35 bliva

356 974 161 35 rubbade
545 975 85 35 eller
658 976 186 35 förstörda.
887 977 339 37 Laxfiskeförbudet
1253 981 11 33 i
1293 980 103 47 fråga
1424 980 162 35 kommer
1605 981 149 34 därför
1732 970 20 61 i
1773 981 187 35 realiteten

355 1029 55 33 att
438 1028 171 35 innebära
637 1029 130 35 förbud
795 1032 78 33 mot
901 1033 38 33 så
966 1034 82 44 gott
1070 1045 79 22 som
1178 1033 65 34 allt
1263 1033 86 35 fiske
1379 1034 12 33 i
1422 1034 339 47 Pukaviksfjorden,
1792 1034 114 36 vilket
1926 1036 31 45 ej

355 1080 73 35 kan
456 1093 83 23 vara
567 1082 164 35 avsikten
759 1083 159 36 därmed.

462 1152 74 35 Det
564 1165 79 23 som
671 1154 136 36 anförts
835 1155 116 35 finner
978 1156 181 35 utskottet
1187 1156 57 36 väl
1272 1157 184 45 motivera,
1488 1159 52 34 att
1575 1158 192 47 riksdagen
1786 1159 109 47 begär
1915 1171 44 22 en

358 1205 197 48 utredning
583 1207 12 33 i
623 1207 233 36 förevarande
886 1209 140 35 ärende.
1085 1210 105 34 Dock
1219 1222 104 36 synes
1351 1210 72 45 det,
1454 1223 78 23 som
1552 1223 58 23 om
1630 1212 118 35 denna
1763 1212 196 47 utredning

359 1260 32 46 ej
437 1259 108 35 borde
584 1260 212 36 inskränkas
824 1262 58 35 till
910 1264 55 33 att
988 1263 93 46 gälla
1111 1263 126 35 endast
1265 1264 180 35 laxfiskets
1475 1264 237 48 fullständiga
1740 1266 216 46 frigivande.

358 1311 186 36 Måhända
560 1313 124 35 kunna
703 1314 43 35 de
766 1315 256 47 väsentligaste
1042 1317 271 47 svårigheterna
1332 1317 56 35 för
1408 1317 369 48 fiskarbefolkningen
1797 1320 161 34 övervin-

357 1378 76 31 nas,
451 1378 59 23 om
538 1366 302 50 fredningslinjen
854 1369 124 47 flyttas
997 1373 162 32 närmare
1179 1370 246 36 Mörrumsåns
1454 1371 127 48 utlopp
1596 1372 13 34 i
1623 1372 154 47 fjorden.
1826 1372 132 36 Lister-

356 1418 141 36 landets
526 1419 286 50 fiskeriförening
840 1422 66 35 har
934 1423 12 34 i
974 1423 63 35 sitt
1063 1424 170 47 yttrande
1262 1424 199 36 framhållit
1489 1425 238 47 möjligheten
1750 1438 44 22 av
1814 1426 144 47 frågans

356 1472 146 48 lösning
542 1475 47 45 på
631 1474 100 35 detta
762 1477 80 33 sätt.
900 1476 222 47 Därigenom
1157 1477 145 35 komma
1331 1478 179 35 måhända
1539 1479 30 46 ej
1600 1479 112 35 heller
1737 1479 220 35 konsekven-

356 1538 104 22 serna
487 1526 56 35 för
571 1527 126 36 åfisket
726 1530 54 33 att
809 1529 96 35 bliva
933 1531 39 33 så
998 1531 319 47 genomgripande,
1348 1543 78 23 som
1455 1531 101 35 fallet
1576 1532 115 35 skulle
1710 1532 96 35 bliva
1825 1545 133 34 genom

356 1579 189 36 förbudets
568 1580 237 49 fullständiga
833 1583 251 47 upphävande.
1144 1584 190 35 Utskottet
1362 1584 117 35 finner
1506 1585 55 47 sig
1588 1585 149 35 sålunda
1755 1586 87 35 böra
1861 1586 97 34 hem-

356 1633 105 35 ställa
489 1646 58 22 om
577 1646 44 22 en
649 1635 206 47 utredning,
887 1649 75 22 som
993 1637 208 36 alternativt
1230 1638 170 35 omfattar
1428 1638 182 36 laxfiskets
1639 1639 236 47 fullständiga
1898 1640 60 34 fri-

355 1686 156 47 givande
544 1688 12 33 i
585 1687 322 37 Mörrumsbukten
941 1690 84 34 eller
1052 1690 320 48 fredningslinjens
1401 1692 215 48 inflyttande
1644 1695 162 32 närmare
1834 1694 123 47 åmyn-

355 1752 148 35 ningen.

462 1811 52 35 På
554 1812 119 46 grund
714 1825 43 22 av
790 1813 70 35 vad
889 1814 150 35 sålunda
1067 1815 149 45 anförts,
1243 1815 55 35 får
1323 1816 184 35 utskottet
1534 1817 11 33 i
1578 1817 197 47 anledning
1803 1830 44 23 av
1875 1818 82 35 herr

355 1864 219 47 Ingvarsons
603 1866 231 35 förevarande
863 1868 139 34 motion
1031 1868 201 44 hemställa,

887 1994 55 33 att
970 1993 110 34 andra
1108 1992 207 36 kammaren
1343 1995 113 34 måtte
1485 1995 56 35 för
1564 1995 56 34 sin
1649 1995 57 35 del
1733 1995 148 44 besluta,
1903 1998 54 33 att

780 2045 193 48 riksdagen
1000 2046 84 35 ville
1113 2047 13 33 i
1154 2046 168 36 skrivelse
1351 2047 59 35 till
1429 2048 139 46 Kungl.
1591 2048 110 47 Maj:t
1720 2048 153 46 anhålla,
1895 2049 62 36 det

780 2099 141 47 Kungl.
952 2099 105 48 Maj:t
1084 2099 138 36 täcktes
1250 2104 137 32 snarast
1419 2101 74 35 låta
1522 2101 190 35 verkställa
1740 2114 44 22 en
1813 2102 144 48 allsidig

781 2152 197 47 utredning
1015 2166 44 22 av
1088 2153 128 46 frågan
1257 2166 59 22 om
1358 2154 181 35 laxfiskets
1578 2154 236 47 fullständiga
1857 2156 99 47 frigi-

781 2205 115 35 vande
921 2207 12 33 i
954 2206 320 35 Mörrumsbukten
1294 2208 85 34 eller
1403 2208 317 47 fredningslinjens
1739 2208 216 48 inflyttande

779 2262 162 32 närmare
984 2260 246 35 Mörrumsåns
1271 2261 129 47 utlopp
1429 2262 13 34 i
1470 2261 138 35 bukten
1650 2263 93 33 samt
1785 2263 55 35 för
1868 2264 87 34 riks-
