1856 2812
1517 148 36 29 23

88 239 117 29 tillhör
227 247 109 27 grupp
363 239 13 28 1
402 248 78 19 men
505 238 30 35 ej
562 237 154 36 åtnjuter
737 237 141 36 förhöjd
900 238 183 35 grundlön,
1107 238 164 29 ävensom
1296 237 55 29 för
1372 237 109 30 sådan
1505 239 88 34 tryc-

88 281 223 30 kerimästare
332 280 46 36 på
398 281 94 29 äldre
514 281 154 35 lönestat,
690 290 75 20 som
787 280 30 35 ej
840 280 56 30 vid
918 280 219 35 tillämpning
1157 289 42 20 av
1219 279 160 36 gällande
1400 279 193 35 avlönings-

87 324 258 29 bestämmelser
368 323 112 30 skulle
504 324 56 34 ägt
582 322 135 37 åtnjuta
740 322 141 36 förhöjd
902 322 182 36 grundlön.
1109 322 66 29 Om
1198 321 108 30 sådan
1328 322 157 29 arbetare
1506 321 89 30 efter

88 366 55 29 det
165 366 219 35 reglementet
408 366 80 29 trätt
510 365 9 29 i
545 365 94 29 kraft
664 365 175 35 uppfyller
861 364 336 35 förutsättningarna
1219 364 55 29 för
1296 367 48 26 att
1367 364 138 29 tillhöra
1529 364 65 29 den

87 408 105 36 högre
210 408 330 36 pensionsgruppen,
561 408 142 29 komma
721 407 195 37 självfallet,
936 416 80 21 vare
1035 407 48 35 sig
1103 408 69 28 han
1191 407 74 35 bytt
1284 406 209 36 anställning
1512 406 83 30 eller

85 450 44 36 ej,
148 452 41 29 de
207 451 10 29 i
235 451 219 35 reglementet
469 450 167 36 stadgade
653 450 210 35 underlagen
881 449 64 30 och
962 449 174 36 avdragen
1153 449 10 29 i
1181 449 228 35 tillämpning.
1428 448 65 30 Vid
1510 458 83 27 pap-

87 493 203 36 persbruket
307 493 67 30 blir
390 492 454 36 övergångsbestämmelsen
862 502 41 20 av
919 492 103 30 värde
1038 493 54 28 för
1107 492 71 29 dels
1196 492 166 34 arbetare,
1377 500 76 21 som
1467 501 47 20 nu
1529 491 64 30 till-

85 536 64 28 hör
168 535 275 37 pensionsgrupp
465 537 13 28 1
497 538 84 27 utan
601 537 49 28 att
668 544 83 20 vara
769 535 261 29 arbetsledande
1049 534 139 30 förman
1208 535 80 28 eller
1307 534 106 30 förste
1432 534 161 34 formare,

88 578 70 30 dels
179 579 64 29 ock
262 577 109 31 sådan
391 579 50 29 till
461 578 275 35 pensionsgrupp
757 579 18 28 2
798 578 54 29 för
871 577 217 30 närvarande
1108 576 152 31 hänförd
1280 577 165 34 arbetare,
1464 585 77 21 som
1560 576 32 36 ej

87 622 39 28 är
142 621 106 30 andre
265 621 162 35 formare,
443 621 158 36 guskare,
619 620 107 30 förste
742 620 247 34 formbindare,
1007 620 107 29 förste
1130 619 157 30 limmare
1302 619 83 30 eller
1400 619 106 30 förste
1524 619 69 30 val-

85 672 86 21 sare.
201 663 67 30 För
295 662 108 31 sådan
431 663 165 35 arbetare,
625 672 75 21 som
727 672 48 20 nu
802 662 117 30 tillhör
945 662 277 36 pensionsgrupp
1251 662 18 29 3
1300 671 78 20 men
1407 661 103 36 enligt
1539 661 56 30 det

88 715 68 27 nya
182 706 221 36 reglementet
430 705 66 30 blir
523 708 49 27 att
599 705 152 30 hänföra
778 705 50 29 till
855 704 275 36 pensionsgrupp
1162 704 29 36 4,
1220 703 67 31 blir
1316 704 155 30 däremot
1499 704 94 29 över-

89 748 358 37 gångbestämmelsen
481 750 84 28 utan
595 747 158 37 praktisk
785 747 184 36 betydelse,
1003 747 165 29 eftersom
1204 746 56 30 det
1290 746 55 30 för
1375 745 218 32 sistnämnda

85 791 277 36 pensionsgrupp
384 790 195 36 föreslagna
600 790 201 35 underlaget
822 789 183 36 överstiger
1026 789 203 30 nuvarande
1249 788 167 36 underlag
1435 788 55 30 för
1511 797 82 28 pen-

85 833 207 36 sionsgrupp
313 834 19 29 3
353 833 82 31 ökat
457 833 79 30 med
558 834 38 29 12
617 836 143 33 procent
780 831 260 38 dyrtidstillägg.

130 901 117 30 Punkt
269 902 29 29 3.
335 901 13 30 I
373 900 98 37 fråga
494 910 57 20 om
577 899 359 37 tjänstårsberäkning
959 900 54 30 för
1037 899 50 30 tid
1112 899 75 30 före
1212 898 292 31 ikraftträdandet
1527 898 68 30 den

90 945 13 28 1
127 943 63 38 juli
214 944 82 30 1935
317 953 43 21 av
380 943 153 31 nämnda
554 942 55 32 års
630 943 499 37 tjänstepensionsreglemente
1147 942 91 36 gälla
1259 941 10 30 i
1293 941 109 30 första
1423 940 94 31 hand
1537 941 56 29 be-

84 987 265 29 stämmelserna
375 986 10 29 i
411 987 18 29 2
458 986 17 36 8
505 987 17 28 2
551 995 105 20 mom.
683 986 229 35 reglementet.
940 984 114 36 Enligt
1083 984 93 31 detta
1205 983 303 36 författningsrum
1536 982 59 31 må

88 1028 270 37 tillgodoräknas
384 1028 59 35 tid,
473 1028 56 30 för
554 1027 117 31 vilken
695 1028 180 29 arbetaren
902 1027 160 30 vidkänts
1089 1026 130 36 avdrag
1243 1026 83 30 eller
1351 1026 106 36 erlagt
1487 1025 108 36 avgift

87 1071 54 30 för
160 1071 273 36 tjänstepension
453 1069 79 31 från
550 1073 112 27 staten
681 1070 83 30 eller
781 1069 80 31 från
880 1078 42 21 av
940 1071 113 28 staten
1072 1069 189 36 upprättad
1281 1069 82 29 eller
1382 1067 213 31 understödd

86 1113 301 37 pensionsanstalt,
418 1112 252 37 pensionsfond
697 1113 82 29 eller
805 1112 277 36 pensionskassa,
1110 1114 93 27 samt
1233 1110 57 31 två
1318 1110 207 36 tredjedelar
1551 1120 44 20 av

86 1165 118 21 annan
230 1156 57 35 tid,
317 1155 173 31 varunder
515 1156 157 29 arbetare
695 1155 88 29 efter
807 1153 142 37 upnådd
975 1153 95 30 ålder
1095 1163 42 20 av
1166 1154 38 29 18
1232 1152 40 31 år
1295 1153 10 30 i
1332 1155 129 28 statens
1488 1152 107 36 tjänst

87 1198 158 30 innehaft
262 1197 111 31 sådan
391 1197 219 36 anställning,
630 1207 76 20 som
725 1196 128 36 utgjort
871 1197 87 29 hans
977 1195 255 36 huvudsakliga
1250 1194 260 38 sysselsättning
1528 1195 66 30 och

86 1241 263 30 förvärvskälla.
374 1241 53 29 En
450 1240 10 29 i
486 1240 89 30 vissa
599 1240 221 30 hänseenden
844 1239 130 30 utökad
997 1237 359 37 tjänstårsberäkning
1381 1238 39 30 är
1442 1237 151 30 emeller-

85 1283 50 30 tid
161 1283 180 36 medgiven
363 1291 125 28 genom
514 1282 218 30 föreskrifter
756 1282 9 29 i
790 1283 17 28 2
833 1281 64 30 och
922 1282 19 30 3
964 1281 198 36 punkterna
1186 1279 407 37 övergångsbestämmel-

84 1335 103 21 serna
205 1326 50 29 till
277 1326 83 30 1935
380 1324 55 32 års
456 1325 215 36 reglemente.
693 1324 114 36 Enligt
828 1325 17 29 2
864 1324 157 36 punkten
1039 1324 110 29 andra
1167 1323 134 36 stycket
1318 1332 44 20 av
1381 1323 97 30 dessa
1499 1323 94 29 över-

85 1367 370 37 gångsbestämmelser
472 1367 57 30 må
547 1368 56 29 för
621 1367 165 35 arbetare,
803 1376 76 20 som
897 1365 106 37 avgår
1023 1366 79 29 med
1119 1366 68 29 rätt
1204 1365 51 33 till
1273 1364 144 37 pension
1435 1364 75 31 före
1527 1365 68 30 den

89 1412 15 29 1
128 1410 139 37 januari
296 1411 82 29 1945
402 1410 65 30 och
493 1409 122 31 därvid
638 1410 79 29 med
742 1408 217 36 tillämpning
983 1418 42 20 av
1049 1409 41 28 de
1112 1408 99 36 eljest
1233 1408 160 35 gällande
1416 1406 178 38 tjänstårs-

85 1452 519 36 beräkningsbestämmelserna
627 1451 76 30 icke
725 1451 69 30 kan
817 1451 109 30 räkna
950 1451 40 29 25
1017 1449 158 36 tjänstår,
1200 1450 65 29 den
1287 1449 212 36 omfattning
1521 1448 74 31 vari

88 1495 75 31 icke
189 1494 402 37 pensionsberättigande
617 1492 278 37 anställningstid
922 1492 271 36 tillgodoräknas
1220 1491 45 37 på
1294 1492 82 29 visst
1400 1492 69 29 sätt
1494 1491 100 36 höjas

86 1538 122 30 utöver
229 1536 56 31 två
307 1536 215 37 tredjedelar,
546 1537 10 29 i
579 1537 66 29 den
668 1535 82 31 mån
773 1535 38 30 så
834 1535 173 30 erfordras
1032 1535 56 29 för
1112 1537 48 27 att
1181 1534 130 30 antalet
1336 1532 147 37 tjänstår
1505 1533 90 31 skall

87 1580 213 36 uppbringas
328 1579 52 30 till
407 1580 51 29 25.
486 1579 65 29 Vid
581 1577 133 37 avgång
741 1578 109 30 under
878 1577 92 30 tiden
1001 1578 13 28 1
1045 1576 138 36 januari
1215 1577 168 29 1940—31
1416 1576 179 30 december

90 1623 83 30 1944
195 1623 79 30 sker
291 1621 148 32 sålunda
458 1620 292 37 tillgodoräkning
769 1621 77 29 med
866 1620 88 29 intill
973 1623 50 26 tre
1044 1619 213 36 fjärdedelar
1275 1628 42 21 av
1339 1618 95 36 dylik
1455 1618 138 30 anställ-

87 1664 160 37 ningstid.

132 1707 67 32 Till
218 1707 218 30 sistnämnda
458 1705 180 31 föreskrift
659 1705 65 30 har
744 1708 46 28 ett
816 1703 381 38 övergångsstadgande
1218 1713 43 21 av
1284 1713 135 21 samma
1441 1702 154 31 innehåll

87 1749 10 30 i
122 1750 83 29 1934
228 1749 55 30 års
304 1748 499 37 tjänstepensionsreglemente
825 1748 55 29 för
901 1747 155 30 arbetare
1077 1746 129 37 utgjort
1225 1745 159 31 förebild.
1407 1746 13 29 I
1442 1745 152 30 förarbe-

85 1795 81 27 tena
189 1792 50 29 till
264 1792 82 29 1942
369 1790 55 31 års
446 1790 497 37 tjänstepensionsreglemente
963 1788 182 37 påpekade
1171 1789 82 29 1938
1276 1788 54 30 års
1353 1787 241 36 pensionssak-

88 1834 153 36 kunniga
263 1834 9 29 i
293 1834 57 30 sitt
369 1833 221 30 betänkande
616 1832 73 37 (sid.
711 1831 69 37 61),
804 1835 49 27 att
872 1831 10 30 i
902 1831 88 36 följd
1010 1841 43 20 av
1073 1832 57 29 det
1150 1830 43 31 då
1213 1830 160 36 gällande
1392 1829 202 36 övergångs-

86 1876 205 36 stadgandet
316 1876 117 29 kunde
457 1875 217 35 uppkomma
703 1875 64 29 den
793 1874 233 35 ojämnheten,
1055 1876 49 26 att
1129 1882 43 20 en
1197 1873 157 29 arbetare
1380 1872 57 30 vid
1461 1871 135 37 avgång

87 1918 75 30 före
183 1919 65 29 den
271 1920 13 27 1
307 1918 139 35 januari
469 1918 82 29 1945
573 1916 131 30 erhölle
721 1917 110 29 större
850 1916 94 29 antal
965 1914 147 36 tjänstår
1133 1916 43 28 än
1197 1914 57 30 vid
1274 1913 133 36 avgång
1428 1914 87 30 först
1537 1914 58 29 vid

87 1961 155 30 nämnda
260 1960 164 36 tidpunkt
442 1960 81 29 eller
538 1968 132 21 senare.
691 1958 64 30 Det
774 1958 92 35 finge
883 1967 101 21 anses
1003 1957 136 29 mindre
1156 1956 201 34 tilltalande,
1378 1959 48 27 att
1447 1956 40 29 de
1504 1965 90 21 sam-

88 2002 185 36 manlagda
303 2001 156 36 tjänstår,
487 2002 181 29 arbetaren
696 2001 110 29 skulle
837 2001 132 28 kunnat
996 2000 110 29 räkna
1134 1999 50 36 sig
1210 1998 141 36 tillgodo
1378 1998 58 30 vid
1462 1997 133 36 avgång

87 2045 76 30 före
185 2045 148 35 angivna
358 2045 75 35 dag,
461 2044 74 29 icke
559 2043 93 36 finge
675 2043 271 35 tillgodoräknas
970 2041 10 30 i
1005 2042 165 29 händelse
1194 2042 71 29 han
1291 2040 184 31 kvarstode
1500 2040 10 30 i
1535 2050 59 21 an-

87 2087 206 35 ställningen
317 2086 86 31 intill
428 2096 41 19 en
493 2095 119 20 senare
635 2086 172 34 tidpunkt.
834 2085 11 29 I
871 2084 147 35 enlighet
1042 2084 78 29 med
1145 2086 45 27 ett
1214 2093 42 20 av
1281 2083 314 36 pensionssakkun-

87 2130 80 35 niga
190 2130 9 29 i
223 2129 199 35 anslutning
450 2129 112 29 därtill
587 2129 163 33 framlagt
775 2128 127 34 förslag
929 2127 64 29 har
1016 2126 55 30 vid
1102 2127 81 28 1942
1211 2125 54 30 års
1291 2125 303 37 tjänstepensions-

87 2173 206 34 reglemente
319 2172 112 35 fogats
456 2180 40 20 en
523 2169 431 36 övergångsbestämmelse
983 2169 123 35 (punkt
1134 2167 31 37 4)
1194 2168 105 35 enligt
1325 2168 113 29 vilken
1463 2168 55 29 för
1542 2177 52 20 ar-

87 2215 126 33 betare,
241 2223 74 20 som
340 2213 105 35 avgår
471 2214 76 28 med
576 2211 270 37 tjänstepension
874 2212 66 28 den
969 2212 13 28 1
1011 2210 138 35 januari
1179 2210 82 29 1945
1287 2210 83 29 eller
1395 2219 129 25 senare,
1554 2210 41 28 de

86 2255 139 36 jämlikt
244 2255 511 35 reglementsbestämmelserna
773 2253 198 29 beräknade
989 2252 190 35 tjänståren
1199 2253 9 28 i
1230 2251 286 30 förekommande
1533 2251 63 29 fall

86 2298 99 29 skola
209 2298 123 29 utökas
358 2297 8 28 i
391 2296 106 30 sådan
523 2296 218 33 omfattning,
767 2298 47 26 att
841 2294 207 35 tjänstårens
1074 2295 93 28 antal
1194 2294 73 28 icke
1292 2293 213 34 understiger
1529 2293 67 29 vad

87 2349 75 20 som
187 2340 133 28 kunnat
344 2338 279 35 tillgodoräknas,
647 2338 112 29 därest
782 2336 174 35 avgången
978 2337 87 28 skett
1089 2336 212 28 omedelbart
1325 2336 73 28 före
1419 2335 64 29 den
1508 2336 13 28 1
1545 2335 49 34 ja-

89 2382 98 29 nuari
218 2382 90 28 1945.

134 2423 208 29 Kommittén
363 2424 62 28 har
446 2423 51 28 för
516 2423 49 28 sin
586 2423 52 27 del
659 2424 107 26 ansett
788 2424 41 25 ett
853 2420 240 29 motsvarande
1112 2420 188 32 stadgande
1319 2420 81 28 böra
1424 2420 172 28 meddelas

89 2466 219 29 beträffande
334 2466 155 28 arbetare
517 2465 53 28 vid
598 2474 44 19 nu
672 2463 261 34 ifrågavarande
962 2461 405 34 förvaltningsområden.
