2184 2608
356 168 38 31 10
869 173 225 31 Statsutskottets
1116 174 150 30 utlåtande
1289 175 46 29 Ny
1359 177 71 27 155.

463 250 62 30 Vid
559 251 393 40 kostnadsberäkningar,.
969 254 127 30 särskilt
1128 255 18 29 å
1174 254 190 40 byggnader,
1390 255 159 39 dragande
1575 255 152 31 avsevärd
1752 265 104 21 massa
1880 267 66 20 ma-

352 295 100 36 terial,
488 298 35 27 är
557 297 108 38 praxis
701 299 47 28 att
770 298 99 29 räkna
892 298 75 29 med
991 298 208 40 möjligheten
1224 309 40 21 av
1286 300 239 39 förmånligaste
1549 300 307 38 betalningsvillkor,
1883 303 65 28 vari

352 342 259 37 entreprenörens
635 342 347 39 ersättningsmarginal
1007 343 48 30 för
1078 347 69 34 eget
1170 345 107 29 arbete
1301 345 59 29 och
1384 355 114 19 ansvar
1522 345 105 38 ligger.
1668 345 15 29 I
1709 345 87 30 detta
1820 345 56 30 fall
1893 346 58 29 har

351 386 67 38 just
442 385 222 31 anskaffandet
688 396 39 20 av
751 386 38 30 de
814 390 82 27 stora
920 398 163 20 massorna
1108 389 155 35 material,
1289 389 10 28 i
1323 388 113 30 stället
1452 389 49 29 för
1525 391 46 28 att
1584 389 148 39 medgiva
1746 390 143 39 billigare
1906 391 44 28 in-

352 430 155 38 köpspris,
542 431 230 30 åstadkommit
795 432 152 29 oerhörda
970 433 198 39 fördyringar
1192 434 42 38 på
1257 433 102 38 grund
1384 443 38 21 av
1447 436 47 27 att
1517 434 131 39 inköpet
1671 436 85 29 måst
1781 435 54 30 ske
1865 438 87 27 snart

352 477 68 35 sagt
443 477 74 28 över
540 476 72 29 hela
636 475 117 31 landet.

463 520 49 29 Av
536 530 39 19 en
599 520 128 30 särskilt
750 521 107 38 bilagd
882 520 86 30 tablå
992 521 161 38 angående
1178 522 385 39 prisstegringsuppgifter
1586 524 18 29 å
1628 523 124 31 diverse
1776 524 173 39 byggnads-

351 564 144 29 material
519 564 122 39 framgå
665 567 115 36 gängse
808 565 238 39 marknadspris
1070 565 101 31 under
1194 567 58 28 här
1275 567 239 38 ifrågavarande
1539 568 54 29 tid.
1642 568 62 30 Det
1728 569 84 30 visar
1835 569 46 37 sig
1905 572 47 27 att

351 608 279 40 marknadsprisen
667 610 10 28 i
713 610 83 38 regel
824 613 52 27 äro
905 610 157 40 betydligt
1090 611 94 38 högre
1209 613 41 27 än
1276 611 38 30 de
1339 612 64 39 pris
1426 613 55 38 jag
1504 612 122 39 lyckats
1650 613 198 30 tillförsäkra
1871 614 75 38 mig.

352 653 93 30 Detta
468 653 115 30 hänför
606 655 47 38 sig
676 655 134 38 givetvis
834 655 116 36 därtill,
977 658 46 27 att
1046 656 53 39 jag
1122 656 69 29 icke
1215 656 143 30 försuttit
1381 657 96 38 något
1501 657 124 30 tillfälle
1651 660 46 27 att
1721 658 11 29 i
1746 658 47 30 tid
1810 661 141 36 uppgöra

351 698 303 37 leveranskontrakt,
692 701 56 27 när
783 699 113 30 sådant
932 700 185 30 överhuvud
1152 701 82 29 varit
1258 701 134 39 möjligt.
1444 702 61 29 Det
1534 702 165 39 föreligger
1724 702 134 31 sålunda
1881 703 70 30 icke

352 744 102 37 någon
480 744 79 29 brist
583 744 41 38 på
647 743 202 31 förutseende
873 745 70 29 från
968 745 68 29 min
1061 744 76 30 sida.

461 788 61 29 Det
556 788 63 29 kan
654 789 37 38 ju
725 789 49 29 för
809 789 60 30 den
899 791 28 38 ej
958 789 166 30 initierade
1161 800 95 29 synas
1280 790 226 39 märkvärdigt,
1533 794 45 27 att
1602 793 28 38 ej
1656 792 64 29 alla
1745 792 206 40 uppgörelser

351 833 123 30 kunnat
502 833 64 34 ske,
597 833 38 30 då
662 834 141 38 priserna
826 835 28 38 ej
880 844 75 20 voro
979 835 35 29 så
1037 834 190 39 uppdrivna,
1253 845 74 20 men
1351 836 57 29 har
1432 835 88 30 detta
1543 836 135 30 faktiskt
1703 838 29 38 ej
1767 838 81 29 varit
1871 838 80 38 möj-

351 877 57 39 ligt
436 880 98 27 annat
561 880 39 27 än
626 878 74 30 med
724 878 125 30 mindre
873 879 116 39 partier
1013 880 58 29 och
1095 879 29 39 ej
1150 880 41 38 på
1215 879 99 30 andra
1338 880 125 36 villkor,
1490 883 39 27 än
1554 884 46 26 att
1624 881 167 31 desamma
1815 881 136 30 omedel-

352 922 69 29 bart
446 922 204 30 levererades
685 923 60 30 och
781 923 221 31 likviderades.
1052 923 102 36 Avtal,
1191 924 147 38 gällande
1374 927 98 27 större
1509 926 124 38 partier,
1659 925 164 31 fördelade
1848 927 40 38 på
1913 936 39 20 en

351 967 107 38 längre
494 967 193 31 leveranstid
722 968 82 29 hava
839 969 104 29 såsom
977 969 83 38 regel
1088 968 69 30 icke
1182 978 38 20 av
1245 968 253 31 leverantörerna
1527 970 168 39 medgivits
1721 972 41 38 på
1786 971 102 39 grund
1913 981 39 19 av

351 1012 371 39 krigskonjunkturerna.
761 1007 90 36 Även
868 1023 51 20 om
945 1015 98 28 större
1068 1013 115 39 partier
1208 1014 40 39 på
1272 1024 38 19 en
1335 1015 81 38 gång
1429 1015 82 30 varit
1528 1015 205 39 tillgängliga,
1753 1016 99 30 vilket
1867 1016 84 38 inga-

351 1056 99 30 lunda
473 1057 11 29 i
508 1056 92 31 dessa
625 1057 82 30 tider
731 1057 74 30 med
828 1057 205 39 fullständigt
1056 1058 133 30 abnorm
1214 1059 167 40 knapphet
1405 1060 41 39 på
1470 1062 45 28 ett
1527 1060 101 30 flertal
1645 1070 91 20 varor
1752 1060 82 31 varit
1851 1060 99 36 fallet,

350 1101 63 30 kan
436 1102 37 39 ju
497 1101 54 31 vid
575 1102 35 30 så
634 1105 78 27 stort
736 1102 106 31 arbete
866 1113 68 20 som
958 1103 238 38 ifrågavarande
1221 1103 102 30 under
1346 1105 73 37 inga
1446 1105 224 30 förhållanden
1687 1105 133 30 komma
1852 1105 99 38 ifråga

350 1148 47 28 att
430 1147 12 28 i
476 1146 110 39 förväg
620 1147 160 39 upplägga
815 1147 43 30 all
882 1147 153 39 åtgående
1060 1148 155 36 material,
1242 1148 134 30 emedan
1400 1148 41 30 då
1466 1150 28 38 ej
1521 1149 81 30 blott
1625 1149 156 30 oerhörda
1804 1150 145 38 upplags-

350 1191 117 39 platser
502 1191 103 30 skulle
640 1191 157 31 erfordras
832 1193 58 29 och
926 1193 11 28 i
961 1192 156 30 samband
1141 1192 132 30 därmed
1309 1193 202 39 opåräknade
1536 1197 84 27 stora
1642 1194 311 40 upplagskostnader

350 1235 103 30 skulle
487 1236 189 36 förorsakas,
713 1239 77 27 utan
825 1239 79 27 även
941 1237 128 39 mycket
1101 1240 84 27 stora
1208 1237 123 40 kapital
1354 1238 157 30 fastlåsas.
1560 1239 93 29 Detta
1677 1239 65 30 kan
1767 1240 34 29 så
1824 1239 128 40 mycket

350 1279 124 31 mindre
510 1280 54 30 ske
600 1290 69 20 som
705 1280 451 40 Kasernbyggnadsnämnden
1181 1281 113 31 endast
1317 1282 62 30 kan
1410 1283 143 30 utbetala
1576 1283 179 31 likviderna
1779 1285 10 28 i
1814 1285 74 28 mån
1913 1294 38 20 av

349 1324 145 40 fullgjort
517 1325 107 30 arbete
647 1325 100 39 enligt
770 1326 400 39 entreprenadkontraktet.

461 1370 46 30 De
542 1370 147 38 orimliga
724 1370 152 31 leverans-
902 1371 59 30 och
997 1371 299 39 prisförhållanden,
1324 1382 67 20 som
1417 1372 98 30 sedan
1540 1373 411 39 entreprenadkontraktets

350 1414 281 31 undertecknande
660 1415 49 30 till
734 1415 81 39 följd
841 1425 38 20 av
903 1415 103 39 kriget
1029 1416 146 39 uppstått
1198 1417 11 28 i
1234 1416 109 30 landet
1367 1417 59 30 och
1451 1417 110 30 undan
1584 1418 49 29 för
1656 1417 111 30 undan
1792 1418 78 38 tagit
1894 1418 58 30 allt

351 1460 186 29 abnormare
561 1460 127 35 former,
714 1460 82 30 hava
820 1460 120 30 således
964 1460 209 39 framtvingat
1196 1461 85 30 vissa
1306 1461 317 40 kostnadsökningar,
1648 1465 75 27 över
1746 1462 88 31 vilka
1853 1465 97 28 entre-

351 1506 153 37 prenören
528 1504 118 31 varken
670 1514 115 28 genom
810 1505 201 29 förutseende
1037 1505 75 29 eller
1136 1516 41 28 på
1201 1508 98 27 annat
1323 1508 62 27 sätt
1409 1506 126 30 kunnat
1558 1509 58 28 öva
1640 1507 187 39 inflytande.
1853 1508 98 30 Dessa

350 1549 309 38 kostnadsökningar
693 1549 42 29 ha
771 1548 81 30 dock
876 1550 41 38 på
944 1549 238 38 förmånligaste
1212 1552 63 27 sätt
1298 1549 124 31 kunnat
1446 1551 199 38 nedbringas,
1672 1553 34 28 så
1731 1554 47 27 att
1801 1552 149 30 merkost-

350 1593 104 31 naden
479 1595 18 28 å
521 1594 38 30 de
595 1594 139 36 arbeten,
761 1603 67 20 som
853 1593 194 31 fullbordats
1071 1596 83 28 samt
1178 1594 253 39 slutbesiktigats
1456 1596 10 28 i
1490 1596 127 38 januari
1643 1595 94 37 1917,
1763 1597 29 39 ej
1819 1598 133 38 uppgått

350 1638 50 30 till
425 1648 67 20 mer
516 1642 40 26 än
580 1648 45 21 c:a
651 1637 38 31 16
711 1639 32 34 &
772 1647 39 21 av
834 1638 318 31 kontraktssumman
1176 1639 49 29 för
1249 1648 133 21 samma.

462 1684 59 29 För
544 1683 277 38 felbedömningar
846 1683 53 29 vid
923 1693 38 20 en
986 1683 331 39 kostnadsberäkning
1340 1686 152 28 ävensom
1517 1685 49 29 för
1590 1685 36 30 de
1651 1685 197 39 rubbningar
1872 1686 9 29 i
1901 1686 48 30 de-

350 1738 133 26 samma,
509 1738 68 20 som
602 1727 101 31 under
727 1727 144 31 normala
894 1728 234 39 konjuukturer
1151 1728 111 30 kunna
1286 1730 117 38 uppstå
1426 1739 115 28 genom
1566 1730 304 38 prisfluktuationer,
1895 1731 56 30 bör

350 1773 133 38 givetvis
519 1783 39 20 en
593 1775 203 37 entreprenör
820 1772 82 39 själv
928 1773 74 29 bära
1025 1773 114 30 risken.
1189 1773 74 30 Men
1288 1773 57 29 här
1369 1774 57 29 har
1450 1784 37 19 en
1514 1774 121 39 verklig
1657 1775 291 39 force-majeure-si-

350 1818 133 36 tuation,
509 1817 74 31 med
607 1817 155 30 avseende
787 1818 40 37 på
851 1818 98 38 priser
973 1818 59 30 och
1057 1818 193 29 materialier
1275 1828 51 19 om
1352 1818 122 30 arbetet
1498 1819 103 30 skulle
1625 1819 111 30 kunna
1760 1819 188 37 fullbordas,

350 1864 152 38 uppstått.

461 1908 57 29 Att
541 1907 87 30 detta
652 1907 224 30 fullbordande
900 1907 162 38 verkligen
1086 1906 72 31 låtit
1181 1908 48 37 sig
1252 1910 75 35 göra
1350 1908 88 29 inom
1464 1908 61 30 den
1551 1908 46 30 tid
1621 1918 67 21 som
1715 1909 94 36 skett,
1836 1909 114 30 hänför

350 1953 46 37 sig
421 1952 48 30 till
487 1955 45 27 ett
555 1954 114 37 ytterst
692 1951 211 31 enerverande
920 1952 58 29 och
995 1951 153 40 jäktande
1165 1952 107 30 arbete
1285 1952 48 30 för
1346 1955 254 37 entreprenören,
1614 1963 69 20 som
1696 1954 85 29 måst
1797 1954 74 29 med
1888 1953 61 31 den

349 1999 115 28 största
498 1996 216 40 påpasslighet
738 1997 144 39 utnyttja
905 1997 88 38 varje
1017 1996 113 40 möjlig
1161 1997 129 36 chance,
1327 2000 56 26 när
1416 1997 134 39 tillgång
1585 1998 48 30 till
1658 1998 195 30 materialier
1877 2001 74 27 över

350 2041 111 31 huvud
484 2044 101 37 yppat
608 2042 55 38 sig.

461 2086 185 30 Stockholm
672 2085 61 30 den
759 2085 41 30 22
824 2086 126 39 januari
977 2085 94 30 1917.

1573 2130 74 32 Gid.
1673 2131 165 32 Ericsson.

852 2271 310 23 CENTRALTRYCKERIET,
1183 2271 169 18 STOCKHOLM
1376 2272 75 18 1918.
