2192 2624
718 213 225 29 Statsutskotlets
969 214 144 28 utlåtande
1137 214 45 28 Nr
1207 215 70 26 1565.
1780 213 15 28 7

197 294 52 29 vid
286 294 393 37 kasernetablissemanget
704 294 47 28 för
777 293 150 38 Västgöta
953 296 186 35 regemente,
1166 294 184 38 ingenjören
1375 292 122 31 Gideon
1524 293 156 36 Ericsson,
1706 293 89 40 gjord

196 338 198 38 underdånig
417 338 237 37 framställning
678 348 50 19 om
756 338 174 38 ersättning
955 339 47 28 för
1025 338 87 29 lidna
1128 338 149 30 förluster
1295 337 52 30 vid
1365 337 238 38 ifrågavarande
1621 338 173 39 byggnads:

196 383 141 35 arbeten;
376 383 58 30 och
470 383 49 29 får
543 382 177 35 Nämnden,
747 382 70 29 med
845 382 222 29 remissaktens
1092 382 234 35 återställande,
1354 382 128 29 härmed
1510 383 5 28 i
1543 382 254 38 underdånighet

196 428 111 29 anföra
330 427 150 39 följande.

308 471 169 30 Nämnden
502 472 56 28 har
584 471 71 29 med
683 471 142 30 Ericsson
854 472 149 38 uppgjort
1017 471 149 29 kontrakt
1182 470 132 30 rörande
1333 471 130 29 berörda
1479 471 138 35 arbeten,
1637 471 160 38 nämligen

196 515 67 31 dels
298 516 60 29 den
397 515 39 29 15
461 515 139 30 februari
627 515 82 29 1915
736 515 161 37 angående
921 515 198 38 uppförande
1144 515 58 29 och
1228 515 172 29 inredande
1424 525 38 19 av
1490 515 36 29 17
1554 519 37 26 st.
1617 515 182 39 byggnader

196 560 49 29 för
280 570 38 19 en
354 559 221 37 sammanlagd
611 558 135 30 kostnad
782 569 38 19 av
850 559 114 29 kronor
990 558 183 36 1,337,500:
1191 576 35 3 —
1255 559 59 29 och
1339 558 66 30 dels
1429 558 59 30 den
1515 559 18 29 8
1559 560 125 36 augusti
1713 558 82 30 1916

197 604 162 38 angående
383 603 202 39 ombyggnad
610 604 57 29 och
693 602 173 30 inredande
891 613 38 19 av
945 603 187 38 lägenheten
1150 603 189 38 Niklasberg
1356 603 49 29 till
1422 602 376 31 underofficersbostäder

196 649 50 29 för
278 658 39 20 en
352 647 135 31 kostnad
524 658 38 19 av
592 647 133 39 tillhopa
751 648 115 29 kronor
891 647 191 36 29,000:—.
1133 648 14 28 I
1172 647 38 29 de
1235 648 57 29 hos
1316 647 169 30 Nämnden
1510 647 180 39 uppgjorda
1713 648 82 29 kost-

197 693 334 37 nadsberäkningarna
548 693 48 28 för
619 692 222 29 förstnämnda
864 692 128 30 arbeten
1017 692 81 29 hade
1124 691 190 31 kostaderna
1338 691 105 30 därför
1467 692 163 39 upptagits
1655 692 49 29 till
1729 692 65 30 kro-

197 747 57 20 nor
292 737 183 37 1,335,900:
491 755 50 18 —,
566 737 75 29 eller
664 737 10 28 i
699 736 54 30 det
788 736 77 30 allra
901 739 158 27 närmaste
1084 746 124 20 samma
1233 736 115 39 belopp
1373 746 68 20 som
1466 736 60 30 den
1551 736 75 30 med
1650 736 147 30 Ericseon

197 782 145 30 avtalade
367 782 328 30 kontraktssumman.
722 781 172 38 Angående
912 781 333 38 inredningsarbetena
1262 782 10 28 i
1289 781 188 38 Niklasberg
1494 781 56 29 har
1563 781 99 30 Eders
1678 780 117 39 Kungl.

197 827 94 39 Maj:t
325 836 113 29 genom
474 826 110 38 nådigt
620 826 104 29 beslut
759 825 61 30 den
846 826 17 28 2
888 826 72 38 juni
997 825 83 30 1916
1111 826 133 38 beviljat
1268 825 186 31 Nämndens
1479 825 190 30 hemställan
1696 828 46 28 att
1766 826 32 29 få

197 874 115 35 antaga
336 871 164 30 Ericssons
523 870 101 30 under
647 869 88 30 hand
760 871 134 37 avgivna
918 870 108 30 anbud
1050 871 17 28 å
1093 870 209 39 nyssberörda
1328 870 124 39 belopp,
1472 870 114 30 kronor
1600 869 130 37 29,000:
1745 888 51 18 —,

197 916 49 29 för
269 915 239 38 ifrågavarande
533 915 137 29 arbeten.

286 959 148 31 Ericsson
447 960 57 29 har
517 960 10 28 i
541 960 49 29 sin
603 958 218 39 underdåniga
834 959 236 38 framställning
1083 959 147 38 uppgivit
1242 959 204 38 fördyringen
1461 959 48 30 för
1522 959 171 30 arbetena
1680 954 15 47 i
1711 960 87 37 fråga

197 1004 50 29 till
271 1004 116 30 kronor
410 1005 156 35 223,209:
580 1004 49 29 98.

309 1050 57 29 Att
390 1048 104 30 denna
517 1048 115 30 förlust
656 1048 162 38 verkligen
842 1048 158 38 förelegat,
1024 1049 57 29 har
1106 1059 38 19 av
1169 1048 148 30 Ericsson
1341 1048 119 40 styrkts
1485 1048 73 30 med
1580 1051 45 27 ett
1641 1058 156 20 samman-

198 1093 77 39 drag
298 1104 39 19 av
361 1093 38 30 de
423 1096 76 27 utav
525 1093 118 30 honom
667 1092 92 30 förda
782 1093 255 38 räkenskaperna
1060 1093 49 30 för
1133 1093 158 36 arbetena,
1318 1103 38 20 av
1379 1093 101 30 vilket
1502 1093 148 38 framgår,
1677 1095 46 28 att
1739 1093 58 30 för-

199 1138 131 30 berörda
355 1139 138 35 arbeten,
520 1137 159 31 inklusive
704 1137 267 39 tilläggsarbeten,
997 1138 49 29 till
1071 1137 62 30 den
1159 1138 39 29 22
1223 1138 127 39 januari
1377 1137 82 30 1917
1485 1138 106 30 kostat

1419 1183 114 29 kronor
1559 1182 183 36 1,615,542:
1759 1182 40 29 98

198 1229 59 29 och
294 1231 46 27 att
374 1228 64 29 han
473 1228 50 29 för
556 1237 123 20 samma
704 1227 129 30 arbeten
857 1228 155 38 uppburit
1035 1227 76 30 eller
1134 1230 72 36 äger
1230 1230 46 27 att
1300 1238 38 19 av
1362 1227 168 30 Nämnden

243 1273 144 38 uppbära
410 1272 113 30 inalles
544 1298 158 5 ...........
806 1299 133 4 rrrlreireer
947 1299 29 4 ena
1056 1300 2 2 .
1198 1296 146 6 ens
1418 1272 115 30 Krono0r
1559 1271 240 37 1,392,333:
1773 1267 30 48 —

197 1335 104 30 vadan
325 1335 156 30 förlusten
506 1334 102 30 skulle
633 1334 87 30 blivå
770 1361 334 5 oomsssssssssssssssssssser
1150 1362 2 2 ses
1197 1362 63 4 sees
1328 1361 63 5 son
1418 1335 115 30 KYONOT
1591 1335 208 36 223,209:98

310 1397 123 30 Genom
458 1397 151 38 närlagda
631 1397 91 39 intyg
745 1397 72 29 från
840 1397 140 30 revisorn
1005 1397 77 30 Karl
1100 1397 190 36 Wanselius,
1309 1397 218 30 auktoriserad
1544 1407 38 20 av
1597 1397 202 30 Stockholms

198 1441 310 36 handelskammare,
534 1442 57 29 har
615 1441 148 30 Ericsson
788 1441 112 39 styrkt,
926 1441 67 31 dels
1017 1444 47 27 att
1087 1441 211 31 förenämnda
1322 1442 116 38 belopp
1462 1441 152 31 utbetalts
1638 1442 49 29 för
1703 1445 96 27 mate-

196 1486 106 30 rialier
326 1487 59 30 och
409 1486 196 30 arbetslöner
627 1485 55 31 vid
706 1486 431 40 kasernbyggnadsarbetena
1161 1486 10 29 i
1196 1486 200 39 Vänersborg
1420 1486 58 30 och
1496 1486 68 30 dels
1581 1489 46 27 att
1643 1486 154 31 förlusten

197 1531 54 30 vid
276 1531 164 30 desamma
464 1534 34 27 är
522 1530 61 31 den
607 1540 80 21 ovan
713 1531 144 38 angivna.

310 1576 110 30 Såsom
457 1586 38 20 av
530 1575 128 39 bilagda
692 1576 91 39 intyg
811 1576 71 29 från
906 1575 186 31 Nämndens
1116 1576 265 30 kassaförvaltare
1404 1577 148 38 framgår,
1578 1579 34 27 är
1635 1576 165 31 Ericssons

198 1621 128 39 uppgift
349 1631 53 20 om
427 1620 39 31 de
490 1620 114 36 medel,
629 1621 64 29 han
717 1620 71 30 från
812 1620 170 31 Nämnden
1006 1620 96 30 redan
1128 1621 167 37 emottagit
1318 1621 59 30 och
1399 1623 72 36 äger
1486 1621 153 39 uppbära,
1658 1624 141 28 överens-

198 1665 202 30 stämmande
425 1665 74 30 med
523 1665 39 30 de
586 1666 18 28 å
627 1664 186 31 Nämndens
838 1665 184 39 expedition
1045 1665 92 30 förda
1160 1665 267 40 räkenskaperna.

310 1710 16 30 I
350 1710 102 38 övrigt
475 1710 58 29 har
556 1710 146 30 Ericsson
729 1710 133 38 påvisat,
887 1712 47 28 att
957 1709 61 31 den
1042 1710 188 39 uppkomna
1253 1710 204 39 fördyringen
1482 1713 33 27 är
1539 1720 38 20 en
1601 1710 83 40 följd
1706 1721 38 20 av
1761 1711 39 30 de

198 1754 102 30 under
323 1754 194 31 arbetstiden
543 1754 141 38 stegrade
709 1754 155 30 materiel-
889 1755 59 29 och
972 1754 221 39 arbetsprisen.

311 1800 73 29 Han
420 1799 58 30 har
512 1800 49 29 för
596 1799 61 30 den
692 1799 86 30 skull
806 1799 100 38 bilagt
930 1798 66 31 dels
1019 1799 70 30 sina
1112 1799 223 40 ursprungliga
1359 1799 374 39 kostnadsberäkningar,
1757 1818 41 3 —

198 1844 189 40 uppgjorda,
423 1844 75 30 med
534 1843 154 31 avseende
713 1844 19 29 å
755 1843 374 39 huvudentreprenaden,
1153 1844 11 29 i
1188 1844 98 30 slutet
1320 1854 39 19 av
1394 1845 34 28 år
1458 1844 85 30 1914
1567 1861 41 4 —
1633 1844 88 31 vilka
1744 1845 54 30 vid

198 1889 195 38 granskning
428 1889 83 30 visat
534 1889 47 38 sig
603 1898 75 21 vara
701 1888 116 39 riktiga
840 1889 59 29 och
924 1888 334 31 överensstämmande
1282 1888 75 30 med
1381 1888 38 30 de
1443 1889 107 38 priser,
1576 1889 87 30 vilka
1687 1893 110 36 uppta-

197 1934 62 38 gits
294 1934 47 29 uti
377 1933 38 31 de
451 1933 118 36 anbud,
599 1934 74 29 varå
697 1933 395 39 entreprenadsummorna
1116 1933 162 38 grundats,
1303 1932 66 32 dels
1393 1933 161 40 uppgifter
1577 1944 53 20 om
1654 1934 145 38 prissteg-

197 1979 149 38 ringarna
380 1978 54 31 vid
470 1978 38 30 de
543 1978 197 39 tidpunkter,
766 1978 41 30 då
830 1978 287 40 materialinköpen
1141 1978 108 39 gjorts,
1273 1977 67 31 dels
1363 1977 54 31 ock
1440 1978 200 39 förteckning
1663 1981 74 28 över
1761 1979 38 30 de

198 2026 89 27 extra
311 2023 287 39 utbetalningarna,
624 2023 65 29 han
713 2023 83 39 gjort
819 2023 49 29 för
893 2022 142 39 stegrade
1060 2022 202 31 arbetslöner.

310 2068 47 30 Då
396 2068 147 30 Ericsson
579 2077 113 28 genom
722 2067 151 39 närlagda
896 2068 90 38 intvg
1008 2067 71 30 från
1103 2068 53 29 två
1179 2068 126 39 ojäviga
1329 2078 155 28 personer,
1510 2068 289 40 byggnadsinspek-

202 2115 89 27 tören
315 2113 49 29 Fr.
396 2112 145 40 Sjösteen
565 2112 57 30 och
648 2112 179 29 arkitekten
852 2112 75 29 Sam
951 2111 173 40 Kjellberg,
1150 2112 104 39 styrkt
1277 2115 47 27 att
1346 2112 139 39 inköpen
1511 2113 83 29 skett
1617 2114 18 28 å
1659 2113 39 29 de
1722 2123 77 30 upp-

198 2158 95 37 givna
317 2157 133 36 tiderna,
475 2166 114 30 genom
614 2157 90 38 intyg
727 2156 71 30 från
822 2156 85 30 olika
930 2157 211 30 leverantörer
1165 2174 42 3 —
1231 2156 88 31 vilka
1342 2158 90 38 intyg
1456 2158 57 28 här
1538 2157 121 39 bifogas
1684 2175 42 4 —
1752 2158 47 29 be-

199 2201 119 31 kräftat
352 2201 39 31 de
426 2202 163 39 uppgivna
619 2201 282 39 prisstegringarna
924 2204 84 27 samt
1031 2201 198 31 överlämnat
1252 2201 145 40 bestyrkt
1420 2202 127 39 uppgift
1571 2212 52 20 om
1648 2202 39 30 de
1712 2203 85 30 utbe-

199 2246 87 30 talda
321 2247 215 38 stegringarna
564 2247 19 29 å
606 2245 246 37 arbetslönerna,
889 2256 93 30 synes
1017 2247 94 37 ingen
1147 2245 200 40 invändning
1376 2246 102 30 finnas
1502 2249 47 28 att
1572 2249 73 35 göra
1669 2250 68 27 mot
1761 2247 39 30 de

198 2291 148 30 lämnade
371 2291 204 40 uppgifterna
598 2301 52 19 om
675 2290 214 40 fördyringen.
