1924 2848
510 169 422 38 Bevillningsutskottets
960 169 225 33 betänkande
1213 170 52 31 Nr
1292 172 28 29 ?.
1600 171 18 29 1

866 365 59 40 Nr
953 366 35 40 4.

678 485 113 23 Ankom
812 485 42 24 till
875 484 163 32 riksdagens
1058 485 91 24 kansli
1169 484 54 24 den
1243 486 14 22 2
1277 491 75 17 mars
1373 485 67 24 1934
1460 484 36 24 kl.
1519 486 10 22 1
1550 492 24 17 e.
1593 492 37 16 m.

272 579 416 36 Bevillningsutskottets
712 578 233 37 betänkande,
969 579 14 30 i
1005 578 193 37 anledning
1220 588 44 22 av
1288 578 133 37 Kungl.
1444 578 122 37 Maj:ts
1589 588 78 28 pro-

470 632 156 36 position
649 631 181 37 angående
852 631 259 37 godkännande
1134 641 44 22 av
1202 633 51 29 ett
1276 631 133 31 mellan
1432 631 145 37 Sverige
1600 631 66 32 och

472 682 178 34 Österrike
673 684 110 31 slutet
804 684 162 32 handels-
989 684 65 32 och
1076 684 256 37 sjöfartsavtal.

205 788 17 31 I
256 798 43 21 en
332 787 65 32 den
432 789 18 29 1
477 787 154 31 februari
660 786 85 31 1934
768 786 225 38 dagtecknad,
1017 787 57 31 till
1097 787 375 37 bevillningsutskottet
1494 787 173 32 hänvisad

164 840 222 37 proposition,
420 850 44 21 nr
498 840 74 36 119,
595 839 66 32 har
684 838 131 37 Kungl.
840 839 112 37 Maj:t,
977 839 110 32 under
1109 840 214 36 åberopande
1345 849 45 21 av
1412 840 256 36 propositionen

164 893 137 37 bilagda
323 892 127 37 utdrag
473 903 44 20 av
542 891 379 37 statsrådsprotokollen
944 894 82 29 över
1050 892 293 32 handelsärenden
1366 892 56 32 för
1437 893 63 31 den
1513 893 41 31 26
1570 893 100 37 janu-

164 946 54 31 ari
240 946 62 31 och
326 945 66 32 den
416 946 19 30 1
460 945 155 31 februari
639 944 86 32 1934
748 946 89 30 samt
859 945 79 32 med
961 945 269 32 överlämnande
1253 955 46 22 av
1321 947 50 30 ett
1386 946 67 31 den
1470 946 40 30 26
1526 946 142 37 januari

164 998 84 32 1934
283 998 130 32 mellan
443 997 141 37 Sverige
606 998 63 31 och
693 995 171 34 Österrike
885 998 157 31 avslutat
1064 998 157 32 handels-
1244 998 61 31 och
1329 998 234 37 sjöfartsavtal
1588 998 79 32 med

164 1051 207 31 tillhörande
406 1050 168 37 protokoll
608 1051 63 31 och
704 1050 195 36 skrivelser,
927 1051 101 31 äskat
1051 1051 201 36 riksdagens
1275 1051 249 36 godkännande
1546 1051 120 32 därav.

206 1104 18 31 IT
259 1104 99 37 fråga
391 1113 56 22 om
470 1103 154 37 lydelsen
647 1103 98 31 såväl
768 1103 13 31 i
803 1103 153 37 original
980 1114 72 21 som
1076 1104 12 31 i
1111 1104 270 37 propositionens
1403 1104 148 31 svenska
1573 1107 95 29 över-

163 1156 157 37 sättning
351 1166 46 21 av
428 1155 153 32 nämnda
602 1155 96 32 avtal
723 1155 74 31 med
821 1155 211 32 tillhörande
1055 1157 166 36 protokoll
1245 1156 61 31 och
1328 1156 186 32 skrivelser
1537 1157 55 31 får
1615 1158 51 31 ut-

163 1209 128 31 skottet
312 1209 151 31 hänvisa
484 1208 56 32 till
563 1201 262 44 propositidhen.

205 1357 117 32 Under
355 1357 215 36 åberopande
593 1367 46 21 av
663 1357 66 31 vad
752 1357 55 31 till
832 1358 242 31 ovannämnda
1096 1359 336 36 statsrådsprotokoll
1455 1359 133 31 anförts
1611 1359 56 31 får

164 1410 175 36 utskottet,
373 1419 74 22 som
482 1410 73 31 icke
587 1409 120 32 funnit
729 1409 189 38 anledning
942 1410 56 32 till
1021 1411 142 31 erinran
1186 1413 72 30 mot
1279 1411 270 37 ifrågavarande
1571 1412 95 31 avtal

162 1462 77 32 med
262 1462 211 31 tillhörande
494 1462 173 37 protokoll
689 1462 62 32 och
775 1462 196 37 skrivelser,
996 1463 193 37 hemställa,

604 1542 53 30 att
689 1541 183 37 riksdagen
907 1543 117 35 måtte,
1059 1543 77 31 med
1171 1542 99 32 bifall
1305 1544 56 30 till
1392 1543 133 37 Kungl.
1549 1544 119 36 Maj:ts

560 1594 227 31 förevarande
809 1594 210 37 proposition
1035 1605 44 21 nr
1094 1595 74 36 119,
1185 1595 153 32 meddela
1353 1605 46 22 av
1418 1595 132 37 Kungl.
1567 1596 102 37 Maj:t

560 1647 101 31 äskat
692 1646 250 37 godkännande
976 1657 43 21 av
1043 1647 57 32 det
1122 1648 76 31 med
1222 1648 256 37 propositionen
1501 1649 167 31 överläm-

561 1699 100 36 nade,
685 1699 65 31 den
774 1700 41 31 26
838 1699 142 37 januari
1005 1699 84 32 1934
1113 1700 128 32 mellan
1257 1700 145 37 Sverige
1417 1701 62 32 och
1496 1699 172 34 Österrike

560 1752 120 31 slutna
702 1751 156 32 handels-
882 1753 64 31 och
968 1752 238 37 sjöfartsavtal
1230 1753 73 32 med
1327 1753 210 32 tillhörande
1559 1755 109 35 proto-

561 1805 71 31 koll
654 1805 64 30 och
740 1805 196 31 skrivelser.

206 1882 198 32 Stockholm
428 1883 63 31 den
516 1884 40 30 27
580 1883 155 31 februari
759 1883 95 31 1934.

578 1961 53 31 På
653 1961 415 38 bevillningsutskottets
1089 1965 154 34 vägnar:

742 2047 100 32 JOH.
864 2047 207 33 NILSSON.

163 2205 194 23 Närvarande:
378 2205 97 23 herrar
504 2205 109 23 Nilsson
642 2206 8 22 i
680 2205 194 28 Kristianstad,
905 2207 114 27 Boman,
1044 2207 158 30 Björnsson,
1224 2208 114 24 Ericson
1358 2209 9 23 i
1394 2209 116 31 Oberga,
1530 2202 138 35 Åström",

379 2248 111 24 Nilsson
518 2249 8 23 i
555 2248 159 31 Landeryd,
742 2249 122 24 Jönsson
889 2249 8 23 i
919 2250 63 27 Boa,
1004 2250 122 30 Lövgren
1146 2251 8 23 i
1176 2250 101 28 Boden,
1298 2249 179 33 Björklund",
1498 2253 142 31 Nylander
1660 2255 7 22 i

379 2289 188 29 Stockholm”,
598 2291 103 24 Olsson
729 2292 8 23 i
770 2289 138 32 Ramsta",
938 2293 200 30 Hjalmarsson,
1170 2294 118 24 Larsson
1317 2295 8 23 i
1353 2291 141 34 Örbyhus,
1519 2296 148 24 Velander.

380 2333 98 29 Rosén,
498 2335 117 23 Werner
633 2335 8 23 i
664 2335 152 29 Hultsfred,
838 2335 122 28 Eklund,
981 2334 143 33 Heiding”,
1146 2337 157 30 Blomquist
1322 2338 54 23 och
1397 2339 193 24 Brännström.

394 2408 3 16 )
418 2403 62 24 Icke
500 2405 124 23 närvarit
644 2403 47 24 vid
709 2404 173 31 justeringen
903 2412 33 16 av
955 2405 190 24 betänkandet

167 2514 109 33 Bihang
296 2516 40 24 till
360 2515 166 31 riksdagens
548 2515 146 32 protokoll
718 2516 73 24 1934.
832 2519 15 22 7
866 2518 82 24 saml.
987 2518 39 23 Nr
1045 2520 23 22 7.
1622 2520 5 23 I

1725 1368 128 24 Utskottet
