1918 2844
592 154 294 32 Statsutskottets
909 155 188 32 utlåtande
1120 155 52 32 Nr
1193 156 30 30 2.
1576 155 40 32 13

195 227 91 37 15:0)
309 230 261 33 Hovrätterna:
591 231 272 33 Omkostnader.
900 232 19 31 I
937 232 159 38 enlighet
1116 233 81 31 med
1216 233 137 37 Kungl.
1373 233 129 37 Maj:ts
1522 233 137 38 förslag

158 280 132 39 (punkt
319 283 49 35 18,
398 283 64 31 sid.
490 283 39 31 40
557 283 67 31 och
650 281 66 39 41),
743 284 115 31 vilket
889 284 79 31 icke
996 285 152 31 innebär
1178 285 115 32 andra
1323 285 258 37 förändringar
1611 288 48 28 än

155 333 146 37 sådana,
329 344 75 21 som
431 335 284 37 sammanhänga
741 336 81 31 med
849 335 43 32 de
916 345 73 27 nya
1015 336 205 37 grunderna
1247 337 57 31 för
1330 337 214 31 riksstatens
1571 347 86 27 upp-

154 385 186 38 ställning,
363 386 208 31 hemställer
593 387 186 37 utskottet,

596 472 54 31 att
669 472 194 37 riksdagen
883 474 59 30 må
962 473 57 31 till
1041 474 260 32 Hovrätterna:
1321 474 259 33 Omkostnader
1601 475 56 32 för

557 524 213 36 budgetåret
822 524 172 36 1935/1986
1044 525 128 32 anvisa
1212 527 52 30 ett
1296 526 283 38 förslagsanslag
1611 538 45 21 av

557 576 108 36 73,900
687 576 142 32 kronor.

192 678 90 35 16:0)
306 679 322 32 Häradsrätterna:
655 680 239 38 Avlöningar.
940 681 237 32 Beträffande
1203 682 135 38 Kungl.
1364 682 130 38 Maj:ts
1520 683 136 37 förslag

154 728 130 38 (punkt
304 730 48 37 19,
371 730 64 32 sid.
456 730 133 36 42-49)
611 732 184 36 angående
816 732 127 37 anslag
962 733 58 31 till
1040 733 214 37 avlöningar
1277 734 61 32 vid
1358 734 298 33 häradsrätterna

151 781 112 36 jämte
288 781 126 32 härtill
437 782 159 32 hörande
619 783 175 31 motioner
822 783 45 36 (I:
883 785 57 30 101
965 785 64 31 och
1054 784 98 36 II:6)
1177 786 151 36 avgiver
1351 787 173 31 utskottet
1547 787 108 31 fram-

151 833 96 32 deles
270 834 115 32 under
408 834 194 38 riksdagen
624 835 197 37 utlåtande,
843 836 114 31 vilket
978 837 149 32 härmed

594 913 169 31 anmäles.

193 1014 90 37 17:0)
307 1016 322 33 Häradsrätterna:
663 1018 339 37 Reseersättningar
1032 1019 61 31 vid
1125 1019 271 37 justitiestaten.
1447 1020 19 31 I
1496 1021 159 37 enlighet

152 1068 81 31 med
260 1068 135 37 Kungl.
423 1068 130 37 Maj:ts
582 1069 137 37 förslag
750 1068 129 38 (punkt
908 1070 48 36 20,
984 1071 64 31 sid.
1079 1069 63 38 50),
1169 1071 114 32 vilket
1310 1072 79 31 icke
1418 1072 237 37 ifrågasätter

152 1119 115 31 andra
287 1119 199 37 ändringar
506 1122 48 29 än
573 1121 146 36 sådana,
740 1131 76 21 som
836 1121 180 37 påkallats
1038 1132 46 21 av
1105 1123 42 31 de
1168 1132 74 27 nya
1261 1124 208 35 grunderna
1488 1124 56 31 för
1565 1124 89 31 riks-

151 1172 137 31 statens
308 1171 260 37 uppställning,
588 1172 208 32 hemställer
816 1174 184 36 utskottet,

593 1242 54 31 att
693 1242 195 37 riksdagen
921 1245 58 30 må
1004 1243 58 32 till
1086 1244 324 32 Häradsrätterna:
1436 1246 218 31 Reseersätt-

553 1293 132 37 ningar
709 1295 62 30 vid
795 1295 261 36 justitiestaten
1080 1296 56 31 för
1159 1296 214 37 budgetåret
1398 1296 171 37 19385/19386
1594 1308 60 20 an-

553 1345 78 32 visa
654 1347 51 30 ett
730 1346 284 38 förslagsanslag
1040 1358 46 20 av
1109 1348 110 36 24,700
1244 1348 140 32 kronor.

190 1447 91 35 18:0)
305 1449 322 32 Häradsrätterna:
675 1450 339 38 Reseersättningar
1052 1451 58 32 till
1138 1453 240 31 nämndemän
1403 1463 46 21 m.
1478 1463 45 22 m.
1570 1453 84 32 Med

150 1499 257 36 tillstyrkande
424 1511 47 21 av
489 1500 106 32 bifall
613 1502 58 30 till
688 1501 135 38 Kungl
841 1502 129 37 Maj:ts
990 1503 136 37 förslag
1148 1502 129 38 (punkt
1295 1505 49 35 21,
1363 1504 64 32 sid.
1447 1505 37 31 50
1504 1505 66 31 och
1588 1504 64 37 51),

149 1551 114 31 vilket
283 1551 79 31 icke
383 1551 150 32 innebär
555 1553 114 31 andra
690 1555 47 29 än
757 1554 81 31 med
861 1555 42 30 de
925 1564 73 26 nya
1022 1555 206 36 grunderna
1250 1556 56 31 för
1328 1556 215 31 riksstatens
1565 1567 87 27 upp-

148 1602 176 38 ställning
351 1604 354 37 sammanhängande
731 1606 267 37 förändringar,
1024 1607 207 32 hemställer
1259 1608 184 37 utskottet,

591 1675 53 30 att
671 1675 194 37 riksdagen
892 1677 59 30 må
975 1676 58 31 till
1084 1676 325 33 Häradsrätterna:
1435 1678 218 32 Reseersätt-

551 1727 132 36 ningar
704 1727 57 31 till
782 1728 239 32 nämndemän
1042 1738 44 21 m.
1108 1739 45 22 m.
1175 1729 58 31 för
1253 1730 214 37 budgetåret
1487 1728 171 43 1935/1936

553 1778 127 31 anvisa
707 1780 51 30 ett
785 1780 283 37 förslagsanslag
1095 1791 46 21 av
1165 1781 130 36 268,300
1321 1782 140 31 kronor.

190 1878 90 36 19:0)
304 1880 322 33 Häradsrätterna:
651 1882 82 37 Nya
753 1882 325 38 fastighetsböcker
1099 1884 58 32 för
1176 1885 133 31 landet.
1352 1885 18 31 I
1393 1886 159 37 enlighet
1574 1887 80 31 med

150 1930 135 38 Kungl.
312 1931 129 37 Maj:ts
468 1933 136 37 förslag
632 1931 129 38 (punkt
786 1935 49 35 22,
861 1935 63 31 sid.
952 1936 38 30 51
1016 1936 64 30 och
1107 1934 51 36 52)
1186 1937 66 30 och
1278 1937 113 30 under
1418 1937 156 37 erinran,
1599 1940 54 29 att

150 1982 56 31 för
227 1982 245 33 innevarande
494 1983 176 38 budgetår
693 1985 162 31 anvisats
878 1995 137 22 samma
1036 1986 145 38 beslopp
1206 1988 56 31 för
1287 1988 281 37 ifrågavarande
1593 1992 59 28 än-

149 2033 130 37 damål,
301 2034 206 32 hemställer
531 2036 185 37 utskottet,

591 2106 54 30 att
671 2106 194 36 riksdagen
893 2108 58 30 må
978 2107 57 31 till
1062 2108 324 32 Häradsrätterna:
1417 2110 81 37 Nya
1526 2110 125 38 fastig-

550 2155 208 33 hetsböcker
783 2158 57 36 för
864 2157 122 33 landet
1010 2159 57 31 för
1092 2159 214 37 budgetåret
1330 2160 171 36 1935/1936
1524 2162 128 31 anvisa

550 2209 51 30 ett
627 2209 368 38 reservationsanslag
1020 2220 45 21 av
1092 2211 127 36 130,000
1245 2212 140 31 kronor.

188 2306 92 36 20:0)
305 2309 391 32 Vattendomstolarna:
748 2311 238 37 Avlöningar.
1034 2313 134 37 Kungl.
1218 2313 110 37 Maj:t
1367 2315 65 31 har
1464 2316 187 37 föreslagit

149 2358 195 38 riksdagen
369 2358 129 38 (punkt
518 2361 49 35 23,
589 2361 63 31 sid.
676 2361 132 35 52—56)
833 2364 54 30 att

188 2409 76 32 dels
286 2410 191 36 godkänna
500 2421 47 22 av
569 2412 392 36 departementschefen
985 2415 170 32 förordad
1177 2417 396 38 personalförteckning
1596 2419 55 31 för

149 2462 379 37 vattendomstolarna,
