1912 2846
569 160 293 33 Statsutskottets
882 157 189 33 utlåtande
1094 158 52 32 Nr
1173 157 29 30 2.
1552 153 41 31 27

133 240 206 36 manhänga
356 239 81 32 med
455 239 41 31 de
517 248 72 27 nya
608 238 208 36 grunderna
836 237 55 31 för
911 236 214 31 riksstatens
1145 234 259 37 uppställning,
1425 233 57 31 får
1501 231 133 33 utskot-

133 292 50 31 tet
206 291 201 36 hemställa,

575 378 53 30 att
675 376 195 37 riksdagen
907 376 59 30 må
1003 374 58 32 till
1087 373 214 37 Ersättning
1329 373 56 31 till
1412 370 222 34 Stockholms

535 429 79 31 stad
636 429 58 36 för
716 427 192 32 underhåll
929 437 46 21 av
998 426 132 38 fångar
1152 427 13 30 i
1188 425 145 31 stadens
1356 425 279 36 rannsaknings-

535 480 161 38 fängelse
722 480 57 32 för
803 479 214 37 budgetåret
1041 477 172 36 1985/19386
1237 477 127 31 anvisa
1390 478 51 30 ett
1467 476 167 36 förslags-

536 532 125 37 anslag
688 543 47 21 av
760 532 108 36 16,000
893 531 141 31 kronor.

172 672 91 37 37:0)
286 673 203 32 Understöd
514 673 38 31 åt
577 672 229 32 verksamhet
829 671 57 31 till
911 671 166 37 frigivna
1099 669 151 37 fångars
1276 669 124 36 skydd.
1434 668 18 31 I
1477 667 158 37 enlighet

131 726 80 31 med
233 725 135 36 Kungl.
392 724 128 37 Maj:ts
542 723 135 37 förslag
704 723 128 37 (punkt
856 723 48 36 40,
927 722 66 31 sid.
1016 722 38 30 98
1075 721 66 31 och
1163 720 65 37 99),
1249 720 113 31 vilket
1384 719 77 32 icke
1485 718 149 32 innebär

132 777 115 32 andra
274 777 198 36 ändringar
500 778 47 29 än
572 776 145 35 sådana,
745 785 75 21 som
846 773 285 36 sammanhänga
1155 773 81 31 med
1261 772 42 31 de
1330 782 72 26 nya
1428 771 206 36 grunderna

132 829 55 31 för
212 829 214 31 riksstatens
449 827 258 38 uppställning,
731 825 206 32 hemställer
961 825 184 35 utskottet,

574 932 53 30 att
653 930 194 37 riksdagen
870 930 59 30 må
954 929 59 31 till
1038 928 200 33 Understöd
1264 927 37 32 åt
1328 926 226 33 verksamhet
1579 925 56 33 till

535 982 162 37 frigivna
727 982 150 37 fångars
904 980 116 38 skydd
1049 980 56 31 för
1134 980 213 36 budgetåret
1376 978 170 36 1985/1936
1574 987 60 22 an-

536 1034 77 31 visa
639 1035 51 30 ett
716 1031 369 37 reservationsanslag
1114 1042 45 20 av
1187 1031 109 36 38,000
1324 1031 139 31 kronor.

173 1173 90 36 38:0)
288 1174 136 37 Bidrag
449 1174 58 31 till
533 1173 161 32 Svenska
717 1172 340 38 skyddsförbundet.
1101 1171 135 37 Kungi.
1262 1171 111 36 Maj:t
1399 1171 66 30 har
1492 1170 144 31 föresla-

135 1227 53 36 git
213 1226 195 37 riksdagen
437 1225 128 37 (punkt
592 1226 47 35 41,
666 1225 65 32 sid.
759 1224 52 37 99)
843 1226 53 30 att
924 1224 57 31 till
1008 1224 127 36 bidrag
1163 1223 57 31 till
1248 1223 160 31 Svenska
1434 1222 205 37 skyddsför-

133 1278 135 32 bundet
295 1279 55 31 för
373 1278 213 37 budgetåret
612 1277 172 35 1935/1936
808 1276 128 31 anvisa
960 1277 53 30 ett
1037 1275 127 37 anslag
1188 1286 47 20 av
1260 1275 108 36 80,000
1392 1275 140 30 kronor.

171 1382 19 31 I
217 1382 174 31 samband
417 1381 80 32 med
526 1381 133 37 Kungl.
689 1380 130 37 Maj:ts
849 1379 238 32 förevarande
1116 1379 136 37 förslag
1280 1379 65 30 har
1375 1378 174 31 utskottet
1577 1378 58 30 till

134 1433 219 38 behandling
384 1433 159 32 förehaft
573 1434 62 30 två
663 1432 233 36 likalydande
925 1431 187 36 motioner,
1140 1431 142 35 väckta,
1313 1430 68 31 den
1410 1439 76 27 ena,
1515 1440 42 20 nr
1587 1430 49 35 40,

133 1485 99 31 inom
253 1485 116 31 första
389 1485 210 30 kammaren
620 1494 45 21 av
686 1484 85 31 herr
792 1483 43 32 ÅA.
857 1481 183 34 Åkerman
1061 1492 44 21 m.
1129 1482 49 36 fl.,
1200 1482 64 31 och
1288 1482 68 31 den
1377 1482 124 36 andra,
1523 1491 43 21 nr
1587 1482 48 35 72,

135 1537 97 31 inom
258 1537 115 31 andra
398 1536 208 31 kammaren
633 1545 45 21 av
707 1535 85 31 herr
818 1535 33 32 $S.
881 1535 127 31 Olsson
1035 1534 13 30 i
1076 1534 184 31 Rimforsa
1288 1543 44 21 m.
1360 1533 49 37 fl.,
1437 1533 78 31 vari
1542 1533 93 31 hem-

133 1588 129 37 ställts,
287 1589 54 30 att
365 1587 195 37 riksdagen
582 1587 111 31 måtte
719 1587 58 31 till
802 1586 128 37 bidrag
956 1585 57 31 till
1040 1585 161 32 Svenska
1225 1585 328 37 skyddsförbundet
1579 1585 56 31 för

133 1639 215 37 budgetåret
373 1639 171 35 1935/1936
571 1639 128 31 anvisa
726 1641 52 29 ett
804 1638 84 31 från
915 1638 12 31 i
955 1637 468 37 statsverkspropositionen
1450 1638 186 36 upptagna

134 1692 108 36 80,000
267 1691 131 32 kronor
424 1691 57 31 till
507 1691 127 36 100,000
659 1691 133 30 kronor
816 1689 136 37 förhöjt
978 1691 103 29 extra
1105 1688 136 38 anslag.

173 1794 71 31 Till
268 1794 161 32 Svenska
455 1793 339 38 skyddsförbundet,
821 1803 75 21 som
922 1795 106 34 utgör
1056 1802 44 21 en
1125 1792 327 37 sammanslutning
1481 1803 45 20 av
1553 1792 82 31 fler-

136 1846 86 32 talet
246 1846 211 37 fångvårds-
482 1846 65 31 och
569 1845 346 37 skyddsföreningar
940 1846 12 30 i
977 1844 103 37 riket,
1104 1844 67 31 har
1195 1844 126 37 anslag
1346 1845 110 31 sedan
1480 1844 93 31 flera
1595 1844 40 31 år

133 1897 98 32 varit
252 1897 149 37 uppfört
421 1898 13 30 i
455 1897 204 31 riksstaten.
701 1897 186 36 Anslaget,
908 1906 75 21 som
1007 1896 55 32 för
1085 1898 82 29 vart
1187 1897 65 31 och
1275 1898 50 29 ett
1348 1907 46 20 av
1415 1896 221 36 budgetåren

134 1949 385 35 1926/1927--1929/19380
544 1949 124 36 utgick
693 1949 81 31 med
799 1948 108 36 75,000
931 1948 141 36 kronor,
1099 1948 124 35 höjdes
1249 1948 83 31 från
1358 1948 64 31 och
1448 1948 79 31 med
1551 1948 84 31 bud-

134 2002 140 35 getåret
295 2000 172 35 1980/1931
490 2000 57 31 till
570 2000 109 36 80,000
701 2000 141 31 kronor.

174 2104 72 31 Vid
274 2104 170 30 anmälan
472 2114 45 20 av
545 2103 238 31 förevarande
813 2102 304 36 anslagsäskande
1148 2102 65 30 har
1245 2102 390 36 departementschefen

133 2155 123 31 anfört
281 2154 174 37 följande:

178 2215 37 31 »I
249 2215 75 30 sina
359 2214 301 36 framställningar
683 2214 57 31 till
763 2214 132 36 Kungl.
920 2214 102 36 Maj:t
1045 2224 54 21 om
1122 2214 122 36 anslag
1268 2214 53 31 för
1344 2214 40 31 de
1407 2215 127 30 senaste
1558 2214 81 31 bud-

133 2268 149 36 getåren,
318 2267 103 30 sedan
452 2267 155 35 anslaget
631 2266 208 31 fastställdes
863 2266 56 31 till
943 2266 57 31 det
1022 2266 203 30 nuvarande
1248 2266 154 36 beloppet
1425 2267 116 35 80,000
1565 2266 74 31 kro-

132 2328 72 26 nor,
237 2319 64 30 har
335 2319 167 35 styrelsen
536 2319 54 29 för
623 2318 314 36 skyddsförbundet
970 2317 149 31 anhållit
1153 2327 54 21 om
1236 2317 146 36 höjning
1406 2328 45 20 av
1474 2318 164 36 anslaget,

133 2380 78 21 men
236 2370 96 31 dessa
354 2370 301 36 framställningar
678 2370 92 30 hava
795 2369 73 31 icke
890 2370 127 30 ansetts
1041 2369 120 31 kunna
1185 2369 202 36 tillstyrkas.
1426 2369 54 31 En
1503 2379 45 21 av
1571 2371 67 35 sty-

132 2422 111 31 relsen
277 2422 12 30 i
324 2421 73 31 dess
430 2421 166 31 skrivelse
629 2421 188 31 omnämnd
852 2421 59 31 vid
944 2421 84 30 1934
1060 2422 57 29 års
1141 2421 140 36 riksdag
1304 2421 104 31 väckt
1432 2421 128 31 motion
1583 2431 55 21 om

132 2474 130 36 ökning
296 2484 44 20 av
375 2473 245 37 statsbidraget
654 2473 80 31 blev
769 2473 31 36 ej
825 2473 108 31 heller
955 2483 45 20 av
1025 2472 184 36 riksdagen
1233 2472 154 31 bifallen.
1435 2473 120 31 Ehuru
1580 2483 59 25 nu,
