1844 2764
229 170 41 29 84
504 170 402 40 Bevillningsutskottets
928 172 218 29 betänkande
1168 182 42 19 nr
1233 174 38 27 16
1292 173 39 29 år
1355 174 82 28 1965

231 248 101 38 sivna
363 250 286 29 varuområdena.
680 250 80 30 Som
791 251 154 39 framgår
976 261 42 20 av
1047 252 41 29 de
1117 252 117 39 övriga
1264 253 216 29 reformerna
1511 262 43 30 på
1585 253 128 39 punkt-

231 301 306 31 skatteområdena
564 303 146 29 föreslås
738 305 9 28 i
778 304 259 39 propositionen
1066 306 10 28 i
1107 305 109 30 första
1245 306 94 29 hand
1369 315 42 20 en
1440 306 203 39 avveckling
1671 315 42 20 av

231 354 269 40 beskattningen
523 356 10 28 i
557 356 40 29 de
620 357 106 33 delar,
751 357 61 29 där
837 357 94 30 skatt
956 366 48 20 nu
1028 358 99 39 utgår
1151 367 60 30 per
1237 359 109 39 styck,
1371 359 126 29 medan
1522 359 40 29 de
1587 359 127 30 befint-

230 407 67 39 liga
320 408 288 30 värdeskatterna
632 409 199 30 bibehålles.

274 461 80 29 Man
380 462 98 29 torde
503 462 85 29 även
613 462 122 30 kunna
759 463 145 39 anlägga
929 464 109 29 andra
1064 465 217 38 synpunkter
1306 474 44 29 på
1374 474 43 20 en
1443 465 202 39 avveckling
1671 475 42 20 av

229 514 384 39 punktbeskattningen
629 516 45 28 än
693 525 166 20 varornas
877 517 236 38 lyxkaraktär,
1133 517 115 30 vilken
1265 518 110 29 måste
1394 518 211 30 bestämmas
1625 518 88 30 efter

230 567 273 29 förhållandevis
523 568 198 39 subjektiva
740 569 261 39 bedömningar.
1021 571 63 28 Det
1103 570 70 29 kan
1192 571 70 29 inte
1281 571 106 29 heller
1408 580 102 20 anses
1530 572 71 29 helt
1621 572 92 29 klar-

230 620 79 39 lagt,
332 623 51 27 att
407 630 42 20 en
472 621 200 30 värdeskatt
696 622 9 29 i
729 623 68 29 alla
820 623 98 38 lägen
943 623 38 29 är
1006 625 49 27 att
1080 623 137 30 föredra
1244 624 148 29 framför
1417 633 42 20 en
1485 625 227 39 styckeskatt.

230 673 76 30 Med
327 674 139 39 hänsyn
490 674 50 29 till
562 675 56 29 det
642 675 213 39 begränsade
877 676 228 30 ekonomiska
1130 678 184 38 utrymme,
1340 686 74 20 som
1441 677 83 30 stått
1547 678 51 28 till
1623 677 89 30 buds

229 726 53 29 för
305 726 40 30 de
368 736 48 19 nu
440 727 195 39 föreslagna
660 728 237 39 ändringarna
919 729 44 39 på
987 730 40 28 de
1053 730 172 29 särskilda
1248 731 286 29 varuskatternas
1559 730 152 34 område,

229 788 102 21 anser
350 780 172 30 utskottet
541 781 51 39 sig
611 781 122 30 kunna
752 781 135 30 biträda
908 782 125 39 Kungl.
1057 783 122 38 Maj:ts
1200 783 130 39 förslag
1351 784 10 29 i
1382 783 115 30 denna
1519 784 65 29 del.

273 833 12 28 I
307 833 220 30 motionerna
551 834 28 29 I:
596 834 62 29 616
682 843 43 20 av
746 835 120 29 herrar
888 835 148 29 Torsten
1060 836 162 29 Hansson
1246 837 65 28 och
1334 836 86 30 Lars
1445 837 152 29 Larsson
1621 839 91 27 samt

231 886 44 29 II:
293 886 60 29 719
380 896 43 20 av
449 887 79 29 herr
554 886 173 30 Arvidson
752 897 45 19 m.
824 888 36 29 fl.
888 888 201 30 hemställes
1117 891 50 27 att
1192 890 190 38 produkter
1410 899 41 20 av
1477 890 234 39 konstnärligt

228 940 202 33 ädelsmide,
456 940 32 29 d.
512 949 29 20 v.
566 949 25 20 s.
616 940 441 31 konsthantverksarbeten
1082 943 10 28 i
1117 943 102 28 silver
1244 943 64 29 och
1334 943 93 38 guld,
1455 943 221 30 framställda
1701 944 11 28 i

227 992 147 30 enstaka
398 993 187 39 exemplar,
609 993 129 30 befrias
763 994 78 29 från
867 994 336 40 försäljningsskatt.
1231 995 124 30 Vidare
1379 996 200 29 hemställes
1605 997 10 28 i
1640 1005 73 20 mo-

229 1046 160 29 tionerna
418 1046 108 29 1:629
557 1056 42 20 av
628 1047 80 29 herr
739 1047 185 30 Stefanson
954 1057 45 19 m.
1031 1048 36 29 fl.
1098 1049 64 28 och
1194 1048 123 29 II:7387
1348 1058 42 20 av
1421 1049 80 29 herr
1532 1050 180 38 Nordgren

228 1108 45 20 m.
298 1099 37 29 fl.
359 1108 58 20 om
441 1099 330 40 riksdagsskrivelse
796 1101 78 28 med
898 1101 166 29 anhållan
1090 1110 55 20 om
1172 1102 202 39 avveckling
1401 1111 42 20 av
1468 1102 244 39 försäljnings-

228 1152 139 30 skatten
392 1152 38 30 så
457 1155 96 27 snart
578 1162 74 20 som
678 1153 137 39 möjligt
840 1155 89 28 samt
958 1155 9 28 i
994 1155 172 28 avvaktan
1194 1155 108 38 därpå
1328 1164 42 21 en
1398 1155 192 39 skyndsam
1617 1156 95 29 över-

228 1214 64 31 syn
319 1215 43 20 av
387 1205 601 41 försäljningsskatteförordningen
1017 1208 9 28 i
1055 1207 89 40 syfte
1174 1210 50 27 att
1252 1208 182 29 förhindra
1462 1217 47 20 nu
1539 1208 173 30 förekom-

227 1259 126 29 mande
375 1259 210 34 skattefusk,
605 1259 155 39 speciellt
779 1260 10 29 i
809 1259 97 40 fråga
926 1269 56 20 om
1003 1261 313 38 guldsmedsvaror.
1338 1261 168 39 Slutligen
1529 1262 183 39 föreligger

228 1312 44 38 på
294 1312 94 29 detta
411 1312 258 30 skatteområde
693 1314 48 28 ett
764 1313 156 39 yrkande
943 1314 11 28 i
976 1314 177 29 motionen
1176 1314 46 29 II:
1240 1314 59 29 785
1324 1324 42 20 av
1389 1315 121 29 herrar
1533 1315 177 39 Nordgren

228 1365 64 29 och
311 1366 159 29 Bohman
489 1374 56 20 om
563 1366 203 39 avveckling
786 1375 41 20 av
848 1366 370 39 försäljningsskatten
1238 1367 44 39 på
1301 1368 81 29 äkta
1403 1369 128 28 mattor
1553 1368 41 28 fr.
1615 1377 29 20 o.
1665 1377 45 20 m.

228 1419 67 29 den
322 1419 14 29 1
364 1419 67 39 juli
460 1418 93 30 1965.

271 1472 228 29 Beträffande
519 1472 56 30 det
595 1472 241 39 konstnärliga
856 1473 207 29 ädelsmidet
1083 1473 139 30 anföres
1245 1475 49 28 att
1316 1474 41 30 de
1379 1474 122 30 därvid
1523 1474 189 30 framställ-

227 1526 45 28 da
290 1534 151 21 varorna
460 1525 150 30 belastas
630 1525 79 29 med
730 1535 42 20 en
792 1526 184 39 väsentligt
999 1526 104 39 högre
1126 1527 93 29 skatt
1241 1527 44 29 än
1307 1527 40 30 de
1370 1527 341 30 fabrikstillverkade

227 1578 353 39 guldsmedsvarorna
600 1586 124 31 genom
745 1580 49 28 att
814 1579 351 30 materialkostnaden
1184 1580 55 29 för
1259 1580 232 30 ädelmetaller
1512 1581 57 29 vid
1591 1580 119 30 sådant

227 1631 110 29 smide
360 1632 103 38 utgör
484 1640 42 20 en
549 1631 272 30 förhållandevis
844 1632 99 39 ringa
966 1633 54 29 del
1042 1642 42 20 av
1107 1633 348 39 försäljningspriset,
1479 1642 75 20 som
1577 1634 135 29 huvud-

227 1684 157 39 sakligen
403 1684 209 30 bestämmes
633 1694 43 20 av
695 1684 57 30 det
772 1685 241 39 konstnärliga
1034 1686 141 29 arbetet.
1198 1686 165 29 Effekten
1383 1686 109 29 härav
1513 1686 166 39 uppgives
1700 1687 11 29 i

228 1738 220 29 motionerna
463 1737 46 29 ha
523 1737 96 30 blivit
636 1739 51 28 att
703 1738 55 29 det
776 1738 148 29 svenska
941 1738 205 30 ädelsmidet
1162 1738 109 30 håller
1287 1739 45 39 på
1348 1741 49 28 att
1414 1740 191 29 avvecklas.

270 1791 66 29 Till
356 1791 114 39 grund
491 1791 53 29 för
564 1791 56 30 det
641 1792 171 38 generella
832 1791 172 39 yrkandet
1026 1801 56 19 om
1102 1792 202 39 avveckling
1325 1802 42 20 av
1387 1793 325 39 försäljningsskat-

227 1845 58 28 ten
308 1844 169 39 åberopas
500 1845 86 29 även
608 1845 41 29 de
672 1853 83 31 nyss
778 1844 179 40 återgivna
980 1845 265 39 synpunkterna
1267 1846 10 29 i
1303 1845 99 40 fråga
1424 1855 57 20 om
1505 1846 206 30 ädelsmidet

227 1899 91 28 samt
341 1897 95 30 vissa
461 1897 218 39 principiella
705 1897 75 29 skäl
808 1897 54 30 för
887 1907 43 20 en
955 1898 131 30 allmän
1110 1899 445 39 punktskatteavveckling.
1582 1900 58 29 Att
1668 1909 41 20 en

227 1950 109 30 sådan
361 1950 204 40 avveckling
590 1951 10 29 i
628 1951 111 29 första
764 1951 95 29 hand
883 1951 62 29 bör
972 1951 148 30 omfatta
1146 1951 370 40 försäljningsskatten
1542 1952 44 40 på
1613 1952 97 39 guld-

227 2004 220 29 smedsvaror
475 2004 186 29 motiveras
690 2004 78 29 med
795 2005 50 29 att
872 2004 258 39 verkningarna
1157 2005 54 28 för
1239 2005 218 29 närvarande
1486 2005 112 30 skulle
1627 2014 83 21 vara

224 2058 90 28 mest
333 2056 214 30 besvärande
565 2057 95 29 inom
680 2057 409 39 guldsmedsbranschen.
1110 2058 258 29 Motionärerna
1386 2058 165 39 påpekar,
1573 2060 50 28 att
1643 2059 68 29 vis-

225 2119 38 20 sa
283 2117 151 32 grupper
454 2119 43 20 av
515 2110 133 38 företag
668 2118 124 31 genom
813 2110 390 39 försäljningsskattens
1226 2111 218 39 utformning
1465 2111 135 30 kunnat
1623 2112 87 29 und-

226 2162 43 39 gå
288 2162 225 39 beskattning
534 2171 43 21 av
595 2162 53 29 sin
671 2162 211 40 försäljning
901 2163 84 29 eller
1004 2164 72 29 viss
1095 2164 53 29 del
1168 2164 110 29 därav
1297 2165 64 28 och
1383 2166 49 27 att
1454 2164 255 39 beskattnings-

226 2216 249 39 myndigheten
503 2216 94 29 inom
625 2225 122 21 ramen
774 2216 54 29 för
855 2217 160 38 gällande
1043 2217 218 39 lagstiftning
1287 2217 71 30 inte
1388 2218 69 29 kan
1487 2218 141 29 komma
1657 2218 52 30 till

226 2269 91 30 rätta
332 2269 80 30 med
428 2269 101 30 dessa
545 2269 343 30 missförhållanden.

269 2322 67 29 Till
353 2322 78 30 stöd
450 2322 55 29 för
522 2322 173 40 yrkandet
712 2331 57 20 om
787 2322 203 40 avveckling
1007 2332 42 20 av
1068 2323 372 39 försäljningsskatten
1459 2324 44 39 på
1522 2324 82 30 äkta
1623 2326 87 28 mat-

225 2377 54 27 tor
300 2375 169 39 åberopas
491 2375 44 30 bl.
556 2384 30 21 a.
609 2377 50 28 att
683 2375 131 30 sådana
836 2377 129 28 mattor
988 2376 207 39 importeras
1219 2376 78 29 från
1321 2377 160 30 u-länder
1505 2377 65 29 och
1593 2378 50 28 att
1666 2386 43 20 en

225 2428 321 39 skatteavveckling
573 2428 134 30 således
735 2429 112 29 skulle
875 2429 117 39 stödja
1019 2429 101 30 dessa
1146 2429 138 30 länders
1314 2430 163 29 ekonomi
1506 2438 123 31 genom
1659 2431 51 28 att

224 2481 207 40 möjliggöra
450 2490 44 21 en
512 2481 91 30 ökad
622 2481 200 39 avsättning
842 2491 42 20 av
904 2483 129 28 mattor
1052 2482 44 39 på
1116 2482 66 30 den
1205 2482 148 30 svenska
1374 2483 228 30 marknaden.
