1848 2768
405 173 405 40 Bevillningsutskottets
833 173 217 29 betänkande
1071 182 42 20 nr
1136 174 40 28 16
1197 176 39 26 år
1261 173 81 29 1965
1578 174 42 31 83

133 256 227 36 tongmassan
381 253 64 29 och
467 254 42 29 de
531 253 219 30 förarbetade
772 253 286 39 betongvarorna.
1082 253 74 29 Den
1179 262 43 20 av
1243 253 260 30 motionärerna
1525 252 95 40 påta-

133 307 77 29 lade
228 307 268 29 konkurrensen
516 306 78 30 från
613 306 363 39 betongberedningen
995 306 45 39 på
1057 306 320 39 byggnadsplatsen
1395 306 96 30 torde
1512 306 108 30 sakna

133 360 175 39 betydelse
328 361 11 28 i
360 360 99 39 fråga
479 369 57 20 om
557 360 41 29 de
619 360 220 29 förarbetade
859 360 286 38 betongvarorna.
1167 360 176 29 Utskottet
1364 359 117 29 finner
1502 359 119 30 därför

134 414 75 29 skäl
232 416 50 27 att
303 414 170 39 begränsa
496 422 43 20 en
561 413 205 39 reducering
790 423 41 19 av
853 413 268 39 beskattningen
1144 413 51 29 till
1219 413 69 29 den
1309 412 312 30 fabrikstillverka-

133 467 42 29 de
202 467 282 39 betongmassan.
514 467 210 39 Härigenom
754 466 135 40 undgås
919 467 85 29 även
1032 467 93 29 vissa
1154 466 466 40 gränsdragningsproblem,

134 530 74 20 som
227 521 101 39 eljest
346 521 112 29 skulle
477 521 224 39 uppkomma.
722 521 73 30 Vad
814 521 106 38 gäller
939 520 172 30 storleken
1132 529 41 20 av
1192 520 348 29 skattereduktionen
1557 520 64 29 har

134 574 169 29 utskottet
322 574 71 29 inte
413 574 77 29 haft
510 574 182 39 möjlighet
712 576 50 27 att
782 575 161 28 närmare
963 574 152 39 granska
1134 573 279 30 motionärernas
1434 573 186 40 uppgifter,

137 636 79 20 men
243 629 89 28 även
357 627 78 29 med
462 627 216 39 godtagande
705 627 111 29 härav
842 635 102 31 synes
972 635 42 20 en
1043 626 320 39 skattereducering
1390 626 124 29 endast
1542 626 78 29 med

134 681 139 39 hänsyn
293 681 52 29 till
366 681 334 29 cementkostnaden
721 680 77 29 leda
821 680 53 30 för
896 680 105 39 långt.
1023 680 175 29 Utskottet
1219 679 59 30 vill
1300 680 10 28 i
1332 680 94 29 detta
1448 688 175 21 samman-

136 734 93 39 hang
250 734 199 33 framhålla,
471 735 50 28 att
542 734 55 29 vid
620 733 330 39 platsberedningen
971 742 39 20 av
1033 732 125 39 betong
1180 733 239 38 regelmässigt
1443 733 96 29 torde
1562 741 59 20 an-

135 788 131 29 vändas
298 787 93 29 vissa
422 787 178 29 maskiner
631 787 65 29 och
726 786 162 39 redskap,
910 795 74 21 som
1004 786 153 29 belastas
1175 786 80 29 med
1277 786 128 29 allmän
1425 786 195 33 varuskatt,

135 843 91 27 samt
252 843 51 27 att
329 841 40 29 de
396 841 10 29 i
433 841 219 29 motionerna
679 840 151 40 angivna
856 840 436 39 transportkostnadernas
1319 839 100 30 andel
1447 849 43 19 av
1516 839 106 39 priset

136 894 190 39 självfallet
349 894 111 30 måste
484 894 135 29 variera
641 896 10 29 i
676 894 68 39 hög
769 894 94 39 grad.
888 893 93 30 även
1005 902 56 20 om
1086 893 279 30 motionärernas
1388 892 235 39 beräkningar

135 948 52 29 till
210 947 88 30 fullo
320 949 71 28 kan
414 948 149 38 styrkas,
587 947 117 29 finner
726 948 170 28 utskottet
919 947 105 29 likväl
1047 947 71 29 inte
1142 946 76 29 skäl
1242 946 140 29 förorda
1406 954 42 20 en
1472 945 149 30 särskild

135 1001 328 39 reduceringsregel,
480 1000 128 30 avsedd
624 1000 123 29 enbart
763 1000 56 30 för
833 1000 254 39 betongmassa.
1104 1001 13 28 I
1135 1000 114 29 stället
1266 999 161 30 förordar
1443 1000 180 32 utskottet,

136 1056 49 27 att
205 1054 67 30 den
294 1054 54 29 för
368 1054 382 39 investeringsvarorna
771 1053 197 39 föreslagna
990 1053 343 39 reduceringsregeln
1353 1052 44 39 på
1418 1053 41 29 60
1481 1054 142 38 procent

137 1108 98 38 göres
258 1107 185 39 tillämplig
466 1108 86 28 även
574 1107 45 39 på
640 1106 323 30 fabrikstillverkad
986 1106 255 38 betongmassa,
1266 1106 64 29 Det
1354 1104 268 35 skattebortfall,

137 1170 74 20 som
233 1161 202 39 därigenom
457 1161 243 39 uppkommer,
722 1160 70 29 kan
815 1160 207 39 uppskattas
1045 1159 50 30 till
1117 1168 40 20 ca
1179 1159 19 29 8
1220 1159 88 39 milj.
1331 1159 51 29 kr.
1405 1159 55 29 för
1481 1159 72 29 helt
1574 1158 48 30 år.

136 1215 76 29 Med
235 1215 58 29 det
313 1214 149 29 anförda
483 1222 104 21 anser
607 1214 170 30 utskottet
800 1213 51 39 sig
871 1213 46 30 ha
937 1213 159 29 besvarat
1117 1212 222 30 motionerna
1360 1212 27 30 I:
1404 1211 63 30 618
1489 1212 65 30 och
1576 1212 45 29 II:

137 1268 72 30 720.

180 1322 49 29 De
248 1331 44 20 av
310 1321 170 29 utskottet
498 1321 186 29 förordade
704 1320 238 39 ändringarna
960 1321 10 29 i
991 1319 404 40 departementschefens
1416 1319 130 39 förslag
1565 1319 59 39 på-

136 1375 112 29 kallar
270 1374 93 30 vissa
385 1374 291 39 följdändringar.
700 1375 76 28 Den
798 1374 9 28 i
831 1373 41 29 69
896 1373 15 37 $
936 1373 250 38 förordningen
1209 1381 58 20 om
1289 1373 130 28 allmän
1442 1372 182 29 varuskatt

137 1427 199 39 föreslagna
358 1428 232 29 skattesatsen
612 1427 43 38 på
677 1426 53 34 5,4
752 1428 143 37 procent
916 1426 56 29 vid
995 1425 144 30 införsel
1162 1435 42 19 av
1225 1434 112 25 varor,
1360 1434 74 20 som
1457 1424 167 30 omfattas

137 1490 41 20 av
205 1481 67 29 den
299 1480 175 30 särskilda
499 1480 354 38 reduceringsregeln,
881 1479 62 29 bör
971 1479 133 29 således
1130 1478 57 29 vid
1215 1488 43 20 en
1287 1479 187 29 skattesats
1501 1478 44 39 på
1572 1478 49 33 9,1

137 1536 143 37 procent
301 1534 214 29 bestämmas
538 1533 51 29 till
611 1533 74 34 5,46
707 1534 154 38 procent.
885 1532 125 29 Vidare
1033 1532 61 29 bör
1116 1532 10 28 i
1149 1531 41 30 48
1215 1531 15 37 $
1255 1531 134 30 införas
1411 1540 42 20 en
1476 1531 149 29 bestäm-

137 1588 106 30 melse
262 1596 57 20 om
338 1589 50 27 att
407 1587 108 29 öretal
534 1586 181 30 bortfaller
733 1586 57 29 vid
810 1585 192 39 debitering
1021 1594 41 20 av
1081 1585 131 29 allmän
1231 1585 193 29 varuskatt.
1445 1584 48 30 På
1512 1584 112 39 grund

137 1650 42 20 av
197 1643 50 27 att
266 1641 67 29 den
353 1640 260 39 skattepliktiga
633 1639 260 38 omsättningen
913 1639 56 29 vid
989 1639 202 38 taxeringen
1210 1646 106 30 anges
1335 1638 10 29 i
1365 1637 88 30 fulla
1471 1638 154 29 hundra-

138 1695 46 28 tal
206 1695 131 28 kronor
357 1694 65 29 har
442 1694 112 29 behov
575 1702 40 20 av
636 1702 42 20 en
701 1693 96 38 dylik
820 1692 180 30 föreskrift
1022 1692 71 29 inte
1115 1691 179 38 förelegat,
1317 1691 38 30 så
1376 1692 99 37 länge
1498 1691 127 29 skatte-

139 1749 115 27 satsen
269 1747 90 29 varit
372 1747 159 29 bestämd
546 1747 51 28 till
612 1747 71 28 helt
698 1746 203 39 procenttal.

138 1844 384 39 Försäljningsskatten

184 1905 339 39 Försäljningsskatt
551 1905 99 38 utgår
676 1905 11 28 i
715 1905 185 28 huvudsak
918 1904 53 29 för
989 1906 49 27 tre
1056 1904 92 28 olika
1164 1903 266 36 varuområden,
1450 1903 171 37 nämligen

140 1959 315 38 guldsmedsvaror,
478 1957 325 39 grammofonvaror
827 1959 89 27 samt
939 1966 24 19 s.
987 1957 30 28 k.
1041 1957 82 28 äkta
1143 1957 140 28 mattor.
1306 1955 90 30 Från
1421 1955 203 30 statsfinan-

139 2012 74 30 sie
237 2012 180 39 synpunkt
438 2012 38 28 är
500 2011 353 39 guldsmedsvarorna
876 2011 56 28 det
955 2010 184 38 viktigaste
1162 2009 168 33 området,
1354 2018 74 19 som
1453 2009 171 29 beräknas

139 2073 39 31 ge
195 2074 41 20 en
254 2065 231 29 skatteintäkt
502 2064 44 39 på
563 2064 161 29 närmare
742 2064 40 28 50
800 2063 87 38 milj.
907 2064 51 27 kr.
979 2063 108 28 under
1105 2063 56 28 det
1182 2062 210 29 kommande
1411 2061 213 39 budgetåret.

140 2118 144 29 Skatten
307 2118 44 38 på
374 2117 325 39 grammofonvaror
722 2117 172 29 beräknas
922 2116 107 28 under
1052 2124 133 20 samma
1213 2115 46 28 tid
1286 2115 119 38 utgöra
1431 2125 38 19 ea
1495 2115 19 28 9
1538 2115 86 37 milj.

140 2171 51 29 kr.
213 2172 64 28 och
299 2171 138 29 skatten
459 2170 45 38 på
526 2171 128 27 maltor
677 2170 161 28 närmare
860 2169 18 28 6
903 2168 86 38 milj.
1013 2168 51 29 kr.
1088 2168 66 28 För
1177 2168 324 38 grammofonvaror
1526 2167 99 38 utgår

141 2224 136 28 skatten
307 2232 60 29 per
394 2223 99 38 styck
521 2231 79 20 men
629 2222 53 28 för
710 2222 304 37 guldsmedsvaror
1041 2222 64 27 och
1135 2221 129 28 maltor
1293 2220 86 29 efter
1409 2221 114 28 värde.
1552 2221 70 28 Den

142 2275 212 39 begränsade
379 2275 202 37 avveckling
606 2275 63 28 och
695 2273 230 38 reformering
950 2283 39 19 av
1016 2273 394 38 punktbeskattningen,
1437 2280 74 21 som
1537 2272 87 28 före-

142 2328 68 30 slås
232 2329 6 28 i
259 2327 273 39 propositionen,
553 2326 189 30 innefattar
764 2326 129 37 förslag
912 2335 54 19 om
989 2326 47 28 alt
1058 2324 369 38 försäljningsskalten
1451 2325 42 38 på
1515 2332 110 30 gram-

143 2381 222 29 mofonvaror
392 2380 86 28 skall
507 2380 156 38 upphöra
692 2380 47 28 alt
767 2379 87 36 gälla
884 2378 39 28 fr.
951 2388 28 18 oc
1009 2387 41 19 om.
1077 2378 64 29 den
1176 2378 5 27 I
1214 2377 65 37 juli
1312 2377 89 29 1965.
1430 2377 48 29 Av
1506 2377 119 38 depar-

144 2433 292 30 tementschefens
460 2432 177 29 uttalande
662 2432 7 28 i
693 2431 258 39 proposilionen
978 2430 162 38 framgår,
1164 2432 46 27 att
1236 2431 64 28 den
1325 2430 196 38 föreslagna
1544 2430 81 29 änd-

143 2488 118 36 ringen
293 2487 6 27 i
329 2486 69 28 viss
428 2485 78 29 mån
537 2485 185 28 motiveras
752 2494 34 19 av
822 2484 193 28 skillnaden
1048 2484 6 27 i
1086 2483 225 38 lyxkaraktär
1340 2483 125 28 mellan
1498 2483 39 28 de
1568 2492 59 19 an-
