1848 2764
224 112 63 30 100
499 111 404 41 Bevillningsutskottets
924 114 218 31 betänkande
1161 125 42 20 nr
1227 117 38 29 16
1284 117 40 29 år
1346 118 83 29 1965

586 191 59 33 22)
673 191 43 30 de
737 191 224 41 likalydande
983 194 217 31 motionerna
1223 196 29 29 1:
1268 196 64 29 628
1354 205 42 21 av
1418 196 79 29 herr
1520 196 186 30 Stefanson

544 247 90 27 samt
655 245 43 30 II:
716 246 62 29 736
798 255 44 20 av
859 246 121 30 herrar
999 247 179 40 Nordgren
1197 249 65 30 och
1283 250 195 34 Petersson,

587 296 63 35 23)
673 298 42 29 de
737 298 223 40 likalydande
983 301 218 30 motionerna
1223 301 29 30 I:
1268 302 65 29 629
1355 311 40 20 av
1417 302 79 30 herr
1520 303 185 29 Stefanson

544 359 45 21 m.
608 350 36 30 fl.
663 351 64 30 och
747 352 44 29 II:
809 352 61 30 737
889 362 41 20 av
948 353 82 29 herr
1046 354 177 39 Nordgren
1242 363 45 21 m.
1308 355 47 34 fl.,

418 425 5 14 ;
522 428 4 8 .
587 403 58 33 24)
674 404 42 30 de
734 405 224 39 likalydande
975 407 218 30 motionerna
1210 408 28 29 I:
1255 408 63 29 630
1337 417 42 21 av
1398 409 123 29 fröken
1542 409 164 38 Stenberg

543 467 45 20 m.
605 457 36 30 fl.
657 460 91 28 samt
764 459 44 30 II:
826 459 62 31 742
904 469 41 21 av
961 460 82 30 herr
1057 461 155 40 Ringaby
1228 462 65 29 och
1310 462 124 30 fröken
1450 463 211 39 Ljungberg,

587 510 57 33 25)
674 510 41 30 de
739 511 223 40 likalydande
985 513 218 30 motionerna
1228 514 28 29 I:
1273 514 60 29 631
1361 523 42 20 av
1426 515 120 29 herrar
1572 515 132 30 Sundin

540 563 67 35 och
626 564 186 30 Stefanson
835 567 90 28 samt
946 566 46 30 II:
1009 566 62 30 724
1092 576 41 20 av
1153 567 120 29 herrar
1294 567 190 30 Gustafson
1505 568 10 29 i
1536 568 169 39 Göteborg

540 616 66 29 och
628 617 213 39 Magnusson
863 619 10 29 i
895 619 118 35 Borås,

586 670 58 35 26)
674 671 41 29 de
729 671 224 39 likalydande
968 673 217 30 motionerna
1199 674 29 29 I:
1245 674 62 30 632
1322 683 43 21 av
1379 674 79 30 herr
1472 675 120 38 Virgin
1607 684 44 20 m.
1668 676 36 28 fl.

540 724 66 28 och
623 724 45 30 II:
685 724 62 30 748
762 734 42 20 av
820 725 81 30 herr
917 726 116 29 Cassel
1050 735 45 21 in.
1113 727 47 33 fl.,
1185 728 2 28 i
1205 728 65 29 vad
1288 728 218 29 motionerna
1524 728 180 30 hänvisats

444 793 36 16 «>
542 776 51 30 till
610 777 389 40 bevillningsutskottet,

584 830 60 33 27)
672 831 42 29 de
729 831 222 40 likalydande
965 833 219 31 motionerna
1200 834 27 29 I:
1243 834 64 29 633
1323 843 41 20 av
1377 835 80 28 herr
1471 834 120 39 Virgin
1606 844 44 20 m.
1667 836 37 27 fl.

541 883 65 30 och
624 883 43 30 II:
685 884 61 30 722
765 894 42 20 av
825 885 80 30 herr
923 885 115 31 Cassel
1057 895 45 22 in.
1121 887 48 33 fl.,

584 936 59 33 28)
672 938 178 29 motionen
872 938 28 29 1:
917 939 62 31 625
1000 948 42 21 av
1062 940 56 29 fru
1139 940 145 39 Myrdal,

585 990 57 33 29)
672 991 178 30 motionen
869 992 45 29 II:
932 993 15 29 7
967 1002 42 20 av
1027 993 79 29 herr
1123 993 192 39 Westberg,

584 1043 58 34 30)
671 1044 178 30 motionen
871 1045 45 30 II:
933 1045 41 30 84
995 1055 41 20 av
1057 1046 56 29 fru
1135 1047 137 39 Ryding
1291 1056 46 21 m.
1358 1047 48 34 fl.,

585 1096 58 32 31)
671 1097 181 30 motionen
887 1098 122 30 1I:157
1046 1108 41 20 av
1123 1099 56 30 fru
1215 1100 225 30 Kristensson
1477 1101 64 28 och
1579 1101 123 29 fröken

538 1149 209 40 Ljungberg,

584 1203 56 34 32)
670 1204 178 30 motionen
870 1205 44 29 II:
931 1205 63 30 588
1015 1215 41 20 av
1077 1206 78 29 herr
1176 1207 145 33 Ullsten,

564 1256 77 35 .33)
670 1257 180 30 motionen
873 1258 43 30 II:
934 1259 63 29 716
1019 1268 42 21 av
1082 1259 119 30 herrar
1225 1260 212 30 Kärrlander
1461 1262 63 28 och
1549 1261 154 30 Kristen-

537 1318 75 25 son,

584 1363 56 33 34)
671 1364 178 30 motionen
867 1365 43 30 II:
929 1366 60 29 717
1008 1375 41 20 av
1063 1366 79 29 herr
1159 1366 174 30 Mundebo
1350 1376 45 20 m.
1413 1367 47 34 fl.,

558 1417 84 33 -33)
669 1417 179 30 motionen
869 1418 44 30 II:
931 1419 63 30 723
1012 1428 42 21 av
1072 1419 79 29 herr
1171 1429 67 20 von
1259 1420 152 33 Friesen,

547 1470 93 32 36)
669 1471 179 29 motionen
878 1471 124 31 I1:7253
1029 1482 42 20 av
1098 1472 56 29 fru
1182 1473 111 29 Gärde
1322 1474 179 29 Widemar
1529 1474 65 29 och
1622 1475 79 28 herr

537 1522 142 40 Sjönell,

582 1576 58 34 37)
669 1577 179 30 motionen
868 1578 44 29 II:
930 1578 63 30 726
1011 1588 41 20 av
1071 1579 78 29 herr
1170 1580 163 29 Hansson
1352 1580 11 29 i
1382 1580 152 39 Önnarp,

583 1630 57 32 38)
669 1630 179 30 motionen
867 1631 44 30 II:
928 1632 62 30 732
1008 1641 42 21 av
1066 1632 56 30 fru
1141 1632 237 35 Kristensson,

555 1704 12 13 -
579 1683 69 34 39)
668 1684 181 29 motionen
869 1684 44 30 II:
931 1685 62 30 733
1013 1694 43 21 av
1075 1686 80 29 herr
1175 1686 201 30 Krönmark
1395 1695 45 21 m.
1462 1687 48 34 fl.,

554 1748 2 22 :
581 1736 59 36 40)
669 1737 178 30 motionen
866 1737 45 30 II:
928 1738 62 30 735
1009 1747 41 21 av
1067 1738 120 30 herrar
1205 1739 180 39 Nordgren
1404 1740 64 29 och
1487 1740 169 34 Bohman,

581 1789 58 35 41)
668 1790 179 30 motionen
869 1790 44 30 II:
931 1791 59 30 741
1013 1801 43 20 av
1076 1792 120 29 herrar
1218 1793 184 29 Petersson
1424 1794 64 29 och
1511 1790 189 47 Nordgren,

582 1843 58 33 42)
670 1844 177 29 motionen
864 1844 45 30 II:
926 1845 62 29 745
1003 1854 42 20 av
1059 1845 80 29 herr
1153 1846 182 39 Westberg
1351 1855 46 21 m.
1414 1847 47 34 fl.,
1478 1847 164 30 ävensom

346 1905 5 11 ?
502 1930 2 2 ;
581 1897 59 33 43)
669 1897 182 31 motionen
874 1897 45 31 II:
936 1897 62 31 746
1014 1907 43 21 av
1072 1898 124 31 fröken
1212 1900 245 30 Wetterström
1473 1910 46 20 m.
1537 1901 49 34 fl.,

577 1949 117 36 måtte,
712 1950 10 29 i
739 1950 70 30 den
825 1950 82 30 mån
925 1951 41 30 de
984 1951 76 31 icke
1077 1952 72 29 kan
1165 1961 102 22 anses
1284 1952 189 32 besvarade
1491 1961 126 32 genom
1634 1954 67 30 vad

506 2014 15 22 :
537 2003 170 31 utskottet
731 2012 89 21 ovan
844 2003 118 30 anfört
986 2004 65 30 och
1074 2004 188 35 hemställt,
1287 2014 44 21 av
1353 2006 187 39 riksdagen
1563 2007 138 29 lämnas

491 2057 132 31 :..-utan
635 2056 136 39 åtgärd.

216 2143 245 46 Stockholm
479 2143 67 48 den
566 2144 44 44 16
624 2153 95 39 mars
738 2145 85 30 1965

619 2230 68 55 På
706 2250 400 40 bevillningsutskottets
1125 2247 144 44 vägnar:

394 2331 81 26 EEE
547 2334 16 11 SE
782 2339 117 30 JOHN
918 2339 212 30 ERICSSON
