1846 2764
239 135 42 31 98
515 130 403 40 Bevillningsutskottets
940 128 217 31 betänkande
1177 137 42 21 nr
1243 128 39 29 16
1300 127 39 30 år
1361 127 84 30 1965

910 301 145 43 Förslag

953 368 52 30 till

874 443 220 43 Förordning

351 516 183 43 angående
549 515 135 34 ändrad
699 515 130 43 lydelse
844 527 45 21 av
904 514 278 42 anvisningarna
1197 511 55 34 till
1267 513 45 33 10
1327 514 22 41 8
1364 511 255 43 förordningen

555 588 68 32 den
639 585 45 35 16
700 586 73 43 maj
791 584 90 35 1958
897 586 63 44 (nr
976 584 86 45 295)
1079 596 61 21 om
1155 583 259 43 sjömansskatt

291 672 209 39 Härigenom
517 671 197 34 förordnas,
730 671 50 29 att
795 670 273 38 anvisningarna
1083 669 52 29 till
1155 668 38 30 10
1212 669 15 37 8
1245 667 251 39 förordningen
1511 667 68 29 den
1597 667 39 29 16
1652 666 71 39 maj

247 724 83 30 1958
349 733 57 21 om
426 723 269 40 sjömansskatt!
717 722 98 30 skola
833 721 133 31 erhålla
984 721 133 30 ändrad
1138 721 130 39 lydelse
1289 720 42 39 på
1352 720 68 29 sätt
1440 719 114 30 nedan
1576 719 150 38 angives.

419 831 208 31 Nuvarande
653 830 129 40 lydelse
1200 827 192 30 Utskottets
1412 825 132 41 förslag

867 916 232 37 Anvisningar

906 988 53 30 till
979 987 36 31 10
1035 987 28 37 8.

295 1053 197 30 Kolumnen
510 1052 11 30 i
538 1070 44 4 —
598 1071 45 3 —
661 1072 8 1 —
723 1050 156 40 följande
898 1049 249 41 uppställning.

272 1166 24 29 Å
316 1171 158 25 debetsedel
618 1170 114 30 Avdrag
751 1169 43 25 för
805 1181 36 5 —
857 1181 36 4 —
911 1180 36 4 —
1025 1163 24 28 Å
1069 1167 160 25 debetsedel
1373 1166 113 30 Avdrag
1504 1165 44 24 för
1565 1176 36 5 —
1620 1177 35 3 —
1673 1176 35 4 —

272 1219 35 4 —
324 1218 36 5 —
377 1218 36 5 —
431 1207 118 30 angiven
617 1206 8 23 i
645 1205 228 31 sjömansskatte-
1025 1216 35 4 —
1077 1215 35 4 —
1131 1215 35 4 —
1186 1202 118 31 angiven
1372 1201 8 24 i
1399 1200 229 31 sjömansskatte-

272 1242 114 24 kolumn
616 1241 124 24 tabellen
1024 1239 115 24 kolumn
1372 1236 121 25 tabellen

344 1340 12 23 1
797 1339 12 22 1
1098 1336 13 24 1
1524 1334 13 22 1

344 1376 16 23 2
379 1375 66 24 eller
463 1375 16 24 3
795 1373 16 24 2
1096 1372 16 23 2
1132 1371 66 24 eller
1216 1371 16 23 3

344 1411 15 23 4
592 1441 4 19 ;
797 1411 14 22 3
1098 1407 16 23 4

296 1540 122 28 Denna
436 1538 206 40 förordning
661 1538 118 30 träder
796 1540 10 29 i
825 1537 95 30 kraft
939 1537 66 30 den
1028 1537 13 30 1
1062 1536 142 40 januari
1227 1535 93 30 1966.

614 1672 60 32 IV)
706 1671 78 29 med
808 1669 254 40 godkännande
1087 1678 41 21 av
1151 1669 41 30 de
1217 1668 151 39 grunder
1392 1667 55 29 för
1470 1675 67 30 nya
1562 1666 173 39 sjömans-

571 1724 269 33 skattetabeller,
876 1732 76 21 som
989 1722 147 40 angivits
1172 1722 12 29 i
1219 1720 273 40 propositionen,
1527 1718 207 40 bemyndiga

570 1776 127 40 Kungl.
716 1777 105 38 Maj:t
838 1778 50 28 att
904 1776 11 30 i
933 1776 150 39 enlighet
1102 1775 79 30 med
1199 1775 102 29 dessa
1318 1773 151 40 grunder
1487 1772 166 40 upprätta
1670 1771 65 30 och

570 1830 177 30 fastställa
765 1839 68 30 nya
851 1827 421 42 sjömansskattetabeller
1292 1828 50 29 att
1362 1827 90 39 gälla
1471 1825 80 30 från
1571 1824 64 31 och
1655 1825 80 28 med

573 1884 67 29 den
663 1885 13 29 1
699 1883 142 40 januari
863 1883 98 36 1966;

617 1937 43 33 B)
690 1937 50 29 att
760 1936 156 40 följande
936 1935 182 34 motioner,
1138 1934 177 40 nämligen

618 1990 34 33 1)
682 1989 42 30 de
749 1988 222 40 likalydande
996 1988 220 29 motionerna
1241 1986 29 31 I:
1286 1987 41 30 22
1353 1996 42 20 av
1419 1986 81 30 herr
1523 1984 213 30 Lundström

572 2052 44 20 m.
637 2043 38 29 fl.
694 2043 66 29 och
778 2042 45 30 II:
840 2042 41 30 28
900 2051 42 20 av
960 2040 82 31 herr
1060 2040 105 30 Ohlin
1186 2049 46 22 m.
1250 2040 48 37 fl.,

619 2097 36 33 2)
686 2097 41 29 de
760 2096 222 39 likalydande
1016 2094 218 31 motionerna
1267 2093 86 31 1:36
1374 2102 44 21 av
1437 2093 82 30 herr
1540 2091 200 31 Ferdinand

574 2150 140 30 Nilsson
738 2158 45 21 i.
808 2148 35 30 fl.
868 2150 92 28 samt
983 2148 45 30 II:
1043 2147 41 31 42
1105 2157 45 20 av
1172 2147 122 30 herrar
1317 2147 153 29 Larsson
1491 2145 12 30 i
1527 2145 124 30 Luttra
1673 2144 65 30 och

570 2204 150 29 Persson
738 2203 12 29 i
769 2202 130 34 Heden,

619 2255 35 33 3)
684 2255 43 30 de
753 2254 223 39 likalydande
1003 2253 221 30 motionerna
1251 2252 86 29 1:95
1366 2260 42 21 av
1434 2252 81 29 herr
1542 2250 196 31 Wallmark

573 2317 45 21 m.
637 2308 38 30 fl.
696 2308 65 30 och
781 2307 45 30 II:
845 2307 60 30 118
927 2316 42 20 av
987 2306 81 30 herr
1087 2306 219 29 Fridolfsson
1326 2305 11 29 i
1358 2304 212 32 Stockholm,

619 2362 37 32 4)
686 2361 43 30 de
760 2360 223 39 likalydande
1016 2359 220 30 motionerna
1267 2358 109 30 I:123
1408 2366 42 21 av
1482 2357 120 30 herrar
1635 2356 105 30 Gösta

291 2447 8 13 1
319 2447 114 24 Senaste
451 2445 104 31 lydelse
575 2451 35 18 av
629 2444 216 30 anvisningarna
864 2443 43 24 till
927 2443 33 24 10
981 2443 12 29 3
1012 2449 28 18 se
1060 2442 78 25 1962:
1150 2440 60 26 596.
