2208 2630
641 168 405 33 Konstitutionsutskottets
1071 169 165 31 utlåtande
1261 168 52 30 Nr
1337 170 29 28 3.
1767 166 34 29 17

201 256 263 47 förordningen
511 267 58 22 om
613 253 189 46 landsting
844 253 67 34 kan
950 251 175 46 vidtagas,
1157 255 52 30 att
1238 250 68 35 den
1339 249 150 43 olikhet,
1520 261 78 22 som
1628 260 50 22 nu
1709 246 96 36 före-

201 311 119 34 finnes
351 287 132 57 OÖE
515 307 207 48 landsbygd
751 283 68 58 sö
849 305 120 35 städer
998 306 11 33 i
1039 282 178 57 dan
1247 307 20 31 å
1291 303 176 35 valkrets-
1487 302 67 35 och
1577 305 228 43 representa-

202 362 375 36 tionsbestämmelser
607 360 56 35 för
691 361 56 33 val
778 372 42 22 av
850 358 307 47 landstingsmän,
1190 357 194 46 utjämnas,
1415 360 94 31 samt
1534 354 56 35 för
1611 354 192 47 riksdagen

203 416 203 46 framlägga
435 415 61 35 det
525 414 198 46 förslag,
703 413 121 34 vartill
856 411 246 47 utredningen
1134 413 58 32 må
1220 409 200 35 föranleda.

339 468 201 36 Utskottets
583 467 218 34 hemställan
846 464 122 35 bifölls
1012 477 43 21 av
1093 463 114 35 andra
1236 464 210 34 kammaren
1478 474 84 22 men
1593 461 141 46 avslogs
1763 473 43 22 av

204 522 70 35 den
304 522 124 35 första.

337 627 186 35 Utskottet
565 626 164 35 ansluter
770 625 57 46 sig
862 624 56 34 till
948 622 71 35 den
1049 622 229 47 ståndpunkt
1306 622 11 33 i
1348 620 121 35 denna
1498 619 113 47 fråga,
1643 631 76 23 som
1749 619 57 33 in-

205 687 80 41 togs
315 694 43 22 av
391 680 97 35 1916
521 685 57 29 års
607 677 417 42 konstitutionsutskott,
1056 676 66 34 och
1154 675 223 42 hemställer,

766 789 52 30 att
847 783 194 47 riksdagen
1072 782 83 35 med
1184 781 202 47 anledning
1413 793 43 22 av
1476 780 85 34 herr
1580 778 228 36 Johanssons

632 840 13 33 i
674 838 150 35 Brånalt
863 838 135 33 motion
1041 839 112 31 måtte
1181 836 13 33 i
1223 835 172 34 skrivelse
1434 834 57 34 till
1531 832 135 48 Kungl.
1706 831 103 47 Maj:t

634 892 156 42 anhålla,
835 890 60 35 det
937 890 138 34 täcktes
1119 888 135 47 Kungl.
1294 887 103 46 Maj:t
1425 888 73 33 låta
1527 886 194 35 verkställa
1751 889 58 30 ut-

634 944 170 47 redning,
835 942 184 36 huruvida
1048 942 68 35 och
1146 945 46 43 på
1220 940 70 36 vad
1318 944 72 31 sätt
1419 939 111 35 sådan
1562 938 247 47 förändring
1789 934 23 61 i

635 999 126 46 kungl.
805 996 265 47 förordningen
1114 1007 59 22 om
1216 993 189 47 landsting
1442 993 70 34 kan
1550 992 176 47 vidtagas,
1758 995 52 30 att

636 1052 69 34 den
743 1051 149 42 olikhet,
923 1062 77 22 som
1031 1061 52 22 nu
1113 1047 197 36 förefinnes
1341 1023 135 58 lan
1505 1044 208 49 landsbygd
1741 1044 68 35 och

636 1105 121 35 städer
792 1105 12 33 i
840 1102 177 37 avseende
1053 1105 20 32 å
1108 1102 173 35 valkrets-
1325 1100 67 35 och
1436 1098 374 48 representationsbe-

636 1159 228 35 stämmelser
905 1156 56 35 för
994 1157 58 34 val
1081 1169 43 22 av
1152 1154 306 47 landstingsmän,
1491 1153 195 46 utjämnas,
1717 1156 94 30 samt

636 1212 57 35 för
721 1211 194 48 riksdagen
944 1210 205 47 framlägga
1169 1208 60 35 det
1249 1207 147 47 förslag,
1418 1207 123 35 vartill
1563 1205 247 47 utredningen

637 1269 60 32 må
724 1238 199 75 föranleda.

347 1373 212 37 Stockholm
590 1373 71 35 den
695 1373 44 34 15
771 1371 162 36 februari
965 1371 113 34 1917.

786 1478 52 36 På
867 1478 194 35 utskottets
1090 1483 151 41 vägnar:

877 1584 109 38 NILS
1015 1574 140 46 EDÉN.

834 1904 362 41 Reservationer:

352 2019 75 35 dels
457 2031 43 22 av
529 2018 126 35 herrar
683 2014 189 45 Bellinder,
900 2027 67 23 von
1001 2014 127 48 Geijer,
1157 2025 65 23 von
1248 2012 113 44 Bahr,
1383 2023 109 36 greve
1512 2009 205 36 Alexander
1735 2008 84 35 Ha-

218 2073 135 43 milton,
382 2071 194 46 Flensburg
606 2070 68 35 och
704 2043 189 69 Beckman,
921 2069 98 35 vilka
1048 2067 137 36 anfört:

358 2140 14 17 »
381 2127 78 34 Allt
488 2124 81 36 från
595 2122 496 49 landstingsförordningens
1111 2121 179 35 tillkomst
1310 2119 92 35 hava
1422 2117 172 36 städerna
1613 2116 206 36 tillerkänts

221 2195 45 21 en
295 2183 11 33 i
338 2178 229 37 förhållande
595 2178 58 35 till
683 2149 263 79 folkmängden
977 2154 99 57 stark
1105 2174 304 49 representation.
1466 2170 124 37 Skälet
1619 2171 66 34 har
1713 2170 105 42 varit,

221 2240 53 30 att
303 2234 256 47 härigenom
564 2245 45 22 'en
641 2231 154 35 motvikt
824 2202 118 74 skulle
971 2229 153 36 beredas
1154 2233 76 30 mot
1259 2227 69 35 den
1360 2225 213 36 numeriska
1611 2223 207 43 undervikt,

222 2290 77 35 vari
329 2259 188 75 städernas
546 2285 137 36 ombud
715 2283 104 37 alltid
848 2284 146 35 komme
1023 2287 54 32 att
1106 2282 148 35 befinna
1283 2283 56 45 sig
1366 2281 12 34 i
1410 2278 230 37 förhållande
1668 2278 58 34 till
1755 2276 65 35 hä-

312 2348 134 40 Bihang
471 2346 51 33 till
545 2346 193 40 riksdagens
756 2344 155 41 protokoll
937 2346 95 29 1917.
1081 2346 21 28 5
1125 2341 90 33 saml.
1240 2342 22 30 ?
1286 2340 82 39 häft.
1416 2340 67 38 (Nr
1506 2339 115 38 2—3.)
1757 2336 19 31 3
