1902 2782
459 154 113 35 Tredje
596 152 217 36 lagutskottets
838 148 161 29 utlåtande
1022 155 38 19 nr
1083 147 36 26 22
1142 146 36 27 år
1201 144 75 28 1963
1596 143 12 27 1

772 412 64 40 Nr
868 410 54 41 22

331 529 184 31 Utlåtande
547 528 10 29 i
586 526 188 36 anledning
803 534 42 20 av
875 523 92 30 dels
998 521 124 37 Kungl.
1154 519 124 37 Maj:ts
1308 515 216 40 proposition
1555 521 60 21 an-

527 580 130 38 gående
675 575 382 39 säkerhetsinspektion
1075 583 41 20 av
1133 570 252 39 motorfordon,
1403 577 104 26 m.m.,
1524 566 91 30 dels

529 636 76 28 ock
627 635 10 28 i
657 633 115 29 ämnet
795 631 123 30 väckta
940 629 179 29 motioner.

188 746 129 29 Genom
342 753 43 20 en
408 743 66 30 den
501 743 11 28 1
541 750 93 20 mars
662 740 80 29 1963
767 736 216 39 dagtecknad
1010 734 224 38 proposition,
1261 741 41 20 nr
1327 731 51 34 91,
1405 730 62 29 har
1493 726 124 37 Kungl.

135 800 113 36 Maj:l,
273 798 109 30 under
403 795 218 38 åberopande
644 803 41 20 av
706 792 263 38 propositionen
990 789 107 36 bilagt
1122 787 122 35 utdrag
1267 794 41 20 av
1333 782 285 36 statsrådsproto-

137 853 103 29 kollet
260 852 80 29 över
360 846 490 34 kommunikationsärenden,
875 843 177 36 föreslagit
1073 841 186 35 riksdagen

193 916 25 28 I.
237 916 51 28 att
310 914 53 29 för
383 914 54 28 sin
456 912 54 29 del
529 911 136 29 besluta
684 917 55 21 om
763 906 183 31 införande
966 914 41 20 av
1029 900 382 37 säkerhetsinspektion
1431 907 41 21 av
1493 893 127 44 molor-

140 969 123 30 fordon
282 967 63 30 och
364 967 218 39 släpvagnar,
600 973 44 19 m.
659 972 55 24 m.,
733 962 79 29 från
831 960 64 29 och
913 959 77 29 med
1009 958 66 29 den
1096 957 13 29 1
1129 955 142 40 januari
1292 953 82 30 1965
1392 953 10 28 i
1420 949 202 32 huvudsak-

138 1023 44 36 lig
202 1018 346 33 överensstämmelse
570 1016 76 29 med
671 1013 250 37 föredragande
943 1007 402 41 departementschefens
1368 1005 144 36 förslag;

192 1076 29 29 2.
243 1076 48 27 all
315 1072 206 37 bemyndiga
546 1069 123 36 Kungl.
693 1068 104 35 Maj:t
820 1068 50 28 alt
892 1065 136 35 vidtaga
1052 1062 225 35 erforderliga
1301 1059 161 37 åtgärder
1487 1057 52 29 för
1562 1056 60 30 bil-

139 1128 125 31 dandet
295 1136 41 20 av
367 1128 47 27 ett
444 1123 196 36 aktiebolag
671 1122 53 28 för
755 1118 269 31 handhavandet
1054 1126 40 20 av
1126 1107 496 48 inspeklionsverksamheten,

140 1192 43 20 m.
198 1191 60 24 m.;

195 1236 28 29 3.
248 1236 48 27 att
317 1233 52 30 till
389 1229 267 36 Aklieteckning
675 1229 10 29 i
702 1228 54 29 del
779 1226 99 36 bolag
896 1234 73 20 som
989 1223 90 30 skall
1098 1222 184 29 handhava
1302 1216 322 39 säkerhetsinspek-

145 1290 69 29 tion
235 1297 43 21 av
298 1285 241 40 motorfordon
561 1283 63 30 och
646 1282 219 38 släpvagnar,
886 1286 115 27 m.m.,
1024 1277 54 29 för
1098 1275 204 39 budgetåret
1326 1271 141 32 1963/64
1488 1271 20 30 å
1529 1270 97 40 kapi-

143 1341 219 36 talbudgeten
390 1338 107 30 under
526 1336 127 30 fonden
682 1334 51 29 för
760 1336 131 26 statens
916 1331 112 29 aklier
1053 1330 119 29 anvisa
1199 1330 47 27 et!
1275 1323 350 38 investeringsanslag

141 1405 40 20 av
201 1395 61 29 520
276 1394 62 29 000
357 1393 68 32 kr.;
446 1393 90 27 samt

198 1449 28 28 4.
245 1449 50 27 alt
315 1444 205 37 bemyndiga
543 1441 217 35 fullmäklige
782 1440 6 28 i
812 1437 330 37 riksgäldskontoret
1165 1436 48 27 atl
1237 1433 115 29 ikläda
1373 1433 112 28 staten
1505 1438 118 29 garan-

146 1503 22 28 ti
192 1500 88 30 intill
306 1501 49 27 ett
379 1498 122 35 belopp
525 1505 41 20 av
593 1495 98 35 högst
719 1493 35 29 12
770 1493 62 28 000
848 1492 62 28 000
938 1491 48 28 kr.
1013 1489 52 29 för
1090 1487 152 30 krediter
1269 1486 50 29 till
1345 1485 56 30 det
1426 1484 100 36 bolag
1552 1492 73 20 som

145 1554 86 30 skall
256 1552 182 30 handhava
463 1546 381 37 säkerhetsinspektion
867 1553 42 20 av
933 1541 236 31 motorfordon
1194 1540 64 29 och
1283 1539 215 37 släpvagnar,
1524 1545 44 21 m.
1583 1545 45 20 m.

200 1606 265 37 Proposilionen
482 1603 64 28 har
566 1602 6 28 i
606 1600 51 30 vad
677 1600 64 29 den
761 1607 98 21 avser
879 1596 155 38 punkten
1058 1596 7 28 I
1093 1596 6 27 i
1120 1593 280 38 propositionens
1419 1590 210 30 hemställan

145 1661 179 30 hänvisats
345 1657 51 30 till
416 1655 190 37 lagutskott
627 1653 62 29 och
713 1651 204 30 behandlats
937 1659 40 20 av
1001 1649 108 35 tredje
1131 1646 224 37 lagutskottet
1379 1646 88 28 samt
1490 1645 6 28 i
1519 1644 110 35 övrigt

148 1714 177 30 hänvisats
348 1711 48 30 till
421 1708 267 31 statsutskottet.

802 1803 177 31 Motioner

206 1880 8 28 I
239 1879 168 29 samband
430 1877 77 30 med
530 1876 260 38 propositionen
815 1874 62 28 har
902 1872 167 29 utskottet
1092 1869 186 30 behandlat
1305 1866 154 37 följande
1484 1866 6 28 i
1516 1864 116 30 anled-

150 1934 80 35 ning
250 1942 42 20 av
313 1932 202 29 densamma
539 1929 121 30 väckta
684 1928 179 31 motioner,
888 1926 98 29 såvilt
1011 1924 40 29 de
1073 1923 101 35 enligt
1200 1930 88 20 ovan
1311 1920 147 35 angivna
1482 1917 151 37 grunder

154 1986 177 30 hänvisats
355 1985 48 30 till
426 1983 203 39 lagutskott,
652 1981 173 37 nämligen

202 2047 72 29 dels
301 2047 2 28 i
326 2046 109 29 andra
456 2045 203 29 kammaren
683 2051 39 20 nr
744 2042 61 29 753
826 2050 41 20 av
890 2041 77 28 herr
990 2037 197 36 Lundberg;

205 2100 72 29 dels
301 2101 6 27 i
334 2099 108 29 första
466 2098 201 28 kammaren
693 2104 39 20 nr
754 2095 63 29 6149
839 2102 41 20 av
905 2093 77 28 herr
1005 2091 172 37 Elofsson,
1201 2089 133 37 Gustaf,
1358 2087 64 30 och
1446 2087 79 29 herr
1547 2084 87 30 Nils-

152 2163 71 26 son,
244 2152 208 33 Ferdinand,
474 2152 85 27 samt
585 2150 5 28 i
614 2149 106 29 andra
745 2148 202 28 kammaren
970 2154 38 19 nr
1029 2144 61 29 802
1111 2153 41 19 av
1175 2143 77 28 herr
1273 2141 186 36 Börjesson
1482 2140 6 28 i
1514 2138 120 29 Falkö-

153 2208 79 36 ping
251 2214 32 20 m.
301 2205 61 37 fl.;

207 2259 72 28 dels
303 2259 6 28 i
335 2258 105 28 försla
466 2256 201 28 kammaren
692 2262 38 20 nr
751 2253 63 29 673
836 2261 41 19 av
900 2252 118 27 herrar
1042 2248 207 30 Lundström
1273 2247 63 28 och
1361 2245 160 29 Edström
1547 2246 86 27 samt

156 2314 4 27 i
181 2312 108 29 andra
310 2311 202 28 kammaren
533 2317 39 19 nr
591 2307 62 28 828
673 2315 39 20 av
733 2305 78 28 herr
830 2304 159 28 Carlsson
1012 2303 5 28 i
1040 2300 216 31 Stockholm;

208 2364 73 29 dels
307 2364 5 28 i
340 2363 106 29 första
474 2362 202 27 kammaren
702 2367 38 20 nr
763 2358 62 28 674
851 2366 40 19 av
917 2357 118 27 herrar
1060 2354 94 28 Palm
1180 2353 63 28 och
1269 2352 216 35 Augustsson
1513 2351 88 27 samt
1629 2350 6 27 i

155 2418 107 29 andra
283 2417 203 28 kammaren
508 2422 39 20 nr
566 2413 62 29 829
648 2421 40 20 av
710 2412 77 28 herr
807 2409 145 36 Hagnell
972 2417 43 20 m.
1030 2407 54 37 fl.;

210 2471 62 28 och
292 2469 73 29 dels
386 2469 5 28 i
416 2467 104 29 första
543 2466 201 29 kammaren
767 2472 38 20 öv
824 2462 63 29 675
907 2471 39 19 av
968 2461 76 28 herr
1064 2459 242 35 Speningsson.

159 2536 163 24 1—471183
370 2535 121 32 Bihang
515 2533 45 27 till
585 2531 176 34 riksdagens
786 2528 144 36 protokoll
958 2528 84 26 1963.
1071 2528 16 24 9
1111 2526 85 27 saml.
1225 2525 17 25 3
1267 2525 65 26 avd.
1361 2524 47 27 Nr
1433 2524 36 25 22
