1886 2820
460 132 405 40 Bevillningsutskottets
887 131 218 30 betänkande
1126 140 43 20 nr
1191 130 49 30 19.
1587 128 19 30 3

100 220 205 28 testamente
328 218 136 29 besutte
490 217 253 39 förmögenhet,
768 216 37 30 så
831 215 65 30 ock
922 216 77 33 den,
1025 224 74 20 som
1123 215 45 39 på
1192 214 112 39 grund
1329 223 42 20 av
1397 215 206 27 testamente

96 269 85 29 eller
202 268 206 30 annorledes
428 277 80 21 vore
530 268 54 29 för
605 268 54 29 sin
681 267 116 29 livstid
818 266 194 39 berättigad
1033 265 141 39 åtnjuta
1197 264 254 38 avkastningen
1473 273 41 20 av
1534 263 70 29 för-

97 319 196 39 mögenhet,
314 319 116 30 vartill
451 319 250 38 äganderätten
720 317 131 38 tillagts
871 316 90 29 hans
983 315 239 39 bröstarvinge
1243 315 81 29 eller
1345 313 258 39 bröstarvinges

98 370 211 38 avkomling.

144 421 67 28 Till
237 420 112 39 grund
374 420 56 29 för
455 418 262 41 propositionen
743 427 41 20 nr
812 417 57 30 191
899 417 55 39 låg
979 417 117 30 vidare
1123 418 48 28 ett
1199 426 41 20 av
1266 416 39 29 O.
1331 416 39 29 V.
1396 415 143 29 Landén
1566 414 38 30 år

101 471 81 29 1917
206 471 133 39 avgivet
361 470 221 30 betänkande
604 479 57 20 om
683 469 177 29 allmänna
883 468 151 39 grunder
1058 468 54 29 för
1133 468 67 29 den
1224 466 229 30 kommunala
1477 466 128 29 skatte-

100 522 176 29 reformen
302 522 79 29 med
409 522 119 29 utkast
555 521 53 29 till
634 521 56 38 lag
716 529 56 21 om
800 519 206 29 kommunal
1036 517 233 39 beskattning.
1297 517 118 39 Enligt
1443 516 161 30 Landéns

99 572 132 39 förslag
253 572 111 30 skulle
387 571 295 39 skattskyldighet
703 570 55 30 för
779 570 167 38 fastighet
968 569 168 39 föreligga
1157 569 55 29 för
1235 568 211 30 innehavare
1472 576 41 20 av
1535 567 69 29 fast

99 623 179 39 egendom,
307 632 73 20 som
406 622 154 30 besuttes
585 622 45 39 på
656 621 112 39 grund
796 630 41 20 av
862 619 302 30 testamentariskt
1189 618 237 31 förordnande
1452 618 78 29 med
1558 617 46 30 fri

98 673 280 39 förfoganderätt
396 673 112 29 under
526 672 209 30 besittarens
753 670 117 31 livstid
890 671 83 29 eller
992 670 78 29 med
1090 669 340 33 fideikommissrätt,
1450 669 155 29 varemot

101 724 204 29 arrendator
333 723 112 30 skulle
472 732 83 21 vara
579 722 46 30 fri
650 722 81 30 från
757 721 294 39 skattskyldighet
1076 720 54 29 för
1155 720 67 29 den
1248 719 231 30 arrenderade
1506 726 98 31 egen-

99 774 138 30 domen.

144 825 284 29 Kammarrätten
448 824 114 30 anslöt
582 824 51 39 sig
651 824 10 29 i
682 824 59 30 sitt
763 822 287 39 remissyttrande
1069 821 53 29 till
1140 820 158 30 Landéns
1319 819 212 38 ståndpunkt
1550 819 56 29 be-

99 875 179 31 träffande
300 875 217 39 spörsmålet,
537 874 176 30 huruvida
736 872 293 40 skattskyldighet
1052 872 55 29 för
1128 871 251 30 utarrenderad
1400 870 206 39 jordbruks-

101 926 166 38 fastighet
291 925 105 30 borde
423 926 139 38 åläggas
587 925 231 29 arrendatorn
842 923 83 30 eller
950 924 127 38 ägaren
1104 931 89 30 resp.
1219 922 66 29 den
1310 922 79 28 med
1416 922 101 38 ägare
1542 920 63 29 lik-

101 976 124 29 ställde
255 976 248 30 innehavaren.
534 976 130 29 Därvid
694 975 147 30 anförde
872 974 291 33 kammarrätten,
1193 974 52 29 att
1277 972 327 39 fastighetsskatten

101 1035 80 22 vore
199 1036 42 20 en
257 1036 60 20 ren
335 1026 218 39 objektskatt
569 1026 20 30 å
605 1025 212 39 fastigheten
833 1025 66 30 och
914 1025 89 29 intet
1020 1024 88 29 hade
1124 1026 53 28 att
1195 1024 81 38 göra
1293 1023 78 29 med
1389 1024 46 38 på
1450 1021 66 31 vad
1537 1023 68 28 sätt

99 1077 85 29 eller
212 1087 42 20 av
282 1086 77 21 vem
388 1076 212 40 fastigheten
627 1076 219 39 utnyttjades
877 1077 90 28 samt
996 1076 51 29 att
1077 1074 139 30 skatten
1244 1073 120 30 därför
1393 1072 211 41 principiellt

100 1128 105 30 borde
226 1128 131 30 betalas
380 1137 41 21 av
442 1128 126 37 ägaren
587 1136 91 30 resp.
699 1127 67 29 den
786 1127 78 29 med
886 1127 102 38 ägare
1009 1125 175 32 likställde
1203 1124 249 30 innehavaren.

146 1179 394 40 Departementschefen
565 1178 138 39 yttrade
730 1178 11 28 i
765 1178 67 28 den
857 1176 247 31 ovannämnda
1130 1175 263 40 propositionen
1418 1174 44 29 bl.
1488 1183 29 20 a.
1543 1173 64 30 föl-

101 1230 107 39 jande
242 1229 42 34 (s.
312 1229 63 30 429
403 1239 30 20 o.
463 1229 62 33 f.):

145 1289 81 29 Man
247 1289 97 29 torde
368 1288 84 30 böra
475 1295 88 32 noga
584 1287 168 30 fasthålla
773 1287 55 29 vid
851 1286 347 39 fastighetsskattens
1219 1284 168 30 karaktär
1410 1293 40 20 av
1473 1282 134 40 objekt-

102 1331 104 30 skatt.
232 1331 64 29 Det
325 1330 200 33 »intresse>,
552 1339 74 20 som
651 1339 83 19 man
763 1336 122 32 genom
913 1329 115 28 denna
1053 1328 94 29 skatt
1173 1327 89 30 velat
1286 1326 121 34 träffa,
1434 1326 172 38 anknyter

102 1374 51 38 sig
177 1373 53 29 till
257 1374 66 28 den
348 1373 93 29 fasta
466 1373 214 38 egendomen
707 1372 114 29 såsom
848 1371 120 29 sådan.
994 1370 50 29 Av
1068 1370 115 30 denna
1209 1369 187 37 anledning
1423 1377 101 29 synes
1549 1368 57 29 det

101 1415 131 39 riktigt,
255 1417 50 28 att
328 1415 183 29 ävenledes
535 1413 339 39 skattskyldigheten
896 1412 105 39 följer
1023 1412 211 38 fastigheten
1257 1411 44 29 åt.
1324 1411 103 29 Detta
1451 1409 155 34 innebär,

101 1460 51 27 att
175 1458 235 29 kommunens
432 1458 69 27 rätt
522 1456 52 29 till
598 1455 296 30 utbekommande
916 1464 43 20 av
981 1454 137 29 skatten
1140 1455 10 29 i
1172 1453 135 40 princip
1328 1453 62 29 bör
1412 1452 121 29 kunna
1555 1453 53 27 ut-

102 1502 98 37 lagas
223 1509 41 20 ur
286 1499 222 38 fastigheten,
536 1498 4 29 i
563 1507 96 20 vems
681 1498 94 29 hand
799 1497 115 29 denna
936 1497 45 28 än
1003 1496 57 29 må
1081 1505 93 19 vara.
1196 1513 44 2 —
1259 1512 44 3 —
1324 1512 45 3 —
1390 1494 51 29 Av
1462 1494 65 29 vad
1548 1493 60 39 jag

103 1551 47 20 nu
179 1542 117 30 anfört
324 1550 102 30 synes
454 1540 71 39 mig
552 1540 88 39 följa
668 1540 67 29 den
764 1539 240 38 huvudregeln
1032 1537 221 30 beträffande
1281 1537 66 29 den
1379 1536 229 29 kommunala

103 1583 337 39 fastighetsskatten,
458 1584 50 28 att
525 1582 230 38 fastighetens
773 1582 101 38 ägare
894 1580 62 30 bör
973 1580 91 29 bliva
1083 1579 247 39 skattskyldig;
1352 1580 45 37 ty,
1416 1579 62 28 där
1497 1578 112 38 själva

103 1626 210 38 fastigheten
335 1626 98 38 göres
453 1624 162 39 ansvarig
636 1624 55 29 för
711 1624 148 34 skatten,
880 1624 38 28 är
939 1623 56 29 det
1016 1622 74 39 just
1110 1623 137 38 ägaren,
1269 1630 73 20 som
1364 1622 125 37 ytterst
1509 1620 100 29 drab-

103 1668 62 29 bas
191 1677 42 20 av
259 1668 157 29 skattens
442 1666 229 30 utkrävande.

148 1710 93 29 Från
267 1710 114 29 denna
407 1709 215 38 huvudregel
647 1708 159 40 påkallas
832 1707 193 30 emellertid
1050 1716 42 19 av
1119 1706 93 29 olika
1239 1706 75 29 skäl
1340 1705 93 29 vissa
1460 1704 150 30 avvikel-

105 1762 64 24 ser,
200 1752 94 30 vilka
322 1752 90 29 dock
441 1752 60 28 äro
531 1760 141 20 snarare
704 1750 173 29 skenbara
905 1750 45 29 än
980 1748 153 39 verkliga
1163 1748 189 38 undantag.
1382 1747 227 29 Beträffande

105 1795 178 38 egendom,
313 1794 117 29 vilken
460 1793 190 29 innehaves
680 1792 114 30 såsom
824 1791 257 30 fideikommiss
1110 1791 83 28 eller
1222 1790 99 39 eljest
1351 1789 45 40 på
1426 1789 112 39 grund
1568 1798 42 20 av

104 1836 301 30 testamentariskt
430 1835 248 33 förordnande,
702 1835 38 28 är
764 1834 148 29 sålunda
935 1833 236 29 innehavaren
1197 1833 156 28 närmast
1378 1833 49 28 att
1452 1840 81 21 anse
1559 1831 52 29 så-

105 1887 75 20 som
203 1879 101 37 ägare
324 1878 65 29 och
411 1877 62 29 bör
494 1877 119 29 därför
635 1877 87 28 även
743 1876 91 29 bliva
858 1875 243 38 skattskyldig.

151 1920 94 29 Mera
274 1920 81 28 reell
386 1919 67 29 blir
484 1919 196 28 skillnaden
711 1917 222 30 beträffande
963 1917 69 29 fast
1063 1916 178 38 egendom,
1274 1915 117 29 vilken
1421 1915 189 29 innehaves

106 1962 111 28 under
242 1961 144 38 stadgad
411 1961 136 29 åborätt
573 1960 82 29 eller
679 1960 101 38 eljest
804 1960 79 28 med
909 1958 137 38 ständig
1070 1958 82 29 eller
1178 1957 117 38 ärftlig
1319 1957 291 37 besittningsrätt,

105 2004 80 29 med
206 2004 158 29 tomträtt
384 2003 83 29 eller
486 2002 78 29 med
582 2001 274 30 vattenfallsrätt
877 2001 83 29 eller
978 2001 64 28 ock
1064 2000 115 29 såsom
1200 2009 25 20 s.
1246 2000 32 28 k.
1298 1999 68 29 ofri
1387 2000 87 27 tomt
1493 1999 10 28 i
1523 1998 87 29 stad.

106 2046 165 28 Likasom
296 2045 11 29 i
331 2045 102 29 dessa
459 2053 120 21 senare
605 2044 62 29 fall
696 2044 201 29 »intresset»>
926 2042 193 30 förefinnes
1144 2051 94 20 mera
1264 2041 63 29 hos
1355 2041 256 29 innehavarens

106 2088 212 37 begränsade
345 2088 135 28 sakrätt
504 2088 43 28 än
571 2087 64 28 hos
659 2087 145 37 ägarens
828 2084 338 40 privatekonomiskt
1191 2086 65 27 sett
1279 2083 73 29 ofta
1376 2083 136 29 mindre
1537 2083 76 29 vär-

106 2130 133 29 defulla
262 2130 77 32 rätt,
366 2138 103 29 synes
492 2129 69 38 mig
585 2130 162 27 ansvaret
771 2128 54 28 för
852 2127 157 29 skattens
1035 2126 191 38 utgörande
1249 2125 82 30 böra
1356 2125 91 30 åvila
1469 2125 144 29 inneha-

108 2181 105 20 varen
239 2181 41 20 av
306 2171 190 29 sakrätten.

154 2239 12 28 I
189 2237 261 39 propositionen
476 2247 43 19 nr
542 2237 61 28 102
627 2236 52 29 till
703 2236 82 29 1927
809 2240 56 25 års
891 2235 142 39 riksdag
1061 2235 42 29 (s.
1127 2235 80 33 332)
1236 2234 200 30 förklarade
1459 2234 157 38 departe-

110 2288 251 33 mentschefen,
391 2289 50 28 att
470 2288 77 28 med
575 2287 170 29 avseende
773 2286 19 29 å
822 2285 268 29 bestämmelsen
1120 2286 9 28 i
1163 2284 37 29 13
1232 2284 14 35 8
1277 2284 338 28 kommunalskatte-

111 2338 98 37 lagen
230 2337 245 30 motsvarande
497 2337 190 37 stadgande
708 2337 9 28 i
740 2336 81 29 1920
842 2336 57 28 års
922 2335 216 39 proposition
1160 2335 116 37 syntes
1299 2334 123 37 utgöra
1444 2343 41 19 en
1508 2333 108 38 lämp-

111 2388 46 37 lig
186 2387 157 34 förebild,
374 2387 172 38 varjämte
575 2385 387 41 departementschefen
991 2385 10 28 i
1030 2384 186 29 huvudsak
1246 2384 189 29 hänvisade
1467 2383 50 29 till
1548 2383 67 29 den

111 2438 216 37 motivering,
350 2447 72 20 som
447 2437 136 29 anförts
604 2437 10 28 i
635 2437 153 28 nämnda
811 2435 225 39 proposition.
