<?xml version="1.0" encoding="UTF-8"?>
<alto xmlns="http://www.loc.gov/standards/alto/ns-v3#" xmlns:xlink="http://www.w3.org/1999/xlink" xmlns:xsi="http://www.w3.org/2001/XMLSchema-instance" xsi:schemaLocation="http://www.loc.gov/standards/alto/ns-v3# http://www.loc.gov/alto/v3/alto-3-0.xsd">
	<Description>
		<MeasurementUnit>pixel</MeasurementUnit>
		<sourceImageInformation>
			<fileName>/tmp/tess_025bnmus_input.PNG</fileName>
		</sourceImageInformation>
		<OCRProcessing ID="OCR_0">
			<ocrProcessingStep>
				<processingSoftware>
					<softwareName>tesseract 5.3.0</softwareName>
				</processingSoftware>
			</ocrProcessingStep>
		</OCRProcessing>
	</Description>
	<Layout>
		<Page WIDTH="2290" HEIGHT="2748" PHYSICAL_IMG_NR="0" ID="page_0">
			<PrintSpace HPOS="0" VPOS="0" WIDTH="2290" HEIGHT="2748">
				<ComposedBlock ID="cblock_0" HPOS="720" VPOS="115" WIDTH="1033" HEIGHT="42">
					<TextBlock ID="block_0" HPOS="720" VPOS="115" WIDTH="1033" HEIGHT="42">
						<TextLine ID="line_0" HPOS="720" VPOS="115" WIDTH="1033" HEIGHT="42">
							<String ID="string_0" HPOS="720" VPOS="115" WIDTH="240" HEIGHT="42" WC="0.91" CONTENT="Lag-Utskottets"/><SP WIDTH="24" VPOS="115" HPOS="960"/>
							<String ID="string_1" HPOS="984" VPOS="117" WIDTH="159" HEIGHT="31" WC="0.96" CONTENT="Utlåtande"/><SP WIDTH="25" VPOS="117" HPOS="1143"/>
							<String ID="string_2" HPOS="1168" VPOS="117" WIDTH="64" HEIGHT="32" WC="0.85" CONTENT="N:o"/><SP WIDTH="22" VPOS="117" HPOS="1232"/>
							<String ID="string_3" HPOS="1254" VPOS="118" WIDTH="29" HEIGHT="29" WC="0.91" CONTENT="6."/><SP WIDTH="453" VPOS="118" HPOS="1283"/>
							<String ID="string_4" HPOS="1736" VPOS="119" WIDTH="17" HEIGHT="30" WC="0.40" CONTENT="7"/>
						</TextLine>
					</TextBlock>
				</ComposedBlock>
				<ComposedBlock ID="cblock_1" HPOS="190" VPOS="203" WIDTH="1604" HEIGHT="656">
					<TextBlock ID="block_1" HPOS="190" VPOS="203" WIDTH="1604" HEIGHT="298">
						<TextLine ID="line_1" HPOS="190" VPOS="203" WIDTH="1604" HEIGHT="41">
							<String ID="string_5" HPOS="190" VPOS="203" WIDTH="297" HEIGHT="40" WC="0.90" CONTENT="löningsförmåner,"/><SP WIDTH="43" VPOS="203" HPOS="487"/>
							<String ID="string_6" HPOS="530" VPOS="203" WIDTH="79" HEIGHT="31" WC="0.96" CONTENT="dock"/><SP WIDTH="41" VPOS="203" HPOS="609"/>
							<String ID="string_7" HPOS="650" VPOS="205" WIDTH="39" HEIGHT="39" WC="0.96" CONTENT="på"/><SP WIDTH="27" VPOS="205" HPOS="689"/>
							<String ID="string_8" HPOS="716" VPOS="204" WIDTH="159" HEIGHT="40" WC="0.96" CONTENT="åtskilliga"/><SP WIDTH="26" VPOS="204" HPOS="875"/>
							<String ID="string_9" HPOS="901" VPOS="204" WIDTH="114" HEIGHT="32" WC="0.96" CONTENT="ställen"/><SP WIDTH="28" VPOS="204" HPOS="1015"/>
							<String ID="string_10" HPOS="1043" VPOS="203" WIDTH="47" HEIGHT="32" WC="0.96" CONTENT="till"/><SP WIDTH="29" VPOS="203" HPOS="1090"/>
							<String ID="string_11" HPOS="1119" VPOS="205" WIDTH="102" HEIGHT="39" WC="0.96" CONTENT="någon"/><SP WIDTH="30" VPOS="205" HPOS="1221"/>
							<String ID="string_12" HPOS="1251" VPOS="204" WIDTH="49" HEIGHT="32" WC="0.92" CONTENT="del"/><SP WIDTH="28" VPOS="204" HPOS="1300"/>
							<String ID="string_13" HPOS="1328" VPOS="205" WIDTH="77" HEIGHT="31" WC="0.96" CONTENT="eller"/><SP WIDTH="27" VPOS="205" HPOS="1405"/>
							<String ID="string_14" HPOS="1432" VPOS="204" WIDTH="67" HEIGHT="31" WC="0.96" CONTENT="helt"/><SP WIDTH="28" VPOS="204" HPOS="1499"/>
							<String ID="string_15" HPOS="1527" VPOS="204" WIDTH="57" HEIGHT="32" WC="0.96" CONTENT="och"/><SP WIDTH="29" VPOS="204" HPOS="1584"/>
							<String ID="string_16" HPOS="1613" VPOS="205" WIDTH="99" HEIGHT="32" WC="0.93" CONTENT="hållet"/><SP WIDTH="26" VPOS="205" HPOS="1712"/>
							<String ID="string_17" HPOS="1738" VPOS="216" WIDTH="56" HEIGHT="21" WC="0.91" CONTENT="an-"/>
						</TextLine>
						<TextLine ID="line_2" HPOS="190" VPOS="254" WIDTH="1603" HEIGHT="40">
							<String ID="string_18" HPOS="190" VPOS="255" WIDTH="118" HEIGHT="31" WC="0.96" CONTENT="vändas"/><SP WIDTH="15" VPOS="255" HPOS="308"/>
							<String ID="string_19" HPOS="323" VPOS="255" WIDTH="49" HEIGHT="30" WC="0.96" CONTENT="till"/><SP WIDTH="15" VPOS="255" HPOS="372"/>
							<String ID="string_20" HPOS="387" VPOS="254" WIDTH="99" HEIGHT="31" WC="0.96" CONTENT="andra"/><SP WIDTH="26" VPOS="254" HPOS="486"/>
							<String ID="string_21" HPOS="512" VPOS="255" WIDTH="158" HEIGHT="39" WC="0.95" CONTENT="ändamål,"/><SP WIDTH="19" VPOS="255" HPOS="670"/>
							<String ID="string_22" HPOS="689" VPOS="255" WIDTH="66" HEIGHT="31" WC="0.96" CONTENT="dels"/><SP WIDTH="15" VPOS="255" HPOS="755"/>
							<String ID="string_23" HPOS="770" VPOS="255" WIDTH="59" HEIGHT="32" WC="0.96" CONTENT="ock"/><SP WIDTH="19" VPOS="255" HPOS="829"/>
							<String ID="string_24" HPOS="848" VPOS="258" WIDTH="57" HEIGHT="35" WC="0.96" CONTENT="att,"/><SP WIDTH="15" VPOS="258" HPOS="905"/>
							<String ID="string_25" HPOS="920" VPOS="256" WIDTH="102" HEIGHT="31" WC="0.96" CONTENT="under"/><SP WIDTH="14" VPOS="256" HPOS="1022"/>
							<String ID="string_26" HPOS="1036" VPOS="255" WIDTH="53" HEIGHT="32" WC="0.92" CONTENT="det"/><SP WIDTH="14" VPOS="255" HPOS="1089"/>
							<String ID="string_27" HPOS="1103" VPOS="256" WIDTH="215" HEIGHT="31" WC="0.92" CONTENT="innevånarne"/><SP WIDTH="27" VPOS="256" HPOS="1318"/>
							<String ID="string_28" HPOS="1345" VPOS="256" WIDTH="10" HEIGHT="31" WC="0.96" CONTENT="i"/><SP WIDTH="27" VPOS="256" HPOS="1355"/>
							<String ID="string_29" HPOS="1382" VPOS="259" WIDTH="101" HEIGHT="28" WC="0.96" CONTENT="större"/><SP WIDTH="30" VPOS="259" HPOS="1483"/>
							<String ID="string_30" HPOS="1513" VPOS="256" WIDTH="92" HEIGHT="31" WC="0.96" CONTENT="delen"/><SP WIDTH="27" VPOS="256" HPOS="1605"/>
							<String ID="string_31" HPOS="1632" VPOS="256" WIDTH="35" HEIGHT="32" WC="0.96" CONTENT="af"/><SP WIDTH="17" VPOS="256" HPOS="1667"/>
							<String ID="string_32" HPOS="1684" VPOS="256" WIDTH="109" HEIGHT="32" WC="0.96" CONTENT="Rikets"/>
						</TextLine>
						<TextLine ID="line_3" HPOS="190" VPOS="305" WIDTH="1602" HEIGHT="43">
							<String ID="string_33" HPOS="190" VPOS="306" WIDTH="107" HEIGHT="31" WC="0.93" CONTENT="städer"/><SP WIDTH="27" VPOS="306" HPOS="297"/>
							<String ID="string_34" HPOS="324" VPOS="305" WIDTH="157" HEIGHT="41" WC="0.91" CONTENT="samtyckt"/><SP WIDTH="27" VPOS="305" HPOS="481"/>
							<String ID="string_35" HPOS="508" VPOS="309" WIDTH="47" HEIGHT="28" WC="0.93" CONTENT="att"/><SP WIDTH="27" VPOS="309" HPOS="555"/>
							<String ID="string_36" HPOS="582" VPOS="307" WIDTH="121" HEIGHT="40" WC="0.92" CONTENT="utgifva"/><SP WIDTH="26" VPOS="307" HPOS="703"/>
							<String ID="string_37" HPOS="729" VPOS="307" WIDTH="177" HEIGHT="40" WC="0.14" CONTENT="ersättning"/><SP WIDTH="26" VPOS="307" HPOS="906"/>
							<String ID="string_38" HPOS="932" VPOS="307" WIDTH="50" HEIGHT="31" WC="0.96" CONTENT="för"/><SP WIDTH="27" VPOS="307" HPOS="982"/>
							<String ID="string_39" HPOS="1009" VPOS="306" WIDTH="59" HEIGHT="33" WC="0.96" CONTENT="den"/><SP WIDTH="30" VPOS="306" HPOS="1068"/>
							<String ID="string_40" HPOS="1098" VPOS="306" WIDTH="180" HEIGHT="41" WC="0.96" CONTENT="minskning"/><SP WIDTH="28" VPOS="306" HPOS="1278"/>
							<String ID="string_41" HPOS="1306" VPOS="308" WIDTH="8" HEIGHT="30" WC="0.96" CONTENT="i"/><SP WIDTH="29" VPOS="308" HPOS="1314"/>
							<String ID="string_42" HPOS="1343" VPOS="307" WIDTH="186" HEIGHT="38" WC="0.95" CONTENT="inkomster,"/><SP WIDTH="41" VPOS="307" HPOS="1529"/>
							<String ID="string_43" HPOS="1570" VPOS="318" WIDTH="68" HEIGHT="21" WC="0.94" CONTENT="som"/><SP WIDTH="40" VPOS="318" HPOS="1638"/>
							<String ID="string_44" HPOS="1678" VPOS="319" WIDTH="114" HEIGHT="29" WC="0.93" CONTENT="genom"/>
						</TextLine>
						<TextLine ID="line_4" HPOS="190" VPOS="357" WIDTH="1604" HEIGHT="43">
							<String ID="string_45" HPOS="190" VPOS="357" WIDTH="61" HEIGHT="31" WC="0.96" CONTENT="den"/><SP WIDTH="42" VPOS="357" HPOS="251"/>
							<String ID="string_46" HPOS="293" VPOS="357" WIDTH="176" HEIGHT="40" WC="0.93" CONTENT="föreslagna"/><SP WIDTH="40" VPOS="357" HPOS="469"/>
							<String ID="string_47" HPOS="509" VPOS="357" WIDTH="223" HEIGHT="41" WC="0.15" CONTENT="förändringen"/><SP WIDTH="42" VPOS="357" HPOS="732"/>
							<String ID="string_48" HPOS="774" VPOS="358" WIDTH="100" HEIGHT="32" WC="0.96" CONTENT="skulle"/><SP WIDTH="42" VPOS="358" HPOS="874"/>
							<String ID="string_49" HPOS="916" VPOS="360" WIDTH="124" HEIGHT="39" WC="0.93" CONTENT="uppstå,"/><SP WIDTH="37" VPOS="360" HPOS="1040"/>
							<String ID="string_50" HPOS="1077" VPOS="358" WIDTH="106" HEIGHT="32" WC="0.92" CONTENT="dervid"/><SP WIDTH="29" VPOS="358" HPOS="1183"/>
							<String ID="string_51" HPOS="1212" VPOS="359" WIDTH="80" HEIGHT="31" WC="0.96" CONTENT="dock"/><SP WIDTH="29" VPOS="359" HPOS="1292"/>
							<String ID="string_52" HPOS="1321" VPOS="361" WIDTH="40" HEIGHT="39" WC="0.96" CONTENT="på"/><SP WIDTH="27" VPOS="361" HPOS="1361"/>
							<String ID="string_53" HPOS="1388" VPOS="358" WIDTH="76" HEIGHT="32" WC="0.96" CONTENT="flera"/><SP WIDTH="28" VPOS="358" HPOS="1464"/>
							<String ID="string_54" HPOS="1492" VPOS="359" WIDTH="112" HEIGHT="31" WC="0.96" CONTENT="ställen"/><SP WIDTH="30" VPOS="359" HPOS="1604"/>
							<String ID="string_55" HPOS="1634" VPOS="360" WIDTH="160" HEIGHT="31" WC="0.96" CONTENT="särskilda"/>
						</TextLine>
						<TextLine ID="line_5" HPOS="191" VPOS="408" WIDTH="1603" HEIGHT="43">
							<String ID="string_56" HPOS="191" VPOS="408" WIDTH="101" HEIGHT="32" WC="0.95" CONTENT="vilkor"/><SP WIDTH="40" VPOS="408" HPOS="292"/>
							<String ID="string_57" HPOS="332" VPOS="408" WIDTH="101" HEIGHT="31" WC="0.93" CONTENT="blifvit"/><SP WIDTH="40" VPOS="408" HPOS="433"/>
							<String ID="string_58" HPOS="473" VPOS="409" WIDTH="49" HEIGHT="30" WC="0.96" CONTENT="vid"/><SP WIDTH="40" VPOS="409" HPOS="522"/>
							<String ID="string_59" HPOS="562" VPOS="410" WIDTH="138" HEIGHT="31" WC="0.93" CONTENT="nämnda"/><SP WIDTH="41" VPOS="410" HPOS="700"/>
							<String ID="string_60" HPOS="741" VPOS="410" WIDTH="217" HEIGHT="39" WC="0.92" CONTENT="medgifvande"/><SP WIDTH="32" VPOS="410" HPOS="958"/>
							<String ID="string_61" HPOS="990" VPOS="410" WIDTH="134" HEIGHT="38" WC="0.95" CONTENT="fästade,"/><SP WIDTH="30" VPOS="410" HPOS="1124"/>
							<String ID="string_62" HPOS="1154" VPOS="412" WIDTH="35" HEIGHT="29" WC="0.96" CONTENT="så"/><SP WIDTH="28" VPOS="412" HPOS="1189"/>
							<String ID="string_63" HPOS="1217" VPOS="410" WIDTH="91" HEIGHT="32" WC="0.96" CONTENT="hafva"/><SP WIDTH="28" VPOS="410" HPOS="1308"/>
							<String ID="string_64" HPOS="1336" VPOS="411" WIDTH="8" HEIGHT="30" WC="0.96" CONTENT="i"/><SP WIDTH="29" VPOS="411" HPOS="1344"/>
							<String ID="string_65" HPOS="1373" VPOS="413" WIDTH="46" HEIGHT="28" WC="0.96" CONTENT="ett"/><SP WIDTH="27" VPOS="413" HPOS="1419"/>
							<String ID="string_66" HPOS="1446" VPOS="411" WIDTH="26" HEIGHT="40" WC="0.96" CONTENT="ej"/><SP WIDTH="30" VPOS="411" HPOS="1472"/>
							<String ID="string_67" HPOS="1502" VPOS="410" WIDTH="178" HEIGHT="41" WC="0.96" CONTENT="obetydligt"/><SP WIDTH="27" VPOS="410" HPOS="1680"/>
							<String ID="string_68" HPOS="1707" VPOS="412" WIDTH="87" HEIGHT="31" WC="0.96" CONTENT="antal"/>
						</TextLine>
						<TextLine ID="line_6" HPOS="192" VPOS="460" WIDTH="1050" HEIGHT="41">
							<String ID="string_69" HPOS="192" VPOS="460" WIDTH="109" HEIGHT="31" WC="0.93" CONTENT="städer"/><SP WIDTH="26" VPOS="460" HPOS="301"/>
							<String ID="string_70" HPOS="327" VPOS="461" WIDTH="214" HEIGHT="30" WC="0.92" CONTENT="innevånarne"/><SP WIDTH="29" VPOS="461" HPOS="541"/>
							<String ID="string_71" HPOS="570" VPOS="464" WIDTH="109" HEIGHT="36" WC="0.96" CONTENT="vägrat"/><SP WIDTH="27" VPOS="464" HPOS="679"/>
							<String ID="string_72" HPOS="706" VPOS="465" WIDTH="48" HEIGHT="27" WC="0.96" CONTENT="att"/><SP WIDTH="26" VPOS="465" HPOS="754"/>
							<String ID="string_73" HPOS="780" VPOS="461" WIDTH="99" HEIGHT="32" WC="0.95" CONTENT="sådan"/><SP WIDTH="28" VPOS="461" HPOS="879"/>
							<String ID="string_74" HPOS="907" VPOS="461" WIDTH="177" HEIGHT="40" WC="0.93" CONTENT="ersättning"/><SP WIDTH="28" VPOS="461" HPOS="1084"/>
							<String ID="string_75" HPOS="1112" VPOS="461" WIDTH="130" HEIGHT="40" WC="0.92" CONTENT="utgifva."/>
						</TextLine>
					</TextBlock>
					<TextBlock ID="block_2" HPOS="190" VPOS="511" WIDTH="1604" HEIGHT="348">
						<TextLine ID="line_7" HPOS="344" VPOS="511" WIDTH="1447" HEIGHT="43">
							<String ID="string_76" HPOS="344" VPOS="511" WIDTH="48" HEIGHT="31" WC="0.96" CONTENT="Då"/><SP WIDTH="39" VPOS="511" HPOS="392"/>
							<String ID="string_77" HPOS="431" VPOS="511" WIDTH="136" HEIGHT="32" WC="0.96" CONTENT="sålunda"/><SP WIDTH="39" VPOS="511" HPOS="567"/>
							<String ID="string_78" HPOS="606" VPOS="511" WIDTH="114" HEIGHT="32" WC="0.81" CONTENT="hinder"/><SP WIDTH="41" VPOS="511" HPOS="720"/>
							<String ID="string_79" HPOS="761" VPOS="512" WIDTH="193" HEIGHT="32" WC="0.93" CONTENT="fortfarande"/><SP WIDTH="42" VPOS="512" HPOS="954"/>
							<String ID="string_80" HPOS="996" VPOS="513" WIDTH="82" HEIGHT="30" WC="0.94" CONTENT="lärer"/><SP WIDTH="30" VPOS="513" HPOS="1078"/>
							<String ID="string_81" HPOS="1108" VPOS="513" WIDTH="78" HEIGHT="31" WC="0.96" CONTENT="böra"/><SP WIDTH="27" VPOS="513" HPOS="1186"/>
							<String ID="string_82" HPOS="1213" VPOS="523" WIDTH="91" HEIGHT="21" WC="0.95" CONTENT="anses"/><SP WIDTH="30" VPOS="523" HPOS="1304"/>
							<String ID="string_83" HPOS="1334" VPOS="516" WIDTH="84" HEIGHT="28" WC="0.95" CONTENT="möta"/><SP WIDTH="27" VPOS="516" HPOS="1418"/>
							<String ID="string_84" HPOS="1445" VPOS="513" WIDTH="49" HEIGHT="31" WC="0.96" CONTENT="för"/><SP WIDTH="27" VPOS="513" HPOS="1494"/>
							<String ID="string_85" HPOS="1521" VPOS="513" WIDTH="59" HEIGHT="31" WC="0.96" CONTENT="den"/><SP WIDTH="29" VPOS="513" HPOS="1580"/>
							<String ID="string_86" HPOS="1609" VPOS="513" WIDTH="182" HEIGHT="41" WC="0.95" CONTENT="föreslagna"/>
						</TextLine>
						<TextLine ID="line_8" HPOS="191" VPOS="561" WIDTH="1599" HEIGHT="43">
							<String ID="string_87" HPOS="191" VPOS="561" WIDTH="242" HEIGHT="40" WC="0.91" CONTENT="förändringens"/><SP WIDTH="40" VPOS="561" HPOS="433"/>
							<String ID="string_88" HPOS="473" VPOS="562" WIDTH="249" HEIGHT="40" WC="0.96" CONTENT="genomförande"/><SP WIDTH="36" VPOS="562" HPOS="722"/>
							<String ID="string_89" HPOS="758" VPOS="565" WIDTH="41" HEIGHT="39" WC="0.96" CONTENT="på"/><SP WIDTH="27" VPOS="565" HPOS="799"/>
							<String ID="string_90" HPOS="826" VPOS="574" WIDTH="37" HEIGHT="20" WC="0.95" CONTENT="en"/><SP WIDTH="34" VPOS="574" HPOS="863"/>
							<String ID="string_91" HPOS="897" VPOS="566" WIDTH="81" HEIGHT="37" WC="0.95" CONTENT="gång"/><SP WIDTH="32" VPOS="566" HPOS="978"/>
							<String ID="string_92" HPOS="1010" VPOS="564" WIDTH="9" HEIGHT="30" WC="0.96" CONTENT="i"/><SP WIDTH="29" VPOS="564" HPOS="1019"/>
							<String ID="string_93" HPOS="1048" VPOS="564" WIDTH="63" HEIGHT="30" WC="0.96" CONTENT="alla"/><SP WIDTH="27" VPOS="564" HPOS="1111"/>
							<String ID="string_94" HPOS="1138" VPOS="563" WIDTH="108" HEIGHT="31" WC="0.96" CONTENT="Rikets"/><SP WIDTH="28" VPOS="563" HPOS="1246"/>
							<String ID="string_95" HPOS="1274" VPOS="564" WIDTH="118" HEIGHT="37" WC="0.96" CONTENT="städer,"/><SP WIDTH="31" VPOS="564" HPOS="1392"/>
							<String ID="string_96" HPOS="1423" VPOS="574" WIDTH="69" HEIGHT="21" WC="0.93" CONTENT="men"/><SP WIDTH="29" VPOS="574" HPOS="1492"/>
							<String ID="string_97" HPOS="1521" VPOS="564" WIDTH="113" HEIGHT="31" WC="0.88" CONTENT="sådaut"/><SP WIDTH="28" VPOS="564" HPOS="1634"/>
							<String ID="string_98" HPOS="1662" VPOS="575" WIDTH="128" HEIGHT="29" WC="0.76" CONTENT="genom"/><SP WIDTH="-19" VPOS="575" HPOS="1790"/>
							<String ID="string_99" HPOS="1771" VPOS="557" WIDTH="23" HEIGHT="51" WC="0.76" CONTENT="-"/>
						</TextLine>
						<TextLine ID="line_9" HPOS="191" VPOS="613" WIDTH="1603" HEIGHT="43">
							<String ID="string_100" HPOS="191" VPOS="613" WIDTH="130" HEIGHT="31" WC="0.95" CONTENT="förande"/><SP WIDTH="41" VPOS="613" HPOS="321"/>
							<String ID="string_101" HPOS="362" VPOS="613" WIDTH="170" HEIGHT="41" WC="0.95" CONTENT="lämpligen"/><SP WIDTH="43" VPOS="613" HPOS="532"/>
							<String ID="string_102" HPOS="575" VPOS="614" WIDTH="56" HEIGHT="30" WC="0.95" CONTENT="bör"/><SP WIDTH="39" VPOS="614" HPOS="631"/>
							<String ID="string_103" HPOS="670" VPOS="614" WIDTH="108" HEIGHT="31" WC="0.95" CONTENT="kunna"/><SP WIDTH="33" VPOS="614" HPOS="778"/>
							<String ID="string_104" HPOS="811" VPOS="614" WIDTH="53" HEIGHT="31" WC="0.96" CONTENT="ske"/><SP WIDTH="28" VPOS="614" HPOS="864"/>
							<String ID="string_105" HPOS="892" VPOS="614" WIDTH="49" HEIGHT="31" WC="0.96" CONTENT="för"/><SP WIDTH="28" VPOS="614" HPOS="941"/>
							<String ID="string_106" HPOS="969" VPOS="615" WIDTH="105" HEIGHT="40" WC="0.96" CONTENT="hvarje"/><SP WIDTH="28" VPOS="615" HPOS="1074"/>
							<String ID="string_107" HPOS="1102" VPOS="614" WIDTH="136" HEIGHT="31" WC="0.96" CONTENT="särskild"/><SP WIDTH="29" VPOS="614" HPOS="1238"/>
							<String ID="string_108" HPOS="1267" VPOS="615" WIDTH="80" HEIGHT="38" WC="0.96" CONTENT="stad,"/><SP WIDTH="30" VPOS="615" HPOS="1347"/>
							<String ID="string_109" HPOS="1377" VPOS="615" WIDTH="207" HEIGHT="31" WC="0.96" CONTENT="allteftersom"/><SP WIDTH="31" VPOS="615" HPOS="1584"/>
							<String ID="string_110" HPOS="1615" VPOS="616" WIDTH="179" HEIGHT="40" WC="0.95" CONTENT="ersättning"/>
						</TextLine>
						<TextLine ID="line_10" HPOS="191" VPOS="664" WIDTH="1600" HEIGHT="43">
							<String ID="string_111" HPOS="191" VPOS="664" WIDTH="130" HEIGHT="31" WC="0.92" CONTENT="beredes"/><SP WIDTH="40" VPOS="664" HPOS="321"/>
							<String ID="string_112" HPOS="361" VPOS="664" WIDTH="49" HEIGHT="31" WC="0.96" CONTENT="för"/><SP WIDTH="40" VPOS="664" HPOS="410"/>
							<String ID="string_113" HPOS="450" VPOS="664" WIDTH="37" HEIGHT="31" WC="0.96" CONTENT="de"/><SP WIDTH="40" VPOS="664" HPOS="487"/>
							<String ID="string_114" HPOS="527" VPOS="665" WIDTH="185" HEIGHT="37" WC="0.95" CONTENT="inkomster,"/><SP WIDTH="31" VPOS="665" HPOS="712"/>
							<String ID="string_115" HPOS="743" VPOS="665" WIDTH="105" HEIGHT="31" WC="0.96" CONTENT="hvilka"/><SP WIDTH="40" VPOS="665" HPOS="848"/>
							<String ID="string_116" HPOS="888" VPOS="666" WIDTH="112" HEIGHT="30" WC="0.91" CONTENT="hittills"/><SP WIDTH="41" VPOS="666" HPOS="1000"/>
							<String ID="string_117" HPOS="1041" VPOS="676" WIDTH="115" HEIGHT="29" WC="0.91" CONTENT="genom"/><SP WIDTH="43" VPOS="676" HPOS="1156"/>
							<String ID="string_118" HPOS="1199" VPOS="666" WIDTH="286" HEIGHT="41" WC="0.91" CONTENT="boupptecknings-"/><SP WIDTH="41" VPOS="666" HPOS="1485"/>
							<String ID="string_119" HPOS="1526" VPOS="666" WIDTH="59" HEIGHT="31" WC="0.87" CONTENT="och"/><SP WIDTH="28" VPOS="666" HPOS="1585"/>
							<String ID="string_120" HPOS="1613" VPOS="666" WIDTH="178" HEIGHT="32" WC="0.87" CONTENT="arfskiftes-"/>
						</TextLine>
						<TextLine ID="line_11" HPOS="191" VPOS="715" WIDTH="1603" HEIGHT="43">
							<String ID="string_121" HPOS="191" VPOS="715" WIDTH="149" HEIGHT="32" WC="0.55" CONTENT="arfvroden"/><SP WIDTH="28" VPOS="715" HPOS="340"/>
							<String ID="string_122" HPOS="368" VPOS="715" WIDTH="131" HEIGHT="39" WC="0.90" CONTENT="influtit,"/><SP WIDTH="29" VPOS="715" HPOS="499"/>
							<String ID="string_123" HPOS="528" VPOS="716" WIDTH="53" HEIGHT="30" WC="0.96" CONTENT="vill"/><SP WIDTH="27" VPOS="716" HPOS="581"/>
							<String ID="string_124" HPOS="608" VPOS="716" WIDTH="114" HEIGHT="40" WC="0.95" CONTENT="Kongl."/><SP WIDTH="29" VPOS="716" HPOS="722"/>
							<String ID="string_125" HPOS="751" VPOS="717" WIDTH="88" HEIGHT="41" WC="0.94" CONTENT="Maj:t"/><SP WIDTH="27" VPOS="717" HPOS="839"/>
							<String ID="string_126" HPOS="866" VPOS="717" WIDTH="103" HEIGHT="38" WC="0.95" CONTENT="alltså,"/><SP WIDTH="32" VPOS="717" HPOS="969"/>
							<String ID="string_127" HPOS="1001" VPOS="717" WIDTH="68" HEIGHT="31" WC="0.93" CONTENT="med"/><SP WIDTH="34" VPOS="717" HPOS="1069"/>
							<String ID="string_128" HPOS="1103" VPOS="717" WIDTH="255" HEIGHT="32" WC="0.90" CONTENT="öfverlemnande"/><SP WIDTH="28" VPOS="717" HPOS="1358"/>
							<String ID="string_129" HPOS="1386" VPOS="717" WIDTH="34" HEIGHT="31" WC="0.96" CONTENT="af"/><SP WIDTH="25" VPOS="717" HPOS="1420"/>
							<String ID="string_130" HPOS="1445" VPOS="717" WIDTH="121" HEIGHT="40" WC="0.96" CONTENT="Högsta"/><SP WIDTH="27" VPOS="717" HPOS="1566"/>
							<String ID="string_131" HPOS="1593" VPOS="718" WIDTH="201" HEIGHT="32" WC="0.96" CONTENT="Domstolens"/>
						</TextLine>
						<TextLine ID="line_12" HPOS="190" VPOS="766" WIDTH="1603" HEIGHT="44">
							<String ID="string_132" HPOS="190" VPOS="766" WIDTH="9" HEIGHT="31" WC="0.95" CONTENT="i"/><SP WIDTH="40" VPOS="766" HPOS="199"/>
							<String ID="string_133" HPOS="239" VPOS="770" WIDTH="108" HEIGHT="28" WC="0.95" CONTENT="ämnet"/><SP WIDTH="37" VPOS="770" HPOS="347"/>
							<String ID="string_134" HPOS="384" VPOS="766" WIDTH="90" HEIGHT="31" WC="0.95" CONTENT="förda"/><SP WIDTH="39" VPOS="766" HPOS="474"/>
							<String ID="string_135" HPOS="513" VPOS="766" WIDTH="170" HEIGHT="41" WC="0.93" CONTENT="protokoll,"/><SP WIDTH="35" VPOS="766" HPOS="683"/>
							<String ID="string_136" HPOS="718" VPOS="767" WIDTH="123" HEIGHT="43" WC="0.93" CONTENT="jemlikt"/><SP WIDTH="26" VPOS="767" HPOS="841"/>
							<String ID="string_137" HPOS="867" VPOS="770" WIDTH="39" HEIGHT="29" WC="0.96" CONTENT="87"/><SP WIDTH="28" VPOS="770" HPOS="906"/>
							<String ID="string_138" HPOS="934" VPOS="768" WIDTH="16" HEIGHT="41" WC="0.47" CONTENT="8"/><SP WIDTH="26" VPOS="768" HPOS="950"/>
							<String ID="string_139" HPOS="976" VPOS="768" WIDTH="308" HEIGHT="41" WC="0.96" CONTENT="Regeringsformen,"/><SP WIDTH="30" VPOS="768" HPOS="1284"/>
							<String ID="string_140" HPOS="1314" VPOS="768" WIDTH="48" HEIGHT="32" WC="0.95" CONTENT="till"/><SP WIDTH="28" VPOS="768" HPOS="1362"/>
							<String ID="string_141" HPOS="1390" VPOS="768" WIDTH="197" HEIGHT="40" WC="0.96" CONTENT="Riksdagens"/><SP WIDTH="28" VPOS="768" HPOS="1587"/>
							<String ID="string_142" HPOS="1615" VPOS="769" WIDTH="178" HEIGHT="40" WC="0.95" CONTENT="antagande"/>
						</TextLine>
						<TextLine ID="line_13" HPOS="192" VPOS="817" WIDTH="557" HEIGHT="42">
							<String ID="string_143" HPOS="192" VPOS="817" WIDTH="174" HEIGHT="41" WC="0.95" CONTENT="framlägga"/><SP WIDTH="26" VPOS="817" HPOS="366"/>
							<String ID="string_144" HPOS="392" VPOS="817" WIDTH="137" HEIGHT="42" WC="0.96" CONTENT="följande"/><SP WIDTH="28" VPOS="817" HPOS="529"/>
							<String ID="string_145" HPOS="557" VPOS="818" WIDTH="118" HEIGHT="40" WC="0.96" CONTENT="förslag"/><SP WIDTH="26" VPOS="818" HPOS="675"/>
							<String ID="string_146" HPOS="701" VPOS="818" WIDTH="48" HEIGHT="32" WC="0.95" CONTENT="till"/>
						</TextLine>
					</TextBlock>
				</ComposedBlock>
				<ComposedBlock ID="cblock_2" HPOS="254" VPOS="900" WIDTH="1474" HEIGHT="130">
					<TextBlock ID="block_3" HPOS="254" VPOS="900" WIDTH="1474" HEIGHT="130">
						<TextLine ID="line_14" HPOS="890" VPOS="900" WIDTH="217" HEIGHT="50">
							<String ID="string_147" HPOS="890" VPOS="900" WIDTH="217" HEIGHT="50" WC="0.95" CONTENT="Förordning"/>
						</TextLine>
						<TextLine ID="line_15" HPOS="254" VPOS="986" WIDTH="1474" HEIGHT="44">
							<String ID="string_148" HPOS="254" VPOS="986" WIDTH="209" HEIGHT="41" WC="0.93" CONTENT="angående"/><SP WIDTH="32" VPOS="986" HPOS="463"/>
							<String ID="string_149" HPOS="495" VPOS="990" WIDTH="395" HEIGHT="39" WC="0.91" CONTENT="bouppteckningars"/><SP WIDTH="33" VPOS="990" HPOS="890"/>
							<String ID="string_150" HPOS="923" VPOS="991" WIDTH="77" HEIGHT="32" WC="0.93" CONTENT="och"/><SP WIDTH="27" VPOS="991" HPOS="1000"/>
							<String ID="string_151" HPOS="1027" VPOS="990" WIDTH="232" HEIGHT="33" WC="0.92" CONTENT="arfskiftens"/><SP WIDTH="28" VPOS="990" HPOS="1259"/>
							<String ID="string_152" HPOS="1287" VPOS="991" WIDTH="272" HEIGHT="39" WC="0.96" CONTENT="upprättande"/><SP WIDTH="27" VPOS="991" HPOS="1559"/>
							<String ID="string_153" HPOS="1586" VPOS="992" WIDTH="13" HEIGHT="32" WC="0.96" CONTENT="i"/><SP WIDTH="28" VPOS="992" HPOS="1599"/>
							<String ID="string_154" HPOS="1627" VPOS="992" WIDTH="101" HEIGHT="33" WC="0.95" CONTENT="stad."/>
						</TextLine>
					</TextBlock>
				</ComposedBlock>
				<ComposedBlock ID="cblock_3" HPOS="188" VPOS="1067" WIDTH="1603" HEIGHT="456">
					<TextBlock ID="block_4" HPOS="188" VPOS="1067" WIDTH="1603" HEIGHT="456">
						<TextLine ID="line_16" HPOS="340" VPOS="1067" WIDTH="1450" HEIGHT="49">
							<String ID="string_155" HPOS="340" VPOS="1072" WIDTH="195" HEIGHT="41" WC="0.86" CONTENT="Stadgandet"/><SP WIDTH="40" VPOS="1072" HPOS="535"/>
							<String ID="string_156" HPOS="575" VPOS="1074" WIDTH="9" HEIGHT="30" WC="0.96" CONTENT="i"/><SP WIDTH="42" VPOS="1074" HPOS="584"/>
							<String ID="string_157" HPOS="626" VPOS="1076" WIDTH="16" HEIGHT="29" WC="0.95" CONTENT="9"/><SP WIDTH="41" VPOS="1076" HPOS="642"/>
							<String ID="string_158" HPOS="683" VPOS="1074" WIDTH="80" HEIGHT="40" WC="0.90" CONTENT="Kap."/><SP WIDTH="45" VPOS="1074" HPOS="763"/>
							<String ID="string_159" HPOS="808" VPOS="1077" WIDTH="12" HEIGHT="28" WC="0.95" CONTENT="1"/><SP WIDTH="44" VPOS="1077" HPOS="820"/>
							<String ID="string_160" HPOS="864" VPOS="1075" WIDTH="15" HEIGHT="41" WC="0.84" CONTENT="3"/><SP WIDTH="26" VPOS="1075" HPOS="879"/>
							<String ID="string_161" HPOS="905" VPOS="1067" WIDTH="241" HEIGHT="46" WC="0.91" CONTENT="Ärfda-balken,"/><SP WIDTH="36" VPOS="1067" HPOS="1146"/>
							<String ID="string_162" HPOS="1182" VPOS="1077" WIDTH="48" HEIGHT="29" WC="0.96" CONTENT="att"/><SP WIDTH="28" VPOS="1077" HPOS="1230"/>
							<String ID="string_163" HPOS="1258" VPOS="1074" WIDTH="48" HEIGHT="32" WC="0.95" CONTENT="vid"/><SP WIDTH="30" VPOS="1074" HPOS="1306"/>
							<String ID="string_164" HPOS="1336" VPOS="1075" WIDTH="216" HEIGHT="41" WC="0.96" CONTENT="uppteckning"/><SP WIDTH="29" VPOS="1075" HPOS="1552"/>
							<String ID="string_165" HPOS="1581" VPOS="1076" WIDTH="32" HEIGHT="30" WC="0.96" CONTENT="af"/><SP WIDTH="25" VPOS="1076" HPOS="1613"/>
							<String ID="string_166" HPOS="1638" VPOS="1076" WIDTH="152" HEIGHT="40" WC="0.96" CONTENT="egendom"/>
						</TextLine>
						<TextLine ID="line_17" HPOS="197" VPOS="1123" WIDTH="1592" HEIGHT="44">
							<String ID="string_167" HPOS="197" VPOS="1133" WIDTH="66" HEIGHT="21" WC="0.96" CONTENT="som"/><SP WIDTH="40" VPOS="1133" HPOS="263"/>
							<String ID="string_168" HPOS="303" VPOS="1123" WIDTH="101" HEIGHT="32" WC="0.93" CONTENT="finnes"/><SP WIDTH="41" VPOS="1123" HPOS="404"/>
							<String ID="string_169" HPOS="445" VPOS="1125" WIDTH="8" HEIGHT="30" WC="0.96" CONTENT="i"/><SP WIDTH="41" VPOS="1125" HPOS="453"/>
							<String ID="string_170" HPOS="494" VPOS="1124" WIDTH="51" HEIGHT="39" WC="0.96" CONTENT="bo,"/><SP WIDTH="41" VPOS="1124" HPOS="545"/>
							<String ID="string_171" HPOS="586" VPOS="1125" WIDTH="134" HEIGHT="40" WC="0.93" CONTENT="lydande"/><SP WIDTH="40" VPOS="1125" HPOS="720"/>
							<String ID="string_172" HPOS="760" VPOS="1125" WIDTH="101" HEIGHT="31" WC="0.44" CONTENT="unuder"/><SP WIDTH="39" VPOS="1125" HPOS="861"/>
							<String ID="string_173" HPOS="900" VPOS="1125" WIDTH="235" HEIGHT="39" WC="0.84" CONTENT="stadsdomstol,"/><SP WIDTH="42" VPOS="1125" HPOS="1135"/>
							<String ID="string_174" HPOS="1177" VPOS="1126" WIDTH="78" HEIGHT="30" WC="0.95" CONTENT="eller"/><SP WIDTH="26" VPOS="1126" HPOS="1255"/>
							<String ID="string_175" HPOS="1281" VPOS="1129" WIDTH="127" HEIGHT="36" WC="0.96" CONTENT="utgöres"/><SP WIDTH="28" VPOS="1129" HPOS="1408"/>
							<String ID="string_176" HPOS="1436" VPOS="1127" WIDTH="34" HEIGHT="30" WC="0.96" CONTENT="af"/><SP WIDTH="25" VPOS="1127" HPOS="1470"/>
							<String ID="string_177" HPOS="1495" VPOS="1127" WIDTH="150" HEIGHT="40" WC="0.96" CONTENT="fastighet"/><SP WIDTH="26" VPOS="1127" HPOS="1645"/>
							<String ID="string_178" HPOS="1671" VPOS="1128" WIDTH="10" HEIGHT="30" WC="0.86" CONTENT="i"/><SP WIDTH="27" VPOS="1128" HPOS="1681"/>
							<String ID="string_179" HPOS="1708" VPOS="1128" WIDTH="81" HEIGHT="38" WC="0.96" CONTENT="stad,"/>
						</TextLine>
						<TextLine ID="line_18" HPOS="191" VPOS="1173" WIDTH="1598" HEIGHT="44">
							<String ID="string_180" HPOS="191" VPOS="1173" WIDTH="216" HEIGHT="40" WC="0.96" CONTENT="borgmästare"/><SP WIDTH="40" VPOS="1173" HPOS="407"/>
							<String ID="string_181" HPOS="447" VPOS="1175" WIDTH="58" HEIGHT="31" WC="0.96" CONTENT="och"/><SP WIDTH="42" VPOS="1175" HPOS="505"/>
							<String ID="string_182" HPOS="547" VPOS="1175" WIDTH="57" HEIGHT="31" WC="0.96" CONTENT="råd"/><SP WIDTH="39" VPOS="1175" HPOS="604"/>
							<String ID="string_183" HPOS="643" VPOS="1175" WIDTH="90" HEIGHT="32" WC="0.96" CONTENT="skola"/><SP WIDTH="39" VPOS="1175" HPOS="733"/>
							<String ID="string_184" HPOS="772" VPOS="1179" WIDTH="117" HEIGHT="28" WC="0.96" CONTENT="nämna"/><SP WIDTH="39" VPOS="1179" HPOS="889"/>
							<String ID="string_185" HPOS="928" VPOS="1177" WIDTH="52" HEIGHT="30" WC="0.96" CONTENT="två"/><SP WIDTH="39" VPOS="1177" HPOS="980"/>
							<String ID="string_186" HPOS="1019" VPOS="1176" WIDTH="76" HEIGHT="31" WC="0.94" CONTENT="eller"/><SP WIDTH="40" VPOS="1176" HPOS="1095"/>
							<String ID="string_187" HPOS="1135" VPOS="1175" WIDTH="75" HEIGHT="32" WC="0.92" CONTENT="flere"/><SP WIDTH="28" VPOS="1175" HPOS="1210"/>
							<String ID="string_188" HPOS="1238" VPOS="1176" WIDTH="119" HEIGHT="40" WC="0.91" CONTENT="redlige"/><SP WIDTH="30" VPOS="1176" HPOS="1357"/>
							<String ID="string_189" HPOS="1387" VPOS="1180" WIDTH="81" HEIGHT="35" WC="0.95" CONTENT="män,"/><SP WIDTH="31" VPOS="1180" HPOS="1468"/>
							<String ID="string_190" HPOS="1499" VPOS="1188" WIDTH="66" HEIGHT="21" WC="0.96" CONTENT="som"/><SP WIDTH="29" VPOS="1188" HPOS="1565"/>
							<String ID="string_191" HPOS="1594" VPOS="1178" WIDTH="195" HEIGHT="39" WC="0.95" CONTENT="egendomen"/>
						</TextLine>
						<TextLine ID="line_19" HPOS="191" VPOS="1225" WIDTH="1600" HEIGHT="44">
							<String ID="string_192" HPOS="191" VPOS="1225" WIDTH="182" HEIGHT="40" WC="0.92" CONTENT="uppteckna"/><SP WIDTH="40" VPOS="1225" HPOS="373"/>
							<String ID="string_193" HPOS="413" VPOS="1226" WIDTH="58" HEIGHT="31" WC="0.96" CONTENT="och"/><SP WIDTH="40" VPOS="1226" HPOS="471"/>
							<String ID="string_194" HPOS="511" VPOS="1225" WIDTH="143" HEIGHT="40" WC="0.96" CONTENT="värdera,"/><SP WIDTH="44" VPOS="1225" HPOS="654"/>
							<String ID="string_195" HPOS="698" VPOS="1229" WIDTH="59" HEIGHT="36" WC="0.96" CONTENT="må,"/><SP WIDTH="42" VPOS="1229" HPOS="757"/>
							<String ID="string_196" HPOS="799" VPOS="1227" WIDTH="81" HEIGHT="31" WC="0.95" CONTENT="efter"/><SP WIDTH="39" VPOS="1227" HPOS="880"/>
							<String ID="string_197" HPOS="919" VPOS="1228" WIDTH="194" HEIGHT="39" WC="0.74" CONTENT="Konungens"/><SP WIDTH="41" VPOS="1228" HPOS="1113"/>
							<String ID="string_198" HPOS="1154" VPOS="1227" WIDTH="225" HEIGHT="39" WC="0.94" CONTENT="förordnande,"/><SP WIDTH="43" VPOS="1227" HPOS="1379"/>
							<String ID="string_199" HPOS="1422" VPOS="1228" WIDTH="145" HEIGHT="41" WC="0.96" CONTENT="upphöra"/><SP WIDTH="28" VPOS="1228" HPOS="1567"/>
							<String ID="string_200" HPOS="1595" VPOS="1232" WIDTH="48" HEIGHT="28" WC="0.96" CONTENT="att"/><SP WIDTH="26" VPOS="1232" HPOS="1643"/>
							<String ID="string_201" HPOS="1669" VPOS="1229" WIDTH="122" HEIGHT="40" WC="0.95" CONTENT="gälla"/><SP WIDTH="-18" VPOS="1229" HPOS="1791"/>
							<String ID="string_202" HPOS="1773" VPOS="1221" WIDTH="20" HEIGHT="52" WC="0.96" CONTENT="i"/>
						</TextLine>
						<TextLine ID="line_20" HPOS="190" VPOS="1276" WIDTH="1598" HEIGHT="44">
							<String ID="string_203" HPOS="190" VPOS="1276" WIDTH="148" HEIGHT="31" WC="0.93" CONTENT="afseende"/><SP WIDTH="40" VPOS="1276" HPOS="338"/>
							<String ID="string_204" HPOS="378" VPOS="1278" WIDTH="18" HEIGHT="29" WC="0.91" CONTENT="å"/><SP WIDTH="41" VPOS="1278" HPOS="396"/>
							<String ID="string_205" HPOS="437" VPOS="1277" WIDTH="259" HEIGHT="40" WC="0.95" CONTENT="bouppteckning"/><SP WIDTH="37" VPOS="1277" HPOS="696"/>
							<String ID="string_206" HPOS="733" VPOS="1278" WIDTH="11" HEIGHT="30" WC="0.96" CONTENT="i"/><SP WIDTH="41" VPOS="1278" HPOS="744"/>
							<String ID="string_207" HPOS="785" VPOS="1278" WIDTH="59" HEIGHT="31" WC="0.96" CONTENT="den"/><SP WIDTH="40" VPOS="1278" HPOS="844"/>
							<String ID="string_208" HPOS="884" VPOS="1279" WIDTH="80" HEIGHT="37" WC="0.96" CONTENT="stad,"/><SP WIDTH="42" VPOS="1279" HPOS="964"/>
							<String ID="string_209" HPOS="1006" VPOS="1278" WIDTH="126" HEIGHT="31" WC="0.91" CONTENT="hvarest"/><SP WIDTH="26" VPOS="1278" HPOS="1132"/>
							<String ID="string_210" HPOS="1158" VPOS="1278" WIDTH="128" HEIGHT="40" WC="0.91" CONTENT="afgifter"/><SP WIDTH="26" VPOS="1278" HPOS="1286"/>
							<String ID="string_211" HPOS="1312" VPOS="1278" WIDTH="50" HEIGHT="31" WC="0.93" CONTENT="för"/><SP WIDTH="27" VPOS="1278" HPOS="1362"/>
							<String ID="string_212" HPOS="1389" VPOS="1278" WIDTH="311" HEIGHT="42" WC="0.90" CONTENT="bouppteckningars"/><SP WIDTH="28" VPOS="1278" HPOS="1700"/>
							<String ID="string_213" HPOS="1728" VPOS="1280" WIDTH="60" HEIGHT="32" WC="0.97" CONTENT="och"/>
						</TextLine>
						<TextLine ID="line_21" HPOS="188" VPOS="1326" WIDTH="1600" HEIGHT="43">
							<String ID="string_214" HPOS="188" VPOS="1326" WIDTH="183" HEIGHT="32" WC="0.90" CONTENT="arfskiftens"/><SP WIDTH="39" VPOS="1326" HPOS="371"/>
							<String ID="string_215" HPOS="410" VPOS="1327" WIDTH="197" HEIGHT="32" WC="0.92" CONTENT="förrättande"/><SP WIDTH="40" VPOS="1327" HPOS="607"/>
							<String ID="string_216" HPOS="647" VPOS="1328" WIDTH="68" HEIGHT="31" WC="0.96" CONTENT="icke"/><SP WIDTH="41" VPOS="1328" HPOS="715"/>
							<String ID="string_217" HPOS="756" VPOS="1328" WIDTH="106" HEIGHT="32" WC="0.96" CONTENT="vidare"/><SP WIDTH="41" VPOS="1328" HPOS="862"/>
							<String ID="string_218" HPOS="903" VPOS="1333" WIDTH="88" HEIGHT="36" WC="0.96" CONTENT="tagas"/><SP WIDTH="43" VPOS="1333" HPOS="991"/>
							<String ID="string_219" HPOS="1034" VPOS="1330" WIDTH="9" HEIGHT="29" WC="0.94" CONTENT="i"/><SP WIDTH="40" VPOS="1330" HPOS="1043"/>
							<String ID="string_220" HPOS="1083" VPOS="1329" WIDTH="174" HEIGHT="40" WC="0.94" CONTENT="beräkning"/><SP WIDTH="40" VPOS="1329" HPOS="1257"/>
							<String ID="string_221" HPOS="1297" VPOS="1329" WIDTH="48" HEIGHT="31" WC="0.95" CONTENT="till"/><SP WIDTH="42" VPOS="1329" HPOS="1345"/>
							<String ID="string_222" HPOS="1387" VPOS="1329" WIDTH="201" HEIGHT="32" WC="0.95" CONTENT="bestridande"/><SP WIDTH="39" VPOS="1329" HPOS="1588"/>
							<String ID="string_223" HPOS="1627" VPOS="1331" WIDTH="33" HEIGHT="31" WC="0.96" CONTENT="af"/><SP WIDTH="38" VPOS="1331" HPOS="1660"/>
							<String ID="string_224" HPOS="1698" VPOS="1331" WIDTH="90" HEIGHT="31" WC="0.95" CONTENT="löner"/>
						</TextLine>
						<TextLine ID="line_22" HPOS="190" VPOS="1377" WIDTH="1598" HEIGHT="46">
							<String ID="string_225" HPOS="190" VPOS="1377" WIDTH="76" HEIGHT="31" WC="0.96" CONTENT="eller"/><SP WIDTH="27" VPOS="1377" HPOS="266"/>
							<String ID="string_226" HPOS="293" VPOS="1378" WIDTH="99" HEIGHT="31" WC="0.96" CONTENT="andra"/><SP WIDTH="27" VPOS="1378" HPOS="392"/>
							<String ID="string_227" HPOS="419" VPOS="1379" WIDTH="159" HEIGHT="30" WC="0.96" CONTENT="allmänna"/><SP WIDTH="27" VPOS="1379" HPOS="578"/>
							<String ID="string_228" HPOS="605" VPOS="1379" WIDTH="144" HEIGHT="40" WC="0.93" CONTENT="utgifter;"/><SP WIDTH="41" VPOS="1379" HPOS="749"/>
							<String ID="string_229" HPOS="790" VPOS="1380" WIDTH="120" HEIGHT="38" WC="0.91" CONTENT="egande"/><SP WIDTH="29" VPOS="1380" HPOS="910"/>
							<String ID="string_230" HPOS="939" VPOS="1380" WIDTH="137" HEIGHT="30" WC="0.93" CONTENT="derefter"/><SP WIDTH="26" VPOS="1380" HPOS="1076"/>
							<String ID="string_231" HPOS="1102" VPOS="1380" WIDTH="295" HEIGHT="40" WC="0.89" CONTENT="sterbhusdelegare"/><SP WIDTH="27" VPOS="1380" HPOS="1397"/>
							<String ID="string_232" HPOS="1424" VPOS="1384" WIDTH="48" HEIGHT="28" WC="0.96" CONTENT="att"/><SP WIDTH="26" VPOS="1384" HPOS="1472"/>
							<String ID="string_233" HPOS="1498" VPOS="1381" WIDTH="47" HEIGHT="31" WC="0.96" CONTENT="till"/><SP WIDTH="29" VPOS="1381" HPOS="1545"/>
							<String ID="string_234" HPOS="1574" VPOS="1383" WIDTH="34" HEIGHT="30" WC="0.96" CONTENT="så"/><SP WIDTH="27" VPOS="1383" HPOS="1608"/>
							<String ID="string_235" HPOS="1635" VPOS="1382" WIDTH="48" HEIGHT="30" WC="0.93" CONTENT="väl"/><SP WIDTH="27" VPOS="1382" HPOS="1683"/>
							<String ID="string_236" HPOS="1710" VPOS="1393" WIDTH="78" HEIGHT="30" WC="0.92" CONTENT="upp-"/>
						</TextLine>
						<TextLine ID="line_23" HPOS="189" VPOS="1428" WIDTH="1602" HEIGHT="45">
							<String ID="string_237" HPOS="189" VPOS="1428" WIDTH="151" HEIGHT="40" WC="0.96" CONTENT="teckning"/><SP WIDTH="27" VPOS="1428" HPOS="340"/>
							<String ID="string_238" HPOS="367" VPOS="1429" WIDTH="58" HEIGHT="31" WC="0.96" CONTENT="och"/><SP WIDTH="29" VPOS="1429" HPOS="425"/>
							<String ID="string_239" HPOS="454" VPOS="1430" WIDTH="165" HEIGHT="39" WC="0.96" CONTENT="värdering"/><SP WIDTH="26" VPOS="1430" HPOS="619"/>
							<String ID="string_240" HPOS="645" VPOS="1430" WIDTH="35" HEIGHT="32" WC="0.91" CONTENT="af"/><SP WIDTH="24" VPOS="1430" HPOS="680"/>
							<String ID="string_241" HPOS="704" VPOS="1431" WIDTH="204" HEIGHT="39" WC="0.91" CONTENT="egeudomen,"/><SP WIDTH="29" VPOS="1431" HPOS="908"/>
							<String ID="string_242" HPOS="937" VPOS="1442" WIDTH="65" HEIGHT="20" WC="0.96" CONTENT="som"/><SP WIDTH="29" VPOS="1442" HPOS="1002"/>
							<String ID="string_243" HPOS="1031" VPOS="1431" WIDTH="58" HEIGHT="31" WC="0.95" CONTENT="ock"/><SP WIDTH="27" VPOS="1431" HPOS="1089"/>
							<String ID="string_244" HPOS="1116" VPOS="1431" WIDTH="48" HEIGHT="31" WC="0.91" CONTENT="till"/><SP WIDTH="27" VPOS="1431" HPOS="1164"/>
							<String ID="string_245" HPOS="1191" VPOS="1431" WIDTH="144" HEIGHT="32" WC="0.91" CONTENT="arfskifte"/><SP WIDTH="29" VPOS="1431" HPOS="1335"/>
							<String ID="string_246" HPOS="1364" VPOS="1431" WIDTH="83" HEIGHT="32" WC="0.96" CONTENT="kalla"/><SP WIDTH="32" VPOS="1431" HPOS="1447"/>
							<String ID="string_247" HPOS="1479" VPOS="1432" WIDTH="79" HEIGHT="40" WC="0.96" CONTENT="gode"/><SP WIDTH="16" VPOS="1432" HPOS="1558"/>
							<String ID="string_248" HPOS="1574" VPOS="1436" WIDTH="83" HEIGHT="35" WC="0.96" CONTENT="män,"/><SP WIDTH="17" VPOS="1436" HPOS="1657"/>
							<String ID="string_249" HPOS="1674" VPOS="1434" WIDTH="40" HEIGHT="39" WC="0.96" CONTENT="på"/><SP WIDTH="14" VPOS="1434" HPOS="1714"/>
							<String ID="string_250" HPOS="1728" VPOS="1436" WIDTH="63" HEIGHT="28" WC="0.96" CONTENT="sätt"/>
						</TextLine>
						<TextLine ID="line_24" HPOS="190" VPOS="1479" WIDTH="1166" HEIGHT="44">
							<String ID="string_251" HPOS="190" VPOS="1490" WIDTH="66" HEIGHT="21" WC="0.93" CONTENT="som"/><SP WIDTH="28" VPOS="1490" HPOS="256"/>
							<String ID="string_252" HPOS="284" VPOS="1479" WIDTH="148" HEIGHT="40" WC="0.92" CONTENT="stadgadt"/><SP WIDTH="27" VPOS="1479" HPOS="432"/>
							<String ID="string_253" HPOS="459" VPOS="1484" WIDTH="36" HEIGHT="27" WC="0.96" CONTENT="är"/><SP WIDTH="26" VPOS="1484" HPOS="495"/>
							<String ID="string_254" HPOS="521" VPOS="1492" WIDTH="49" HEIGHT="19" WC="0.96" CONTENT="om"/><SP WIDTH="30" VPOS="1492" HPOS="570"/>
							<String ID="string_255" HPOS="600" VPOS="1481" WIDTH="48" HEIGHT="38" WC="0.96" CONTENT="bo,"/><SP WIDTH="29" VPOS="1481" HPOS="648"/>
							<String ID="string_256" HPOS="677" VPOS="1481" WIDTH="118" HEIGHT="32" WC="0.96" CONTENT="hvilket"/><SP WIDTH="28" VPOS="1481" HPOS="795"/>
							<String ID="string_257" HPOS="823" VPOS="1482" WIDTH="100" HEIGHT="31" WC="0.93" CONTENT="under"/><SP WIDTH="27" VPOS="1482" HPOS="923"/>
							<String ID="string_258" HPOS="950" VPOS="1482" WIDTH="222" HEIGHT="31" WC="0.40" CONTENT="stadsdoistol"/><SP WIDTH="32" VPOS="1482" HPOS="1172"/>
							<String ID="string_259" HPOS="1204" VPOS="1483" WIDTH="26" HEIGHT="40" WC="0.96" CONTENT="ej"/><SP WIDTH="29" VPOS="1483" HPOS="1230"/>
							<String ID="string_260" HPOS="1259" VPOS="1482" WIDTH="97" HEIGHT="38" WC="0.96" CONTENT="lyder."/>
						</TextLine>
					</TextBlock>
				</ComposedBlock>
				<ComposedBlock ID="cblock_4" HPOS="189" VPOS="1633" WIDTH="1601" HEIGHT="604">
					<TextBlock ID="block_5" HPOS="189" VPOS="1633" WIDTH="1601" HEIGHT="604">
						<TextLine ID="line_25" HPOS="340" VPOS="1633" WIDTH="1448" HEIGHT="41">
							<String ID="string_261" HPOS="340" VPOS="1634" WIDTH="121" HEIGHT="30" WC="0.91" CONTENT="Genom"/><SP WIDTH="28" VPOS="1634" HPOS="461"/>
							<String ID="string_262" HPOS="489" VPOS="1633" WIDTH="230" HEIGHT="31" WC="0.43" CONTENT="otvanberörda"/><SP WIDTH="28" VPOS="1633" HPOS="719"/>
							<String ID="string_263" HPOS="747" VPOS="1633" WIDTH="217" HEIGHT="41" WC="0.82" CONTENT="underdåniga"/><SP WIDTH="27" VPOS="1633" HPOS="964"/>
							<String ID="string_264" HPOS="991" VPOS="1634" WIDTH="162" HEIGHT="32" WC="0.96" CONTENT="skrifvelse"/><SP WIDTH="28" VPOS="1634" HPOS="1153"/>
							<String ID="string_265" HPOS="1181" VPOS="1635" WIDTH="92" HEIGHT="30" WC="0.96" CONTENT="hafva"/><SP WIDTH="27" VPOS="1635" HPOS="1273"/>
							<String ID="string_266" HPOS="1300" VPOS="1634" WIDTH="110" HEIGHT="31" WC="0.93" CONTENT="Rikets"/><SP WIDTH="28" VPOS="1634" HPOS="1410"/>
							<String ID="string_267" HPOS="1438" VPOS="1634" WIDTH="136" HEIGHT="32" WC="0.92" CONTENT="Ständer"/><SP WIDTH="28" VPOS="1634" HPOS="1574"/>
							<String ID="string_268" HPOS="1602" VPOS="1635" WIDTH="113" HEIGHT="31" WC="0.93" CONTENT="erkänt"/><SP WIDTH="21" VPOS="1635" HPOS="1715"/>
							<String ID="string_269" HPOS="1736" VPOS="1635" WIDTH="52" HEIGHT="31" WC="0.92" CONTENT="be-"/>
						</TextLine>
						<TextLine ID="line_26" HPOS="189" VPOS="1682" WIDTH="1601" HEIGHT="43">
							<String ID="string_270" HPOS="189" VPOS="1682" WIDTH="106" HEIGHT="32" WC="0.90" CONTENT="hofvet"/><SP WIDTH="40" VPOS="1682" HPOS="295"/>
							<String ID="string_271" HPOS="335" VPOS="1683" WIDTH="34" HEIGHT="30" WC="0.94" CONTENT="af"/><SP WIDTH="34" VPOS="1683" HPOS="369"/>
							<String ID="string_272" HPOS="403" VPOS="1694" WIDTH="37" HEIGHT="20" WC="0.93" CONTENT="en"/><SP WIDTH="34" VPOS="1694" HPOS="440"/>
							<String ID="string_273" HPOS="474" VPOS="1684" WIDTH="237" HEIGHT="39" WC="0.91" CONTENT="lagförändring"/><SP WIDTH="27" VPOS="1684" HPOS="711"/>
							<String ID="string_274" HPOS="738" VPOS="1685" WIDTH="10" HEIGHT="29" WC="0.93" CONTENT="i"/><SP WIDTH="28" VPOS="1685" HPOS="748"/>
							<String ID="string_275" HPOS="776" VPOS="1684" WIDTH="208" HEIGHT="32" WC="0.91" CONTENT="omförmälda"/><SP WIDTH="27" VPOS="1684" HPOS="984"/>
							<String ID="string_276" HPOS="1011" VPOS="1685" WIDTH="148" HEIGHT="40" WC="0.96" CONTENT="syftning,"/><SP WIDTH="31" VPOS="1685" HPOS="1159"/>
							<String ID="string_277" HPOS="1190" VPOS="1685" WIDTH="58" HEIGHT="31" WC="0.96" CONTENT="och"/><SP WIDTH="29" VPOS="1685" HPOS="1248"/>
							<String ID="string_278" HPOS="1277" VPOS="1685" WIDTH="108" HEIGHT="31" WC="0.95" CONTENT="skälen"/><SP WIDTH="29" VPOS="1685" HPOS="1385"/>
							<String ID="string_279" HPOS="1414" VPOS="1686" WIDTH="108" HEIGHT="30" WC="0.96" CONTENT="härför"/><SP WIDTH="27" VPOS="1686" HPOS="1522"/>
							<String ID="string_280" HPOS="1549" VPOS="1689" WIDTH="69" HEIGHT="27" WC="0.96" CONTENT="äro:"/><SP WIDTH="29" VPOS="1689" HPOS="1618"/>
							<String ID="string_281" HPOS="1647" VPOS="1686" WIDTH="67" HEIGHT="31" WC="0.96" CONTENT="dels"/><SP WIDTH="27" VPOS="1686" HPOS="1714"/>
							<String ID="string_282" HPOS="1741" VPOS="1688" WIDTH="49" HEIGHT="29" WC="0.96" CONTENT="att"/>
						</TextLine>
						<TextLine ID="line_27" HPOS="189" VPOS="1733" WIDTH="1599" HEIGHT="44">
							<String ID="string_283" HPOS="189" VPOS="1733" WIDTH="59" HEIGHT="31" WC="0.95" CONTENT="den"/><SP WIDTH="41" VPOS="1733" HPOS="248"/>
							<String ID="string_284" HPOS="289" VPOS="1733" WIDTH="100" HEIGHT="40" WC="0.90" CONTENT="enligt"/><SP WIDTH="40" VPOS="1733" HPOS="389"/>
							<String ID="string_285" HPOS="429" VPOS="1745" WIDTH="40" HEIGHT="19" WC="0.95" CONTENT="nu"/><SP WIDTH="28" VPOS="1745" HPOS="469"/>
							<String ID="string_286" HPOS="497" VPOS="1734" WIDTH="146" HEIGHT="40" WC="0.95" CONTENT="gällande"/><SP WIDTH="28" VPOS="1734" HPOS="643"/>
							<String ID="string_287" HPOS="671" VPOS="1735" WIDTH="50" HEIGHT="39" WC="0.93" CONTENT="lag"/><SP WIDTH="27" VPOS="1735" HPOS="721"/>
							<String ID="string_288" HPOS="748" VPOS="1735" WIDTH="166" HEIGHT="31" WC="0.61" CONTENT="stidernas"/><SP WIDTH="29" VPOS="1735" HPOS="914"/>
							<String ID="string_289" HPOS="943" VPOS="1737" WIDTH="200" HEIGHT="38" WC="0.92" CONTENT="magistrater"/><SP WIDTH="27" VPOS="1737" HPOS="1143"/>
							<String ID="string_290" HPOS="1170" VPOS="1735" WIDTH="131" HEIGHT="40" WC="0.95" CONTENT="tillagda"/><SP WIDTH="27" VPOS="1735" HPOS="1301"/>
							<String ID="string_291" HPOS="1328" VPOS="1736" WIDTH="153" HEIGHT="40" WC="0.96" CONTENT="rättighet"/><SP WIDTH="27" VPOS="1736" HPOS="1481"/>
							<String ID="string_292" HPOS="1508" VPOS="1739" WIDTH="56" HEIGHT="36" WC="0.96" CONTENT="att,"/><SP WIDTH="31" VPOS="1739" HPOS="1564"/>
							<String ID="string_293" HPOS="1595" VPOS="1736" WIDTH="55" HEIGHT="31" WC="0.95" CONTENT="der"/><SP WIDTH="27" VPOS="1736" HPOS="1650"/>
							<String ID="string_294" HPOS="1677" VPOS="1737" WIDTH="26" HEIGHT="40" WC="0.92" CONTENT="ej"/><SP WIDTH="30" VPOS="1737" HPOS="1703"/>
							<String ID="string_295" HPOS="1733" VPOS="1748" WIDTH="55" HEIGHT="20" WC="0.92" CONTENT="an-"/>
						</TextLine>
						<TextLine ID="line_28" HPOS="189" VPOS="1784" WIDTH="1600" HEIGHT="45">
							<String ID="string_296" HPOS="189" VPOS="1784" WIDTH="158" HEIGHT="31" WC="0.91" CONTENT="norlunda"/><SP WIDTH="40" VPOS="1784" HPOS="347"/>
							<String ID="string_297" HPOS="387" VPOS="1796" WIDTH="35" HEIGHT="19" WC="0.49" CONTENT="ar"/><SP WIDTH="40" VPOS="1796" HPOS="422"/>
							<String ID="string_298" HPOS="462" VPOS="1785" WIDTH="159" HEIGHT="39" WC="0.87" CONTENT="stadgadt,"/><SP WIDTH="29" VPOS="1785" HPOS="621"/>
							<String ID="string_299" HPOS="650" VPOS="1786" WIDTH="136" HEIGHT="31" WC="0.92" CONTENT="förrätta"/><SP WIDTH="32" VPOS="1786" HPOS="786"/>
							<String ID="string_300" HPOS="818" VPOS="1786" WIDTH="297" HEIGHT="41" WC="0.82" CONTENT="bouppteckaingar"/><SP WIDTH="27" VPOS="1786" HPOS="1115"/>
							<String ID="string_301" HPOS="1142" VPOS="1787" WIDTH="59" HEIGHT="31" WC="0.93" CONTENT="och"/><SP WIDTH="28" VPOS="1787" HPOS="1201"/>
							<String ID="string_302" HPOS="1229" VPOS="1787" WIDTH="166" HEIGHT="31" WC="0.91" CONTENT="arfskiften"/><SP WIDTH="28" VPOS="1787" HPOS="1395"/>
							<String ID="string_303" HPOS="1423" VPOS="1788" WIDTH="59" HEIGHT="30" WC="0.95" CONTENT="och"/><SP WIDTH="28" VPOS="1788" HPOS="1482"/>
							<String ID="string_304" HPOS="1510" VPOS="1787" WIDTH="107" HEIGHT="31" WC="0.95" CONTENT="derför"/><SP WIDTH="26" VPOS="1787" HPOS="1617"/>
							<String ID="string_305" HPOS="1643" VPOS="1787" WIDTH="146" HEIGHT="42" WC="0.96" CONTENT="uppbära"/>
						</TextLine>
						<TextLine ID="line_29" HPOS="190" VPOS="1834" WIDTH="1598" HEIGHT="43">
							<String ID="string_306" HPOS="190" VPOS="1834" WIDTH="160" HEIGHT="39" WC="0.90" CONTENT="arfvoden,"/><SP WIDTH="30" VPOS="1834" HPOS="350"/>
							<String ID="string_307" HPOS="380" VPOS="1839" WIDTH="35" HEIGHT="27" WC="0.95" CONTENT="är"/><SP WIDTH="28" VPOS="1839" HPOS="415"/>
							<String ID="string_308" HPOS="443" VPOS="1836" WIDTH="47" HEIGHT="31" WC="0.95" CONTENT="till"/><SP WIDTH="28" VPOS="1836" HPOS="490"/>
							<String ID="string_309" HPOS="518" VPOS="1836" WIDTH="110" HEIGHT="40" WC="0.96" CONTENT="sjelfva"/><SP WIDTH="27" VPOS="1836" HPOS="628"/>
							<String ID="string_310" HPOS="655" VPOS="1837" WIDTH="47" HEIGHT="30" WC="0.95" CONTENT="sin"/><SP WIDTH="29" VPOS="1837" HPOS="702"/>
							<String ID="string_311" HPOS="731" VPOS="1837" WIDTH="101" HEIGHT="39" WC="0.93" CONTENT="grund"/><SP WIDTH="29" VPOS="1837" HPOS="832"/>
							<String ID="string_312" HPOS="861" VPOS="1837" WIDTH="119" HEIGHT="40" WC="0.91" CONTENT="obillig,"/><SP WIDTH="43" VPOS="1837" HPOS="980"/>
							<String ID="string_313" HPOS="1023" VPOS="1838" WIDTH="39" HEIGHT="31" WC="0.96" CONTENT="då"/><SP WIDTH="28" VPOS="1838" HPOS="1062"/>
							<String ID="string_314" HPOS="1090" VPOS="1839" WIDTH="80" HEIGHT="30" WC="0.96" CONTENT="vissa"/><SP WIDTH="28" VPOS="1839" HPOS="1170"/>
							<String ID="string_315" HPOS="1198" VPOS="1838" WIDTH="120" HEIGHT="31" WC="0.96" CONTENT="klasser"/><SP WIDTH="27" VPOS="1838" HPOS="1318"/>
							<String ID="string_316" HPOS="1345" VPOS="1841" WIDTH="34" HEIGHT="28" WC="0.95" CONTENT="af"/><SP WIDTH="24" VPOS="1841" HPOS="1379"/>
							<String ID="string_317" HPOS="1403" VPOS="1838" WIDTH="166" HEIGHT="31" WC="0.96" CONTENT="städernas"/><SP WIDTH="27" VPOS="1838" HPOS="1569"/>
							<String ID="string_318" HPOS="1596" VPOS="1839" WIDTH="192" HEIGHT="31" WC="0.96" CONTENT="innevånare"/>
						</TextLine>
						<TextLine ID="line_30" HPOS="190" VPOS="1885" WIDTH="1596" HEIGHT="44">
							<String ID="string_319" HPOS="190" VPOS="1885" WIDTH="180" HEIGHT="40" WC="0.90" CONTENT="derigenom"/><SP WIDTH="41" VPOS="1885" HPOS="370"/>
							<String ID="string_320" HPOS="411" VPOS="1887" WIDTH="122" HEIGHT="40" WC="0.81" CONTENT="pålagts"/><SP WIDTH="41" VPOS="1887" HPOS="533"/>
							<String ID="string_321" HPOS="574" VPOS="1891" WIDTH="45" HEIGHT="27" WC="0.95" CONTENT="ett"/><SP WIDTH="36" VPOS="1891" HPOS="619"/>
							<String ID="string_322" HPOS="655" VPOS="1889" WIDTH="94" HEIGHT="38" WC="0.95" CONTENT="tvång"/><SP WIDTH="42" VPOS="1889" HPOS="749"/>
							<String ID="string_323" HPOS="791" VPOS="1889" WIDTH="59" HEIGHT="30" WC="0.96" CONTENT="och"/><SP WIDTH="40" VPOS="1889" HPOS="850"/>
							<String ID="string_324" HPOS="890" VPOS="1900" WIDTH="39" HEIGHT="19" WC="0.93" CONTENT="en"/><SP WIDTH="41" VPOS="1900" HPOS="929"/>
							<String ID="string_325" HPOS="970" VPOS="1888" WIDTH="211" HEIGHT="41" WC="0.91" CONTENT="beskattuing,"/><SP WIDTH="43" VPOS="1888" HPOS="1181"/>
							<String ID="string_326" HPOS="1224" VPOS="1889" WIDTH="160" HEIGHT="31" WC="0.96" CONTENT="hvarifrån"/><SP WIDTH="40" VPOS="1889" HPOS="1384"/>
							<String ID="string_327" HPOS="1424" VPOS="1889" WIDTH="101" HEIGHT="31" WC="0.96" CONTENT="andra"/><SP WIDTH="27" VPOS="1889" HPOS="1525"/>
							<String ID="string_328" HPOS="1552" VPOS="1889" WIDTH="120" HEIGHT="32" WC="0.96" CONTENT="klasser"/><SP WIDTH="27" VPOS="1889" HPOS="1672"/>
							<String ID="string_329" HPOS="1699" VPOS="1891" WIDTH="87" HEIGHT="30" WC="0.96" CONTENT="inom"/>
						</TextLine>
						<TextLine ID="line_31" HPOS="189" VPOS="1936" WIDTH="1599" HEIGHT="45">
							<String ID="string_330" HPOS="189" VPOS="1936" WIDTH="320" HEIGHT="33" WC="0.90" CONTENT="stadskommunerna"/><SP WIDTH="26" VPOS="1936" HPOS="509"/>
							<String ID="string_331" HPOS="535" VPOS="1938" WIDTH="133" HEIGHT="32" WC="0.96" CONTENT="likasom"/><SP WIDTH="19" VPOS="1938" HPOS="668"/>
							<String ID="string_332" HPOS="687" VPOS="1938" WIDTH="110" HEIGHT="32" WC="0.96" CONTENT="Rikets"/><SP WIDTH="28" VPOS="1938" HPOS="797"/>
							<String ID="string_333" HPOS="825" VPOS="1939" WIDTH="62" HEIGHT="31" WC="0.93" CONTENT="alla"/><SP WIDTH="27" VPOS="1939" HPOS="887"/>
							<String ID="string_334" HPOS="914" VPOS="1940" WIDTH="100" HEIGHT="39" WC="0.92" CONTENT="öfrige"/><SP WIDTH="28" VPOS="1940" HPOS="1014"/>
							<String ID="string_335" HPOS="1042" VPOS="1940" WIDTH="209" HEIGHT="41" WC="0.92" CONTENT="innebyggare"/><SP WIDTH="29" VPOS="1940" HPOS="1251"/>
							<String ID="string_336" HPOS="1280" VPOS="1944" WIDTH="55" HEIGHT="28" WC="0.89" CONTENT="äro"/><SP WIDTH="32" VPOS="1944" HPOS="1335"/>
							<String ID="string_337" HPOS="1367" VPOS="1941" WIDTH="151" HEIGHT="40" WC="0.89" CONTENT="fritagne;"/><SP WIDTH="40" VPOS="1941" HPOS="1518"/>
							<String ID="string_338" HPOS="1558" VPOS="1944" WIDTH="48" HEIGHT="28" WC="0.95" CONTENT="att"/><SP WIDTH="39" VPOS="1944" HPOS="1606"/>
							<String ID="string_339" HPOS="1645" VPOS="1941" WIDTH="143" HEIGHT="40" WC="0.95" CONTENT="grunden"/>
						</TextLine>
						<TextLine ID="line_32" HPOS="189" VPOS="1987" WIDTH="1600" HEIGHT="45">
							<String ID="string_340" HPOS="189" VPOS="1987" WIDTH="48" HEIGHT="31" WC="0.93" CONTENT="för"/><SP WIDTH="27" VPOS="1987" HPOS="237"/>
							<String ID="string_341" HPOS="264" VPOS="1988" WIDTH="460" HEIGHT="42" WC="0.91" CONTENT="bouppteckningsprocenten,"/><SP WIDTH="29" VPOS="1988" HPOS="724"/>
							<String ID="string_342" HPOS="753" VPOS="2001" WIDTH="67" HEIGHT="20" WC="0.96" CONTENT="som"/><SP WIDTH="29" VPOS="2001" HPOS="820"/>
							<String ID="string_343" HPOS="849" VPOS="1990" WIDTH="155" HEIGHT="32" WC="0.96" CONTENT="beräknas"/><SP WIDTH="28" VPOS="1990" HPOS="1004"/>
							<String ID="string_344" HPOS="1032" VPOS="1991" WIDTH="81" HEIGHT="31" WC="0.93" CONTENT="efter"/><SP WIDTH="26" VPOS="1991" HPOS="1113"/>
							<String ID="string_345" HPOS="1139" VPOS="2002" WIDTH="123" HEIGHT="21" WC="0.93" CONTENT="summa"/><SP WIDTH="26" VPOS="2002" HPOS="1262"/>
							<String ID="string_346" HPOS="1288" VPOS="1992" WIDTH="178" HEIGHT="38" WC="0.91" CONTENT="inventarii,"/><SP WIDTH="31" VPOS="1992" HPOS="1466"/>
							<String ID="string_347" HPOS="1497" VPOS="1997" WIDTH="77" HEIGHT="26" WC="0.93" CONTENT="utan"/><SP WIDTH="28" VPOS="1997" HPOS="1574"/>
							<String ID="string_348" HPOS="1602" VPOS="1992" WIDTH="111" HEIGHT="40" WC="0.92" CONTENT="afdrag"/><SP WIDTH="26" VPOS="1992" HPOS="1713"/>
							<String ID="string_349" HPOS="1739" VPOS="1992" WIDTH="50" HEIGHT="31" WC="0.96" CONTENT="för"/>
						</TextLine>
						<TextLine ID="line_33" HPOS="190" VPOS="2038" WIDTH="1598" HEIGHT="44">
							<String ID="string_350" HPOS="190" VPOS="2038" WIDTH="183" HEIGHT="34" WC="0.0" CONTENT="skulderna,"/><SP WIDTH="42" VPOS="2038" HPOS="373"/>
							<String ID="string_351" HPOS="415" VPOS="2040" WIDTH="149" HEIGHT="31" WC="0.95" CONTENT="likaledes"/><SP WIDTH="41" VPOS="2040" HPOS="564"/>
							<String ID="string_352" HPOS="605" VPOS="2045" WIDTH="35" HEIGHT="27" WC="0.82" CONTENT="är"/><SP WIDTH="40" VPOS="2045" HPOS="640"/>
							<String ID="string_353" HPOS="680" VPOS="2040" WIDTH="118" HEIGHT="41" WC="0.63" CONTENT="obilliv,"/><SP WIDTH="35" VPOS="2040" HPOS="798"/>
							<String ID="string_354" HPOS="833" VPOS="2043" WIDTH="36" HEIGHT="29" WC="0.96" CONTENT="så"/><SP WIDTH="33" VPOS="2043" HPOS="869"/>
							<String ID="string_355" HPOS="902" VPOS="2045" WIDTH="46" HEIGHT="27" WC="0.96" CONTENT="att"/><SP WIDTH="27" VPOS="2045" HPOS="948"/>
							<String ID="string_356" HPOS="975" VPOS="2042" WIDTH="53" HEIGHT="30" WC="0.93" CONTENT="det"/><SP WIDTH="28" VPOS="2042" HPOS="1028"/>
							<String ID="string_357" HPOS="1056" VPOS="2042" WIDTH="162" HEIGHT="40" WC="0.92" CONTENT="lätteligen"/><SP WIDTH="29" VPOS="2042" HPOS="1218"/>
							<String ID="string_358" HPOS="1247" VPOS="2042" WIDTH="61" HEIGHT="31" WC="0.95" CONTENT="kan"/><SP WIDTH="28" VPOS="2042" HPOS="1308"/>
							<String ID="string_359" HPOS="1336" VPOS="2042" WIDTH="139" HEIGHT="40" WC="0.95" CONTENT="inträffa,"/><SP WIDTH="30" VPOS="2042" HPOS="1475"/>
							<String ID="string_360" HPOS="1505" VPOS="2046" WIDTH="47" HEIGHT="28" WC="0.96" CONTENT="att"/><SP WIDTH="27" VPOS="2046" HPOS="1552"/>
							<String ID="string_361" HPOS="1579" VPOS="2043" WIDTH="59" HEIGHT="31" WC="0.93" CONTENT="den"/><SP WIDTH="29" VPOS="2043" HPOS="1638"/>
							<String ID="string_362" HPOS="1667" VPOS="2043" WIDTH="121" HEIGHT="31" WC="0.92" CONTENT="behåll-"/>
						</TextLine>
						<TextLine ID="line_34" HPOS="190" VPOS="2090" WIDTH="1596" HEIGHT="45">
							<String ID="string_363" HPOS="190" VPOS="2090" WIDTH="85" HEIGHT="39" WC="0.95" CONTENT="ning,"/><SP WIDTH="30" VPOS="2090" HPOS="275"/>
							<String ID="string_364" HPOS="305" VPOS="2101" WIDTH="66" HEIGHT="20" WC="0.96" CONTENT="som"/><SP WIDTH="43" VPOS="2101" HPOS="371"/>
							<String ID="string_365" HPOS="414" VPOS="2091" WIDTH="89" HEIGHT="41" WC="0.73" CONTENT="eljest"/><SP WIDTH="39" VPOS="2091" HPOS="503"/>
							<String ID="string_366" HPOS="542" VPOS="2091" WIDTH="101" HEIGHT="31" WC="0.96" CONTENT="skulle"/><SP WIDTH="34" VPOS="2091" HPOS="643"/>
							<String ID="string_367" HPOS="677" VPOS="2095" WIDTH="153" HEIGHT="37" WC="0.87" CONTENT="uppstått,"/><SP WIDTH="30" VPOS="2095" HPOS="830"/>
							<String ID="string_368" HPOS="860" VPOS="2092" WIDTH="66" HEIGHT="31" WC="0.96" CONTENT="helt"/><SP WIDTH="27" VPOS="2092" HPOS="926"/>
							<String ID="string_369" HPOS="953" VPOS="2093" WIDTH="58" HEIGHT="31" WC="0.96" CONTENT="och"/><SP WIDTH="30" VPOS="2093" HPOS="1011"/>
							<String ID="string_370" HPOS="1041" VPOS="2094" WIDTH="97" HEIGHT="31" WC="0.92" CONTENT="hället"/><SP WIDTH="27" VPOS="2094" HPOS="1138"/>
							<String ID="string_371" HPOS="1165" VPOS="2095" WIDTH="90" HEIGHT="38" WC="0.96" CONTENT="åtgår"/><SP WIDTH="26" VPOS="2095" HPOS="1255"/>
							<String ID="string_372" HPOS="1281" VPOS="2093" WIDTH="49" HEIGHT="31" WC="0.93" CONTENT="till"/><SP WIDTH="28" VPOS="2093" HPOS="1330"/>
							<String ID="string_373" HPOS="1358" VPOS="2094" WIDTH="428" HEIGHT="41" WC="0.90" CONTENT="bouppteckningsarfvodet,"/>
						</TextLine>
						<TextLine ID="line_35" HPOS="190" VPOS="2141" WIDTH="1599" HEIGHT="44">
							<String ID="string_374" HPOS="190" VPOS="2159" WIDTH="47" HEIGHT="4" WC="0.89" CONTENT="—"/><SP WIDTH="27" VPOS="2159" HPOS="237"/>
							<String ID="string_375" HPOS="264" VPOS="2142" WIDTH="39" HEIGHT="39" WC="0.89" CONTENT="ja,"/><SP WIDTH="17" VPOS="2142" HPOS="303"/>
							<String ID="string_376" HPOS="320" VPOS="2145" WIDTH="48" HEIGHT="27" WC="0.96" CONTENT="att"/><SP WIDTH="14" VPOS="2145" HPOS="368"/>
							<String ID="string_377" HPOS="382" VPOS="2141" WIDTH="75" HEIGHT="32" WC="0.96" CONTENT="boet"/><SP WIDTH="15" VPOS="2141" HPOS="457"/>
							<String ID="string_378" HPOS="472" VPOS="2142" WIDTH="46" HEIGHT="31" WC="0.96" CONTENT="till"/><SP WIDTH="16" VPOS="2142" HPOS="518"/>
							<String ID="string_379" HPOS="534" VPOS="2143" WIDTH="59" HEIGHT="30" WC="0.96" CONTENT="och"/><SP WIDTH="23" VPOS="2143" HPOS="593"/>
							<String ID="string_380" HPOS="616" VPOS="2143" WIDTH="67" HEIGHT="30" WC="0.96" CONTENT="med"/><SP WIDTH="32" VPOS="2143" HPOS="683"/>
							<String ID="string_381" HPOS="715" VPOS="2143" WIDTH="61" HEIGHT="40" WC="0.95" CONTENT="just"/><SP WIDTH="27" VPOS="2143" HPOS="776"/>
							<String ID="string_382" HPOS="803" VPOS="2144" WIDTH="49" HEIGHT="30" WC="0.96" CONTENT="för"/><SP WIDTH="27" VPOS="2144" HPOS="852"/>
							<String ID="string_383" HPOS="879" VPOS="2143" WIDTH="90" HEIGHT="32" WC="0.93" CONTENT="detta"/><SP WIDTH="26" VPOS="2143" HPOS="969"/>
							<String ID="string_384" HPOS="995" VPOS="2144" WIDTH="127" HEIGHT="31" WC="0.91" CONTENT="arfvode"/><SP WIDTH="30" VPOS="2144" HPOS="1122"/>
							<String ID="string_385" HPOS="1152" VPOS="2147" WIDTH="98" HEIGHT="29" WC="0.93" CONTENT="måste"/><SP WIDTH="28" VPOS="2147" HPOS="1250"/>
							<String ID="string_386" HPOS="1278" VPOS="2144" WIDTH="142" HEIGHT="32" WC="0.92" CONTENT="afträdas"/><SP WIDTH="27" VPOS="2144" HPOS="1420"/>
							<String ID="string_387" HPOS="1447" VPOS="2145" WIDTH="49" HEIGHT="31" WC="0.95" CONTENT="till"/><SP WIDTH="27" VPOS="2145" HPOS="1496"/>
							<String ID="string_388" HPOS="1523" VPOS="2145" WIDTH="156" HEIGHT="40" WC="0.95" CONTENT="konkurs;"/><SP WIDTH="28" VPOS="2145" HPOS="1679"/>
							<String ID="string_389" HPOS="1707" VPOS="2149" WIDTH="82" HEIGHT="28" WC="0.96" CONTENT="samt"/>
						</TextLine>
						<TextLine ID="line_36" HPOS="189" VPOS="2192" WIDTH="1601" HEIGHT="45">
							<String ID="string_390" HPOS="189" VPOS="2195" WIDTH="48" HEIGHT="27" WC="0.95" CONTENT="att"/><SP WIDTH="28" VPOS="2195" HPOS="237"/>
							<String ID="string_391" HPOS="265" VPOS="2192" WIDTH="52" HEIGHT="31" WC="0.92" CONTENT="det"/><SP WIDTH="24" VPOS="2192" HPOS="317"/>
							<String ID="string_392" HPOS="341" VPOS="2193" WIDTH="169" HEIGHT="40" WC="0.3" CONTENT="jeronande"/><SP WIDTH="28" VPOS="2193" HPOS="510"/>
							<String ID="string_393" HPOS="538" VPOS="2194" WIDTH="34" HEIGHT="31" WC="0.90" CONTENT="af"/><SP WIDTH="24" VPOS="2194" HPOS="572"/>
							<String ID="string_394" HPOS="596" VPOS="2194" WIDTH="189" HEIGHT="40" WC="0.95" CONTENT="rättigheter"/><SP WIDTH="28" VPOS="2194" HPOS="785"/>
							<String ID="string_395" HPOS="813" VPOS="2195" WIDTH="57" HEIGHT="30" WC="0.96" CONTENT="och"/><SP WIDTH="29" VPOS="2195" HPOS="870"/>
							<String ID="string_396" HPOS="899" VPOS="2194" WIDTH="215" HEIGHT="43" WC="0.96" CONTENT="skyldigheter"/><SP WIDTH="26" VPOS="2194" HPOS="1114"/>
							<String ID="string_397" HPOS="1140" VPOS="2197" WIDTH="7" HEIGHT="29" WC="0.91" CONTENT="i"/><SP WIDTH="31" VPOS="2197" HPOS="1147"/>
							<String ID="string_398" HPOS="1178" VPOS="2196" WIDTH="105" HEIGHT="40" WC="0.96" CONTENT="öfrigt,"/><SP WIDTH="42" VPOS="2196" HPOS="1283"/>
							<String ID="string_399" HPOS="1325" VPOS="2207" WIDTH="65" HEIGHT="21" WC="0.96" CONTENT="som"/><SP WIDTH="30" VPOS="2207" HPOS="1390"/>
							<String ID="string_400" HPOS="1420" VPOS="2196" WIDTH="101" HEIGHT="33" WC="0.93" CONTENT="under"/><SP WIDTH="26" VPOS="2196" HPOS="1521"/>
							<String ID="string_401" HPOS="1547" VPOS="2197" WIDTH="132" HEIGHT="31" WC="0.92" CONTENT="sednare"/><SP WIDTH="28" VPOS="2197" HPOS="1679"/>
							<String ID="string_402" HPOS="1707" VPOS="2196" WIDTH="83" HEIGHT="33" WC="0.96" CONTENT="tider"/>
						</TextLine>
					</TextBlock>
				</ComposedBlock>
			</PrintSpace>
		</Page>
	</Layout>
</alto>
