1870 2784
501 176 254 27 Statsutskottets
779 177 161 27 utlåtande
963 185 40 18 nr
1025 177 16 27 4
1064 177 36 27 år
1122 178 75 27 1959
1556 182 42 30 45

165 254 128 29 Vidare
332 254 62 29 har
432 255 9 28 i
480 254 203 30 förberörda
721 255 92 30 båda
848 256 225 39 likalydande
1111 258 173 29 motioner
1312 259 28 28 I:
1360 257 60 31 198
1448 267 42 21 av
1518 259 80 29 herr

110 306 169 30 Sundelin
301 310 90 27 samt
413 308 44 29 II:
475 308 63 29 254
559 317 42 21 av
621 309 80 29 herr
721 309 101 29 Ståhl
842 318 45 20 m.
907 310 39 39 fl.
968 310 208 34 hemställts,
1199 311 104 30 såvitt
1325 321 48 20 nu
1395 313 38 29 är
1455 312 11 29 i
1488 311 109 39 fråga,

111 362 49 28 att
182 360 229 30 förevarande
433 362 122 39 anslag
576 362 107 30 måtte
706 362 169 40 uppföras
897 363 80 29 med
1002 364 13 29 1
1033 363 139 30 210500
1196 365 140 29 kronor.

164 468 167 39 Anslaget
353 470 38 28 är
413 468 54 30 för
490 469 236 30 innevarande
749 470 169 39 budgetår
942 470 144 40 uppfört
1110 472 79 29 med
1216 473 13 28 1
1247 471 62 30 300
1324 472 62 29 000
1411 473 141 29 kronor.

164 521 395 40 Departementschefen
587 523 130 29 räknar
746 523 54 30 för
829 525 101 28 nästa
957 524 170 39 budgetår
1155 525 80 29 med
1263 528 49 27 ett
1339 526 83 30 ökat
1451 525 145 30 medels-

109 574 110 30 behov
244 584 43 20 av
312 575 114 29 22000
454 576 129 29 kronor
610 576 53 30 för
689 585 69 30 nya
783 577 343 30 laboratorielokaler
1153 587 45 20 m.
1226 588 57 24 m.,
1310 579 40 30 30
1365 579 62 30 000
1455 580 140 32 kronor,

108 637 106 20 varav
237 629 18 28 5
272 628 62 30 000
359 629 130 29 kronor
513 630 139 39 belöper
677 630 44 39 på
747 630 327 40 sjukvårdsposten,
1100 632 53 30 för
1179 632 316 39 nytillkommande
1521 642 74 31 per-

109 682 109 33 sonal,
246 682 38 29 12
299 682 63 29 000
387 683 131 29 kronor
543 683 53 29 för
621 684 233 38 övertagande
880 694 42 19 av
947 685 229 29 telefonväxel
1204 688 91 27 samt
1323 685 115 30 12000
1466 687 129 29 kronor

109 734 53 30 för
183 735 111 30 andra
315 736 286 39 expensutgifter.

163 789 13 28 I
197 789 113 39 övrigt
330 798 101 20 anser
453 789 387 40 departementschefen
862 800 42 20 en
927 792 223 39 uppräkning
1173 801 43 20 av
1256 793 266 39 bränsleposten
1544 802 50 20 er-

109 841 166 40 forderlig
294 843 77 29 med
389 843 139 39 hänsyn
546 844 51 28 till
615 844 268 39 behandlingen.
903 845 65 29 Vid
989 846 164 28 anmälan
1173 855 41 20 av
1234 846 190 30 försvarets
1443 846 151 30 civilför-

108 896 174 38 valtnings
307 897 352 39 omkostnadsanslag
684 898 65 28 har
773 897 386 40 departementschefen
1185 900 193 29 emellertid
1404 900 189 39 föreslagit,

108 950 49 28 att
175 949 163 40 samtliga
355 950 190 30 kostnader
563 950 54 30 för
635 951 419 40 uppvärmningsbränsle
1073 952 54 30 för
1146 952 190 31 försvarets
1355 953 240 40 ämbetsbygg-

107 1002 107 30 nader
234 1002 45 40 på
299 1003 125 29 Gärdet
445 1003 89 29 skall
553 1004 173 29 bestridas
747 1004 80 29 från
847 1005 360 39 civilförvaltningens
1230 1006 362 40 omkostnadsanslag.

107 1055 198 40 Utgifterna
320 1056 54 30 för
389 1056 266 40 ifrågavarande
672 1058 164 29 ändamål
853 1058 111 29 under
981 1058 352 40 flygförvaltningens
1349 1059 245 30 omkostnads-

107 1109 121 39 anslag
244 1109 65 29 har
325 1110 54 29 för
394 1110 236 30 innevarande
645 1111 171 39 budgetår
833 1112 178 39 upptagits
1029 1112 52 30 till
1098 1112 39 30 57
1152 1112 63 30 500
1233 1113 140 35 kronor,
1392 1114 78 29 med
1486 1114 107 30 vilket

105 1163 124 39 belopp
253 1162 228 30 förevarande
504 1164 121 39 anslag
647 1164 134 29 således
804 1165 70 28 kan
897 1165 170 29 minskas.

161 1269 186 36 Utskottet,
373 1279 74 20 som
472 1271 134 28 erinrar
630 1280 56 20 om
710 1271 66 29 vad
803 1280 75 20 som
902 1272 57 29 vid
984 1272 258 40 behandlingen
1266 1274 11 28 i
1302 1273 57 30 det
1384 1273 207 40 föregående

105 1332 41 20 av
175 1323 190 30 försvarets
394 1324 314 39 civilförvaltnings
739 1325 354 40 omkostnadsanslag
1123 1326 136 30 anförts
1290 1328 10 28 i
1330 1328 129 33 ämnet,
1489 1336 102 20 anser

106 1377 50 38 sig
194 1377 86 28 böra
320 1377 147 38 godtaga
508 1377 405 39 departementschefens
954 1379 235 39 beräkningar
1230 1389 42 20 av
1313 1380 278 29 medelsbehovet

105 1430 110 28 under
245 1429 228 30 förevarande
502 1431 131 38 anslag.
673 1431 118 29 Under
820 1432 212 39 hänvisning
1061 1432 113 30 tillika
1203 1433 52 29 till
1284 1434 66 28 vad
1380 1434 171 29 utskottet
1580 1433 11 28 i

105 1483 56 29 det
183 1483 208 39 föregående
414 1483 110 29 under
545 1484 159 39 punkten
726 1484 19 28 4
768 1484 117 30 anfört
907 1485 183 39 avstyrker
1112 1486 172 29 utskottet
1306 1486 56 30 det
1386 1487 204 29 motionsvis

104 1536 124 39 gjorda
252 1536 181 39 yrkandet.

158 1590 178 29 Utskottet
360 1590 213 33 hemställer,

424 1646 51 27 att
506 1644 187 39 riksdagen
725 1644 67 34 må,
824 1645 78 29 med
934 1645 98 29 bifall
1064 1646 51 29 till
1148 1646 125 39 Kungl.
1305 1646 123 39 Maj:ts
1461 1646 129 39 förslag

371 1699 90 27 samt
479 1698 77 28 med
573 1698 117 39 avslag
707 1698 19 29 å
743 1699 220 28 motionerna
981 1699 28 29 I:
1026 1698 60 30 198
1103 1700 64 28 och
1185 1700 45 29 II:
1248 1699 73 34 254,
1339 1699 103 31 såvitt
1460 1710 47 19 nu
1525 1702 38 28 är
1579 1701 11 28 i

370 1750 109 39 fråga,
515 1751 51 29 till
601 1751 365 39 Flygförvaltningen:
1004 1751 259 31 Omkostnader
1299 1753 53 30 för
1386 1753 204 39 budgetåret

372 1803 142 35 1959,60
535 1804 121 29 anvisa
676 1807 48 27 ett
746 1804 274 40 förslagsanslag
1041 1815 42 20 av
1105 1805 92 30 1345
1213 1806 63 29 000
1298 1807 140 29 kronor.

369 1962 295 27 FÖRSVARETS
699 1962 625 30 FÖRVALTNINGSDIREKTION

156 2068 98 33 28:0)
285 2070 199 30 Försvarets
525 2070 432 40 förvaltningsdirektion:
1000 2072 226 39 Avlöningar.
1269 2072 12 28 I
1322 2072 152 39 enlighet
1515 2072 76 29 med

102 2122 123 39 Kungl.
248 2122 123 39 Maj:ts
392 2122 131 39 förslag
549 2123 129 38 (punkt
700 2123 52 33 27,
775 2133 25 19 s.
825 2123 60 29 144
907 2124 64 28 och
996 2124 93 33 145),
1111 2125 237 29 innebärande
1370 2135 42 19 en
1434 2126 154 38 anslags-

102 2175 147 38 höjning
274 2185 42 19 av
340 2175 95 29 4000
462 2176 140 33 kronor,
627 2176 170 29 avseende
823 2177 269 38 kompensation
1119 2177 53 29 för
1198 2178 108 38 höjda
1333 2178 255 39 folkpensions-

102 2228 147 38 avgifter
275 2228 64 29 och
366 2228 188 29 kostnader
582 2228 53 29 för
663 2229 461 39 löneklassuppflyttningar
1151 2239 44 19 m.
1224 2240 56 23 m.,
1308 2231 200 28 hemställer
1537 2233 51 27 ut-

101 2280 139 33 skottet,

421 2336 50 27 att
497 2334 186 38 riksdagen
709 2333 58 30 må

421 2387 36 32 a)
495 2387 173 29 fastställa
700 2387 157 39 följande
889 2388 253 38 avlöningsstat
1163 2389 54 28 för
1238 2389 189 29 försvarets
1448 2389 141 30 förvalt-

365 2440 289 38 ningsdirektion,
674 2442 51 27 att
744 2440 176 39 tillämpas
940 2440 71 30 tills
1030 2440 116 30 vidare
1166 2441 79 29 från
1264 2442 65 28 och
1348 2442 77 29 med
1445 2442 141 39 budget-

366 2492 72 30 året
458 2493 156 31 1959/60:
