1866 2784
517 166 253 27 Statsutskottets
794 166 161 27 utlåtande
978 174 40 18 nr
1041 166 16 27 4
1079 166 36 27 år
1137 166 75 27 1959
1600 171 13 28 1

814 426 124 40 Nr
902 422 39 55 4

554 539 183 30 Utlåtande
763 539 10 29 i
795 539 190 40 anledning
1008 549 43 20 av
1074 540 125 39 Kungl.
1223 540 125 40 Maj:ts
1373 541 11 28 i
1407 539 207 30 statsverks-

638 601 264 40 propositionen
948 602 125 39 gjorda
1117 602 304 40 framställningar
1466 602 147 30 rörande

640 663 170 39 egentliga
852 664 236 39 statsutgifter
1128 664 55 40 för
1225 664 203 39 budgetåret
1471 664 142 35 1959/60

641 726 112 29 under
793 725 145 40 fjärde
982 726 232 37 huvudtiteln,
1246 726 169 30 avseende
1446 726 166 39 anslagen

639 788 93 29 inom
768 788 453 40 försvarsdepartementets
1259 789 354 30 verksamhetsområ-

637 851 51 35 de,
711 851 110 39 jämte
845 851 11 29 i
877 852 119 29 ämnet
1020 851 122 30 väckta
1166 852 182 29 motioner.

1355 905 76 30 (1:a
1456 905 93 34 avd.)

176 1018 74 34 1:0)
280 1020 199 39 Inledning.
514 1019 393 39 Departementschefen
940 1020 65 29 har
1036 1020 10 29 i
1079 1020 263 39 propositionen
1374 1030 41 20 nr
1450 1021 13 29 1
1500 1021 110 29 under

121 1072 115 39 fjärde
259 1072 224 30 huvudtiteln
512 1073 130 39 (punkt
668 1074 28 32 1,
721 1082 26 20 s.
776 1073 104 29 1--16
905 1083 42 20 av
970 1074 109 39 bilagt
1103 1074 125 40 utdrag
1253 1084 43 19 av
1321 1074 287 40 statsrådsproto-

119 1125 106 30 kollet
249 1127 82 28 över
354 1126 310 29 försvarsärenden
689 1126 55 29 för
769 1127 67 29 den
860 1127 19 29 3
902 1127 143 39 januari
1071 1126 99 35 1959)
1199 1127 178 39 redogjort
1402 1127 55 30 för
1480 1127 127 40 frågor,

121 1188 74 20 som
219 1180 119 29 tillhör
361 1180 217 39 regleringen
601 1180 53 30 för
677 1180 206 38 budgetåret
909 1180 141 36 1959/60
1076 1191 42 19 av
1141 1182 192 39 utgifterna
1359 1181 109 31 under
1493 1181 114 40 fjärde

121 1233 233 29 huvudtiteln.

175 1340 186 29 Utskottet.
393 1340 394 39 Departementschefen
808 1341 64 29 har
893 1341 111 29 under
1025 1341 229 30 förevarande
1275 1342 113 39 punkt
1409 1342 133 30 lämnat
1564 1351 42 21 en

119 1393 130 29 allmän
269 1393 212 39 orientering
502 1394 148 29 rörande
670 1394 127 38 Kungl.
819 1394 123 39 Maj:ts
964 1394 131 39 förslag
1116 1395 110 29 under
1248 1395 114 38 fjärde
1384 1395 222 29 huvudtiteln

119 1448 72 27 mot
207 1446 231 39 bakgrunden
457 1447 143 29 särskilt
617 1456 42 20 av
676 1447 41 29 de
736 1456 43 20 av
797 1446 208 39 föregående
1024 1447 56 30 års
1099 1447 142 39 riksdag
1261 1448 198 29 fastställda
1479 1448 127 39 grund-

118 1499 168 39 läggande
313 1499 226 39 riktlinjerna
564 1499 148 30 rörande
740 1500 321 29 försvarsmaktens
1088 1501 164 29 fortsatta
1280 1501 228 39 utformning.
1549 1501 57 30 Så-

118 1562 75 20 som
223 1562 42 20 av
296 1553 114 29 denna
440 1553 316 39 inledningspunkt
787 1553 155 39 framgår
973 1554 64 29 har
1068 1553 387 40 departementschefen
1487 1555 117 29 funnit

117 1606 180 39 angeläget
324 1608 50 27 att
400 1607 10 28 i
437 1607 185 39 görligaste
648 1606 83 30 mån
758 1607 65 29 och
851 1609 85 27 utan
963 1607 216 30 tidsutdräkt
1208 1608 86 29 söka
1321 1607 154 40 fullfölja
1504 1608 100 29 dessa

117 1660 188 39 riktlinjer.
341 1660 117 29 Under
482 1660 193 39 respektive
701 1660 153 39 punkter
879 1661 10 28 i
914 1660 224 29 huvudtiteln
1162 1660 178 30 redovisas
1366 1661 41 30 de
1433 1662 171 29 konkreta

117 1712 141 40 förslag,
281 1722 74 20 som
378 1713 125 39 Kungl.
526 1713 104 39 Maj:t
650 1714 11 28 i
683 1714 205 39 anslutning
910 1714 119 29 härtill
1052 1713 175 39 framlagt.
1261 1714 227 30 Beträffande
1511 1714 93 30 vissa

116 1775 41 20 av
180 1766 102 30 dessa
305 1766 130 39 förslag
458 1767 45 28 ha
528 1766 207 30 framställts
761 1767 205 29 motionsvis
991 1767 123 39 gjorda
1137 1767 194 39 yrkanden.
1357 1768 130 29 Härvid
1512 1768 57 30 må
1593 1768 10 28 i

116 1820 94 28 detta
237 1820 256 38 sammanhang
520 1819 123 30 endast
669 1820 135 29 erinras
831 1829 57 20 om
915 1820 220 30 motionerna
1163 1821 28 28 1:
1211 1820 61 29 199
1300 1821 64 29 och
1393 1820 43 30 [I:
1454 1821 61 30 255
1545 1829 59 20 an-

116 1872 130 39 gående
268 1873 121 38 anslag
410 1873 52 29 till
484 1873 170 33 marinen,
675 1873 221 29 motionerna
918 1873 28 28 I:
966 1872 59 30 107
1050 1874 64 28 och
1137 1873 44 29 II:
1199 1872 61 30 149
1285 1876 89 27 samt
1398 1874 44 29 I1:
1458 1874 62 29 256
1544 1884 59 19 an-

115 1925 130 39 gående
272 1925 122 40 anslag
421 1926 52 29 till
501 1926 202 29 Försvarets
732 1925 352 39 forskningsanstalt:
1113 1926 79 30 Viss
1221 1926 382 39 forskningsverksam-

115 1979 57 29 het
193 1980 166 28 ävensom
380 1979 218 29 motionerna
621 1980 27 28 I:
668 1979 60 29 195
751 1980 64 28 och
839 1979 43 29 II:
899 1979 62 30 253
984 1979 178 39 angående
1184 1980 268 39 förhandlingar
1474 1981 128 29 mellan

115 2034 280 37 representanter
418 2032 54 30 för
495 2032 41 30 de
560 2033 263 29 demokratiska
846 2032 178 40 partierna
1047 2033 10 28 i
1082 2032 89 40 syfte
1196 2035 50 28 att
1270 2033 125 30 bevara
1417 2034 184 38 enigheten

115 2086 8 27 i
145 2085 40 29 de
207 2086 154 29 aktuella
383 2085 332 39 försvarsfrågorna.

169 2139 177 29 Utskottet
364 2140 159 28 kommer
543 2139 109 29 under
669 2138 240 39 vederbörliga
927 2139 153 38 punkter
1098 2139 11 29 i
1127 2139 57 29 det
1203 2139 157 39 följande
1380 2140 82 29 eller
1481 2149 120 21 senare

114 2192 109 29 under
248 2192 188 38 riksdagen
462 2193 51 28 att
537 2192 173 30 behandla
735 2192 125 38 Kungl.
888 2191 124 39 Maj:ts
1039 2192 129 39 förslag
1194 2194 91 27 samt
1311 2193 41 29 de
1377 2193 10 29 i
1414 2193 187 39 anledning

113 2245 106 29 därav
242 2245 126 29 väckta
391 2246 228 32 motionerna,
643 2245 107 29 vilket
775 2245 170 29 utskottet
968 2245 145 29 härmed
1136 2245 91 29 velat
1252 2245 54 29 för
1329 2246 186 39 riksdagen

782 2298 149 29 anmäla.

167 2430 76 32 2:0)
272 2431 79 30 Viss
367 2431 330 39 beredskapsfråga.
731 2431 11 28 I
762 2430 151 39 enlighet
932 2431 79 29 med
1030 2431 124 39 Kungl.
1173 2431 125 39 Maj:ts
1318 2431 128 40 förslag
1469 2433 129 38 (punkt

115 2484 25 33 1,
168 2493 24 20 s.
222 2484 38 29 16
287 2484 65 29 och
380 2484 70 33 17),
477 2484 107 29 vilket
609 2484 10 29 i
644 2483 220 30 förhållande
892 2484 49 29 till
969 2485 246 29 motsvarande
1240 2485 278 39 bemyndigande
1545 2486 54 30 för

113 2549 100 23 1—379
228 2552 31 20 59
295 2551 119 34 Bihanq
439 2551 46 27 till
509 2551 173 34 riksdagens
708 2552 146 34 protokoll
881 2553 85 26 1959.
995 2553 16 25 6
1036 2553 85 26 saml.
1150 2553 46 26 Nr
1223 2554 16 24 4
