1862 2782
257 188 42 30 80
650 180 253 28 Statsutskottets
927 177 162 28 utlåtande
1111 184 40 19 nr
1172 176 17 27 4
1212 176 37 27 år
1272 174 74 27 1959

314 265 12 28 I
349 263 152 39 enlighet
536 262 78 29 med
648 261 57 29 det
741 269 48 20 nu
812 258 149 31 anförda
995 256 172 30 beräknas
1191 255 157 38 anslaget
1372 253 55 29 för
1451 253 102 29 nästa
1576 249 170 40 budgetår

259 318 51 29 till
335 316 92 30 1900
442 316 63 29 000
530 316 139 29 kronor.

315 423 184 29 Utskottet.
530 421 116 30 Under
664 420 143 29 erinran
825 427 56 20 om
898 417 68 29 vad
986 425 74 20 som
1078 415 56 29 vid
1153 413 259 38 behandlingen
1431 412 11 29 i
1461 412 58 28 det
1539 409 209 40 föregående

259 486 41 21 av
320 476 138 30 arméns
479 473 246 31 motsvarande
747 472 120 38 anslag
888 470 137 30 anförts
1045 470 11 28 i
1077 469 117 29 ämnet
1215 466 192 39 tillstyrker
1428 465 172 29 utskottet
1621 462 126 39 Kungl.

260 530 122 38 Maj:ts
405 528 132 38 förslag
560 527 109 29 under
693 524 229 31 förevarande
945 522 115 40 punkt
1082 522 64 29 och
1168 519 203 30 hemställer
1395 517 114 34 alltså,

580 582 50 27 att
652 579 189 38 riksdagen
863 577 58 29 må
943 576 53 29 till
1018 575 231 39 Flygvapnet:
1273 571 214 39 Avlöningar
1513 570 50 29 till
1586 569 164 40 personal

527 633 11 29 i
553 633 221 39 flygvapnets
792 639 114 21 reserv
925 630 54 29 för
997 628 203 39 budgetåret
1220 625 140 32 1959/60
1379 625 122 30 anvisa
1518 625 49 28 ett
1585 622 165 39 förslags-

526 686 120 38 anslag
671 695 43 19 av
741 684 93 29 1900
849 683 62 29 000
937 683 140 28 kronor.

317 793 96 34 95:0)
444 794 229 39 Flygvapnet:
704 788 456 42 Rekryteringskostnader.
1192 787 229 39 Flygvapnet:
1453 785 217 38 Avlöningar
1700 783 54 30 till

263 851 67 28 viss
353 846 318 42 arbetarpersonal.
696 844 13 29 I
734 843 151 39 enlighet
908 841 81 30 med
1012 840 124 39 Kungl.
1161 839 125 39 Maj:ts
1311 838 130 38 förslag
1470 837 218 39 (punkterna
1711 835 42 29 98

262 903 64 29 och
348 902 52 33 99,
424 911 25 19 s.
475 899 206 33 221—9223),
704 896 239 31 innebärande
978 894 234 31 oförändrade
1248 891 371 37 medelsanvisningar,
1655 889 96 28 hem-

263 955 117 30 ställer
405 954 183 32 utskottet,

585 1007 49 27 att
656 1004 188 38 riksdagen
865 1002 57 29 må
945 1002 54 28 för
1021 999 204 39 budgetåret
1250 997 139 31 1959/60
1413 996 123 30 anvisa

584 1059 35 32 a)
649 1058 52 29 till
743 1057 230 38 Flygvapnet:
1013 1050 442 42 Rekryteringskostnader
1496 1051 49 28 ett
1587 1048 165 38 förslags-

530 1112 120 38 anslag
673 1120 43 20 av
742 1109 60 30 160
817 1109 61 29 000
902 1109 145 33 kronor;

585 1164 37 33 b)
648 1164 51 29 till
721 1163 230 39 Flygvapnet:
975 1159 212 38 Avlöningar
1211 1158 52 29 till
1286 1157 67 30 viss
1376 1155 305 40 arbetarpersonal
1703 1156 49 27 ett

532 1217 273 39 förslagsanslag
830 1225 41 20 av
895 1214 63 30 240
974 1214 62 29 000
1061 1214 140 28 kronor.

536 1376 296 28 AVLÖNINGAR
856 1375 110 26 M.M.
1000 1374 102 26 TILL
1134 1371 352 28 VÄRNPLIKTIGA

323 1486 96 32 96:0)
449 1486 229 39 Flygvapnet:
701 1484 216 38 Avlöningar
937 1493 48 19 m.
1002 1493 47 18 m.
1071 1481 52 30 till
1144 1479 248 40 värnpliktiga.
1416 1476 127 39 Kungl.
1565 1475 106 39 Maj:t
1693 1475 64 28 har

268 1540 178 38 föreslagit
484 1538 187 38 riksdagen
704 1537 131 39 (punkt
863 1535 71 33 100,
963 1544 26 20 s.
1017 1534 61 30 223
1105 1534 64 28 och
1196 1532 81 34 224)
1310 1533 49 28 att
1396 1531 52 29 till
1486 1524 270 48 ifrågavarande

267 1593 162 30 ändamål
469 1592 55 30 för
562 1591 205 37 budgetåret
797 1588 138 31 1959/60
964 1588 121 30 anvisa
1123 1588 47 28 ett
1209 1584 274 39 förslagsanslag
1512 1592 41 20 av
1581 1581 96 30 9100
1692 1581 63 29 000

268 1647 138 28 kronor.

324 1752 164 38 Anslaget
509 1752 38 29 är
569 1750 53 29 för
641 1748 237 31 innevarande
899 1747 170 39 budgetår
1090 1745 144 40 uppfört
1255 1744 78 29 med
1355 1744 18 29 8
1388 1743 62 29 400
1466 1742 63 30 009
1551 1743 141 28 kronor.

323 1802 393 42 Departementschefen
744 1802 172 29 beräknar
944 1799 279 30 medelsbehovet
1251 1797 110 30 under
1388 1796 158 38 anslaget
1574 1795 54 29 för
1655 1796 102 28 nästa

269 1858 167 39 budgetår
470 1857 58 29 vid
563 1855 235 31 oförändrade
831 1852 378 41 värnpliktsförmåner
1244 1851 53 29 till
1322 1849 94 30 8400
1432 1849 63 29 000
1520 1849 130 28 kronor
1674 1848 83 29 eller

270 1920 133 21 samma
441 1910 125 39 belopp
606 1918 74 20 som
719 1908 154 29 anvisats
901 1907 55 29 för
983 1905 236 30 innevarande
1246 1903 178 39 budgetår.
1454 1902 130 29 Därvid
1612 1901 145 29 beaktas

267 1981 43 3 —
339 1964 155 28 förutom
526 1961 383 39 anslagsbelastningen
940 1960 112 28 under
1084 1958 225 29 sistförflutet
1340 1955 169 40 budgetår
1540 1956 91 28 samt
1662 1954 96 29 förut

270 2017 148 39 angivna
435 2015 248 38 förändringar
700 2015 10 28 i
730 2014 97 39 fråga
845 2022 56 20 om
920 2013 132 29 antalet
1069 2010 362 40 tjänstgöringsdagar
1449 2009 55 29 för
1521 2007 237 39 värnpliktiga

271 2080 44 19 m.
330 2079 44 19 m.
389 2087 45 3 —
448 2069 80 29 från
546 2068 195 39 flygstaben
760 2067 109 29 under
885 2066 95 29 hand
996 2064 202 30 inhämtade
1215 2062 177 40 uppgifter
1409 2071 57 20 om
1485 2061 57 29 det
1559 2059 200 31 beräknade

271 2123 129 29 antalet
433 2120 366 41 tjänstgöringsdagar
833 2119 53 29 för
919 2119 106 29 lottor
1059 2118 109 29 under
1202 2115 204 40 budgetåret
1431 2113 153 31 1959/60.
1607 2113 152 30 Omfatt-

272 2176 126 37 ningen
417 2184 42 20 av
479 2174 281 39 tjänstgöringen
780 2173 53 29 för
851 2172 97 39 dylik
966 2171 161 40 personal
1147 2170 79 29 med
1247 2169 161 38 avlöning
1428 2168 81 29 från
1530 2166 229 31 förevarande

273 2229 118 38 anslag
412 2228 174 29 beräknas
609 2227 48 29 till
680 2227 98 28 cirka
801 2226 39 29 76
854 2225 61 29 000
938 2225 108 38 dagar
1067 2226 71 27 mot
1157 2222 200 31 beräknade
1379 2221 40 30 30
1434 2221 63 30 000
1519 2221 107 38 dagar
1648 2219 112 30 under

269 2281 237 29 innevarande
526 2279 168 39 budgetår
722 2279 66 38 (jfr
809 2287 96 30 prop.
929 2277 99 29 1958:
1048 2277 69 33 110,
1141 2286 24 19 s.
1189 2276 96 33 473).
1307 2293 43 3 —
1370 2275 117 29 Under
1510 2274 139 29 arméns
1672 2275 88 27 mot-

273 2334 168 30 svarande
468 2333 122 38 anslag
616 2333 64 28 har
706 2332 198 38 föreslagits
931 2340 43 20 en
1000 2330 147 39 höjning
1174 2339 43 19 av
1244 2329 41 29 de
1310 2328 254 38 värnpliktigas
1592 2326 169 40 penning-

274 2387 118 38 bidrag
427 2386 80 29 med
541 2386 95 29 cirka
663 2385 38 29 10
721 2385 48 33 Z.
794 2384 242 29 Kostnaderna
1071 2382 120 30 härför
1226 2381 98 30 torde
1360 2381 54 29 för
1449 2380 220 39 flygvapnets
1706 2379 53 29 del

274 2440 119 29 kunna
414 2439 175 29 beräknas
612 2438 50 29 till
685 2438 98 29 cirka
808 2437 60 29 700
883 2436 62 29 000
969 2437 140 28 kronor.
1131 2453 43 3 -—
1196 2435 65 29 Det
1285 2433 264 38 sammanlagda
1572 2432 190 29 medelsbe-

274 2493 100 29 hovet
397 2492 112 29 under
532 2491 229 30 förevarande
785 2490 119 38 anslag
928 2489 173 29 beräknas
1124 2488 134 29 således
1282 2488 51 29 till
1357 2487 18 29 9
1392 2486 60 30 100
1468 2486 63 29 000
1555 2486 140 29 kronor.
