1880 2832
601 139 227 29 Statsutskottets
851 138 147 28 utlåtande
1021 137 49 28 Nr
1098 138 63 28 196.
1617 131 19 30 3

797 399 59 40 Nr
889 399 87 41 196.

546 513 126 28 Ankom
696 512 48 28 till
768 512 188 36 riksdagens
981 510 105 28 kansli
1110 510 61 27 den
1197 510 14 27 1
1236 509 72 37 juni
1335 508 78 28 1937
1438 508 40 27 kl.
1506 507 12 27 1
1545 516 25 19 e.
1595 515 40 19 m.

453 606 193 36 Utlåtande
672 605 14 36 i
713 604 196 48 anledning
937 616 45 23 av
1010 602 134 49 Kungl.
1174 602 128 48 Maj:ts
1322 600 227 49 proposition
1574 612 64 23 an-

546 666 136 49 gående
710 664 236 37 anordnande
975 677 44 22 av
1040 662 247 49 provisoriska
1311 660 328 49 sekundärsjukhus

548 728 94 35 inom
671 727 67 35 den
765 725 147 49 statliga
940 723 348 49 sinnessjukvärden.

1419 789 59 41 (3:e
1501 787 86 41 avd.)

187 890 18 30 I
222 899 41 22 en
280 890 66 32 den
363 891 16 30 7
398 889 64 42 maj
483 889 77 31 1937
578 888 210 42 dagtecknad
805 886 226 43 proposition,
1048 897 40 19 nr
1104 886 70 37 314,
1191 885 62 31 har
1267 884 127 41 Kungl.
1412 882 100 42 Maj:t
1528 881 107 32 under

134 941 215 42 åberopande
376 952 41 20 av
442 940 107 42 bilagt
576 940 122 40 utdrag
723 950 40 20 av
791 936 377 43 statsrådsprotokollet
1195 937 80 30 över
1301 934 255 32 socialärenden
1583 933 52 31 för

134 1003 128 21 samma
284 992 75 42 dag,
384 991 176 42 föreslagit
584 990 181 41 riksdagen
789 991 49 29 att

186 1043 75 31 dels
287 1042 156 42 medgiva
468 1044 49 29 att
543 1042 53 30 för
622 1039 250 43 uppehållande
899 1038 107 32 under
1031 1038 203 41 budgetåret
1262 1036 175 42 1937/1938
1463 1047 39 20 av
1528 1034 107 43 provi-

135 1093 132 33 soriska
288 1092 315 42 sekundärsjukhus
624 1092 11 30 i
656 1091 213 41 anknytning
889 1090 54 31 till
965 1089 58 31 det
1043 1089 83 31 eller
1148 1088 41 32 de
1211 1089 130 30 statens
1363 1085 271 42 sinnessjukhus,

136 1156 72 20 som
226 1144 128 42 Kungl.
375 1143 100 42 Maj:t
493 1143 213 37 bestämmer,
727 1143 53 29 må
800 1141 202 41 disponeras
1022 1140 53 31 för
1094 1139 105 42 sagda
1218 1138 167 42 budgetår
1404 1137 160 32 anvisade
1584 1148 52 20 an-

135 1195 73 42 slag
228 1195 54 31 till
304 1197 130 29 statens
456 1193 274 41 sinnessjukhus:
754 1192 198 40 avlöningar
974 1190 62 31 och
1058 1189 250 38 omkostnader,

187 1246 75 31 dels
298 1246 61 31 ock
393 1245 54 31 till
482 1244 195 41 utrustning
712 1243 72 37 och,
809 1243 12 30 i
845 1241 277 33 förekommande
1147 1241 69 37 fall,
1242 1240 182 41 inredning
1447 1251 41 20 av
1511 1239 126 31 sådana

136 1295 316 42 sekundärsjukhus
482 1295 53 31 för
562 1294 202 42 budgetåret
795 1293 174 42 1937/1938
998 1292 116 31 anvisa
1145 1293 48 30 ett
1222 1290 347 42 reservationsanslag
1597 1300 40 20 av

138 1348 133 38 100,000
289 1347 134 32 kronor.

190 1450 132 31 Genom
345 1461 42 20 en
408 1449 230 41 nyssnämnda
660 1448 65 41 dag
747 1448 134 30 avlåten
903 1446 226 42 proposition,
1152 1457 39 20 nr
1213 1446 71 36 310,
1307 1445 61 31 har
1389 1445 125 41 Kungl.
1539 1444 100 41 Maj:t

138 1501 157 41 framlagt
314 1500 128 41 förslag
459 1499 53 31 till
530 1499 55 41 lag
602 1510 54 20 om
674 1498 174 41 förvaring
866 1498 63 31 och
946 1497 212 40 internering
1175 1497 11 30 i
1204 1495 304 32 säkerhetsanstalt
1525 1506 41 20 m.
1585 1506 52 25 m.,

137 1551 245 38 innefattande,
407 1550 103 31 bland
536 1551 110 35 annat,
672 1549 129 40 förslag
825 1548 54 31 till
903 1547 175 42 jämkning
1102 1558 40 20 av
1167 1546 157 42 gällande
1347 1546 257 31 bestämmelser
1627 1546 11 30 i

137 1600 298 42 sinnessjuklagen
461 1600 65 31 den
552 1600 38 31 19
616 1598 193 41 september
835 1599 80 31 1929
945 1598 53 41 (nr
1022 1598 73 40 321)
1126 1597 144 31 rörande
1295 1595 343 32 straffriförklarades

136 1652 218 42 behandling.
394 1651 220 32 Sistnämnda
640 1650 129 41 förslag
794 1650 129 41 åsyftar
949 1651 49 29 att
1024 1659 121 31 genom
1171 1648 251 41 uppmjukning
1446 1659 40 20 av
1512 1647 127 31 sinnes-

137 1703 198 42 sjuklagens
359 1702 213 32 föreskrifter
595 1701 194 31 underlätta
812 1701 53 30 för
889 1699 325 32 straffriförklarade
1239 1700 50 30 att
1311 1699 11 30 i
1347 1700 108 30 större
1479 1697 160 32 utsträck-

138 1754 82 41 ning
240 1756 42 29 än
302 1753 126 32 hittills
448 1753 133 30 komma
601 1752 11 30 i
633 1751 201 41 åtnjutande
855 1763 40 19 av
915 1750 83 31 vård
1018 1752 19 29 å
1057 1752 130 29 statens
1209 1749 264 41 sinnessjukhus
1493 1749 11 30 i
1525 1748 114 31 stället

138 1805 53 30 för
213 1806 49 29 att
284 1804 191 31 kvarhållas
499 1805 19 29 å
540 1803 226 42 fångvårdens
790 1801 429 42 sinnessjukavdelningar.

190 1855 55 31 Nu
269 1854 233 42 föreliggande
525 1853 225 42 proposition,
774 1864 40 19 nr
836 1853 71 36 314,
931 1863 73 20 som
1027 1852 149 41 grundar
1198 1851 53 41 sig
1274 1853 18 29 å
1315 1853 49 29 ett
1387 1862 40 19 av
1450 1849 189 32 medicinal-

138 1905 170 41 styrelsen
326 1905 12 30 i
357 1906 112 29 ämnet
490 1904 153 40 framlagt
662 1903 137 41 förslag,
819 1914 97 20 avser
934 1904 50 29 att
1002 1902 125 31 bereda
1146 1902 107 30 ökade
1272 1901 217 41 möjligheter
1506 1901 53 30 för
1577 1903 62 29 sta-

138 1958 75 29 tens
239 1954 263 42 sinnessjukhus
527 1956 49 29 att
600 1954 53 30 för
677 1953 82 31 vård
784 1955 150 39 mottaga
958 1952 98 41 sjuka
1080 1963 41 19 av
1145 1951 257 42 ifrågavarande
1426 1951 160 41 kategori.
1623 1951 17 30 I

139 2005 122 32 sådant
278 2006 90 40 syfte
387 2005 143 31 föreslås
548 2004 192 31 inrättande
758 2015 40 19 av
817 2005 48 29 ett
882 2003 92 31 antal
991 2001 234 42 provisoriska
1239 2000 222 42 vårdplatser,
1480 2000 53 31 till
1550 2000 90 30 vilka

138 2068 45 19 nu
209 2058 19 29 å
253 2058 131 29 statens
409 2054 263 41 sinnessjukhus
698 2054 146 31 vårdade
871 2054 102 41 lugna
998 2053 169 42 patienter
1193 2053 109 31 skulle
1328 2052 114 31 kunna
1467 2052 172 31 överföras

139 2107 62 31 och
221 2107 196 41 därigenom
436 2108 48 29 ett
503 2105 235 31 motsvarande
757 2105 91 31 antal
867 2105 128 41 platser
1014 2104 48 31 bli
1081 2103 213 42 tillgängliga
1314 2103 53 31 för
1385 2103 40 31 de
1444 2103 196 31 straffriför-

138 2157 146 32 klarade.

191 2208 18 31 I
230 2208 110 30 första
360 2207 91 31 hand
473 2207 154 31 förordar
648 2205 362 40 medicinalstyrelsen,
1033 2207 50 28 att
1104 2205 41 31 de
1168 2203 192 41 respektive
1382 2203 173 42 landsting
1577 2202 63 31 till-

138 2258 120 41 höriga
280 2258 337 41 epidemisjukhusen
640 2257 8 30 i
673 2256 183 41 Enköping
879 2256 62 31 och
963 2255 135 42 Mjölby
1120 2257 160 29 ävensom
1304 2255 57 31 det
1383 2255 109 40 gamla
1514 2255 126 30 sinnes-

140 2308 181 41 sjukhuset
340 2308 12 31 i
372 2308 109 40 Visby
502 2310 94 38 tagas
618 2308 9 29 i
649 2307 146 41 anspråk
816 2307 52 30 för
889 2305 199 35 ändamålet.
1122 2305 208 41 Därigenom
1350 2304 109 31 skulle
1480 2315 160 20 samman-

140 2359 70 41 lagt
237 2358 155 41 omkring
420 2358 58 30 160
505 2369 64 29 nya
597 2357 211 41 vårdplatser
834 2356 114 31 kunna
974 2356 143 30 beredas
1145 2357 74 29 från
1247 2355 62 31 och
1337 2355 76 30 med
1441 2355 64 31 den
1534 2355 15 30 1
1577 2354 63 41 juli

142 2409 89 31 1937.
260 2408 241 31 Kostnaderna
519 2408 52 31 för
587 2407 196 41 utrustning
800 2407 63 30 och
881 2406 83 31 drift
981 2417 40 19 av
1039 2406 100 30 dessa
1155 2404 128 42 platser
1300 2405 61 31 har
1377 2405 167 40 styrelsen
1562 2414 79 30 upp-

141 2460 127 31 skattat
289 2459 52 31 till
365 2458 153 41 omkring
540 2458 134 36 245,000
694 2457 134 36 kronor,
854 2457 88 30 vilka
964 2456 109 31 skulle
1098 2456 130 31 fördela
1249 2456 52 40 sig
1323 2455 153 32 sålunda:
