1900 2828
275 152 38 29 14
424 157 234 29 Sammansatt
678 156 107 29 andra
806 156 67 35 lag-
894 156 64 29 och
978 154 338 37 jordbruksutskotts
1337 153 176 30 utlåtande
1533 154 48 29 Nr
1604 155 26 27 1.

277 237 187 31 håHanden
483 238 131 30 drabba
632 238 284 30 arrendatorerna
936 237 146 36 oskäligt
1101 236 88 31 hårt.
1210 237 78 30 Med
1304 238 136 35 hänsyn
1458 237 116 29 härtill
1594 237 115 29 finner
1730 240 48 26 ut-

279 289 126 30 skottet
421 289 11 29 i
449 288 106 31 likhet
574 289 81 30 med
670 288 251 36 föredragande
936 287 378 37 departementschefen
1333 286 159 37 åtgärder
1509 296 81 21 vara
1608 296 41 20 av
1667 287 113 30 nöden

278 339 55 29 för
355 339 263 30 underlältande
639 348 42 21 av
702 339 302 30 arrendatorernas
1025 337 218 37 svårigheter.
1268 338 121 29 Ehuru
1413 337 56 30 det
1492 337 150 36 givetvis,
1667 337 114 30 såsom

278 389 380 36 departementschefen
681 387 199 37 framhållit,
904 389 93 35 inger
1021 388 178 36 allvarliga
1223 388 273 36 betänkligheter
1520 391 49 27 att
1591 388 111 30 rubba
1725 388 54 29 be-

277 440 261 30 stämmelserna
558 440 9 29 i
587 440 108 29 redan
716 438 171 37 ingångna
909 439 100 36 avtal,
1031 439 115 30 finner
1165 439 164 29 utskottet
1352 438 106 30 likväl
1477 438 303 30 arrendatorernas

278 491 201 29 nuvarande
497 491 73 35 läge
591 500 83 20 vara
695 489 130 36 sådant,
847 493 50 26 att
916 489 79 30 fullt
1013 489 116 36 giltiga
1148 489 74 30 skäl
1240 489 165 36 föreligga
1426 488 54 30 för
1498 488 281 36 lagstiftningsåt-

277 542 124 35 gärder
422 542 50 29 till
493 541 273 37 möjliggörande
787 550 40 21 av
849 540 181 37 jämkning
1052 550 42 20 av
1116 540 131 30 sådana
1269 539 279 35 arrendevillkor,
1572 548 121 20 varom
1716 539 62 29 här

278 593 38 29 är
334 591 107 37 fråga.
463 592 169 30 Utskottet
650 592 70 29 kan
739 590 216 37 följaktligen
973 591 10 30 i
1002 590 135 37 princip
1158 590 134 30 ansluta
1312 589 49 36 sig
1381 590 49 29 till
1450 590 42 29 de
1510 598 125 27 genom
1653 598 124 27 propo-

279 642 146 31 sitionen
452 643 194 35 framlagda
670 641 179 37 förslagen.
877 642 14 29 I
916 642 91 29 detta
1031 641 253 36 sammanhang
1308 640 58 30 må
1390 639 129 31 erinras
1544 649 67 26 om,
1637 643 49 26 att
1711 639 66 30 för-

279 692 209 31 hållandena
513 693 110 29 under
650 691 225 37 världskriget
905 692 170 29 1914—18
1105 692 66 29 och
1198 692 41 29 de
1265 692 155 29 närmast
1447 690 149 30 därefter
1624 690 155 36 följande

278 743 83 30 åren
385 744 201 29 föranledde
609 744 265 29 statsmakterna
900 746 48 26 att
972 741 43 31 då
1040 745 125 32 antaga
1189 751 41 21 en
1254 740 214 37 lagstiftning
1494 750 40 20 av
1559 740 10 30 i
1593 740 184 30 huvudsak

281 794 242 30 motsvarande
546 793 177 31 innebörd.

323 868 115 36 Enligt
455 869 161 35 förslaget
634 868 51 30 till
702 868 53 36 lag
774 877 56 21 om
847 867 181 37 jämkning
1046 877 42 20 av
1106 867 238 30 arrendeavtal
1362 867 10 30 i
1390 866 90 30 vissa
1499 866 61 29 fall
1579 867 70 28 kan
1667 865 111 37 jämk-

279 919 83 36 ning
386 919 174 36 medgivas
585 919 211 35 arrendator,
823 919 53 29 för
902 917 113 31 vilken
1041 916 314 32 arrendevillkoren
1382 917 78 29 med
1488 917 136 35 hänsyn
1649 916 50 30 till
1728 920 50 25 rä-

278 970 114 29 dande
412 969 242 30 förhållanden
674 968 157 31 befinnas
851 968 146 36 oskäligt
1016 968 183 36 tyngande.
1222 967 224 30 Beträffande
1466 966 252 36 omfattningen
1739 975 41 20 av

279 1020 226 36 jämkningen
521 1020 89 29 hade
626 1019 237 36 utredningen,
880 1028 77 21 vars
974 1019 128 35 förslag
1121 1018 105 36 ligger
1242 1018 51 30 till
1309 1018 112 36 grund
1439 1017 53 30 för
1510 1016 269 37 propositionen,

281 1070 185 36 föreslagit,
486 1073 47 27 att
555 1070 112 30 denna
687 1070 109 30 skulle
816 1069 35 30 få
870 1069 164 30 bedömas
1055 1078 41 20 ur
1116 1067 367 37 skälighetssynpunkt
1503 1076 79 21 men
1603 1067 74 30 icke
1697 1070 83 26 utan

280 1120 197 36 synnerliga
499 1121 73 29 skäl
593 1120 210 30 bestämmas
824 1119 44 38 på
891 1119 121 31 sådant
1034 1120 76 34 sätt,
1136 1122 49 27 att
1206 1118 201 36 därigenom
1429 1118 159 30 arrendet
1609 1117 172 30 nedsattes

281 1172 77 29 med
386 1180 74 21 mer
483 1172 44 29 än
551 1170 135 30 hälften
710 1180 42 20 av
775 1169 266 37 prisstegringen
1066 1169 20 30 å
1110 1168 243 37 ifrågakomna
1378 1168 293 37 jordbruksalster
1695 1167 86 30 efter

280 1222 67 30 den
377 1222 39 28 14
443 1231 91 20 mars
564 1221 93 30 1940.
687 1221 13 29 I
730 1221 55 30 det
811 1229 123 27 genom
961 1219 259 37 propositionen
1247 1219 194 35 framlagda
1470 1218 218 36 lagförslaget
1719 1218 62 29 har

280 1272 168 35 däremot,
472 1272 82 29 enär
577 1272 67 29 den
669 1281 41 20 av
733 1270 227 36 utredningen
983 1269 202 37 ifrågasatta
1208 1269 274 36 begränsningen
1507 1268 51 30 till
1581 1268 134 30 hälften
1740 1276 41 20 av

280 1323 266 35 prisstegringen
573 1332 80 20 vore
680 1322 116 30 alltför
821 1322 94 34 snäv,
942 1321 228 30 förevarande
1197 1320 189 36 stadgande
1413 1319 99 37 givits
1539 1320 56 29 det
1621 1318 164 30 innehåll.

280 1376 49 27 att
349 1373 160 29 arrendet
527 1371 57 31 må
605 1371 175 30 nedsättas
800 1370 49 31 till
869 1370 56 31 två
945 1370 206 37 tredjedelar
1171 1379 42 21 av
1232 1369 267 37 prisstegringen
1519 1370 87 29 även
1627 1378 57 20 om
1705 1377 76 27 syn-

282 1423 129 36 nerliga
432 1423 75 30 skäl
526 1422 74 30 icke
620 1422 118 29 kunna
758 1430 97 21 anses
876 1420 173 37 föreligga.
1079 1420 6 29 I
1106 1421 41 29 de
1175 1420 5 30 i
1203 1421 115 30 ämnet
1338 1421 124 29 väckta
1482 1419 217 30 motionerna
1720 1419 62 29 har

279 1472 45 37 på
342 1474 114 29 denna
474 1473 111 36 punkt
604 1473 128 35 yrkats,
751 1474 48 28 att
817 1471 159 30 arrendet
995 1470 56 31 må
1071 1472 120 29 kunna
1210 1471 174 30 nedsättas
1404 1471 79 29 med
1504 1470 76 30 hela
1601 1470 118 29 värdet
1740 1478 41 20 av

279 1523 275 37 prisstegringen.
573 1522 120 31 Såsom
709 1521 152 37 framgår
877 1531 41 21 av
936 1522 56 30 det
1009 1530 80 27 nyss
1106 1521 147 30 anförda
1269 1522 70 29 kan
1355 1521 189 30 emellertid
1561 1518 220 35 nedsättning

280 1582 41 21 av
342 1572 110 31 sådan
473 1572 209 36 omfattning
703 1572 60 30 ske
783 1573 85 28 även
889 1571 104 36 enligt
1012 1571 123 36 Kungl.
1158 1571 117 36 Maj:ts
1298 1571 139 36 förslag,
1459 1571 109 29 ehuru
1589 1570 195 36 synnerliga

280 1624 76 30 skäl
383 1623 43 31 då
451 1622 107 31 måste
581 1632 84 21 vara
689 1622 55 30 för
766 1622 148 30 handen.
942 1622 171 30 Utskottet
1137 1621 115 30 finner
1274 1621 163 36 förslaget
1461 1622 9 29 i
1498 1621 91 30 detta
1616 1620 167 31 avseende

280 1683 82 21 vara
390 1675 55 29 väl
474 1674 122 35 avvägt
622 1674 65 29 och
713 1672 53 30 får
792 1672 98 30 alltså
919 1672 170 37 tillstyrka
1114 1672 99 30 bifall
1238 1672 49 29 till
1313 1671 258 37 propositionen
1598 1670 45 37 på
1670 1671 113 30 denna

279 1725 122 35 punkt.

325 1802 13 29 I
364 1801 259 37 propositionen
651 1801 64 29 har
740 1801 85 29 även
855 1801 131 29 berörts
1014 1800 123 36 frågan
1164 1809 56 20 om
1248 1799 222 37 lagstiftning,
1501 1808 75 20 som
1601 1798 182 36 möjliggör

279 1851 185 37 jämkning
484 1861 41 20 av
542 1851 204 30 arrendator
764 1850 179 37 åliggande
962 1850 392 37 dagsverksskyldighet.
1378 1849 264 36 Föredragande
1663 1849 119 36 depar-

282 1902 270 31 tementschefen
579 1902 64 30 har
669 1901 220 31 beträffande
916 1902 91 29 detta
1033 1900 171 37 spörsmål
1228 1903 114 34 yttrat,
1369 1903 59 33 att,
1455 1900 111 30 ehuru
1593 1900 90 29 vissa
1708 1899 73 30 skäl

281 1953 117 30 kunde
426 1953 68 30 tala
518 1952 54 30 för
597 1962 43 20 en
662 1953 97 36 dylik
784 1952 223 36 lagstiftning,
1033 1952 70 30 han
1131 1952 106 29 likväl
1263 1951 75 30 icke
1364 1950 126 37 ansåge
1517 1949 265 31 förhållandena

281 2003 54 30 för
363 2003 217 31 närvarande
604 2012 84 21 vara
714 2002 139 36 sådana,
878 2005 49 27 att
951 2002 216 37 lagstiftning
1193 2002 10 29 i
1227 2011 47 21 nu
1297 2001 265 37 ifrågavarande
1588 2001 89 37 syfte
1704 2008 79 22 vore

281 2053 174 37 påkallad.
483 2054 116 30 Skulle
626 2053 187 30 emellertid
844 2054 88 35 läget
959 2053 194 35 förändras,
1182 2053 105 41 borde
1315 2053 105 36 enligt
1450 2051 332 37 departementsche-

281 2104 76 31 fens
385 2105 138 36 mening
549 2104 124 36 frågan
701 2107 167 33 upptagas
894 2104 50 30 till
970 2104 140 36 förnyat
1138 2104 246 36 övervägande.
1411 2099 93 33 Även
1531 2112 57 20 om
1614 2102 169 30 arrenden

281 2165 42 20 av
348 2156 66 29 här
439 2155 126 31 avsedd
595 2159 53 27 art
674 2156 60 29 äro
760 2154 250 37 jämförelsevis
1036 2155 110 30 sällan
1172 2154 296 35 förekommande,
1499 2155 37 28 är
1564 2153 88 30 dock
1678 2153 105 35 enligt

280 2207 184 29 utskottets
488 2207 138 36 mening
651 2206 113 30 denna
790 2205 97 36 fråga
911 2214 42 21 av
974 2204 110 31 sådan
1108 2205 183 36 betydelse,
1316 2208 48 26 att
1389 2205 66 29 den
1479 2203 157 37 påkallar
1660 2205 123 28 största

279 2257 312 36 uppmärksamhet
613 2256 80 30 från
715 2257 282 29 statsmakternas
1021 2256 84 29 sida.
1133 2254 143 31 Särskilt
1301 2255 9 29 i
1334 2255 41 29 de
1400 2255 62 29 fall
1488 2254 42 30 då
1555 2255 226 29 arrendatorn

281 2307 105 36 enligt
409 2308 346 30 arrendekontraktet
781 2308 38 29 är
847 2307 135 36 skyldig
1007 2309 48 28 att
1079 2309 73 27 mot
1178 2305 68 31 viss
1271 2305 200 36 ersättning,
1503 2314 73 20 som
1604 2305 179 30 fastställts

281 2359 79 29 med
395 2359 135 35 hänsyn
564 2358 51 30 till
651 2361 106 27 annat
783 2358 147 36 prisläge
952 2358 45 30 än
1020 2358 57 29 det
1102 2357 210 35 nuvarande,
1340 2356 148 36 fullgöra
1516 2356 148 29 bestämt
1690 2356 90 29 antal

281 2409 223 36 dagsverken,
526 2409 68 29 kan
617 2409 56 30 det
694 2409 11 29 i
726 2408 85 30 tider
831 2408 78 30 med
930 2408 154 36 stegrade
1106 2408 212 29 arbetslöner
1338 2407 165 37 föreligga
1523 2409 45 27 ett
1588 2407 194 35 uppenbart

280 2459 304 31 missförhållande
606 2459 125 30 mellan
755 2458 427 37 dagsverksskyldigheten
1205 2458 64 29 och
1291 2458 40 29 de
1352 2458 225 29 arrendatorn
1600 2456 103 37 enligt
1727 2466 53 20 av-
