<?xml version="1.0" encoding="UTF-8"?>
<alto xmlns="http://www.loc.gov/standards/alto/ns-v3#" xmlns:xlink="http://www.w3.org/1999/xlink" xmlns:xsi="http://www.w3.org/2001/XMLSchema-instance" xsi:schemaLocation="http://www.loc.gov/standards/alto/ns-v3# http://www.loc.gov/alto/v3/alto-3-0.xsd">
	<Description>
		<MeasurementUnit>pixel</MeasurementUnit>
		<sourceImageInformation>
			<fileName>/tmp/tess_381gecos_input.PNG</fileName>
		</sourceImageInformation>
		<OCRProcessing ID="OCR_0">
			<ocrProcessingStep>
				<processingSoftware>
					<softwareName>tesseract 5.3.0</softwareName>
				</processingSoftware>
			</ocrProcessingStep>
		</OCRProcessing>
	</Description>
	<Layout>
		<Page WIDTH="1932" HEIGHT="2816" PHYSICAL_IMG_NR="0" ID="page_0">
			<PrintSpace HPOS="0" VPOS="0" WIDTH="1932" HEIGHT="2816">
				<ComposedBlock ID="cblock_0" HPOS="304" VPOS="169" WIDTH="1296" HEIGHT="39">
					<TextBlock ID="block_0" HPOS="304" VPOS="169" WIDTH="1296" HEIGHT="39">
						<TextLine ID="line_0" HPOS="304" VPOS="169" WIDTH="1296" HEIGHT="39">
							<String ID="string_0" HPOS="304" VPOS="177" WIDTH="19" HEIGHT="31" WC="0.96" CONTENT="6"/><SP WIDTH="186" VPOS="177" HPOS="323"/>
							<String ID="string_1" HPOS="509" VPOS="171" WIDTH="103" HEIGHT="29" WC="0.96" CONTENT="Första"/><SP WIDTH="25" VPOS="171" HPOS="612"/>
							<String ID="string_2" HPOS="637" VPOS="171" WIDTH="183" HEIGHT="29" WC="0.96" CONTENT="kammarens"/><SP WIDTH="24" VPOS="171" HPOS="820"/>
							<String ID="string_3" HPOS="844" VPOS="170" WIDTH="140" HEIGHT="30" WC="0.93" CONTENT="andra"/><SP WIDTH="23" VPOS="170" HPOS="984"/>
							<String ID="string_4" HPOS="1007" VPOS="170" WIDTH="154" HEIGHT="34" WC="0.95" CONTENT="tillfälliga"/><SP WIDTH="24" VPOS="170" HPOS="1161"/>
							<String ID="string_5" HPOS="1185" VPOS="171" WIDTH="123" HEIGHT="27" WC="0.93" CONTENT="utskotts"/><SP WIDTH="22" VPOS="171" HPOS="1308"/>
							<String ID="string_6" HPOS="1330" VPOS="169" WIDTH="152" HEIGHT="28" WC="0.90" CONTENT="utlåtande"/><SP WIDTH="24" VPOS="169" HPOS="1482"/>
							<String ID="string_7" HPOS="1506" VPOS="169" WIDTH="43" HEIGHT="28" WC="0.96" CONTENT="Nr"/><SP WIDTH="24" VPOS="169" HPOS="1549"/>
							<String ID="string_8" HPOS="1573" VPOS="173" WIDTH="27" HEIGHT="30" WC="0.93" CONTENT="4."/>
						</TextLine>
					</TextBlock>
				</ComposedBlock>
				<ComposedBlock ID="cblock_1" HPOS="315" VPOS="244" WIDTH="1487" HEIGHT="711">
					<TextBlock ID="block_1" HPOS="315" VPOS="244" WIDTH="1487" HEIGHT="711">
						<TextLine ID="line_1" HPOS="318" VPOS="244" WIDTH="1484" HEIGHT="44">
							<String ID="string_9" HPOS="318" VPOS="251" WIDTH="78" HEIGHT="32" WC="0.96" CONTENT="söka"/><SP WIDTH="24" VPOS="251" HPOS="396"/>
							<String ID="string_10" HPOS="420" VPOS="251" WIDTH="160" HEIGHT="37" WC="0.93" CONTENT="begränsa"/><SP WIDTH="23" VPOS="251" HPOS="580"/>
							<String ID="string_11" HPOS="603" VPOS="248" WIDTH="144" HEIGHT="32" WC="0.92" CONTENT="vådorna"/><SP WIDTH="23" VPOS="248" HPOS="747"/>
							<String ID="string_12" HPOS="770" VPOS="260" WIDTH="42" HEIGHT="20" WC="0.96" CONTENT="av"/><SP WIDTH="26" VPOS="260" HPOS="812"/>
							<String ID="string_13" HPOS="838" VPOS="247" WIDTH="104" HEIGHT="32" WC="0.93" CONTENT="denna"/><SP WIDTH="24" VPOS="247" HPOS="942"/>
							<String ID="string_14" HPOS="966" VPOS="246" WIDTH="210" HEIGHT="33" WC="0.90" CONTENT="kreditforms"/><SP WIDTH="25" VPOS="246" HPOS="1176"/>
							<String ID="string_15" HPOS="1201" VPOS="245" WIDTH="221" HEIGHT="39" WC="0.93" CONTENT="användning."/><SP WIDTH="25" VPOS="245" HPOS="1422"/>
							<String ID="string_16" HPOS="1447" VPOS="265" WIDTH="44" HEIGHT="3" WC="0.92" CONTENT="—"/><SP WIDTH="25" VPOS="265" HPOS="1491"/>
							<String ID="string_17" HPOS="1516" VPOS="245" WIDTH="55" HEIGHT="31" WC="0.96" CONTENT="Av"/><SP WIDTH="24" VPOS="245" HPOS="1571"/>
							<String ID="string_18" HPOS="1595" VPOS="244" WIDTH="207" HEIGHT="39" WC="0.91" CONTENT="tillgängligt"/>
						</TextLine>
						<TextLine ID="line_2" HPOS="315" VPOS="289" WIDTH="1484" HEIGHT="43">
							<String ID="string_19" HPOS="315" VPOS="295" WIDTH="148" HEIGHT="32" WC="0.96" CONTENT="material"/><SP WIDTH="21" VPOS="295" HPOS="463"/>
							<String ID="string_20" HPOS="484" VPOS="298" WIDTH="111" HEIGHT="34" WC="0.96" CONTENT="syntes"/><SP WIDTH="23" VPOS="298" HPOS="595"/>
							<String ID="string_21" HPOS="618" VPOS="294" WIDTH="137" HEIGHT="37" WC="0.95" CONTENT="framgå,"/><SP WIDTH="24" VPOS="294" HPOS="755"/>
							<String ID="string_22" HPOS="779" VPOS="296" WIDTH="48" HEIGHT="29" WC="0.96" CONTENT="att"/><SP WIDTH="22" VPOS="296" HPOS="827"/>
							<String ID="string_23" HPOS="849" VPOS="304" WIDTH="74" HEIGHT="20" WC="0.96" CONTENT="man"/><SP WIDTH="21" VPOS="304" HPOS="923"/>
							<String ID="string_24" HPOS="944" VPOS="292" WIDTH="86" HEIGHT="31" WC="0.96" CONTENT="inom"/><SP WIDTH="22" VPOS="292" HPOS="1030"/>
							<String ID="string_25" HPOS="1052" VPOS="292" WIDTH="144" HEIGHT="31" WC="0.96" CONTENT="flertalet"/><SP WIDTH="19" VPOS="292" HPOS="1196"/>
							<String ID="string_26" HPOS="1215" VPOS="290" WIDTH="182" HEIGHT="38" WC="0.95" CONTENT="branscher,"/><SP WIDTH="24" VPOS="290" HPOS="1397"/>
							<String ID="string_27" HPOS="1421" VPOS="290" WIDTH="58" HEIGHT="31" WC="0.93" CONTENT="där"/><SP WIDTH="21" VPOS="290" HPOS="1479"/>
							<String ID="string_28" HPOS="1500" VPOS="289" WIDTH="299" HEIGHT="38" WC="0.91" CONTENT="avbetalningssys-"/>
						</TextLine>
						<TextLine ID="line_3" HPOS="315" VPOS="333" WIDTH="1482" HEIGHT="42">
							<String ID="string_29" HPOS="315" VPOS="343" WIDTH="97" HEIGHT="29" WC="0.92" CONTENT="temet"/><SP WIDTH="22" VPOS="343" HPOS="412"/>
							<String ID="string_30" HPOS="434" VPOS="339" WIDTH="137" HEIGHT="32" WC="0.96" CONTENT="kommit"/><SP WIDTH="22" VPOS="339" HPOS="571"/>
							<String ID="string_31" HPOS="593" VPOS="339" WIDTH="53" HEIGHT="31" WC="0.96" CONTENT="till"/><SP WIDTH="23" VPOS="339" HPOS="646"/>
							<String ID="string_32" HPOS="669" VPOS="337" WIDTH="222" HEIGHT="38" WC="0.96" CONTENT="tillämpning,"/><SP WIDTH="26" VPOS="337" HPOS="891"/>
							<String ID="string_33" HPOS="917" VPOS="337" WIDTH="71" HEIGHT="31" WC="0.93" CONTENT="icke"/><SP WIDTH="24" VPOS="337" HPOS="988"/>
							<String ID="string_34" HPOS="1012" VPOS="337" WIDTH="119" HEIGHT="36" WC="0.91" CONTENT="ansåge"/><SP WIDTH="25" VPOS="337" HPOS="1131"/>
							<String ID="string_35" HPOS="1156" VPOS="336" WIDTH="106" HEIGHT="37" WC="0.92" CONTENT="någon"/><SP WIDTH="25" VPOS="336" HPOS="1262"/>
							<String ID="string_36" HPOS="1287" VPOS="334" WIDTH="173" HEIGHT="38" WC="0.90" CONTENT="urartning"/><SP WIDTH="24" VPOS="334" HPOS="1460"/>
							<String ID="string_37" HPOS="1484" VPOS="334" WIDTH="100" HEIGHT="31" WC="0.93" CONTENT="därav"/><SP WIDTH="27" VPOS="334" HPOS="1584"/>
							<String ID="string_38" HPOS="1611" VPOS="333" WIDTH="24" HEIGHT="32" WC="0.89" CONTENT="f."/><SP WIDTH="26" VPOS="333" HPOS="1635"/>
							<String ID="string_39" HPOS="1661" VPOS="345" WIDTH="30" HEIGHT="20" WC="0.90" CONTENT="n."/><SP WIDTH="26" VPOS="345" HPOS="1691"/>
							<String ID="string_40" HPOS="1717" VPOS="333" WIDTH="80" HEIGHT="31" WC="0.92" CONTENT="före-"/>
						</TextLine>
						<TextLine ID="line_4" HPOS="317" VPOS="376" WIDTH="1484" HEIGHT="44">
							<String ID="string_41" HPOS="317" VPOS="384" WIDTH="139" HEIGHT="36" WC="0.96" CONTENT="komma,"/><SP WIDTH="23" VPOS="384" HPOS="456"/>
							<String ID="string_42" HPOS="479" VPOS="383" WIDTH="103" HEIGHT="31" WC="0.96" CONTENT="ehuru"/><SP WIDTH="21" VPOS="383" HPOS="582"/>
							<String ID="string_43" HPOS="603" VPOS="382" WIDTH="53" HEIGHT="31" WC="0.96" CONTENT="det"/><SP WIDTH="22" VPOS="382" HPOS="656"/>
							<String ID="string_44" HPOS="678" VPOS="381" WIDTH="169" HEIGHT="37" WC="0.96" CONTENT="samtidigt"/><SP WIDTH="21" VPOS="381" HPOS="847"/>
							<String ID="string_45" HPOS="868" VPOS="381" WIDTH="227" HEIGHT="36" WC="0.96" CONTENT="konstaterats,"/><SP WIDTH="22" VPOS="381" HPOS="1095"/>
							<String ID="string_46" HPOS="1117" VPOS="382" WIDTH="50" HEIGHT="29" WC="0.96" CONTENT="att"/><SP WIDTH="19" VPOS="382" HPOS="1167"/>
							<String ID="string_47" HPOS="1186" VPOS="391" WIDTH="39" HEIGHT="19" WC="0.96" CONTENT="en"/><SP WIDTH="22" VPOS="391" HPOS="1225"/>
							<String ID="string_48" HPOS="1247" VPOS="378" WIDTH="132" HEIGHT="32" WC="0.93" CONTENT="tendens"/><SP WIDTH="23" VPOS="378" HPOS="1379"/>
							<String ID="string_49" HPOS="1402" VPOS="377" WIDTH="188" HEIGHT="32" WC="0.92" CONTENT="förefunnes"/><SP WIDTH="24" VPOS="377" HPOS="1590"/>
							<String ID="string_50" HPOS="1614" VPOS="380" WIDTH="48" HEIGHT="28" WC="0.96" CONTENT="att"/><SP WIDTH="22" VPOS="380" HPOS="1662"/>
							<String ID="string_51" HPOS="1684" VPOS="376" WIDTH="117" HEIGHT="37" WC="0.96" CONTENT="frångå"/>
						</TextLine>
						<TextLine ID="line_5" HPOS="316" VPOS="420" WIDTH="1484" HEIGHT="45">
							<String ID="string_52" HPOS="316" VPOS="427" WIDTH="104" HEIGHT="33" WC="0.92" CONTENT="sunda"/><SP WIDTH="26" VPOS="427" HPOS="420"/>
							<String ID="string_53" HPOS="446" VPOS="426" WIDTH="272" HEIGHT="39" WC="0.91" CONTENT="affärsprinciper"/><SP WIDTH="26" VPOS="426" HPOS="718"/>
							<String ID="string_54" HPOS="744" VPOS="426" WIDTH="43" HEIGHT="38" WC="0.96" CONTENT="på"/><SP WIDTH="26" VPOS="426" HPOS="787"/>
							<String ID="string_55" HPOS="813" VPOS="425" WIDTH="89" HEIGHT="32" WC="0.96" CONTENT="detta"/><SP WIDTH="26" VPOS="425" HPOS="902"/>
							<String ID="string_56" HPOS="928" VPOS="424" WIDTH="139" HEIGHT="32" WC="0.93" CONTENT="område."/><SP WIDTH="27" VPOS="424" HPOS="1067"/>
							<String ID="string_57" HPOS="1094" VPOS="424" WIDTH="93" HEIGHT="31" WC="0.96" CONTENT="Inom"/><SP WIDTH="28" VPOS="424" HPOS="1187"/>
							<String ID="string_58" HPOS="1215" VPOS="423" WIDTH="102" HEIGHT="31" WC="0.96" CONTENT="andra"/><SP WIDTH="26" VPOS="423" HPOS="1317"/>
							<String ID="string_59" HPOS="1343" VPOS="421" WIDTH="181" HEIGHT="38" WC="0.96" CONTENT="branscher,"/><SP WIDTH="29" VPOS="421" HPOS="1524"/>
							<String ID="string_60" HPOS="1553" VPOS="420" WIDTH="135" HEIGHT="33" WC="0.96" CONTENT="särskilt"/><SP WIDTH="24" VPOS="420" HPOS="1688"/>
							<String ID="string_61" HPOS="1712" VPOS="420" WIDTH="88" HEIGHT="31" WC="0.91" CONTENT="inom"/>
						</TextLine>
						<TextLine ID="line_6" HPOS="317" VPOS="464" WIDTH="1484" HEIGHT="41">
							<String ID="string_62" HPOS="317" VPOS="472" WIDTH="207" HEIGHT="33" WC="0.96" CONTENT="bokhandeln"/><SP WIDTH="26" VPOS="472" HPOS="524"/>
							<String ID="string_63" HPOS="550" VPOS="471" WIDTH="58" HEIGHT="33" WC="0.96" CONTENT="och"/><SP WIDTH="27" VPOS="471" HPOS="608"/>
							<String ID="string_64" HPOS="635" VPOS="471" WIDTH="11" HEIGHT="31" WC="0.96" CONTENT="i"/><SP WIDTH="27" VPOS="471" HPOS="646"/>
							<String ID="string_65" HPOS="673" VPOS="470" WIDTH="67" HEIGHT="33" WC="0.96" CONTENT="viss"/><SP WIDTH="29" VPOS="470" HPOS="740"/>
							<String ID="string_66" HPOS="769" VPOS="471" WIDTH="74" HEIGHT="32" WC="0.96" CONTENT="mån"/><SP WIDTH="30" VPOS="471" HPOS="843"/>
							<String ID="string_67" HPOS="873" VPOS="474" WIDTH="80" HEIGHT="28" WC="0.96" CONTENT="även"/><SP WIDTH="28" VPOS="474" HPOS="953"/>
							<String ID="string_68" HPOS="981" VPOS="470" WIDTH="86" HEIGHT="31" WC="0.93" CONTENT="inom"/><SP WIDTH="28" VPOS="470" HPOS="1067"/>
							<String ID="string_69" HPOS="1095" VPOS="466" WIDTH="399" HEIGHT="38" WC="0.90" CONTENT="konfektionsbranschen,"/><SP WIDTH="28" VPOS="466" HPOS="1494"/>
							<String ID="string_70" HPOS="1522" VPOS="468" WIDTH="112" HEIGHT="36" WC="0.93" CONTENT="syntes"/><SP WIDTH="27" VPOS="468" HPOS="1634"/>
							<String ID="string_71" HPOS="1661" VPOS="464" WIDTH="140" HEIGHT="33" WC="0.91" CONTENT="avbetal-"/>
						</TextLine>
						<TextLine ID="line_7" HPOS="318" VPOS="509" WIDTH="1483" HEIGHT="47">
							<String ID="string_72" HPOS="318" VPOS="517" WIDTH="252" HEIGHT="39" WC="0.91" CONTENT="ningssystemet"/><SP WIDTH="20" VPOS="517" HPOS="570"/>
							<String ID="string_73" HPOS="590" VPOS="516" WIDTH="91" HEIGHT="33" WC="0.96" CONTENT="hålla"/><SP WIDTH="19" VPOS="516" HPOS="681"/>
							<String ID="string_74" HPOS="700" VPOS="516" WIDTH="43" HEIGHT="38" WC="0.96" CONTENT="på"/><SP WIDTH="20" VPOS="516" HPOS="743"/>
							<String ID="string_75" HPOS="763" VPOS="519" WIDTH="49" HEIGHT="28" WC="0.96" CONTENT="att"/><SP WIDTH="19" VPOS="519" HPOS="812"/>
							<String ID="string_76" HPOS="831" VPOS="515" WIDTH="74" HEIGHT="32" WC="0.96" CONTENT="leda"/><SP WIDTH="18" VPOS="515" HPOS="905"/>
							<String ID="string_77" HPOS="923" VPOS="514" WIDTH="141" HEIGHT="33" WC="0.96" CONTENT="handeln"/><SP WIDTH="21" VPOS="514" HPOS="1064"/>
							<String ID="string_78" HPOS="1085" VPOS="514" WIDTH="44" HEIGHT="38" WC="0.96" CONTENT="på"/><SP WIDTH="21" VPOS="514" HPOS="1129"/>
							<String ID="string_79" HPOS="1150" VPOS="518" WIDTH="153" HEIGHT="32" WC="0.93" CONTENT="avvägar."/><SP WIDTH="22" VPOS="518" HPOS="1303"/>
							<String ID="string_80" HPOS="1325" VPOS="532" WIDTH="45" HEIGHT="3" WC="0.91" CONTENT="—"/><SP WIDTH="20" VPOS="532" HPOS="1370"/>
							<String ID="string_81" HPOS="1390" VPOS="511" WIDTH="93" HEIGHT="32" WC="0.96" CONTENT="Även"/><SP WIDTH="21" VPOS="511" HPOS="1483"/>
							<String ID="string_82" HPOS="1504" VPOS="523" WIDTH="50" HEIGHT="19" WC="0.93" CONTENT="om"/><SP WIDTH="21" VPOS="523" HPOS="1554"/>
							<String ID="string_83" HPOS="1575" VPOS="509" WIDTH="226" HEIGHT="33" WC="0.91" CONTENT="handelskam-"/>
						</TextLine>
						<TextLine ID="line_8" HPOS="319" VPOS="556" WIDTH="1483" HEIGHT="44">
							<String ID="string_84" HPOS="319" VPOS="574" WIDTH="108" HEIGHT="21" WC="0.95" CONTENT="maren"/><SP WIDTH="19" VPOS="574" HPOS="427"/>
							<String ID="string_85" HPOS="446" VPOS="562" WIDTH="116" HEIGHT="32" WC="0.95" CONTENT="ställde"/><SP WIDTH="20" VPOS="562" HPOS="562"/>
							<String ID="string_86" HPOS="582" VPOS="562" WIDTH="50" HEIGHT="38" WC="0.95" CONTENT="sig"/><SP WIDTH="16" VPOS="562" HPOS="632"/>
							<String ID="string_87" HPOS="648" VPOS="561" WIDTH="148" HEIGHT="32" WC="0.96" CONTENT="tveksam"/><SP WIDTH="16" VPOS="561" HPOS="796"/>
							<String ID="string_88" HPOS="812" VPOS="560" WIDTH="54" HEIGHT="33" WC="0.95" CONTENT="till"/><SP WIDTH="19" VPOS="560" HPOS="866"/>
							<String ID="string_89" HPOS="885" VPOS="560" WIDTH="127" HEIGHT="38" WC="0.96" CONTENT="frågan,"/><SP WIDTH="18" VPOS="560" HPOS="1012"/>
							<String ID="string_90" HPOS="1030" VPOS="559" WIDTH="166" HEIGHT="32" WC="0.96" CONTENT="huruvida"/><SP WIDTH="16" VPOS="559" HPOS="1196"/>
							<String ID="string_91" HPOS="1212" VPOS="559" WIDTH="43" HEIGHT="37" WC="0.92" CONTENT="på"/><SP WIDTH="17" VPOS="559" HPOS="1255"/>
							<String ID="string_92" HPOS="1272" VPOS="557" WIDTH="269" HEIGHT="39" WC="0.91" CONTENT="lagstiftningens"/><SP WIDTH="16" VPOS="557" HPOS="1541"/>
							<String ID="string_93" HPOS="1557" VPOS="561" WIDTH="66" HEIGHT="34" WC="0.96" CONTENT="väg"/><SP WIDTH="15" VPOS="561" HPOS="1623"/>
							<String ID="string_94" HPOS="1638" VPOS="556" WIDTH="164" HEIGHT="33" WC="0.96" CONTENT="effektiva"/>
						</TextLine>
						<TextLine ID="line_9" HPOS="318" VPOS="600" WIDTH="1482" HEIGHT="45">
							<String ID="string_95" HPOS="318" VPOS="607" WIDTH="150" HEIGHT="38" WC="0.96" CONTENT="åtgärder"/><SP WIDTH="23" VPOS="607" HPOS="468"/>
							<String ID="string_96" HPOS="491" VPOS="611" WIDTH="66" HEIGHT="27" WC="0.92" CONTENT="mot"/><SP WIDTH="22" VPOS="611" HPOS="557"/>
							<String ID="string_97" HPOS="579" VPOS="605" WIDTH="349" HEIGHT="37" WC="0.91" CONTENT="avbetalningsköpens"/><SP WIDTH="23" VPOS="605" HPOS="928"/>
							<String ID="string_98" HPOS="951" VPOS="607" WIDTH="152" HEIGHT="28" WC="0.96" CONTENT="utväxter"/><SP WIDTH="22" VPOS="607" HPOS="1103"/>
							<String ID="string_99" HPOS="1125" VPOS="603" WIDTH="109" HEIGHT="32" WC="0.96" CONTENT="kunde"/><SP WIDTH="44" VPOS="603" HPOS="1234"/>
							<String ID="string_100" HPOS="1278" VPOS="602" WIDTH="249" HEIGHT="37" WC="0.95" CONTENT="åstadkommas,"/><SP WIDTH="24" VPOS="602" HPOS="1527"/>
							<String ID="string_101" HPOS="1551" VPOS="601" WIDTH="96" HEIGHT="31" WC="0.93" CONTENT="borde"/><SP WIDTH="23" VPOS="601" HPOS="1647"/>
							<String ID="string_102" HPOS="1670" VPOS="600" WIDTH="130" HEIGHT="31" WC="0.91" CONTENT="utveck-"/>
						</TextLine>
						<TextLine ID="line_10" HPOS="320" VPOS="643" WIDTH="1482" HEIGHT="45">
							<String ID="string_103" HPOS="320" VPOS="651" WIDTH="108" HEIGHT="37" WC="0.96" CONTENT="lingen"/><SP WIDTH="22" VPOS="651" HPOS="428"/>
							<String ID="string_104" HPOS="450" VPOS="651" WIDTH="43" HEIGHT="37" WC="0.96" CONTENT="på"/><SP WIDTH="21" VPOS="651" HPOS="493"/>
							<String ID="string_105" HPOS="514" VPOS="650" WIDTH="143" HEIGHT="31" WC="0.96" CONTENT="området"/><SP WIDTH="22" VPOS="650" HPOS="657"/>
							<String ID="string_106" HPOS="679" VPOS="649" WIDTH="74" HEIGHT="31" WC="0.96" CONTENT="från"/><SP WIDTH="23" VPOS="649" HPOS="753"/>
							<String ID="string_107" HPOS="776" VPOS="649" WIDTH="52" HEIGHT="31" WC="0.96" CONTENT="det"/><SP WIDTH="23" VPOS="649" HPOS="828"/>
							<String ID="string_108" HPOS="851" VPOS="648" WIDTH="181" HEIGHT="32" WC="0.96" CONTENT="allmännas"/><SP WIDTH="23" VPOS="648" HPOS="1032"/>
							<String ID="string_109" HPOS="1055" VPOS="647" WIDTH="71" HEIGHT="33" WC="0.96" CONTENT="sida"/><SP WIDTH="22" VPOS="647" HPOS="1126"/>
							<String ID="string_110" HPOS="1148" VPOS="646" WIDTH="97" HEIGHT="37" WC="0.96" CONTENT="följas"/><SP WIDTH="23" VPOS="646" HPOS="1245"/>
							<String ID="string_111" HPOS="1268" VPOS="646" WIDTH="71" HEIGHT="31" WC="0.96" CONTENT="med"/><SP WIDTH="23" VPOS="646" HPOS="1339"/>
							<String ID="string_112" HPOS="1362" VPOS="644" WIDTH="299" HEIGHT="39" WC="0.93" CONTENT="uppmärksamhet."/><SP WIDTH="22" VPOS="644" HPOS="1661"/>
							<String ID="string_113" HPOS="1683" VPOS="643" WIDTH="119" HEIGHT="31" WC="0.91" CONTENT="Därest"/>
						</TextLine>
						<TextLine ID="line_11" HPOS="317" VPOS="686" WIDTH="1482" HEIGHT="46">
							<String ID="string_114" HPOS="317" VPOS="706" WIDTH="36" HEIGHT="21" WC="0.96" CONTENT="en"/><SP WIDTH="20" VPOS="706" HPOS="353"/>
							<String ID="string_115" HPOS="373" VPOS="694" WIDTH="176" HEIGHT="38" WC="0.95" CONTENT="utredning"/><SP WIDTH="17" VPOS="694" HPOS="549"/>
							<String ID="string_116" HPOS="566" VPOS="693" WIDTH="106" HEIGHT="33" WC="0.96" CONTENT="skulle"/><SP WIDTH="19" VPOS="693" HPOS="672"/>
							<String ID="string_117" HPOS="691" VPOS="692" WIDTH="80" HEIGHT="39" WC="0.96" CONTENT="visa,"/><SP WIDTH="21" VPOS="692" HPOS="771"/>
							<String ID="string_118" HPOS="792" VPOS="696" WIDTH="49" HEIGHT="28" WC="0.96" CONTENT="att"/><SP WIDTH="17" VPOS="696" HPOS="841"/>
							<String ID="string_119" HPOS="858" VPOS="695" WIDTH="46" HEIGHT="29" WC="0.96" CONTENT="ett"/><SP WIDTH="18" VPOS="695" HPOS="904"/>
							<String ID="string_120" HPOS="922" VPOS="691" WIDTH="172" HEIGHT="38" WC="0.96" CONTENT="offentligt"/><SP WIDTH="18" VPOS="691" HPOS="1094"/>
							<String ID="string_121" HPOS="1112" VPOS="690" WIDTH="194" HEIGHT="38" WC="0.95" CONTENT="ingripande"/><SP WIDTH="17" VPOS="690" HPOS="1306"/>
							<String ID="string_122" HPOS="1323" VPOS="701" WIDTH="75" HEIGHT="20" WC="0.96" CONTENT="vore"/><SP WIDTH="20" VPOS="701" HPOS="1398"/>
							<String ID="string_123" HPOS="1418" VPOS="688" WIDTH="81" HEIGHT="32" WC="0.96" CONTENT="både"/><SP WIDTH="18" VPOS="688" HPOS="1499"/>
							<String ID="string_124" HPOS="1517" VPOS="687" WIDTH="208" HEIGHT="38" WC="0.95" CONTENT="erforderligt"/><SP WIDTH="16" VPOS="687" HPOS="1725"/>
							<String ID="string_125" HPOS="1741" VPOS="686" WIDTH="58" HEIGHT="32" WC="0.96" CONTENT="och"/>
						</TextLine>
						<TextLine ID="line_12" HPOS="319" VPOS="730" WIDTH="1480" HEIGHT="47">
							<String ID="string_126" HPOS="319" VPOS="739" WIDTH="126" HEIGHT="38" WC="0.96" CONTENT="möjligt"/><SP WIDTH="21" VPOS="739" HPOS="445"/>
							<String ID="string_127" HPOS="466" VPOS="741" WIDTH="49" HEIGHT="30" WC="0.96" CONTENT="att"/><SP WIDTH="19" VPOS="741" HPOS="515"/>
							<String ID="string_128" HPOS="534" VPOS="737" WIDTH="156" HEIGHT="33" WC="0.96" CONTENT="effektivt"/><SP WIDTH="19" VPOS="737" HPOS="690"/>
							<String ID="string_129" HPOS="709" VPOS="736" WIDTH="199" HEIGHT="39" WC="0.96" CONTENT="genomföra,"/><SP WIDTH="20" VPOS="736" HPOS="908"/>
							<String ID="string_130" HPOS="928" VPOS="735" WIDTH="90" HEIGHT="33" WC="0.96" CONTENT="torde"/><SP WIDTH="19" VPOS="735" HPOS="1018"/>
							<String ID="string_131" HPOS="1037" VPOS="738" WIDTH="47" HEIGHT="29" WC="0.96" CONTENT="ett"/><SP WIDTH="19" VPOS="738" HPOS="1084"/>
							<String ID="string_132" HPOS="1103" VPOS="734" WIDTH="110" HEIGHT="39" WC="0.96" CONTENT="dylikt"/><SP WIDTH="19" VPOS="734" HPOS="1213"/>
							<String ID="string_133" HPOS="1232" VPOS="732" WIDTH="193" HEIGHT="39" WC="0.96" CONTENT="ingripande"/><SP WIDTH="21" VPOS="732" HPOS="1425"/>
							<String ID="string_134" HPOS="1446" VPOS="735" WIDTH="145" HEIGHT="28" WC="0.96" CONTENT="närmast"/><SP WIDTH="18" VPOS="735" HPOS="1591"/>
							<String ID="string_135" HPOS="1609" VPOS="731" WIDTH="78" HEIGHT="32" WC="0.93" CONTENT="böra"/><SP WIDTH="19" VPOS="731" HPOS="1687"/>
							<String ID="string_136" HPOS="1706" VPOS="730" WIDTH="93" HEIGHT="38" WC="0.91" CONTENT="givas"/>
						</TextLine>
						<TextLine ID="line_13" HPOS="319" VPOS="775" WIDTH="1482" HEIGHT="44">
							<String ID="string_137" HPOS="319" VPOS="783" WIDTH="196" HEIGHT="33" WC="0.96" CONTENT="karaktären"/><SP WIDTH="23" VPOS="783" HPOS="515"/>
							<String ID="string_138" HPOS="538" VPOS="795" WIDTH="40" HEIGHT="19" WC="0.96" CONTENT="av"/><SP WIDTH="22" VPOS="795" HPOS="578"/>
							<String ID="string_139" HPOS="600" VPOS="794" WIDTH="38" HEIGHT="20" WC="0.93" CONTENT="en"/><SP WIDTH="24" VPOS="794" HPOS="638"/>
							<String ID="string_140" HPOS="662" VPOS="780" WIDTH="266" HEIGHT="39" WC="0.91" CONTENT="näringsrättslig"/><SP WIDTH="24" VPOS="780" HPOS="928"/>
							<String ID="string_141" HPOS="952" VPOS="779" WIDTH="172" HEIGHT="38" WC="0.94" CONTENT="reglering."/><SP WIDTH="23" VPOS="779" HPOS="1124"/>
							<String ID="string_142" HPOS="1147" VPOS="778" WIDTH="49" HEIGHT="32" WC="0.96" CONTENT="På"/><SP WIDTH="23" VPOS="778" HPOS="1196"/>
							<String ID="string_143" HPOS="1219" VPOS="789" WIDTH="124" HEIGHT="21" WC="0.96" CONTENT="samma"/><SP WIDTH="22" VPOS="789" HPOS="1343"/>
							<String ID="string_144" HPOS="1365" VPOS="777" WIDTH="88" HEIGHT="37" WC="0.96" CONTENT="gång"/><SP WIDTH="23" VPOS="777" HPOS="1453"/>
							<String ID="string_145" HPOS="1476" VPOS="775" WIDTH="325" HEIGHT="32" WC="0.96" CONTENT="handelskammaren"/>
						</TextLine>
						<TextLine ID="line_14" HPOS="316" VPOS="818" WIDTH="1481" HEIGHT="48">
							<String ID="string_146" HPOS="316" VPOS="829" WIDTH="119" HEIGHT="37" WC="0.91" CONTENT="ansåge"/><SP WIDTH="23" VPOS="829" HPOS="435"/>
							<String ID="string_147" HPOS="458" VPOS="827" WIDTH="54" HEIGHT="38" WC="0.96" CONTENT="sig"/><SP WIDTH="24" VPOS="827" HPOS="512"/>
							<String ID="string_148" HPOS="536" VPOS="827" WIDTH="77" HEIGHT="32" WC="0.95" CONTENT="böra"/><SP WIDTH="22" VPOS="827" HPOS="613"/>
							<String ID="string_149" HPOS="635" VPOS="825" WIDTH="172" HEIGHT="38" WC="0.96" CONTENT="tillstyrka"/><SP WIDTH="24" VPOS="825" HPOS="807"/>
							<String ID="string_150" HPOS="831" VPOS="824" WIDTH="60" HEIGHT="32" WC="0.96" CONTENT="den"/><SP WIDTH="24" VPOS="824" HPOS="891"/>
							<String ID="string_151" HPOS="915" VPOS="824" WIDTH="142" HEIGHT="38" WC="0.96" CONTENT="begärda"/><SP WIDTH="22" VPOS="824" HPOS="1057"/>
							<String ID="string_152" HPOS="1079" VPOS="822" WIDTH="214" HEIGHT="38" WC="0.96" CONTENT="utredningen"/><SP WIDTH="25" VPOS="822" HPOS="1293"/>
							<String ID="string_153" HPOS="1318" VPOS="821" WIDTH="211" HEIGHT="38" WC="0.96" CONTENT="ifrågasattes"/><SP WIDTH="25" VPOS="821" HPOS="1529"/>
							<String ID="string_154" HPOS="1554" VPOS="819" WIDTH="120" HEIGHT="37" WC="0.93" CONTENT="därför,"/><SP WIDTH="24" VPOS="819" HPOS="1674"/>
							<String ID="string_155" HPOS="1698" VPOS="818" WIDTH="99" HEIGHT="32" WC="0.92" CONTENT="huru-"/>
						</TextLine>
						<TextLine ID="line_15" HPOS="320" VPOS="862" WIDTH="1480" HEIGHT="46">
							<String ID="string_156" HPOS="320" VPOS="872" WIDTH="75" HEIGHT="32" WC="0.96" CONTENT="vida"/><SP WIDTH="23" VPOS="872" HPOS="395"/>
							<String ID="string_157" HPOS="418" VPOS="871" WIDTH="70" HEIGHT="33" WC="0.96" CONTENT="icke"/><SP WIDTH="25" VPOS="871" HPOS="488"/>
							<String ID="string_158" HPOS="513" VPOS="871" WIDTH="104" HEIGHT="32" WC="0.96" CONTENT="denna"/><SP WIDTH="23" VPOS="871" HPOS="617"/>
							<String ID="string_159" HPOS="640" VPOS="869" WIDTH="191" HEIGHT="39" WC="0.96" CONTENT="lämpligast"/><SP WIDTH="24" VPOS="869" HPOS="831"/>
							<String ID="string_160" HPOS="855" VPOS="868" WIDTH="97" HEIGHT="33" WC="0.96" CONTENT="borde"/><SP WIDTH="26" VPOS="868" HPOS="952"/>
							<String ID="string_161" HPOS="978" VPOS="868" WIDTH="163" HEIGHT="37" WC="0.96" CONTENT="företagas"/><SP WIDTH="24" VPOS="868" HPOS="1141"/>
							<String ID="string_162" HPOS="1165" VPOS="866" WIDTH="12" HEIGHT="32" WC="0.95" CONTENT="i"/><SP WIDTH="25" VPOS="866" HPOS="1177"/>
							<String ID="string_163" HPOS="1202" VPOS="865" WIDTH="156" HEIGHT="33" WC="0.96" CONTENT="samband"/><SP WIDTH="27" VPOS="865" HPOS="1358"/>
							<String ID="string_164" HPOS="1385" VPOS="865" WIDTH="70" HEIGHT="32" WC="0.96" CONTENT="med"/><SP WIDTH="26" VPOS="865" HPOS="1455"/>
							<String ID="string_165" HPOS="1481" VPOS="864" WIDTH="60" HEIGHT="32" WC="0.96" CONTENT="den"/><SP WIDTH="25" VPOS="864" HPOS="1541"/>
							<String ID="string_166" HPOS="1566" VPOS="875" WIDTH="45" HEIGHT="20" WC="0.96" CONTENT="nu"/><SP WIDTH="23" VPOS="875" HPOS="1611"/>
							<String ID="string_167" HPOS="1634" VPOS="862" WIDTH="166" HEIGHT="39" WC="0.95" CONTENT="pågående"/>
						</TextLine>
						<TextLine ID="line_16" HPOS="320" VPOS="914" WIDTH="441" HEIGHT="41">
							<String ID="string_168" HPOS="320" VPOS="914" WIDTH="441" HEIGHT="41" WC="0.89" CONTENT="näringsrättsutredningen."/>
						</TextLine>
					</TextBlock>
				</ComposedBlock>
				<ComposedBlock ID="cblock_2" HPOS="317" VPOS="1007" WIDTH="1487" HEIGHT="533">
					<TextBlock ID="block_2" HPOS="317" VPOS="1007" WIDTH="1487" HEIGHT="533">
						<TextLine ID="line_17" HPOS="360" VPOS="1007" WIDTH="1441" HEIGHT="43">
							<String ID="string_169" HPOS="360" VPOS="1013" WIDTH="336" HEIGHT="33" WC="0.96" CONTENT="Handelskammaren"/><SP WIDTH="20" VPOS="1013" HPOS="696"/>
							<String ID="string_170" HPOS="716" VPOS="1015" WIDTH="11" HEIGHT="29" WC="0.96" CONTENT="i"/><SP WIDTH="21" VPOS="1015" HPOS="727"/>
							<String ID="string_171" HPOS="748" VPOS="1012" WIDTH="161" HEIGHT="38" WC="0.96" CONTENT="Göteborg"/><SP WIDTH="20" VPOS="1012" HPOS="909"/>
							<String ID="string_172" HPOS="929" VPOS="1012" WIDTH="104" HEIGHT="37" WC="0.96" CONTENT="anför,"/><SP WIDTH="23" VPOS="1012" HPOS="1033"/>
							<String ID="string_173" HPOS="1056" VPOS="1015" WIDTH="49" HEIGHT="28" WC="0.93" CONTENT="att"/><SP WIDTH="19" VPOS="1015" HPOS="1105"/>
							<String ID="string_174" HPOS="1124" VPOS="1009" WIDTH="356" HEIGHT="39" WC="0.91" CONTENT="avbetalningsaffärer"/><SP WIDTH="20" VPOS="1009" HPOS="1480"/>
							<String ID="string_175" HPOS="1500" VPOS="1008" WIDTH="195" HEIGHT="32" WC="0.92" CONTENT="förekomme"/><SP WIDTH="19" VPOS="1008" HPOS="1695"/>
							<String ID="string_176" HPOS="1714" VPOS="1007" WIDTH="87" HEIGHT="32" WC="0.96" CONTENT="inom"/>
						</TextLine>
						<TextLine ID="line_18" HPOS="319" VPOS="1052" WIDTH="1480" HEIGHT="44">
							<String ID="string_177" HPOS="319" VPOS="1059" WIDTH="165" HEIGHT="32" WC="0.95" CONTENT="distriktet"/><SP WIDTH="29" VPOS="1059" HPOS="484"/>
							<String ID="string_178" HPOS="513" VPOS="1059" WIDTH="12" HEIGHT="30" WC="0.95" CONTENT="i"/><SP WIDTH="32" VPOS="1059" HPOS="525"/>
							<String ID="string_179" HPOS="557" VPOS="1058" WIDTH="150" HEIGHT="38" WC="0.95" CONTENT="betydlig"/><SP WIDTH="30" VPOS="1058" HPOS="707"/>
							<String ID="string_180" HPOS="737" VPOS="1057" WIDTH="200" HEIGHT="37" WC="0.96" CONTENT="omfattning"/><SP WIDTH="32" VPOS="1057" HPOS="937"/>
							<String ID="string_181" HPOS="969" VPOS="1055" WIDTH="134" HEIGHT="33" WC="0.95" CONTENT="särskilt"/><SP WIDTH="29" VPOS="1055" HPOS="1103"/>
							<String ID="string_182" HPOS="1132" VPOS="1055" WIDTH="86" HEIGHT="31" WC="0.93" CONTENT="inom"/><SP WIDTH="32" VPOS="1055" HPOS="1218"/>
							<String ID="string_183" HPOS="1250" VPOS="1053" WIDTH="216" HEIGHT="38" WC="0.91" CONTENT="bosättnings-"/><SP WIDTH="31" VPOS="1053" HPOS="1466"/>
							<String ID="string_184" HPOS="1497" VPOS="1053" WIDTH="58" HEIGHT="31" WC="0.93" CONTENT="och"/><SP WIDTH="32" VPOS="1053" HPOS="1555"/>
							<String ID="string_185" HPOS="1587" VPOS="1052" WIDTH="212" HEIGHT="32" WC="0.88" CONTENT="beklädnads-"/>
						</TextLine>
						<TextLine ID="line_19" HPOS="318" VPOS="1094" WIDTH="1485" HEIGHT="41">
							<String ID="string_186" HPOS="318" VPOS="1102" WIDTH="178" HEIGHT="32" WC="0.96" CONTENT="branschen"/><SP WIDTH="22" VPOS="1102" HPOS="496"/>
							<String ID="string_187" HPOS="518" VPOS="1107" WIDTH="85" HEIGHT="28" WC="0.96" CONTENT="samt"/><SP WIDTH="20" VPOS="1107" HPOS="603"/>
							<String ID="string_188" HPOS="623" VPOS="1101" WIDTH="86" HEIGHT="31" WC="0.96" CONTENT="inom"/><SP WIDTH="21" VPOS="1101" HPOS="709"/>
							<String ID="string_189" HPOS="730" VPOS="1100" WIDTH="216" HEIGHT="32" WC="0.95" CONTENT="bokhandeln."/><SP WIDTH="20" VPOS="1100" HPOS="946"/>
							<String ID="string_190" HPOS="966" VPOS="1099" WIDTH="153" HEIGHT="32" WC="0.96" CONTENT="Handeln"/><SP WIDTH="21" VPOS="1099" HPOS="1119"/>
							<String ID="string_191" HPOS="1140" VPOS="1099" WIDTH="71" HEIGHT="31" WC="0.95" CONTENT="med"/><SP WIDTH="21" VPOS="1099" HPOS="1211"/>
							<String ID="string_192" HPOS="1232" VPOS="1097" WIDTH="220" HEIGHT="32" WC="0.96" CONTENT="motordrivna"/><SP WIDTH="21" VPOS="1097" HPOS="1452"/>
							<String ID="string_193" HPOS="1473" VPOS="1096" WIDTH="114" HEIGHT="31" WC="0.96" CONTENT="fordon"/><SP WIDTH="22" VPOS="1096" HPOS="1587"/>
							<String ID="string_194" HPOS="1609" VPOS="1095" WIDTH="57" HEIGHT="31" WC="0.96" CONTENT="och"/><SP WIDTH="21" VPOS="1095" HPOS="1666"/>
							<String ID="string_195" HPOS="1687" VPOS="1094" WIDTH="116" HEIGHT="38" WC="0.95" CONTENT="cyklar"/>
						</TextLine>
						<TextLine ID="line_20" HPOS="317" VPOS="1139" WIDTH="1487" HEIGHT="43">
							<String ID="string_196" HPOS="317" VPOS="1158" WIDTH="75" HEIGHT="20" WC="0.95" CONTENT="vore"/><SP WIDTH="24" VPOS="1158" HPOS="392"/>
							<String ID="string_197" HPOS="416" VPOS="1151" WIDTH="80" HEIGHT="27" WC="0.96" CONTENT="även"/><SP WIDTH="25" VPOS="1151" HPOS="496"/>
							<String ID="string_198" HPOS="521" VPOS="1146" WIDTH="11" HEIGHT="31" WC="0.96" CONTENT="i"/><SP WIDTH="24" VPOS="1146" HPOS="532"/>
							<String ID="string_199" HPOS="556" VPOS="1149" WIDTH="66" HEIGHT="28" WC="0.96" CONTENT="stor"/><SP WIDTH="24" VPOS="1149" HPOS="622"/>
							<String ID="string_200" HPOS="646" VPOS="1144" WIDTH="229" HEIGHT="38" WC="0.95" CONTENT="utsträckning"/><SP WIDTH="23" VPOS="1144" HPOS="875"/>
							<String ID="string_201" HPOS="898" VPOS="1144" WIDTH="135" HEIGHT="32" WC="0.96" CONTENT="baserad"/><SP WIDTH="24" VPOS="1144" HPOS="1033"/>
							<String ID="string_202" HPOS="1057" VPOS="1144" WIDTH="45" HEIGHT="37" WC="0.91" CONTENT="på"/><SP WIDTH="22" VPOS="1144" HPOS="1102"/>
							<String ID="string_203" HPOS="1124" VPOS="1142" WIDTH="394" HEIGHT="37" WC="0.90" CONTENT="avbetalningssystemet."/><SP WIDTH="26" VPOS="1142" HPOS="1518"/>
							<String ID="string_204" HPOS="1544" VPOS="1139" WIDTH="260" HEIGHT="37" WC="0.91" CONTENT="Handräckning"/>
						</TextLine>
						<TextLine ID="line_21" HPOS="320" VPOS="1182" WIDTH="1483" HEIGHT="45">
							<String ID="string_205" HPOS="320" VPOS="1191" WIDTH="51" HEIGHT="32" WC="0.93" CONTENT="för"/><SP WIDTH="24" VPOS="1191" HPOS="371"/>
							<String ID="string_206" HPOS="395" VPOS="1190" WIDTH="316" HEIGHT="33" WC="0.91" CONTENT="återbekommandet"/><SP WIDTH="24" VPOS="1190" HPOS="711"/>
							<String ID="string_207" HPOS="735" VPOS="1202" WIDTH="41" HEIGHT="19" WC="0.95" CONTENT="av"/><SP WIDTH="25" VPOS="1202" HPOS="776"/>
							<String ID="string_208" HPOS="801" VPOS="1201" WIDTH="104" HEIGHT="26" WC="0.96" CONTENT="varor,"/><SP WIDTH="26" VPOS="1201" HPOS="905"/>
							<String ID="string_209" HPOS="931" VPOS="1201" WIDTH="67" HEIGHT="19" WC="0.96" CONTENT="som"/><SP WIDTH="24" VPOS="1201" HPOS="998"/>
							<String ID="string_210" HPOS="1022" VPOS="1188" WIDTH="79" HEIGHT="32" WC="0.96" CONTENT="sålts"/><SP WIDTH="24" VPOS="1188" HPOS="1101"/>
							<String ID="string_211" HPOS="1125" VPOS="1188" WIDTH="43" HEIGHT="37" WC="0.96" CONTENT="på"/><SP WIDTH="23" VPOS="1188" HPOS="1168"/>
							<String ID="string_212" HPOS="1191" VPOS="1185" WIDTH="212" HEIGHT="38" WC="0.96" CONTENT="avbetalning"/><SP WIDTH="23" VPOS="1185" HPOS="1403"/>
							<String ID="string_213" HPOS="1426" VPOS="1184" WIDTH="83" HEIGHT="33" WC="0.96" CONTENT="hade"/><SP WIDTH="23" VPOS="1184" HPOS="1509"/>
							<String ID="string_214" HPOS="1532" VPOS="1184" WIDTH="130" HEIGHT="38" WC="0.96" CONTENT="begärts"/><SP WIDTH="22" VPOS="1184" HPOS="1662"/>
							<String ID="string_215" HPOS="1684" VPOS="1183" WIDTH="60" HEIGHT="32" WC="0.96" CONTENT="hos"/><SP WIDTH="22" VPOS="1183" HPOS="1744"/>
							<String ID="string_216" HPOS="1766" VPOS="1182" WIDTH="37" HEIGHT="32" WC="0.93" CONTENT="de"/>
						</TextLine>
						<TextLine ID="line_22" HPOS="318" VPOS="1226" WIDTH="1486" HEIGHT="47">
							<String ID="string_217" HPOS="318" VPOS="1235" WIDTH="175" HEIGHT="32" WC="0.96" CONTENT="exekutiva"/><SP WIDTH="22" VPOS="1235" HPOS="493"/>
							<String ID="string_218" HPOS="515" VPOS="1235" WIDTH="271" HEIGHT="38" WC="0.96" CONTENT="myndigheterna"/><SP WIDTH="21" VPOS="1235" HPOS="786"/>
							<String ID="string_219" HPOS="807" VPOS="1234" WIDTH="12" HEIGHT="31" WC="0.95" CONTENT="i"/><SP WIDTH="24" VPOS="1234" HPOS="819"/>
							<String ID="string_220" HPOS="843" VPOS="1233" WIDTH="126" HEIGHT="39" WC="0.95" CONTENT="ganska"/><SP WIDTH="23" VPOS="1233" HPOS="969"/>
							<String ID="string_221" HPOS="992" VPOS="1236" WIDTH="66" HEIGHT="29" WC="0.96" CONTENT="stor"/><SP WIDTH="21" VPOS="1236" HPOS="1058"/>
							<String ID="string_222" HPOS="1079" VPOS="1231" WIDTH="238" HEIGHT="38" WC="0.95" CONTENT="utsträckning."/><SP WIDTH="25" VPOS="1231" HPOS="1317"/>
							<String ID="string_223" HPOS="1342" VPOS="1231" WIDTH="69" HEIGHT="31" WC="0.96" CONTENT="Hos"/><SP WIDTH="25" VPOS="1231" HPOS="1411"/>
							<String ID="string_224" HPOS="1436" VPOS="1229" WIDTH="100" HEIGHT="32" WC="0.93" CONTENT="förste"/><SP WIDTH="23" VPOS="1229" HPOS="1536"/>
							<String ID="string_225" HPOS="1559" VPOS="1227" WIDTH="210" HEIGHT="38" WC="0.90" CONTENT="stadsfogden"/><SP WIDTH="23" VPOS="1227" HPOS="1769"/>
							<String ID="string_226" HPOS="1792" VPOS="1226" WIDTH="12" HEIGHT="31" WC="0.96" CONTENT="i"/>
						</TextLine>
						<TextLine ID="line_23" HPOS="319" VPOS="1271" WIDTH="1484" HEIGHT="47">
							<String ID="string_227" HPOS="319" VPOS="1280" WIDTH="162" HEIGHT="38" WC="0.96" CONTENT="Göteborg"/><SP WIDTH="25" VPOS="1280" HPOS="481"/>
							<String ID="string_228" HPOS="506" VPOS="1279" WIDTH="143" HEIGHT="38" WC="0.96" CONTENT="begärda"/><SP WIDTH="23" VPOS="1279" HPOS="649"/>
							<String ID="string_229" HPOS="672" VPOS="1279" WIDTH="117" HEIGHT="37" WC="0.93" CONTENT="dylika"/><SP WIDTH="24" VPOS="1279" HPOS="789"/>
							<String ID="string_230" HPOS="813" VPOS="1277" WIDTH="286" HEIGHT="38" WC="0.92" CONTENT="handräckningar"/><SP WIDTH="24" VPOS="1277" HPOS="1099"/>
							<String ID="string_231" HPOS="1123" VPOS="1275" WIDTH="235" HEIGHT="39" WC="0.96" CONTENT="uppskattades"/><SP WIDTH="26" VPOS="1275" HPOS="1358"/>
							<String ID="string_232" HPOS="1384" VPOS="1275" WIDTH="53" HEIGHT="31" WC="0.96" CONTENT="till"/><SP WIDTH="25" VPOS="1275" HPOS="1437"/>
							<String ID="string_233" HPOS="1462" VPOS="1285" WIDTH="64" HEIGHT="21" WC="0.63" CONTENT="c:a"/><SP WIDTH="25" VPOS="1285" HPOS="1526"/>
							<String ID="string_234" HPOS="1551" VPOS="1274" WIDTH="63" HEIGHT="30" WC="0.96" CONTENT="200"/><SP WIDTH="26" VPOS="1274" HPOS="1614"/>
							<String ID="string_235" HPOS="1640" VPOS="1272" WIDTH="102" HEIGHT="31" WC="0.95" CONTENT="under"/><SP WIDTH="26" VPOS="1272" HPOS="1742"/>
							<String ID="string_236" HPOS="1768" VPOS="1271" WIDTH="35" HEIGHT="31" WC="0.95" CONTENT="år"/>
						</TextLine>
						<TextLine ID="line_24" HPOS="320" VPOS="1317" WIDTH="1480" HEIGHT="44">
							<String ID="string_237" HPOS="320" VPOS="1325" WIDTH="93" HEIGHT="36" WC="0.96" CONTENT="1926,"/><SP WIDTH="27" VPOS="1325" HPOS="413"/>
							<String ID="string_238" HPOS="440" VPOS="1324" WIDTH="12" HEIGHT="30" WC="0.96" CONTENT="i"/><SP WIDTH="29" VPOS="1324" HPOS="452"/>
							<String ID="string_239" HPOS="481" VPOS="1323" WIDTH="145" HEIGHT="32" WC="0.96" CONTENT="flertalet"/><SP WIDTH="27" VPOS="1323" HPOS="626"/>
							<String ID="string_240" HPOS="653" VPOS="1323" WIDTH="62" HEIGHT="31" WC="0.96" CONTENT="fall"/><SP WIDTH="28" VPOS="1323" HPOS="715"/>
							<String ID="string_241" HPOS="743" VPOS="1323" WIDTH="51" HEIGHT="31" WC="0.95" CONTENT="för"/><SP WIDTH="26" VPOS="1323" HPOS="794"/>
							<String ID="string_242" HPOS="820" VPOS="1322" WIDTH="54" HEIGHT="31" WC="0.95" CONTENT="till"/><SP WIDTH="27" VPOS="1322" HPOS="874"/>
							<String ID="string_243" HPOS="901" VPOS="1333" WIDTH="96" HEIGHT="27" WC="0.96" CONTENT="synes"/><SP WIDTH="28" VPOS="1333" HPOS="997"/>
							<String ID="string_244" HPOS="1025" VPOS="1333" WIDTH="77" HEIGHT="20" WC="0.93" CONTENT="rena"/><SP WIDTH="27" VPOS="1333" HPOS="1102"/>
							<String ID="string_245" HPOS="1129" VPOS="1321" WIDTH="73" HEIGHT="37" WC="0.91" CONTENT="lyx-"/><SP WIDTH="26" VPOS="1321" HPOS="1202"/>
							<String ID="string_246" HPOS="1228" VPOS="1320" WIDTH="58" HEIGHT="32" WC="0.93" CONTENT="och"/><SP WIDTH="29" VPOS="1320" HPOS="1286"/>
							<String ID="string_247" HPOS="1315" VPOS="1319" WIDTH="270" HEIGHT="32" WC="0.91" CONTENT="överflödsvaror."/><SP WIDTH="28" VPOS="1319" HPOS="1585"/>
							<String ID="string_248" HPOS="1613" VPOS="1338" WIDTH="45" HEIGHT="3" WC="0.89" CONTENT="—"/><SP WIDTH="25" VPOS="1338" HPOS="1658"/>
							<String ID="string_249" HPOS="1683" VPOS="1317" WIDTH="117" HEIGHT="31" WC="0.96" CONTENT="Ehuru"/>
						</TextLine>
						<TextLine ID="line_25" HPOS="318" VPOS="1361" WIDTH="1483" HEIGHT="45">
							<String ID="string_250" HPOS="318" VPOS="1368" WIDTH="131" HEIGHT="38" WC="0.96" CONTENT="mycket"/><SP WIDTH="26" VPOS="1368" HPOS="449"/>
							<String ID="string_251" HPOS="475" VPOS="1372" WIDTH="86" HEIGHT="28" WC="0.96" CONTENT="stora"/><SP WIDTH="25" VPOS="1372" HPOS="561"/>
							<String ID="string_252" HPOS="586" VPOS="1367" WIDTH="202" HEIGHT="38" WC="0.96" CONTENT="svårigheter"/><SP WIDTH="25" VPOS="1367" HPOS="788"/>
							<String ID="string_253" HPOS="813" VPOS="1366" WIDTH="106" HEIGHT="33" WC="0.95" CONTENT="skulle"/><SP WIDTH="27" VPOS="1366" HPOS="919"/>
							<String ID="string_254" HPOS="946" VPOS="1369" WIDTH="88" HEIGHT="28" WC="0.96" CONTENT="möta"/><SP WIDTH="26" VPOS="1369" HPOS="1034"/>
							<String ID="string_255" HPOS="1060" VPOS="1365" WIDTH="60" HEIGHT="32" WC="0.96" CONTENT="den"/><SP WIDTH="25" VPOS="1365" HPOS="1120"/>
							<String ID="string_256" HPOS="1145" VPOS="1365" WIDTH="199" HEIGHT="37" WC="0.96" CONTENT="ifrågasatta"/><SP WIDTH="24" VPOS="1365" HPOS="1344"/>
							<String ID="string_257" HPOS="1368" VPOS="1363" WIDTH="225" HEIGHT="38" WC="0.96" CONTENT="utredningen,"/><SP WIDTH="26" VPOS="1363" HPOS="1593"/>
							<String ID="string_258" HPOS="1619" VPOS="1373" WIDTH="75" HEIGHT="20" WC="0.96" CONTENT="vore"/><SP WIDTH="27" VPOS="1373" HPOS="1694"/>
							<String ID="string_259" HPOS="1721" VPOS="1361" WIDTH="80" HEIGHT="32" WC="0.96" CONTENT="dock"/>
						</TextLine>
						<TextLine ID="line_26" HPOS="319" VPOS="1406" WIDTH="1485" HEIGHT="44">
							<String ID="string_260" HPOS="319" VPOS="1413" WIDTH="92" HEIGHT="32" WC="0.95" CONTENT="såväl"/><SP WIDTH="24" VPOS="1413" HPOS="411"/>
							<String ID="string_261" HPOS="435" VPOS="1412" WIDTH="238" HEIGHT="38" WC="0.96" CONTENT="omfattningen"/><SP WIDTH="26" VPOS="1412" HPOS="673"/>
							<String ID="string_262" HPOS="699" VPOS="1424" WIDTH="41" HEIGHT="20" WC="0.96" CONTENT="av"/><SP WIDTH="25" VPOS="1424" HPOS="740"/>
							<String ID="string_263" HPOS="765" VPOS="1411" WIDTH="37" HEIGHT="32" WC="0.91" CONTENT="de"/><SP WIDTH="23" VPOS="1411" HPOS="802"/>
							<String ID="string_264" HPOS="825" VPOS="1423" WIDTH="27" HEIGHT="20" WC="0.90" CONTENT="s."/><SP WIDTH="23" VPOS="1423" HPOS="852"/>
							<String ID="string_265" HPOS="875" VPOS="1411" WIDTH="33" HEIGHT="31" WC="0.93" CONTENT="k."/><SP WIDTH="25" VPOS="1411" HPOS="908"/>
							<String ID="string_266" HPOS="933" VPOS="1409" WIDTH="399" HEIGHT="39" WC="0.90" CONTENT="avbetalningsaffärerna"/><SP WIDTH="23" VPOS="1409" HPOS="1332"/>
							<String ID="string_267" HPOS="1355" VPOS="1420" WIDTH="67" HEIGHT="21" WC="0.96" CONTENT="som"/><SP WIDTH="24" VPOS="1420" HPOS="1422"/>
							<String ID="string_268" HPOS="1446" VPOS="1408" WIDTH="71" HEIGHT="31" WC="0.96" CONTENT="dess"/><SP WIDTH="24" VPOS="1408" HPOS="1517"/>
							<String ID="string_269" HPOS="1541" VPOS="1406" WIDTH="198" HEIGHT="38" WC="0.96" CONTENT="verkningar"/><SP WIDTH="24" VPOS="1406" HPOS="1739"/>
							<String ID="string_270" HPOS="1763" VPOS="1417" WIDTH="41" HEIGHT="21" WC="0.96" CONTENT="av"/>
						</TextLine>
						<TextLine ID="line_27" HPOS="319" VPOS="1449" WIDTH="1483" HEIGHT="47">
							<String ID="string_271" HPOS="319" VPOS="1458" WIDTH="60" HEIGHT="32" WC="0.96" CONTENT="den"/><SP WIDTH="21" VPOS="1458" HPOS="379"/>
							<String ID="string_272" HPOS="400" VPOS="1457" WIDTH="175" HEIGHT="39" WC="0.96" CONTENT="betydelse,"/><SP WIDTH="24" VPOS="1457" HPOS="575"/>
							<String ID="string_273" HPOS="599" VPOS="1460" WIDTH="49" HEIGHT="29" WC="0.96" CONTENT="att"/><SP WIDTH="20" VPOS="1460" HPOS="648"/>
							<String ID="string_274" HPOS="668" VPOS="1457" WIDTH="38" HEIGHT="32" WC="0.96" CONTENT="de"/><SP WIDTH="22" VPOS="1457" HPOS="706"/>
							<String ID="string_275" HPOS="728" VPOS="1456" WIDTH="96" HEIGHT="33" WC="0.96" CONTENT="borde"/><SP WIDTH="20" VPOS="1456" HPOS="824"/>
							<String ID="string_276" HPOS="844" VPOS="1455" WIDTH="162" HEIGHT="39" WC="0.96" CONTENT="berättiga"/><SP WIDTH="20" VPOS="1455" HPOS="1006"/>
							<String ID="string_277" HPOS="1026" VPOS="1455" WIDTH="52" HEIGHT="33" WC="0.96" CONTENT="till"/><SP WIDTH="22" VPOS="1455" HPOS="1078"/>
							<String ID="string_278" HPOS="1100" VPOS="1453" WIDTH="226" HEIGHT="39" WC="0.96" CONTENT="företagandet"/><SP WIDTH="20" VPOS="1453" HPOS="1326"/>
							<String ID="string_279" HPOS="1346" VPOS="1465" WIDTH="41" HEIGHT="20" WC="0.96" CONTENT="av"/><SP WIDTH="23" VPOS="1465" HPOS="1387"/>
							<String ID="string_280" HPOS="1410" VPOS="1452" WIDTH="59" HEIGHT="32" WC="0.96" CONTENT="den"/><SP WIDTH="23" VPOS="1452" HPOS="1469"/>
							<String ID="string_281" HPOS="1492" VPOS="1451" WIDTH="186" HEIGHT="38" WC="0.93" CONTENT="föreslagna"/><SP WIDTH="18" VPOS="1451" HPOS="1678"/>
							<String ID="string_282" HPOS="1696" VPOS="1449" WIDTH="106" HEIGHT="33" WC="0.92" CONTENT="utred-"/>
						</TextLine>
						<TextLine ID="line_28" HPOS="320" VPOS="1514" WIDTH="130" HEIGHT="26">
							<String ID="string_283" HPOS="320" VPOS="1514" WIDTH="130" HEIGHT="26" WC="0.96" CONTENT="ningen."/>
						</TextLine>
					</TextBlock>
				</ComposedBlock>
				<ComposedBlock ID="cblock_3" HPOS="317" VPOS="1593" WIDTH="1488" HEIGHT="222">
					<TextBlock ID="block_3" HPOS="317" VPOS="1593" WIDTH="1488" HEIGHT="222">
						<TextLine ID="line_29" HPOS="367" VPOS="1593" WIDTH="1436" HEIGHT="43">
							<String ID="string_284" HPOS="367" VPOS="1598" WIDTH="266" HEIGHT="38" WC="0.96" CONTENT="Västergötlands"/><SP WIDTH="26" VPOS="1598" HPOS="633"/>
							<String ID="string_285" HPOS="659" VPOS="1599" WIDTH="59" HEIGHT="31" WC="0.96" CONTENT="och"/><SP WIDTH="25" VPOS="1599" HPOS="718"/>
							<String ID="string_286" HPOS="743" VPOS="1599" WIDTH="106" HEIGHT="31" WC="0.96" CONTENT="Norra"/><SP WIDTH="24" VPOS="1599" HPOS="849"/>
							<String ID="string_287" HPOS="873" VPOS="1598" WIDTH="163" HEIGHT="33" WC="0.95" CONTENT="Hallands"/><SP WIDTH="25" VPOS="1598" HPOS="1036"/>
							<String ID="string_288" HPOS="1061" VPOS="1597" WIDTH="302" HEIGHT="32" WC="0.96" CONTENT="handelskammare"/><SP WIDTH="26" VPOS="1597" HPOS="1363"/>
							<String ID="string_289" HPOS="1389" VPOS="1596" WIDTH="172" HEIGHT="37" WC="0.96" CONTENT="meddelar,"/><SP WIDTH="26" VPOS="1596" HPOS="1561"/>
							<String ID="string_290" HPOS="1587" VPOS="1598" WIDTH="50" HEIGHT="28" WC="0.92" CONTENT="att"/><SP WIDTH="25" VPOS="1598" HPOS="1637"/>
							<String ID="string_291" HPOS="1662" VPOS="1593" WIDTH="141" HEIGHT="33" WC="0.91" CONTENT="avbetal-"/>
						</TextLine>
						<TextLine ID="line_30" HPOS="321" VPOS="1638" WIDTH="1483" HEIGHT="44">
							<String ID="string_292" HPOS="321" VPOS="1643" WIDTH="253" HEIGHT="39" WC="0.90" CONTENT="ningssystemet"/><SP WIDTH="25" VPOS="1643" HPOS="574"/>
							<String ID="string_293" HPOS="599" VPOS="1643" WIDTH="87" HEIGHT="31" WC="0.96" CONTENT="inom"/><SP WIDTH="28" VPOS="1643" HPOS="686"/>
							<String ID="string_294" HPOS="714" VPOS="1642" WIDTH="165" HEIGHT="33" WC="0.96" CONTENT="distriktet"/><SP WIDTH="23" VPOS="1642" HPOS="879"/>
							<String ID="string_295" HPOS="902" VPOS="1642" WIDTH="30" HEIGHT="38" WC="0.96" CONTENT="ej"/><SP WIDTH="25" VPOS="1642" HPOS="932"/>
							<String ID="string_296" HPOS="957" VPOS="1642" WIDTH="90" HEIGHT="31" WC="0.96" CONTENT="torde"/><SP WIDTH="26" VPOS="1642" HPOS="1047"/>
							<String ID="string_297" HPOS="1073" VPOS="1641" WIDTH="87" HEIGHT="32" WC="0.96" CONTENT="hava"/><SP WIDTH="25" VPOS="1641" HPOS="1160"/>
							<String ID="string_298" HPOS="1185" VPOS="1640" WIDTH="138" HEIGHT="32" WC="0.96" CONTENT="kommit"/><SP WIDTH="26" VPOS="1640" HPOS="1323"/>
							<String ID="string_299" HPOS="1349" VPOS="1640" WIDTH="53" HEIGHT="32" WC="0.95" CONTENT="till"/><SP WIDTH="28" VPOS="1640" HPOS="1402"/>
							<String ID="string_300" HPOS="1430" VPOS="1651" WIDTH="125" HEIGHT="21" WC="0.96" CONTENT="samma"/><SP WIDTH="23" VPOS="1651" HPOS="1555"/>
							<String ID="string_301" HPOS="1578" VPOS="1638" WIDTH="151" HEIGHT="38" WC="0.93" CONTENT="kraftiga"/><SP WIDTH="26" VPOS="1638" HPOS="1729"/>
							<String ID="string_302" HPOS="1755" VPOS="1640" WIDTH="49" HEIGHT="29" WC="0.93" CONTENT="ut-"/>
						</TextLine>
						<TextLine ID="line_31" HPOS="317" VPOS="1682" WIDTH="1486" HEIGHT="44">
							<String ID="string_303" HPOS="317" VPOS="1688" WIDTH="153" HEIGHT="38" WC="0.96" CONTENT="veckling"/><SP WIDTH="21" VPOS="1688" HPOS="470"/>
							<String ID="string_304" HPOS="491" VPOS="1700" WIDTH="67" HEIGHT="20" WC="0.96" CONTENT="som"/><SP WIDTH="21" VPOS="1700" HPOS="558"/>
							<String ID="string_305" HPOS="579" VPOS="1687" WIDTH="87" HEIGHT="33" WC="0.95" CONTENT="inom"/><SP WIDTH="23" VPOS="1687" HPOS="666"/>
							<String ID="string_306" HPOS="689" VPOS="1687" WIDTH="103" HEIGHT="33" WC="0.95" CONTENT="andra"/><SP WIDTH="21" VPOS="1687" HPOS="792"/>
							<String ID="string_307" HPOS="813" VPOS="1687" WIDTH="89" HEIGHT="32" WC="0.96" CONTENT="delar"/><SP WIDTH="21" VPOS="1687" HPOS="902"/>
							<String ID="string_308" HPOS="923" VPOS="1699" WIDTH="41" HEIGHT="20" WC="0.96" CONTENT="av"/><SP WIDTH="21" VPOS="1699" HPOS="964"/>
							<String ID="string_309" HPOS="985" VPOS="1686" WIDTH="120" HEIGHT="32" WC="0.96" CONTENT="landet."/><SP WIDTH="21" VPOS="1686" HPOS="1105"/>
							<String ID="string_310" HPOS="1126" VPOS="1685" WIDTH="65" HEIGHT="33" WC="0.93" CONTENT="Det"/><SP WIDTH="21" VPOS="1685" HPOS="1191"/>
							<String ID="string_311" HPOS="1212" VPOS="1685" WIDTH="143" HEIGHT="32" WC="0.91" CONTENT="befunne"/><SP WIDTH="23" VPOS="1685" HPOS="1355"/>
							<String ID="string_312" HPOS="1378" VPOS="1684" WIDTH="51" HEIGHT="39" WC="0.96" CONTENT="sig"/><SP WIDTH="21" VPOS="1684" HPOS="1429"/>
							<String ID="string_313" HPOS="1450" VPOS="1684" WIDTH="81" HEIGHT="32" WC="0.96" CONTENT="dock"/><SP WIDTH="22" VPOS="1684" HPOS="1531"/>
							<String ID="string_314" HPOS="1553" VPOS="1684" WIDTH="43" HEIGHT="38" WC="0.96" CONTENT="på"/><SP WIDTH="20" VPOS="1684" HPOS="1596"/>
							<String ID="string_315" HPOS="1616" VPOS="1684" WIDTH="36" HEIGHT="31" WC="0.97" CONTENT="så"/><SP WIDTH="22" VPOS="1684" HPOS="1652"/>
							<String ID="string_316" HPOS="1674" VPOS="1682" WIDTH="129" HEIGHT="38" WC="0.96" CONTENT="kraftig"/>
						</TextLine>
						<TextLine ID="line_32" HPOS="321" VPOS="1726" WIDTH="1484" HEIGHT="43">
							<String ID="string_317" HPOS="321" VPOS="1732" WIDTH="223" HEIGHT="37" WC="0.96" CONTENT="frammarsch,"/><SP WIDTH="27" VPOS="1732" HPOS="544"/>
							<String ID="string_318" HPOS="571" VPOS="1735" WIDTH="48" HEIGHT="29" WC="0.96" CONTENT="att"/><SP WIDTH="26" VPOS="1735" HPOS="619"/>
							<String ID="string_319" HPOS="645" VPOS="1744" WIDTH="37" HEIGHT="20" WC="0.96" CONTENT="en"/><SP WIDTH="28" VPOS="1744" HPOS="682"/>
							<String ID="string_320" HPOS="710" VPOS="1731" WIDTH="175" HEIGHT="38" WC="0.96" CONTENT="utredning"/><SP WIDTH="26" VPOS="1731" HPOS="885"/>
							<String ID="string_321" HPOS="911" VPOS="1734" WIDTH="110" HEIGHT="35" WC="0.96" CONTENT="syntes"/><SP WIDTH="26" VPOS="1734" HPOS="1021"/>
							<String ID="string_322" HPOS="1047" VPOS="1730" WIDTH="325" HEIGHT="33" WC="0.96" CONTENT="handelskammaren"/><SP WIDTH="25" VPOS="1730" HPOS="1372"/>
							<String ID="string_323" HPOS="1397" VPOS="1740" WIDTH="80" HEIGHT="21" WC="0.96" CONTENT="vara"/><SP WIDTH="24" VPOS="1740" HPOS="1477"/>
							<String ID="string_324" HPOS="1501" VPOS="1740" WIDTH="41" HEIGHT="20" WC="0.96" CONTENT="av"/><SP WIDTH="26" VPOS="1740" HPOS="1542"/>
							<String ID="string_325" HPOS="1568" VPOS="1727" WIDTH="28" HEIGHT="38" WC="0.96" CONTENT="ej"/><SP WIDTH="27" VPOS="1727" HPOS="1596"/>
							<String ID="string_326" HPOS="1623" VPOS="1726" WIDTH="182" HEIGHT="38" WC="0.96" CONTENT="oväsentlig"/>
						</TextLine>
						<TextLine ID="line_33" HPOS="320" VPOS="1775" WIDTH="586" HEIGHT="40">
							<String ID="string_327" HPOS="320" VPOS="1777" WIDTH="165" HEIGHT="38" WC="0.96" CONTENT="betydelse"/><SP WIDTH="21" VPOS="1777" HPOS="485"/>
							<String ID="string_328" HPOS="506" VPOS="1781" WIDTH="80" HEIGHT="27" WC="0.96" CONTENT="även"/><SP WIDTH="19" VPOS="1781" HPOS="586"/>
							<String ID="string_329" HPOS="605" VPOS="1777" WIDTH="51" HEIGHT="31" WC="0.96" CONTENT="för"/><SP WIDTH="18" VPOS="1777" HPOS="656"/>
							<String ID="string_330" HPOS="674" VPOS="1776" WIDTH="71" HEIGHT="32" WC="0.95" CONTENT="dess"/><SP WIDTH="19" VPOS="1776" HPOS="745"/>
							<String ID="string_331" HPOS="764" VPOS="1775" WIDTH="142" HEIGHT="32" WC="0.95" CONTENT="distrikt."/>
						</TextLine>
					</TextBlock>
				</ComposedBlock>
				<ComposedBlock ID="cblock_4" HPOS="318" VPOS="1870" WIDTH="1488" HEIGHT="666">
					<TextBlock ID="block_4" HPOS="318" VPOS="1870" WIDTH="1488" HEIGHT="666">
						<TextLine ID="line_34" HPOS="367" VPOS="1870" WIDTH="1436" HEIGHT="39">
							<String ID="string_332" HPOS="367" VPOS="1872" WIDTH="287" HEIGHT="33" WC="0.96" CONTENT="Västernorrlands"/><SP WIDTH="20" VPOS="1872" HPOS="654"/>
							<String ID="string_333" HPOS="674" VPOS="1873" WIDTH="58" HEIGHT="32" WC="0.96" CONTENT="och"/><SP WIDTH="19" VPOS="1873" HPOS="732"/>
							<String ID="string_334" HPOS="751" VPOS="1872" WIDTH="189" HEIGHT="32" WC="0.95" CONTENT="Jämtlands"/><SP WIDTH="21" VPOS="1872" HPOS="940"/>
							<String ID="string_335" HPOS="961" VPOS="1872" WIDTH="71" HEIGHT="32" WC="0.96" CONTENT="läns"/><SP WIDTH="20" VPOS="1872" HPOS="1032"/>
							<String ID="string_336" HPOS="1052" VPOS="1871" WIDTH="300" HEIGHT="33" WC="0.96" CONTENT="handelskammare"/><SP WIDTH="20" VPOS="1871" HPOS="1352"/>
							<String ID="string_337" HPOS="1372" VPOS="1871" WIDTH="104" HEIGHT="38" WC="0.96" CONTENT="anför,"/><SP WIDTH="21" VPOS="1871" HPOS="1476"/>
							<String ID="string_338" HPOS="1497" VPOS="1874" WIDTH="48" HEIGHT="29" WC="0.93" CONTENT="att"/><SP WIDTH="18" VPOS="1874" HPOS="1545"/>
							<String ID="string_339" HPOS="1563" VPOS="1870" WIDTH="240" HEIGHT="38" WC="0.90" CONTENT="avbetalnings-"/>
						</TextLine>
						<TextLine ID="line_35" HPOS="321" VPOS="1914" WIDTH="1481" HEIGHT="43">
							<String ID="string_340" HPOS="321" VPOS="1922" WIDTH="154" HEIGHT="35" WC="0.96" CONTENT="systemet"/><SP WIDTH="21" VPOS="1922" HPOS="475"/>
							<String ID="string_341" HPOS="496" VPOS="1930" WIDTH="135" HEIGHT="21" WC="0.96" CONTENT="numera"/><SP WIDTH="23" VPOS="1930" HPOS="631"/>
							<String ID="string_342" HPOS="654" VPOS="1918" WIDTH="95" HEIGHT="32" WC="0.96" CONTENT="råkat"/><SP WIDTH="23" VPOS="1918" HPOS="749"/>
							<String ID="string_343" HPOS="772" VPOS="1919" WIDTH="44" HEIGHT="37" WC="0.96" CONTENT="på"/><SP WIDTH="24" VPOS="1919" HPOS="816"/>
							<String ID="string_344" HPOS="840" VPOS="1922" WIDTH="145" HEIGHT="34" WC="0.96" CONTENT="avvägar"/><SP WIDTH="22" VPOS="1922" HPOS="985"/>
							<String ID="string_345" HPOS="1007" VPOS="1917" WIDTH="53" HEIGHT="32" WC="0.95" CONTENT="till"/><SP WIDTH="25" VPOS="1917" HPOS="1060"/>
							<String ID="string_346" HPOS="1085" VPOS="1917" WIDTH="103" HEIGHT="33" WC="0.96" CONTENT="skada"/><SP WIDTH="22" VPOS="1917" HPOS="1188"/>
							<String ID="string_347" HPOS="1210" VPOS="1917" WIDTH="71" HEIGHT="33" WC="0.96" CONTENT="icke"/><SP WIDTH="24" VPOS="1917" HPOS="1281"/>
							<String ID="string_348" HPOS="1305" VPOS="1916" WIDTH="83" HEIGHT="34" WC="0.96" CONTENT="blott"/><SP WIDTH="26" VPOS="1916" HPOS="1388"/>
							<String ID="string_349" HPOS="1414" VPOS="1916" WIDTH="51" HEIGHT="32" WC="0.96" CONTENT="för"/><SP WIDTH="24" VPOS="1916" HPOS="1465"/>
							<String ID="string_350" HPOS="1489" VPOS="1915" WIDTH="60" HEIGHT="33" WC="0.96" CONTENT="den"/><SP WIDTH="24" VPOS="1915" HPOS="1549"/>
							<String ID="string_351" HPOS="1573" VPOS="1914" WIDTH="148" HEIGHT="39" WC="0.93" CONTENT="köpande"/><SP WIDTH="23" VPOS="1914" HPOS="1721"/>
							<String ID="string_352" HPOS="1744" VPOS="1914" WIDTH="58" HEIGHT="32" WC="0.88" CONTENT="all-"/>
						</TextLine>
						<TextLine ID="line_36" HPOS="319" VPOS="1958" WIDTH="1483" HEIGHT="39">
							<String ID="string_353" HPOS="319" VPOS="1963" WIDTH="169" HEIGHT="32" WC="0.92" CONTENT="mänheten"/><SP WIDTH="25" VPOS="1963" HPOS="488"/>
							<String ID="string_354" HPOS="513" VPOS="1966" WIDTH="80" HEIGHT="28" WC="0.95" CONTENT="utan"/><SP WIDTH="24" VPOS="1966" HPOS="593"/>
							<String ID="string_355" HPOS="617" VPOS="1967" WIDTH="80" HEIGHT="27" WC="0.96" CONTENT="även"/><SP WIDTH="27" VPOS="1967" HPOS="697"/>
							<String ID="string_356" HPOS="724" VPOS="1962" WIDTH="51" HEIGHT="32" WC="0.96" CONTENT="för"/><SP WIDTH="23" VPOS="1962" HPOS="775"/>
							<String ID="string_357" HPOS="798" VPOS="1962" WIDTH="61" HEIGHT="32" WC="0.96" CONTENT="den"/><SP WIDTH="23" VPOS="1962" HPOS="859"/>
							<String ID="string_358" HPOS="882" VPOS="1962" WIDTH="131" HEIGHT="32" WC="0.96" CONTENT="bofasta"/><SP WIDTH="23" VPOS="1962" HPOS="1013"/>
							<String ID="string_359" HPOS="1036" VPOS="1961" WIDTH="256" HEIGHT="33" WC="0.93" CONTENT="affärsmannen."/><SP WIDTH="28" VPOS="1961" HPOS="1292"/>
							<String ID="string_360" HPOS="1320" VPOS="1959" WIDTH="220" HEIGHT="34" WC="0.92" CONTENT="Samvetslösa"/><SP WIDTH="25" VPOS="1959" HPOS="1540"/>
							<String ID="string_361" HPOS="1565" VPOS="1962" WIDTH="131" HEIGHT="35" WC="0.96" CONTENT="agenter"/><SP WIDTH="23" VPOS="1962" HPOS="1696"/>
							<String ID="string_362" HPOS="1719" VPOS="1958" WIDTH="83" HEIGHT="32" WC="0.96" CONTENT="hade"/>
						</TextLine>
						<TextLine ID="line_37" HPOS="321" VPOS="2003" WIDTH="1485" HEIGHT="42">
							<String ID="string_363" HPOS="321" VPOS="2008" WIDTH="137" HEIGHT="37" WC="0.96" CONTENT="mången"/><SP WIDTH="20" VPOS="2008" HPOS="458"/>
							<String ID="string_364" HPOS="478" VPOS="2008" WIDTH="89" HEIGHT="37" WC="0.96" CONTENT="gång"/><SP WIDTH="19" VPOS="2008" HPOS="567"/>
							<String ID="string_365" HPOS="586" VPOS="2011" WIDTH="70" HEIGHT="28" WC="0.95" CONTENT="rent"/><SP WIDTH="20" VPOS="2011" HPOS="656"/>
							<String ID="string_366" HPOS="676" VPOS="2020" WIDTH="41" HEIGHT="19" WC="0.96" CONTENT="av"/><SP WIDTH="19" VPOS="2020" HPOS="717"/>
							<String ID="string_367" HPOS="736" VPOS="2007" WIDTH="174" HEIGHT="38" WC="0.96" CONTENT="påtvingat"/><SP WIDTH="17" VPOS="2007" HPOS="910"/>
							<String ID="string_368" HPOS="927" VPOS="2007" WIDTH="143" HEIGHT="37" WC="0.96" CONTENT="köparen"/><SP WIDTH="19" VPOS="2007" HPOS="1070"/>
							<String ID="string_369" HPOS="1089" VPOS="2018" WIDTH="38" HEIGHT="19" WC="0.96" CONTENT="en"/><SP WIDTH="19" VPOS="2018" HPOS="1127"/>
							<String ID="string_370" HPOS="1146" VPOS="2017" WIDTH="89" HEIGHT="26" WC="0.96" CONTENT="vara,"/><SP WIDTH="22" VPOS="2017" HPOS="1235"/>
							<String ID="string_371" HPOS="1257" VPOS="2017" WIDTH="66" HEIGHT="21" WC="0.96" CONTENT="som"/><SP WIDTH="21" VPOS="2017" HPOS="1323"/>
							<String ID="string_372" HPOS="1344" VPOS="2006" WIDTH="100" HEIGHT="31" WC="0.96" CONTENT="denne"/><SP WIDTH="19" VPOS="2006" HPOS="1444"/>
							<String ID="string_373" HPOS="1463" VPOS="2004" WIDTH="123" HEIGHT="32" WC="0.95" CONTENT="varken"/><SP WIDTH="18" VPOS="2004" HPOS="1586"/>
							<String ID="string_374" HPOS="1604" VPOS="2003" WIDTH="97" HEIGHT="33" WC="0.96" CONTENT="tänkt"/><SP WIDTH="18" VPOS="2003" HPOS="1701"/>
							<String ID="string_375" HPOS="1719" VPOS="2003" WIDTH="87" HEIGHT="37" WC="0.96" CONTENT="köpa"/>
						</TextLine>
						<TextLine ID="line_38" HPOS="319" VPOS="2047" WIDTH="1485" HEIGHT="42">
							<String ID="string_376" HPOS="319" VPOS="2052" WIDTH="78" HEIGHT="32" WC="0.96" CONTENT="eller"/><SP WIDTH="20" VPOS="2052" HPOS="397"/>
							<String ID="string_377" HPOS="417" VPOS="2052" WIDTH="83" HEIGHT="31" WC="0.96" CONTENT="hade"/><SP WIDTH="22" VPOS="2052" HPOS="500"/>
							<String ID="string_378" HPOS="522" VPOS="2053" WIDTH="105" HEIGHT="36" WC="0.96" CONTENT="någon"/><SP WIDTH="22" VPOS="2053" HPOS="627"/>
							<String ID="string_379" HPOS="649" VPOS="2051" WIDTH="151" HEIGHT="38" WC="0.96" CONTENT="praktisk"/><SP WIDTH="23" VPOS="2051" HPOS="800"/>
							<String ID="string_380" HPOS="823" VPOS="2054" WIDTH="96" HEIGHT="35" WC="0.96" CONTENT="nytta"/><SP WIDTH="21" VPOS="2054" HPOS="919"/>
							<String ID="string_381" HPOS="940" VPOS="2063" WIDTH="50" HEIGHT="20" WC="0.95" CONTENT="av."/><SP WIDTH="22" VPOS="2063" HPOS="990"/>
							<String ID="string_382" HPOS="1012" VPOS="2051" WIDTH="18" HEIGHT="30" WC="0.96" CONTENT="I"/><SP WIDTH="21" VPOS="2051" HPOS="1030"/>
							<String ID="string_383" HPOS="1051" VPOS="2051" WIDTH="101" HEIGHT="37" WC="0.96" CONTENT="några"/><SP WIDTH="24" VPOS="2051" HPOS="1152"/>
							<String ID="string_384" HPOS="1176" VPOS="2050" WIDTH="70" HEIGHT="37" WC="0.95" CONTENT="fall,"/><SP WIDTH="22" VPOS="2050" HPOS="1246"/>
							<String ID="string_385" HPOS="1268" VPOS="2050" WIDTH="58" HEIGHT="31" WC="0.97" CONTENT="där"/><SP WIDTH="20" VPOS="2050" HPOS="1326"/>
							<String ID="string_386" HPOS="1346" VPOS="2049" WIDTH="143" HEIGHT="37" WC="0.93" CONTENT="köparen"/><SP WIDTH="22" VPOS="2049" HPOS="1489"/>
							<String ID="string_387" HPOS="1511" VPOS="2048" WIDTH="123" HEIGHT="33" WC="0.93" CONTENT="avhänt"/><SP WIDTH="21" VPOS="2048" HPOS="1634"/>
							<String ID="string_388" HPOS="1655" VPOS="2047" WIDTH="51" HEIGHT="38" WC="0.96" CONTENT="sig"/><SP WIDTH="20" VPOS="2047" HPOS="1706"/>
							<String ID="string_389" HPOS="1726" VPOS="2047" WIDTH="78" HEIGHT="31" WC="0.96" CONTENT="eller"/>
						</TextLine>
						<TextLine ID="line_39" HPOS="321" VPOS="2090" WIDTH="1483" HEIGHT="40">
							<String ID="string_390" HPOS="321" VPOS="2096" WIDTH="173" HEIGHT="32" WC="0.96" CONTENT="förbrukat"/><SP WIDTH="20" VPOS="2096" HPOS="494"/>
							<String ID="string_391" HPOS="514" VPOS="2107" WIDTH="100" HEIGHT="21" WC="0.96" CONTENT="varan"/><SP WIDTH="23" VPOS="2107" HPOS="614"/>
							<String ID="string_392" HPOS="637" VPOS="2096" WIDTH="57" HEIGHT="31" WC="0.96" CONTENT="och"/><SP WIDTH="22" VPOS="2096" HPOS="694"/>
							<String ID="string_393" HPOS="716" VPOS="2095" WIDTH="70" HEIGHT="32" WC="0.96" CONTENT="icke"/><SP WIDTH="20" VPOS="2095" HPOS="786"/>
							<String ID="string_394" HPOS="806" VPOS="2095" WIDTH="127" HEIGHT="32" WC="0.96" CONTENT="kunnat"/><SP WIDTH="20" VPOS="2095" HPOS="933"/>
							<String ID="string_395" HPOS="953" VPOS="2095" WIDTH="107" HEIGHT="32" WC="0.96" CONTENT="betala"/><SP WIDTH="21" VPOS="2095" HPOS="1060"/>
							<String ID="string_396" HPOS="1081" VPOS="2094" WIDTH="200" HEIGHT="32" WC="0.92" CONTENT="återstående"/><SP WIDTH="21" VPOS="2094" HPOS="1281"/>
							<String ID="string_397" HPOS="1302" VPOS="2093" WIDTH="151" HEIGHT="37" WC="0.92" CONTENT="likvider,"/><SP WIDTH="20" VPOS="2093" HPOS="1453"/>
							<String ID="string_398" HPOS="1473" VPOS="2092" WIDTH="84" HEIGHT="33" WC="0.96" CONTENT="hade"/><SP WIDTH="20" VPOS="2092" HPOS="1557"/>
							<String ID="string_399" HPOS="1577" VPOS="2092" WIDTH="66" HEIGHT="31" WC="0.96" CONTENT="han"/><SP WIDTH="21" VPOS="2092" HPOS="1643"/>
							<String ID="string_400" HPOS="1664" VPOS="2090" WIDTH="140" HEIGHT="33" WC="0.95" CONTENT="anmälts"/>
						</TextLine>
						<TextLine ID="line_40" HPOS="322" VPOS="2138" WIDTH="1483" HEIGHT="39">
							<String ID="string_401" HPOS="322" VPOS="2140" WIDTH="51" HEIGHT="32" WC="0.96" CONTENT="för"/><SP WIDTH="23" VPOS="2140" HPOS="373"/>
							<String ID="string_402" HPOS="396" VPOS="2140" WIDTH="87" HEIGHT="32" WC="0.96" CONTENT="brott"/><SP WIDTH="23" VPOS="2140" HPOS="483"/>
							<String ID="string_403" HPOS="506" VPOS="2144" WIDTH="80" HEIGHT="28" WC="0.96" CONTENT="utan"/><SP WIDTH="25" VPOS="2144" HPOS="586"/>
							<String ID="string_404" HPOS="611" VPOS="2143" WIDTH="49" HEIGHT="29" WC="0.96" CONTENT="att"/><SP WIDTH="21" VPOS="2143" HPOS="660"/>
							<String ID="string_405" HPOS="681" VPOS="2152" WIDTH="79" HEIGHT="20" WC="0.96" CONTENT="vara"/><SP WIDTH="25" VPOS="2152" HPOS="760"/>
							<String ID="string_406" HPOS="785" VPOS="2140" WIDTH="166" HEIGHT="32" WC="0.96" CONTENT="medveten"/><SP WIDTH="23" VPOS="2140" HPOS="951"/>
							<String ID="string_407" HPOS="974" VPOS="2151" WIDTH="52" HEIGHT="20" WC="0.96" CONTENT="om"/><SP WIDTH="23" VPOS="2151" HPOS="1026"/>
							<String ID="string_408" HPOS="1049" VPOS="2141" WIDTH="106" HEIGHT="36" WC="0.96" CONTENT="någon"/><SP WIDTH="24" VPOS="2141" HPOS="1155"/>
							<String ID="string_409" HPOS="1179" VPOS="2139" WIDTH="153" HEIGHT="38" WC="0.96" CONTENT="brottslig"/><SP WIDTH="23" VPOS="2139" HPOS="1332"/>
							<String ID="string_410" HPOS="1355" VPOS="2138" WIDTH="170" HEIGHT="38" WC="0.94" CONTENT="handling."/><SP WIDTH="26" VPOS="2138" HPOS="1525"/>
							<String ID="string_411" HPOS="1551" VPOS="2138" WIDTH="141" HEIGHT="37" WC="0.95" CONTENT="Mången"/><SP WIDTH="25" VPOS="2138" HPOS="1692"/>
							<String ID="string_412" HPOS="1717" VPOS="2138" WIDTH="88" HEIGHT="37" WC="0.95" CONTENT="gång"/>
						</TextLine>
						<TextLine ID="line_41" HPOS="318" VPOS="2181" WIDTH="1485" HEIGHT="42">
							<String ID="string_413" HPOS="318" VPOS="2197" WIDTH="76" HEIGHT="20" WC="0.95" CONTENT="vore"/><SP WIDTH="20" VPOS="2197" HPOS="394"/>
							<String ID="string_414" HPOS="414" VPOS="2189" WIDTH="80" HEIGHT="28" WC="0.96" CONTENT="även"/><SP WIDTH="18" VPOS="2189" HPOS="494"/>
							<String ID="string_415" HPOS="512" VPOS="2188" WIDTH="156" HEIGHT="35" WC="0.96" CONTENT="systemet"/><SP WIDTH="21" VPOS="2188" HPOS="668"/>
							<String ID="string_416" HPOS="689" VPOS="2189" WIDTH="99" HEIGHT="34" WC="0.96" CONTENT="ägnat"/><SP WIDTH="19" VPOS="2189" HPOS="788"/>
							<String ID="string_417" HPOS="807" VPOS="2188" WIDTH="48" HEIGHT="29" WC="0.96" CONTENT="att"/><SP WIDTH="20" VPOS="2188" HPOS="855"/>
							<String ID="string_418" HPOS="875" VPOS="2184" WIDTH="94" HEIGHT="32" WC="0.96" CONTENT="locka"/><SP WIDTH="19" VPOS="2184" HPOS="969"/>
							<String ID="string_419" HPOS="988" VPOS="2196" WIDTH="102" HEIGHT="26" WC="0.96" CONTENT="svaga"/><SP WIDTH="17" VPOS="2196" HPOS="1090"/>
							<String ID="string_420" HPOS="1107" VPOS="2183" WIDTH="162" HEIGHT="32" WC="0.96" CONTENT="individer"/><SP WIDTH="18" VPOS="2183" HPOS="1269"/>
							<String ID="string_421" HPOS="1287" VPOS="2183" WIDTH="52" HEIGHT="32" WC="0.96" CONTENT="till"/><SP WIDTH="20" VPOS="2183" HPOS="1339"/>
							<String ID="string_422" HPOS="1359" VPOS="2183" WIDTH="95" HEIGHT="32" WC="0.93" CONTENT="brott."/><SP WIDTH="20" VPOS="2183" HPOS="1454"/>
							<String ID="string_423" HPOS="1474" VPOS="2202" WIDTH="45" HEIGHT="3" WC="0.93" CONTENT="—"/><SP WIDTH="19" VPOS="2202" HPOS="1519"/>
							<String ID="string_424" HPOS="1538" VPOS="2182" WIDTH="154" HEIGHT="38" WC="0.96" CONTENT="Köparen"/><SP WIDTH="21" VPOS="2182" HPOS="1692"/>
							<String ID="string_425" HPOS="1713" VPOS="2181" WIDTH="90" HEIGHT="38" WC="0.96" CONTENT="finge"/>
						</TextLine>
						<TextLine ID="line_42" HPOS="321" VPOS="2228" WIDTH="1483" HEIGHT="40">
							<String ID="string_426" HPOS="321" VPOS="2229" WIDTH="94" HEIGHT="33" WC="0.96" CONTENT="alltid"/><SP WIDTH="21" VPOS="2229" HPOS="415"/>
							<String ID="string_427" HPOS="436" VPOS="2229" WIDTH="77" HEIGHT="39" WC="0.96" CONTENT="dyrt"/><SP WIDTH="18" VPOS="2229" HPOS="513"/>
							<String ID="string_428" HPOS="531" VPOS="2229" WIDTH="109" HEIGHT="32" WC="0.96" CONTENT="betala"/><SP WIDTH="17" VPOS="2229" HPOS="640"/>
							<String ID="string_429" HPOS="657" VPOS="2229" WIDTH="49" HEIGHT="32" WC="0.96" CONTENT="sin"/><SP WIDTH="18" VPOS="2229" HPOS="706"/>
							<String ID="string_430" HPOS="724" VPOS="2241" WIDTH="89" HEIGHT="26" WC="0.96" CONTENT="vara,"/><SP WIDTH="19" VPOS="2241" HPOS="813"/>
							<String ID="string_431" HPOS="832" VPOS="2229" WIDTH="110" HEIGHT="32" WC="0.96" CONTENT="vilken"/><SP WIDTH="20" VPOS="2229" HPOS="942"/>
							<String ID="string_432" HPOS="962" VPOS="2229" WIDTH="128" HEIGHT="32" WC="0.96" CONTENT="kunnat"/><SP WIDTH="15" VPOS="2229" HPOS="1090"/>
							<String ID="string_433" HPOS="1105" VPOS="2229" WIDTH="102" HEIGHT="38" WC="0.96" CONTENT="köpas"/><SP WIDTH="18" VPOS="2229" HPOS="1207"/>
							<String ID="string_434" HPOS="1225" VPOS="2229" WIDTH="57" HEIGHT="32" WC="0.96" CONTENT="hos"/><SP WIDTH="20" VPOS="2229" HPOS="1282"/>
							<String ID="string_435" HPOS="1302" VPOS="2229" WIDTH="61" HEIGHT="31" WC="0.96" CONTENT="den"/><SP WIDTH="17" VPOS="2229" HPOS="1363"/>
							<String ID="string_436" HPOS="1380" VPOS="2228" WIDTH="130" HEIGHT="32" WC="0.96" CONTENT="bofasta"/><SP WIDTH="17" VPOS="2228" HPOS="1510"/>
							<String ID="string_437" HPOS="1527" VPOS="2228" WIDTH="206" HEIGHT="32" WC="0.96" CONTENT="handlanden"/><SP WIDTH="21" VPOS="2228" HPOS="1733"/>
							<String ID="string_438" HPOS="1754" VPOS="2228" WIDTH="50" HEIGHT="32" WC="0.95" CONTENT="till"/>
						</TextLine>
						<TextLine ID="line_43" HPOS="320" VPOS="2272" WIDTH="1483" HEIGHT="40">
							<String ID="string_439" HPOS="320" VPOS="2274" WIDTH="177" HEIGHT="38" WC="0.96" CONTENT="väsentligt"/><SP WIDTH="24" VPOS="2274" HPOS="497"/>
							<String ID="string_440" HPOS="521" VPOS="2274" WIDTH="90" HEIGHT="38" WC="0.95" CONTENT="lägre"/><SP WIDTH="25" VPOS="2274" HPOS="611"/>
							<String ID="string_441" HPOS="636" VPOS="2273" WIDTH="78" HEIGHT="39" WC="0.96" CONTENT="pris."/><SP WIDTH="24" VPOS="2273" HPOS="714"/>
							<String ID="string_442" HPOS="738" VPOS="2273" WIDTH="71" HEIGHT="32" WC="0.92" CONTENT="Den"/><SP WIDTH="25" VPOS="2273" HPOS="809"/>
							<String ID="string_443" HPOS="834" VPOS="2273" WIDTH="127" HEIGHT="32" WC="0.92" CONTENT="bofaste"/><SP WIDTH="24" VPOS="2273" HPOS="961"/>
							<String ID="string_444" HPOS="985" VPOS="2273" WIDTH="205" HEIGHT="38" WC="0.93" CONTENT="köpmannen"/><SP WIDTH="26" VPOS="2273" HPOS="1190"/>
							<String ID="string_445" HPOS="1216" VPOS="2273" WIDTH="173" HEIGHT="32" WC="0.91" CONTENT="berövades"/><SP WIDTH="26" VPOS="2273" HPOS="1389"/>
							<String ID="string_446" HPOS="1415" VPOS="2272" WIDTH="236" HEIGHT="38" WC="0.95" CONTENT="försäljningen"/><SP WIDTH="27" VPOS="2272" HPOS="1651"/>
							<String ID="string_447" HPOS="1678" VPOS="2285" WIDTH="41" HEIGHT="19" WC="0.96" CONTENT="av"/><SP WIDTH="25" VPOS="2285" HPOS="1719"/>
							<String ID="string_448" HPOS="1744" VPOS="2272" WIDTH="59" HEIGHT="32" WC="0.95" CONTENT="den"/>
						</TextLine>
						<TextLine ID="line_44" HPOS="320" VPOS="2316" WIDTH="1483" HEIGHT="40">
							<String ID="string_449" HPOS="320" VPOS="2330" WIDTH="59" HEIGHT="21" WC="0.95" CONTENT="ena"/><SP WIDTH="19" VPOS="2330" HPOS="379"/>
							<String ID="string_450" HPOS="398" VPOS="2318" WIDTH="141" HEIGHT="32" WC="0.95" CONTENT="artikeln"/><SP WIDTH="20" VPOS="2318" HPOS="539"/>
							<String ID="string_451" HPOS="559" VPOS="2318" WIDTH="83" HEIGHT="33" WC="0.95" CONTENT="efter"/><SP WIDTH="19" VPOS="2318" HPOS="642"/>
							<String ID="string_452" HPOS="661" VPOS="2319" WIDTH="61" HEIGHT="31" WC="0.96" CONTENT="den"/><SP WIDTH="20" VPOS="2319" HPOS="722"/>
							<String ID="string_453" HPOS="742" VPOS="2318" WIDTH="102" HEIGHT="33" WC="0.96" CONTENT="andra"/><SP WIDTH="19" VPOS="2318" HPOS="844"/>
							<String ID="string_454" HPOS="863" VPOS="2318" WIDTH="58" HEIGHT="32" WC="0.96" CONTENT="och"/><SP WIDTH="20" VPOS="2318" HPOS="921"/>
							<String ID="string_455" HPOS="941" VPOS="2318" WIDTH="91" HEIGHT="33" WC="0.96" CONTENT="bleve"/><SP WIDTH="19" VPOS="2318" HPOS="1032"/>
							<String ID="string_456" HPOS="1051" VPOS="2318" WIDTH="187" HEIGHT="38" WC="0.96" CONTENT="oförmögen"/><SP WIDTH="22" VPOS="2318" HPOS="1238"/>
							<String ID="string_457" HPOS="1260" VPOS="2321" WIDTH="48" HEIGHT="28" WC="0.96" CONTENT="att"/><SP WIDTH="19" VPOS="2321" HPOS="1308"/>
							<String ID="string_458" HPOS="1327" VPOS="2317" WIDTH="76" HEIGHT="32" WC="0.96" CONTENT="reda"/><SP WIDTH="17" VPOS="2317" HPOS="1403"/>
							<String ID="string_459" HPOS="1420" VPOS="2317" WIDTH="62" HEIGHT="38" WC="0.93" CONTENT="sig."/><SP WIDTH="19" VPOS="2317" HPOS="1482"/>
							<String ID="string_460" HPOS="1501" VPOS="2337" WIDTH="45" HEIGHT="3" WC="0.90" CONTENT="—"/><SP WIDTH="19" VPOS="2337" HPOS="1546"/>
							<String ID="string_461" HPOS="1565" VPOS="2316" WIDTH="238" HEIGHT="33" WC="0.96" CONTENT="Erfarenheten"/>
						</TextLine>
						<TextLine ID="line_45" HPOS="320" VPOS="2360" WIDTH="1484" HEIGHT="40">
							<String ID="string_462" HPOS="320" VPOS="2363" WIDTH="87" HEIGHT="32" WC="0.93" CONTENT="inom"/><SP WIDTH="21" VPOS="2363" HPOS="407"/>
							<String ID="string_463" HPOS="428" VPOS="2363" WIDTH="323" HEIGHT="32" WC="0.96" CONTENT="handelskammaren"/><SP WIDTH="22" VPOS="2363" HPOS="751"/>
							<String ID="string_464" HPOS="773" VPOS="2362" WIDTH="83" HEIGHT="33" WC="0.96" CONTENT="hade"/><SP WIDTH="21" VPOS="2362" HPOS="856"/>
							<String ID="string_465" HPOS="877" VPOS="2362" WIDTH="84" HEIGHT="38" WC="0.96" CONTENT="givit"/><SP WIDTH="19" VPOS="2362" HPOS="961"/>
							<String ID="string_466" HPOS="980" VPOS="2362" WIDTH="56" HEIGHT="33" WC="0.96" CONTENT="vid"/><SP WIDTH="21" VPOS="2362" HPOS="1036"/>
							<String ID="string_467" HPOS="1057" VPOS="2362" WIDTH="137" HEIGHT="38" WC="0.96" CONTENT="handen,"/><SP WIDTH="23" VPOS="2362" HPOS="1194"/>
							<String ID="string_468" HPOS="1217" VPOS="2365" WIDTH="48" HEIGHT="30" WC="0.96" CONTENT="att"/><SP WIDTH="20" VPOS="2365" HPOS="1265"/>
							<String ID="string_469" HPOS="1285" VPOS="2362" WIDTH="54" HEIGHT="32" WC="0.96" CONTENT="det"/><SP WIDTH="19" VPOS="2362" HPOS="1339"/>
							<String ID="string_470" HPOS="1358" VPOS="2361" WIDTH="187" HEIGHT="32" WC="0.93" CONTENT="nuvarande"/><SP WIDTH="21" VPOS="2361" HPOS="1545"/>
							<String ID="string_471" HPOS="1566" VPOS="2360" WIDTH="238" HEIGHT="39" WC="0.92" CONTENT="avbetalnings-"/>
						</TextLine>
						<TextLine ID="line_46" HPOS="321" VPOS="2406" WIDTH="1482" HEIGHT="40">
							<String ID="string_472" HPOS="321" VPOS="2412" WIDTH="154" HEIGHT="34" WC="0.95" CONTENT="systemet"/><SP WIDTH="17" VPOS="2412" HPOS="475"/>
							<String ID="string_473" HPOS="492" VPOS="2419" WIDTH="74" HEIGHT="20" WC="0.96" CONTENT="vore"/><SP WIDTH="18" VPOS="2419" HPOS="566"/>
							<String ID="string_474" HPOS="584" VPOS="2407" WIDTH="203" HEIGHT="33" WC="0.96" CONTENT="ekonomiskt"/><SP WIDTH="18" VPOS="2407" HPOS="787"/>
							<String ID="string_475" HPOS="805" VPOS="2407" WIDTH="145" HEIGHT="38" WC="0.96" CONTENT="skadligt"/><SP WIDTH="16" VPOS="2407" HPOS="950"/>
							<String ID="string_476" HPOS="966" VPOS="2407" WIDTH="58" HEIGHT="32" WC="0.96" CONTENT="och"/><SP WIDTH="18" VPOS="2407" HPOS="1024"/>
							<String ID="string_477" HPOS="1042" VPOS="2410" WIDTH="49" HEIGHT="29" WC="0.95" CONTENT="att"/><SP WIDTH="18" VPOS="2410" HPOS="1091"/>
							<String ID="string_478" HPOS="1109" VPOS="2407" WIDTH="151" HEIGHT="38" WC="0.95" CONTENT="gällande"/><SP WIDTH="16" VPOS="2407" HPOS="1260"/>
							<String ID="string_479" HPOS="1276" VPOS="2407" WIDTH="56" HEIGHT="38" WC="0.96" CONTENT="lag"/><SP WIDTH="17" VPOS="2407" HPOS="1332"/>
							<String ID="string_480" HPOS="1349" VPOS="2419" WIDTH="51" HEIGHT="20" WC="0.93" CONTENT="om"/><SP WIDTH="19" VPOS="2419" HPOS="1400"/>
							<String ID="string_481" HPOS="1419" VPOS="2406" WIDTH="291" HEIGHT="39" WC="0.92" CONTENT="avbetalningsköp"/><SP WIDTH="18" VPOS="2406" HPOS="1710"/>
							<String ID="string_482" HPOS="1728" VPOS="2417" WIDTH="75" HEIGHT="20" WC="0.95" CONTENT="vore"/>
						</TextLine>
						<TextLine ID="line_47" HPOS="322" VPOS="2449" WIDTH="1482" HEIGHT="41">
							<String ID="string_483" HPOS="322" VPOS="2452" WIDTH="165" HEIGHT="33" WC="0.96" CONTENT="föråldrad"/><SP WIDTH="24" VPOS="2452" HPOS="487"/>
							<String ID="string_484" HPOS="511" VPOS="2452" WIDTH="58" HEIGHT="32" WC="0.96" CONTENT="och"/><SP WIDTH="25" VPOS="2452" HPOS="569"/>
							<String ID="string_485" HPOS="594" VPOS="2455" WIDTH="128" HEIGHT="29" WC="0.96" CONTENT="snarast"/><SP WIDTH="23" VPOS="2455" HPOS="722"/>
							<String ID="string_486" HPOS="745" VPOS="2451" WIDTH="129" HEIGHT="39" WC="0.96" CONTENT="möjligt"/><SP WIDTH="22" VPOS="2451" HPOS="874"/>
							<String ID="string_487" HPOS="896" VPOS="2451" WIDTH="97" HEIGHT="33" WC="0.96" CONTENT="borde"/><SP WIDTH="22" VPOS="2451" HPOS="993"/>
							<String ID="string_488" HPOS="1015" VPOS="2451" WIDTH="190" HEIGHT="39" WC="0.96" CONTENT="omarbetas,"/><SP WIDTH="24" VPOS="2451" HPOS="1205"/>
							<String ID="string_489" HPOS="1229" VPOS="2451" WIDTH="112" HEIGHT="32" WC="0.96" CONTENT="varför"/><SP WIDTH="22" VPOS="2451" HPOS="1341"/>
							<String ID="string_490" HPOS="1363" VPOS="2450" WIDTH="326" HEIGHT="33" WC="0.96" CONTENT="handelskammaren"/><SP WIDTH="25" VPOS="2450" HPOS="1689"/>
							<String ID="string_491" HPOS="1714" VPOS="2449" WIDTH="90" HEIGHT="38" WC="0.95" CONTENT="finge"/>
						</TextLine>
						<TextLine ID="line_48" HPOS="322" VPOS="2496" WIDTH="770" HEIGHT="40">
							<String ID="string_492" HPOS="322" VPOS="2497" WIDTH="170" HEIGHT="39" WC="0.96" CONTENT="tillstyrka"/><SP WIDTH="19" VPOS="2497" HPOS="492"/>
							<String ID="string_493" HPOS="511" VPOS="2497" WIDTH="98" HEIGHT="32" WC="0.96" CONTENT="bifall"/><SP WIDTH="21" VPOS="2497" HPOS="609"/>
							<String ID="string_494" HPOS="630" VPOS="2496" WIDTH="53" HEIGHT="34" WC="0.96" CONTENT="till"/><SP WIDTH="20" VPOS="2496" HPOS="683"/>
							<String ID="string_495" HPOS="703" VPOS="2497" WIDTH="60" HEIGHT="31" WC="0.96" CONTENT="den"/><SP WIDTH="21" VPOS="2497" HPOS="763"/>
							<String ID="string_496" HPOS="784" VPOS="2496" WIDTH="119" HEIGHT="33" WC="0.96" CONTENT="väckta"/><SP WIDTH="19" VPOS="2496" HPOS="903"/>
							<String ID="string_497" HPOS="922" VPOS="2496" WIDTH="170" HEIGHT="32" WC="0.96" CONTENT="motionen."/>
						</TextLine>
					</TextBlock>
				</ComposedBlock>
			</PrintSpace>
		</Page>
	</Layout>
</alto>
