1858 2772
212 157 18 28 6
527 157 117 29 Andra
661 157 244 39 lagutskottets
924 156 176 30 utlåtande
1118 166 42 19 nr
1177 157 39 29 43
1232 157 39 29 år
1291 158 81 28 1965

214 236 291 39 förutsättningar
533 236 89 39 gälla
649 236 56 29 för
732 236 220 30 kommunalt
981 236 87 29 stöd.
1097 236 136 39 Frågan
1263 245 101 30 synes
1393 235 88 30 dock
1509 235 84 30 böra
1622 243 73 31 reg-

212 289 88 29 leras
317 289 44 39 på
379 291 48 27 ett
445 291 107 28 annat
570 290 68 29 sätt
661 289 5 29 i
684 289 325 39 barnavårdslagen.
1027 290 64 39 Jag
1109 289 148 29 föreslår
1275 289 120 29 därför
1412 291 50 27 att
1480 289 40 29 de
1540 289 154 29 nämnda

213 341 337 40 förutsättningarna
571 342 54 29 får
645 342 141 30 komma
806 343 50 29 till
878 342 139 40 uttryck
1037 343 9 28 i
1068 342 270 39 beskrivningen
1358 351 42 21 av
1421 342 65 29 den
1508 342 186 39 ungdoms-

213 394 221 30 verksamhet
461 404 74 20 som
559 395 145 39 åsyftas.
729 395 103 30 Detta
856 395 98 30 torde
980 396 119 29 kunna
1126 395 61 29 ske
1214 404 122 30 genom
1363 397 47 28 ett
1437 395 189 39 stadgande
1653 404 41 20 av

210 447 178 34 innebörd,
405 450 51 28 att
472 448 393 30 barnavårdsnämnden
883 449 87 29 skall
989 448 116 39 stödja
1123 448 65 29 den
1207 448 486 39 personlighetsutvecklande

210 500 64 29 och
290 500 350 30 samhällsfostrande
655 501 223 30 verksamhet
895 510 74 21 som
987 502 121 29 utövas
1125 509 124 31 genom
1267 501 215 39 ungdomens
1500 509 86 31 egna
1604 510 90 20 sam-

209 552 290 40 manslutningar.
514 553 95 30 Givet
623 554 39 29 är
677 555 50 28 att
741 554 55 30 det
811 554 226 30 kommunala
1052 554 113 30 stödet
1179 554 109 29 måste
1303 554 136 29 lämnas
1454 554 106 39 enligt
1575 554 119 39 objek-

210 605 69 30 tiva
297 605 162 39 grunder.
478 606 64 29 Det
560 606 55 30 får
634 609 23 27 t.
676 616 51 20 ex.
747 606 70 30 inte
836 606 218 30 förekomma
1072 609 51 27 att
1142 616 41 20 en
1202 607 70 28 viss
1291 607 143 39 politisk
1453 608 82 28 eller
1554 607 138 39 religiös

210 657 154 40 riktning
387 658 149 40 ensidigt
559 667 144 31 gynnas.
727 659 119 39 Någon
872 659 187 40 uttrycklig
1082 659 244 30 bestämmelse
1350 660 122 29 härom
1497 660 68 29 kan
1591 660 102 29 emel-

210 710 99 30 lertid
324 711 72 29 inte
412 720 104 21 anses
530 712 170 39 behövlig.

255 763 11 29 I
283 763 152 39 enlighet
450 764 79 29 med
545 764 65 29 vad
627 764 59 40 jag
704 774 46 20 nu
768 765 116 29 anfört
901 766 64 29 har
982 766 94 29 inom
1094 765 382 39 socialdepartementet
1495 767 197 38 upprättats

211 816 128 39 förslag
357 816 52 30 till
430 816 55 39 lag
504 825 53 21 om
578 817 136 29 ändrad
733 817 126 39 lydelse
879 827 42 20 av
940 819 19 28 3
977 818 20 36 $
1017 818 314 39 barnavårdslagen
1353 818 64 29 den
1438 819 41 29 29
1499 819 90 38 april
1610 820 83 28 1960

214 869 59 32 (nr
287 869 73 33 97).

252 922 66 30 Vid
341 922 335 40 barnavårdslagens
701 923 172 30 tillkomst
897 924 221 30 inhämtades
1142 925 162 39 yttrande
1329 925 79 29 från
1434 925 154 39 lagrådet
1613 926 80 28 över

212 975 98 39 lagen
334 975 10 29 i
370 976 79 29 dess
474 976 126 30 helhet.
626 976 75 30 Den
727 985 48 21 nu
801 977 196 39 föreslagna
1021 978 252 39 lagändringen
1301 987 101 30 synes
1429 978 88 29 dock
1543 987 82 21 vara
1652 988 42 19 av

211 1028 108 30 sådan
335 1028 245 31 beskaffenhet
596 1031 51 28 att
664 1030 155 39 lagrådet
834 1030 71 30 inte
923 1030 148 30 behöver
1087 1031 104 29 höras
1209 1031 80 29 över
1306 1031 77 29 den.
1400 1031 64 39 Jag
1480 1032 212 32 hemställer,

211 1082 50 29 att
288 1081 125 39 Kungl.
443 1082 105 39 Maj:t
577 1082 108 30 måtte
715 1091 122 31 genom
867 1084 215 38 proposition
1113 1083 128 30 föreslå
1271 1084 185 39 riksdagen
1486 1086 51 28 att
1567 1087 124 36 antaga

210 1134 151 30 nämnda
386 1135 217 39 Jagförslag.»

868 1277 167 31 Utskottet

254 1356 13 29 I
285 1356 261 39 propositionen
566 1357 146 30 föreslås
733 1358 108 29 sådan
860 1358 150 39 ändring
1027 1358 11 29 i
1058 1358 317 40 barnavårdslagen
1395 1360 49 28 att
1465 1359 228 29 barnavårds-

211 1409 130 29 nämnd
360 1410 232 39 uttryckligen
613 1410 139 39 ålägges
771 1411 114 39 stödja
907 1411 214 39 ungdomens
1143 1411 237 40 föreningsliv.
1401 1411 130 30 Genom
1552 1412 140 39 lagänd-

212 1462 119 39 ringen
349 1462 67 30 blir
434 1463 56 29 det
509 1463 135 40 möjligt
664 1464 56 28 för
737 1464 208 29 kommuner
964 1466 49 28 att
1033 1465 116 29 lämna
1169 1465 76 29 stöd
1265 1465 35 30 åt
1318 1465 44 29 bl.
1376 1474 30 20 a.
1426 1465 163 39 politiska
1609 1474 84 30 ung-

209 1515 385 39 domsorganisationer.

254 1568 12 29 I
284 1568 219 31 motionerna
521 1570 28 28 1:
565 1569 62 29 667
647 1570 65 29 och
730 1570 44 29 II:
793 1570 59 30 787
872 1573 91 27 samt
982 1571 44 29 II:
1044 1571 61 29 788
1123 1571 105 39 yrkas
1247 1571 117 39 avslag
1382 1571 20 29 å
1420 1571 272 39 propositionen.

209 1621 257 30 Motionärerna
490 1622 204 30 framhåller
715 1625 51 28 att
788 1624 55 29 det
866 1623 73 30 inte
960 1624 61 29 bör
1043 1633 82 20 vara
1148 1633 43 20 en
1216 1624 202 29 kommunal
1444 1624 247 39 angelägenhet

209 1676 50 28 att
274 1675 115 39 stödja
404 1675 164 39 politiska
584 1676 286 39 organisationer.

253 1728 167 30 Politiska
447 1729 449 39 ungdomsorganisationer
922 1730 156 39 åtnjuter
1103 1731 211 38 statsbidrag
1339 1731 9 28 i
1375 1731 92 29 olika
1494 1731 130 29 former
1651 1731 41 38 på

209 1780 209 40 principiellt
444 1791 132 21 samma
601 1782 126 30 villkor
753 1792 73 20 som
852 1783 109 30 andra
987 1784 460 39 ungdomsorganisationer.
1474 1784 115 39 Enligt
1615 1793 77 30 pro-

209 1834 213 38 positionens
446 1835 130 39 förslag
597 1836 89 29 skall
711 1845 134 20 samma
867 1836 294 39 förutsättningar
1183 1837 87 38 gälla
1294 1837 56 28 för
1371 1837 220 29 kommunalt
1615 1837 76 29 stöd

210 1895 74 21 som
300 1886 40 31 de
357 1896 75 20 som
450 1888 107 39 gäller
572 1887 55 30 för
644 1889 219 38 statsbidrag.
882 1889 151 30 Sålunda
1052 1889 88 30 skall
1159 1889 163 39 politiska
1342 1890 349 39 ungdomsorganisa-

210 1940 111 29 tioner
335 1939 56 30 för
405 1943 52 27 att
472 1941 119 29 kunna
607 1942 132 29 erhålla
755 1942 120 39 bidrag
890 1951 83 21 vara
988 1943 205 39 uppbyggda
1210 1943 64 29 och
1292 1943 143 38 fungera
1453 1943 106 38 enligt
1575 1943 117 30 veder-

209 1994 100 35 tagna
325 1992 255 31 demokratiska
597 1994 172 37 principer
786 1997 86 27 samt
889 1996 101 36 öppet
1005 1997 32 27 ta
1055 1996 162 36 ställning
1233 1995 55 29 för
1304 1996 245 29 demokratien.
1567 1997 124 29 Vidare

209 2046 135 30 fordras
360 2048 50 28 att
425 2047 282 39 organisationen
724 2048 156 29 bedriver
893 2058 43 20 en
952 2049 51 29 till
1020 2048 228 39 kamratskap
1264 2049 179 29 fostrande
1458 2049 232 30 verksamhet.

252 2099 48 30 De
327 2100 167 39 politiska
522 2100 495 40 ungdomsorganisationerna
1046 2101 158 30 bedriver
1232 2102 9 28 i
1271 2100 108 31 likhet
1409 2102 76 29 med
1516 2103 174 38 åtskilliga

208 2152 109 30 andra
333 2152 453 40 ungdomsorganisationer
800 2156 48 28 ett
865 2154 257 39 betydelsefullt
1141 2154 115 30 arbete
1274 2154 105 30 bland
1398 2156 208 38 ungdomen.
1625 2157 67 28 En-

208 2205 61 39 ligt
289 2206 189 29 utskottets
499 2206 140 39 mening
660 2207 69 29 kan
751 2208 29 38 ej
805 2207 105 39 några
932 2215 93 22 mera
1047 2208 155 38 vägande
1224 2208 74 29 skäl
1321 2208 143 30 anföras
1485 2210 72 28 mot
1578 2211 50 27 att
1650 2209 42 29 de

207 2258 163 38 politiska
390 2260 497 38 ungdomsorganisationerna
907 2261 10 28 i
938 2260 338 39 bidragshänseende
1296 2261 56 29 får
1371 2270 133 21 samma
1526 2262 166 37 ställning

208 2320 73 20 som
302 2312 108 30 andra
433 2313 460 39 ungdomsorganisationer.
916 2313 72 30 Den
1011 2313 149 39 ordning
1181 2322 74 20 som
1277 2315 39 28 är
1337 2314 204 39 genomförd
1563 2314 128 30 beträf-

208 2364 103 30 fande
329 2366 140 38 statliga
486 2366 120 38 bidrag
624 2365 62 30 bör
704 2366 132 29 således
855 2367 90 38 gälla
962 2367 84 28 även
1066 2366 55 29 för
1138 2366 220 30 kommunalt
1378 2367 86 29 stöd.
1485 2367 125 29 Vidare
1630 2367 61 29 bör

207 2417 41 29 de
270 2417 177 31 allmänna
470 2418 125 30 villkor
617 2427 76 21 som
716 2419 170 39 uppställs
910 2420 54 28 för
987 2419 67 29 rätt
1078 2419 51 29 till
1154 2419 219 40 statsbidrag,
1399 2420 114 29 såsom
1537 2420 154 30 föredra-

207 2470 109 39 gande
340 2472 187 29 statsrådet
551 2472 204 33 framhållit,
778 2481 82 20 vara
884 2472 177 30 desamma
1086 2472 54 29 för
1164 2473 54 28 det
1244 2473 225 30 kommunala
1495 2473 122 29 stödet.
1641 2474 49 28 Av
