2186 2630
666 158 401 35 Konstitutionsutskottets
1090 163 166 32 utlåtande
1280 164 51 32 Nr
1354 166 51 30 42.
1773 169 14 30 1

957 560 58 40 Nr
1043 561 62 40 42.

844 715 110 28 Ankom
973 716 43 27 till
1034 717 168 35 riksdagens
1221 718 93 27 kansli
1334 719 53 27 den
1406 720 31 26 31
1459 720 56 36 maj
1537 721 67 27 1919
1624 721 37 27 kl.
1681 723 17 26 3
1717 733 22 17 e.
1760 733 34 17 m.

429 853 457 38 Konstitutionsutskottets
926 857 198 44 utlåtande,
1154 860 13 34 i
1196 860 196 46 anledning
1433 874 44 23 av
1515 863 137 45 Kungl.
1696 864 134 45 Maj:ts

627 924 228 44 proposition
890 926 81 34 med
996 926 147 47 förslag
1174 928 57 36 till
1258 930 147 35 ändrad
1433 930 135 45 lydelse
1595 944 44 23 av
1666 935 27 33 2
1720 933 24 46 $
1771 936 57 33 4:o

628 993 62 34 och
718 994 24 33 3
769 993 26 45 $
824 995 504 47 trycktrihetsförordningen.

425 1126 218 29 Närvarande:
672 1127 96 28 herrar
796 1128 121 28 Larsson
935 1130 10 26 i
964 1129 143 32 Västerås,
1136 1131 112 32 Clason,
1276 1132 143 37 Hellberg,
1449 1134 149 33 Bellinder,
1628 1136 68 27 Olof
1716 1133 112 42 Olsson,

674 1181 55 17 von
748 1172 133 32 Mentzer,
902 1182 83 27 greve
1006 1173 162 28 Alexander
1181 1175 153 31 Hamilton,
1348 1177 170 37 Ljunggren,
1532 1178 143 38 Gullberg,
1691 1180 136 37 Schyller,

671 1215 34 27 N.
734 1216 35 27 A.
792 1215 123 34 Nilsson,
936 1217 173 36 Magnusson
1128 1219 9 25 i
1156 1219 142 32 Tumhult,
1317 1220 109 28 Janson
1444 1222 10 26 i
1472 1222 138 35 Kungsör,
1629 1223 62 33 Räf,
1711 1224 116 32 Zander,

672 1258 140 36 Engberg,
830 1259 132 31 Norman,
981 1261 121 27 Persson
1121 1263 10 25 i
1149 1262 84 27 Tofta
1252 1263 53 27 och
1324 1264 209 28 Vennerström.

423 1343 22 34 ")
463 1344 32 31 Ej
514 1346 174 25 närvarande
707 1346 50 25 vid
775 1347 173 26 utlåtandets
966 1348 146 33 justering.

353 1430 72 37 Till
452 1431 478 41 konstitutionsutskottets
959 1436 296 51 handläggning
1278 1438 97 38 hava
1394 1439 98 37 båda
1510 1440 204 38 kamrarna
1732 1443 93 37 hän-

222 1482 101 37 visat
351 1496 45 24 en
425 1497 47 23 av
500 1483 142 51 Kungl.
673 1485 111 49 Maj:t
811 1486 56 36 till
893 1487 205 50 riksdagen
1128 1489 148 37 avlåten
1304 1492 249 49 proposition,
1573 1506 46 23 nr
1637 1495 87 48 243,
1745 1495 81 36 däri

222 1533 144 50 Kungl.
408 1535 121 50 Maj:t,
571 1537 121 36 under
734 1537 238 51 åberopande
1008 1553 48 22 av
1091 1539 149 51 bifogat
1267 1543 140 49 utdrag
1437 1557 46 23 av
1511 1545 314 50 statsrådsproto-

222 1586 115 37 kollet
365 1592 89 31 över
475 1588 600 50 justitiedepartementsärenden
1103 1592 73 37 den
1202 1595 47 35 14
1269 1608 100 23 mars
1392 1596 111 47 1919,
1524 1596 56 36 till
1599 1597 227 50 riksdagens

222 1639 195 48 prövning
444 1639 12 36 i
484 1640 319 51 grundlagsenlig
830 1642 164 49 ordning
1021 1643 181 51 framlagt
1230 1646 168 49 följande

937 1795 185 50 Förslag

997 1884 51 32 till

385 1958 134 33 ändrad
553 1958 133 41 lydelse
721 1969 43 24 av
798 1960 21 32 2?
841 1961 22 43 &
886 1961 53 35 4:0
962 1962 68 34 och
1053 1963 20 33 3
1097 1964 22 42 8
1143 1959 516 50 tryckfrihetsförordningen.

987 2061 21 34 2
1027 2059 42 50 8.

348 2141 75 49 4:0)
481 2142 12 35 I
523 2143 125 48 grund
676 2165 50 5 —
754 2165 50 6 —
832 2166 49 6 —
909 2158 80 24 som
1018 2146 109 37 helst.

347 2192 74 37 Vid
468 2193 229 50 föregående
742 2195 175 39 tillåtelse
963 2198 107 36 skola
1115 2199 168 49 följande
1328 2201 198 50 undantag
1571 2204 250 50 ovägerligen

217 2244 206 50 iakttagas:

305 2304 131 43 Bihang
458 2306 49 32 till
530 2306 187 44 riksdagens
735 2309 159 40 protokoll
918 2310 95 32 1919.
1060 2313 20 30 5
1102 2312 91 32 saml.
1239 2313 44 31 35
1304 2312 80 42 häft.
1428 2313 68 38 (Nr
1523 2313 67 41 42)
1760 2317 15 31 1
