1886 2816
264 154 18 29 6
698 158 304 32 Bankoutskottets
1026 159 177 32 utlåtande
1225 170 40 20 nr
1291 164 49 28 36.

268 242 99 30 lande
394 244 118 29 räntor
537 244 44 29 ha
607 244 261 35 sparbankerna
894 245 85 30 intet
1001 247 109 29 större
1139 247 113 29 behov
1276 257 41 20 av
1343 248 114 29 denna
1481 247 287 36 placeringsform

268 303 77 20 men
367 293 45 30 då
433 295 37 28 är
492 295 64 29 den
578 295 107 29 heller
706 294 74 31 icke
799 296 176 36 betänklig
995 306 41 20 ur
1056 297 259 37 risksynpunkt.

311 343 276 37 Olämpligheten
611 354 44 21 av
678 348 49 27 att
750 346 189 31 finansiera
961 355 42 21 en
1025 346 252 37 kreditgivning
1299 349 79 29 med
1401 348 140 30 bunden
1567 349 100 29 ränta
1690 348 77 30 med

266 394 110 30 medel
400 394 161 31 inlånade
584 395 46 36 på
653 396 147 36 räkning
823 398 80 29 med
927 397 103 36 rörlig
1053 398 101 30 ränta
1178 399 64 29 har
1264 398 98 36 gjort,
1388 401 49 28 att
1460 398 170 31 särskilda
1655 399 112 30 finan-

267 444 273 37 sieringsformer
566 445 195 37 tillskapats
788 447 56 30 för
872 448 43 29 de
942 448 141 30 bundna
1111 448 388 36 fastighetskrediterna.
1529 449 238 36 Hypoteksvä-

266 496 117 29 sendet
408 497 183 29 anskaffar
614 497 147 31 sålunda
789 498 110 29 medel
925 498 55 30 för
1004 498 264 37 ifrågavarande
1292 500 112 29 behov
1428 509 123 27 genom
1576 500 192 36 upplåning

266 550 70 26 mot
361 546 236 37 obligationer.
626 547 64 31 Vid
716 557 41 21 en
782 549 247 36 räntestegring
1053 550 285 35 uppkommande
1363 551 162 29 förluster
1552 550 67 31 slås
1646 550 121 31 därvid

266 596 113 30 såsom
402 597 147 30 kursfall
572 598 46 35 på
640 598 272 36 obligationerna
934 603 39 26 ut
994 600 45 35 på
1061 601 225 29 marknaden.

313 647 386 38 Sammanfattningsvis
718 650 95 30 torde
829 651 121 29 kunna
968 652 107 35 sägas,
1095 654 50 27 att
1161 650 59 31 lån
1239 651 78 30 med
1335 652 142 29 bunden
1495 652 98 30 ränta
1612 652 76 31 icke
1708 653 60 29 äro

267 696 113 37 någon
398 698 138 30 särskilt
553 699 144 37 lämplig
714 700 286 36 placeringsform
1019 701 53 30 för
1090 701 270 36 sparbankerna.
1383 702 13 30 I
1416 703 41 29 de
1474 703 99 35 lägen
1590 702 46 31 då
1654 703 113 29 mark-

267 747 112 30 naden
397 748 156 31 föredrar
569 749 145 31 bundna
732 750 158 36 krediter,
910 751 80 30 sker
1007 751 401 37 medelsanskaffningen
1427 753 54 30 för
1500 753 266 36 kreditgivning-

267 806 42 20 en
329 798 80 29 med
430 798 109 30 fördel
560 799 10 29 i
593 800 110 30 andra
723 800 128 30 former
871 801 46 29 än
936 810 75 21 som
1030 801 51 31 stå
1101 802 261 36 sparbankerna
1383 803 51 30 till
1453 803 97 30 buds.
1573 803 194 37 Hypoteks-

268 847 162 31 väsendet
450 849 64 29 har
536 849 62 30 här
621 849 58 30 sitt
700 850 170 37 naturliga
892 852 389 31 verksamhetsområde.
1305 853 100 30 Trots
1427 855 91 29 detta
1542 854 70 30 kan
1635 864 43 20 en
1700 854 67 30 viss

267 897 192 36 begränsad
480 899 175 38 placering
676 909 43 21 av
738 901 308 35 sparbanksmedel
1066 902 10 30 i
1096 903 145 31 bundna
1260 903 58 31 lån
1338 914 84 20 vara
1441 905 202 30 motiverad.

309 948 121 31 Därest
452 949 120 36 frågan
595 960 58 20 om
675 951 66 29 den
763 951 171 36 naturliga
956 953 275 36 avgränsningen
1253 955 125 30 mellan
1401 956 278 35 sparbankernas
1702 956 65 30 och

264 999 352 35 hypoteksväsendels
648 1002 404 31 verksamhetsområden
1081 1005 11 28 i
1122 1005 67 29 vad
1218 1014 95 21 avser
1344 1006 144 30 bundna
1516 1006 57 30 lån
1603 1007 163 29 bedömes

264 1049 44 35 på
329 1050 65 30 här
416 1050 134 37 angivet
571 1052 77 35 sätt,
672 1053 39 29 är
731 1053 55 29 det
808 1053 153 36 tydligen
981 1055 186 36 angeläget,
1192 1058 48 27 att
1261 1065 81 20 man
1364 1056 10 29 i
1400 1057 262 30 konkurrensen
1685 1057 80 30 mel-

264 1100 56 30 lan
341 1101 42 30 de
404 1101 93 31 olika
515 1102 291 31 kreditinstituten
829 1113 58 20 om
907 1105 457 37 placeringsmöjligheterna
1386 1107 170 30 undviker
1576 1110 49 28 att
1646 1108 120 36 trycka

264 1151 44 36 på
333 1151 164 37 möjligen
522 1153 234 36 föreliggande
784 1154 110 30 risker
918 1155 55 30 för
998 1165 41 20 en
1065 1157 256 36 räntestegring.
1350 1157 63 30 Ges
1440 1157 131 31 sådana
1600 1158 165 36 farhågor

264 1202 188 37 spridning,
474 1203 173 31 försvåras
669 1205 278 35 sparbankernas
967 1206 409 37 placeringsmöjligheter
1398 1208 47 35 så,
1467 1211 48 27 att
1535 1217 42 21 en
1597 1208 169 36 bindning

264 1261 41 21 av
329 1252 103 31 lånen
456 1253 9 29 i
489 1254 165 37 olämplig
677 1255 239 37 utsträckning
939 1257 68 29 kan
1032 1266 118 27 pressa
1174 1257 50 37 sig
1247 1258 91 30 fram
1361 1259 82 29 eller
1467 1259 106 31 också
1599 1259 165 36 sparban-

265 1304 106 30 kerna
398 1304 114 31 drivas
539 1308 48 28 att
615 1307 110 29 sänka
752 1307 76 30 hela
853 1307 55 30 sin
935 1307 179 31 räntenivå
1140 1308 11 29 i
1179 1308 87 37 syfte
1294 1312 48 27 att
1369 1309 136 31 behålla
1532 1310 57 30 sitt
1616 1310 149 30 klientel.

265 1354 275 37 Olämpligheten
566 1365 43 21 av
635 1366 42 20 en
702 1356 107 31 sådan
838 1357 195 37 utveckling
1058 1360 39 28 är
1121 1359 189 36 uppenbar,
1337 1360 11 29 i
1371 1361 188 34 synnerhet
1584 1370 58 20 om
1668 1363 96 27 stats-

263 1405 190 36 makterna,
473 1406 112 31 såsom
605 1407 56 29 för
678 1408 226 36 närvarande,
924 1408 126 31 inrikta
1068 1409 50 36 sig
1137 1409 45 36 på
1200 1418 41 21 cn
1259 1410 229 37 stabilisering
1506 1420 42 21 av
1565 1412 198 35 ränteläget.

308 1456 64 31 Vid
410 1458 236 35 övervägande
684 1468 42 20 av
763 1459 414 37 sparbanksföreningens
1215 1461 254 37 framställning
1505 1463 63 29 har
1593 1461 59 38 jag
1688 1461 78 32 från

265 1507 62 29 här
358 1506 149 37 angivna
538 1507 295 38 utgångspunkter
867 1512 111 27 ansett
1011 1510 68 37 mig
1112 1511 120 32 kunna
1264 1511 170 38 tillstyrka
1466 1514 49 29 att
1537 1513 228 36 sparbanker-

265 1564 60 22 nas
344 1557 67 29 rätt
429 1560 50 27 att
495 1557 127 36 bevilja
640 1558 144 30 bundna
802 1559 240 36 fastighetslån
1060 1561 158 36 utvidgas
1239 1561 9 29 i
1267 1562 66 29 den
1354 1562 208 36 omfattning
1582 1572 76 20 som
1675 1563 88 29 före-

263 1607 114 36 slagits
404 1617 43 21 av
472 1608 343 38 bankofullmäktige.
844 1610 123 30 Därest
991 1611 246 36 utvidgningen
1261 1613 10 29 i
1298 1612 150 36 enlighet
1472 1614 78 29 med
1576 1614 94 30 detta
1695 1614 68 29 för-

259 1657 73 37 slag
356 1658 185 36 begränsas
563 1660 51 30 till
636 1663 49 27 att
708 1670 78 20 avse
807 1662 68 29 rätt
897 1661 56 31 för
971 1662 263 35 sparbankerna
1255 1666 48 27 att
1324 1663 106 31 binda
1452 1663 239 37 fastighetslån
1714 1664 48 30 in-

264 1707 47 31 till
329 1709 41 29 30
392 1713 141 32 procent
551 1720 43 20 av
614 1720 161 21 summan
795 1714 81 27 utav
896 1712 208 30 insättarnas
1125 1713 199 37 behållning
1343 1715 66 29 och
1430 1714 237 36 sparbankens
1688 1715 74 29 fon-

261 1758 68 36 der,
350 1760 99 30 torde
469 1761 41 29 de
529 1760 217 37 principiella
765 1762 254 37 invändningar
1038 1773 74 20 som
1134 1765 120 29 kunna
1273 1764 188 31 framföras
1483 1768 70 27 mot
1574 1774 42 20 en
1640 1765 123 36 vidgad

263 1808 254 38 bindningsrätt
537 1810 75 31 icke
632 1811 134 32 behöva
789 1812 164 31 tillmätas
975 1814 196 36 avgörande
1191 1815 182 36 betydelse,
1396 1825 80 20 men
1497 1815 105 30 likväl
1626 1816 41 30 de
1690 1815 73 31 svå-

264 1859 155 37 righeter,
443 1860 93 31 inför
559 1861 93 32 vilka
676 1862 89 31 vissa
788 1863 216 36 sparbanker
1026 1864 59 31 äro
1112 1864 133 36 ställda,
1269 1865 225 37 undanröjas.
1518 1865 63 37 Jag
1604 1865 160 31 förordar

264 1909 98 31 alltså
385 1919 44 21 en
453 1911 202 39 utvidgning
679 1922 42 21 av
744 1913 298 37 bindningsrätten
1066 1914 89 31 intill
1179 1924 80 27 nyss
1285 1915 150 37 angivna
1459 1919 223 33 procentsats.
1711 1916 53 30 En

263 1959 146 38 ändring
429 1961 212 31 härutinnan
662 1963 156 30 kommer
838 1963 130 36 jämväl
990 1967 48 28 att
1057 1965 170 37 medföra,
1250 1969 47 27 att
1316 1967 68 29 den
1404 1967 54 29 del
1477 1976 42 21 av
1538 1976 163 21 summan
1721 1976 42 21 av

263 2009 207 32 insättarnas
490 2011 201 38 behållning
708 2014 65 29 och
791 2014 238 35 sparbankens
1048 2015 134 37 fonder,
1203 2025 73 21 som
1294 2017 100 36 högst
1414 2016 57 31 må
1490 2017 117 30 ställas
1627 2021 50 27 att
1694 2017 67 30 för-

263 2061 81 31 falla
369 2063 110 28 under
505 2065 44 27 ett
575 2064 66 29 och
668 2073 132 21 samma
825 2064 47 36 år,
901 2066 84 29 ökas
1011 2065 77 31 från
1115 2066 78 37 fyra
1218 2067 49 29 till
1290 2077 60 20 sex
1376 2072 140 32 procent
1541 2078 42 20 av
1609 2070 154 29 nämnda

261 2121 145 20 summa.

306 2161 74 31 Den
400 2162 65 30 här
482 2163 186 31 förordade
686 2165 247 37 utvidgningen
953 2176 42 20 av
1012 2166 297 37 bindningsrätten
1326 2168 11 29 i
1356 2168 76 30 dess
1451 2168 37 31 år
1509 2170 81 29 1937
1610 2169 152 36 godkän-

263 2211 42 30 da
331 2212 214 37 principiella
569 2214 216 37 utformning
808 2216 64 30 bör
897 2216 76 30 icke
998 2216 134 37 hindra,
1161 2221 49 26 att
1234 2227 80 21 man
1340 2219 59 29 vid
1423 2219 64 30 den
1516 2219 170 37 förnyade
1711 2223 50 26 ut-

261 2261 153 37 redning,
438 2272 74 21 som
531 2265 465 37 sparbankslagstiftningen,
1019 2267 103 36 enligt
1144 2268 68 30 vad
1231 2268 57 38 jag
1307 2278 82 27 nyss
1411 2269 124 36 anfört,
1557 2279 101 27 synes
1678 2270 85 30 böra

263 2312 237 37 underkastas,
535 2314 49 29 till
617 2314 317 38 förutsättningslös
969 2317 230 37 omprövning
1232 2321 167 34 upptager
1432 2319 95 31 såväl
1560 2320 201 37 bindnings-

261 2362 128 30 rättens
417 2364 209 37 omfattning
655 2374 74 21 som
756 2366 75 30 dess
860 2367 159 30 tekniska
1045 2367 225 38 utformning.
1299 2369 65 31 Vid
1392 2370 113 30 denna
1532 2371 230 36 omprövning

261 2412 61 33 bör
349 2413 162 38 ställning
536 2415 106 31 också
670 2419 93 33 tagas
789 2416 50 30 till
865 2416 134 37 frågan,
1027 2418 174 31 huruvida
1225 2419 311 37 råntebindningen
1563 2422 72 29 kan
1663 2431 99 20 anses

260 2463 83 29 böra
360 2464 157 30 medföra
535 2466 85 28 krav
640 2465 44 36 på
703 2466 117 36 skärpt
836 2467 393 37 avskrivningspolitik.»
