2285 2801
534 205 19 28 4
1009 211 248 32 Stats-Utskottets
1284 216 149 29 Utlåtande
1455 217 56 30 N:o
1535 217 44 29 13.

892 290 82 36 från
1003 291 66 35 och
1097 293 83 35 med
1208 294 240 38 innevarande
1477 298 57 35 års
1558 298 123 50 början
1709 300 55 36 till
1792 302 65 36 och
1887 304 82 35 med
1994 307 95 35 1870

891 343 57 34 års
977 343 73 35 slut
1077 352 95 28 samt
1200 347 156 36 derefter
1383 349 136 48 årligen
1539 350 176 38 inbetalas
1732 354 74 35 åtta
1821 363 148 40 procent
1984 358 20 34 å
2019 358 70 35 den

889 396 254 48 ursprungliga
1156 397 260 44 lånesumman,
1433 401 104 36 deraf
1547 403 91 35 först
1650 405 189 48 godtgöres
1854 407 73 35 fem
1940 416 150 40 procent

889 446 90 48 årlig
1006 452 103 30 ränta
1137 450 20 33 å
1185 450 60 35 det
1273 451 91 35 efter
1392 452 120 49 hvarje
1541 454 224 51 inbetalning
1782 459 226 36 återstående
2024 460 63 36 ka-

887 497 271 51 pitalbeloppet,
1187 509 95 28 samt
1309 504 207 36 återstoden
1546 513 102 42 utgör
1675 508 224 50 afbetalning
1927 511 94 36 derå.

687 596 211 40 Stockholm
928 601 68 36 den
1028 605 43 33 13
1100 602 175 38 Februari
1307 609 104 34 1868.

1077 740 86 37 Arv.
1190 741 128 39 Fr:son
1345 743 117 38 Posse.

1188 1254 77 35 N:o
1300 1253 60 36 få.

1214 1439 61 25 Auk,
1296 1440 38 23 till
1353 1441 82 25 Riksd.
1456 1442 82 24 Kansli
1559 1444 42 23 den
1626 1444 26 25 13
1672 1444 66 25 Febr.
1763 1445 68 30 1868,
1852 1447 31 24 kl.
1904 1448 15 23 2
1939 1458 18 14 «
1978 1457 30 15 wm.

683 1534 194 47 Utlåtande,
907 1538 14 35 i
953 1540 193 51 anledning
1179 1545 45 48 af
1259 1544 124 49 Kongl.
1419 1547 123 48 Maj:ts
1578 1548 134 50 nådiga
1752 1550 230 49 Proposition,
2020 1566 51 23 om

876 1608 195 37 anvisande
1099 1612 47 48 af
1166 1612 166 36 särskildt
1361 1615 126 49 anslag
1508 1617 63 49 för
1599 1617 181 38 allmänna
1800 1621 137 35 arbeten
1962 1622 111 36 under

876 1674 42 36 är
945 1676 93 36 15668
1064 1678 51 35 till
1141 1679 193 38 beredande
1363 1683 46 48 af
1430 1684 270 50 arbetsförtjenst
1727 1688 34 34 ät
1788 1688 65 35 den
1883 1689 13 35 i
1915 1689 96 49 följd
2033 1691 45 48 af

873 1743 169 37 missväxt
1080 1748 59 34 och
1180 1748 66 48 dyr
1283 1750 50 34 tid
1358 1751 199 37 nödställda
1586 1754 245 50 befolkningen
1857 1757 93 35 inom
1977 1759 94 35 vissa

872 1811 99 36 delar
998 1815 46 46 af
1065 1814 126 37 landet.
1787 1821 62 47 (R.
1876 1823 60 48 A.)

608 1926 127 37 Under
761 1929 357 51 tillkännagifvande,
1147 1941 51 29 att
1232 1935 132 50 Kongl.
1392 1937 123 51 Maj:ts
1543 1940 410 51 Befallningshafvande
1978 1945 11 35 i
2017 1946 53 35 åt-

473 1976 143 49 skilliga
643 1979 69 41 län,
741 1982 83 33 med
853 1983 193 49 anledning
1073 1986 39 34 af
1137 1987 67 34 den
1234 1987 187 49 betryckta
1450 1992 179 48 ställning,
1653 1993 140 36 hvaruti
1815 1995 254 49 befolkningen

472 2027 98 35 inom
599 2030 106 35 dessa
734 2032 57 33 län
821 2033 54 47 sig
903 2033 170 43 befinner,
1101 2037 53 34 till
1185 2038 97 48 följd,
1312 2041 30 46 ej
1372 2041 139 36 mindre
1541 2044 38 34 af
1604 2044 84 35 flera
1716 2047 46 45 på
1783 2046 200 36 hvarandra
2001 2048 68 34 föl-

466 2078 108 47 jande
604 2081 56 34 års
689 2082 177 48 felslagna
894 2085 148 35 skördar
1070 2088 67 34 och
1165 2089 67 34 den
1262 2091 113 34 under
1403 2092 237 37 sistförflutna
1668 2097 76 34 året
1771 2096 10 35 i
1810 2097 95 35 vissa
1932 2099 137 35 trakter

469 2129 191 37 inträffade
689 2139 128 29 nästan
846 2135 236 50 fullständiga
1115 2140 184 41 missväxt,
1334 2148 44 29 än
1413 2144 105 34 äfven
1547 2146 39 34 af
1616 2146 67 35 den
1712 2147 189 36 minskade
1930 2149 138 35 arbets-

469 2181 176 47 förtjenst,
675 2183 144 36 hvilken
848 2187 39 33 af
912 2188 110 35 andra
1051 2190 249 36 förhållanden
1329 2194 67 34 och
1424 2194 10 34 i
1463 2195 198 37 allmänhet
1682 2198 67 47 dyr
1767 2199 53 34 tid
1836 2199 230 42 förorsakats,

469 2230 65 36 hos
564 2232 131 49 Kongl.
724 2235 104 49 Maj:t
855 2238 92 47 gjort
985 2240 246 50 underdåniga
1268 2244 308 50 framställningar
1615 2260 58 22 om
1707 2250 135 34 medels
1871 2251 194 36 anvisande

468 2282 55 35 för
552 2284 188 38 utförande
769 2288 39 34 af
833 2288 181 38 allmänna
1042 2291 270 53 arbetsföretag,
1352 2302 52 29 att
1432 2298 40 34 så
1499 2298 71 36 fort
1598 2311 77 23 som
1705 2300 138 50 möjligt
1870 2302 114 36 under
2011 2303 55 36 in-
