1932 2830
657 139 228 26 Statsutskottets
908 136 147 27 utlåtande
1078 136 48 27 Nr
1150 138 46 26 39.
1642 130 20 31 5

159 213 443 41 moderniseringsarbeten,
627 212 161 41 varjämte
822 211 93 31 vissa
942 211 105 31 andra
1074 210 132 31 mindre
1233 208 320 43 byggnadsarbeten
1577 207 85 31 böra

158 265 169 40 företagas
350 265 53 30 för
427 263 195 32 erhållande
650 274 40 20 av
712 263 52 31 för
788 263 119 30 skolan
931 261 162 42 lämpliga
1116 260 264 31 förrådslokaler
1403 270 40 20 m.
1468 269 42 20 m.
1556 259 108 30 Emot

160 316 41 31 de
225 315 51 32 för
299 315 101 31 dessa
423 313 319 42 byggnadsarbeten
776 312 194 32 beräknade
1004 311 239 38 kostnaderna,
1279 310 135 38 150,000
1441 309 136 37 kronor,
1602 308 61 31 har

161 365 378 43 departementschefen
562 364 89 31 intet
673 364 73 31 haft
769 365 49 30 att
841 363 122 32 erinra.

212 459 188 37 Utskottet,
427 470 72 20 som
524 458 189 42 tillstyrker
735 457 126 41 Kungl.
875 456 117 42 Maj:ts
1016 456 127 40 förslag
1167 455 107 31 under
1297 453 221 33 förevarande
1543 452 120 42 punkt,

162 510 207 38 hemställer,

481 562 49 29 att
567 560 182 40 riksdagen
784 560 55 30 må
871 559 53 31 för
951 558 216 41 Infanteriets
1195 555 383 43 officersaspirantskolas
1594 554 70 41 för-

429 611 154 41 läggning
600 612 112 30 såsom
736 609 342 42 kapitalinvestering
1094 608 11 31 i
1121 606 334 33 försvarsväsendets
1471 605 194 42 fastighets-

429 662 82 31 fond
545 662 52 31 för
630 661 203 40 budgetåret
869 659 134 32 1940/41
1036 659 118 32 anvisa
1178 660 48 30 ett
1249 656 352 41 reservationsanslag
1623 667 40 19 av

434 713 133 38 150,000
589 712 135 31 kronor.

216 824 80 42 10:0)
331 825 175 38 Utvidgning
531 833 35 22 av
589 823 218 39 Skillingaryds
830 822 149 39 skjutfält.
1024 820 126 42 Kungl.
1175 820 97 40 Maj:t
1300 819 62 31 har
1384 818 177 41 föreslagit
1584 817 83 32 riks-

162 876 108 45 dagen
294 875 121 42 (punkt
440 876 47 36 12,
519 874 62 32 sid.
609 872 133 42 13—19)
774 875 50 29 att
857 873 53 31 för
944 871 204 42 utvidgning
1171 882 39 19 av
1235 869 250 42 Skillingaryds
1509 868 159 41 skjutfält

162 927 52 31 för
236 926 204 41 budgetåret
465 925 132 32 1940/41
624 924 118 31 anvisa
764 925 49 30 ett
835 922 353 39 reservationsanslag
1210 932 39 20 av
1271 921 139 37 450,000
1432 920 135 31 kronor.

215 1019 388 43 Departementschefen
632 1019 61 31 har
716 1018 195 38 framhållit,
935 1018 49 30 att
1007 1016 58 31 det
1088 1016 53 31 till
1165 1015 208 41 disposition
1398 1013 140 32 stående
1563 1013 106 41 skjut-

162 1071 238 33 fältsområdet
422 1071 57 31 vid
505 1069 232 41 Skillingaryd
760 1069 100 31 blivit
884 1067 220 41 otillräckligt
1127 1067 52 31 för
1202 1068 48 29 ett
1265 1065 177 32 rationellt
1457 1063 211 33 bedrivande

163 1135 40 20 av
226 1122 346 42 skjututbildningen.
612 1120 51 32 Ur
686 1120 92 31 såväl
801 1119 227 40 utbildnings-
1048 1129 73 20 som
1147 1115 355 43 säkerhetssynpunkt
1524 1115 62 31 har
1610 1114 58 32 det

163 1174 114 31 därför
310 1175 98 39 synts
443 1171 378 43 departementschefen
859 1181 80 20 vara
972 1168 219 42 synnerligen
1225 1167 187 42 angeläget,
1450 1168 50 29 att
1533 1167 136 30 snarast

163 1224 134 41 möjligt
322 1223 138 41 vidtaga
483 1222 221 41 erforderliga
726 1221 157 42 åtgärder
906 1221 52 31 för
981 1219 197 32 erhållande
1201 1230 39 20 av
1262 1218 118 41 vidgat
1403 1217 264 41 skjututrymme

163 1277 20 29 å
216 1275 198 41 skjutfältet.
461 1274 53 31 Då
548 1273 237 32 erfarenheten
811 1272 99 38 visat,
934 1273 50 29 att
1007 1270 58 32 det
1087 1270 12 31 i
1122 1270 91 41 regel
1236 1269 73 31 icke
1333 1270 37 29 är
1393 1267 134 42 möjligt
1550 1269 50 29 att
1623 1268 44 40 på

163 1327 53 31 för
248 1326 130 31 kronan
412 1324 211 42 godtagbara
655 1323 123 31 villkor
811 1323 100 31 träffa
934 1320 350 34 överenskommelser
1307 1319 79 31 med
1408 1318 258 32 vederbörande

164 1377 194 40 markägare
383 1387 54 20 om
462 1375 209 42 disposition
695 1374 77 31 med
795 1373 248 42 nyttjanderätt
1066 1383 40 19 av
1129 1372 52 30 för
1205 1371 259 41 skjutningarna
1485 1368 184 41 behövliga

164 1426 268 38 markområden,
457 1426 61 31 har
540 1426 59 30 det
622 1427 98 39 synts
744 1423 387 42 departementschefen,
1157 1424 49 29 att
1228 1422 44 30 all
1288 1421 53 31 för
1362 1419 307 42 skjutfältsutvidg-

164 1479 125 40 ningen
314 1477 201 41 erforderlig
539 1476 94 31 mark
656 1475 63 32 bör
741 1475 172 31 förvärvas
936 1474 78 31 med
1038 1472 208 42 äganderätt.
1291 1472 53 31 De
1367 1471 12 31 i
1403 1471 63 31 och
1489 1471 52 31 för
1565 1470 104 41 skjut-

165 1527 330 41 fältsutvidgningen
530 1526 221 41 erforderliga
777 1525 273 31 markförvärven
1075 1523 86 31 hava
1184 1534 39 20 av
1246 1521 345 41 arméförvaltningen
1615 1521 54 31 be-

167 1579 137 31 räknats
337 1578 54 31 till
419 1577 156 41 omkring
597 1576 137 31 450.000
757 1576 135 37 kronor,
917 1577 71 29 mot
1010 1574 106 31 vilket
1138 1573 128 41 belopp
1289 1571 380 43 departementschefen

164 1630 88 31 intet
284 1629 73 31 haft
380 1630 50 30 att
454 1628 119 31 erinra.
618 1626 390 43 Departementschefen
1031 1625 62 31 har
1115 1625 171 37 förutsatt,
1311 1625 50 29 att
1384 1634 40 19 av
1446 1622 223 31 förevarande

165 1681 117 40 anslag
303 1680 125 41 jämväl
450 1680 89 40 finge
562 1678 173 32 bestridas
759 1679 49 29 ett
829 1677 130 40 belopp
982 1687 40 20 av
1048 1675 111 37 14,086
1182 1675 125 30 kronor
1331 1674 40 31 20
1388 1675 68 36 öre,
1475 1684 73 20 som
1565 1675 104 29 armé-

165 1730 271 42 förvaltningens
460 1728 391 42 fortifikationsstyrelse
875 1726 177 41 förskjutit
1071 1726 53 31 för
1143 1726 105 40 inköp
1265 1736 39 20 av
1321 1724 206 41 fastigheten
1549 1723 121 31 Hults-

167 1781 102 42 gärde
296 1781 38 31 1”.

219 1874 180 32 Utskottet
432 1874 62 30 har
526 1873 88 30 intet
648 1874 49 29 att
731 1872 111 31 erinra
877 1873 72 29 mot
989 1871 125 40 Kungl.
1146 1870 117 40 Maj:ts
1296 1868 221 32 förevarande
1540 1868 130 40 förslag

168 1925 81 32 eller
272 1927 70 28 mot
365 1924 65 31 vad
454 1922 378 42 departementschefen
856 1922 11 30 i
892 1921 166 31 samband
1081 1920 140 31 därmed
1245 1920 121 30 anfört.

219 1975 180 32 Utskottet
422 1974 207 37 hemställer,

489 2052 49 29 att
571 2049 183 41 riksdagen
788 2050 54 29 må
865 2048 53 31 för
955 2046 197 41 Utvidgning
1186 2057 38 20 av
1252 2045 244 40 Skillingaryds
1518 2045 155 40 skjutfält

438 2103 113 29 såsom
575 2099 343 41 kapitalinvestering
941 2098 11 31 i
975 2096 334 33 försvarsväsendets
1333 2096 269 41 fastighetsfond
1619 2096 53 30 för

437 2151 204 41 budgetåret
676 2149 130 32 1940/41
844 2149 119 31 anvisa
997 2150 48 29 ett
1078 2147 352 40 reservationsanslag
1463 2157 39 20 av
1535 2146 138 38 450,000

437 2202 134 30 kronor.

226 2295 79 40 11:0)
330 2295 175 37 Utvidgning
530 2303 35 22 av
589 2294 215 37 övningsfältet
826 2294 49 29 för
902 2292 116 30 Skövde
1043 2292 154 37 garnison.
1244 2290 174 38 Utvidgning
1436 2298 34 22 av
1490 2290 185 30 Söderman-

171 2347 86 30 lands
292 2346 194 37 regementes
514 2345 190 37 övningsfält.
751 2342 125 39 Kungl.
912 2341 98 41 Maj:t
1043 2341 61 30 har
1138 2340 176 40 föreslagit
1345 2339 182 39 riksdagen
1559 2338 115 41 (punk-

171 2399 96 28 terna
294 2396 34 30 13
353 2395 63 30 och
446 2396 43 35 14,
515 2394 62 31 sid.
608 2393 130 40 19—23)
772 2395 49 28 att
852 2392 118 31 anvisa
993 2392 50 30 för
1067 2390 202 40 utvidgning
1292 2402 39 18 av
1356 2389 246 40 övningsfältet
1624 2389 52 30 för

174 2446 134 34 Skövde
333 2445 161 41 garnison
519 2446 49 29 ett
591 2443 353 40 reservationsanslag
966 2454 39 19 av
1029 2442 135 37 250,000
1188 2441 124 31 kronor
1328 2440 65 31 och
1410 2440 51 31 för
1475 2439 201 41 utvidgning

1719 460 131 24 Utskottet.

1726 1876 133 24 Utskottet.
