1862 2798
488 149 123 28 Första
638 146 244 40 lagutskottets
909 146 177 29 utlåtande
1111 155 43 21 nr
1178 146 51 28 41.
1573 144 37 30 13

107 233 263 29 rådsremissen.
397 232 79 28 Man
501 231 110 29 måste
637 230 191 29 emellertid
854 230 84 28 söka
964 230 141 28 komma
1129 229 51 28 till
1205 230 91 28 rätta
1321 229 78 29 med
1425 228 56 29 det
1506 228 103 39 prak-

110 284 89 29 tiska
217 284 202 38 problemet,
440 284 49 28 att
509 281 337 39 uppskovsreglerna
867 279 175 30 försvårar
1063 279 80 30 eller
1163 280 122 28 rentav
1304 278 146 30 hindrar
1471 287 138 30 genom-

108 334 161 29 förandet
292 343 41 20 av
356 332 239 39 exceptionellt
617 331 182 39 vidlyftiga
822 330 232 39 rättegångar.
1077 330 52 29 En
1152 339 139 30 process
1315 339 41 20 av
1379 331 66 28 den
1468 329 141 29 omfatt-

107 385 83 40 ning
215 387 49 28 att
289 383 394 39 huvudförhandlingen
709 383 124 29 kräver
858 392 43 19 en
926 382 81 29 eller
1032 381 88 30 flera
1144 381 185 29 månaders
1355 381 49 30 tid
1430 381 70 29 kan
1525 390 83 20 man

107 437 78 28 med
210 435 203 29 nuvarande
437 434 290 39 uppskovsregler
752 442 82 20 vara
860 433 69 29 viss
955 442 56 19 om
1036 433 50 28 att
1111 432 119 30 kunna
1257 431 203 39 genomföra
1486 432 122 28 endast

107 487 110 29 under
237 486 143 30 särskilt
400 493 232 31 gynnsamma
650 484 306 38 omständigheter.
978 483 65 30 Om
1063 482 175 39 nämligen
1258 483 114 28 rätten
1393 483 9 29 i
1422 482 125 38 början
1567 491 42 20 av

109 536 270 39 förhandlingen
396 536 151 29 beslutat
565 537 47 28 ett
632 535 168 39 uppskov,
820 534 175 29 måhända
1014 543 41 20 av
1073 534 122 28 endast
1215 542 42 20 en
1275 533 84 38 dags
1378 532 230 38 varaktighet,

108 588 38 28 är
171 589 123 32 rätten,
322 587 107 29 sedan
454 586 270 38 förhandlingen
750 585 153 30 därefter
928 584 118 39 pågått
1072 584 10 28 i
1108 584 47 29 tio
1181 584 116 38 dagar,
1325 583 208 29 förhindrad
1559 584 50 28 att

108 638 157 29 meddela
286 637 200 39 ytterligare
509 636 159 39 uppskov
690 645 55 19 om
768 637 44 28 än
835 635 111 39 aldrig
969 635 37 29 så
1027 635 89 28 kort.
1141 634 116 30 Skulle
1280 633 43 30 då
1346 636 72 26 mot
1441 634 104 28 slutet
1568 642 42 20 av

109 687 392 39 huvudförhandlingen
528 689 132 27 rättens
687 686 221 33 ordförande,
937 686 66 28 den
1029 685 168 29 tilltalade
1225 685 82 28 eller
1334 694 117 19 annan
1478 684 36 28 få
1541 684 69 28 för-

109 739 123 28 hinder
252 739 115 37 någon
386 738 66 38 dag
471 737 64 29 och
556 736 313 38 förhandlingarna
889 735 10 28 i
919 734 188 39 anledning
1127 734 106 29 därav
1253 734 36 29 få
1309 733 169 34 inställas,
1500 733 110 29 måste

111 789 219 39 följaktligen
351 789 78 29 hela
450 788 226 39 rättegången
697 789 97 37 tagas
816 796 57 20 om
895 786 79 29 från
994 785 135 39 början.
1152 786 102 29 Detta
1276 786 38 28 är
1336 785 274 39 uppenbarligen

109 841 75 29 icke
203 840 333 29 tillfredsställande.

155 891 170 38 Lagrådet
346 891 63 28 har
430 890 113 37 antytt
563 907 43 2 —
626 888 126 29 liksom
772 888 61 38 jag
852 887 106 30 också
978 887 91 39 gjort
1090 886 56 30 vid
1167 886 310 38 lagrådsremissen
1561 886 51 29 att

110 943 91 29 vissa
222 942 109 29 andra
351 941 146 37 utvägar
515 941 44 27 än
580 949 41 19 en
641 939 186 39 jämkning
848 947 42 20 av
911 937 336 40 uppskovsreglerna
1270 938 37 27 är
1328 936 181 29 tänkbara.
1532 936 82 28 Man

111 992 62 28 har
199 991 222 30 beträffande
448 989 173 29 tvistemål
649 989 161 29 hänvisat
837 988 52 29 till
916 988 267 39 möjligheterna
1211 989 50 27 att
1288 987 158 30 meddela
1473 987 138 29 deldom

111 1042 81 28 eller
214 1042 223 33 mellandom,
461 1043 49 27 att
531 1040 93 29 hålla
648 1039 150 30 särskild
819 1038 348 38 huvudförhandling
1189 1038 149 29 rörande
1362 1037 109 29 sådan
1493 1037 54 29 del
1571 1045 42 21 av

112 1093 108 28 saken
244 1102 73 20 som
343 1092 57 28 må
424 1092 144 38 avgöras
594 1090 141 30 särskilt
759 1090 65 29 och
847 1091 60 32 att,
932 1098 55 20 om
1013 1089 86 29 flera
1124 1088 69 29 mål
1218 1089 155 29 förenats
1399 1088 51 29 till
1476 1096 136 30 gemen-

111 1152 75 19 sam
206 1142 270 39 handläggning,
497 1141 73 30 åter
591 1140 164 39 särskilja
775 1140 126 29 målen.
922 1140 13 28 I
956 1139 98 39 fråga
1074 1148 56 20 om
1149 1138 221 35 brottmålen,
1392 1147 74 20 som
1487 1138 10 28 i
1518 1139 94 29 detta

110 1194 256 39 sammanhang
391 1194 97 28 torde
512 1202 83 20 vara
621 1194 88 27 mest
734 1191 165 34 aktuella,
925 1191 63 29 har
1014 1190 154 40 lagrådet
1194 1190 130 30 erinrat
1350 1199 57 20 om
1433 1192 49 28 att
1508 1191 103 28 rätte-

110 1244 237 38 gångsbalken
372 1251 56 31 ger
452 1242 182 39 möjlighet
656 1244 51 28 att
729 1241 151 40 uppdela
902 1240 304 40 handläggningen
1231 1250 42 20 av
1297 1240 86 29 flera
1408 1239 69 30 åtal
1501 1240 111 29 under

112 1295 253 38 förutsättning
390 1296 50 27 att
465 1294 40 30 de
530 1294 28 38 ej
586 1293 121 29 väckts
733 1292 179 39 samtidigt
937 1292 63 29 och
1026 1293 49 28 att
1100 1291 52 30 till
1178 1291 151 30 särskild
1353 1290 181 39 rättegång
1560 1292 52 27 ut-

112 1345 106 38 skilja
237 1344 331 30 skadeståndstalan
587 1353 55 20 om
663 1343 107 29 sådan
790 1343 93 29 föres
903 1343 10 28 i
932 1342 174 29 brottmål.
1126 1341 202 30 Emellertid
1348 1343 37 28 är
1405 1341 100 29 dessa
1524 1341 89 39 möj-

112 1396 144 38 ligheter
284 1396 155 38 tydiigen
467 1395 75 29 icke
571 1394 219 38 tillräckliga.
820 1393 170 39 Lagrådet
1019 1393 145 39 antyder
1194 1392 105 29 också
1330 1394 48 28 att
1409 1401 81 20 man
1520 1391 94 29 skul-

113 1446 29 28 le
164 1447 120 28 kunna
306 1447 77 36 giva
404 1446 110 28 ökade
536 1444 221 39 möjligheter
780 1446 50 28 att
851 1444 150 39 uppdela
1023 1445 48 28 ett
1092 1443 218 29 omfattande
1332 1442 166 29 brottmål
1520 1442 10 28 i
1553 1442 61 29 fle-

112 1505 38 21 ra
175 1496 104 29 delar.
307 1496 209 38 Visserligen
541 1496 97 28 torde
664 1495 39 29 de
729 1494 202 30 nuvarande
956 1494 156 38 reglerna
1138 1493 10 29 i
1172 1493 340 38 rättegångsbalken,
1539 1501 74 20 som

114 1547 135 39 tvingar
278 1546 194 30 domstolen
501 1548 49 28 att
579 1546 155 38 företaga
763 1545 88 29 flera
878 1545 70 29 åtal
976 1544 52 30 till
1057 1552 200 31 gemensam
1286 1543 261 39 handläggning
1578 1542 37 29 så

113 1600 97 27 snart
233 1598 39 29 de
295 1597 120 29 väckts
439 1596 188 39 samtidigt,
649 1596 75 29 icke
746 1605 83 20 vara
852 1595 80 29 fullt
954 1594 325 30 tillfredsställande
1302 1593 209 33 utformade,
1534 1602 81 20 men

114 1656 81 20 man
216 1657 101 30 synes
340 1648 87 28 dock
448 1648 75 29 icke
544 1655 123 30 genom
687 1655 42 20 en
750 1646 149 39 ändring
919 1646 43 39 på
983 1646 113 29 denna
1116 1645 113 39 punkt
1250 1645 120 29 kunna
1392 1645 72 29 lösa
1486 1644 67 29 alla
1575 1644 40 29 de

113 1699 155 37 problem
294 1707 74 20 som
393 1698 231 38 uppkommer
648 1698 10 29 i
683 1697 142 29 särskilt
850 1699 93 27 stora
968 1696 220 39 rättegångar
1213 1697 78 28 med
1316 1695 69 29 åtal
1411 1695 53 29 för
1489 1694 127 39 många

114 1750 102 28 brott.
232 1750 48 28 De
298 1748 265 39 straffrättsliga
580 1748 174 39 principer
770 1757 75 21 som
861 1748 123 29 kräver
1001 1749 46 28 ett
1064 1746 166 38 enhetligt
1246 1746 216 30 bedömande
1479 1755 41 20 av
1537 1745 79 30 fler-

115 1800 107 39 faldig
240 1800 222 37 brottslighet
479 1800 70 28 kan
568 1799 128 29 hindra
714 1801 47 27 ett
780 1799 216 29 avdömande
1015 1798 91 29 brott
1127 1798 53 28 för
1198 1797 108 34 brott;
1328 1796 200 40 påföljdens
1547 1796 70 29 rik-

115 1850 69 37 tiga
208 1850 264 29 bestämmande
497 1850 124 29 kräver
645 1849 176 39 nämligen
846 1851 50 28 att
921 1848 116 29 alltför
1063 1848 94 38 långt
1182 1848 130 38 gående
1337 1847 215 39 uppdelning
1576 1855 42 21 av

116 1901 104 29 målet
241 1901 182 28 undvikes.

160 1951 170 38 Lagrådet
349 1952 145 28 nämner
512 1951 164 38 slutligen
693 1952 96 31 även,
809 1952 50 27 att
877 1950 56 29 det
951 1950 70 29 kan
1038 1959 82 19 vara
1139 1948 220 39 erforderligt
1377 1950 49 29 att
1445 1948 172 29 förbättra

117 2001 454 29 förberedelseförfarandet
594 2001 37 29 så
651 2002 50 28 att
722 2001 93 29 detta
836 2001 112 28 bättre
971 2000 68 28 kan
1061 2000 179 37 tillgodose
1261 2000 121 29 kravet
1402 1999 44 39 på
1471 1999 149 28 koncen-

117 2052 128 29 tration
263 2052 9 29 i
302 2051 269 39 rättegångarna.
590 2052 151 28 Därmed
760 2051 100 29 berör
880 2050 153 39 lagrådet
1053 2052 46 27 ett
1119 2050 155 39 problem
1293 2058 75 20 som
1387 2051 84 27 utan
1493 2049 124 29 tvekan

117 2103 38 29 är
175 2103 221 37 synnerligen
417 2102 269 38 betydelsefullt,
708 2101 64 29 och
793 2102 57 28 det
869 2101 98 37 ingår
988 2101 8 28 i
1019 2100 429 38 rättegångskommitténs
1469 2099 152 38 åliggan-

119 2152 64 29 den
203 2154 49 27 att
270 2154 88 35 ägna
378 2152 51 28 sin
449 2152 313 38 uppmärksamhet
782 2151 34 29 åt
835 2151 204 29 detsamma.
1059 2151 195 28 Problemet
1274 2150 105 37 gäller
1402 2150 105 29 också
1527 2150 94 29 åkla-

120 2202 363 38 garorganisationens
500 2201 231 39 uppbyggnad
749 2201 63 29 och
832 2202 38 27 är
887 2201 132 28 således
1038 2201 137 38 mycket
1192 2201 233 33 omfattande;
1445 2200 92 29 vilka
1557 2201 64 27 lös-

119 2252 122 37 ningar
264 2261 74 19 som
362 2252 120 28 därvid
506 2252 120 27 kunna
648 2260 81 20 vara
753 2251 176 38 praktiskt
953 2250 142 38 möjliga
1119 2252 37 27 är
1179 2250 153 38 tydligen
1357 2251 9 27 i
1391 2251 128 36 dagens
1548 2251 72 36 läge

120 2301 74 28 icke
212 2303 70 35 gott
302 2303 49 26 att
370 2302 89 35 säga.

164 2351 210 36 Visserligen
398 2352 36 28 är
456 2351 56 28 det
535 2350 101 29 alltså
659 2350 175 31 tänkbart,
858 2351 50 27 att
929 2349 89 29 vissa
1043 2350 107 28 andra
1176 2350 169 28 reformer
1367 2350 112 28 skulle
1501 2351 119 28 kunna

120 2401 140 37 bidraga
287 2402 48 27 till
362 2401 156 28 lösandet
541 2410 41 19 av
604 2400 41 28 de
669 2400 212 36 svårigheter
906 2399 40 28 de
970 2400 241 38 exceptionellt
1236 2401 93 27 stora
1354 2401 268 36 rättegångarna

121 2451 172 38 erbjuder.
315 2451 119 28 Såsom
455 2449 94 29 förut
569 2450 140 27 nämnts
729 2449 97 36 ingår
846 2449 92 28 detta
960 2449 153 38 problem
1135 2448 102 29 bland
1261 2450 364 37 rältegångskommit-
