2214 2686
431 207 18 30 2
888 206 251 33 Statsutskottets
1170 206 173 33 Ullåtande
1370 208 65 32 N:o
1459 209 50 30 11.

385 285 136 37 ombud
561 285 64 37 vid
665 285 274 50 förrättningen
979 286 169 37 företedd
1181 287 68 37 och
1278 291 39 33 år
1348 289 95 35 1697
1473 288 188 50 uppgjord
1689 288 118 48 karta,
1837 302 141 24 samma

384 343 90 44 gata
501 338 63 36 vid
591 338 161 37 nämnda
779 338 176 50 tidpunkt
983 344 143 32 ansetts
1153 340 91 37 höra
1272 340 57 37 till
1357 340 151 37 stadens
1537 341 165 46 område;

512 391 95 37 hade
649 391 132 37 staden
808 392 85 37 med
922 392 202 49 anledning
1152 393 107 37 deraf
1282 393 117 37 under
1426 393 276 50 förrättningen
1730 394 166 49 anhållit,
1926 400 52 31 att

384 448 162 44 gränsen
588 444 158 37 emellan
787 444 131 37 staden
961 445 68 37 och
1070 445 174 37 faktoriet
1286 449 115 34 måtte
1442 446 225 50 uppdragas,
1709 450 47 46 på
1785 452 73 32 sätt
1887 460 46 24 en
1961 450 19 34 å

383 496 162 37 nämnda
585 497 108 37 karta
725 497 85 37 med
837 498 85 36 rödt
950 498 176 49 angifven
1153 498 87 37 linie
1268 504 171 32 närmare
1467 499 182 49 utvisade,
1680 504 39 32 så
1747 505 55 31 att
1831 501 75 36 dels
1935 500 45 37 de

383 549 102 38 delar
513 550 41 36 af
576 550 45 37 de
650 550 328 50 sammanlöpande
1006 551 221 49 Drottning-
1257 552 68 36 och
1352 552 325 49 Faktorigatorna,
1707 552 128 37 hvilka
1862 552 119 50 enligt

382 603 217 37 nuvarande
625 603 204 49 gränslinie
857 617 87 24 vore
971 603 112 50 lagda
1111 604 57 36 till
1194 604 324 49 gevärsfaktoriet,
1548 605 229 38 förklarades
1805 605 78 37 helt
1912 606 67 36 och

383 655 114 38 hållet
538 656 68 37 och
646 656 57 37 till
730 656 84 37 hela
843 656 56 37 sin
927 657 116 37 bredd
1072 657 91 37 höra
1190 657 57 37 till
1275 657 152 37 stadens
1456 658 160 49 område,
1647 660 75 35 dels
1751 658 72 37 den
1850 659 128 36 ofvan-

382 708 158 37 berörda
580 709 231 48 gränslinien
851 709 81 36 från
971 710 168 47 punkten
1170 711 22 45 f
1220 713 20 32 å
1271 710 144 47 kartan,
1445 716 91 30 utan
1563 711 160 47 ändring
1749 711 229 36 beträffande

382 761 347 49 utgångspunkten,
758 760 176 50 flyttades
963 764 40 34 så
1031 761 149 50 mycket
1208 764 36 34 åt
1273 766 134 44 vester,
1437 766 55 33 att
1511 762 62 37 det
1594 762 40 37 af
1652 764 94 35 1847
1769 765 58 34 års
1846 767 132 44 gräns-

381 812 88 37 linie
497 827 50 22 nu
576 813 243 37 öfverskurna
847 813 272 37 fabrikshusets
1149 819 122 32 vestra
1299 814 228 49 gafvelsidas
1555 815 219 49 grundmur,
1794 815 186 49 utdragen

382 865 97 37 intill
506 866 282 48 Faktorigatan,
822 866 150 37 komme
1000 871 54 31 att
1082 866 205 49 inrymmas
1315 867 101 36 inom
1443 872 164 43 gränsen
1635 867 57 37 för
1720 868 152 36 stadens
1901 881 77 23 om-

382 917 98 49 råde,
524 918 69 37 och
622 919 75 36 dels
726 919 165 49 slutligen
922 918 211 49 Tullgatan,
1162 918 154 38 hvilken
1344 932 129 24 senare
1503 919 132 38 staden
1663 920 165 37 önskade
1857 919 35 38 få
1919 927 58 29 ut-

381 970 89 49 lagd
513 970 53 37 till
608 984 47 23 en
685 970 117 37 bredd
831 971 40 36 af
894 971 113 36 minst
1037 973 47 35 30
1113 971 64 48 fot,
1207 971 241 49 förklarades,
1477 972 53 36 till
1562 972 72 37 den
1661 972 71 48 del,
1761 972 216 37 densamma

382 1022 159 37 befunne
571 1023 59 48 sig
657 1023 101 37 mom
786 1023 195 37 faktoriets
1011 1037 101 35 egor,
1143 1024 103 36 skola
1275 1024 84 36 med
1388 1024 58 37 sin
1473 1030 125 31 vestra
1632 1025 79 36 sida
1744 1030 135 43 utgöra
1897 1025 81 48 lag-

381 1075 78 49 liga
485 1080 164 44 gränsen
677 1075 159 37 emellan
862 1076 333 49 gevärsfaktoriets
1224 1077 68 36 och
1321 1076 150 37 stadens
1501 1077 190 46 områden;
1722 1077 64 36 allt
1815 1083 78 31 mot
1917 1077 57 36 det

381 1127 144 49 staden,
567 1128 13 36 1
620 1128 177 37 händelse
839 1129 41 35 af
914 1128 101 37 bifall
1052 1128 53 37 till
1137 1128 45 37 de
1211 1129 154 36 sålunda
1392 1129 221 49 ifrågasatta
1639 1129 338 49 regleringsåtgär-

382 1180 125 48 derna,
540 1180 182 37 förbunde
751 1181 60 48 sig
839 1186 52 31 att
921 1181 57 36 för
1005 1181 200 36 framtiden
1233 1181 210 49 ombesörja
1470 1181 232 37 underhållet
1731 1182 41 36 af
1794 1182 45 36 de
1867 1187 110 43 gatu-

381 1232 102 37 delar
524 1232 69 37 och
634 1232 187 48 områden,
864 1232 131 37 staden
1036 1233 217 48 härigenom
1295 1233 124 36 kunde
1447 1233 150 37 komma
1626 1239 53 31 att
1707 1233 170 37 tillvinna
1907 1234 70 48 sig,

382 1284 190 37 äfvensom
614 1284 234 49 berättigade
889 1285 311 48 gevärsfaktoriet
1243 1291 50 31 att
1339 1286 136 36 utefter
1516 1286 71 36 den
1628 1291 124 32 vestra
1785 1286 193 49 reglerade

380 1342 164 43 gränsen
585 1337 40 36 af
648 1337 152 37 stadens
827 1337 116 37 nedra
969 1337 265 37 hamnområde
1262 1337 174 50 begagna
1464 1351 46 24 en
1538 1338 198 49 skjutbana
1766 1338 41 36 af
1832 1341 45 33 12
1906 1339 73 36 fots

383 1388 87 37 vidd
513 1389 73 37 tills
627 1389 128 37 vidare
797 1390 68 36 och
896 1390 98 36 intill
1022 1390 85 36 dess
1136 1404 123 22 annan
1285 1390 156 49 lämplig
1468 1390 98 50 plats
1594 1390 57 37 för
1679 1404 46 23 en
1753 1391 103 49 dylik
1884 1391 94 36 bana

381 1441 124 37 kunde
534 1444 20 34 å
582 1442 163 36 kronans
773 1442 107 37 mark
907 1442 166 37 beredas.

509 1494 124 37 Jemte
666 1494 182 36 förmälan
876 1508 59 23 om
963 1494 99 37 hvad
1090 1494 61 37 vid
1180 1494 121 37 denna
1329 1494 467 49 landtmäteriförrättning
1825 1495 154 36 sålunda

382 1546 233 37 förekommit
647 1546 95 37 hade
770 1546 381 49 arméförvaltningen
1178 1547 12 36 1
1219 1547 195 37 skrifvelse
1442 1547 57 36 till
1525 1547 137 48 Kongl.
1688 1547 106 49 Maj:t
1815 1547 162 49 upplyst,

381 1604 54 31 att
477 1598 148 37 arealen
666 1598 40 36 af
742 1598 72 37 den
855 1599 117 47 mark,
1015 1599 153 36 hvilken
1209 1599 62 36 vid
1298 1599 103 36 bifall
1432 1599 53 36 till
1513 1599 459 49 egoregleringsförslaget

381 1650 119 37 skulle
541 1650 312 49 gevärsfaktoriet
886 1651 141 48 frångå,
1057 1651 115 48 enligt
1203 1651 41 36 af
1266 1651 116 37 förste
1409 1651 276 37 landtmätaren
1712 1651 128 37 Lodén
1867 1652 109 35 verk-

381 1703 97 36 stäld
505 1702 249 49 uppmätning
781 1703 192 49 uppginge
997 1703 57 36 till
1082 1703 275 48 sammanlagdt
1386 1705 149 46 2,233,5
1567 1703 288 48 qvadratmeter,
1882 1709 93 31 samt

380 1755 12 35 i
433 1754 115 49 öfrigt
587 1754 306 49 tillkännagifvit,
936 1760 55 31 alt
1031 1768 136 35 genom
1210 1755 232 37 afträdandet
1484 1755 57 36 till
1581 1755 219 37 Eskilstuna
1833 1755 82 37 stad
1944 1755 40 37 af

380 1806 284 49 ifrågavarande
692 1806 183 49 egolotter
902 1807 312 48 gevärsfaktoriet
1243 1807 81 36 icke
1354 1807 118 36 skulle
1500 1811 47 44 gå
1567 1807 12 36 1
1599 1808 182 48 mistning
1801 1808 40 36 af
1854 1811 124 45 någon

380 1858 57 37 för
465 1859 85 36 dess
578 1858 241 37 verksamhet
845 1858 166 49 behöflig
1038 1859 228 37 vattenkraft
1296 1859 88 37 eller
1413 1860 40 36 af
1476 1860 117 47 mark,
1624 1873 78 23 som
1727 1860 57 36 för
1803 1860 169 36 faktoriet

381 1910 123 37 kunde
531 1910 115 37 blifva
673 1910 57 37 till
756 1914 116 46 något
900 1911 185 49 egentligt
1112 1924 119 36 gagn;
1261 1912 68 36 och
1357 1911 46 37 då
1431 1911 313 49 egoregleringen
1771 1912 56 37 för
1856 1912 119 36 fakto-

379 1963 72 37 riet
491 1966 119 34 måste
643 1963 166 37 medföra
837 1976 46 23 en
910 1964 188 48 väsentlig
1124 1963 144 37 lättnad
1296 1964 11 35 i
1336 1964 72 36 den
1435 1964 175 36 faktoriet
1639 1964 200 49 åliggande
1866 1969 109 43 gatu-

383 2015 441 49 underhållsskyldighet,
867 2022 97 31 samt
997 2016 190 48 förslaget,
1223 2015 142 37 hvilket
1395 2016 120 36 blifvit
1544 2016 41 36 af
1608 2022 286 43 styresmannen
1920 2016 58 37 för

381 2067 175 38 faktoriet
587 2067 203 49 förordadt,
832 2067 118 50 enligt
983 2067 400 50 arméförvaltningens
1411 2068 242 50 uppfattning
1683 2068 131 37 stödde
1843 2068 60 49 sig
1929 2071 47 47 på

379 2120 99 48 goda
517 2119 176 49 grunder,
735 2119 96 37 hade
873 2120 380 49 arméförvaltningen
1293 2121 121 36 funnit
1444 2121 59 48 sig
1530 2120 89 37 böra
1652 2121 56 36 till
1736 2121 72 37 den
1837 2121 41 36 af
1901 2126 74 31 sta-

380 2173 71 36 den
479 2172 135 48 gjorda
641 2172 325 49 framställningen
993 2172 190 49 tillstyrka
1210 2172 112 36 bifall.

508 2223 128 39 Under
678 2223 231 50 åberopande
950 2224 110 38 häraf
1082 2224 67 37 har
1176 2225 138 47 Kongl.
1343 2225 102 49 Maj:t
1477 2224 12 37 i
1518 2239 46 22 en
1591 2224 57 37 till
1676 2225 299 37 statsutskottete

380 2275 228 50 behandling
639 2276 218 37 remitterad
883 2276 231 51 proposition
1143 2276 70 51 (n:r
1241 2277 36 49 4)
1307 2277 40 36 af
1370 2277 72 37 den
1473 2280 17 34 7
1521 2277 202 37 november
1753 2279 97 35 1890
1878 2276 96 38 före-

380 2328 112 48 slagit
520 2328 217 49 Riksdagen
765 2334 54 31 att
849 2329 200 49 medgifva,
1079 2334 52 31 att
1160 2329 99 36 vissa
1290 2330 86 36 Carl
1405 2329 155 37 Gustafs
1581 2329 102 37 stads
1702 2329 274 48 gevärsfaktori
