2248 2636
1323 100 6 9 N

423 155 40 30 22
855 151 342 32 Jordbruksutskottets
1223 149 160 32 utlåtande
1406 149 52 31 Nr
1482 149 52 31 66.

378 238 40 30 är
446 232 84 36 dess
559 231 158 46 önskan,
747 236 55 30 att
826 230 63 36 det
909 230 81 35 från
1011 229 139 47 Kungl.
1173 229 108 47 Maj:t
1300 227 161 35 väntade
1482 226 181 47 förslaget
1682 225 56 36 till
1759 239 52 35 ny
1831 229 147 31 vatten-

379 286 64 46 lag
484 283 86 36 med
599 283 145 48 hänsyn
779 281 57 37 till
865 282 153 47 frågans
1048 280 80 35 vikt
1156 280 70 36 och
1257 279 158 36 behovet
1443 291 47 22 av
1518 290 47 23 en
1593 277 205 48 skyndsam
1828 276 152 48 lösning

379 338 128 44 måtte,
537 335 46 36 då
612 335 210 36 detsamma
851 333 215 48 förelägges
1095 331 218 48 riksdagen,
1349 329 207 36 framträda
1584 329 11 35 1
1623 334 53 30 ett
1703 329 138 36 sådant
1860 327 117 48 skick,

380 392 52 30 att
461 390 48 45 på
537 386 237 48 grundvalen
803 385 115 35 därav
947 390 53 29 ett
1028 382 301 50 genomförande
1358 395 45 22 av
1432 381 72 36 den
1538 379 219 37 emotsedda
1785 380 194 37 definitiva

380 439 241 47 regleringen
650 451 46 22 av
725 439 90 34 våra
841 433 491 38 vattenrättsförhållanden
1356 432 72 36 kan
1445 432 103 36 bliva
1567 431 152 48 möjligt
1739 431 89 37 eller
1846 431 133 37 under-

380 491 120 35 lättat.
556 488 385 47 Förutsättningarna
969 487 56 36 för
1052 486 192 36 vinnande
1273 498 46 23 av
1348 485 103 35 detta
1480 483 99 49 syfte
1607 482 105 37 torde
1732 485 79 33 åter
1830 488 148 32 väsent-

379 542 103 47 ligen
511 555 91 22 vara
629 540 188 36 beroende
846 553 45 21 av
920 538 72 36 den
1020 538 94 49 grad
1144 551 46 21 av
1219 537 160 48 hänsyn,
1409 548 80 23 som
1518 535 64 36 vid
1612 534 201 48 förslagets
1832 535 148 36 utarbe-

379 593 113 36 tande
532 599 109 41 tages
683 591 56 36 till
781 591 45 35 de
867 590 259 47 samhälleliga
1153 588 283 49 synpunkterna
1463 587 12 35 i
1506 587 201 36 allmänhet
1736 585 72 36 och
1836 586 143 37 lantbe-

381 644 244 48 folkningens
654 643 186 36 intressen
869 642 12 35 i
909 641 214 49 synnerhet.
1180 639 86 37 Med
1296 640 72 35 den
1396 639 247 48 uppfattning
1671 651 59 22 om
1764 637 215 37 kommitté-

380 696 203 48 förslagets
611 695 157 36 ledande
796 694 200 48 principer,
1027 706 79 23 som
1136 692 61 36 det
1216 692 98 35 varit
1333 691 184 36 utskottet
1541 689 149 49 möjligt
1711 694 55 30 att
1786 688 103 37 bilda
1907 690 71 46 six,

380 748 65 35 vill
483 748 61 35 det
572 746 169 37 förefalla
770 745 198 44 utskottet,
998 757 80 23 som
1107 757 60 23 om
1196 744 185 47 förslaget
1409 743 10 34 i
1449 742 45 36 de
1523 741 164 49 antydda
1715 740 265 36 hänseendena

380 800 80 35 icke
497 811 91 23 vore
625 798 83 35 fullt
741 796 346 37 tillfredsställande
1115 795 70 36 och
1214 808 81 23 som
1325 808 58 22 om
1413 794 82 36 icke
1523 794 111 47 ringa
1662 793 67 47 fog
1758 792 136 36 funnes
1923 792 57 37 för

381 851 101 35 vissa
519 864 47 22 av
603 850 45 35 de
676 850 222 46 erinringar,
928 860 80 24 som
1040 846 218 37 framställts
1287 847 11 34 i
1327 846 129 36 herrar
1485 845 244 48 Lindhagens
1758 844 71 35 och
1857 843 122 36 Palm-
2008 879 2 3 .

381 903 162 35 stiernas
571 901 246 36 förevarande
851 900 195 36 motioner.

511 953 228 49 Uppenbara
782 952 71 36 och
880 951 12 35 i
921 950 266 48 ögonfallande
1229 954 63 31 äro
1326 949 45 36 de
1400 948 162 36 fördelar
1590 947 70 37 och
1688 946 292 48 medgivanden,

381 1018 80 23 som
491 1004 388 48 kommittéförslaget
906 1003 12 35 i
947 1016 48 22 en
1023 1001 196 48 mångfald
1234 1000 241 37 hänseenden
1495 1000 142 48 inrymt
1657 1002 36 33 åt
1711 997 269 37 vattenkrafts-

381 1057 187 35 intresset.
636 1056 71 35 Till
740 1055 204 49 belysning
972 1068 46 22 av
1047 1054 102 36 detta
1176 1052 237 37 förhållande
1440 1073 51 4 —
1520 1057 79 30 mot
1625 1051 117 36 vilket
1770 1049 171 50 tydligen
1968 1049 13 35 i

382 1109 69 35 och
493 1108 59 36 för
593 1108 60 48 sig
688 1108 95 35 intet
812 1112 40 30 är
880 1112 53 30 att
961 1105 175 47 invända,
1166 1106 11 34 i
1206 1104 75 37 den
1309 1107 84 33 mån
1422 1103 82 36 icke
1533 1108 53 31 ett
1614 1102 134 36 sådant
1776 1101 205 49 gynnande

382 1160 118 36 tillika
531 1160 174 35 framstår
734 1162 124 33 såsom
888 1158 127 35 alltför
1042 1157 190 48 utpräglat
1261 1155 167 48 ensidigt
1456 1155 90 36 eller
1572 1160 131 30 rentav
1736 1154 88 35 sker
1850 1155 48 46 på
1918 1152 63 36 be-

382 1211 162 36 kostnad
587 1224 46 22 av
675 1210 126 46 andra,
845 1208 313 49 likaberättigade
1199 1209 185 35 intressen
1412 1229 50 3 —
1490 1206 66 36 vill
1584 1206 194 45 utskottet,
1808 1210 90 30 utan
1927 1209 55 30 att

381 1264 92 47 ingå
514 1266 49 46 på
603 1266 126 45 någon
772 1262 221 47 utförligare
1035 1260 241 49 granskning
1316 1273 46 21 av
1403 1257 393 48 kommittéförslaget,
1827 1257 155 35 allenast

383 1315 97 35 fästa
508 1314 387 49 uppmärksamheten
923 1315 49 47 på
999 1312 102 36 vissa
1128 1311 170 48 punkter.

511 1366 72 36 Det
625 1366 104 35 torde
771 1365 57 36 till
862 1378 46 22 en
937 1364 132 46 början
1098 1363 38 36 få
1164 1376 110 23 anses
1304 1361 292 49 ovedersägligt,
1626 1367 53 29 att
1706 1359 276 36 kommittéför-

382 1418 123 48 slaget
538 1420 48 46 på
627 1424 54 29 ett
717 1416 219 49 avgörande
978 1421 73 30 sätt
1084 1415 124 48 bryter
1240 1414 85 36 med
1354 1427 45 22 en
1427 1427 46 22 av
1503 1412 46 36 de
1576 1411 328 49 huvudprinciper,
1933 1412 49 46 på

382 1470 102 35 vilka
525 1471 67 34 vår
634 1469 188 35 lukrativa
856 1472 205 31 vattenrätt
1089 1466 135 36 hittills
1254 1466 136 49 byggt,
1419 1464 194 49 nämligen
1642 1470 55 29 att
1725 1468 53 31 ett
1807 1462 175 48 tillgodo-

382 1521 171 47 görande
594 1534 47 23 av
682 1526 130 30 vatten
854 1522 122 33 såsom
1019 1518 183 36 drivkraft
1232 1517 88 37 eller
1349 1517 107 48 eljest
1483 1516 12 36 i
1523 1515 138 37 enskilt
1688 1514 100 49 syfte
1816 1514 81 36 icke
1925 1514 58 35 får

382 1573 66 35 ske
490 1575 49 47 på
568 1571 134 37 sådant
731 1577 86 41 sätt,
849 1577 51 30 att
928 1570 222 49 därigenom
1179 1582 146 23 annans
1354 1568 171 36 enskilda
1552 1572 73 31 rätt
1654 1567 211 35 förnärmas
1893 1565 90 36 eller

383 1624 189 36 allmänna
615 1624 187 35 intressen
844 1627 116 31 sättas
988 1622 12 35 i
1031 1622 90 35 fara.
1190 1621 14 35 I
1234 1621 142 35 olikhet
1412 1620 85 36 med
1536 1618 173 50 gällande
1737 1621 245 33 vattenrätts-

382 1675 178 48 ordning,
590 1675 127 36 vilken
746 1674 158 37 sålunda
933 1677 125 33 såsom
1087 1673 139 36 allmän
1255 1672 104 48 regel
1384 1671 228 36 föreskriver
1632 1670 135 36 förbud
1791 1675 78 30 mot
1888 1668 96 49 byg-

382 1727 125 49 gande
536 1728 11 34 i
575 1727 229 48 vattendrag
833 1729 52 43 så,
915 1731 55 30 att
997 1738 86 23 men
1112 1724 226 49 tillskyndas
1371 1726 140 45 någon,
1533 1735 80 23 som
1633 1735 97 22 ovan
1751 1721 91 36 eller
1861 1720 122 36 nedan

383 1784 90 40 äger
496 1779 99 48 jord,
624 1778 225 36 vattenverk
879 1778 90 35 eller
998 1790 124 23 annan
1150 1775 200 50 egendom,
1380 1775 68 35 och
1468 1774 197 48 medgiver
1684 1773 199 47 undantag
1902 1772 81 35 från

383 1830 123 36 denna
535 1831 103 47 regel
667 1830 131 36 endast
826 1830 12 35 i
867 1828 101 37 vissa
995 1833 172 31 närmare
1192 1827 234 48 begränsade
1445 1824 296 49 undantagsfall,
1763 1824 98 35 hava
1879 1824 105 35 kom-

383 1882 200 36 mittéerna
610 1882 10 35 i
652 1881 108 48 fråga
803 1894 60 22 om
902 1880 265 48 tillåtligheten
1206 1892 46 23 av
1294 1877 488 50 vattenbyggnadsföretag
1822 1897 49 4 —
1912 1875 71 36 och

383 1933 150 36 därmed
573 1933 247 49 jämnställda
857 1932 176 48 åtgärder
1060 1953 49 4 —
1139 1944 44 23 av
1213 1930 261 36 beskaffenhet
1504 1934 53 31 att
1585 1929 126 35 kunna
1739 1927 161 48 menligt
1927 1926 56 36 in-

382 1985 116 36 verka
526 1987 49 46 på
604 1998 124 22 annan
756 1984 147 37 enskild
930 1988 86 41 rätt,
1046 1983 193 48 föreslagit
1267 1983 114 46 högst
1404 1980 285 50 betydelsefulla
1708 1979 276 48 utvidgningar

383 2037 11 35 i
423 2041 53 31 ett
503 2036 122 36 Aertal
654 2036 101 36 olika
782 2036 226 47 riktningar.

513 2088 138 36 Medan
671 2087 158 36 sålunda
848 2100 51 23 nu
918 2085 247 50 lagstadgade
1180 2085 199 48 undantag
1394 2085 82 35 från
1492 2083 174 37 förbudet
1681 2087 79 31 mot
1775 2080 209 50 byggande

383 2140 10 35 i
414 2145 142 42 vatten,
577 2139 222 47 varigenom
821 2152 145 23 annans
987 2137 185 50 egendom
1194 2137 150 46 skadas,
1366 2136 133 36 endast
1519 2148 89 23 avse
1628 2134 116 37 skada
1765 2131 219 38 förorsakad

384 2204 141 35 genom
567 2191 267 49 uppdämning
862 2190 70 36 och
960 2190 191 36 dessutom
1180 2189 160 35 allenast
1368 2187 115 36 skada
1512 2190 21 33 å
1560 2187 95 36 visst
1683 2186 85 47 slag
1797 2198 46 23 av
1871 2196 113 36 egen-

385 2243 86 36 dom
500 2264 49 5 —
573 2242 87 48 jord
690 2243 68 35 och
789 2242 94 36 fiske
914 2265 44 4 —
989 2241 143 48 åsyftar
1158 2240 385 47 kommittéförslaget
1572 2245 52 29 att
1647 2237 156 36 härmed
1821 2235 164 37 likställa
