<?xml version="1.0" encoding="UTF-8"?>
<alto xmlns="http://www.loc.gov/standards/alto/ns-v3#" xmlns:xlink="http://www.w3.org/1999/xlink" xmlns:xsi="http://www.w3.org/2001/XMLSchema-instance" xsi:schemaLocation="http://www.loc.gov/standards/alto/ns-v3# http://www.loc.gov/alto/v3/alto-3-0.xsd">
	<Description>
		<MeasurementUnit>pixel</MeasurementUnit>
		<sourceImageInformation>
			<fileName>/tmp/tess_frv_hww2_input.PNG</fileName>
		</sourceImageInformation>
		<OCRProcessing ID="OCR_0">
			<ocrProcessingStep>
				<processingSoftware>
					<softwareName>tesseract 5.3.0</softwareName>
				</processingSoftware>
			</ocrProcessingStep>
		</OCRProcessing>
	</Description>
	<Layout>
		<Page WIDTH="2244" HEIGHT="2638" PHYSICAL_IMG_NR="0" ID="page_0">
			<PrintSpace HPOS="0" VPOS="0" WIDTH="2244" HEIGHT="2638">
				<ComposedBlock ID="cblock_0" HPOS="436" VPOS="143" WIDTH="1085" HEIGHT="32">
					<TextBlock ID="block_0" HPOS="436" VPOS="143" WIDTH="1085" HEIGHT="32">
						<TextLine ID="line_0" HPOS="436" VPOS="143" WIDTH="1085" HEIGHT="32">
							<String ID="string_0" HPOS="436" VPOS="145" WIDTH="40" HEIGHT="30" WC="0.96" CONTENT="20"/><SP WIDTH="370" VPOS="145" HPOS="476"/>
							<String ID="string_1" HPOS="846" VPOS="143" WIDTH="341" HEIGHT="32" WC="0.90" CONTENT="Jordbruksutskottets"/><SP WIDTH="23" VPOS="143" HPOS="1187"/>
							<String ID="string_2" HPOS="1210" VPOS="143" WIDTH="164" HEIGHT="32" WC="0.96" CONTENT="utlåtande"/><SP WIDTH="22" VPOS="143" HPOS="1374"/>
							<String ID="string_3" HPOS="1396" VPOS="143" WIDTH="52" HEIGHT="31" WC="0.95" CONTENT="Nr"/><SP WIDTH="24" VPOS="143" HPOS="1448"/>
							<String ID="string_4" HPOS="1472" VPOS="144" WIDTH="49" HEIGHT="31" WC="0.94" CONTENT="66."/>
						</TextLine>
					</TextBlock>
				</ComposedBlock>
				<ComposedBlock ID="cblock_1" HPOS="392" VPOS="221" WIDTH="1598" HEIGHT="102">
					<TextBlock ID="block_1" HPOS="392" VPOS="221" WIDTH="1598" HEIGHT="102">
						<TextLine ID="line_1" HPOS="393" VPOS="221" WIDTH="1597" HEIGHT="49">
							<String ID="string_5" HPOS="393" VPOS="223" WIDTH="93" HEIGHT="46" WC="0.93" CONTENT="dags"/><SP WIDTH="32" VPOS="223" HPOS="486"/>
							<String ID="string_6" HPOS="518" VPOS="222" WIDTH="368" HEIGHT="48" WC="0.91" CONTENT="jordbruksutskott,"/><SP WIDTH="36" VPOS="222" HPOS="886"/>
							<String ID="string_7" HPOS="922" VPOS="235" WIDTH="79" HEIGHT="22" WC="0.96" CONTENT="som"/><SP WIDTH="31" VPOS="235" HPOS="1001"/>
							<String ID="string_8" HPOS="1032" VPOS="222" WIDTH="56" HEIGHT="35" WC="0.95" CONTENT="till"/><SP WIDTH="28" VPOS="222" HPOS="1088"/>
							<String ID="string_9" HPOS="1116" VPOS="234" WIDTH="218" HEIGHT="35" WC="0.94" CONTENT="gemensam"/><SP WIDTH="30" VPOS="234" HPOS="1334"/>
							<String ID="string_10" HPOS="1364" VPOS="221" WIDTH="290" HEIGHT="48" WC="0.94" CONTENT="handläggning"/><SP WIDTH="30" VPOS="221" HPOS="1654"/>
							<String ID="string_11" HPOS="1684" VPOS="228" WIDTH="146" HEIGHT="41" WC="0.93" CONTENT="upptog"/><SP WIDTH="29" VPOS="228" HPOS="1830"/>
							<String ID="string_12" HPOS="1859" VPOS="221" WIDTH="131" HEIGHT="35" WC="0.91" CONTENT="motio-"/>
						</TextLine>
						<TextLine ID="line_2" HPOS="392" VPOS="272" WIDTH="1391" HEIGHT="51">
							<String ID="string_13" HPOS="392" VPOS="287" WIDTH="125" HEIGHT="33" WC="0.95" CONTENT="nerna,"/><SP WIDTH="31" VPOS="287" HPOS="517"/>
							<String ID="string_14" HPOS="548" VPOS="274" WIDTH="147" HEIGHT="49" WC="0.96" CONTENT="yttrade"/><SP WIDTH="27" VPOS="274" HPOS="695"/>
							<String ID="string_15" HPOS="722" VPOS="274" WIDTH="11" HEIGHT="35" WC="0.96" CONTENT="i"/><SP WIDTH="30" VPOS="274" HPOS="733"/>
							<String ID="string_16" HPOS="763" VPOS="273" WIDTH="206" HEIGHT="48" WC="0.95" CONTENT="anledning"/><SP WIDTH="28" VPOS="273" HPOS="969"/>
							<String ID="string_17" HPOS="997" VPOS="287" WIDTH="46" HEIGHT="21" WC="0.96" CONTENT="av"/><SP WIDTH="30" VPOS="287" HPOS="1043"/>
							<String ID="string_18" HPOS="1073" VPOS="273" WIDTH="203" HEIGHT="46" WC="0.95" CONTENT="desamma,"/><SP WIDTH="30" VPOS="273" HPOS="1276"/>
							<String ID="string_19" HPOS="1306" VPOS="273" WIDTH="111" HEIGHT="36" WC="0.95" CONTENT="bland"/><SP WIDTH="32" VPOS="273" HPOS="1417"/>
							<String ID="string_20" HPOS="1449" VPOS="278" WIDTH="125" HEIGHT="39" WC="0.96" CONTENT="annat,"/><SP WIDTH="31" VPOS="278" HPOS="1574"/>
							<String ID="string_21" HPOS="1605" VPOS="272" WIDTH="178" HEIGHT="48" WC="0.96" CONTENT="följande:"/>
						</TextLine>
					</TextBlock>
				</ComposedBlock>
				<ComposedBlock ID="cblock_2" HPOS="388" VPOS="375" WIDTH="1602" HEIGHT="1875">
					<TextBlock ID="block_2" HPOS="391" VPOS="375" WIDTH="1599" HEIGHT="464">
						<TextLine ID="line_3" HPOS="522" VPOS="375" WIDTH="1468" HEIGHT="49">
							<String ID="string_22" HPOS="522" VPOS="378" WIDTH="299" HEIGHT="35" WC="0.87" CONTENT="Motionärernas"/><SP WIDTH="42" VPOS="378" HPOS="821"/>
							<String ID="string_23" HPOS="863" VPOS="377" WIDTH="210" HEIGHT="47" WC="0.87" CONTENT="erinringar"/><SP WIDTH="43" VPOS="377" HPOS="1073"/>
							<String ID="string_24" HPOS="1116" VPOS="376" WIDTH="69" HEIGHT="36" WC="0.96" CONTENT="och"/><SP WIDTH="43" VPOS="376" HPOS="1185"/>
							<String ID="string_25" HPOS="1228" VPOS="375" WIDTH="295" HEIGHT="49" WC="0.95" CONTENT="anmärkningar"/><SP WIDTH="34" VPOS="375" HPOS="1523"/>
							<String ID="string_26" HPOS="1557" VPOS="376" WIDTH="88" HEIGHT="47" WC="0.96" CONTENT="giva"/><SP WIDTH="28" VPOS="376" HPOS="1645"/>
							<String ID="string_27" HPOS="1673" VPOS="376" WIDTH="210" HEIGHT="36" WC="0.96" CONTENT="emellertid"/><SP WIDTH="27" VPOS="376" HPOS="1883"/>
							<String ID="string_28" HPOS="1910" VPOS="375" WIDTH="80" HEIGHT="37" WC="0.96" CONTENT="icke"/>
						</TextLine>
						<TextLine ID="line_4" HPOS="392" VPOS="427" WIDTH="1598" HEIGHT="51">
							<String ID="string_29" HPOS="392" VPOS="429" WIDTH="95" HEIGHT="37" WC="0.96" CONTENT="blott"/><SP WIDTH="28" VPOS="429" HPOS="487"/>
							<String ID="string_30" HPOS="515" VPOS="429" WIDTH="152" HEIGHT="49" WC="0.96" CONTENT="uttryck"/><SP WIDTH="28" VPOS="429" HPOS="667"/>
							<String ID="string_31" HPOS="695" VPOS="432" WIDTH="37" HEIGHT="32" WC="0.96" CONTENT="åt"/><SP WIDTH="29" VPOS="432" HPOS="732"/>
							<String ID="string_32" HPOS="761" VPOS="428" WIDTH="101" HEIGHT="36" WC="0.95" CONTENT="vissa"/><SP WIDTH="28" VPOS="428" HPOS="862"/>
							<String ID="string_33" HPOS="890" VPOS="429" WIDTH="199" HEIGHT="45" WC="0.96" CONTENT="allmänna,"/><SP WIDTH="30" VPOS="429" HPOS="1089"/>
							<String ID="string_34" HPOS="1119" VPOS="428" WIDTH="68" HEIGHT="35" WC="0.92" CONTENT="lätt"/><SP WIDTH="20" VPOS="428" HPOS="1187"/>
							<String ID="string_35" HPOS="1207" VPOS="427" WIDTH="260" HEIGHT="36" WC="0.91" CONTENT="överblickade"/><SP WIDTH="20" VPOS="427" HPOS="1467"/>
							<String ID="string_36" HPOS="1487" VPOS="427" WIDTH="193" HEIGHT="36" WC="0.96" CONTENT="önskemål"/><SP WIDTH="20" VPOS="427" HPOS="1680"/>
							<String ID="string_37" HPOS="1700" VPOS="427" WIDTH="84" HEIGHT="36" WC="0.96" CONTENT="med"/><SP WIDTH="22" VPOS="427" HPOS="1784"/>
							<String ID="string_38" HPOS="1806" VPOS="427" WIDTH="184" HEIGHT="37" WC="0.96" CONTENT="avseende"/>
						</TextLine>
						<TextLine ID="line_5" HPOS="392" VPOS="478" WIDTH="1597" HEIGHT="50">
							<String ID="string_39" HPOS="392" VPOS="483" WIDTH="21" HEIGHT="32" WC="0.91" CONTENT="å"/><SP WIDTH="28" VPOS="483" HPOS="413"/>
							<String ID="string_40" HPOS="441" VPOS="481" WIDTH="274" HEIGHT="47" WC="0.96" CONTENT="huvuddragen"/><SP WIDTH="28" VPOS="481" HPOS="715"/>
							<String ID="string_41" HPOS="743" VPOS="480" WIDTH="11" HEIGHT="35" WC="0.96" CONTENT="i"/><SP WIDTH="31" VPOS="480" HPOS="754"/>
							<String ID="string_42" HPOS="785" VPOS="480" WIDTH="71" HEIGHT="36" WC="0.96" CONTENT="den"/><SP WIDTH="25" VPOS="480" HPOS="856"/>
							<String ID="string_43" HPOS="881" VPOS="480" WIDTH="160" HEIGHT="35" WC="0.91" CONTENT="väntade"/><SP WIDTH="21" VPOS="480" HPOS="1041"/>
							<String ID="string_44" HPOS="1062" VPOS="478" WIDTH="527" HEIGHT="49" WC="0.89" CONTENT="vattenrättslagstiftningen."/><SP WIDTH="42" VPOS="478" HPOS="1589"/>
							<String ID="string_45" HPOS="1631" VPOS="478" WIDTH="55" HEIGHT="36" WC="0.95" CONTENT="De"/><SP WIDTH="20" VPOS="478" HPOS="1686"/>
							<String ID="string_46" HPOS="1706" VPOS="483" WIDTH="73" HEIGHT="43" WC="0.96" CONTENT="äga"/><SP WIDTH="20" VPOS="483" HPOS="1779"/>
							<String ID="string_47" HPOS="1799" VPOS="480" WIDTH="190" HEIGHT="48" WC="0.96" CONTENT="nämligen"/>
						</TextLine>
						<TextLine ID="line_6" HPOS="391" VPOS="530" WIDTH="1599" HEIGHT="51">
							<String ID="string_48" HPOS="391" VPOS="533" WIDTH="215" HEIGHT="48" WC="0.96" CONTENT="uppenbart"/><SP WIDTH="27" VPOS="533" HPOS="606"/>
							<String ID="string_49" HPOS="633" VPOS="532" WIDTH="69" HEIGHT="35" WC="0.96" CONTENT="den"/><SP WIDTH="30" VPOS="532" HPOS="702"/>
							<String ID="string_50" HPOS="732" VPOS="532" WIDTH="216" HEIGHT="48" WC="0.96" CONTENT="betydande"/><SP WIDTH="28" VPOS="532" HPOS="948"/>
							<String ID="string_51" HPOS="976" VPOS="531" WIDTH="180" HEIGHT="36" WC="0.96" CONTENT="räckvidd"/><SP WIDTH="29" VPOS="531" HPOS="1156"/>
							<String ID="string_52" HPOS="1185" VPOS="539" WIDTH="97" HEIGHT="27" WC="0.96" CONTENT="samt"/><SP WIDTH="29" VPOS="539" HPOS="1282"/>
							<String ID="string_53" HPOS="1311" VPOS="531" WIDTH="196" HEIGHT="35" WC="0.96" CONTENT="förutsätta"/><SP WIDTH="22" VPOS="531" HPOS="1507"/>
							<String ID="string_54" HPOS="1529" VPOS="530" WIDTH="58" HEIGHT="36" WC="0.96" CONTENT="för"/><SP WIDTH="20" VPOS="530" HPOS="1587"/>
							<String ID="string_55" HPOS="1607" VPOS="530" WIDTH="62" HEIGHT="36" WC="0.96" CONTENT="sitt"/><SP WIDTH="18" VPOS="530" HPOS="1669"/>
							<String ID="string_56" HPOS="1687" VPOS="530" WIDTH="235" HEIGHT="38" WC="0.96" CONTENT="bedömande"/><SP WIDTH="22" VPOS="530" HPOS="1922"/>
							<String ID="string_57" HPOS="1944" VPOS="544" WIDTH="46" HEIGHT="23" WC="0.95" CONTENT="en"/>
						</TextLine>
						<TextLine ID="line_7" HPOS="393" VPOS="581" WIDTH="1597" HEIGHT="51">
							<String ID="string_58" HPOS="393" VPOS="584" WIDTH="115" HEIGHT="36" WC="0.95" CONTENT="sådan"/><SP WIDTH="29" VPOS="584" HPOS="508"/>
							<String ID="string_59" HPOS="537" VPOS="583" WIDTH="187" HEIGHT="49" WC="0.96" CONTENT="ingående"/><SP WIDTH="30" VPOS="583" HPOS="724"/>
							<String ID="string_60" HPOS="754" VPOS="584" WIDTH="70" HEIGHT="35" WC="0.96" CONTENT="och"/><SP WIDTH="30" VPOS="584" HPOS="824"/>
							<String ID="string_61" HPOS="854" VPOS="582" WIDTH="232" HEIGHT="37" WC="0.96" CONTENT="omfattande"/><SP WIDTH="29" VPOS="582" HPOS="1086"/>
							<String ID="string_62" HPOS="1115" VPOS="582" WIDTH="210" HEIGHT="36" WC="0.96" CONTENT="kännedom"/><SP WIDTH="31" VPOS="582" HPOS="1325"/>
							<String ID="string_63" HPOS="1356" VPOS="596" WIDTH="59" HEIGHT="21" WC="0.96" CONTENT="om"/><SP WIDTH="31" VPOS="596" HPOS="1415"/>
							<String ID="string_64" HPOS="1446" VPOS="582" WIDTH="61" HEIGHT="35" WC="0.96" CONTENT="det"/><SP WIDTH="28" VPOS="582" HPOS="1507"/>
							<String ID="string_65" HPOS="1535" VPOS="581" WIDTH="290" HEIGHT="48" WC="0.92" CONTENT="ifrågavarande"/><SP WIDTH="24" VPOS="581" HPOS="1825"/>
							<String ID="string_66" HPOS="1849" VPOS="583" WIDTH="141" HEIGHT="48" WC="0.92" CONTENT="lagför-"/>
						</TextLine>
						<TextLine ID="line_8" HPOS="393" VPOS="632" WIDTH="1597" HEIGHT="52">
							<String ID="string_67" HPOS="393" VPOS="637" WIDTH="132" HEIGHT="47" WC="0.96" CONTENT="slaget,"/><SP WIDTH="44" VPOS="637" HPOS="525"/>
							<String ID="string_68" HPOS="569" VPOS="640" WIDTH="93" HEIGHT="31" WC="0.96" CONTENT="även"/><SP WIDTH="29" VPOS="640" HPOS="662"/>
							<String ID="string_69" HPOS="691" VPOS="635" WIDTH="11" HEIGHT="35" WC="0.96" CONTENT="i"/><SP WIDTH="29" VPOS="635" HPOS="702"/>
							<String ID="string_70" HPOS="731" VPOS="634" WIDTH="123" HEIGHT="37" WC="0.96" CONTENT="dettas"/><SP WIDTH="36" VPOS="634" HPOS="854"/>
							<String ID="string_71" HPOS="890" VPOS="635" WIDTH="164" HEIGHT="48" WC="0.96" CONTENT="detaljer,"/><SP WIDTH="31" VPOS="635" HPOS="1054"/>
							<String ID="string_72" HPOS="1085" VPOS="640" WIDTH="53" HEIGHT="30" WC="0.96" CONTENT="att"/><SP WIDTH="29" VPOS="640" HPOS="1138"/>
							<String ID="string_73" HPOS="1167" VPOS="647" WIDTH="45" HEIGHT="23" WC="0.96" CONTENT="en"/><SP WIDTH="29" VPOS="647" HPOS="1212"/>
							<String ID="string_74" HPOS="1241" VPOS="647" WIDTH="203" HEIGHT="34" WC="0.96" CONTENT="noggrann"/><SP WIDTH="29" VPOS="647" HPOS="1444"/>
							<String ID="string_75" HPOS="1473" VPOS="633" WIDTH="70" HEIGHT="36" WC="0.91" CONTENT="och"/><SP WIDTH="30" VPOS="633" HPOS="1543"/>
							<String ID="string_76" HPOS="1573" VPOS="632" WIDTH="199" HEIGHT="50" WC="0.91" CONTENT="sorgfällig"/><SP WIDTH="28" VPOS="632" HPOS="1772"/>
							<String ID="string_77" HPOS="1800" VPOS="635" WIDTH="190" HEIGHT="48" WC="0.96" CONTENT="prövning"/>
						</TextLine>
						<TextLine ID="line_9" HPOS="392" VPOS="684" WIDTH="1597" HEIGHT="50">
							<String ID="string_78" HPOS="392" VPOS="701" WIDTH="46" HEIGHT="22" WC="0.95" CONTENT="av"/><SP WIDTH="29" VPOS="701" HPOS="438"/>
							<String ID="string_79" HPOS="467" VPOS="687" WIDTH="164" HEIGHT="36" WC="0.93" CONTENT="nämnda"/><SP WIDTH="28" VPOS="687" HPOS="631"/>
							<String ID="string_80" HPOS="659" VPOS="686" WIDTH="316" HEIGHT="48" WC="0.90" CONTENT="anmärkningars"/><SP WIDTH="29" VPOS="686" HPOS="975"/>
							<String ID="string_81" HPOS="1004" VPOS="685" WIDTH="266" HEIGHT="49" WC="0.91" CONTENT="rättmätighet"/><SP WIDTH="29" VPOS="685" HPOS="1270"/>
							<String ID="string_82" HPOS="1299" VPOS="698" WIDTH="46" HEIGHT="22" WC="0.96" CONTENT="av"/><SP WIDTH="28" VPOS="698" HPOS="1345"/>
							<String ID="string_83" HPOS="1373" VPOS="684" WIDTH="187" HEIGHT="49" WC="0.96" CONTENT="naturliga"/><SP WIDTH="29" VPOS="684" HPOS="1560"/>
							<String ID="string_84" HPOS="1589" VPOS="685" WIDTH="166" HEIGHT="48" WC="0.92" CONTENT="grunder"/><SP WIDTH="27" VPOS="685" HPOS="1755"/>
							<String ID="string_85" HPOS="1782" VPOS="707" WIDTH="51" HEIGHT="3" WC="0.92" CONTENT="—"/><SP WIDTH="26" VPOS="707" HPOS="1833"/>
							<String ID="string_86" HPOS="1859" VPOS="686" WIDTH="130" HEIGHT="36" WC="0.96" CONTENT="främst"/>
						</TextLine>
						<TextLine ID="line_10" HPOS="391" VPOS="736" WIDTH="1598" HEIGHT="50">
							<String ID="string_87" HPOS="391" VPOS="739" WIDTH="71" HEIGHT="36" WC="0.96" CONTENT="den"/><SP WIDTH="29" VPOS="739" HPOS="462"/>
							<String ID="string_88" HPOS="491" VPOS="738" WIDTH="235" HEIGHT="48" WC="0.96" CONTENT="begränsade"/><SP WIDTH="29" VPOS="738" HPOS="726"/>
							<String ID="string_89" HPOS="755" VPOS="738" WIDTH="55" HEIGHT="36" WC="0.96" CONTENT="tid"/><SP WIDTH="29" VPOS="738" HPOS="810"/>
							<String ID="string_90" HPOS="839" VPOS="751" WIDTH="80" HEIGHT="22" WC="0.96" CONTENT="som"/><SP WIDTH="29" VPOS="751" HPOS="919"/>
							<String ID="string_91" HPOS="948" VPOS="740" WIDTH="77" HEIGHT="33" WC="0.94" CONTENT="står"/><SP WIDTH="28" VPOS="740" HPOS="1025"/>
							<String ID="string_92" HPOS="1053" VPOS="738" WIDTH="58" HEIGHT="35" WC="0.96" CONTENT="till"/><SP WIDTH="28" VPOS="738" HPOS="1111"/>
							<String ID="string_93" HPOS="1139" VPOS="743" WIDTH="51" HEIGHT="30" WC="0.93" CONTENT="ett"/><SP WIDTH="27" VPOS="743" HPOS="1190"/>
							<String ID="string_94" HPOS="1217" VPOS="737" WIDTH="343" HEIGHT="48" WC="0.91" CONTENT="riksdagsutskotts"/><SP WIDTH="30" VPOS="737" HPOS="1560"/>
							<String ID="string_95" HPOS="1590" VPOS="736" WIDTH="226" HEIGHT="49" WC="0.93" CONTENT="förfogande"/><SP WIDTH="23" VPOS="736" HPOS="1816"/>
							<String ID="string_96" HPOS="1839" VPOS="759" WIDTH="50" HEIGHT="4" WC="0.90" CONTENT="—"/><SP WIDTH="19" VPOS="759" HPOS="1889"/>
							<String ID="string_97" HPOS="1908" VPOS="738" WIDTH="81" HEIGHT="36" WC="0.96" CONTENT="icke"/>
						</TextLine>
						<TextLine ID="line_11" HPOS="391" VPOS="789" WIDTH="664" HEIGHT="50">
							<String ID="string_98" HPOS="391" VPOS="795" WIDTH="119" HEIGHT="43" WC="0.96" CONTENT="gärna"/><SP WIDTH="29" VPOS="795" HPOS="510"/>
							<String ID="string_99" HPOS="539" VPOS="796" WIDTH="40" HEIGHT="29" WC="0.96" CONTENT="är"/><SP WIDTH="29" VPOS="796" HPOS="579"/>
							<String ID="string_100" HPOS="608" VPOS="790" WIDTH="131" HEIGHT="49" WC="0.96" CONTENT="möjlig"/><SP WIDTH="29" VPOS="790" HPOS="739"/>
							<String ID="string_101" HPOS="768" VPOS="790" WIDTH="90" HEIGHT="35" WC="0.96" CONTENT="eller"/><SP WIDTH="28" VPOS="790" HPOS="858"/>
							<String ID="string_102" HPOS="886" VPOS="789" WIDTH="169" HEIGHT="36" WC="0.96" CONTENT="tänkbar."/>
						</TextLine>
					</TextBlock>
					<TextBlock ID="block_3" HPOS="388" VPOS="840" WIDTH="1601" HEIGHT="760">
						<TextLine ID="line_12" HPOS="519" VPOS="840" WIDTH="1470" HEIGHT="49">
							<String ID="string_103" HPOS="519" VPOS="841" WIDTH="165" HEIGHT="36" WC="0.96" CONTENT="Alldeles"/><SP WIDTH="42" VPOS="841" HPOS="684"/>
							<String ID="string_104" HPOS="726" VPOS="846" WIDTH="149" HEIGHT="31" WC="0.96" CONTENT="oavsett"/><SP WIDTH="45" VPOS="846" HPOS="875"/>
							<String ID="string_105" HPOS="920" VPOS="841" WIDTH="136" HEIGHT="48" WC="0.96" CONTENT="frågan"/><SP WIDTH="41" VPOS="841" HPOS="1056"/>
							<String ID="string_106" HPOS="1097" VPOS="853" WIDTH="59" HEIGHT="23" WC="0.96" CONTENT="om"/><SP WIDTH="43" VPOS="853" HPOS="1156"/>
							<String ID="string_107" HPOS="1199" VPOS="841" WIDTH="63" HEIGHT="35" WC="0.96" CONTENT="det"/><SP WIDTH="43" VPOS="841" HPOS="1262"/>
							<String ID="string_108" HPOS="1305" VPOS="840" WIDTH="197" HEIGHT="48" WC="0.95" CONTENT="befogade,"/><SP WIDTH="41" VPOS="840" HPOS="1502"/>
							<String ID="string_109" HPOS="1543" VPOS="846" WIDTH="82" HEIGHT="29" WC="0.95" CONTENT="rent"/><SP WIDTH="28" VPOS="846" HPOS="1625"/>
							<String ID="string_110" HPOS="1653" VPOS="840" WIDTH="141" HEIGHT="57" WC="0.96" CONTENT="sakligt"/><SP WIDTH="29" VPOS="840" HPOS="1794"/>
							<String ID="string_111" HPOS="1823" VPOS="846" WIDTH="83" HEIGHT="40" WC="0.96" CONTENT="sett,"/><SP WIDTH="29" VPOS="846" HPOS="1906"/>
							<String ID="string_112" HPOS="1935" VPOS="841" WIDTH="54" HEIGHT="36" WC="0.96" CONTENT="uti"/>
						</TextLine>
						<TextLine ID="line_13" HPOS="392" VPOS="891" WIDTH="1597" HEIGHT="49">
							<String ID="string_113" HPOS="392" VPOS="894" WIDTH="295" HEIGHT="35" WC="0.91" CONTENT="motionärernas"/><SP WIDTH="41" VPOS="894" HPOS="687"/>
							<String ID="string_114" HPOS="728" VPOS="892" WIDTH="193" HEIGHT="37" WC="0.96" CONTENT="önskemål"/><SP WIDTH="41" VPOS="892" HPOS="921"/>
							<String ID="string_115" HPOS="962" VPOS="906" WIDTH="60" HEIGHT="22" WC="0.95" CONTENT="om"/><SP WIDTH="43" VPOS="906" HPOS="1022"/>
							<String ID="string_116" HPOS="1065" VPOS="897" WIDTH="139" HEIGHT="31" WC="0.95" CONTENT="största"/><SP WIDTH="41" VPOS="897" HPOS="1204"/>
							<String ID="string_117" HPOS="1245" VPOS="892" WIDTH="159" HEIGHT="48" WC="0.95" CONTENT="möjliga"/><SP WIDTH="40" VPOS="892" HPOS="1404"/>
							<String ID="string_118" HPOS="1444" VPOS="896" WIDTH="188" HEIGHT="44" WC="0.95" CONTENT="utrymme"/><SP WIDTH="32" VPOS="896" HPOS="1632"/>
							<String ID="string_119" HPOS="1664" VPOS="892" WIDTH="12" HEIGHT="35" WC="0.96" CONTENT="i"/><SP WIDTH="28" VPOS="892" HPOS="1676"/>
							<String ID="string_120" HPOS="1704" VPOS="891" WIDTH="74" HEIGHT="36" WC="0.96" CONTENT="den"/><SP WIDTH="35" VPOS="891" HPOS="1778"/>
							<String ID="string_121" HPOS="1813" VPOS="891" WIDTH="176" HEIGHT="37" WC="0.95" CONTENT="blivande"/>
						</TextLine>
						<TextLine ID="line_14" HPOS="389" VPOS="943" WIDTH="1599" HEIGHT="50">
							<String ID="string_122" HPOS="389" VPOS="945" WIDTH="258" HEIGHT="48" WC="0.95" CONTENT="vattenlagen,"/><SP WIDTH="29" VPOS="945" HPOS="647"/>
							<String ID="string_123" HPOS="676" VPOS="944" WIDTH="59" HEIGHT="36" WC="0.95" CONTENT="för"/><SP WIDTH="28" VPOS="944" HPOS="735"/>
							<String ID="string_124" HPOS="763" VPOS="945" WIDTH="103" HEIGHT="35" WC="0.96" CONTENT="vissa"/><SP WIDTH="28" VPOS="945" HPOS="866"/>
							<String ID="string_125" HPOS="894" VPOS="958" WIDTH="45" HEIGHT="22" WC="0.96" CONTENT="av"/><SP WIDTH="28" VPOS="958" HPOS="939"/>
							<String ID="string_126" HPOS="967" VPOS="944" WIDTH="82" HEIGHT="36" WC="0.92" CONTENT="dem"/><SP WIDTH="31" VPOS="944" HPOS="1049"/>
							<String ID="string_127" HPOS="1080" VPOS="944" WIDTH="223" HEIGHT="36" WC="0.91" CONTENT="framhållna"/><SP WIDTH="29" VPOS="944" HPOS="1303"/>
							<String ID="string_128" HPOS="1332" VPOS="933" WIDTH="259" HEIGHT="57" WC="0.95" CONTENT="samhälleliga"/><SP WIDTH="28" VPOS="933" HPOS="1591"/>
							<String ID="string_129" HPOS="1619" VPOS="943" WIDTH="69" HEIGHT="36" WC="0.96" CONTENT="och"/><SP WIDTH="28" VPOS="943" HPOS="1688"/>
							<String ID="string_130" HPOS="1716" VPOS="943" WIDTH="140" HEIGHT="36" WC="0.93" CONTENT="sociala"/><SP WIDTH="19" VPOS="943" HPOS="1856"/>
							<String ID="string_131" HPOS="1875" VPOS="944" WIDTH="113" HEIGHT="35" WC="0.92" CONTENT="ända-"/>
						</TextLine>
						<TextLine ID="line_15" HPOS="390" VPOS="974" WIDTH="1598" HEIGHT="68">
							<String ID="string_132" HPOS="390" VPOS="997" WIDTH="85" HEIGHT="45" WC="0.95" CONTENT="mål,"/><SP WIDTH="30" VPOS="997" HPOS="475"/>
							<String ID="string_133" HPOS="505" VPOS="997" WIDTH="97" HEIGHT="35" WC="0.96" CONTENT="lärer"/><SP WIDTH="29" VPOS="997" HPOS="602"/>
							<String ID="string_134" HPOS="631" VPOS="996" WIDTH="156" HEIGHT="36" WC="0.96" CONTENT="sålunda"/><SP WIDTH="28" VPOS="996" HPOS="787"/>
							<String ID="string_135" HPOS="815" VPOS="996" WIDTH="185" HEIGHT="36" WC="0.93" CONTENT="utskottet"/><SP WIDTH="28" VPOS="996" HPOS="1000"/>
							<String ID="string_136" HPOS="1028" VPOS="1018" WIDTH="48" HEIGHT="3" WC="0.91" CONTENT="—"/><SP WIDTH="31" VPOS="1018" HPOS="1076"/>
							<String ID="string_137" HPOS="1107" VPOS="1009" WIDTH="78" HEIGHT="22" WC="0.92" CONTENT="som"/><SP WIDTH="21" VPOS="1009" HPOS="1185"/>
							<String ID="string_138" HPOS="1206" VPOS="999" WIDTH="20" HEIGHT="32" WC="0.91" CONTENT="å"/><SP WIDTH="21" VPOS="999" HPOS="1226"/>
							<String ID="string_139" HPOS="1247" VPOS="995" WIDTH="116" HEIGHT="36" WC="0.96" CONTENT="andra"/><SP WIDTH="21" VPOS="995" HPOS="1363"/>
							<String ID="string_140" HPOS="1384" VPOS="995" WIDTH="105" HEIGHT="35" WC="0.96" CONTENT="sidan"/><SP WIDTH="21" VPOS="995" HPOS="1489"/>
							<String ID="string_141" HPOS="1510" VPOS="974" WIDTH="207" HEIGHT="68" WC="0.96" CONTENT="ingalunda"/><SP WIDTH="17" VPOS="974" HPOS="1717"/>
							<String ID="string_142" HPOS="1734" VPOS="994" WIDTH="68" HEIGHT="36" WC="0.96" CONTENT="vill"/><SP WIDTH="20" VPOS="994" HPOS="1802"/>
							<String ID="string_143" HPOS="1822" VPOS="994" WIDTH="166" HEIGHT="36" WC="0.96" CONTENT="bestrida"/>
						</TextLine>
						<TextLine ID="line_16" HPOS="390" VPOS="1046" WIDTH="1597" HEIGHT="50">
							<String ID="string_144" HPOS="390" VPOS="1048" WIDTH="87" HEIGHT="36" WC="0.95" CONTENT="eller"/><SP WIDTH="29" VPOS="1048" HPOS="477"/>
							<String ID="string_145" HPOS="506" VPOS="1048" WIDTH="169" HEIGHT="48" WC="0.96" CONTENT="förringa"/><SP WIDTH="28" VPOS="1048" HPOS="675"/>
							<String ID="string_146" HPOS="703" VPOS="1048" WIDTH="130" HEIGHT="36" WC="0.96" CONTENT="värdet"/><SP WIDTH="30" VPOS="1048" HPOS="833"/>
							<String ID="string_147" HPOS="863" VPOS="1061" WIDTH="45" HEIGHT="22" WC="0.96" CONTENT="av"/><SP WIDTH="25" VPOS="1061" HPOS="908"/>
							<String ID="string_148" HPOS="933" VPOS="1047" WIDTH="44" HEIGHT="36" WC="0.96" CONTENT="de"/><SP WIDTH="20" VPOS="1047" HPOS="977"/>
							<String ID="string_149" HPOS="997" VPOS="1053" WIDTH="90" HEIGHT="30" WC="0.96" CONTENT="utav"/><SP WIDTH="21" VPOS="1053" HPOS="1087"/>
							<String ID="string_150" HPOS="1108" VPOS="1047" WIDTH="278" HEIGHT="36" WC="0.96" CONTENT="motionärerna"/><SP WIDTH="19" VPOS="1047" HPOS="1386"/>
							<String ID="string_151" HPOS="1405" VPOS="1046" WIDTH="216" HEIGHT="45" WC="0.96" CONTENT="framförda,"/><SP WIDTH="23" VPOS="1046" HPOS="1621"/>
							<String ID="string_152" HPOS="1644" VPOS="1047" WIDTH="113" HEIGHT="47" WC="0.93" CONTENT="högst"/><SP WIDTH="21" VPOS="1047" HPOS="1757"/>
							<String ID="string_153" HPOS="1778" VPOS="1046" WIDTH="209" HEIGHT="48" WC="0.92" CONTENT="betydelse-"/>
						</TextLine>
						<TextLine ID="line_17" HPOS="390" VPOS="1098" WIDTH="1599" HEIGHT="50">
							<String ID="string_154" HPOS="390" VPOS="1099" WIDTH="92" HEIGHT="36" WC="0.96" CONTENT="fulla"/><SP WIDTH="29" VPOS="1099" HPOS="482"/>
							<String ID="string_155" HPOS="511" VPOS="1100" WIDTH="188" HEIGHT="36" WC="0.96" CONTENT="allmänna"/><SP WIDTH="35" VPOS="1100" HPOS="699"/>
							<String ID="string_156" HPOS="734" VPOS="1100" WIDTH="235" HEIGHT="48" WC="0.96" CONTENT="synpunkter"/><SP WIDTH="28" VPOS="1100" HPOS="969"/>
							<String ID="string_157" HPOS="997" VPOS="1100" WIDTH="12" HEIGHT="35" WC="0.95" CONTENT="i"/><SP WIDTH="29" VPOS="1100" HPOS="1009"/>
							<String ID="string_158" HPOS="1038" VPOS="1100" WIDTH="109" HEIGHT="47" WC="0.96" CONTENT="fråga"/><SP WIDTH="33" VPOS="1100" HPOS="1147"/>
							<String ID="string_159" HPOS="1180" VPOS="1112" WIDTH="59" HEIGHT="23" WC="0.96" CONTENT="om"/><SP WIDTH="29" VPOS="1112" HPOS="1239"/>
							<String ID="string_160" HPOS="1268" VPOS="1099" WIDTH="129" HEIGHT="35" WC="0.96" CONTENT="vikten"/><SP WIDTH="29" VPOS="1099" HPOS="1397"/>
							<String ID="string_161" HPOS="1426" VPOS="1112" WIDTH="45" HEIGHT="22" WC="0.96" CONTENT="av"/><SP WIDTH="29" VPOS="1112" HPOS="1471"/>
							<String ID="string_162" HPOS="1500" VPOS="1103" WIDTH="54" HEIGHT="30" WC="0.96" CONTENT="att"/><SP WIDTH="29" VPOS="1103" HPOS="1554"/>
							<String ID="string_163" HPOS="1583" VPOS="1102" WIDTH="65" HEIGHT="32" WC="0.96" CONTENT="vår"/><SP WIDTH="27" VPOS="1102" HPOS="1648"/>
							<String ID="string_164" HPOS="1675" VPOS="1112" WIDTH="74" HEIGHT="35" WC="0.93" CONTENT="nya"/><SP WIDTH="28" VPOS="1112" HPOS="1749"/>
							<String ID="string_165" HPOS="1777" VPOS="1098" WIDTH="212" HEIGHT="48" WC="0.92" CONTENT="vattenlag-"/>
						</TextLine>
						<TextLine ID="line_18" HPOS="389" VPOS="1149" WIDTH="1599" HEIGHT="51">
							<String ID="string_166" HPOS="389" VPOS="1151" WIDTH="179" HEIGHT="48" WC="0.91" CONTENT="stiftning"/><SP WIDTH="41" VPOS="1151" HPOS="568"/>
							<String ID="string_167" HPOS="609" VPOS="1156" WIDTH="166" HEIGHT="44" WC="0.92" CONTENT="avväges"/><SP WIDTH="42" VPOS="1156" HPOS="775"/>
							<String ID="string_168" HPOS="817" VPOS="1151" WIDTH="85" HEIGHT="36" WC="0.96" CONTENT="med"/><SP WIDTH="43" VPOS="1151" HPOS="902"/>
							<String ID="string_169" HPOS="945" VPOS="1151" WIDTH="182" HEIGHT="48" WC="0.96" CONTENT="opartiskt"/><SP WIDTH="33" VPOS="1151" HPOS="1127"/>
							<String ID="string_170" HPOS="1160" VPOS="1150" WIDTH="332" HEIGHT="48" WC="0.96" CONTENT="hänsynstagande"/><SP WIDTH="29" VPOS="1150" HPOS="1492"/>
							<String ID="string_171" HPOS="1521" VPOS="1149" WIDTH="56" HEIGHT="36" WC="0.96" CONTENT="till"/><SP WIDTH="29" VPOS="1149" HPOS="1577"/>
							<String ID="string_172" HPOS="1606" VPOS="1150" WIDTH="109" HEIGHT="45" WC="0.95" CONTENT="olika,"/><SP WIDTH="30" VPOS="1150" HPOS="1715"/>
							<String ID="string_173" HPOS="1745" VPOS="1149" WIDTH="243" HEIGHT="36" WC="0.96" CONTENT="sinsemellan"/>
						</TextLine>
						<TextLine ID="line_19" HPOS="389" VPOS="1201" WIDTH="1599" HEIGHT="50">
							<String ID="string_174" HPOS="389" VPOS="1203" WIDTH="176" HEIGHT="36" WC="0.96" CONTENT="tävlande"/><SP WIDTH="41" VPOS="1203" HPOS="565"/>
							<String ID="string_175" HPOS="606" VPOS="1203" WIDTH="184" HEIGHT="36" WC="0.93" CONTENT="intressen"/><SP WIDTH="28" VPOS="1203" HPOS="790"/>
							<String ID="string_176" HPOS="818" VPOS="1224" WIDTH="49" HEIGHT="4" WC="0.90" CONTENT="—"/><SP WIDTH="29" VPOS="1224" HPOS="867"/>
							<String ID="string_177" HPOS="896" VPOS="1205" WIDTH="47" HEIGHT="46" WC="0.96" CONTENT="på"/><SP WIDTH="41" VPOS="1205" HPOS="943"/>
							<String ID="string_178" HPOS="984" VPOS="1203" WIDTH="123" HEIGHT="47" WC="0.95" CONTENT="grund"/><SP WIDTH="38" VPOS="1203" HPOS="1107"/>
							<String ID="string_179" HPOS="1145" VPOS="1216" WIDTH="46" HEIGHT="21" WC="0.96" CONTENT="av"/><SP WIDTH="29" VPOS="1216" HPOS="1191"/>
							<String ID="string_180" HPOS="1220" VPOS="1215" WIDTH="99" HEIGHT="22" WC="0.93" CONTENT="ovan"/><SP WIDTH="28" VPOS="1215" HPOS="1319"/>
							<String ID="string_181" HPOS="1347" VPOS="1201" WIDTH="223" HEIGHT="36" WC="0.86" CONTENT="framhållna"/><SP WIDTH="28" VPOS="1201" HPOS="1570"/>
							<String ID="string_182" HPOS="1598" VPOS="1201" WIDTH="281" HEIGHT="48" WC="0.96" CONTENT="omständighet"/><SP WIDTH="28" VPOS="1201" HPOS="1879"/>
							<String ID="string_183" HPOS="1907" VPOS="1202" WIDTH="81" HEIGHT="35" WC="0.96" CONTENT="icke"/>
						</TextLine>
						<TextLine ID="line_20" HPOS="390" VPOS="1253" WIDTH="1598" HEIGHT="49">
							<String ID="string_184" HPOS="390" VPOS="1255" WIDTH="174" HEIGHT="47" WC="0.96" CONTENT="skäligen"/><SP WIDTH="19" VPOS="1255" HPOS="564"/>
							<String ID="string_185" HPOS="583" VPOS="1255" WIDTH="91" HEIGHT="36" WC="0.96" CONTENT="böra"/><SP WIDTH="20" VPOS="1255" HPOS="674"/>
							<String ID="string_186" HPOS="694" VPOS="1255" WIDTH="117" HEIGHT="35" WC="0.96" CONTENT="uttala"/><SP WIDTH="21" VPOS="1255" HPOS="811"/>
							<String ID="string_187" HPOS="832" VPOS="1254" WIDTH="60" HEIGHT="48" WC="0.96" CONTENT="sig"/><SP WIDTH="20" VPOS="1254" HPOS="892"/>
							<String ID="string_188" HPOS="912" VPOS="1268" WIDTH="72" HEIGHT="33" WC="0.96" CONTENT="om,"/><SP WIDTH="21" VPOS="1268" HPOS="984"/>
							<String ID="string_189" HPOS="1005" VPOS="1254" WIDTH="185" HEIGHT="36" WC="0.93" CONTENT="huruvida"/><SP WIDTH="19" VPOS="1254" HPOS="1190"/>
							<String ID="string_190" HPOS="1209" VPOS="1254" WIDTH="309" HEIGHT="35" WC="0.91" CONTENT="kommittéernas"/><SP WIDTH="21" VPOS="1254" HPOS="1518"/>
							<String ID="string_191" HPOS="1539" VPOS="1253" WIDTH="207" HEIGHT="48" WC="0.96" CONTENT="lagförslag"/><SP WIDTH="19" VPOS="1253" HPOS="1746"/>
							<String ID="string_192" HPOS="1765" VPOS="1267" WIDTH="44" HEIGHT="21" WC="0.96" CONTENT="ur"/><SP WIDTH="16" VPOS="1267" HPOS="1809"/>
							<String ID="string_193" HPOS="1825" VPOS="1253" WIDTH="163" HEIGHT="35" WC="0.96" CONTENT="nämnda"/>
						</TextLine>
						<TextLine ID="line_21" HPOS="390" VPOS="1304" WIDTH="1597" HEIGHT="51">
							<String ID="string_194" HPOS="390" VPOS="1307" WIDTH="235" HEIGHT="48" WC="0.95" CONTENT="synpunkter"/><SP WIDTH="28" VPOS="1307" HPOS="625"/>
							<String ID="string_195" HPOS="653" VPOS="1311" WIDTH="40" HEIGHT="31" WC="0.93" CONTENT="är"/><SP WIDTH="19" VPOS="1311" HPOS="693"/>
							<String ID="string_196" HPOS="712" VPOS="1306" WIDTH="345" HEIGHT="36" WC="0.92" CONTENT="tillfredsställande"/><SP WIDTH="21" VPOS="1306" HPOS="1057"/>
							<String ID="string_197" HPOS="1078" VPOS="1306" WIDTH="90" HEIGHT="36" WC="0.96" CONTENT="eller"/><SP WIDTH="19" VPOS="1306" HPOS="1168"/>
							<String ID="string_198" HPOS="1187" VPOS="1305" WIDTH="94" HEIGHT="36" WC="0.96" CONTENT="icke."/><SP WIDTH="31" VPOS="1305" HPOS="1281"/>
							<String ID="string_199" HPOS="1312" VPOS="1304" WIDTH="253" HEIGHT="48" WC="0.96" CONTENT="Följaktligen"/><SP WIDTH="20" VPOS="1304" HPOS="1565"/>
							<String ID="string_200" HPOS="1585" VPOS="1317" WIDTH="108" HEIGHT="23" WC="0.96" CONTENT="anser"/><SP WIDTH="19" VPOS="1317" HPOS="1693"/>
							<String ID="string_201" HPOS="1712" VPOS="1304" WIDTH="61" HEIGHT="48" WC="0.95" CONTENT="sig"/><SP WIDTH="19" VPOS="1304" HPOS="1773"/>
							<String ID="string_202" HPOS="1792" VPOS="1304" WIDTH="195" HEIGHT="47" WC="0.96" CONTENT="utskottet,"/>
						</TextLine>
						<TextLine ID="line_22" HPOS="388" VPOS="1356" WIDTH="1600" HEIGHT="50">
							<String ID="string_203" HPOS="388" VPOS="1357" WIDTH="116" HEIGHT="36" WC="0.96" CONTENT="redan"/><SP WIDTH="29" VPOS="1357" HPOS="504"/>
							<String ID="string_204" HPOS="533" VPOS="1371" WIDTH="46" HEIGHT="22" WC="0.96" CONTENT="av"/><SP WIDTH="29" VPOS="1371" HPOS="579"/>
							<String ID="string_205" HPOS="608" VPOS="1358" WIDTH="122" HEIGHT="36" WC="0.96" CONTENT="denna"/><SP WIDTH="28" VPOS="1358" HPOS="730"/>
							<String ID="string_206" HPOS="758" VPOS="1357" WIDTH="219" HEIGHT="49" WC="0.96" CONTENT="anledning,"/><SP WIDTH="29" VPOS="1357" HPOS="977"/>
							<String ID="string_207" HPOS="1006" VPOS="1358" WIDTH="82" HEIGHT="35" WC="0.96" CONTENT="icke"/><SP WIDTH="28" VPOS="1358" HPOS="1088"/>
							<String ID="string_208" HPOS="1116" VPOS="1357" WIDTH="126" HEIGHT="36" WC="0.96" CONTENT="kunna"/><SP WIDTH="29" VPOS="1357" HPOS="1242"/>
							<String ID="string_209" HPOS="1271" VPOS="1356" WIDTH="150" HEIGHT="37" WC="0.96" CONTENT="förorda"/><SP WIDTH="29" VPOS="1356" HPOS="1421"/>
							<String ID="string_210" HPOS="1450" VPOS="1357" WIDTH="71" HEIGHT="35" WC="0.96" CONTENT="den"/><SP WIDTH="30" VPOS="1357" HPOS="1521"/>
							<String ID="string_211" HPOS="1551" VPOS="1369" WIDTH="45" HEIGHT="22" WC="0.96" CONTENT="av"/><SP WIDTH="27" VPOS="1369" HPOS="1596"/>
							<String ID="string_212" HPOS="1623" VPOS="1356" WIDTH="277" HEIGHT="36" WC="0.93" CONTENT="motionärerna"/><SP WIDTH="25" VPOS="1356" HPOS="1900"/>
							<String ID="string_213" HPOS="1925" VPOS="1358" WIDTH="63" HEIGHT="46" WC="0.92" CONTENT="på-"/>
						</TextLine>
						<TextLine ID="line_23" HPOS="389" VPOS="1407" WIDTH="1599" HEIGHT="50">
							<String ID="string_214" HPOS="389" VPOS="1409" WIDTH="143" HEIGHT="48" WC="0.90" CONTENT="yrkade"/><SP WIDTH="42" VPOS="1409" HPOS="532"/>
							<String ID="string_215" HPOS="574" VPOS="1409" WIDTH="293" HEIGHT="48" WC="0.89" CONTENT="överarbetning"/><SP WIDTH="38" VPOS="1409" HPOS="867"/>
							<String ID="string_216" HPOS="905" VPOS="1422" WIDTH="44" HEIGHT="23" WC="0.96" CONTENT="av"/><SP WIDTH="35" VPOS="1422" HPOS="949"/>
							<String ID="string_217" HPOS="984" VPOS="1422" WIDTH="143" HEIGHT="23" WC="0.96" CONTENT="samma"/><SP WIDTH="30" VPOS="1422" HPOS="1127"/>
							<String ID="string_218" HPOS="1157" VPOS="1409" WIDTH="151" HEIGHT="47" WC="0.95" CONTENT="förslag,"/><SP WIDTH="33" VPOS="1409" HPOS="1308"/>
							<String ID="string_219" HPOS="1341" VPOS="1409" WIDTH="196" HEIGHT="47" WC="0.96" CONTENT="företagen"/><SP WIDTH="29" VPOS="1409" HPOS="1537"/>
							<String ID="string_220" HPOS="1566" VPOS="1411" WIDTH="48" HEIGHT="44" WC="0.96" CONTENT="på"/><SP WIDTH="27" VPOS="1411" HPOS="1614"/>
							<String ID="string_221" HPOS="1641" VPOS="1408" WIDTH="44" HEIGHT="35" WC="0.96" CONTENT="de"/><SP WIDTH="27" VPOS="1408" HPOS="1685"/>
							<String ID="string_222" HPOS="1712" VPOS="1407" WIDTH="12" HEIGHT="35" WC="0.96" CONTENT="i"/><SP WIDTH="29" VPOS="1407" HPOS="1724"/>
							<String ID="string_223" HPOS="1753" VPOS="1408" WIDTH="235" HEIGHT="35" WC="0.96" CONTENT="motionerna"/>
						</TextLine>
						<TextLine ID="line_24" HPOS="391" VPOS="1459" WIDTH="1596" HEIGHT="50">
							<String ID="string_224" HPOS="391" VPOS="1460" WIDTH="166" HEIGHT="48" WC="0.96" CONTENT="angivna"/><SP WIDTH="29" VPOS="1460" HPOS="557"/>
							<String ID="string_225" HPOS="586" VPOS="1461" WIDTH="166" HEIGHT="48" WC="0.96" CONTENT="grunder"/><SP WIDTH="29" VPOS="1461" HPOS="752"/>
							<String ID="string_226" HPOS="781" VPOS="1461" WIDTH="71" HEIGHT="36" WC="0.96" CONTENT="och"/><SP WIDTH="28" VPOS="1461" HPOS="852"/>
							<String ID="string_227" HPOS="880" VPOS="1461" WIDTH="11" HEIGHT="35" WC="0.96" CONTENT="i"/><SP WIDTH="29" VPOS="1461" HPOS="891"/>
							<String ID="string_228" HPOS="920" VPOS="1461" WIDTH="171" HEIGHT="48" WC="0.96" CONTENT="enlighet"/><SP WIDTH="23" VPOS="1461" HPOS="1091"/>
							<String ID="string_229" HPOS="1114" VPOS="1460" WIDTH="86" HEIGHT="36" WC="0.96" CONTENT="med"/><SP WIDTH="21" VPOS="1460" HPOS="1200"/>
							<String ID="string_230" HPOS="1221" VPOS="1460" WIDTH="66" HEIGHT="36" WC="0.96" CONTENT="där"/><SP WIDTH="19" VPOS="1460" HPOS="1287"/>
							<String ID="string_231" HPOS="1306" VPOS="1460" WIDTH="224" HEIGHT="48" WC="0.95" CONTENT="uppdragna"/><SP WIDTH="19" VPOS="1460" HPOS="1530"/>
							<String ID="string_232" HPOS="1549" VPOS="1459" WIDTH="196" HEIGHT="49" WC="0.96" CONTENT="riktlinjer,"/><SP WIDTH="21" VPOS="1459" HPOS="1745"/>
							<String ID="string_233" HPOS="1766" VPOS="1459" WIDTH="221" HEIGHT="48" WC="0.96" CONTENT="varigenom"/>
						</TextLine>
						<TextLine ID="line_25" HPOS="389" VPOS="1510" WIDTH="1599" HEIGHT="51">
							<String ID="string_234" HPOS="389" VPOS="1512" WIDTH="190" HEIGHT="49" WC="0.91" CONTENT="godtoges"/><SP WIDTH="28" VPOS="1512" HPOS="579"/>
							<String ID="string_235" HPOS="607" VPOS="1513" WIDTH="299" HEIGHT="36" WC="0.90" CONTENT="motionärernas"/><SP WIDTH="29" VPOS="1513" HPOS="906"/>
							<String ID="string_236" HPOS="935" VPOS="1512" WIDTH="246" HEIGHT="49" WC="0.96" CONTENT="uppfattning"/><SP WIDTH="27" VPOS="1512" HPOS="1181"/>
							<String ID="string_237" HPOS="1208" VPOS="1526" WIDTH="60" HEIGHT="22" WC="0.93" CONTENT="om"/><SP WIDTH="27" VPOS="1526" HPOS="1268"/>
							<String ID="string_238" HPOS="1295" VPOS="1511" WIDTH="362" HEIGHT="48" WC="0.90" CONTENT="ofullständigheten"/><SP WIDTH="19" VPOS="1511" HPOS="1657"/>
							<String ID="string_239" HPOS="1676" VPOS="1511" WIDTH="70" HEIGHT="36" WC="0.93" CONTENT="och"/><SP WIDTH="19" VPOS="1511" HPOS="1746"/>
							<String ID="string_240" HPOS="1765" VPOS="1510" WIDTH="223" HEIGHT="49" WC="0.92" CONTENT="bristfällig-"/>
						</TextLine>
						<TextLine ID="line_26" HPOS="389" VPOS="1563" WIDTH="1388" HEIGHT="37">
							<String ID="string_241" HPOS="389" VPOS="1564" WIDTH="112" HEIGHT="36" WC="0.96" CONTENT="heten"/><SP WIDTH="29" VPOS="1564" HPOS="501"/>
							<String ID="string_242" HPOS="530" VPOS="1565" WIDTH="12" HEIGHT="35" WC="0.96" CONTENT="i"/><SP WIDTH="29" VPOS="1565" HPOS="542"/>
							<String ID="string_243" HPOS="571" VPOS="1578" WIDTH="50" HEIGHT="22" WC="0.96" CONTENT="nu"/><SP WIDTH="29" VPOS="1578" HPOS="621"/>
							<String ID="string_244" HPOS="650" VPOS="1564" WIDTH="163" HEIGHT="36" WC="0.95" CONTENT="nämnda"/><SP WIDTH="29" VPOS="1564" HPOS="813"/>
							<String ID="string_245" HPOS="842" VPOS="1564" WIDTH="211" HEIGHT="36" WC="0.96" CONTENT="avseenden"/><SP WIDTH="29" VPOS="1564" HPOS="1053"/>
							<String ID="string_246" HPOS="1082" VPOS="1577" WIDTH="45" HEIGHT="22" WC="0.96" CONTENT="av"/><SP WIDTH="28" VPOS="1577" HPOS="1127"/>
							<String ID="string_247" HPOS="1155" VPOS="1565" WIDTH="63" HEIGHT="35" WC="0.96" CONTENT="det"/><SP WIDTH="28" VPOS="1565" HPOS="1218"/>
							<String ID="string_248" HPOS="1246" VPOS="1563" WIDTH="151" HEIGHT="36" WC="0.93" CONTENT="utförda"/><SP WIDTH="27" VPOS="1563" HPOS="1397"/>
							<String ID="string_249" HPOS="1424" VPOS="1563" WIDTH="353" HEIGHT="36" WC="0.92" CONTENT="kommittéarbetet."/>
						</TextLine>
					</TextBlock>
					<TextBlock ID="block_4" HPOS="388" VPOS="1614" WIDTH="1600" HEIGHT="619">
						<TextLine ID="line_27" HPOS="518" VPOS="1614" WIDTH="1470" HEIGHT="47">
							<String ID="string_250" HPOS="518" VPOS="1615" WIDTH="177" HEIGHT="37" WC="0.92" CONTENT="Förbises"/><SP WIDTH="43" VPOS="1615" HPOS="695"/>
							<String ID="string_251" HPOS="738" VPOS="1616" WIDTH="55" HEIGHT="36" WC="0.96" CONTENT="får"/><SP WIDTH="43" VPOS="1616" HPOS="793"/>
							<String ID="string_252" HPOS="836" VPOS="1616" WIDTH="206" HEIGHT="36" WC="0.95" CONTENT="emellertid"/><SP WIDTH="42" VPOS="1616" HPOS="1042"/>
							<String ID="string_253" HPOS="1084" VPOS="1616" WIDTH="93" HEIGHT="44" WC="0.96" CONTENT="icke,"/><SP WIDTH="43" VPOS="1616" HPOS="1177"/>
							<String ID="string_254" HPOS="1220" VPOS="1620" WIDTH="55" HEIGHT="31" WC="0.96" CONTENT="att"/><SP WIDTH="42" VPOS="1620" HPOS="1275"/>
							<String ID="string_255" HPOS="1317" VPOS="1615" WIDTH="72" HEIGHT="35" WC="0.96" CONTENT="den"/><SP WIDTH="42" VPOS="1615" HPOS="1389"/>
							<String ID="string_256" HPOS="1431" VPOS="1620" WIDTH="169" HEIGHT="30" WC="0.94" CONTENT="närmare"/><SP WIDTH="27" VPOS="1620" HPOS="1600"/>
							<String ID="string_257" HPOS="1627" VPOS="1614" WIDTH="286" HEIGHT="47" WC="0.96" CONTENT="utformningen"/><SP WIDTH="29" VPOS="1614" HPOS="1913"/>
							<String ID="string_258" HPOS="1942" VPOS="1627" WIDTH="46" HEIGHT="22" WC="0.96" CONTENT="av"/>
						</TextLine>
						<TextLine ID="line_28" HPOS="389" VPOS="1666" WIDTH="1585" HEIGHT="50">
							<String ID="string_259" HPOS="389" VPOS="1667" WIDTH="379" HEIGHT="49" WC="0.90" CONTENT="vattenlagförslaget"/><SP WIDTH="29" VPOS="1667" HPOS="768"/>
							<String ID="string_260" HPOS="797" VPOS="1672" WIDTH="100" HEIGHT="31" WC="0.96" CONTENT="ännu"/><SP WIDTH="29" VPOS="1672" HPOS="897"/>
							<String ID="string_261" HPOS="926" VPOS="1670" WIDTH="129" HEIGHT="46" WC="0.95" CONTENT="pågår."/><SP WIDTH="59" VPOS="1670" HPOS="1055"/>
							<String ID="string_262" HPOS="1114" VPOS="1666" WIDTH="129" HEIGHT="37" WC="0.63" CONTENT="Såsom"/><SP WIDTH="25" VPOS="1666" HPOS="1243"/>
							<String ID="string_263" HPOS="1268" VPOS="1667" WIDTH="144" HEIGHT="48" WC="0.66" CONTENT="jämväl"/><SP WIDTH="20" VPOS="1667" HPOS="1412"/>
							<String ID="string_264" HPOS="1432" VPOS="1667" WIDTH="11" HEIGHT="35" WC="0.66" CONTENT="i"/><SP WIDTH="20" VPOS="1667" HPOS="1443"/>
							<String ID="string_265" HPOS="1463" VPOS="1666" WIDTH="233" HEIGHT="36" WC="0.93" CONTENT="motionerna"/><SP WIDTH="20" VPOS="1666" HPOS="1696"/>
							<String ID="string_266" HPOS="1716" VPOS="1666" WIDTH="155" HEIGHT="46" WC="0.91" CONTENT="erinras,"/><SP WIDTH="20" VPOS="1666" HPOS="1871"/>
							<String ID="string_267" HPOS="1891" VPOS="1666" WIDTH="83" HEIGHT="35" WC="0.65" CONTENT="have"/>
						</TextLine>
						<TextLine ID="line_29" HPOS="389" VPOS="1717" WIDTH="1598" HEIGHT="50">
							<String ID="string_268" HPOS="389" VPOS="1718" WIDTH="207" HEIGHT="37" WC="0.96" CONTENT="tillkallade"/><SP WIDTH="42" VPOS="1718" HPOS="596"/>
							<String ID="string_269" HPOS="638" VPOS="1719" WIDTH="251" HEIGHT="48" WC="0.96" CONTENT="sakkunniga,"/><SP WIDTH="42" VPOS="1719" HPOS="889"/>
							<String ID="string_270" HPOS="931" VPOS="1719" WIDTH="115" HEIGHT="36" WC="0.96" CONTENT="sedan"/><SP WIDTH="42" VPOS="1719" HPOS="1046"/>
							<String ID="string_271" HPOS="1088" VPOS="1732" WIDTH="154" HEIGHT="23" WC="0.87" CONTENT="numera"/><SP WIDTH="38" VPOS="1732" HPOS="1242"/>
							<String ID="string_272" HPOS="1280" VPOS="1718" WIDTH="177" HEIGHT="47" WC="0.95" CONTENT="samtliga"/><SP WIDTH="28" VPOS="1718" HPOS="1457"/>
							<String ID="string_273" HPOS="1485" VPOS="1718" WIDTH="201" HEIGHT="48" WC="0.96" CONTENT="yttranden"/><SP WIDTH="29" VPOS="1718" HPOS="1686"/>
							<String ID="string_274" HPOS="1715" VPOS="1718" WIDTH="84" HEIGHT="35" WC="0.93" CONTENT="från"/><SP WIDTH="29" VPOS="1718" HPOS="1799"/>
							<String ID="string_275" HPOS="1828" VPOS="1717" WIDTH="159" HEIGHT="37" WC="0.92" CONTENT="ämbets-"/>
						</TextLine>
						<TextLine ID="line_30" HPOS="388" VPOS="1769" WIDTH="1599" HEIGHT="50">
							<String ID="string_276" HPOS="388" VPOS="1770" WIDTH="93" HEIGHT="36" WC="0.96" CONTENT="verk"/><SP WIDTH="42" VPOS="1770" HPOS="481"/>
							<String ID="string_277" HPOS="523" VPOS="1771" WIDTH="70" HEIGHT="35" WC="0.96" CONTENT="och"/><SP WIDTH="43" VPOS="1771" HPOS="593"/>
							<String ID="string_278" HPOS="636" VPOS="1771" WIDTH="264" HEIGHT="48" WC="0.96" CONTENT="myndigheter"/><SP WIDTH="40" VPOS="1771" HPOS="900"/>
							<String ID="string_279" HPOS="940" VPOS="1771" WIDTH="210" HEIGHT="47" WC="0.96" CONTENT="inkommit,"/><SP WIDTH="34" VPOS="1771" HPOS="1150"/>
							<String ID="string_280" HPOS="1184" VPOS="1770" WIDTH="148" HEIGHT="37" WC="0.96" CONTENT="erhållit"/><SP WIDTH="29" VPOS="1770" HPOS="1332"/>
							<String ID="string_281" HPOS="1361" VPOS="1770" WIDTH="11" HEIGHT="35" WC="0.96" CONTENT="i"/><SP WIDTH="27" VPOS="1770" HPOS="1372"/>
							<String ID="string_282" HPOS="1399" VPOS="1769" WIDTH="174" HEIGHT="50" WC="0.95" CONTENT="uppdrag"/><SP WIDTH="28" VPOS="1769" HPOS="1573"/>
							<String ID="string_283" HPOS="1601" VPOS="1775" WIDTH="54" HEIGHT="30" WC="0.96" CONTENT="att"/><SP WIDTH="26" VPOS="1775" HPOS="1655"/>
							<String ID="string_284" HPOS="1681" VPOS="1774" WIDTH="94" HEIGHT="42" WC="0.96" CONTENT="göra"/><SP WIDTH="30" VPOS="1774" HPOS="1775"/>
							<String ID="string_285" HPOS="1805" VPOS="1769" WIDTH="182" HEIGHT="47" WC="0.96" CONTENT="förslaget"/>
						</TextLine>
						<TextLine ID="line_31" HPOS="389" VPOS="1820" WIDTH="1597" HEIGHT="51">
							<String ID="string_286" HPOS="389" VPOS="1822" WIDTH="57" HEIGHT="35" WC="0.90" CONTENT="till"/><SP WIDTH="42" VPOS="1822" HPOS="446"/>
							<String ID="string_287" HPOS="488" VPOS="1822" WIDTH="157" HEIGHT="36" WC="0.91" CONTENT="föremål"/><SP WIDTH="37" VPOS="1822" HPOS="645"/>
							<String ID="string_288" HPOS="682" VPOS="1822" WIDTH="58" HEIGHT="36" WC="0.96" CONTENT="för"/><SP WIDTH="41" VPOS="1822" HPOS="740"/>
							<String ID="string_289" HPOS="781" VPOS="1822" WIDTH="287" HEIGHT="49" WC="0.95" CONTENT="undersökning"/><SP WIDTH="39" VPOS="1822" HPOS="1068"/>
							<String ID="string_290" HPOS="1107" VPOS="1823" WIDTH="69" HEIGHT="35" WC="0.95" CONTENT="och"/><SP WIDTH="41" VPOS="1823" HPOS="1176"/>
							<String ID="string_291" HPOS="1217" VPOS="1821" WIDTH="250" HEIGHT="48" WC="0.95" CONTENT="bearbetning"/><SP WIDTH="27" VPOS="1821" HPOS="1467"/>
							<String ID="string_292" HPOS="1494" VPOS="1822" WIDTH="12" HEIGHT="34" WC="0.79" CONTENT="i"/><SP WIDTH="29" VPOS="1822" HPOS="1506"/>
							<String ID="string_293" HPOS="1535" VPOS="1821" WIDTH="99" HEIGHT="48" WC="0.96" CONTENT="syfte"/><SP WIDTH="37" VPOS="1821" HPOS="1634"/>
							<String ID="string_294" HPOS="1671" VPOS="1826" WIDTH="65" HEIGHT="42" WC="0.96" CONTENT="att,"/><SP WIDTH="30" VPOS="1826" HPOS="1736"/>
							<String ID="string_295" HPOS="1766" VPOS="1820" WIDTH="67" HEIGHT="36" WC="0.96" CONTENT="där"/><SP WIDTH="31" VPOS="1820" HPOS="1833"/>
							<String ID="string_296" HPOS="1864" VPOS="1820" WIDTH="122" HEIGHT="36" WC="0.96" CONTENT="behov"/>
						</TextLine>
						<TextLine ID="line_32" HPOS="390" VPOS="1872" WIDTH="1597" HEIGHT="50">
							<String ID="string_297" HPOS="390" VPOS="1873" WIDTH="116" HEIGHT="36" WC="0.96" CONTENT="därav"/><SP WIDTH="42" VPOS="1873" HPOS="506"/>
							<String ID="string_298" HPOS="548" VPOS="1874" WIDTH="236" HEIGHT="46" WC="0.93" CONTENT="framträder,"/><SP WIDTH="40" VPOS="1874" HPOS="784"/>
							<String ID="string_299" HPOS="824" VPOS="1874" WIDTH="258" HEIGHT="48" WC="0.92" CONTENT="åvägabringa"/><SP WIDTH="27" VPOS="1874" HPOS="1082"/>
							<String ID="string_300" HPOS="1109" VPOS="1874" WIDTH="139" HEIGHT="47" WC="0.96" CONTENT="nödiga"/><SP WIDTH="29" VPOS="1874" HPOS="1248"/>
							<String ID="string_301" HPOS="1277" VPOS="1873" WIDTH="281" HEIGHT="48" WC="0.95" CONTENT="förbättringar."/><SP WIDTH="56" VPOS="1873" HPOS="1558"/>
							<String ID="string_302" HPOS="1614" VPOS="1873" WIDTH="77" HEIGHT="46" WC="0.95" CONTENT="Att,"/><SP WIDTH="30" VPOS="1873" HPOS="1691"/>
							<String ID="string_303" HPOS="1721" VPOS="1873" WIDTH="115" HEIGHT="34" WC="0.95" CONTENT="innan"/><SP WIDTH="29" VPOS="1873" HPOS="1836"/>
							<String ID="string_304" HPOS="1865" VPOS="1872" WIDTH="122" HEIGHT="36" WC="0.96" CONTENT="denna"/>
						</TextLine>
						<TextLine ID="line_33" HPOS="388" VPOS="1924" WIDTH="1599" HEIGHT="50">
							<String ID="string_305" HPOS="388" VPOS="1925" WIDTH="287" HEIGHT="48" WC="0.95" CONTENT="undersökning"/><SP WIDTH="40" VPOS="1925" HPOS="675"/>
							<String ID="string_306" HPOS="715" VPOS="1926" WIDTH="183" HEIGHT="46" WC="0.93" CONTENT="slutförts,"/><SP WIDTH="35" VPOS="1926" HPOS="898"/>
							<String ID="string_307" HPOS="933" VPOS="1926" WIDTH="69" HEIGHT="36" WC="0.96" CONTENT="och"/><SP WIDTH="29" VPOS="1926" HPOS="1002"/>
							<String ID="string_308" HPOS="1031" VPOS="1926" WIDTH="135" HEIGHT="35" WC="0.95" CONTENT="medan"/><SP WIDTH="28" VPOS="1926" HPOS="1166"/>
							<String ID="string_309" HPOS="1194" VPOS="1931" WIDTH="99" HEIGHT="31" WC="0.96" CONTENT="ännu"/><SP WIDTH="30" VPOS="1931" HPOS="1293"/>
							<String ID="string_310" HPOS="1323" VPOS="1925" WIDTH="173" HEIGHT="49" WC="0.96" CONTENT="oavgjort"/><SP WIDTH="28" VPOS="1925" HPOS="1496"/>
							<String ID="string_311" HPOS="1524" VPOS="1930" WIDTH="51" HEIGHT="41" WC="0.96" CONTENT="är,"/><SP WIDTH="29" VPOS="1930" HPOS="1575"/>
							<String ID="string_312" HPOS="1604" VPOS="1924" WIDTH="55" HEIGHT="36" WC="0.96" CONTENT="till"/><SP WIDTH="28" VPOS="1924" HPOS="1659"/>
							<String ID="string_313" HPOS="1687" VPOS="1924" WIDTH="117" HEIGHT="36" WC="0.96" CONTENT="vilket"/><SP WIDTH="28" VPOS="1924" HPOS="1804"/>
							<String ID="string_314" HPOS="1832" VPOS="1924" WIDTH="155" HEIGHT="35" WC="0.96" CONTENT="resultat"/>
						</TextLine>
						<TextLine ID="line_34" HPOS="388" VPOS="1975" WIDTH="1599" HEIGHT="51">
							<String ID="string_315" HPOS="388" VPOS="1977" WIDTH="11" HEIGHT="35" WC="0.96" CONTENT="i"/><SP WIDTH="31" VPOS="1977" HPOS="399"/>
							<String ID="string_316" HPOS="430" VPOS="1977" WIDTH="184" HEIGHT="36" WC="0.93" CONTENT="avseende"/><SP WIDTH="29" VPOS="1977" HPOS="614"/>
							<String ID="string_317" HPOS="643" VPOS="1980" WIDTH="20" HEIGHT="33" WC="0.92" CONTENT="å"/><SP WIDTH="29" VPOS="1980" HPOS="663"/>
							<String ID="string_318" HPOS="692" VPOS="1978" WIDTH="260" HEIGHT="48" WC="0.90" CONTENT="vattenlagens"/><SP WIDTH="42" VPOS="1978" HPOS="952"/>
							<String ID="string_319" HPOS="994" VPOS="1977" WIDTH="154" HEIGHT="49" WC="0.96" CONTENT="slutliga"/><SP WIDTH="41" VPOS="1977" HPOS="1148"/>
							<String ID="string_320" HPOS="1189" VPOS="1977" WIDTH="237" HEIGHT="49" WC="0.95" CONTENT="gestaltning"/><SP WIDTH="41" VPOS="1977" HPOS="1426"/>
							<String ID="string_321" HPOS="1467" VPOS="1976" WIDTH="218" HEIGHT="36" WC="0.96" CONTENT="densamma"/><SP WIDTH="32" VPOS="1976" HPOS="1685"/>
							<String ID="string_322" HPOS="1717" VPOS="1976" WIDTH="74" HEIGHT="35" WC="0.95" CONTENT="kan"/><SP WIDTH="28" VPOS="1976" HPOS="1791"/>
							<String ID="string_323" HPOS="1819" VPOS="1976" WIDTH="80" HEIGHT="35" WC="0.96" CONTENT="visa"/><SP WIDTH="28" VPOS="1976" HPOS="1899"/>
							<String ID="string_324" HPOS="1927" VPOS="1975" WIDTH="60" HEIGHT="48" WC="0.96" CONTENT="sig"/>
						</TextLine>
						<TextLine ID="line_35" HPOS="388" VPOS="2027" WIDTH="1596" HEIGHT="51">
							<String ID="string_325" HPOS="388" VPOS="2028" WIDTH="95" HEIGHT="47" WC="0.95" CONTENT="leda,"/><SP WIDTH="32" VPOS="2028" HPOS="483"/>
							<String ID="string_326" HPOS="515" VPOS="2028" WIDTH="138" HEIGHT="49" WC="0.96" CONTENT="begära"/><SP WIDTH="34" VPOS="2028" HPOS="653"/>
							<String ID="string_327" HPOS="687" VPOS="2042" WIDTH="46" HEIGHT="23" WC="0.96" CONTENT="en"/><SP WIDTH="28" VPOS="2042" HPOS="733"/>
							<String ID="string_328" HPOS="761" VPOS="2030" WIDTH="220" HEIGHT="48" WC="0.96" CONTENT="ytterligare"/><SP WIDTH="27" VPOS="2030" HPOS="981"/>
							<String ID="string_329" HPOS="1008" VPOS="2028" WIDTH="298" HEIGHT="49" WC="0.96" CONTENT="undersökning,"/><SP WIDTH="30" VPOS="2028" HPOS="1306"/>
							<String ID="string_330" HPOS="1336" VPOS="2041" WIDTH="111" HEIGHT="36" WC="0.96" CONTENT="synes"/><SP WIDTH="28" VPOS="2041" HPOS="1447"/>
							<String ID="string_331" HPOS="1475" VPOS="2028" WIDTH="186" HEIGHT="36" WC="0.96" CONTENT="utskottet"/><SP WIDTH="26" VPOS="2028" HPOS="1661"/>
							<String ID="string_332" HPOS="1687" VPOS="2027" WIDTH="82" HEIGHT="36" WC="0.96" CONTENT="icke"/><SP WIDTH="29" VPOS="2027" HPOS="1769"/>
							<String ID="string_333" HPOS="1798" VPOS="2027" WIDTH="186" HEIGHT="48" WC="0.96" CONTENT="lämpligt."/>
						</TextLine>
						<TextLine ID="line_36" HPOS="388" VPOS="2078" WIDTH="1598" HEIGHT="51">
							<String ID="string_334" HPOS="388" VPOS="2079" WIDTH="133" HEIGHT="49" WC="0.95" CONTENT="Enligt"/><SP WIDTH="28" VPOS="2079" HPOS="521"/>
							<String ID="string_335" HPOS="549" VPOS="2081" WIDTH="202" HEIGHT="36" WC="0.96" CONTENT="utskottets"/><SP WIDTH="29" VPOS="2081" HPOS="751"/>
							<String ID="string_336" HPOS="780" VPOS="2081" WIDTH="155" HEIGHT="48" WC="0.96" CONTENT="mening"/><SP WIDTH="28" VPOS="2081" HPOS="935"/>
							<String ID="string_337" HPOS="963" VPOS="2081" WIDTH="105" HEIGHT="36" WC="0.96" CONTENT="torde"/><SP WIDTH="29" VPOS="2081" HPOS="1068"/>
							<String ID="string_338" HPOS="1097" VPOS="2081" WIDTH="61" HEIGHT="35" WC="0.96" CONTENT="det"/><SP WIDTH="27" VPOS="2081" HPOS="1158"/>
							<String ID="string_339" HPOS="1185" VPOS="2081" WIDTH="12" HEIGHT="35" WC="0.96" CONTENT="i"/><SP WIDTH="28" VPOS="2081" HPOS="1197"/>
							<String ID="string_340" HPOS="1225" VPOS="2080" WIDTH="126" HEIGHT="36" WC="0.96" CONTENT="stället"/><SP WIDTH="27" VPOS="2080" HPOS="1351"/>
							<String ID="string_341" HPOS="1378" VPOS="2080" WIDTH="301" HEIGHT="48" WC="0.96" CONTENT="uppenbarligen"/><SP WIDTH="27" VPOS="2080" HPOS="1679"/>
							<String ID="string_342" HPOS="1706" VPOS="2092" WIDTH="90" HEIGHT="22" WC="0.96" CONTENT="vara"/><SP WIDTH="26" VPOS="2092" HPOS="1796"/>
							<String ID="string_343" HPOS="1822" VPOS="2078" WIDTH="65" HEIGHT="36" WC="0.95" CONTENT="allt"/><SP WIDTH="19" VPOS="2078" HPOS="1887"/>
							<String ID="string_344" HPOS="1906" VPOS="2078" WIDTH="80" HEIGHT="35" WC="0.96" CONTENT="skäl"/>
						</TextLine>
						<TextLine ID="line_37" HPOS="389" VPOS="2129" WIDTH="1596" HEIGHT="50">
							<String ID="string_345" HPOS="389" VPOS="2136" WIDTH="56" HEIGHT="31" WC="0.96" CONTENT="att"/><SP WIDTH="27" VPOS="2136" HPOS="445"/>
							<String ID="string_346" HPOS="472" VPOS="2131" WIDTH="165" HEIGHT="37" WC="0.96" CONTENT="avvakta"/><SP WIDTH="27" VPOS="2131" HPOS="637"/>
							<String ID="string_347" HPOS="664" VPOS="2133" WIDTH="104" HEIGHT="35" WC="0.96" CONTENT="såväl"/><SP WIDTH="28" VPOS="2133" HPOS="768"/>
							<String ID="string_348" HPOS="796" VPOS="2133" WIDTH="195" HEIGHT="36" WC="0.96" CONTENT="resultatet"/><SP WIDTH="28" VPOS="2133" HPOS="991"/>
							<String ID="string_349" HPOS="1019" VPOS="2146" WIDTH="46" HEIGHT="22" WC="0.96" CONTENT="av"/><SP WIDTH="30" VPOS="2146" HPOS="1065"/>
							<String ID="string_350" HPOS="1095" VPOS="2132" WIDTH="73" HEIGHT="36" WC="0.93" CONTENT="den"/><SP WIDTH="28" VPOS="2132" HPOS="1168"/>
							<String ID="string_351" HPOS="1196" VPOS="2132" WIDTH="298" HEIGHT="47" WC="0.92" CONTENT="överarbetning"/><SP WIDTH="19" VPOS="2132" HPOS="1494"/>
							<String ID="string_352" HPOS="1513" VPOS="2145" WIDTH="46" HEIGHT="22" WC="0.97" CONTENT="av"/><SP WIDTH="19" VPOS="2145" HPOS="1559"/>
							<String ID="string_353" HPOS="1578" VPOS="2131" WIDTH="261" HEIGHT="48" WC="0.95" CONTENT="lagförslaget,"/><SP WIDTH="20" VPOS="2131" HPOS="1839"/>
							<String ID="string_354" HPOS="1859" VPOS="2129" WIDTH="126" HEIGHT="36" WC="0.96" CONTENT="vilken"/>
						</TextLine>
						<TextLine ID="line_38" HPOS="389" VPOS="2157" WIDTH="1597" HEIGHT="93">
							<String ID="string_355" HPOS="389" VPOS="2184" WIDTH="58" HEIGHT="34" WC="0.96" CONTENT="för"/><SP WIDTH="40" VPOS="2184" HPOS="447"/>
							<String ID="string_356" HPOS="487" VPOS="2184" WIDTH="231" HEIGHT="36" WC="0.93" CONTENT="närvarande"/><SP WIDTH="38" VPOS="2184" HPOS="718"/>
							<String ID="string_357" HPOS="756" VPOS="2184" WIDTH="192" HEIGHT="49" WC="0.90" CONTENT="företages"/><SP WIDTH="40" VPOS="2184" HPOS="948"/>
							<String ID="string_358" HPOS="988" VPOS="2184" WIDTH="102" HEIGHT="36" WC="0.94" CONTENT="inom"/><SP WIDTH="33" VPOS="2184" HPOS="1090"/>
							<String ID="string_359" HPOS="1123" VPOS="2183" WIDTH="281" HEIGHT="37" WC="0.94" CONTENT="vederbörande"/><SP WIDTH="38" VPOS="2183" HPOS="1404"/>
							<String ID="string_360" HPOS="1442" VPOS="2157" WIDTH="267" HEIGHT="93" WC="0.91" CONTENT="departement,"/><SP WIDTH="30" VPOS="2157" HPOS="1709"/>
							<String ID="string_361" HPOS="1739" VPOS="2195" WIDTH="81" HEIGHT="23" WC="0.95" CONTENT="som"/><SP WIDTH="32" VPOS="2195" HPOS="1820"/>
							<String ID="string_362" HPOS="1852" VPOS="2194" WIDTH="44" HEIGHT="22" WC="0.95" CONTENT="av"/><SP WIDTH="28" VPOS="2194" HPOS="1896"/>
							<String ID="string_363" HPOS="1924" VPOS="2180" WIDTH="62" HEIGHT="36" WC="0.96" CONTENT="det"/>
						</TextLine>
					</TextBlock>
				</ComposedBlock>
				<ComposedBlock ID="cblock_3" HPOS="389" VPOS="2232" WIDTH="1596" HEIGHT="52">
					<TextBlock ID="block_5" HPOS="389" VPOS="2232" WIDTH="1596" HEIGHT="52">
						<TextLine ID="line_39" HPOS="389" VPOS="2232" WIDTH="1596" HEIGHT="52">
							<String ID="string_364" HPOS="389" VPOS="2235" WIDTH="265" HEIGHT="49" WC="0.96" CONTENT="övervägande"/><SP WIDTH="42" VPOS="2235" HPOS="654"/>
							<String ID="string_365" HPOS="696" VPOS="2236" WIDTH="69" HEIGHT="35" WC="0.96" CONTENT="och"/><SP WIDTH="44" VPOS="2236" HPOS="765"/>
							<String ID="string_366" HPOS="809" VPOS="2236" WIDTH="71" HEIGHT="36" WC="0.96" CONTENT="den"/><SP WIDTH="28" VPOS="2236" HPOS="880"/>
							<String ID="string_367" HPOS="908" VPOS="2236" WIDTH="252" HEIGHT="48" WC="0.96" CONTENT="granskning,"/><SP WIDTH="30" VPOS="2236" HPOS="1160"/>
							<String ID="string_368" HPOS="1190" VPOS="2249" WIDTH="80" HEIGHT="23" WC="0.96" CONTENT="som"/><SP WIDTH="25" VPOS="2249" HPOS="1270"/>
							<String ID="string_369" HPOS="1295" VPOS="2235" WIDTH="142" HEIGHT="48" WC="0.96" CONTENT="jämväl"/><SP WIDTH="29" VPOS="2235" HPOS="1437"/>
							<String ID="string_370" HPOS="1466" VPOS="2235" WIDTH="83" HEIGHT="35" WC="0.96" CONTENT="från"/><SP WIDTH="29" VPOS="2235" HPOS="1549"/>
							<String ID="string_371" HPOS="1578" VPOS="2234" WIDTH="141" HEIGHT="49" WC="0.95" CONTENT="Kungl."/><SP WIDTH="30" VPOS="2234" HPOS="1719"/>
							<String ID="string_372" HPOS="1749" VPOS="2233" WIDTH="127" HEIGHT="48" WC="0.96" CONTENT="Maj:ts"/><SP WIDTH="29" VPOS="2233" HPOS="1876"/>
							<String ID="string_373" HPOS="1905" VPOS="2232" WIDTH="80" HEIGHT="36" WC="0.96" CONTENT="sida"/>
						</TextLine>
					</TextBlock>
				</ComposedBlock>
			</PrintSpace>
		</Page>
	</Layout>
</alto>
