2216 2648
775 168 234 43 Lagutskottets
1032 172 162 33 utlåtande
1217 174 53 32 Nr
1292 177 52 31 34.
1799 183 15 29 1

983 422 59 40 Nr
1070 423 62 40 34.

836 577 111 28 Ankom
967 579 42 27 till
1030 580 177 36 Riksdagens
1227 583 92 28 kansli
1339 584 52 27 den
1412 586 30 26 11
1465 587 71 35 april
1557 588 63 28 1911
1642 589 37 27 kl.
1701 590 32 26 12
1751 600 35 17 m.

468 680 196 50 Utlåtande,
707 685 15 34 i
763 686 190 50 anledning
995 687 46 47 af
1064 689 99 37 väckt
1189 692 131 36 motion
1348 705 54 24 om
1425 694 187 47 skrifvelse
1639 698 56 35 till
1721 694 131 58 Kungl.

655 753 108 48 Maj:t
791 757 179 46 angående
996 758 135 47 förbud
1159 765 67 31 mot
1253 762 195 38 nattarbete
1475 764 45 47 af
1543 771 83 31 män
1645 768 95 36 inom
1760 770 95 36 vissa

660 822 296 41 arbetsområden.

381 924 65 36 Uti
488 937 47 24 en
576 926 104 36 inom
716 928 130 37 Andra
874 929 226 39 kammaren
1127 933 129 47 väckt,
1287 935 61 36 till
1375 936 263 47 lagutskottet
1666 940 185 39 hänvisad

251 975 162 46 motion,
443 989 46 23 nr
518 980 84 44 253,
633 979 113 37 hafva
774 981 134 37 herrar
939 983 89 36 Carl
1056 984 221 50 Lindhagen,
1307 987 47 37 N.
1384 989 90 37 Edv.
1504 990 184 51 Lindberg
1716 994 71 35 och
1812 995 36 36 J.

251 1026 229 50 Hasselquist
507 1029 130 37 anfört
663 1031 184 47 följande:

385 1081 38 34 »I
443 1081 74 36 den
535 1082 119 48 kamp
673 1083 60 37 för
751 1084 229 49 folkhälsan,
1002 1101 81 24 som
1102 1089 223 38 framkallas
1344 1105 140 35 genom
1503 1094 345 41 industrialismens

249 1131 228 48 fortgående
519 1134 259 50 inkräktning
816 1141 50 44 på
894 1139 324 50 hvilotimmarne,
1247 1143 72 36 har
1346 1147 208 45 uppställts
1582 1148 118 37 bland
1728 1155 120 33 annat

248 1184 80 35 dels
356 1187 58 33 ett
446 1187 343 46 upprätthållande
818 1190 41 35 af
883 1191 65 37 det
975 1193 13 34 i
1016 1193 356 39 folkmedvetandet
1399 1198 190 47 ingående
1617 1201 154 37 krafvet
1797 1207 51 44 på

248 1248 47 22 en
323 1236 218 48 hvilodag
523 1232 25 63 i
567 1239 148 36 veckan
745 1241 71 36 och
844 1243 79 36 dels
951 1246 157 45 respekt
1135 1247 13 34 i
1175 1247 217 48 möjligaste
1420 1253 90 33 mån
1537 1251 61 36 för
1624 1254 74 35 den
1712 1258 133 33 natur-

247 1287 75 47 lag,
353 1300 80 24 som
460 1290 138 46 bjuder
621 1294 61 33 att
705 1294 151 35 arbetet
875 1295 99 36 skall
993 1302 74 41 äga
1085 1310 85 23 rum
1191 1311 61 24 om
1271 1300 124 47 dagen
1416 1303 73 35 och
1508 1303 86 36 icke
1615 1317 61 24 om
1695 1309 148 35 natten.

376 1341 118 36 Förra
535 1342 219 48 Riksdagen
789 1346 167 46 begärde
985 1360 47 24 en
1059 1350 301 49 undersökning,
1395 1353 7 35 i
1430 1354 102 36 hvad
1560 1359 89 33 mån
1676 1354 169 57 behöflig

245 1392 270 47 söndagshvila
567 1398 95 33 utan
712 1397 222 48 berättigad
984 1401 210 49 anledning
1240 1404 226 38 åsidosättes
1511 1408 183 37 särskildt
1738 1411 104 36 inom

245 1442 178 48 industri,
470 1445 141 37 handel
657 1448 71 36 och
774 1450 119 36 andra
939 1453 253 47 närliggande
1236 1458 193 36 områden.
1498 1459 59 36 En
1597 1461 246 49 lagstiftning

244 1495 71 35 har
355 1497 118 35 redan
515 1498 166 37 kommit
707 1500 61 36 till
796 1503 112 35 stånd
935 1506 166 35 rörande
1129 1506 185 38 kvinnors
1342 1511 252 49 användning
1621 1514 61 35 till
1710 1515 131 37 arbete

245 1548 171 36 nattetid
443 1549 13 35 i
483 1550 100 36 vissa
611 1551 241 39 industriella
879 1555 164 49 företag.

374 1601 72 36 Det
488 1604 167 35 återstår
691 1605 144 37 således
863 1610 58 33 ett
949 1610 164 47 uppslag
1141 1611 112 36 äfven
1281 1613 61 36 till
1369 1615 197 48 reglering
1593 1617 42 36 af
1657 1624 183 32 männens

243 1653 233 36 nattarbete.
540 1655 344 50 Framställningar
923 1660 137 36 härom
1100 1663 65 35 vid
1206 1664 46 36 de
1294 1668 58 33 tre
1393 1670 151 33 senaste
1587 1669 253 49 riksdagarna

242 1703 97 36 hade
367 1704 116 47 ingen
511 1706 156 47 påföljd.

370 1757 184 36 Förutom
583 1759 12 34 i
622 1759 160 37 främsta
814 1766 168 33 rummet
1014 1764 156 48 frågans
1198 1770 104 34 stora
1329 1769 87 36 vikt
1444 1770 188 49 föreligga
1651 1775 188 36 särskilda

242 1808 255 47 anledningar
525 1813 60 32 att
613 1823 51 24 nu
693 1815 259 46 återupptaga
982 1816 231 39 densamma.

370 1861 119 46 Ingen
517 1862 102 36 lärer
645 1864 181 47 bestrida,
857 1869 60 33 att
944 1868 49 35 då
1021 1869 12 34 i
1058 1881 47 23 en
1124 1870 130 37 fabrik
1282 1874 237 45 sysselsättas
1538 1877 98 35 både
1655 1884 90 30 män
1765 1880 72 39 och

239 1911 177 47 kvinnor,
460 1914 64 35 det
560 1915 77 35 blir
673 1919 104 33 svårt
805 1920 59 33 att
892 1919 355 40 tillfredsställande
1277 1925 120 36 ordna
1426 1928 161 46 arbetet,
1618 1930 127 37 därest
1772 1933 64 35 be-

238 1963 193 36 träffande
477 1966 238 36 arbetstiden
757 1974 42 30 är
839 1973 59 33 att
939 1971 178 49 iakttaga
1159 1975 106 36 olika
1305 1977 432 51 skyddsbestämningar
1776 1984 60 35 för

239 2014 208 37 hvartdera
488 2017 131 37 könet.
674 2019 74 36 Det
788 2021 134 36 länder
963 2024 192 37 dessutom
1184 2027 218 38 kvinnorna
1430 2031 61 35 till
1519 2031 162 48 förfång,
1713 2035 48 35 då
1790 2037 44 34 de

238 2078 192 24 ensamma
471 2074 66 30 äro
580 2070 206 47 skyddade,
829 2079 92 29 enär
963 2076 109 35 deras
1105 2079 235 36 arbetskraft
1368 2081 75 35 blir
1470 2083 149 36 mindre
1647 2086 186 47 begärlig.

236 2117 131 35 Redan
414 2119 41 34 af
492 2121 126 34 denna
664 2122 208 49 anledning
911 2126 72 34 bör
1023 2128 243 48 regleringen
1309 2132 42 34 af
1386 2139 185 31 männens
1612 2138 221 35 nattarbete

236 2168 155 36 komma
432 2173 40 32 så
514 2175 107 32 snart
663 2173 96 36 efter
795 2175 236 38 kvinnornas
1064 2180 390 50 skyddslagstiftning
1482 2198 79 23 som
1590 2187 164 47 möjligt,
1785 2190 48 35 då

236 2233 51 22 nu
316 2223 132 43 tyvärr
476 2222 97 47 icke,
603 2226 122 34 såsom
754 2228 216 47 vederbort,
992 2230 118 35 saken
1132 2233 157 35 ordnats
1308 2236 201 47 samtidigt
1528 2237 59 36 för
1607 2239 74 35 alla
1702 2253 130 23 vuxna

235 2285 181 34 personer
445 2277 94 33 utan
568 2276 165 36 skillnad
762 2278 60 36 till
850 2279 89 37 kön.

322 2331 127 43 Bihang
473 2334 48 31 till
544 2334 111 33 Riksd.
675 2340 83 37 prot.
791 2339 85 31 1911.
924 2341 20 30 7
968 2341 96 32 Saml.
1115 2343 17 30 1
1157 2344 78 40 Afd.
1284 2347 42 29 32
1350 2346 92 41 Häft.
1490 2350 66 37 (Nr
1579 2351 149 37 34—35)
1773 2353 11 29 1
