1898 2844
357 167 19 33 6
680 167 128 35 Andra
834 169 254 38 lagutskottets
1114 168 188 33 utlåtande
1328 169 53 33 Nr
1405 169 52 32 39.

883 428 360 40 Reservation

356 559 46 21 av
422 549 126 31 herrar
571 549 38 32 P.
631 548 221 37 Sandström,
874 548 208 33 Sandström
1106 548 12 31 i
1141 547 145 38 Nyland
1308 548 65 31 och
1396 548 146 31 Gardell
1562 548 12 30 i
1597 548 105 31 Gans.

356 626 83 32 Som
465 626 131 32 bekant
622 626 105 32 råder
755 626 57 31 för
836 626 226 31 närvarande
1089 627 21 30 å
1137 626 73 31 alla
1235 625 171 32 områden
1430 625 96 32 inom
1554 625 80 32 vårt
1661 625 85 31 land
1773 634 43 22 en

316 679 84 31 svår
425 678 206 31 ekonomisk
657 678 215 37 depression,
897 688 73 21 som
997 678 105 31 hotar
1129 679 53 30 att
1209 678 154 31 förlama
1389 677 81 31 hela
1494 678 84 30 vårt
1604 677 212 35 näringsliv.

316 730 66 32 Att
409 731 112 31 under
548 730 135 32 sådana
712 730 251 31 förhållanden
990 730 67 31 öka
1085 729 300 31 omkostnaderna
1412 729 56 31 för
1495 729 237 36 medgivande
1760 728 57 31 till

319 783 186 36 byggande
529 783 13 30 i
565 784 123 29 vatten
711 782 57 30 för
794 783 156 30 vattnets
973 781 309 37 tillgodogörande
1305 782 118 30 såsom
1445 781 182 31 drivkraft
1651 780 85 31 eller
1760 780 57 32 till

317 833 305 37 vattenreglering
652 834 86 31 eller
767 833 58 32 till
856 833 412 36 torrläggningsföretag
1299 833 123 31 kunna
1454 833 35 31 vi
1520 832 77 31 icke
1627 842 84 22 anse
1742 832 74 31 väl-

317 884 157 34 betänkt.
540 885 47 33 Vi
615 885 98 31 hålla
743 887 158 29 tvärtom
930 885 84 37 före,
1043 886 55 31 att
1128 895 84 21 man
1242 885 57 30 för
1326 884 228 32 närvarande
1584 884 62 31 bör
1676 884 141 35 framgå

315 939 83 31 med
418 939 67 31 den
507 939 93 30 allra
621 939 131 30 största
775 937 240 36 försiktighet,
1039 938 45 31 då
1107 937 58 31 det
1188 936 113 37 gäller
1324 939 54 29 att
1400 937 156 36 pålägga
1579 936 238 36 näringslivet

316 990 112 32 ökade
453 990 162 36 utgifter.
657 989 45 37 Ej
727 989 112 31 heller
864 989 102 31 finna
990 989 36 31 vi
1050 989 158 31 bärande
1229 988 79 32 skäl
1332 988 178 36 föreligga
1533 988 56 31 för
1614 990 64 34 att,
1702 988 115 30 såsom

316 1052 49 21 nu
391 1042 216 36 föreslagits,
631 1040 507 37 vattendomstolsavgifterna
1161 1040 100 31 skola
1286 1041 98 35 utgå,
1407 1043 91 28 även
1522 1050 56 21 om
1604 1040 58 31 det
1686 1039 131 36 arbete,

317 1103 77 22 som
420 1094 253 36 medgivandet
703 1092 57 32 till
790 1093 188 36 byggande
1006 1093 12 30 i
1049 1094 124 29 vatten
1201 1101 114 27 avser,
1344 1092 77 31 icke
1451 1091 113 31 skulle
1594 1091 140 31 komma
1764 1093 53 29 att

318 1146 150 31 utföras.

358 1198 52 30 På
430 1197 116 37 grund
567 1207 45 21 av
634 1197 67 31 vad
720 1196 155 32 sålunda
894 1196 149 36 anförts,
1062 1195 120 31 tillåta
1202 1196 36 31 vi
1258 1205 56 21 oss
1333 1195 148 31 härmed
1501 1194 199 37 hemställa,

759 1302 54 30 att
838 1300 42 31 de
904 1308 125 28 genom
1053 1298 267 38 propositionen
1343 1298 204 36 föreslagna
1571 1298 245 36 ändringarna

718 1352 13 31 i
751 1352 39 30 11
810 1351 152 37 kapitlet
981 1351 38 31 95
1040 1350 18 37 $
1079 1350 233 36 vattenlagen
1332 1350 77 31 icke
1429 1351 113 30 måtte
1562 1360 45 21 av
1626 1349 192 36 riksdagen

718 1403 158 31 bifallas.

540 2493 109 20 821699.
692 2488 177 28 Stockholm,
892 2487 78 26 Isaac
993 2487 114 25 Marcus
1129 2485 377 33 Boktryckeri-Aktiebolag,
1531 2486 75 25 1932.
