2200 2618
425 143 19 28 4
814 138 360 42 Bevillningsutskottets
1196 137 196 32 betänkande
1415 137 53 31 Nr
1489 138 53 31 20.

381 224 54 30 att
478 218 61 36 det
581 217 59 36 för
680 218 318 35 konsumenterna
1039 229 90 23 vore
1171 215 181 36 önskvärt
1394 220 53 30 att
1483 214 140 37 erhålla
1652 213 162 50 tillgång
1842 214 57 35 till
1929 219 49 30 ett

382 270 174 48 billigare
584 269 254 48 importsmör,
869 268 80 36 dels
978 267 96 36 hade
1104 280 47 23 en
1179 274 78 29 stor
1284 266 60 37 del
1374 279 46 22 av
1448 266 61 36 det
1527 266 114 49 ryska
1661 270 138 31 smöret
1817 264 163 49 tidigare

381 322 82 35 haft
503 320 183 36 marknad
714 320 12 35 i
755 319 208 49 Tyskland,
1001 332 85 23 men
1127 318 124 36 kunde
1293 320 49 46 på
1384 317 124 48 grund
1535 331 48 23 av
1611 317 125 49 kriget
1763 322 136 31 väntas
1928 317 52 35 bli

381 372 175 36 hänvisat
583 372 58 36 till
670 371 246 48 Västeuropa,
944 371 123 35 vadan
1095 370 209 36 utsikterna
1332 369 58 36 till
1418 369 253 48 uppkomsten
1699 383 45 22 av
1772 381 45 24 en
1839 369 140 35 svensk

380 423 299 37 transitohandel
708 422 83 37 med
820 427 103 31 smör
950 436 49 22 nu
1029 422 85 48 låge
1141 433 294 36 gynnsammare
1463 424 48 31 än
1539 434 147 23 annars.

510 475 17 35 I
556 475 119 36 likhet
703 474 84 36 med
816 474 46 36 de
890 473 269 36 förutnämnda
1182 478 286 31 reservanterna
1489 472 80 35 från
1590 471 390 48 lantbruksstyrelsen

382 540 115 36 synes
539 526 61 37 det
641 526 195 45 utskottet,
880 532 53 29 att
974 525 59 36 vid
1065 524 252 37 bedömandet
1345 537 47 23 av
1422 523 245 36 förevarande
1695 524 108 48 fråga
1830 523 150 49 hänsyn

381 579 82 36 icke
492 578 68 36 bör
588 578 91 36 eller
706 577 165 37 behöver
899 583 108 42 tagas
1035 576 56 36 till
1120 575 308 37 önskvärdheten
1457 588 46 22 av
1530 580 56 31 att
1613 588 137 34 genom
1774 575 141 48 import
1934 588 47 22 av

380 630 116 36 finskt
524 630 71 36 och
624 629 167 52 sibiriskt
818 633 103 32 smör
948 627 136 38 bereda
1112 628 72 36 den
1211 628 198 36 inhemska
1428 626 293 37 konsumtionen
1740 626 165 48 tillgång
1924 626 58 35 tili

381 682 174 48 billigare
582 694 120 23 varor.
758 683 107 34 Åven
894 681 68 35 här
986 680 104 36 torde
1110 680 71 36 den
1200 678 211 47 inhemska,
1432 678 117 36 under
1568 682 132 44 sträng
1719 677 262 36 statskontroll

382 733 135 36 ställda
545 731 509 50 margarintillverkningens
1081 731 207 49 produkter
1315 744 92 23 vara
1434 735 55 30 att
1518 729 209 47 föredraga.

511 785 74 35 För
626 783 244 47 bedömande,
918 783 185 36 huruvida
1144 783 58 36 för
1242 781 237 37 närvarande
1525 781 184 36 särskilda
1748 780 234 49 betingelser

385 837 185 47 föreligga
611 836 59 35 för
710 835 260 49 uppdrivande
998 848 46 22 av
1072 848 46 22 en
1146 833 277 37 transitotrafik
1450 832 83 37 med
1564 838 102 30 smör
1694 837 87 31 över
1810 831 169 49 Sverige,

382 888 178 35 hänvisar
588 887 184 36 utskottet
799 887 55 36 till
883 887 122 36 nedan
1033 886 148 36 införda
1209 885 125 46 tabell,
1356 886 11 35 i
1386 885 127 35 vilken
1537 884 307 43 sammanställts,
1865 884 116 36 bland

383 945 123 40 annat,
536 939 173 36 siffrorna
737 939 58 36 för
822 939 185 48 importen
1037 951 47 22 av
1112 938 183 47 naturligt
1322 941 102 32 smör
1448 936 118 36 under
1590 935 166 47 oktober,
1778 935 204 36 november

383 991 70 36 och
482 991 199 36 december
713 992 95 34 1913
838 990 71 36 och
938 1003 142 22 samma
1109 988 177 37 månader
1317 990 110 35 1914.

1038 1091 169 33 Naturligt
1226 1091 98 27 smör.

674 1195 310 40 Införselns
1038 1194 294 40 kvantitet
1371 1195 9 25 i
1392 1193 368 41 kilogram
1735 1189 29 50 =

384 1253 3 32 :
523 1256 119 27 oktober
906 1252 150 44 november
1182 1243 2 58 |
1310 1254 148 27 december
1582 1239 3 62 |
1626 1253 299 36 januari-—december

510 1312 80 2 a
778 1318 2 5 |
871 1311 111 12 a
1100 1310 68 2 NNE
1236 1309 108 3 ="
1562 1309 23 15 4)

452 1337 69 24 1913
577 1343 2 25 |
647 1336 67 25 1914
778 1341 3 26 |
848 1336 67 24 1918
980 1325 2 42 |
1049 1335 67 25 1914
1181 1327 2 39 |
1249 1333 67 26 1918
1381 1339 2 26 |
1452 1334 67 24 1914
1583 1332 2 33 |
1652 1333 67 25 19138
1783 1331 2 34 |
1852 1333 70 25 1914

418 1434 138 45 30,493
595 1426 19 58 =
639 1433 111 46 2,087
782 1439 3 41 |
819 1433 135 45 15,939
1050 1432 73 34 385
1171 1426 19 58 |
1214 1431 137 45 24,498
1379 1413 144 53 182
1579 1377 210 98 FN
1821 1431 159 44 84,464
1972 1424 12 58 |

513 1501 58 36 Åv
612 1500 255 37 ovanstående
909 1500 124 36 siffror
1074 1499 177 49 framgår,
1294 1504 55 30 att
1386 1498 123 36 under
1536 1498 92 36 sista
1656 1497 185 36 kvartalet
1871 1511 46 22 av
1946 1501 38 32 år

387 1555 97 35 1914
525 1553 116 48 ingen
682 1552 210 36 nämnvärd
935 1552 240 48 smörimport
1217 1551 53 35 till
1304 1553 83 33 vårt
1414 1550 88 36 land
1530 1555 66 43 ägt
1623 1563 94 22 rum.
1772 1549 116 36 Detta
1915 1549 67 36 har

384 1605 113 36 också
540 1604 224 36 framhållits
800 1604 4 36 i
832 1603 266 37 ovannämnda
1139 1602 176 49 yttrande
1358 1615 47 23 av
1447 1601 206 37 ledamöter
1694 1614 46 22 av
1767 1600 216 37 lantbruks-

384 1656 195 49 styrelsen,
609 1656 103 36 vilka
741 1656 182 46 därjämte
952 1655 137 45 anfört,
1118 1659 66 42 att,
1214 1654 46 36 då
1287 1654 64 36 det
1379 1653 195 36 anmärkta
1607 1652 250 36 förhållandet
1885 1653 98 35 varit

384 1708 195 43 beroende,
610 1707 81 37 icke
718 1710 48 46 på
794 1707 72 36 den
894 1706 226 47 nuvarande,
1145 1706 9 35 i
1168 1706 220 47 jämförelse
1416 1705 85 36 med
1521 1705 46 36 de
1586 1708 147 45 gängse
1752 1704 231 48 smörprisen

384 1760 218 49 obetydliga
645 1759 197 36 tullsatsen
885 1772 46 22 av
973 1757 133 37 endast
1134 1759 48 34 20
1211 1762 62 31 öre
1302 1762 90 31 utan
1420 1759 48 46 på
1494 1755 177 50 politiska
1699 1755 81 36 skäl
1807 1756 72 35 och
1908 1755 75 36 för-

384 1811 157 36 svårade
568 1810 463 50 transportförhållanden,
1060 1809 102 36 vilka
1181 1810 11 34 i
1213 1809 64 36 allt
1306 1808 122 49 högre
1447 1808 95 48 grad
1561 1807 134 49 gjorde
1715 1807 60 48 sig
1793 1807 190 48 gällande,

385 1864 62 36 det
475 1869 132 42 syntes
635 1863 90 48 föga
754 1862 200 48 antagligt,
984 1866 54 31 att
1064 1860 268 49 upphävandet
1361 1873 47 23 av
1437 1859 201 37 omordade
1665 1859 68 36 tull
1757 1859 227 35 härutinnan

386 1915 119 37 skulle
547 1914 129 36 kunna
717 1914 261 36 åstadkomma
1005 1915 128 45 någon
1161 1912 233 48 förändring.
1452 1910 70 37 Om
1551 1910 205 37 emellertid
1785 1910 120 36 tullen
1934 1924 50 22 nu

385 1965 222 50 upphävdes
637 1965 70 37 och
735 1979 48 22 en
812 1965 98 36 ökad
939 1965 140 48 import
1108 1978 46 22 av
1182 1964 115 36 finskt
1321 1963 90 37 eller
1428 1963 106 48 ryskt
1553 1967 101 31 smör
1673 1962 83 36 med
1777 1961 209 49 anledning

385 2018 117 36 härav
528 2018 197 48 verkligen
754 2017 149 36 komme
932 2017 56 35 till
1016 2016 122 46 stånd,
1168 2018 117 34 måste
1313 2028 88 23 man
1430 2014 137 46 befara,
1598 2019 65 42 att,
1692 2017 48 46 på
1776 2018 75 31 sätt
1882 2013 102 37 leda-

386 2075 170 31 möterna
582 2083 47 21 av
657 2068 384 48 lantbruksstyrelsen
1065 2067 144 48 jämväl
1236 2067 176 49 påpekat,
1443 2065 122 37 denna
1593 2066 150 48 import,
1774 2065 118 36 under
1912 2065 72 35 den

385 2126 92 31 nära
505 2121 55 36 till
587 2120 122 36 hands
738 2120 180 49 liggande
947 2119 319 48 förutsättningen
1295 2123 54 31 att
1378 2121 68 33 vår
1472 2122 133 44 export
1625 2130 46 22 av
1690 2122 99 31 smör
1808 2116 55 36 till
1883 2116 101 47 Eng-

384 2173 88 36 land
501 2173 121 36 under
649 2172 149 36 kortare
827 2172 91 36 eller
945 2172 132 47 längre
1105 2170 53 36 tid
1187 2170 107 36 bleve
1323 2169 195 48 avbruten,
1541 2168 115 36 vilket
1680 2172 116 33 måste
1816 2167 169 37 medföra

385 2229 53 32 ett
466 2224 145 49 prisfall
639 2227 21 33 å
689 2223 157 37 svenskt
887 2228 112 41 smör,
1043 2222 119 37 skulle
1191 2222 127 35 kunna
1346 2221 98 36 vålla
1472 2223 82 34 vårt
1578 2220 185 49 jordbruk
1790 2219 196 37 kännbara
