2238 2638
457 209 39 30 10
920 207 250 33 Statsutskottets
1198 207 171 33 Utlåtande
1392 209 60 32 N:o
1476 210 28 29 7.

408 287 90 37 fälle
541 292 56 32 att
637 300 139 35 genom
811 299 97 35 egen
939 286 216 50 åskådning
1184 287 77 36 lära
1292 287 125 36 känna
1447 287 84 36 dem
1562 287 10 36 i
1602 287 110 37 deras
1742 286 265 51 uppträdande

410 339 123 37 under
575 339 155 49 djurens
773 338 118 37 lifstid
921 338 92 37 eller
1041 338 46 37 de
1117 339 167 47 sjukliga
1313 338 280 50 förändringar,
1622 339 145 49 hvarpå
1795 340 45 35 de
1865 351 141 35 genom

410 391 213 37 obduktion
656 390 249 49 igenkändes.
961 390 68 36 Att
1058 390 136 37 sådant
1223 391 127 36 kunde
1380 390 108 49 gifva
1518 391 211 48 anledning
1757 390 55 37 till
1844 391 164 46 misstag

410 443 92 36 eller
530 443 12 35 i
572 443 107 36 bästa
708 442 65 36 fall
802 442 246 36 tveksamhet
1076 442 64 36 vid
1169 442 234 49 diagnosens
1432 442 278 48 fastställande,
1740 456 59 23 om
1829 456 46 22 en
1906 455 102 23 mera

410 495 167 48 sällsynt
605 494 212 37 smittosam
845 493 176 49 sjukdom
1056 494 115 36 bland
1201 494 209 48 husdjuren
1441 494 245 37 händelsevis
1717 495 122 35 skulle
1870 496 139 47 uppstå

410 547 104 36 inom
558 546 140 48 landet,
739 559 90 23 vore
864 545 134 49 gifvet.
1055 546 116 36 Bästa
1200 551 116 31 sättet
1344 552 55 30 att
1428 546 212 50 förebygga
1671 560 47 22 en
1749 547 116 35 sådan
1896 559 113 23 cven-

410 598 154 37 tualitet
606 612 88 23 vore
732 604 56 30 att
815 597 287 37 veterinärerne
1131 598 103 48 finge
1264 597 148 37 tillfälle
1442 603 55 31 att
1526 598 155 37 studera
1711 598 165 36 nämnda
1905 597 103 48 sjuk-

411 651 143 46 domar,
598 650 66 37 der
701 650 45 37 de
784 650 248 47 förekomme,
1059 649 194 37 äfvensom
1281 649 408 50 veterinärvetenskap
1718 650 12 36 i
1760 649 206 37 allmänhet
1997 648 10 36 i

413 702 186 37 utlandet.

539 753 364 49 Veterinärcorpsen
947 752 172 38 saknade
1162 752 214 37 emellertid
1418 748 187 58 tillgång”
1624 753 57 36 till
1710 753 129 37 härför
1869 752 140 48 nödiga

411 805 291 51 pennigemedel
747 805 10 36 i
801 806 94 35 form
938 805 41 36 af
1012 804 310 50 resestipendier,
1354 805 46 36 då
1429 805 66 36 det
1524 806 96 35 enda
1650 805 247 49 stipendium,
1928 818 81 23 som

413 858 139 37 funnes
582 863 54 31 att
665 857 120 48 tillgå,
815 856 187 37 doneradt
1031 857 42 36 af
1097 857 240 36 veterimären
1359 857 152 48 Jakobi,
1533 857 136 37 endast
1684 857 200 37 utdelades
1901 857 107 35 hvart

410 910 122 47 tredje
575 912 55 43 år;
665 909 71 37 och
765 915 133 42 syntes
927 909 64 36 det
1020 908 12 37 i
1062 908 210 49 anledning
1301 909 112 36 häraf
1436 909 229 48 föreningen
1695 908 225 48 önskvärdt,
1950 921 59 23 om

410 965 121 46 något
560 962 134 47 anslag
723 960 57 36 till
810 961 210 48 stipendier
1050 960 125 37 blefve
1204 960 144 49 årligen
1378 966 55 31 att
1453 961 109 48 tillgå
1583 962 57 35 för
1658 960 268 50 legitimerade
1947 973 63 22 ve-

410 1014 203 43 terinärer,
643 1012 103 37 såväl
776 1012 112 37 civile
917 1025 80 23 som
1028 1012 174 38 militäre.

541 1065 72 36 Till
641 1064 95 49 följd
765 1064 41 36 af
829 1064 132 36 remiss
990 1064 97 37 hade
1116 1064 389 49 medicinalstyrelsen
1533 1064 106 37 öfver
1662 1064 122 37 denna
1805 1062 203 38 framställ-

411 1117 97 49 ning
548 1117 181 36 infordrat
770 1116 173 49 yttrande
977 1116 83 36 från
1093 1116 301 48 lärarekollegiet
1423 1116 62 36 vid
1513 1117 384 45 veterinärinstitutet,
1927 1129 81 22 som

411 1169 130 37 dervid
583 1168 214 48 framhållit,
840 1168 178 37 hurusom
1062 1168 62 36 det
1164 1168 58 36 för
1258 1168 294 36 veterimärernes
1587 1168 172 49 allsidiga
1794 1167 216 48 utbildning

410 1235 89 23 vore
542 1221 41 36 af
620 1221 136 48 högsta
798 1220 82 48 vigt
913 1225 52 31 att
994 1220 59 47 de,
1083 1223 41 33 så
1151 1220 107 48 långt
1286 1220 151 49 möjligt
1465 1233 101 35 vore,
1597 1225 116 32 sattes
1742 1220 12 36 i
1780 1219 147 38 tillfälle
1957 1224 53 31 att

410 1287 140 34 genom
576 1272 237 50 jemförande
842 1272 140 36 studier
1000 1272 54 36 uti
1075 1272 114 36 andra
1210 1272 130 36 länder
1358 1272 212 37 fullkomna
1590 1272 80 36 sina
1690 1271 317 49 fackkunskaper.

412 1325 83 36 Den
537 1324 236 49 begränsade
814 1324 253 47 verksamhet,
1109 1324 55 36 till
1205 1324 154 36 hvilken
1399 1324 275 37 vetermärerne
1707 1324 102 37 inom
1842 1323 168 37 landet
1988 1319 26 58 i

410 1376 133 49 regeln
569 1390 89 23 vore
686 1376 218 46 hänvisade,
934 1376 71 36 och
1033 1376 141 36 bristen
1201 1379 49 46 på
1276 1376 146 36 tillfälle
1450 1376 57 36 till
1530 1376 195 49 praktiska
1746 1376 140 36 studier
1905 1375 105 37 öfver

410 1429 189 48 vigtigare
631 1428 428 48 infektionssjukdomar
1091 1428 69 36 hos
1193 1428 207 49 husdjuren
1433 1428 135 48 gjorde
1598 1428 100 36 dettä
1725 1428 57 36 till
1810 1432 52 32 ett
1890 1428 118 36 ound-

411 1481 180 48 gängligt
630 1480 132 48 vilkor,
804 1480 127 36 såvida
978 1480 45 36 de
1054 1479 120 37 skulle
1202 1479 128 37 kunna
1358 1479 99 37 hålla
1487 1480 60 48 sig
1574 1480 12 36 i
1610 1480 200 49 jembredd
1839 1480 85 36 med
1953 1481 58 36 sin

413 1534 12 35 i
451 1533 91 36 rask
570 1532 218 48 utveckling
817 1532 132 36 stadda
976 1532 209 48 vetenskap
1215 1532 70 36 och
1314 1534 56 34 stå
1396 1532 164 47 rustade,
1589 1537 67 31 när
1682 1533 64 36 vid
1773 1532 181 37 utbrottet
1973 1533 35 35 af

412 1584 431 48 infektionssjukdomar
883 1584 107 36 deras
1032 1583 246 49 grundlighet
1319 1584 71 36 och
1430 1584 217 49 kunskaper
1688 1589 115 32 sattes
1836 1588 48 45 på
1911 1585 96 48 prof.

412 1637 73 36 Det
526 1636 163 36 behöfde
730 1636 83 36 icke
854 1636 179 48 påpekas,
1069 1636 94 35 huru
1192 1636 215 48 ödesdigert
1436 1640 53 32 ett
1517 1637 159 48 misstag
1702 1636 55 36 uti
1785 1636 128 49 dylika
1944 1636 65 37 fall

412 1688 127 36 kunde
582 1688 115 36 blifva
738 1688 59 36 för
837 1687 147 37 landets
1018 1685 85 39 hela
1131 1687 415 37 landtbruksekonomi.
1604 1688 48 36 På
1681 1688 123 48 grund
1833 1688 41 36 af
1899 1688 109 37 dessa

413 1740 72 37 och
513 1740 13 35 i
554 1740 115 48 öfrigt
688 1739 157 37 anförda
865 1739 81 37 skäl
967 1739 97 37 hade
1084 1739 301 49 lärarekollegiet
1404 1739 182 49 tillstyrkt
1604 1740 107 36 bifall
1730 1740 56 36 till
1806 1740 202 36 veterinär-

411 1792 374 48 läkareföreningens
814 1791 288 49 framställning.

542 1844 74 36 För
655 1857 97 35 egen
795 1843 60 37 del
895 1843 97 36 hade
1034 1843 386 48 medicinalstyrelsen
1453 1843 53 35 uti
1535 1843 65 36 sitt
1627 1843 72 36 den
1730 1845 45 35 16
1805 1844 206 36 november

416 1897 98 35 1894
557 1895 144 49 afgifna
729 1895 190 37 utlåtande
953 1896 11 35 i
998 1895 154 36 ärendet
1180 1895 135 47 anfört,
1345 1900 54 31 att
1427 1895 195 48 styrelsen,
1651 1895 76 36 lika
1757 1895 85 37 med
1870 1895 137 37 lärare-

412 1947 183 49 kollegiet
634 1947 62 36 vid
736 1947 383 47 veterimärinstitutet,
1161 1947 114 36 funne
1318 1947 61 36 det
1406 1960 88 23 vara
1529 1947 41 36 af
1593 1947 82 49 vigt
1702 1948 59 35 för
1787 1947 139 48 landet,
1957 1953 54 31 att

411 2000 275 36 veterinärerne
727 1999 68 36 här
834 1999 12 36 1
886 1999 96 37 riket
1016 2004 115 31 sattes
1159 1999 12 36 i
1198 1998 146 37 tillfälle
1373 2004 53 31 att
1454 1999 159 37 medelst
1640 1999 206 37 understöd
1875 2000 41 36 af
1941 1999 67 36 all-

413 2055 137 32 männa
581 2051 121 37 medel
730 2051 172 48 företaga
929 2064 105 24 resor
1052 2051 56 36 till
1128 2051 233 36 främmande
1380 2051 131 36 länder
1530 2051 59 36 för
1608 2056 53 31 att
1680 2051 166 37 inhemta
1864 2052 144 35 känne-

414 2103 88 36 dom
545 2117 61 23 om
646 2103 465 49 veterinärvetenskapens
1152 2103 218 48 utveckling
1411 2103 193 37 derstädes
1647 2104 71 36 och
1752 2103 177 37 särskildt
1957 2108 52 30 att

412 2159 95 43 göra
549 2155 61 48 sig
645 2155 192 48 förtrogna
862 2156 91 35 med
981 2155 141 37 sådana
1150 2155 341 47 kreatursfarsoter,
1521 2169 81 23 som
1631 2155 120 36 sällan
1774 2155 235 36 förekomme

413 2206 68 36 här
521 2206 12 36 i
574 2207 138 47 landet,
755 2220 86 24 men
883 2207 140 47 hvilka,
1067 2207 45 36 då
1154 2206 45 37 de
1232 2206 220 50 uppträdde,
1487 2207 124 36 kunde
1639 2207 12 36 i
1679 2207 79 48 hög
1785 2207 95 47 grad
1909 2211 98 31 störa

413 2257 262 38 landtbrukets
704 2259 193 46 ekonomi;
928 2259 70 37 och
1027 2259 97 36 hade
1153 2259 184 48 styrelsen
1365 2258 233 37 fördenskull
1627 2259 177 36 hemstält
1823 2272 60 22 om
1904 2257 106 37 bifall

412 2310 55 36 till
496 2311 561 48 veterinärläkareföreningens
1085 2310 245 37 förevarande
1359 2310 287 49 framställning.
