1936 2808
577 138 109 27 Andra
706 136 223 35 lagutskottets
949 133 163 31 utlåtande
1132 133 48 29 Nr
1200 136 50 27 32.
1624 128 38 30 13

158 225 116 32 raktär
292 224 58 31 och
370 223 30 37 ej
419 222 166 32 meddelas
604 222 12 31 i
636 221 76 31 från
730 220 50 32 tid
800 219 55 32 till
875 231 109 20 annan
1003 217 164 33 växlande
1187 215 267 33 administrativa
1476 213 184 32 förordnin-

158 287 71 27 gar.
270 275 54 32 Då
341 274 102 32 bland
462 273 181 38 förslagets
663 271 314 39 betydelsefullaste
996 268 246 33 bestämmelser
1260 272 57 27 äro
1337 267 48 38 de,
1405 277 68 21 som
1493 265 87 38 angå
1598 267 64 29 rät-

156 333 55 26 ten
233 326 54 33 till
310 323 331 40 arbetsanställning,
666 323 111 31 finner
800 322 54 39 sig
874 321 165 33 utskottet
1061 319 72 33 icke
1154 319 115 32 kunna
1291 316 176 40 tillstyrka
1487 315 101 33 bifall
1609 314 54 33 till

158 378 164 32 motionen
343 377 12 31 i
376 376 106 32 denna
503 375 64 33 del.

203 426 224 33 Beträffande
447 426 123 38 frågan
592 436 50 21 om
666 423 265 33 arbetstillstånd
952 422 60 31 vill
1035 421 161 32 utskottet
1220 419 188 38 framhålla,
1431 421 48 29 att
1502 429 75 20 man
1602 417 62 31 har

160 481 49 28 att
230 477 91 37 välja
343 476 121 32 mellan
487 476 58 31 två
566 474 91 33 olika
678 477 136 35 system.
857 473 120 37 Enligt
1000 472 53 31 det
1076 483 59 19 ena
1157 470 165 33 meddelas
1344 468 152 33 tillstånd
1520 468 52 31 för
1594 467 68 31 viss

160 527 225 38 arbetsgivare
406 528 50 30 att
477 524 142 33 anställa
639 524 83 32 visst
743 524 92 31 antal
857 522 178 32 utländska
1060 521 163 36 arbetare;
1245 520 104 37 enligt
1372 519 53 31 det
1447 518 103 32 andra
1570 512 92 47 gives

160 577 268 33 arbetstillstånd
452 578 34 31 åt
508 577 70 32 viss
600 575 162 33 arbetare.
809 574 172 33 Utskottet
1004 572 173 33 betraktar
1200 572 55 31 det
1278 571 106 32 såsom
1407 582 39 20 en
1470 568 160 38 förtjänst
1654 567 12 32 i

159 629 53 33 det
235 628 166 39 kungliga
424 628 174 39 förslaget,
621 630 50 29 att
696 626 183 32 detsamma
902 624 158 39 upptagit
1083 624 53 32 det
1162 635 113 20 senare
1300 624 168 37 systemet.
1513 620 67 32 För
1603 619 61 32 den

159 681 179 33 utländske
364 681 173 32 arbetaren
565 685 37 26 är
629 679 56 32 det
710 691 43 19 av
778 677 259 38 utomordentlig
1059 676 84 39 vikt,
1171 679 51 29 att
1260 675 64 31 han
1361 673 208 39 personligen
1613 683 47 21 er-

161 729 106 33 håller
293 727 275 34 arbetstillstånd.
616 727 77 32 Han
720 726 145 32 kommer
893 725 189 38 därigenom
1110 724 11 31 i
1149 736 37 19 en
1215 722 223 39 självständig
1465 721 161 37 ställning
1655 720 10 31 i

162 779 210 32 förhållande
392 778 53 33 till
468 778 259 38 arbetsgivaren.
770 776 66 32 Det
859 776 92 31 förra
973 778 156 35 systemet
1153 774 146 31 däremot
1321 772 106 32 skulle
1447 776 81 34 göra
1548 771 117 31 honom

160 829 158 33 beroende
347 841 41 20 av
417 828 258 39 arbetsgivaren.
727 824 96 34 Även
852 826 12 32 i
893 826 98 38 fråga
1020 837 50 20 om
1102 824 201 32 kontrollens
1335 822 203 33 effektivitet
1570 832 96 21 anser

161 880 164 32 utskottet
346 880 53 33 det
422 879 191 39 föreslagna
636 881 158 35 systemet
815 889 82 20 vara
919 876 184 38 överlägset
1126 878 159 35 systemet
1307 874 71 32 med
1404 871 261 34 arbetstillstånd

163 931 35 32 åt
218 930 258 39 arbetsgivaren.

207 981 171 32 Utskottet
402 980 171 32 betraktar
595 980 100 32 alltså
720 978 181 39 förslagets
926 977 205 39 stadganden
1158 977 111 31 därom
1296 980 49 28 att
1371 973 297 34 arbetstillståndet

165 1033 88 33 skall
273 1033 169 32 innefatta
461 1036 47 29 ett
527 1034 33 31 åt
578 1032 219 38 utlänningen
816 1032 127 31 lämnat
963 1030 153 32 tillstånd
1137 1033 49 28 att
1207 1032 125 35 antaga
1353 1027 315 37 arbetsanställning

164 1086 86 28 samt
275 1085 49 28 att
347 1081 90 32 bevis
463 1092 50 20 om
536 1080 188 32 tillståndet
748 1079 87 32 skall
860 1079 134 32 tecknas
1022 1079 19 30 å
1065 1077 234 38 utlänningens
1326 1075 341 39 legitimationshand-

166 1134 72 39 ling
258 1146 82 20 vara
362 1146 42 20 av
427 1134 61 31 den
512 1132 277 39 grundläggande
812 1131 169 39 betydelse
1004 1131 53 31 för
1080 1129 263 39 ifrågavarande
1367 1128 227 39 lagstiftning,
1620 1130 48 29 att

165 1182 171 38 undantag
362 1181 152 32 därifrån
538 1180 30 38 ej
590 1180 59 32 bör
671 1180 181 38 medgivas.

210 1232 18 31 I
253 1232 159 32 samband
437 1231 73 32 med
536 1231 94 32 dessa
654 1230 208 39 stadganden
887 1230 61 32 har
973 1241 75 20 man
1075 1232 48 29 att
1151 1240 32 21 se
1210 1228 215 32 föreskriften
1451 1227 12 31 1
1489 1226 179 38 förslagets

167 1283 18 30 2
214 1281 29 40 8,
268 1286 51 28 att
344 1281 257 33 arbetssökande
626 1281 177 38 utlänning
828 1280 101 32 redan
955 1280 70 32 före
1050 1279 129 32 inresan
1206 1279 49 31 hit
1282 1278 53 32 till
1362 1277 84 32 riket
1472 1277 85 31 skall
1582 1277 87 31 hava

167 1332 190 33 förskaffat
390 1333 53 38 sig
476 1331 275 33 arbetstillstånd.
805 1331 128 39 Ehuru,
967 1331 104 31 såsom
1101 1329 164 33 utskottet
1296 1329 142 38 tidigare
1471 1327 197 37 framhållit,

167 1395 42 20 av
230 1386 67 29 stor
319 1383 179 39 betydelse,
520 1387 37 27 är
578 1382 105 33 denna
704 1382 176 32 föreskrift
902 1381 83 32 dock
1006 1381 70 32 icke
1097 1380 69 32 lika
1190 1379 274 40 grundläggande
1489 1378 52 32 för
1565 1381 104 34 syste-

167 1436 65 30 met
258 1445 67 21 som
353 1434 37 32 de
416 1433 88 32 båda
529 1433 248 32 förutnämnda.
827 1432 68 32 Till
923 1432 120 38 frågan
1071 1431 165 32 huruvida
1266 1430 52 32 för
1346 1428 256 40 tillgodoseende
1629 1439 42 21 av

167 1484 236 38 näringslivets
425 1484 104 31 behov
549 1484 12 31 i
583 1484 90 32 vissa
696 1483 209 32 brådskande
929 1482 63 32 fall
1014 1482 172 37 undantag
1208 1492 114 27 genom
1345 1480 129 38 dispens
1496 1479 66 32 kan
1585 1478 85 32 med-

168 1535 97 39 givas
287 1535 76 32 från
384 1547 45 20 nu
450 1539 110 28 senast
581 1534 138 33 berörda
739 1534 180 32 föreskrift
939 1533 219 32 återkommer
1178 1532 163 32 utskottet
1362 1532 11 31 i
1393 1531 53 32 det
1468 1530 158 38 följande.

213 1584 120 39 Enligt
358 1585 39 31 15
424 1583 18 39 8
466 1596 42 20 av
532 1584 53 33 det
609 1584 140 38 förslag,
774 1595 68 21 som
865 1583 184 32 innefattas
1073 1583 11 31 i
1108 1582 254 38 propositionen,
1387 1580 86 33 skall
1500 1579 171 38 socialsty-

168 1634 116 40 relsen,
308 1635 100 31 innan
434 1634 60 32 den
521 1634 167 32 meddelar
711 1634 108 32 beslut
843 1634 12 31 i
881 1634 119 31 ärende
1025 1632 167 39 angående
1218 1631 270 37 arbetstillstånd,
1513 1631 87 31 hava
1624 1630 47 31 in-

169 1685 129 33 hämtat
319 1685 156 38 yttrande
498 1685 76 31 från
597 1684 238 39 länsstyrelsen
856 1684 13 32 i
889 1684 54 32 det
964 1684 64 38 län,
1054 1683 58 32 där
1134 1683 219 38 utlänningen
1373 1682 114 37 vistas,
1511 1681 88 38 eller,
1621 1692 49 20 om

169 1735 65 32 han
255 1735 152 32 befinner
428 1736 53 38 sig
502 1739 89 28 utom
612 1735 96 39 riket,
731 1747 41 20 av
792 1735 120 32 svensk
933 1734 218 38 beskickning
1173 1733 80 33 eller
1276 1733 127 37 konsul,
1425 1732 113 32 vilken
1560 1736 37 27 är
1620 1731 51 32 be-

168 1786 98 40 hörig
288 1787 150 32 meddela
458 1787 159 38 visering.
661 1786 115 39 Syftet
796 1787 73 32 med
890 1786 106 32 denna
1016 1786 229 32 bestämmelse
1267 1790 46 34 är,
1336 1788 49 28 att
1407 1783 267 38 socialstyrelsen

170 1837 73 33 före
268 1838 153 32 ärendets
448 1837 189 39 avgörande
665 1837 88 33 skall
779 1842 65 34 äga
867 1837 195 40 kännedom,
1088 1836 166 32 huruvida
1280 1836 73 32 med
1378 1835 129 38 hänsyn
1532 1834 53 32 till
1613 1834 61 32 den

173 1887 275 33 arbetssökandes
479 1888 189 38 personliga
701 1887 232 33 förhållanden
966 1886 122 33 sådana
1122 1886 279 38 omständigheter
1431 1885 112 31 kunna
1576 1895 94 21 anses

170 1938 176 39 föreligga,
370 1942 49 28 att
441 1938 263 32 arbetstillstånd
724 1938 29 38 ej
774 1938 60 32 bör
853 1938 176 32 meddelas.
1072 1937 266 38 Ifrågavarande
1360 1935 224 33 bestämmelse
1607 1935 66 31 kan

171 1989 185 32 emellertid
376 1992 121 36 utgöra
517 1989 117 32 hinder
653 1989 54 32 för
726 1993 47 29 ett
795 1989 119 32 snabbt
934 1989 187 38 avgörande
1142 1989 12 31 i
1174 1988 91 32 vissa
1285 1987 207 33 brådskande
1513 1986 73 39 fall,
1607 1998 68 20 som

171 2039 272 39 oundgängligen
464 2039 107 33 kräva
591 2044 48 28 ett
660 2039 203 32 omedelbart
886 2039 119 32 beslut.
1052 2038 146 33 Särskilt
1221 2039 53 31 för
1296 2039 60 31 den
1378 2038 165 38 händelse,
1566 2041 51 28 att
1637 2049 39 19 en

172 2088 226 39 arbetsgivare
424 2094 61 33 gör
511 2089 252 38 framställning
790 2101 50 20 om
869 2088 263 32 arbetstillstånd
1162 2088 53 31 för
1241 2089 69 30 viss
1338 2087 157 37 arbetare,
1525 2099 67 19 som
1624 2086 51 32 be-

172 2139 110 32 finner
305 2139 53 39 sig
380 2142 89 29 utom
495 2139 96 40 riket,
615 2139 66 32 kan
705 2139 261 38 ifrågavarande
991 2138 238 39 obligatoriska
1254 2137 310 33 remissförfarande
1589 2136 86 32 med-

173 2190 76 31 föra
275 2190 208 39 svårigheter
510 2193 49 29 att
586 2190 175 38 tillgodose
789 2189 129 39 hastigt
945 2188 239 39 påkommande
1214 2188 80 32 fullt
1323 2188 146 39 legitima
1500 2187 101 33 behov
1635 2199 40 19 av

173 2239 159 33 utländsk
356 2240 217 32 arbetskraft.
619 2240 66 32 För
708 2240 212 33 undvikande
944 2252 41 20 av
1012 2239 117 38 dylika
1152 2239 209 39 olägenheter
1385 2238 139 32 föreslår
1548 2237 127 33 utskot-

174 2293 57 35 tet,
249 2293 50 29 att
317 2290 217 32 föreskriften
552 2291 12 31 i
584 2291 38 31 15
644 2290 18 39 8
683 2290 112 32 därom
814 2294 49 29 att
881 2291 12 31 i
915 2290 117 32 ärende
1052 2290 168 38 angående
1239 2289 261 32 arbetstillstånd
1521 2288 155 38 yttrande

174 2340 87 32 skall
284 2340 86 32 hava
394 2341 146 38 avgivits
563 2352 42 20 av
628 2340 226 39 länsstyrelse,
879 2340 218 38 beskickning
1120 2340 79 32 eller
1222 2338 351 40 viseringsberättigad
1598 2338 78 32 kon-

175 2392 52 32 sul
251 2393 112 38 utgår.
409 2392 73 33 När
505 2392 164 33 utskottet
693 2392 209 32 framställer
926 2392 91 32 detta
1041 2391 140 39 förslag,
1207 2392 198 31 förutsätter
1428 2390 174 39 utskottet,
1626 2393 51 28 att

174 2443 270 39 socialstyrelsen
458 2444 149 32 kommer
623 2447 50 29 att
688 2444 12 31 i
716 2444 270 32 förekommande
1003 2443 63 32 fall
1082 2443 149 32 inhämta
1247 2443 174 38 yttranden
1440 2443 77 31 från
1534 2441 141 33 nämnda
