1880 2826
102 1661 131 26 Utskottet.

278 159 17 29 6
677 162 378 31 Jordbruksutskottets
1077 161 177 31 utlåtande
1276 162 48 29 Nr
1350 162 27 29 1.

281 247 109 30 skulle
413 246 53 31 för
487 246 94 37 varje
604 246 128 31 månad
753 247 141 29 komma
916 249 48 28 att
985 249 174 27 motsvara
1182 245 192 31 skillnaden
1396 245 126 30 mellan
1546 245 20 30 å
1586 254 65 21 ena
1674 244 109 36 sidan,

281 298 40 30 de
344 298 108 30 under
475 297 172 31 månaden
672 297 148 31 influtna
843 296 330 31 totalisatormedlen
1196 297 76 35 och,
1295 296 20 30 å
1339 295 108 31 andra
1472 295 111 36 sidan,
1607 305 43 21 en
1672 294 110 32 tolfte-

281 348 53 31 del
358 357 41 21 av
423 348 228 31 förenämnda
677 347 53 32 för
754 347 171 31 särskilda
952 347 163 30 ändamål
1141 346 163 31 anvisade
1330 346 274 36 anslagsbelopp.

325 398 53 31 En
400 398 181 37 jämkning
607 408 41 21 av
670 408 47 20 nu
741 398 157 36 gällande
921 399 107 35 regler
1053 397 53 31 för
1130 398 65 30 den
1219 396 286 37 budgettekniska
1529 396 255 36 behandlingen

280 458 42 21 av
347 448 329 32 totalisatormedlen
699 449 10 30 i
734 448 198 37 anslutning
956 448 51 30 till
1032 449 66 29 vad
1124 447 243 31 statskontoret
1388 448 67 29 och
1480 446 302 36 riksräkenskaps-

281 500 117 30 verket
428 499 263 37 ursprungligen
726 498 174 37 föreslagit
933 498 109 30 skulle
1075 497 129 31 således
1238 497 157 31 medföra
1426 497 188 30 avsevärda
1646 495 136 32 förenk-

281 550 109 36 lingar
420 550 11 30 i
462 550 96 36 fråga
590 559 57 21 om
680 549 273 37 redovisningen,
986 548 174 37 samtidigt
1193 557 74 22 som
1298 548 98 30 dessa
1428 547 110 31 medel
1569 546 215 31 fortfarande

281 600 109 30 skulle
410 600 140 31 komma
570 603 49 27 att
640 609 189 22 reserveras
850 600 54 30 för
925 600 41 30 de
986 598 174 37 ändamål,
1182 608 73 21 som
1276 598 120 31 hittills
1417 598 225 36 tillgodosetts
1665 596 20 31 å
1703 596 79 31 ifrå-

280 651 194 36 gavarande
497 650 265 37 specialbudget.
809 649 121 38 Någon
949 650 127 30 tvekan
1099 659 99 27 synes
1221 648 118 31 därför
1362 649 173 35 knappast
1558 648 120 30 kunna
1699 646 85 32 råda

281 700 176 38 angående
480 701 279 31 önskvärdheten
783 701 66 31 och
874 700 245 37 lämpligheten
1146 710 42 20 av
1213 702 48 28 att
1287 708 42 22 en
1354 698 220 37 omläggning
1600 698 10 30 i
1635 697 150 37 enlighet

281 751 79 31 med
383 752 278 30 ämbetsverkens
687 751 147 37 angivna
861 750 128 37 förslag
1013 760 48 21 nu
1086 751 156 29 kommer
1265 750 52 30 till
1341 748 110 31 stånd.

325 801 65 31 Vid
413 801 282 37 omläggningens
721 800 270 38 genomförande
1017 802 72 35 bör,
1115 801 11 30 i
1151 801 197 36 anslutning
1370 801 51 30 till
1445 801 65 30 vad
1537 800 11 31 i
1573 801 55 30 det
1653 800 129 37 föregå-

281 852 86 30 ende
390 852 142 36 anförts,
559 852 111 31 under
693 852 126 31 nionde
845 851 217 31 huvudtiteln
1087 851 166 37 uppföras
1279 854 45 28 ett
1349 854 75 34 nytt
1448 852 130 35 anslag,
1603 851 182 30 betecknat

284 902 219 37 >Avsättning
524 902 52 31 till
596 902 301 31 stuteriväsendets
918 902 115 37 fond»,
1054 902 80 30 med
1153 905 102 27 natur
1276 912 41 20 av
1340 901 277 37 förslagsanslag.
1662 902 13 29 I
1695 910 88 22 sam-

281 952 93 31 band
399 953 144 30 härmed
568 953 98 30 torde
691 952 217 31 beträffande
932 953 202 30 nuvarande
1158 952 152 37 anslaget
1336 952 50 30 till
1411 951 197 31 hästavelns
1635 951 149 31 befräm-

277 1002 104 37 jande
411 1003 84 31 böra
519 1003 157 37 vidtagas
700 1003 66 30 den
792 1003 201 36 ändringen,
1018 1005 50 28 att
1094 1003 111 30 under
1231 1002 92 30 detta
1348 1002 120 37 anslag
1493 1002 146 30 allenast
1663 1004 123 35 uppta-

280 1062 60 28 gas
359 1054 134 36 belopp,
515 1054 243 31 motsvarande
779 1054 42 30 de
843 1054 197 31 beräknade
1062 1053 185 37 utgifterna
1269 1053 53 31 för
1343 1052 297 37 hästpremiering,
1661 1052 122 31 under-

280 1105 76 30 stöd
380 1104 51 30 till
455 1104 373 37 hästavelsföreningar
852 1105 65 30 och
942 1103 293 37 stamboksföring
1260 1106 89 28 samt
1371 1103 273 31 demonstration
1665 1102 12 31 i
1702 1103 81 30 hov-

281 1154 84 31 vård
393 1155 65 30 och
486 1155 197 36 hovbeslag.
736 1155 162 36 Anslaget
926 1164 99 28 synes
1055 1155 84 30 böra
1167 1154 130 31 erhålla
1327 1154 209 30 karaktären
1564 1163 42 21 av
1634 1162 149 21 reserva-

280 1205 221 37 tionsanslag.
550 1205 51 31 De
626 1205 149 37 utgifter,
803 1215 76 21 som
907 1214 96 22 avses
1029 1207 80 29 med
1137 1206 41 30 de
1205 1204 50 31 till
1284 1205 123 35 Kungl.
1435 1203 119 38 Maj:ts
1581 1203 204 37 förfogande

282 1255 123 31 ställda
433 1256 136 31 medlen
600 1255 53 32 för
682 1256 267 36 tillgodoseende
977 1265 41 20 av
1049 1255 132 31 diverse
1210 1253 174 38 ändamål,
1415 1255 132 36 ägnade
1579 1256 48 29 att
1658 1254 126 37 främja

281 1306 189 36 hästaveln,
495 1307 99 30 torde
621 1305 214 31 fortfarande
863 1305 137 31 avföras
1027 1305 19 31 å
1073 1305 300 31 stuteriväsendets
1401 1304 94 31 fond.
1548 1305 13 29 I
1589 1304 110 37 övrigt
1724 1303 59 38 på-

281 1356 110 31 kallar
416 1356 265 37 omläggningen
707 1356 101 37 ingen
836 1365 118 21 annan
980 1356 147 36 ändring
1154 1356 78 30 med
1258 1355 167 30 avseende
1451 1355 21 30 å
1498 1355 203 30 nuvarande
1725 1364 58 20 an-

281 1407 327 36 slagsuppställning
632 1408 45 29 än
701 1407 66 31 den
792 1416 75 21 som
894 1405 101 38 följer
1018 1406 117 36 därav,
1161 1408 48 28 att
1232 1405 55 31 det
1311 1405 85 30 efter
1421 1404 266 38 omläggningen
1709 1404 75 31 icke

280 1457 217 31 beträffande
521 1457 104 37 något
650 1466 42 22 av
719 1457 41 31 de
784 1457 10 30 i
821 1456 300 37 specialbudgeten
1144 1455 168 37 ingående
1337 1455 163 37 anslagen
1524 1455 67 31 blir
1616 1455 167 31 erforder-

281 1507 60 37 ligt
364 1510 50 28 att
439 1507 20 31 å
483 1507 185 32 riksstaten
693 1507 133 37 angiva,
853 1510 49 27 att
927 1506 323 37 ifrågakommande
1277 1505 138 37 utgifter
1441 1506 97 31 skola
1562 1505 82 37 utgå
1668 1514 41 22 av
1736 1508 43 28 to-

278 1558 296 31 talisatormedel.»

324 1658 64 31 Det
416 1668 41 21 av
484 1658 379 37 departementschefen
891 1658 184 31 förordade
1104 1657 162 37 förslaget
1292 1657 50 31 till
1369 1657 221 37 omläggning
1617 1666 42 21 av
1687 1656 95 31 redo-

279 1709 178 37 visningen
476 1718 42 22 av
537 1708 348 32 totalisatormedlens
905 1708 256 37 specialbudget
1182 1708 112 30 finner
1313 1708 164 30 utskottet
1497 1706 286 38 ändamålsenligt

277 1760 67 31 och
367 1759 186 38 tillstyrker
577 1759 102 31 alltså
701 1760 75 30 dess
800 1758 280 37 genomförande.

323 1810 221 31 Beträffande
570 1810 278 31 medelsbehovet
874 1810 109 30 under
1007 1810 366 36 lantbruksstyrelsens
1401 1809 300 37 avlöningsanslag
1730 1808 53 31 för

279 1862 100 30 nästa
406 1861 165 37 budgetår
601 1861 58 30 vill
687 1862 164 29 utskottet
878 1861 123 35 erinra,
1030 1863 49 27 att
1108 1860 184 37 riksdagen
1317 1860 47 36 på
1391 1861 267 29 statsutskottets
1688 1860 94 29 hem-

279 1912 124 30 ställan
430 1911 70 39 (utl.
518 1922 41 20 nr
581 1911 53 39 21)
657 1913 123 29 uttalat
803 1912 53 30 sin
880 1911 199 37 anslutning
1101 1911 51 31 till
1177 1910 122 37 Kungl.
1322 1910 118 38 Maj:ts
1463 1910 140 38 förslag,
1626 1913 49 28 att
1696 1910 90 31 vissa

280 1963 81 30 verk
380 1963 65 30 och
464 1962 249 37 myndigheter,
733 1962 183 31 däribland
935 1961 360 37 lantbruksstyrelsen,
1315 1961 78 31 från
1414 1962 64 30 och
1499 1963 79 29 med
1598 1962 65 30 den
1671 1956 21 47 1
1719 1960 64 38 juli

283 2013 80 30 1937
398 2013 10 30 i
438 2013 412 36 räkenskapshänseende
882 2013 109 30 skulle
1022 2012 131 31 erhålla
1184 2012 161 36 ställning
1377 2011 113 31 såsom
1521 2011 260 32 huvudförvalt-

279 2062 123 38 ningar
425 2065 77 29 med
526 2064 68 29 rätt
618 2066 49 27 att
691 2063 105 31 anlita
820 2063 219 31 statsverkets
1064 2063 256 36 checkräkning
1346 2063 9 29 i
1378 2062 221 31 riksbanken.
1646 2062 137 30 Varken

280 2114 41 31 de
340 2114 79 31 med
437 2113 284 38 genomförandet
742 2124 41 21 av
802 2113 446 37 organisationsändringen
1268 2113 197 31 förbundna
1485 2114 234 30 kostnaderna
1738 2113 43 31 el-

279 2164 49 31 ler
348 2165 197 31 äskandena
567 2165 11 30 i
600 2165 111 36 övrigt
730 2165 89 30 hava
841 2164 84 37 givit
943 2165 164 30 utskottet
1128 2164 184 36 anledning
1333 2164 50 30 till
1403 2164 146 30 erinran.

324 2215 116 31 Under
463 2215 220 36 åberopande
707 2224 41 21 av
775 2216 55 30 det
855 2214 146 32 anförda
1026 2215 198 30 hemställer
1250 2215 173 32 utskottet,
