2232 2618
696 190 252 33 Statsutskottets
970 193 166 32 memorial
1158 194 53 31 Nr
1234 196 55 31 24.
1809 201 17 30 7

330 277 54 32 att
420 274 196 49 löntagare
654 275 57 37 för
740 277 221 48 åtnjutande
991 292 46 23 av
1065 279 310 52 löneförhöjning
1402 296 138 35 genom
1568 284 260 51 ålderstillägg

226 324 69 36 bör
327 325 299 48 tillgodoräknas
657 328 71 36 den
756 329 66 47 tid,
851 343 78 22 som
961 331 79 36 före
1068 332 73 36 den
1170 346 74 34 nya
1273 334 345 48 avlöningsstatens
1647 338 179 35 trädande

225 376 13 35 i
274 376 103 36 kraft
415 377 157 36 förflutit
609 379 84 36 från
726 380 94 36 hans
849 381 163 37 tillträde
1040 383 56 36 till
1125 384 264 49 befattningen
1418 387 88 35 eller
1535 401 122 22 annan
1686 402 140 23 samma

224 428 183 48 lönegrad
448 429 224 37 tillhörande
714 431 217 50 befattning
957 434 11 35 i
998 435 394 50 medicinalstyrelsen,
1421 451 89 22 vare
1539 439 60 48 sig
1626 442 48 46 på
1701 441 123 48 grund

225 492 46 23 av
312 479 175 37 fullmakt
524 482 92 35 eller
653 483 280 37 konstitutorial
971 486 90 36 eller
1093 490 48 45 på
1177 488 124 48 grund
1338 502 46 23 av
1413 489 252 38 förordnande
1692 492 11 35 i
1732 493 92 48 följd

225 544 47 23 av
301 531 135 48 frågan
464 545 59 23 om
554 534 403 50 medicinalstyrelsens
987 540 337 47 omorganisation;

329 588 54 30 att
411 583 117 37 likväl
556 585 207 49 löntagare,
794 600 92 34 som,
916 588 47 36 då
990 589 75 36 han
1093 590 163 49 intjänat
1280 592 161 48 stadgad
1461 593 50 35 tid
1535 594 57 35 för
1611 595 213 36 erhållande

223 646 46 23 av
304 634 320 51 löneförhöjning,
653 637 117 37 redan
802 642 162 47 uppnått
993 641 72 36 den
1093 642 167 37 levnads-
1290 644 69 35 och
1388 644 231 49 tjänstålder,
1649 659 79 23 som
1758 647 63 36 be-

221 686 161 48 rättigar
409 687 140 37 honom
577 689 56 36 till
662 690 170 49 pension,
863 692 81 36 icke
972 696 60 33 må
1061 693 167 38 tillträda
1256 708 141 24 samma
1426 697 236 49 förhöjning;

327 744 53 31 att
408 745 179 32 semester
615 742 145 48 årligen
788 746 70 44 må,
888 749 68 31 när
983 745 134 37 sådant
1144 752 91 31 utan
1263 748 132 36 hinder
1423 749 58 36 för
1504 751 236 47 göromålens
1761 751 61 36 be-

221 790 135 48 höriga
397 794 105 47 gång
542 793 76 36 kan
659 794 78 48 ske,
776 796 165 48 åtnjutas
971 810 46 22 av
1045 799 379 48 generaldirektören,
1455 801 269 48 byråcheferna
1752 804 66 35 och

221 842 306 47 tjänstemännen
565 857 47 24 av
650 846 115 36 andra
797 847 229 49 lönegraden
1054 850 120 37 under
1201 864 46 23 en
1277 852 68 36 och
1374 866 45 22 en
1448 853 88 36 halv
1564 855 134 35 månad
1727 861 94 30 samt

223 906 47 23 av
311 894 305 48 tjänstemännen
659 911 46 22 av
742 898 116 46 första
894 901 230 48 lönegraden
1161 903 120 36 under
1318 917 44 23 en
1400 905 136 36 månad
1566 911 176 31 ävensom
1776 921 45 21 av

222 945 116 37 förste
367 947 284 38 vaktmästaren
680 949 70 37 och
779 950 45 37 de
852 952 132 48 övriga
1012 953 283 38 vaktmästarna
1322 956 118 36 under
1467 957 143 36 femton
1640 954 127 57 dagar;

325 1003 54 31 att
420 1000 241 49 tjänsteman,
705 1014 81 23 som
828 1002 68 37 har
938 1004 59 49 sig
1038 1006 223 37 anförtrodd
1289 1008 173 49 uppbörd
1492 1009 90 36 eller
1609 1010 159 36 kontroll
1801 1014 19 32 å

219 1049 186 49 uppbörd,
436 1056 41 31 är
503 1052 142 49 pliktig
673 1058 54 31 att
756 1057 20 33 å
804 1054 53 36 tid
887 1068 46 24 av
961 1059 90 45 året,
1082 1071 80 23 som
1192 1072 46 23 av
1266 1060 372 47 generaldirektören
1657 1062 163 36 bestäm-

219 1114 89 35 mes,
339 1102 176 49 begagna
543 1104 61 48 sig
632 1118 46 23 av
706 1112 196 40 semester;

321 1159 55 31 att
412 1155 64 35 vid
514 1159 155 46 avgång
697 1157 83 36 från
808 1159 165 48 tjänsten
1002 1160 57 36 till
1092 1161 94 49 följd
1220 1175 46 23 av
1299 1163 337 50 avskedstagande,
1666 1167 153 35 entledi-

218 1205 125 47 gande
385 1206 88 37 eller
510 1207 164 38 dödsfall
704 1209 120 49 själva
852 1211 113 36 lönen
994 1216 177 33 ävensom
1202 1215 256 49 ortstillägget
1487 1219 93 46 utgå
1608 1218 53 35 till
1691 1221 128 33 måna-

220 1257 91 36 dens
340 1258 91 46 slut;

324 1315 53 31 att
414 1312 334 48 generaldirektör,
790 1314 126 37 vilken
954 1315 115 37 minst
1113 1319 46 34 12
1197 1320 40 33 år
1263 1318 170 37 innehaft
1462 1321 355 47 generaldirektörs-

219 1361 266 49 förordnande,
528 1363 93 37 skall
664 1378 89 23 vara
794 1365 214 50 berättigad
1051 1373 54 31 att
1137 1372 20 32 å
1186 1370 187 37 allmänna
1401 1372 376 49 indragningsstaten
1807 1375 9 34 i

216 1413 159 48 pension
403 1415 171 48 uppbära
608 1417 112 46 6,000
749 1417 155 46 kronor;

320 1470 65 41 att,
428 1479 61 23 om
531 1468 332 49 generaldirektör,
905 1470 115 36 innan
1057 1471 75 36 han
1169 1476 161 45 uppnått
1361 1476 45 34 12
1435 1475 171 48 tjänstår,
1635 1477 181 48 antingen

216 1518 48 46 på
292 1517 124 47 grund
446 1531 46 23 av
521 1519 174 48 sjukdom
725 1521 120 36 finnes
874 1522 56 36 till
958 1523 175 48 nöjaktig
1161 1525 128 36 vidare
1317 1525 259 50 tjänstgöring
1595 1529 220 47 oförmögen

214 1568 89 35 eller
344 1569 69 36 ock
444 1575 92 30 utan
564 1584 96 35 egen
690 1572 167 49 begäran
885 1574 147 48 nödgas
1062 1579 98 44 avgå
1188 1576 85 36 från
1302 1578 57 35 sin
1388 1578 226 50 befattning,
1644 1586 89 30 utan
1763 1587 53 29 att

214 1621 47 47 på
294 1620 124 48 grund
448 1635 45 23 av
523 1622 192 49 tjänstefel
744 1625 96 36 hava
869 1625 192 37 förverkat
1090 1627 230 49 densamma,
1350 1629 73 37 han
1453 1630 93 37 skall
1575 1645 90 23 vara
1692 1633 123 36 berät-

213 1671 106 49 tigad
362 1678 65 43 att,
465 1674 179 37 likaledes
679 1679 20 32 å
737 1677 188 37 allmänna
965 1678 390 51 indragningsstaten,
1397 1682 11 35 i
1449 1684 158 48 pension
1648 1685 167 48 uppbära

213 1724 113 46 5,000
370 1725 150 49 kronor,
555 1727 46 36 då
644 1731 201 46 avgången
883 1730 86 36 sker
1007 1731 78 36 före
1113 1732 90 36 eller
1230 1733 63 36 vid
1324 1735 19 34 6
1374 1735 173 48 tjänstår,
1577 1743 96 29 samt
1702 1738 112 46 5,500

213 1775 152 47 kronor,
396 1777 46 37 då
471 1781 202 47 avgången
707 1780 85 37 sker
823 1782 94 36 efter
951 1784 33 46 6,
1020 1796 85 23 men
1139 1784 80 37 före
1255 1787 44 34 12
1330 1786 174 49 tjänstår;

318 1834 54 31 att
405 1832 123 34 såsom
570 1832 302 49 pensionsavgift
905 1835 94 35 skall
1029 1836 186 49 avdragas
1248 1843 52 30 ett
1333 1838 136 50 belopp
1500 1853 45 22 av
1574 1842 73 34 360
1675 1841 139 35 kronor

211 1880 145 47 årligen
401 1884 20 33 å
458 1882 62 36 det
549 1883 59 35 för
643 1885 369 47 generaldirektören
1041 1887 193 37 bestämda
1262 1890 155 36 arvodet
1446 1891 89 36 eller
1563 1891 71 36 den
1663 1893 149 47 honom,

212 1931 96 36 intill
338 1932 86 37 dess
452 1933 74 36 han
555 1939 161 45 uppnått
746 1938 44 34 67
823 1939 50 46 år,
902 1938 283 38 tillkommande
1214 1941 173 48 pension;

316 1989 54 31 att
402 1985 235 38 beträffande
670 1988 132 49 övriga
830 1990 349 48 tjänstinnehavare
1207 1992 93 37 skall
1328 1994 11 35 i
1369 1994 108 48 fråga
1506 2008 59 22 om
1595 1995 217 49 skyldighet

212 2039 54 30 att
295 2036 83 35 från
408 2037 164 48 tjänsten
604 2042 97 45 avgå
730 2045 177 32 ävensom
935 2042 12 35 i
976 2042 107 49 fråga
1112 2057 60 22 om
1200 2049 76 31 rätt
1304 2045 55 35 till
1387 2046 158 48 pension
1574 2048 100 46 gälla
1702 2049 69 34 vad
1801 2049 10 35 i

211 2087 160 36 särskild
413 2089 65 48 lag
514 2091 196 47 angående
752 2093 108 36 civila
900 2093 368 49 tjänstinnehavares
1305 2102 74 31 rätt
1407 2098 55 35 till
1492 2100 153 47 pension
1677 2104 40 31 är
1748 2101 61 34 vid

210 2138 103 36 tiden
357 2140 58 36 för
457 2141 71 36 den
571 2156 74 36 nya
687 2144 231 37 lönestatens
959 2146 302 38 ikraftträdande
1289 2149 99 47 eller,
1419 2151 114 35 såvitt
1561 2154 120 46 angår
1708 2152 103 36 inne-

210 2190 139 37 havare
391 2205 46 23 av
475 2193 228 50 befattning,
737 2209 81 23 som
853 2198 164 36 därefter
1049 2199 198 48 tillträdes,
1277 2201 61 35 vid
1372 2202 180 36 tillträdet
1585 2204 56 35 till
1674 2204 136 36 befatt-

207 2242 141 49 ningen
379 2244 168 50 stadgat;
573 2252 98 31 samt
