2194 2630
648 143 359 42 Bevillningsutskottets
1030 144 195 31 betänkande
1250 145 50 30 Nr
1326 146 49 30 11.
1730 147 37 30 15

345 321 268 43 Förordningen
638 323 66 32 den
728 324 21 31 9
766 324 84 41 juni
876 323 83 33 1905
982 325 184 39 angående
1190 324 220 42 försäljning
1433 335 40 23 av
1497 326 190 33 brännvin.

957 421 46 35 35
1032 419 31 49 &.

342 558 34 33 2.
432 555 140 37 Finnes
601 555 64 36 vid
692 556 86 48 krig
807 556 89 36 eller
923 556 215 36 omedelbar
1165 556 190 48 krigsfara
1383 556 88 36 eller
1495 556 46 36 då
1562 555 250 39 arbetslöshet

213 608 87 36 eller
341 608 73 36 nöd
443 607 12 36 i
483 611 120 32 större
644 607 233 49 omfattning
917 611 40 32 är
997 607 166 37 rådande
1197 606 134 49 nödigt
1360 612 65 42 att,
1455 620 47 23 av
1531 619 125 24 annan
1684 608 127 36 anled-

213 660 94 48 ning
348 663 47 32 än
424 660 11 35 i
477 661 8 33 I
530 671 113 23 mom.
674 663 102 44 sägs,
804 671 89 24 vare
922 658 61 48 sig
1012 659 57 36 för
1096 658 129 37 landet
1252 658 11 36 i
1292 659 57 36 sin
1378 658 128 37 helhet
1533 659 89 36 eller
1650 659 57 37 för
1736 659 75 37 viss

212 711 59 36 del
300 711 113 36 därav
441 709 172 37 meddela
641 709 133 37 förbud
803 716 79 30 mot
909 710 229 37 bedrivande
1167 723 48 23 av
1243 709 254 48 detaljhandel
1517 710 86 37 med
1624 710 187 37 brännvin

212 763 88 36 eller
341 767 56 31 att
437 761 209 37 föreskriva
688 761 322 49 ingkränkningar
1047 761 12 36 1
1095 762 117 36 sådan
1254 761 147 47 handel,
1444 761 128 37 därom
1616 762 196 37 förordnar

212 814 142 48 Kungl.
385 814 117 47 Maj:t.

342 868 33 34 3.
431 865 250 38 Förekomma
705 887 47 3 —
772 886 50 5 —
851 887 47 4 —
918 886 50 5 —
987 864 90 49 (lika
1104 864 163 50 lydande
1296 864 83 36 med
1409 865 202 36 utskottets
1640 865 169 49 förslag).

322 1123 275 41 Förordningen
617 1122 69 34 den
708 1123 22 31 9
748 1122 81 43 juni
854 1122 84 32 1905
962 1122 181 41 angående
1166 1120 225 45 försäljning
1414 1132 42 23 av
1480 1124 60 32 vin
1564 1123 68 33 och
1655 1123 47 34 öl.

960 1221 44 34 31
1035 1218 32 49 8.

345 1308 31 34 ll
450 1304 166 53 ———
682 1327 180 5 SA
993 1326 180 5 SA
1308 1326 192 4 Sr
1699 1326 110 5 rn

341 1360 34 34 2.
430 1357 140 37 Finnes
599 1357 63 36 vid
690 1356 89 50 krig
806 1357 89 37 eller
922 1356 215 37 omedelbar
1164 1356 190 49 krigsfara
1379 1356 160 48 eller
1493 1352 44 58 då
1559 1356 252 38 arbetslöshet

212 1410 89 36 eller
328 1409 76 37 nöd
432 1409 12 36 i
472 1414 119 31 större
619 1408 232 49 omfattning
878 1413 41 31 är
946 1407 165 37 rådande
1139 1407 136 49 nödigt
1304 1413 66 42 att,
1391 1421 46 23 av
1456 1421 126 23 annan
1603 1408 207 50 anledning

212 1466 47 31 än
287 1462 12 36 i
342 1464 6 33 1
392 1474 112 23 mom.
547 1465 102 44 sägs,
691 1473 90 24 vare
822 1460 61 49 sig
917 1460 59 36 för
1003 1459 129 37 landet
1159 1460 12 35 i
1200 1460 58 36 sin
1286 1459 126 37 helhet
1440 1459 91 37 eller
1561 1459 58 37 för
1646 1460 77 36 viss
1751 1460 60 37 del

212 1513 115 36 därav
368 1513 171 36 meddela
581 1512 134 37 förbud
756 1518 81 31 mot
876 1511 231 37 bedrivande
1149 1525 47 22 av
1232 1511 229 50 försäljning
1489 1525 47 22 av
1563 1511 65 37 vin
1657 1512 89 37 eller
1774 1513 35 35 öl

213 1565 90 36 eller
331 1570 55 31 att
418 1564 210 37 föreskriva
655 1564 321 48 inskränkningar
1003 1563 12 36 1
1044 1563 117 37 sådan
1189 1563 237 49 försäljning,
1456 1563 128 37 därom
1614 1563 197 38 förordnar

212 1616 141 50 Kungl.
383 1616 117 48 Maj:t.

341 1671 35 34 3.
431 1668 134 36 Därest
592 1668 64 36 vid
685 1667 182 37 marknad
895 1689 48 4 —
983 1690 32 2 —
1036 1689 47 4 —
1105 1689 50 4 -——
1183 1666 89 49 (lika
1299 1666 163 50 lydande
1492 1667 85 37 med
1606 1668 203 37 utskottets

211 1719 168 50 förslag).
