1882 2846
484 180 120 30 Första
625 179 236 37 lagutskottets
882 178 177 31 utlåtande
1078 178 49 31 Nr
1160 178 48 29 17.
1583 170 37 30 11

113 266 64 36 liga
196 265 293 36 skyttetävlingar,
509 267 48 27 att
576 263 95 36 varje
690 264 160 29 tävlande
869 263 57 30 vid
946 263 41 29 de
1007 262 242 30 förstnämnda
1266 262 90 29 hade
1375 260 179 36 möjlighet
1568 260 51 29 till

111 311 46 27 ett
177 308 205 35 obegränsat
407 307 94 29 antal
524 306 155 30 insatser.
717 306 207 35 Deltagarna
949 305 110 30 skulle
1085 304 211 35 härigenom,
1324 302 45 37 på
1394 312 133 20 samma
1553 303 66 28 sätt

112 360 73 21 som
207 351 56 29 vid
286 350 159 34 lotterier,
468 350 119 29 kunna
608 348 123 30 frestas
754 351 47 27 att
824 351 92 27 satsa
939 349 107 28 större
1067 347 126 35 belopp
1217 347 45 29 än
1283 355 74 20 som
1381 346 116 29 kunde
1519 353 100 21 anses

114 393 204 35 försvarligt.
343 393 79 30 Men
444 391 21 32 å
486 392 110 30 andra
619 391 99 30 sidan
741 391 97 31 torde
860 400 82 21 man
966 389 80 37 utgå
1070 388 77 32 från
1171 392 49 28 att
1243 388 244 30 vinstvärdena
1510 387 109 30 hölles

112 436 94 30 inom
228 434 130 31 sådana
379 436 150 35 gränser,
550 437 48 27 att
620 434 42 29 de
681 433 29 36 ej
734 433 144 29 lockade
900 433 50 29 till
972 431 192 31 överdrivet
1186 430 214 36 deltagande.
1436 430 52 29 En
1509 429 110 30 tivoli-

112 477 186 37 skjutbana
322 478 95 29 torde
439 476 277 35 huvudsakligen
738 485 82 20 vara
843 475 127 36 anlagd
994 474 44 37 på
1060 477 48 27 att
1131 483 60 21 roa
1214 474 42 29 de
1277 472 208 31 besökande.
1522 471 97 30 Vins-

112 524 106 31 terna,
237 521 62 29 där
318 519 130 31 sådana
468 519 134 34 funnes,
623 519 138 35 spelade
778 528 42 20 en
840 518 175 30 sekundär
1033 517 74 30 roll.
1137 516 124 30 Alltför
1279 515 194 30 värdefulla
1492 514 128 30 vinster

113 564 95 29 torde
228 572 82 20 vara
331 563 173 29 uteslutna
523 561 129 36 jämväl
670 571 42 20 av
732 562 67 29 den
817 560 242 35 anledningen,
1080 562 48 28 att
1148 559 223 35 tivoliägaren
1394 566 122 27 genom
1531 557 90 35 höga

113 606 220 29 vinstvärden
356 605 110 30 skulle
488 604 131 30 riskera
642 603 204 30 ekonomisk
870 603 133 34 förlust,
1029 601 36 31 så
1088 605 95 26 snart
1205 611 42 20 en
1270 600 145 36 skicklig
1437 600 91 35 skytt
1551 599 68 30 del-

113 651 84 32 toge.
231 648 73 29 Vad
325 657 47 20 nu
394 647 133 30 anförts
549 647 96 29 torde
666 647 9 28 i
697 646 184 29 huvudsak
903 646 64 34 äga
988 644 243 30 motsvarande
1252 642 219 37 tillämpning
1493 641 126 30 beträf-

113 690 104 30 fande
242 690 239 36 ringkastning
506 689 64 30 och
595 688 203 35 tivolinöjen
823 698 42 20 av
888 687 165 30 liknande
1078 689 61 27 art.
1179 686 183 37 Undantag
1389 685 116 29 kunde
1531 684 89 30 dock

114 734 132 29 tänkas.
284 732 121 30 Såsom
430 731 111 30 lotteri
567 731 107 30 borde
700 734 21 26 t.
750 740 49 20 ex.
827 730 104 36 enligt
958 730 41 29 de
1026 729 235 35 sakkunnigas
1287 727 139 37 mening
1453 736 99 21 anses
1579 735 42 21 en

114 775 195 36 skjutbana,
334 785 57 19 om
414 775 62 29 där
497 774 153 29 tävlades
672 774 78 28 med
773 772 201 30 förbundna
996 773 99 34 ögon,
1119 772 80 28 eller
1222 780 41 20 en
1286 769 249 36 ringkastning,
1559 769 63 29 där

113 819 41 29 de
175 817 156 35 föremål,
353 827 75 20 som
447 817 109 29 skulle
577 816 162 35 inringas,
760 816 119 29 doldes
900 825 42 19 av
964 817 44 27 ett
1029 814 178 34 förhänge,
1231 814 80 29 över
1332 813 104 29 vilket
1459 811 162 35 ringarna

114 860 108 30 måste
256 861 126 29 kastas.
427 855 94 34 Även
555 859 110 29 andra
698 857 260 37 undantagsfall
993 857 116 29 kunde
1143 855 215 36 naturligtvis
1392 854 228 30 förekomma.

115 904 53 28 Att
189 902 45 37 på
256 903 152 29 förhand
431 911 94 20 mera
546 901 239 29 uttömmande
808 900 135 35 angiva,
967 900 63 29 när
1052 902 45 26 ett
1120 897 177 36 tivolinöje
1320 907 42 20 av
1385 900 104 33 typen
1512 896 108 35 skjut-

115 946 89 29 bana
235 946 80 28 eller
347 944 239 36 ringkastning
617 943 156 34 sålunda,
806 943 110 29 ehuru
947 943 56 28 det
1032 941 233 35 regelmässigt
1296 940 76 30 icke
1399 939 82 30 fölle
1511 939 111 29 under

114 988 298 35 lotteribegreppet
437 987 103 35 enligt
563 986 180 34 förslagets
771 986 11 28 1
812 985 28 36 8,
867 985 106 29 likväl
998 984 107 29 borde
1129 993 99 20 anses
1253 981 115 31 såsom
1393 981 121 35 lotteri,
1541 990 81 20 vore

112 1029 166 36 omöjligt.
318 1029 135 36 Frågan
478 1028 93 36 finge
594 1028 165 29 bedömas
781 1027 86 30 efter
892 1026 349 35 omständigheterna.
1279 1024 203 36 Avgörande
1508 1025 114 33 syntes

114 1073 121 29 härvid
260 1072 92 30 bliva
376 1071 173 30 huruvida
572 1071 65 29 och
658 1071 9 29 i
693 1070 115 29 vilken
830 1068 83 31 mån
937 1069 238 35 anordningen
1199 1067 130 30 avveke
1352 1065 79 31 från
1457 1066 65 30 vad
1547 1074 75 21 som

113 1115 104 35 enligt
240 1115 115 35 praxis
379 1114 117 30 kunde
517 1113 185 30 betecknas
725 1112 114 30 såsom
863 1112 57 30 det
942 1111 157 30 normala
1122 1111 54 29 för
1198 1108 266 37 ifrågavarande
1485 1109 71 36 slag
1580 1117 42 20 av

114 1157 243 35 anordningar.

159 1200 13 29 I
204 1200 107 29 likhet
342 1199 80 30 med
453 1198 201 30 nuvarande
684 1196 319 35 lotteriförordning
1035 1196 64 29 och
1128 1193 495 37 vadhållningsförordningen

115 1242 95 30 torde
232 1242 65 29 den
320 1251 68 26 nya
411 1240 363 36 lotteriförordningen
797 1240 145 29 allenast
963 1239 85 29 böra
1070 1237 147 30 omfatta
1240 1236 131 31 sådana
1395 1235 141 36 företag,
1562 1235 60 29 vil-

115 1285 43 30 ka
180 1284 219 30 anordnades
421 1283 55 30 för
498 1283 243 30 allmänheten.
777 1282 64 29 Till
866 1281 224 30 undvikande
1111 1290 42 20 av
1176 1283 48 27 att
1246 1280 114 29 denna
1382 1278 242 30 bestämmelse

116 1327 217 36 kringginges
364 1335 124 27 genom
519 1325 343 36 föreningsbildande
891 1324 81 30 eller
1003 1323 111 37 dylikt
1139 1323 97 29 torde
1266 1321 139 31 särskilt
1434 1320 189 36 stadgande

116 1371 85 30 böra
217 1373 183 33 upptagas.

160 1412 79 29 Med
265 1411 136 36 hänsyn
426 1410 51 30 till
504 1410 214 36 tivolispelen
743 1409 90 31 hade
859 1409 66 30 den
953 1409 10 29 i
988 1408 201 30 nuvarande
1216 1406 320 36 lotteriförordning
1561 1415 59 21 an-

116 1453 101 35 givna
240 1453 291 35 förutsättningen
555 1452 54 30 för
634 1452 265 35 förordningens
923 1451 228 36 tillämpning,
1174 1453 49 27 att
1246 1449 34 31 åt
1301 1459 42 20 en
1366 1450 81 29 eller
1471 1449 85 30 flera
1580 1458 43 21 av

117 1497 41 29 de
176 1496 9 29 i
203 1496 166 34 företaget
386 1494 205 36 deltagande
609 1494 157 36 erbjödes
785 1494 90 30 vinst
894 1493 50 31 till
963 1494 104 34 högre
1086 1494 125 35 belopp
1231 1493 44 29 än
1295 1492 56 30 det
1370 1501 74 21 som
1463 1489 159 37 erbjödes

116 1536 35 32 åt
172 1547 41 20 en
233 1547 61 21 var
315 1547 43 20 av
379 1538 210 34 deltagarna,
611 1537 10 29 i
645 1536 162 36 förslaget
828 1536 142 30 ändrats
992 1536 144 33 därhän,
1160 1538 48 27 att
1229 1535 9 29 i
1260 1535 112 29 stället
1392 1532 229 36 erfordrades,

118 1582 48 28 att
188 1589 41 21 av
250 1589 42 20 en
314 1580 82 30 eller
421 1580 86 29 flera
529 1579 173 36 deltagare
723 1578 117 30 kunde
863 1578 149 30 erhållas
1035 1578 89 30 vinst
1147 1578 50 29 till
1219 1577 107 36 högre
1350 1576 125 37 belopp
1498 1577 45 29 än
1567 1576 55 30 det

118 1631 74 21 som
213 1622 67 30 alla
301 1622 117 30 kunde
438 1621 141 31 erhålla.

152 1723 13 29 I
191 1723 260 35 propositionen
476 1723 102 30 anför
603 1722 382 37 departementschefen
1009 1720 177 37 angående
1210 1720 165 36 förslaget
1399 1720 10 29 i
1435 1719 190 30 allmänhet

107 1776 90 27 samt
218 1792 44 2 —
283 1773 88 30 efter
391 1783 42 20 en
456 1774 214 35 redogörelse
693 1773 55 29 för
769 1771 189 31 innehållet
981 1772 10 29 i
1013 1772 91 30 vissa
1127 1771 146 36 avgivna
1296 1770 185 37 yttranden
1503 1786 44 4 —-
1568 1769 56 30 be-

107 1822 177 31 träffande
307 1824 42 29 de
369 1823 282 36 grundläggande
671 1823 308 30 bestämmelserna
1000 1822 11 29 i
1035 1823 13 28 1
1071 1822 18 37 8
1111 1822 107 29 bland
1240 1824 107 27 annat
1369 1820 167 36 följande:

155 1872 83 31 »Det
263 1874 97 29 torde
387 1883 83 20 vara
493 1883 42 20 en
560 1874 130 29 allmän
716 1873 149 35 mening,
893 1876 49 27 att
967 1872 202 30 nuvarande
1194 1870 330 37 lotterilagstiftning
1550 1870 75 29 icke

117 1923 39 30 är
181 1923 329 30 tillfredsställande.
561 1923 237 35 Anledningen
824 1923 118 29 härtill
970 1922 89 30 lärer
1083 1922 10 29 i
1120 1921 147 30 främsta
1293 1923 149 27 rummet
1468 1930 82 20 vara
1577 1923 50 27 att

119 1973 84 30 söka
225 1973 9 29 i
257 1973 65 30 den
345 1983 42 20 av
408 1975 42 28 de
472 1973 219 35 sakkunniga
714 1972 213 30 framhållna
951 1970 216 37 svårigheten
1190 1974 48 27 att
1261 1970 104 36 enligt
1388 1970 158 35 gällande
1568 1970 56 29 be-

119 2024 215 30 stämmelser
362 2024 136 35 avgöra,
525 2023 174 30 huruvida
728 2026 46 26 ett
802 2022 135 36 företag
963 2022 39 29 är
1029 2022 82 29 eller
1139 2021 74 30 icke
1241 2022 39 28 är
1308 2019 131 31 tillåtet.
1492 2020 11 29 I
1532 2020 94 29 detta

120 2075 194 29 hänseende
342 2075 98 29 delar
464 2073 57 36 jag
548 2074 41 29 de
620 2073 236 35 sakkunnigas
882 2071 235 37 uppfattning,
1149 2074 48 27 att
1226 2070 123 36 frågan
1378 2070 174 30 huruvida
1579 2072 48 27 ett

121 2125 131 35 företag
282 2125 89 29 skall
401 2125 165 29 bedömas
597 2124 115 30 såsom
741 2123 112 30 lotteri
885 2122 178 35 rätteligen
1093 2122 64 29 bör
1185 2122 155 34 avgöras,
1370 2120 85 35 icke,
1485 2119 46 36 på
1560 2120 67 29 sätt

120 2185 45 20 nu
189 2176 39 28 är
253 2175 105 35 fallet,
384 2175 87 30 efter
495 2175 66 29 den
587 2175 108 29 större
721 2174 81 29 eller
827 2173 136 29 mindre
989 2172 127 35 graden
1142 2181 41 20 av
1210 2172 114 34 slump
1350 2170 10 29 i
1386 2170 55 30 det
1466 2169 161 36 speciella

120 2226 95 30 fallet
243 2229 83 26 utan
355 2226 78 29 med
462 2225 136 35 hänsyn
624 2224 51 29 till
703 2224 65 29 den
796 2224 179 29 allmänna
1001 2222 209 30 karaktären
1238 2221 63 29 hos
1328 2221 66 29 den
1421 2219 204 35 anordning,

120 2275 44 36 på
191 2276 113 29 vilken
334 2276 167 34 företaget
529 2275 136 35 bygger.
720 2272 378 34 Lotteriförordningen
1128 2280 41 20 av
1202 2271 80 29 1881
1312 2270 40 29 är
1381 2269 117 30 vidare
1526 2268 100 30 brist-

120 2326 96 34 fällig
237 2326 222 33 därutinnan,
481 2327 48 27 att
553 2324 132 29 reklam
707 2323 56 29 för
783 2323 66 29 och
872 2326 106 26 annat
1002 2320 197 36 främjande
1222 2329 42 20 av
1287 2318 157 31 otillåtna
1465 2318 161 34 lotterier,

118 2375 93 30 såväl
241 2375 48 29 in-
320 2384 75 20 som
423 2374 194 33 utländska,
647 2373 76 29 icke
751 2372 175 29 verksamt
955 2370 142 30 hindras
1125 2378 123 26 genom
1274 2367 267 35 förordningens
1569 2367 56 29 be-

121 2426 223 31 stämmelser.
401 2424 246 30 Förhållandet
676 2424 65 29 har
771 2423 56 29 vid
857 2422 202 35 upprepade
1090 2420 158 30 tillfällen
1279 2419 87 29 varit
1397 2417 145 30 föremål
1573 2417 55 29 för

122 2477 199 34 riksdagens
350 2475 322 36 uppmärksamhet.
724 2472 49 30 De
800 2471 237 35 sakkunnigas
1064 2470 138 35 förslag,
1231 2469 105 29 vilket
1365 2468 10 29 i
1404 2468 98 29 dessa
1532 2467 96 30 delar
