1920 2792
306 120 19 30 4
689 126 392 37 Bevillningsutskottets
1103 127 218 31 betänkande
1340 137 41 21 nr
1409 128 51 30 51.

1011 212 73 36 25.

357 286 17 28 1
400 294 103 21 mom.
540 285 211 37 Avkortning
773 295 43 21 av
837 286 125 37 påförd
984 287 91 30 skatt
1096 289 66 29 och
1184 286 194 32 restitution
1399 297 42 21 av
1463 287 116 37 erlagd
1600 289 90 30 skatt
1711 287 103 36 enligt

311 336 114 30 denna
447 335 203 39 förordning
668 337 97 29 skola
785 345 79 21 avse
884 338 58 30 det
962 338 134 36 belopp,
1119 339 141 30 varmed
1280 338 66 30 den
1367 337 249 37 skattskyldige
1639 338 45 37 på
1704 338 110 37 grund

308 395 45 22 av
378 385 153 37 taxering
555 387 54 30 för
632 385 83 32 visst
738 386 213 37 taxeringsår
975 387 124 38 påförd
1124 388 112 37 statlig
1260 388 246 30 inkomstskatt
1528 390 66 29 och
1619 389 193 36 förmögen-

311 436 169 30 hetsskatt
507 441 90 26 samt
624 436 128 30 allmän
780 437 309 36 kommunalskatt,
1118 437 305 36 landstingsmedel
1450 438 66 30 och
1545 437 270 37 tingshusmedel

310 488 231 35 sammanlagt
566 487 166 36 överstiga
760 488 41 30 80
828 493 141 33 procent
993 498 41 21 av
1060 490 67 29 den
1153 489 54 31 för
1233 490 130 30 honom
1389 498 134 21 samma
1550 489 39 31 år
1613 489 105 37 enligt
1745 490 68 29 för-

310 536 191 38 ordningen
519 546 57 23 om
595 538 115 38 statlig
727 538 246 31 inkomstskatt
992 540 162 30 taxerade
1173 540 197 30 inkomsten
1390 540 92 30 ökad
1504 540 78 30 med
1601 540 55 30 det
1677 540 135 36 belopp,

312 590 141 30 varmed
475 588 129 38 avdrag
625 589 55 30 för
701 589 177 32 allmänna
899 590 130 30 skatter
1052 589 138 37 jämlikt
1211 591 19 28 4
1253 590 18 36 8
1295 589 215 31 sistnämnda
1533 589 203 38 förordning
1756 590 58 31 må

310 640 91 30 hava
421 638 57 31 vid
498 639 197 36 taxeringen
715 639 190 37 medgivits,
927 640 87 31 dock
1037 644 50 26 att
1107 640 251 36 avkortningen
1379 641 65 30 och
1465 640 237 31 restitutionen
1724 650 89 21 sam-

312 690 153 36 manlagt
482 689 74 32 icke
573 689 57 31 må
647 689 168 36 överstiga
830 690 68 31 den
916 690 136 37 statliga
1068 690 302 32 inkomstskatten.

356 739 65 32 Vid
444 740 237 30 fastställande
703 749 41 22 av
767 740 56 31 det
847 740 136 38 belopp,
1007 741 54 30 för
1082 740 107 31 vilket
1213 740 207 38 avkortning
1440 741 81 31 eller
1546 741 192 30 restitution
1762 740 51 32 så-

312 791 106 30 Junda
440 790 58 32 må
518 790 165 37 åtnjutas,
708 791 87 29 skall
817 791 10 29 i
852 791 286 30 förekommande
1161 791 62 31 fall
1246 792 79 30 med
1348 793 142 29 taxerad
1513 791 152 31 inkomst
1688 790 125 32 förstås

310 844 46 26 ett
379 841 81 30 med
483 841 242 30 motsvarande
749 841 220 37 tillämpning
990 851 42 21 av
1056 841 262 32 föreskrifterna
1341 841 11 30 i
1375 842 19 30 9
1418 842 18 37 8
1460 842 105 31 femte
1587 842 135 36 stycket
1744 842 67 30 för-

311 891 191 37 ordningen
524 901 57 21 om
602 892 118 36 statlig
741 891 350 37 förmögenhetsskatt
1114 892 169 31 beräknat
1306 892 136 36 belopp.

354 943 21 29 2
400 951 103 22 mom.
538 942 68 30 För
634 943 80 30 äkta
744 943 132 36 makar,
906 952 75 21 som
1009 943 111 31 under
1148 944 77 29 hela
1254 943 312 36 beskattningsåret
1596 944 80 29 eller
1706 944 107 29 större

309 994 100 30 deten
439 993 105 30 därav
570 993 69 30 levt
665 992 238 37 tillsammans,
929 994 164 29 bedömes
1119 995 112 29 rätten
1256 996 51 28 att
1335 993 137 36 åtnjuta
1499 993 206 36 avkortning
1732 994 82 29 elter

311 1043 194 31 restitution
526 1044 79 30 med
626 1044 135 36 hänsyn
781 1043 52 30 till
855 1043 91 31 båda
968 1044 186 31 makarnas
1177 1044 261 36 sammanlagda
1462 1043 151 31 inkomst
1634 1045 65 30 och
1722 1045 91 30 skat-

311 1098 60 27 ter.
399 1094 64 30 Det
485 1095 135 36 belopp,
644 1104 75 21 som
742 1093 104 38 enligt
869 1094 206 37 föregående
1098 1095 113 36 punkt
1233 1094 57 31 må
1316 1095 163 30 avkortas
1503 1095 81 29 eller
1607 1094 206 34 restitueras,

311 1145 151 31 fördelas
478 1144 20 31 å
514 1145 168 30 makarna
700 1144 10 30 i
726 1143 219 33 förhållande
961 1144 50 31 till
1028 1146 41 30 de
1085 1145 136 36 belopp,
1240 1145 142 30 varmed
1399 1145 144 31 vardera
1560 1145 126 31 maken
1704 1144 110 31 skulle

310 1197 59 34 ägt
391 1194 135 37 åtnjuta
548 1195 207 37 avkortning
774 1195 83 31 eller
880 1195 204 37 restitution,
1108 1196 115 30 därest
1246 1196 135 36 hänsyn
1404 1195 102 36 tagits
1531 1196 119 30 endast
1672 1194 51 31 till
1747 1195 66 30 den

311 1247 144 30 makens
473 1246 152 31 inkomst
641 1247 65 29 och
723 1247 138 29 skatter.

1023 1330 19 30 3
1067 1329 29 37 8.

354 1396 66 31 Vid
439 1396 218 38 tillämpning
677 1406 41 21 av
737 1398 114 31 denna
870 1396 204 39 förordning
1093 1397 100 36 skall,
1215 1398 62 29 där
1296 1397 206 37 avkortning
1524 1398 69 29 kan
1612 1397 71 35 ske,
1705 1396 109 31 sådan

311 1448 9 30 i
340 1448 109 31 första
469 1448 94 30 hand
581 1450 64 34 äga
663 1457 87 21 rum.
771 1447 76 31 Kan
867 1448 207 37 avkortning
1096 1447 75 31 icke
1191 1448 58 30 ske
1269 1448 81 30 eller
1370 1448 70 30 kan
1463 1447 107 31 sådan
1589 1448 60 30 ske
1669 1448 145 30 allenast

310 1498 52 30 till
380 1497 67 32 viss
468 1498 62 36 del,
550 1498 87 31 skall
657 1499 55 30 det
732 1498 104 36 enligt
855 1499 18 29 2
894 1498 18 37 8
932 1499 197 30 beräknade
1147 1499 169 35 beloppet,
1336 1498 12 31 i
1366 1498 66 30 den
1454 1497 81 31 mån
1553 1498 56 30 det
1628 1497 31 38 ej
1679 1499 134 29 kunnat

310 1550 165 30 avkortas
502 1550 64 30 och
594 1550 57 30 det
678 1549 114 31 täckes
819 1558 43 21 av
889 1550 106 34 erlagt
1023 1549 248 36 skattebelopp,
1299 1548 206 31 återbetalas
1533 1549 51 30 till
1612 1548 65 30 den
1705 1548 107 30 skatt-

310 1599 165 38 skyldige.
496 1594 26 35 Å
540 1599 145 32 sålunda
702 1599 203 32 återbetalat
923 1600 124 36 belopp
1065 1598 100 38 utgår
1182 1600 74 30 icke
1275 1599 110 30 ränta.

1013 1700 20 29 4
1058 1699 29 37 8.

355 1768 76 30 Den
451 1776 76 22 som
546 1766 106 38 enligt
676 1767 112 31 denna
811 1767 204 37 förordning
1037 1766 58 31 vill
1120 1765 136 38 åtnjuta
1280 1765 206 38 avkortning
1507 1776 42 21 av
1574 1766 124 37 påförd
1720 1766 93 30 skatt

311 1816 82 30 eller
409 1816 193 31 restitution
621 1825 42 21 av
681 1817 115 35 erlagd
815 1816 92 31 skatt
923 1816 82 33 eller
1024 1815 90 31 båda
1136 1816 97 31 dessa
1251 1814 177 32 förmåner
1444 1816 64 32 har
1525 1820 50 27 att
1594 1817 120 29 därom
1732 1817 82 36 göra

310 1869 158 30 ansökan
491 1868 62 31 hos
576 1868 244 36 länsstyrelsen
840 1867 11 30 i
873 1868 57 30 det
952 1868 66 36 län,
1043 1867 96 31 inom
1161 1867 104 31 vilket
1287 1868 70 31 han
1383 1870 149 28 taxerats
1554 1867 51 31 till
1627 1866 114 38 statlig
1763 1866 49 31 in-

309 1918 210 30 komstskatt
538 1917 56 31 för
615 1917 56 31 det
692 1916 212 37 taxeringsår
925 1926 120 22 varom
1066 1916 98 37 fråga
1185 1918 48 35 är,
1253 1917 90 36 eller,
1366 1916 115 32 därest
1501 1917 71 30 han
1592 1921 147 29 taxerats
1764 1917 50 31 till

311 1968 110 32 sådan
442 1970 91 29 skatt
554 1969 10 29 i
585 1969 217 31 Stockholms
825 1969 87 35 stad,
935 1969 50 30 till
1005 1968 423 31 överståthållarämbetet.

354 2019 164 30 Ansökan
540 2019 89 30 skall
649 2027 83 22 vara
754 2018 154 30 nämnda
929 2018 203 36 myndighet
1154 2017 167 32 tillhanda
1343 2017 75 31 före
1439 2016 171 38 utgången
1633 2027 42 21 av
1696 2018 117 30 kalen-

311 2069 135 32 deråret
470 2071 77 30 näst
570 2070 87 30 efter
682 2069 255 38 taxeringsåret,
962 2069 57 31 vid
1043 2071 144 36 äventyr
1211 2071 48 29 att
1284 2068 206 37 avkortning
1515 2069 80 31 eller
1620 2068 194 31 restitution

310 2121 106 36 enligt
438 2121 113 31 denna
571 2120 201 36 förordning
793 2120 76 31 icke
889 2120 59 31 må
967 2119 155 38 beviljas.
1147 2120 121 31 Därest
1289 2121 41 29 de
1353 2121 10 29 i
1386 2120 19 29 2
1428 2120 18 36 8
1468 2118 148 37 angivna
1636 2120 176 30 förutsätt-

311 2171 170 37 ningarna
503 2171 54 30 för
580 2170 205 37 åtnjutande
808 2180 42 21 av
875 2170 207 38 avkortning
1106 2171 81 30 eller
1210 2170 193 31 restitution
1428 2170 164 36 föreligga
1616 2171 87 30 först
1727 2170 86 31 efter

311 2222 57 32 det
393 2222 274 30 kammarrätten
691 2222 82 30 eller
798 2221 122 37 Kungl.
948 2220 100 38 Maj:t
1075 2221 173 31 meddelat
1274 2222 113 36 utslag
1413 2220 176 38 angående
1617 2221 195 31 sökandens

309 2272 155 36 taxering
485 2272 55 31 för
560 2271 265 37 ifrågavarande
846 2270 222 38 taxeringsår,
1089 2271 91 31 skall
1202 2270 238 37 ansökningen
1461 2280 82 21 vara
1565 2270 247 37 myndigheten

311 2322 169 31 tillhanda
500 2322 95 30 inom
618 2326 47 27 ett
685 2321 39 31 år
743 2321 86 31 efter
851 2321 57 32 det
928 2322 290 29 kammarrättens
1243 2321 110 36 utslag
1375 2320 122 31 vunnit
1519 2321 76 35 laga
1617 2320 95 31 kraft
1733 2320 80 31 eller

310 2374 123 36 Kungl.
459 2372 118 38 Maj:ts
603 2374 110 35 utslag
738 2372 201 31 meddelats.

354 2425 162 30 Ansökan
536 2426 97 35 göres
651 2423 19 32 å
689 2424 164 35 blankett,
874 2423 112 31 vartill
1007 2423 170 31 formulär
1197 2423 184 31 fastställes
1402 2432 42 21 av
1467 2422 121 37 Kungl.
1611 2421 110 37 Maj:t.
