1856 2814
476 162 392 36 Bevillningsutskottets
888 163 218 30 betänkande
1125 173 43 21 nr
1187 164 48 30 47.
1577 159 36 29 11

107 247 65 36 lek,
193 247 141 30 komma
353 249 48 28 att
423 247 159 31 utveckla
602 246 49 37 sig
672 247 109 30 under
799 246 202 37 budgetåret
1024 244 142 33 1944/45
1186 247 66 30 och
1271 247 11 29 i
1301 247 186 37 anledning
1506 247 107 31 härav

105 299 113 29 ansett
234 296 252 33 inkomsttiteln
505 297 84 31 böra
609 300 170 33 upptagas
799 298 79 29 med
896 300 46 27 ett
960 298 51 30 till
1034 298 61 29 100
1115 297 161 36 miljoner
1295 298 129 30 kronor
1443 298 170 31 avrundat

105 348 137 37 belopp.

151 399 14 30 I
203 399 173 31 allmän
411 398 463 37 omsättningsskatt,
912 399 117 30 vilken
1055 399 227 30 inkomsttitel
1309 400 11 29 i
1347 400 265 36 statsverkspro-

107 450 194 36 positionen
325 450 205 36 uppskattas
556 449 49 30 till
631 449 66 30 300
720 450 160 36 miljoner
905 451 139 35 kronor,
1071 451 46 29 ha
1141 460 42 20 av
1207 450 407 38 riksräkenskapsverket

106 501 187 30 beräknats
319 500 110 31 under
453 501 148 35 löpande
626 499 168 37 budgetår
818 500 126 37 inflyta
972 500 63 31 305
1061 499 163 38 miljoner
1249 501 138 30 kronor.
1414 500 15 30 I
1456 500 86 33 brist
1568 499 46 39 på

107 552 103 29 säkra
235 550 224 38 hållpunkter
482 551 56 31 för
559 551 193 37 beräkning
777 561 42 22 av
844 551 57 31 det
924 551 167 31 framtida
1115 551 135 31 utfallet
1274 552 64 30 har
1361 552 253 30 ämbetsverket

106 602 81 30 med
204 602 136 36 hänsyn
357 603 88 29 även
462 602 52 31 till
532 602 267 31 inkomsttitelns
817 602 296 37 storleksordning
1128 603 76 30 icke
1224 606 110 29 ansett
1354 603 51 37 sig
1422 603 86 31 böra
1525 602 88 31 före-

106 652 50 31 slå
178 652 115 37 någon
314 653 183 37 jämkning
520 663 42 21 av
583 654 57 31 det
658 653 12 30 i
691 653 448 37 statsverkspropositionen
1159 656 178 34 upptagna
1356 654 171 36 beloppet.

151 703 403 38 Trafikskatten,
584 712 75 22 som
677 704 11 30 i
708 703 448 37 statsverkspropositionen
1174 704 216 31 beräknades
1407 704 52 31 till
1477 705 39 29 27
1538 704 74 30 mil-

105 753 100 36 joner
229 754 137 35 kronor,
392 754 67 30 har
484 754 407 36 riksräkenskapsverket
916 755 10 30 i
950 755 201 37 anslutning
1174 754 50 31 till
1250 764 41 21 en
1315 764 42 21 av
1380 755 232 36 järnvägssty-

105 805 113 30 relsen
238 805 187 30 verkställd
444 805 193 37 beräkning
656 808 112 28 ansett
784 805 85 31 böra
887 809 172 33 upptagas
1078 805 51 30 till
1149 814 134 23 samma
1303 806 137 37 belopp,
1463 815 73 21 som
1557 806 55 30 be-

105 855 129 31 räknas
256 855 124 37 inflyta
399 856 112 30 under
529 856 149 36 löpande
699 855 176 37 budgetår,
898 856 82 30 eller
1000 857 41 29 28
1061 856 164 37 miljoner
1242 857 138 32 kronor.

151 905 256 32 Inkomsttiteln
449 906 337 36 tobaksskatt,
832 916 75 22 som
940 907 12 29 i
986 907 448 37 statsverkspropositionen
1465 910 147 34 upptogs

104 957 81 30 med
206 957 63 30 260
289 956 163 36 miljoner
473 957 137 36 kronor,
631 957 172 31 beräknas
822 958 112 30 under
951 958 151 36 löpande
1120 956 169 38 budgetår
1308 965 39 30 ge
1366 958 65 30 263
1452 958 161 36 miljoner

105 1007 140 35 kronor,
264 1016 104 21 varav
386 1007 19 30 3
423 1007 163 36 miljoner
601 1008 131 30 kronor
748 1008 154 36 betingas
921 1018 43 22 av
982 1018 44 21 en
1045 1009 221 36 omläggning
1282 1018 43 20 av
1341 1009 67 30 den
1428 1008 183 31 föreskriv-

105 1066 46 22 na
176 1057 436 37 förskottsinbetalningen.
641 1058 421 37 Riksräkenskapsverket
1089 1059 66 31 har
1182 1059 78 30 icke
1283 1059 116 31 funnit
1427 1060 186 36 anledning

104 1107 129 31 föreslå
253 1108 146 37 ändring
418 1118 43 21 av
480 1108 57 31 det
554 1108 11 30 i
585 1109 448 36 statsverkspropositionen
1051 1113 177 34 upptagna
1251 1110 169 37 beloppet.

150 1158 13 30 I
205 1158 764 37 rusdrycksförsäljningsmedel:
1010 1159 507 39 detaljhandelsbolag
1556 1161 55 30 be-

104 1209 173 30 räknades
296 1209 11 30 i
325 1210 449 36 statsverkspropositionen
791 1211 97 30 skola
905 1211 112 30 under
1032 1212 100 30 nästa
1148 1210 169 38 budgetår
1333 1211 126 37 inflyta
1476 1213 42 29 28
1537 1213 74 29 mil-

103 1258 101 37 Joner
223 1260 137 31 kronor.
384 1260 149 31 Bortsett
555 1260 79 32 från
657 1262 68 29 den
744 1261 99 36 vinst,
866 1270 75 22 som
963 1261 165 37 möjligen
1152 1262 71 30 kan
1243 1262 145 31 tillföras
1410 1264 202 29 statsverket

104 1309 81 32 från
204 1311 43 30 de
266 1311 177 30 allmänna
462 1312 358 39 restaurangbolagen,
842 1312 222 31 beträffande
1082 1313 94 31 vilka
1195 1312 129 38 förslag
1345 1313 51 31 till
1419 1314 192 37 omorgani-

105 1361 113 30 sation
231 1361 81 31 från
326 1362 64 30 och
408 1363 80 30 med
505 1363 67 31 den
588 1364 14 28 1
620 1363 139 36 januari
775 1363 82 30 1945
873 1363 164 37 förelagts
1053 1363 185 37 riksdagen
1259 1363 108 39 (prop.
1384 1374 42 22 nr
1443 1363 91 40 241),
1548 1365 65 31 har

103 1412 411 36 riksräkenskapsverket
533 1414 169 30 beräknat
725 1414 112 31 denna
860 1413 227 32 inkomsttitel
1110 1414 57 31 för
1186 1415 99 30 nästa
1308 1414 169 37 budgetår
1499 1416 50 30 till
1570 1416 41 29 26

104 1462 163 37 miljoner
288 1464 138 30 kronor.

151 1512 364 37 Omsättnings-
544 1515 87 29 och
657 1514 526 36 utskänkningsskatt
1211 1514 20 31 å
1257 1516 355 36 spritdrycker

104 1563 217 31 beräknades
340 1563 10 30 i
368 1565 449 36 statsverkspropositionen
833 1573 40 28 ge
890 1566 64 30 280
972 1565 161 37 miljoner
1147 1566 130 30 kronor
1288 1566 110 30 under
1415 1567 99 29 nästa
1525 1566 84 30 bud-

102 1613 106 38 getår.
232 1614 142 31 Utfallet
393 1614 57 31 för
467 1615 150 36 löpande
634 1614 170 37 budgetår
824 1616 205 35 uppskattas
1050 1616 50 30 till
1122 1615 64 31 300
1206 1616 160 36 miljoner
1385 1616 139 30 kronor.
1545 1616 68 31 För

102 1666 101 30 nästa
221 1664 168 38 budgetår
408 1666 47 29 ha
476 1666 196 31 intäkterna
693 1676 44 20 av
755 1667 319 36 kontrollstyrelsen
1092 1667 187 30 beräknats
1298 1666 50 31 till
1367 1668 64 29 290
1451 1666 162 37 miljoner

104 1716 138 31 kronor.
265 1715 420 37 Riskräkenskapsverket
704 1718 65 29 har
789 1717 78 30 med
890 1717 137 37 hänsyn
1046 1717 51 31 till
1120 1717 248 32 utfallssiffran
1388 1718 56 30 för
1464 1718 149 36 löpande

103 1766 170 37 budgetår
291 1767 63 30 och
373 1767 50 31 till
444 1767 114 33 titelns
577 1767 295 37 storleksordning
892 1767 186 37 föreslagit,
1099 1770 49 28 att
1166 1768 250 31 inkomsttiteln
1437 1768 55 31 för
1513 1769 99 30 nästa

103 1816 171 38 budgetår
296 1817 166 37 uppföres
489 1819 79 29 med
592 1819 64 29 300
683 1818 162 36 miljoner
870 1819 159 30 kronor.»

149 1868 329 30 Postverkets
507 1869 255 29 överskott
786 1869 54 30 för
856 1869 203 37 budgetåret
1077 1865 138 41 1944/45
1232 1870 63 29 har
1311 1870 57 30 vid
1385 1871 67 29 den
1469 1880 41 20 av
1527 1869 83 31 riks-

104 1919 334 35 räkenskapsverket
456 1918 120 37 gjorda
593 1928 70 27 nya
679 1918 236 36 beräkningen
930 1918 175 37 upptagits
1120 1919 52 30 till
1190 1919 41 29 44
1248 1919 160 36 miljoner
1425 1921 138 29 kronor.

149 2009 391 36 Departementschefen
562 2011 65 29 har
652 2011 10 29 i
690 2010 214 30 sistnämnda
932 2010 341 37 statsrådsprotokoll
1301 2011 166 36 förordat,
1494 2014 49 29 att
1570 2012 43 30 de

104 2060 94 31 olika
220 2060 294 31 inkomsttitlarna
538 2061 9 30 i
573 2060 185 31 riksstaten
782 2061 10 30 i
816 2061 186 30 huvudsak
1025 2064 170 34 upptagas
1218 2062 11 30 i
1253 2062 149 36 enlighet
1424 2062 81 30 med
1526 2062 85 30 riks-

103 2111 353 36 räkenskapsverkets
483 2116 113 27 senast
621 2111 196 37 framlagda
841 2112 242 36 beräkningar.
1110 2112 193 37 Anledning
1328 2113 66 29 har
1420 2113 88 30 dock
1536 2112 77 31 icke

105 2164 96 34 synts
230 2162 378 36 departementschefen
637 2162 165 37 föreligga
833 2165 49 29 att
910 2163 137 36 vidtaga
1078 2163 148 36 ändring
1255 2173 42 21 av
1325 2164 43 30 de
1395 2163 136 38 belopp,
1561 2163 50 29 till

103 2211 94 31 vilka
218 2212 175 30 tullmedel
413 2212 65 30 och
500 2212 540 37 rusdrycksförsäljningsmedel:
1062 2213 356 37 detaljhandelsbolag
1438 2214 173 35 upptagits

103 2262 10 29 i
135 2261 449 37 statsverkspropositionen
603 2263 82 30 eller
704 2265 50 28 att
772 2263 83 35 höja
872 2263 242 36 omsättnings-
1137 2263 65 30 och
1221 2263 391 37 utskänkningsskatten

103 2310 20 31 å
143 2311 234 36 spritdrycker
395 2313 122 29 utöver
534 2313 55 29 det
607 2322 43 21 av
669 2313 318 36 kontrollstyrelsen
1007 2313 199 30 beräknade
1226 2313 169 36 beloppet,
1417 2314 64 30 290
1499 2313 111 36 miljo-

105 2371 60 20 ner
192 2362 138 30 kronor.
355 2362 389 36 Departementschefen
770 2363 64 30 har
856 2362 119 31 vidare
998 2363 173 37 tillstyrkt,
1197 2366 48 27 att
1270 2364 55 29 det
1349 2374 42 20 av
1415 2364 195 30 riksräken-

105 2412 224 36 skapsverket
347 2412 200 31 beräknade
566 2413 208 31 överskottet
796 2413 55 30 för
869 2414 198 35 postverket
1087 2413 99 36 höjes
1210 2414 77 30 med
1309 2415 19 28 2
1351 2413 163 37 miljoner
1534 2414 76 30 kro-

104 2472 63 21 nor
189 2462 50 31 (ill
260 2463 42 30 46
321 2462 163 37 miljoner
504 2464 137 31 kronor.
