2285 2814
488 256 40 30 28
863 251 263 32 Konstitutions-
1136 250 173 33 Utskottets
1338 250 175 33 Utlåtande
1536 249 67 32 N:o
1628 250 30 30 8.

447 346 84 29 utan
578 338 64 35 ock
681 337 145 40 sådana,
868 348 77 23 som
987 348 41 21 ur
1069 334 145 35 unionel
1249 333 186 49 synpunkt
1469 338 61 30 äro
1560 333 38 34 af
1623 333 40 34 så
1692 338 74 29 stor
1794 331 82 48 vigt,
1906 337 52 29 att
1986 331 61 35 det

447 391 77 35 icke
566 391 63 34 bör
669 388 199 48 medgifvas
908 388 61 34 det
996 399 66 22 ena
1090 386 111 35 rikets
1231 392 232 40 statsmagter
1493 391 52 29 att
1568 384 159 48 ensidigt
1754 383 171 35 förändra
1952 383 93 40 dem,

447 443 11 34 i
500 442 143 35 hvilken
685 439 158 48 riktning
881 444 45 30 än
967 439 99 34 detta
1098 438 112 34 måtte
1244 437 72 35 ske.
1370 437 55 35 De
1454 436 233 48 stadganden,
1716 434 122 35 hvilka
1866 435 39 34 af
1930 435 116 34 denna

445 493 192 47 anledning
677 491 203 48 föreslagits
922 496 52 29 att
1014 503 40 21 ur
1092 489 142 34 rikenas
1276 489 216 47 grundlagar
1530 488 10 34 i
1570 486 309 48 Föreningsakten
1909 485 136 48 inflyta,

447 546 66 35 och
546 544 120 35 hvilka
697 543 11 34 i
736 542 201 35 Riksakten
967 541 140 40 saknas,
1136 546 60 29 äro
1225 540 171 48 följande:
1437 537 18 48 $
1491 543 31 37 3,
1551 552 57 21 om
1639 538 224 47 Konungens
1892 543 72 29 rätt
1991 536 56 36 till

446 596 182 50 personlig
656 594 107 48 helgd
792 594 65 35 och
887 592 269 40 ansvarsfrihet,
1187 592 145 34 hemtad
1361 592 80 35 från
1472 590 161 47 Sveriges
1651 588 291 49 Regeringsform
1975 585 18 48 $
2021 588 26 35 3

447 650 67 34 och
541 647 139 48 Norges
705 646 186 47 Grundlag
920 642 17 48 $
969 649 34 36 5;
1022 662 47 5 —
1097 640 18 49 $
1145 647 31 38 4,
1193 656 57 22 om
1265 643 225 49 Konungens
1507 643 66 35 och
1589 642 58 35 till
1663 640 244 49 thronföljden
1926 640 119 35 berät-

444 701 119 49 tigade
604 699 165 36 Prinsars
807 697 161 48 religion,
1010 696 80 35 från
1132 695 353 48 Regeringsformens
1524 691 17 49 $
1583 694 34 40 2,
1658 692 388 37 Successions-ordnin-

444 765 85 35 gens
558 748 18 49 $
605 751 24 35 4
658 750 65 36 och
751 749 138 48 Norges
918 748 188 48 Grundlag
1134 744 17 49 $
1180 754 36 34 4;
1238 743 69 50 --$
1339 752 17 31 5
1386 760 108 22 mom.
1513 751 16 31 1
1566 745 66 36 och
1660 749 32 37 2,
1713 758 56 22 om
1786 743 180 49 Konungs
1979 743 66 36 och

446 803 269 47 Thronföljares
744 801 345 47 myndighetsålder,
1118 801 79 34 från
1226 799 352 47 Regeringsformens
1607 795 18 48 $
1653 797 47 35 41
1729 798 65 34 och
1824 796 222 48 den
1891 791 20 63 i
1926 796 120 48 enlig-

445 856 62 33 het
535 854 81 33 med
645 849 17 47 $
693 855 19 31 8
741 852 10 33 i
780 851 138 46 Norges
948 850 187 47 Grundlag
1163 851 188 32 utfärdade
1381 850 141 33 Norska
1549 850 58 45 lag
1636 850 37 32 af
1692 849 68 33 den
1780 852 44 31 18
1841 847 75 34 Juli
1936 850 109 36 1815;

451 925 34 4 —
522 900 17 49 $S
571 908 17 31 5
620 903 88 36 sista
735 915 118 26 mom.,
873 914 57 22 om
960 899 297 50 arfsberättigade
1278 899 167 36 Prinsars
1466 899 215 49 uppfostran
1697 898 66 35 och
1779 896 266 48 undervisning,

444 959 80 33 från
552 953 455 46 Successions-ordningens
1036 949 17 48 $
1081 953 105 42 4;—
1210 949 18 47 $
1258 956 19 30 6
1300 965 57 21 om
1372 951 224 47 Konungens
1612 950 230 39 residensort,
1858 949 79 35 från
1956 948 90 35 Nor-

445 1021 61 36 ges
535 1005 186 48 Grundlag
749 1001 18 48 $
799 1009 59 36 11;
888 1023 24 2 —
963 1004 43 34 de
1034 1004 11 34 i
1074 999 17 49 I
1117 1006 19 33 8
1166 1002 158 35 uttalade
1354 1003 233 47 grundsatser
1615 1014 57 21 om
1702 1000 226 47 Konungens
1950 1006 98 41 magt

445 1059 67 36 och
536 1057 170 47 ställning
733 1056 55 35 till
817 1055 62 36 sitt
900 1056 73 40 råd,
994 1056 81 33 från
1108 1053 349 48 f/tegeringsformens
1490 1049 18 49 $
1543 1053 24 34 4
1596 1053 66 34 och
1691 1051 139 47 Norges
1860 1050 188 48 Grundlag

445 1107 40 49 $$
516 1113 31 37 3,
578 1113 30 36 5,
639 1111 59 36 12;
727 1129 47 4 —
802 1103 40 49 $$
874 1110 43 31 12
947 1106 66 35 och
1045 1109 53 37 13,
1128 1118 57 21 om
1214 1105 114 34 vilkor
1355 1105 55 34 för
1439 1105 147 34 arfsrätt
1612 1104 56 33 till
1696 1104 148 38 kronan,
1861 1103 184 34 äfvensom

445 1162 112 35 andra
589 1159 222 47 stadganden
840 1158 150 34 rörande
1019 1156 149 35 Prinsar
1196 1156 66 34 och
1290 1155 211 35 Prinsessor
1530 1155 37 34 af
1593 1155 60 34 det
1668 1154 132 46 Kongl.
1819 1153 128 40 Huset,
1968 1153 80 34 från

445 1210 353 49 Regeringsformens
827 1205 17 47 $
873 1208 61 40 44,
963 1206 454 47 Successions-ordningens
1446 1202 39 48 $$
1514 1204 99 37 4--&
1641 1205 65 35 och
1735 1204 139 48 Norges
1903 1203 147 35 Grund-

440 1265 59 47 lag
526 1259 18 49 $
574 1265 61 37 36;
659 1283 48 4 —
734 1259 276 36 bestämmelser
1037 1258 10 35 i
1075 1259 113 47 fjerde
1217 1258 229 47 afdelningen
1464 1256 223 36 beträffande
1704 1255 294 35 handhafvandet
2013 1254 38 34 af

444 1308 257 58 diplomatiska
729 1312 167 38 ärenden,
925 1316 110 28 sättet
1062 1311 55 33 för
1144 1309 162 35 fattande
1336 1309 38 34 af
1399 1309 119 34 beslut
1547 1321 57 21 om
1627 1307 254 47 afhandlingar
1897 1305 66 35 och
1977 1306 72 34 för-

446 1364 98 36 bund
573 1362 81 35 med
683 1361 225 35 främmande
937 1366 138 41 magter
1104 1359 66 35 och
1199 1372 57 22 om
1285 1359 163 48 lyftande
1478 1359 37 34 af
1541 1357 265 48 krigskreditiv,
1824 1357 73 34 till-
1913 1356 66 35 och
1996 1357 52 33 af-

446 1415 160 46 sättning
634 1413 38 34 af
698 1412 157 35 embets-
883 1411 66 35 och
977 1412 217 47 tjeustemän
1215 1411 96 34 inom
1331 1410 460 48 Utrikes-departementet
1810 1408 67 34 och
1908 1407 60 35 vid
1988 1407 61 35 be-

446 1466 286 46 skickningarne,
762 1464 186 34 äfvensom
977 1462 179 40 konsuler,
1185 1462 79 34 från
1293 1461 353 47 Regeringsformens
1675 1456 39 48 $$
1744 1460 52 40 11,
1825 1457 133 43 12,28,
1986 1458 63 41 32,

445 1518 54 35 35
527 1517 60 34 och
609 1516 69 40 63;
705 1538 49 3 —
782 1511 17 47 $
830 1518 45 31 30
904 1527 107 21 mom.
1042 1518 30 35 1,
1101 1527 58 21 om
1176 1513 224 47 Konungens
1417 1518 71 29 rätt
1502 1519 51 28 att
1568 1512 76 34 föra
1657 1511 128 47 högsta
1800 1510 135 35 befälet
1951 1510 98 34 öfver

444 1569 255 46 krigsmagten,
727 1566 80 34 från
831 1565 352 46 Regeringsformens
1212 1560 17 48 $
1259 1564 45 34 /4
1321 1563 66 35 och
1409 1563 138 48 Norges
1573 1562 188 47 Grundlag
1785 1558 18 48 $
1826 1565 61 36 25;
1913 1580 44 3 —
1988 1566 60 29 vä-

445 1618 179 48 sendtliga
652 1617 98 35 delar
778 1617 38 34 af
842 1612 39 48 $$
912 1619 156 36 30—32,
1098 1628 57 22 om
1184 1614 225 48 Konungens
1443 1614 309 48 dispositionsrätt
1780 1613 98 34 öfver
1906 1612 142 35 rikenas

446 1670 209 47 krigsmagt,
690 1674 94 28 samt
824 1672 71 29 rätt
923 1673 52 28 att
1013 1667 134 33 inkalla
1175 1666 226 34 främmande
1429 1672 149 41 trupper
1606 1665 11 34 i
1637 1665 134 39 rikena,
1801 1664 79 34 från
1909 1663 138 47 Norges

446 1720 188 46 Grundlag
673 1715 17 48 $
733 1721 61 36 25;
829 1735 43 4 —
913 1714 17 48 $
974 1720 56 37 33,
1064 1730 58 21 om
1155 1717 192 47 afgörande
1372 1717 39 33 af
1436 1717 95 34 vissa
1558 1714 295 36 kommandomål
1882 1714 66 34 och
1975 1714 74 34 till-

446 1771 167 35 kallande
643 1770 38 34 af
706 1769 174 46 krigsråd,
909 1769 80 33 från
1017 1767 354 48 Regeringsformens
1400 1764 17 48 SV
1446 1768 62 41 15;
1538 1785 42 4 —
1612 1762 18 48 $
1653 1769 56 37 38,
1724 1779 58 21 om
1799 1765 193 35 anvisande
2012 1765 37 34 af

440 1820 266 49 krigskreditiv,
733 1819 80 35 från
841 1818 353 48 Regeringsformens
1210 1815 102 48 $63;
1340 1840 49 4 —
1417 1818 166 47 samtliga
1607 1816 249 48 stadganden
1831 1811 20 62 i
1875 1816 103 47 sjette
1996 1817 52 33 af-

444 1872 191 47 delningen
665 1884 57 21 om
751 1871 142 33 rikenas
915 1870 163 47 styrelse,
1107 1870 46 34 då
1173 1869 205 47 Konungen
1407 1869 64 34 har
1499 1868 132 39 förfall,
1660 1874 95 28 samt
1785 1867 111 35 under
1923 1866 124 35 thron-

443 1923 170 47 ledighet,
644 1922 84 34 med
761 1921 182 46 undantag
972 1920 37 35 af
1035 1920 321 35 bestämmelserna
1386 1933 57 21 om
1473 1919 356 47 Interimsregerings
1865 1930 182 22 samman-

447 1973 169 47 sättning,
658 1977 76 30 säte
776 1971 66 35 och
870 1971 239 40 verksamhet,
1142 1971 186 34 äfvensom
1358 1983 57 22 om
1444 1971 229 47 regeringens
1697 1970 150 34 förande
1877 1974 64 29 när
1969 1964 78 48 Ko-

446 2037 98 34 nung
584 2029 39 29 är
663 2022 182 48 omyndig,
884 2023 148 33 hvarom
1061 2022 144 46 stadgas
1234 2022 10 34 i
1273 2021 212 41 Riksakten,
1513 2022 80 34 från
1625 2020 353 46 Regeringsformens
2007 2015 39 48 $$

449 2074 164 40 39—42,
642 2072 160 41 91—95,
831 2073 67 34 och
927 2072 137 48 Norges
1093 2072 187 48 Grundlag
1309 2068 39 48 $$
1379 2076 157 36 39—42,
1565 2076 61 36 46;
1661 2090 36 4 —
1732 2067 17 49 $
1771 2074 57 37 68,
1845 2083 58 22 om
1917 2070 128 34 utlem-

448 2126 115 34 nande
606 2125 37 34 af
674 2125 43 34 de
745 2124 9 34 i
786 2124 167 34 unionela
980 2124 156 34 ärenden
1165 2124 94 34 inför
1287 2123 206 48 Konungen
1526 2123 102 35 förda
1655 2122 178 49 protokoll
1864 2121 82 34 med
1975 2121 71 34 till-

443 2177 158 34 hörande
630 2175 223 47 handlingar,
882 2175 80 34 från
978 2174 352 49 Regeringsformens
1346 2170 17 48 $
1379 2175 82 40 105,
1483 2172 528 49 Tryckfrihets-förordningens
2028 2168 17 48 $

446 2228 25 34 2
500 2227 66 35 och
594 2226 138 47 Norges
761 2225 188 48 Grundlag
977 2222 18 48 $
1024 2227 62 39 75;
1115 2225 196 48 hvarjemte
1340 2238 128 35 genom
1498 2226 42 34 de
1569 2225 204 47 föreslagna
1801 2223 245 47 stadgandena

445 2291 58 22 om
532 2278 56 35 val
617 2278 38 34 af
682 2277 168 40 Konunz,
878 2276 245 48 thronföljare,
1146 2282 124 42 regent
1298 2277 66 34 och
1393 2276 215 48 regentskap
1629 2274 416 49 Riksdags-ordningens

443 2328 48 35 66
519 2328 59 35 och
606 2327 44 35 67
679 2324 39 49 $$
748 2328 115 35 skulle
891 2327 135 35 förlora
1053 2327 164 48 gällande
1246 2327 108 35 kraft.
1408 2327 178 48 Slutligen
1614 2327 101 34 torde
1744 2326 11 34 i
1784 2324 261 48 sammanhang
