2218 2616
345 209 121 34 Första
489 209 218 33 Kammarens
735 206 184 43 Tillfälliga
950 203 141 37 Utskotts
1114 205 80 42 (N:o
1219 204 39 41 2)
1290 199 174 37 Utlåtande
1488 201 64 32 N:o
1576 202 56 31 20.
1770 195 16 34 1

847 935 71 25 Ank.,
939 934 46 25 till
1003 933 95 25 Riksd.
1117 931 94 26 kansli
1230 931 54 25 den
1304 928 14 27 7
1338 929 55 31 maj
1415 928 78 32 1903,
1512 928 38 25 kl.
1571 928 15 24 2
1606 935 22 18 e.
1649 934 35 18 m.

403 1083 132 36 Första
577 1081 240 36 Kammarens
846 1079 116 36 andra
990 1077 185 45 tillfälliga
1216 1074 145 38 utskotts
1396 1072 180 37 utlåtande
1604 1082 57 25 n:o
1690 1072 59 42 11,
1780 1069 15 36 i

617 1152 190 45 anledning
846 1150 50 44 af
926 1151 100 35 väckt
1061 1149 127 35 motion
1217 1159 56 24 om
1300 1145 184 44 skrifvelse
1511 1143 54 36 till
1592 1143 200 44 Konungen

619 1224 178 45 angående
831 1222 249 44 förändrande
1115 1219 48 44 af
1188 1220 108 34 rikets
1330 1216 165 46 samtliga
1529 1215 263 35 medikaments-

611 1295 136 44 förråd
766 1294 60 36 och
838 1293 218 45 filialapotek
1070 1291 54 36 till
1138 1289 256 45 själfständiga
1410 1284 383 49 apoteksinrättningar

616 1379 45 24 m.
692 1378 46 25 Mm.

296 1531 20 36 I
343 1531 85 35 herr
456 1528 49 37 H.
537 1526 187 39 Hedlunds
751 1527 98 36 inom
879 1525 128 37 Andra
1035 1524 223 36 Kammaren
1287 1521 130 38 väckta
1446 1518 146 46 motion,
1622 1530 59 24 n:o
1706 1519 85 42 134,

191 1586 13 36 i
232 1587 110 36 hvars
371 1584 95 48 syfte
495 1584 85 35 herr
611 1583 37 35 C.
686 1582 184 44 Vahlquist
897 1580 161 43 instämt,
1089 1577 162 44 föreslås,

305 1640 74 33 »att
406 1637 214 46 Riksdagen
648 1635 87 36 ville
764 1634 14 36 i
806 1633 193 37 skrifvelse
1027 1631 59 36 till
1112 1630 139 47 Kungl.
1282 1628 108 49 Maj:t
1417 1626 201 44 hemställa,

300 1692 61 35 det
387 1690 137 46 Kungl.
554 1688 109 48 Maj:t
691 1687 141 36 täcktes
861 1689 46 45 gå
936 1686 13 35 i
977 1684 218 46 författning
1224 1695 57 23 om
1310 1685 53 33 att
1391 1681 138 46 frigöra
1551 1679 115 35 rikets
1686 1680 108 33 samt-

192 1746 76 46 liga
296 1742 389 38 medikamentsförråd
713 1741 68 36 och
809 1741 56 35 för
893 1741 38 35 så
958 1739 79 36 vidt
1065 1738 64 35 ske
1158 1737 75 35 kan
1262 1735 107 36 äfven
1392 1732 222 48 filialapotek
1634 1731 67 36 och
1720 1731 75 34 låta

193 1800 81 35 dem
317 1798 13 35 i
371 1796 125 47 vanlig
535 1795 157 47 ordning
725 1794 187 47 kungöras
939 1792 59 36 till
1027 1791 161 36 ansökan
1216 1789 132 47 lediga,
1379 1788 44 35 de
1452 1789 46 45 på
1527 1784 185 38 obestämd
1740 1782 55 37 tid

192 1851 181 49 beviljade
401 1853 130 45 genast
559 1849 67 36 och
654 1849 44 35 de
727 1850 46 45 på
802 1846 74 37 viss
904 1845 56 37 tid
987 1844 192 49 beviljade,
1210 1845 39 34 så
1278 1844 100 34 snart
1398 1841 104 35 deras
1522 1838 115 49 oktroj
1660 1839 133 46 utgått,

193 1906 68 36 och
303 1907 57 34 må
398 1904 130 36 endast
563 1904 44 34 de
635 1900 391 38 medikamentsförråd
1054 1898 68 37 och
1150 1895 200 38 eventuellt
1377 1893 237 48 filialapotek,
1645 1890 151 38 hvartill

193 1959 83 36 icke
304 1959 235 46 kompetenta
568 1956 160 36 sökande
757 1955 142 36 anmäla
927 1954 66 46 sig,
1024 1953 55 35 för
1107 1964 45 23 en
1180 1950 77 37 viss
1285 1950 146 35 kortare
1450 1948 55 35 tid
1525 1949 115 33 såsom
1661 1945 135 35 sådana

193 2011 213 44 bibehållas,
437 2010 184 37 hvarefter
650 2010 44 34 de
723 2011 94 44 ånyo
845 2007 184 47 kungöras
1055 2005 121 46 lediga
1209 2006 115 33 såsom
1358 2000 253 50 själfständiga
1631 1997 165 49 apoteks-

194 2064 263 47 inrättningar;

303 2118 61 35 det
405 2116 138 46 Kungl.
584 2114 107 49 Maj:t
716 2116 109 33 måtte
853 2112 153 44 besluta,
1036 2113 63 42 att,
1130 2110 66 35 där
1224 2120 74 36 nya
1325 2104 391 39 medikamentsförråd
1744 2102 53 36 in-

196 2175 124 40 rättas,
365 2170 43 35 de
451 2170 13 35 i
506 2169 113 35 första
660 2167 100 36 hand
802 2166 102 36 skola
938 2163 280 48 ledigförklaras
1247 2173 74 24 som
1351 2158 254 51 själfständiga
1633 2156 164 48 apoteks-

196 2223 247 47 inrättningar
477 2225 93 33 samt
604 2224 53 33 att
686 2221 44 35 de
759 2220 128 35 endast
915 2217 13 37 i
957 2218 70 35 den
1055 2219 95 42 mån,
1181 2215 234 47 kompetenta
1443 2213 161 36 sökande
1631 2210 58 36 till
1718 2210 79 35 dem

198 2278 145 44 saknas,
374 2276 102 36 skola
505 2275 120 36 ställas
654 2274 117 36 under
799 2271 244 48 stamapotek;

243 2339 75 33 Bih.
345 2337 48 33 till
417 2337 112 33 Riksd.
556 2336 85 33 Prot.
667 2338 98 30 1903.
815 2336 21 31 8
853 2333 98 34 Saml.
977 2333 24 32 2
1017 2331 78 43 Afd.
1131 2333 9 29 1
1158 2330 109 33 Band.
1297 2331 42 30 19
1357 2327 95 43 Häft.
1481 2327 81 41 (N:o
1578 2326 73 40 20).
1736 2324 15 30 1
