2208 2626
368 158 21 28 4
580 156 119 30 Första
726 155 203 30 kammarens
953 155 115 31 andra
1093 152 169 41 tulfälliga
1286 154 136 30 utskolts
1447 153 166 31 utlåtande
1638 153 53 31 Nr
1716 156 50 28 11.

1640 241 124 41 Bilaga
1788 242 31 30 A
1845 245 28 28 1.

475 325 67 32 Till
567 326 108 31 första
700 324 218 31 kammarens
943 322 105 32 andra
1073 322 170 41 tillfälliga
1267 323 140 32 utskott.

476 415 15 31 I
516 414 163 33 skrivelse
704 423 42 21 av
771 412 67 32 den
865 414 16 29 7
908 411 232 33 innevarande
1157 410 153 32 februari
1327 411 62 32 har
1405 411 164 33 utskottet
1585 411 154 38 anhållit,
1757 415 50 28 att
1825 412 159 32 fullmäk-

368 461 68 41 tige
460 460 11 31 i
495 458 329 42 riksgäldskontoret
848 456 79 32 ville
952 457 124 40 avgiva
1105 455 159 42 yttrande
1288 460 83 28 över
1394 466 43 22 en
1461 455 94 32 inom
1581 456 108 33 första
1713 457 201 32 kammaren
1939 467 44 22 av

367 505 79 31 herr
469 503 201 33 Bäckström
695 502 101 32 väckt
820 501 131 32 motion
974 512 40 20 nr
1040 501 64 31 199
1129 511 56 21 om
1210 500 214 33 utverkande
1441 511 43 21 av
1501 500 163 42 rättighet
1680 500 50 33 till
1748 501 235 41 utskänkning

368 560 44 21 av
436 549 33 32 öl
493 548 62 32 och
581 548 61 32 vin
667 547 11 31 i
702 546 402 41 riksdagsrestauranten.

474 593 79 31 Med
589 591 187 41 anledning
811 590 108 32 härav
955 590 82 41 vilja
1072 589 228 42 fullmäktige,
1327 600 74 22 som
1425 600 81 21 anse
1531 590 53 41 sig
1608 590 83 32 böra
1715 590 186 32 inskränka
1925 591 57 32 sitt

367 638 159 41 yttrande
550 637 53 33 till
626 637 140 41 frågans
790 635 224 32 ekonomiska
1038 634 84 39 sida,
1148 634 121 32 anföra
1292 634 164 41 följande.

474 682 119 32 Under
616 681 68 32 den
707 680 60 38 tid,
793 690 75 22 som
892 679 150 33 förflutit
1066 679 87 32 efter
1178 679 85 31 1913
1288 680 54 31 års
1366 679 156 41 riksdags
1539 679 113 32 beslut
1668 690 57 21 om
1743 679 240 41 borttagandet

366 738 43 21 av
434 726 236 40 utskänkning
694 735 43 22 av
762 724 191 42 spirituosa,
979 724 57 32 vin
1061 724 65 32 och
1149 723 34 32 öl
1206 723 94 33 inom
1325 723 265 41 riksdagshuset,
1616 723 64 32 har
1700 723 282 42 riksdagsrestau-

367 776 120 28 ranten
511 770 177 32 innehafts
712 769 71 32 dels
808 779 43 22 av
875 772 50 29 tre
951 768 155 33 enskilda
1130 778 161 32 personer
1315 768 72 32 dels
1413 768 62 32 ock
1499 778 43 22 av
1568 768 218 32 Stockholms
1807 768 174 32 allmänna

367 814 398 41 restaurantaktiebolag,
791 824 73 22 som
901 813 213 33 fortfarande
1150 816 122 29 utövar
1296 812 149 33 rörelsen
1469 812 11 31 i
1504 813 109 41 fråga.
1663 812 242 42 Anledningen
1929 813 52 32 till

366 861 42 32 de
433 864 70 29 täta
527 860 186 41 ombytena
737 869 43 21 av
805 858 209 32 innehavare
1037 857 64 32 har
1125 856 152 42 ständigt
1300 857 89 32 varit
1405 857 212 37 densamma,
1635 857 176 41 nämligen
1828 856 152 43 omöjlig-

366 906 102 32 heten
504 909 49 29 att
589 915 44 22 av
657 903 341 33 restaurantrörelsen
1022 902 130 32 erhålla
1176 905 48 29 ett
1248 902 216 32 ekonomiskt
1487 901 317 33 tillfredsställande
1829 901 151 33 resultat.

474 950 102 32 Detta
600 947 214 33 förhållande
839 948 62 31 har
926 947 202 38 förorsakat,
1154 950 48 29 att
1225 946 329 42 riksgäldskontoret
1578 946 111 32 under
1713 956 118 23 senare
1848 946 133 33 hälften

366 1005 44 22 av
446 996 37 30 år
515 995 86 31 1919
627 994 89 31 måst
739 994 125 40 påtaga
889 992 51 42 sig
964 995 160 39 ansvaret
1147 992 54 31 för
1224 991 126 32 förlust
1373 992 20 30 å
1417 991 158 32 rörelsen.
1625 991 113 32 Sedan
1763 991 217 42 fullmäktige

365 1040 88 32 efter
490 1039 87 32 1919
613 1040 54 30 års
703 1037 141 41 lagtima
879 1036 156 42 riksdags
1060 1036 203 32 avslutande
1288 1035 169 33 infordrat
1481 1035 118 33 anbud
1623 1036 21 30 å
1668 1035 246 42 övertagandet
1937 1046 44 22 av

366 1087 247 34 restauranten,
650 1082 177 32 inkommo
852 1081 201 42 visserligen
1077 1084 50 29 tre
1152 1080 137 39 sådana,
1315 1090 80 22 men
1419 1082 123 39 ansågs
1567 1080 87 32 intet
1677 1090 44 23 av
1745 1080 97 33 dessa
1866 1083 114 39 antag-

365 1128 71 42 ligt.
485 1126 274 42 Förhandlingar
794 1126 155 33 inleddes
984 1126 117 31 därför
1137 1125 78 32 med
1245 1125 216 32 Stockholms
1486 1125 176 32 allmänna
1686 1125 294 32 restaurantaktie-

365 1173 110 42 bolag,
502 1183 74 22 som
601 1171 193 33 förklarade
820 1171 52 42 sig
896 1171 110 41 villigt
1030 1173 50 29 att
1104 1170 98 32 driva
1226 1170 150 32 rörelsen
1400 1171 45 40 på
1460 1169 92 32 vissa
1569 1179 43 22 av
1630 1169 138 41 bolaget
1784 1169 196 41 uppställda

365 1217 132 33 villkor.
547 1217 16 31 I
588 1216 108 32 likhet
719 1215 80 32 med
822 1216 206 40 föregående
1053 1215 210 32 innehavare
1287 1214 110 33 skulle
1421 1214 135 41 bolaget
1577 1214 205 42 avgiftsfritt
1799 1214 182 41 disponera

365 1262 42 32 de
442 1262 54 32 för
532 1261 151 33 rörelsen
717 1259 152 34 avsedda
904 1260 173 32 lokalerna
1103 1260 10 30 i
1137 1259 260 41 riksdagshuset
1427 1258 78 32 med
1530 1258 206 33 tillhörande
1760 1258 132 32 möbler
1916 1258 63 33 och

365 1306 217 38 inventarier,
607 1305 168 42 varjämte
811 1304 329 42 riksgäldskontoret
1175 1304 109 31 skulle
1324 1303 139 32 bekosta
1498 1303 192 32 lokalernas
1722 1303 258 42 uppvärmning

363 1351 66 33 och
453 1351 193 41 belysning.
693 1350 194 32 Därutöver
912 1348 182 42 betingade
1120 1349 51 41 sig
1196 1348 136 41 bolaget
1355 1347 257 33 nedanstående
1637 1349 187 31 förmåner:

473 1395 64 41 1:0)
561 1399 48 29 ett
630 1394 126 33 arvode
773 1405 44 21 av
836 1394 96 39 1,000
949 1395 125 31 kronor
1091 1394 54 32 för
1162 1393 95 41 varje
1274 1393 301 37 kalendermånad,
1593 1392 111 33 under
1720 1392 115 33 vilken
1854 1395 125 29 restau-

363 1444 122 29 ranten
508 1440 73 32 belt
605 1440 80 32 eller
709 1439 108 32 delvis
841 1439 90 33 varit
955 1443 126 37 öppen;

472 1486 65 38 2:0)
570 1488 48 29 ett
654 1484 133 41 belopp,
813 1483 241 33 motsvarande
1093 1484 16 30 7
1126 1483 40 37 &
1203 1482 85 41 årlig
1325 1486 97 28 ränta
1447 1484 18 29 å
1489 1482 54 32 för
1579 1482 150 32 rörelsen
1761 1481 217 42 erforderligt

363 1529 261 42 förlagskapital
648 1539 43 21 av
716 1529 121 37 20,000
862 1528 134 32 kronor.

470 1574 66 41 3:0)
560 1574 56 32 för
640 1573 148 32 rörelsen
812 1573 223 41 erforderliga
1060 1571 387 41 förbrukningsartiklar
1472 1571 64 32 och
1560 1570 209 33 inventarier
1794 1570 109 33 skulle
1917 1571 61 31 till-

363 1619 225 32 handahållas
613 1628 44 22 av
682 1617 335 42 riksgäldskontoret.

470 1663 126 32 Tillika
621 1662 119 38 skulle,
765 1662 114 33 därest
902 1662 124 33 förlust
1049 1663 20 30 å
1093 1661 149 32 rörelsen
1266 1660 178 42 uppstode,
1472 1659 153 42 bolagets
1649 1659 127 33 arvode
1800 1659 82 32 ökas
1899 1660 79 32 med

362 1708 135 42 belopp,
523 1707 243 33 motsvarande
791 1707 67 32 den
882 1707 202 42 uppkomna
1107 1706 178 32 förlusten.
1334 1704 116 33 Skulle
1474 1706 72 30 åter
1569 1704 94 32 vinst
1686 1706 127 39 uppstå
1836 1706 20 29 å
1880 1705 98 31 rörel-

363 1762 70 29 sen,
458 1752 110 33 skulle
593 1751 255 42 vinstbeloppet
873 1753 43 40 gå
939 1752 11 30 i
974 1751 194 40 avräkning
1191 1752 21 29 å
1235 1750 57 32 det
1316 1749 192 33 fastställda
1532 1749 152 32 arvodet.

468 1796 49 33 På
552 1797 99 32 dessa
686 1796 152 41 grunder
873 1795 221 43 upprättades
1130 1795 80 32 med
1234 1795 137 40 bolaget
1394 1794 161 32 kontrakt
1580 1793 65 32 den
1674 1796 12 28 1
1717 1794 138 41 augusti
1881 1795 95 37 1919,

362 1841 107 32 vilket
504 1842 195 31 sedermera
734 1841 288 41 kompletterades
1058 1840 80 32 med
1163 1838 333 34 överenskommelse
1522 1849 56 22 om
1604 1849 43 22 en
1671 1838 167 41 månatlig
1861 1842 115 29 ersätt-

362 1886 84 41 ning
480 1885 52 33 till
569 1885 137 42 bolaget
741 1885 66 32 dels
842 1895 44 22 av
923 1885 64 32 250
1022 1885 128 32 kronor
1177 1884 54 32 för
1255 1884 87 41 hyra
1366 1894 43 22 av
1434 1883 133 33 diverse
1591 1882 297 33 köksinventarier
1912 1883 65 32 och

362 1931 116 37 servis,
505 1930 67 32 dels
596 1930 58 31 ock
677 1940 43 22 av
747 1930 63 31 125
834 1930 127 32 kronor
984 1930 54 31 för
1062 1929 88 42 hyra
1173 1939 43 21 av
1241 1927 161 34 bostäder
1424 1930 34 30 åt
1482 1928 70 32 viss
1580 1927 168 42 personal.

468 1974 225 33 Beträffande
729 1974 348 42 serveringspriserna
1112 1973 190 32 innehåller
1337 1972 195 33 kontraktet
1560 1972 30 41 ej
1617 1974 108 40 några
1747 1972 228 38 föreskrifter;

360 2019 98 33 dessa
482 2020 110 40 priser
615 2022 292 30 överensstämma
931 2018 189 33 emellertid
1137 2018 10 31 i
1165 2021 84 29 stort
1273 2020 66 30 sett
1362 2017 78 33 med
1465 2017 89 38 dem,
1577 2016 94 33 vilka
1696 2016 89 42 gälla
1809 2017 55 31 för
1887 2016 89 32 bola-

360 2068 74 37 gets
458 2063 409 34 III-klass-restauranter.

404 2108 144 33 Jämlikt
581 2108 237 32 ovanberörda
842 2108 161 33 kontrakt
1027 2107 79 33 med
1133 2107 134 40 bolaget
1291 2107 139 41 inköpte
1454 2105 328 43 riksgäldskontoret
1806 2105 110 32 under
1939 2107 37 30 år

363 2154 85 31 1919
483 2153 135 33 diverse
651 2152 208 33 inventarier
886 2171 44 4 —
954 2152 142 39 möbler,
1122 2152 117 37 servis,
1263 2151 94 32 linne
1382 2161 45 22 m.
1452 2161 45 21 m.
1516 2169 44 4 —
1583 2150 55 32 för
1669 2161 42 22 en
1736 2149 240 42 sammanlagd

360 2197 145 33 kostnad
529 2208 43 22 av
598 2197 159 41 omkring
781 2198 122 38 23,000
927 2197 135 33 kronor.
1100 2196 180 42 Härjämte
1305 2196 91 32 hava
1420 2195 132 33 möbler
1576 2195 153 32 beställts
1746 2195 55 31 för
1817 2194 159 41 omkring

364 2242 119 38 16,000
507 2242 135 33 kronor.

468 2287 121 33 Såsom
614 2297 43 22 av
682 2286 232 33 ovanstående
938 2287 163 40 framgår,
1128 2285 113 33 drives
1266 2284 395 33 restaurationsrörelsen
1683 2285 54 31 för
1761 2283 214 33 närvarande
