2199 2643
735 198 254 34 Statsutskottets
1019 199 171 33 Utlåtande
1213 200 61 31 N:o
1298 199 49 34 52.
1787 198 16 34 7

248 279 224 39 kontraktet
515 281 84 37 med
641 272 152 58 Åsberg
825 280 128 37 kunde
982 280 176 50 upphöra
1183 280 62 37 vid
1275 293 99 23 mars
1406 280 158 37 månads
1594 280 76 37 slut
1698 280 149 37 hvilket

250 337 41 33 år
319 348 81 22 som
431 334 101 36 helst
553 334 96 36 efter
669 346 67 24 sex
758 333 200 36 månaders
975 333 258 49 uppsägning.
1276 332 136 49 Enligt
1428 333 99 36 hvad
1546 332 302 50 departements-

251 386 134 37 chefen
415 386 191 37 inhemtat
634 399 92 23 voro
756 385 211 37 emellertid
998 385 45 36 de
1072 385 294 49 ifrågavarande
1403 384 298 49 lägenheternas
1731 386 116 36 värde

252 439 84 36 icke
366 438 217 49 obetydligt
612 443 121 31 större
763 443 46 31 än
835 438 46 35 de
910 437 144 36 utfästa
1082 438 336 36 arrendevilkoren
1448 438 176 48 angåfve,
1664 438 184 36 ehuruviäl

254 491 180 36 arrendet
461 490 72 36 fått
561 491 41 36 af
625 482 187 57 Åsberg
798 478 25 65 i
842 490 96 36 hans
968 490 197 48 egenskap
1194 489 41 37 af
1259 490 166 48 gammal
1455 490 208 49 trotjenare
1692 490 71 36 hos
1784 490 64 36 det

254 543 141 48 Kongl.
440 543 112 36 huset
594 543 219 48 öfvertagas
855 545 47 46 på
944 542 166 36 nämnda
1153 543 57 36 för
1253 542 137 36 honom
1427 542 254 50 fördelaktiga
1712 542 134 37 vilkor.

253 596 57 36 Då
352 595 179 36 arrendet
564 596 152 36 komme
759 601 55 30 att
855 594 172 49 upphöra
1070 594 109 37 torde
1221 594 128 37 derför
1389 586 152 58 Åsberg
1582 595 93 37 böra
1703 595 57 36 för
1789 595 59 36 sin

255 648 238 36 återstående
521 647 121 37 lifstid
671 648 152 36 komma
851 647 12 35 i
888 647 222 48 åtnjutande
1139 647 42 36 af
1204 660 47 23 en
1281 647 97 48 årlig
1405 647 173 49 pension,
1609 647 239 48 någorlunda

255 700 270 36 motsvarande
568 700 134 37 värdet
745 700 41 36 af
823 700 71 36 den
938 699 202 49 upphörda
1181 699 209 37 förmånen.
1447 699 89 37 Som
1570 700 140 49 Kongl.
1742 700 107 47 Maj:t

254 752 86 37 icke
381 752 117 37 borde
540 753 166 36 drabbas
735 752 41 36 af
800 751 188 37 särskilda
1017 752 160 49 utgifter
1206 755 125 33 såsom
1360 751 94 49 följd
1483 752 42 36 af
1550 751 140 50 Kongl.
1722 752 127 49 Maj:ts

255 804 269 48 medgifvande
567 804 57 36 till
673 804 172 48 Svartsjö
894 804 110 36 slotts
1047 804 232 49 upplåtande
1321 804 57 35 för
1420 804 259 49 fångvårdens
1722 804 125 47 bebhof,

255 857 108 36 torde
392 857 72 36 den
492 856 294 50 ifrågavarande
810 856 211 53 pensionen
1052 857 56 35 till
1138 856 63 36 det
1230 856 148 49 belopp,
1409 856 168 48 hvarom,
1608 856 95 36 efter
1727 856 121 37 skedd

256 908 285 50 uppskattning
570 910 41 35 af
635 910 72 35 den
737 909 145 35 förmån
912 908 151 49 Asberg
1092 908 138 37 hittills
1256 908 40 36 af
1320 909 176 35 arrendet
1530 908 167 48 åtnjutit,
1727 909 123 36 öfver-

257 961 282 36 enskommelse
565 961 127 36 kunde
722 961 138 36 mellan
892 961 137 35 honom
1062 961 70 36 och
1161 960 401 49 fånugvårdsstyrelsen
1587 960 143 48 träffas,
1761 961 89 36 böra

256 1016 92 47 utgå
377 1014 41 35 af
443 1013 136 48 medel,
610 1027 80 23 som
719 1014 107 36 stode
855 1012 58 37 till
941 1013 165 36 nämnda
1136 1013 183 49 styrelses
1349 1012 239 49 disposition.

384 1066 87 36 Med
512 1066 240 49 upplåtelsen
795 1065 58 36 till
889 1065 400 49 fångvårdsstyrelsen
1334 1065 41 35 af
1406 1064 171 49 Svartsjö
1607 1065 91 36 slott
1727 1065 122 36 skulle

256 1118 84 37 icke
370 1118 90 49 följa
489 1118 73 37 den
591 1118 55 36 till
676 1118 131 37 slottet
836 1117 168 36 hörande
1033 1118 105 48 park.
1195 1118 132 35 Denna
1357 1117 93 49 park
1477 1117 97 37 hade
1594 1117 137 36 hittills
1752 1117 98 36 varit

257 1170 82 36 fritt
367 1170 222 50 tillgänglig
632 1171 57 36 för
719 1169 256 37 allmänheten
1005 1170 70 36 och
1105 1170 41 36 af
1172 1170 124 36 denna
1325 1169 85 36 med
1441 1169 192 37 förkärlek
1664 1169 184 37 omfattad

257 1225 122 34 såsom
411 1222 73 36 mål
512 1223 59 36 för
600 1223 361 48 sommarutflygter.
1019 1222 54 36 Då
1103 1223 135 36 endast
1258 1222 65 37 det
1344 1227 168 31 närmast
1534 1222 132 36 slottet
1684 1222 167 48 belägna

257 1275 169 36 området
455 1275 108 36 torde
592 1275 152 36 komma
774 1280 66 42 att,
884 1277 125 34 såsom
1041 1274 165 37 särskild
1240 1274 196 49 inhägnad
1464 1274 113 49 plats,
1607 1275 57 35 för
1693 1277 157 45 tvångs-

259 1327 343 37 arbetsanstaltens
643 1327 120 37 behof
795 1333 110 42 tagas
934 1327 11 35 i
974 1327 177 49 anspråk,
1182 1327 67 36 har
1278 1326 421 49 departementschefen
1724 1334 127 29 ansett

258 1379 145 49 parken
446 1379 235 37 fortfarande
724 1382 122 33 såsom
891 1378 136 36 hittills
1070 1379 129 36 kunna
1242 1379 59 36 för
1343 1378 258 37 allmänheten
1631 1378 120 37 hållas
1776 1378 75 36 till-

256 1431 175 49 gänglig.
488 1432 75 36 Till
605 1431 311 37 förekommande
959 1431 40 36 af
1037 1431 49 36 all
1128 1431 182 37 tvekan
1296 1426 26 58 i
1349 1431 109 48 fråga
1486 1444 59 23 om
1576 1430 274 50 skyldigheten

256 1489 56 31 att
339 1484 222 36 underhålla
592 1484 125 36 denna
741 1484 107 49 park,
877 1483 117 37 borde
1022 1484 265 49 uttryckligen
1314 1482 89 37 böra
1425 1483 169 49 stadgas,
1616 1488 56 31 att
1691 1483 161 37 berörda

259 1535 225 49 skyldighet
514 1536 108 48 ålåge
650 1536 413 48 fångvårdsstyrelsen.

393 1587 126 37 Under
548 1588 230 36 riksstatens
800 1588 118 36 första
946 1586 234 37 hufvudtitel
1205 1586 137 36 funnes
1367 1586 183 49 uppfördt
1579 1592 55 30 ett
1663 1586 189 36 ordinarie

263 1639 134 49 anslag
439 1642 20 33 å
500 1642 136 45 24,600
665 1640 141 36 kronor
834 1640 57 35 till
932 1639 356 47 »Drottningholms
1317 1638 69 36 och
1417 1637 172 49 Svartsjö
1619 1638 121 36 slott».
1796 1639 56 35 Då

262 1692 65 36 det
370 1691 236 37 sistnämnda
648 1692 131 37 slottet
821 1691 120 50 enligt
982 1691 183 49 förslaget
1209 1690 123 37 skulle
1375 1689 141 37 erhålla
1559 1704 47 22 en
1648 1690 58 36 för
1734 1690 118 37 första

263 1744 280 36 hufvudtitelns
586 1744 175 36 ändamål
801 1744 235 36 främmande
1072 1743 258 49 användning,
1366 1742 131 47 borde,
1527 1742 123 48 enligt
1678 1743 174 48 departe-

264 1795 283 37 mentschefens
581 1796 168 49 mening,
791 1796 195 49 anslagets
1025 1795 129 37 rubrik
1196 1794 158 37 sålunda
1384 1794 148 45 ändras,
1558 1800 54 30 att
1642 1794 211 37 detsamma

262 1849 151 35 komme
452 1853 55 32 att
549 1848 78 37 afse
670 1849 161 36 allenast
874 1847 335 49 Drottningholms
1243 1847 103 36 slott.
1402 1847 16 36 I
1443 1846 108 49 fråga
1581 1850 80 33 åter
1695 1859 58 24 om
1789 1860 65 23 an-

262 1901 146 48 slagets
450 1901 140 49 belopp
631 1901 246 47 förekomme,
921 1906 66 40 att,
1018 1900 121 48 enligt
1168 1900 100 35 hvad
1298 1899 285 37 vederbörande
1617 1899 236 36 ståthållare-

263 1953 149 36 embete
441 1954 169 48 upplyst,
642 1953 121 48 årliga
792 1952 440 37 underhållskostnaden
1261 1952 57 35 för
1348 1950 173 50 Svartsjö
1538 1951 313 37 slott
1650 1946 19 60 i
1687 1951 164 37 medeltal

263 2005 121 36 under
425 2008 86 34 åren
560 2007 249 35 1877—1886
853 2005 143 49 utgjort
1038 2004 162 37 allenast
1242 2006 72 35 246
1345 2003 141 37 kronor
1516 2006 45 34 22
1592 2009 74 31 öre.
1721 2003 132 37 Ehuru

263 2057 160 37 sålunda
460 2058 275 47 statsanslaget
776 2057 57 37 till
878 2057 93 37 allra
1000 2062 140 31 största
1170 2056 113 36 delen
1307 2056 146 35 kunnat
1481 2056 195 36 användas
1706 2065 148 27 ensamt

262 2109 56 36 till
347 2110 240 36 underhållet
611 2110 42 36 af
676 2109 335 50 Drottningholms
1040 2109 103 48 slott,
1173 2109 97 36 hade
1299 2108 63 37 det
1391 2107 117 37 likväl
1537 2108 58 36 för
1614 2108 105 36 detta
1740 2108 114 36 ända-

262 2162 73 35 mål
363 2163 101 36 visat
493 2162 60 49 sig
581 2162 259 49 otillräckligt,
871 2162 149 36 hvilket
1053 2161 215 48 framginge
1302 2161 115 47 deraf,
1448 2165 67 42 att,
1536 2161 158 36 oaktadt
1714 2160 140 49 Kongl.

261 2214 107 48 Maj:t
409 2215 41 35 af
488 2227 98 36 egna
629 2214 122 37 medel
794 2213 197 50 tillskjutit
1031 2213 84 37 icke
1158 2212 220 49 obetydliga
1420 2225 167 23 summor
1617 2212 58 37 för
1704 2212 150 36 slottets

260 2266 199 37 underhåll
488 2267 71 36 och
587 2266 242 49 förbättring,
859 2267 12 35 i
901 2266 255 36 slottskassan
1190 2265 117 36 likväl
1350 2264 240 49 uppkommit
1618 2278 46 22 en
1693 2264 162 49 kapital-

261 2318 107 46 brist,
399 2332 81 23 som
512 2319 58 36 vid
603 2320 95 35 1886
730 2321 59 34 års
816 2319 75 36 slut
921 2321 163 46 uppgått
1112 2317 58 36 till
1198 2318 137 47 77,455
1366 2316 151 37 kronor.
1547 2317 67 36 Att
1637 2316 61 36 vid
1720 2316 136 36 sådant

262 2370 237 38 förhållande
541 2371 64 36 det
647 2371 292 49 ifrågavarande
983 2370 188 48 anslaget,
1202 2370 114 36 äfven
1346 2368 116 37 sedan
1492 2368 211 37 detsamma
1731 2368 126 37 blifvit
