<?xml version="1.0" encoding="UTF-8"?>
<alto xmlns="http://www.loc.gov/standards/alto/ns-v3#" xmlns:xlink="http://www.w3.org/1999/xlink" xmlns:xsi="http://www.w3.org/2001/XMLSchema-instance" xsi:schemaLocation="http://www.loc.gov/standards/alto/ns-v3# http://www.loc.gov/alto/v3/alto-3-0.xsd">
	<Description>
		<MeasurementUnit>pixel</MeasurementUnit>
		<sourceImageInformation>
			<fileName>/tmp/tess_ptszvq4y_input.PNG</fileName>
		</sourceImageInformation>
		<OCRProcessing ID="OCR_0">
			<ocrProcessingStep>
				<processingSoftware>
					<softwareName>tesseract 5.3.0</softwareName>
				</processingSoftware>
			</ocrProcessingStep>
		</OCRProcessing>
	</Description>
	<Layout>
		<Page WIDTH="2212" HEIGHT="2638" PHYSICAL_IMG_NR="0" ID="page_0">
			<PrintSpace HPOS="0" VPOS="0" WIDTH="2212" HEIGHT="2638">
				<ComposedBlock ID="cblock_0" HPOS="664" VPOS="201" WIDTH="1113" HEIGHT="33">
					<TextBlock ID="block_0" HPOS="664" VPOS="201" WIDTH="1113" HEIGHT="33">
						<TextLine ID="line_0" HPOS="664" VPOS="201" WIDTH="1113" HEIGHT="33">
							<String ID="string_0" HPOS="664" VPOS="201" WIDTH="403" HEIGHT="32" WC="0.91" CONTENT="Konstitutionsutskottets"/><SP WIDTH="26" VPOS="201" HPOS="1067"/>
							<String ID="string_1" HPOS="1093" VPOS="201" WIDTH="167" HEIGHT="31" WC="0.95" CONTENT="Memorial"/><SP WIDTH="25" VPOS="201" HPOS="1260"/>
							<String ID="string_2" HPOS="1285" VPOS="201" WIDTH="62" HEIGHT="31" WC="0.93" CONTENT="N:o"/><SP WIDTH="24" VPOS="201" HPOS="1347"/>
							<String ID="string_3" HPOS="1371" VPOS="203" WIDTH="29" HEIGHT="30" WC="0.96" CONTENT="4."/><SP WIDTH="358" VPOS="203" HPOS="1400"/>
							<String ID="string_4" HPOS="1758" VPOS="202" WIDTH="19" HEIGHT="32" WC="0.94" CONTENT="5"/>
						</TextLine>
					</TextBlock>
				</ComposedBlock>
				<ComposedBlock ID="cblock_1" HPOS="218" VPOS="279" WIDTH="1605" HEIGHT="621">
					<TextBlock ID="block_1" HPOS="218" VPOS="279" WIDTH="1605" HEIGHT="621">
						<TextLine ID="line_1" HPOS="349" VPOS="279" WIDTH="1471" HEIGHT="50">
							<String ID="string_5" HPOS="349" VPOS="281" WIDTH="54" HEIGHT="35" WC="0.95" CONTENT="Af"/><SP WIDTH="38" VPOS="281" HPOS="403"/>
							<String ID="string_6" HPOS="441" VPOS="285" WIDTH="122" HEIGHT="31" WC="0.95" CONTENT="större"/><SP WIDTH="42" VPOS="285" HPOS="563"/>
							<String ID="string_7" HPOS="605" VPOS="280" WIDTH="194" HEIGHT="48" WC="0.95" CONTENT="betydelse"/><SP WIDTH="43" VPOS="280" HPOS="799"/>
							<String ID="string_8" HPOS="842" VPOS="285" WIDTH="40" HEIGHT="31" WC="0.92" CONTENT="är"/><SP WIDTH="42" VPOS="285" HPOS="882"/>
							<String ID="string_9" HPOS="924" VPOS="279" WIDTH="290" HEIGHT="50" WC="0.91" CONTENT="otvifvelaktigt"/><SP WIDTH="41" VPOS="279" HPOS="1214"/>
							<String ID="string_10" HPOS="1255" VPOS="280" WIDTH="73" HEIGHT="36" WC="0.96" CONTENT="den"/><SP WIDTH="36" VPOS="280" HPOS="1328"/>
							<String ID="string_11" HPOS="1364" VPOS="279" WIDTH="13" HEIGHT="37" WC="0.96" CONTENT="i"/><SP WIDTH="28" VPOS="279" HPOS="1377"/>
							<String ID="string_12" HPOS="1405" VPOS="280" WIDTH="91" HEIGHT="37" WC="0.96" CONTENT="flere"/><SP WIDTH="28" VPOS="280" HPOS="1496"/>
							<String ID="string_13" HPOS="1524" VPOS="281" WIDTH="143" HEIGHT="48" WC="0.93" CONTENT="länder,"/><SP WIDTH="28" VPOS="281" HPOS="1667"/>
							<String ID="string_14" HPOS="1695" VPOS="285" WIDTH="125" HEIGHT="36" WC="0.88" CONTENT="sågom"/>
						</TextLine>
						<TextLine ID="line_2" HPOS="220" VPOS="332" WIDTH="1601" HEIGHT="51">
							<String ID="string_15" HPOS="220" VPOS="332" WIDTH="180" HEIGHT="50" WC="0.96" CONTENT="England"/><SP WIDTH="29" VPOS="332" HPOS="400"/>
							<String ID="string_16" HPOS="429" VPOS="332" WIDTH="70" HEIGHT="37" WC="0.96" CONTENT="och"/><SP WIDTH="28" VPOS="332" HPOS="499"/>
							<String ID="string_17" HPOS="527" VPOS="332" WIDTH="297" HEIGHT="36" WC="0.96" CONTENT="Nordamerikas"/><SP WIDTH="29" VPOS="332" HPOS="824"/>
							<String ID="string_18" HPOS="853" VPOS="332" WIDTH="150" HEIGHT="37" WC="0.96" CONTENT="förenta"/><SP WIDTH="28" VPOS="332" HPOS="1003"/>
							<String ID="string_19" HPOS="1031" VPOS="336" WIDTH="119" HEIGHT="32" WC="0.96" CONTENT="stater"/><SP WIDTH="19" VPOS="336" HPOS="1150"/>
							<String ID="string_20" HPOS="1169" VPOS="336" WIDTH="98" HEIGHT="32" WC="0.96" CONTENT="samt"/><SP WIDTH="18" VPOS="336" HPOS="1267"/>
							<String ID="string_21" HPOS="1285" VPOS="332" WIDTH="132" HEIGHT="48" WC="0.96" CONTENT="Norge"/><SP WIDTH="21" VPOS="332" HPOS="1417"/>
							<String ID="string_22" HPOS="1438" VPOS="333" WIDTH="70" HEIGHT="36" WC="0.96" CONTENT="och"/><SP WIDTH="19" VPOS="333" HPOS="1508"/>
							<String ID="string_23" HPOS="1527" VPOS="333" WIDTH="206" HEIGHT="50" WC="0.93" CONTENT="Danmark,"/><SP WIDTH="21" VPOS="333" HPOS="1733"/>
							<String ID="string_24" HPOS="1754" VPOS="349" WIDTH="67" HEIGHT="23" WC="0.93" CONTENT="an-"/>
						</TextLine>
						<TextLine ID="line_3" HPOS="220" VPOS="384" WIDTH="1601" HEIGHT="52">
							<String ID="string_25" HPOS="220" VPOS="384" WIDTH="113" HEIGHT="37" WC="0.96" CONTENT="litade"/><SP WIDTH="32" VPOS="384" HPOS="333"/>
							<String ID="string_26" HPOS="365" VPOS="388" WIDTH="172" HEIGHT="44" WC="0.96" CONTENT="utvägen"/><SP WIDTH="29" VPOS="388" HPOS="537"/>
							<String ID="string_27" HPOS="566" VPOS="389" WIDTH="56" HEIGHT="31" WC="0.95" CONTENT="att"/><SP WIDTH="28" VPOS="389" HPOS="622"/>
							<String ID="string_28" HPOS="650" VPOS="384" WIDTH="178" HEIGHT="49" WC="0.96" CONTENT="förlägga"/><SP WIDTH="29" VPOS="384" HPOS="828"/>
							<String ID="string_29" HPOS="857" VPOS="384" WIDTH="307" HEIGHT="36" WC="0.93" CONTENT="administrativa"/><SP WIDTH="27" VPOS="384" HPOS="1164"/>
							<String ID="string_30" HPOS="1191" VPOS="384" WIDTH="235" HEIGHT="37" WC="0.92" CONTENT="rättstvister"/><SP WIDTH="29" VPOS="384" HPOS="1426"/>
							<String ID="string_31" HPOS="1455" VPOS="384" WIDTH="84" HEIGHT="37" WC="0.96" CONTENT="från"/><SP WIDTH="27" VPOS="384" HPOS="1539"/>
							<String ID="string_32" HPOS="1566" VPOS="387" WIDTH="255" HEIGHT="49" WC="0.96" CONTENT="regeringens"/>
						</TextLine>
						<TextLine ID="line_4" HPOS="221" VPOS="436" WIDTH="1602" HEIGHT="53">
							<String ID="string_33" HPOS="221" VPOS="436" WIDTH="296" HEIGHT="49" WC="0.95" CONTENT="handläggning"/><SP WIDTH="32" VPOS="436" HPOS="517"/>
							<String ID="string_34" HPOS="549" VPOS="436" WIDTH="59" HEIGHT="36" WC="0.96" CONTENT="till"/><SP WIDTH="28" VPOS="436" HPOS="608"/>
							<String ID="string_35" HPOS="636" VPOS="436" WIDTH="46" HEIGHT="36" WC="0.95" CONTENT="de"/><SP WIDTH="29" VPOS="436" HPOS="682"/>
							<String ID="string_36" HPOS="711" VPOS="437" WIDTH="193" HEIGHT="35" WC="0.93" CONTENT="allmänna"/><SP WIDTH="28" VPOS="437" HPOS="904"/>
							<String ID="string_37" HPOS="932" VPOS="436" WIDTH="277" HEIGHT="36" WC="0.91" CONTENT="domstolarnes"/><SP WIDTH="28" VPOS="436" HPOS="1209"/>
							<String ID="string_38" HPOS="1237" VPOS="436" WIDTH="248" HEIGHT="50" WC="0.96" CONTENT="behandling."/><SP WIDTH="57" VPOS="436" HPOS="1485"/>
							<String ID="string_39" HPOS="1542" VPOS="437" WIDTH="136" HEIGHT="38" WC="0.94" CONTENT="Denna"/><SP WIDTH="24" VPOS="437" HPOS="1678"/>
							<String ID="string_40" HPOS="1702" VPOS="444" WIDTH="121" HEIGHT="45" WC="0.96" CONTENT="utväg"/>
						</TextLine>
						<TextLine ID="line_5" HPOS="220" VPOS="487" WIDTH="1602" HEIGHT="52">
							<String ID="string_41" HPOS="220" VPOS="489" WIDTH="68" HEIGHT="35" WC="0.96" CONTENT="har"/><SP WIDTH="27" VPOS="489" HPOS="288"/>
							<String ID="string_42" HPOS="315" VPOS="488" WIDTH="115" HEIGHT="36" WC="0.96" CONTENT="också"/><SP WIDTH="28" VPOS="488" HPOS="430"/>
							<String ID="string_43" HPOS="458" VPOS="487" WIDTH="12" HEIGHT="36" WC="0.96" CONTENT="i"/><SP WIDTH="28" VPOS="487" HPOS="470"/>
							<String ID="string_44" HPOS="498" VPOS="491" WIDTH="85" HEIGHT="33" WC="0.95" CONTENT="vårt"/><SP WIDTH="26" VPOS="491" HPOS="583"/>
							<String ID="string_45" HPOS="609" VPOS="488" WIDTH="89" HEIGHT="36" WC="0.96" CONTENT="land"/><SP WIDTH="29" VPOS="488" HPOS="698"/>
							<String ID="string_46" HPOS="727" VPOS="488" WIDTH="118" HEIGHT="49" WC="0.96" CONTENT="tidigt"/><SP WIDTH="27" VPOS="488" HPOS="845"/>
							<String ID="string_47" HPOS="872" VPOS="488" WIDTH="386" HEIGHT="49" WC="0.95" CONTENT="uppmärksammats."/><SP WIDTH="48" VPOS="488" HPOS="1258"/>
							<String ID="string_48" HPOS="1306" VPOS="488" WIDTH="131" HEIGHT="37" WC="0.95" CONTENT="Redan"/><SP WIDTH="29" VPOS="488" HPOS="1437"/>
							<String ID="string_49" HPOS="1466" VPOS="489" WIDTH="12" HEIGHT="36" WC="0.95" CONTENT="i"/><SP WIDTH="30" VPOS="489" HPOS="1478"/>
							<String ID="string_50" HPOS="1508" VPOS="489" WIDTH="132" HEIGHT="50" WC="0.93" CONTENT="kungl."/><SP WIDTH="32" VPOS="489" HPOS="1640"/>
							<String ID="string_51" HPOS="1672" VPOS="490" WIDTH="150" HEIGHT="38" WC="0.90" CONTENT="brefvet"/>
						</TextLine>
						<TextLine ID="line_6" HPOS="220" VPOS="539" WIDTH="1601" HEIGHT="49">
							<String ID="string_52" HPOS="220" VPOS="539" WIDTH="71" HEIGHT="37" WC="0.96" CONTENT="den"/><SP WIDTH="32" VPOS="539" HPOS="291"/>
							<String ID="string_53" HPOS="323" VPOS="543" WIDTH="44" HEIGHT="32" WC="0.96" CONTENT="21"/><SP WIDTH="32" VPOS="543" HPOS="367"/>
							<String ID="string_54" HPOS="399" VPOS="540" WIDTH="73" HEIGHT="48" WC="0.96" CONTENT="maj"/><SP WIDTH="36" VPOS="540" HPOS="472"/>
							<String ID="string_55" HPOS="508" VPOS="542" WIDTH="96" HEIGHT="34" WC="0.96" CONTENT="1819"/><SP WIDTH="29" VPOS="542" HPOS="604"/>
							<String ID="string_56" HPOS="633" VPOS="540" WIDTH="189" HEIGHT="36" WC="0.96" CONTENT="uttalades"/><SP WIDTH="29" VPOS="540" HPOS="822"/>
							<String ID="string_57" HPOS="851" VPOS="540" WIDTH="74" HEIGHT="36" WC="0.96" CONTENT="den"/><SP WIDTH="29" VPOS="540" HPOS="925"/>
							<String ID="string_58" HPOS="954" VPOS="540" WIDTH="160" HEIGHT="45" WC="0.96" CONTENT="åsikten,"/><SP WIDTH="27" VPOS="540" HPOS="1114"/>
							<String ID="string_59" HPOS="1141" VPOS="544" WIDTH="56" HEIGHT="32" WC="0.96" CONTENT="att"/><SP WIDTH="19" VPOS="544" HPOS="1197"/>
							<String ID="string_60" HPOS="1216" VPOS="540" WIDTH="73" HEIGHT="36" WC="0.96" CONTENT="den"/><SP WIDTH="21" VPOS="540" HPOS="1289"/>
							<String ID="string_61" HPOS="1310" VPOS="540" WIDTH="188" HEIGHT="37" WC="0.96" CONTENT="särskilda"/><SP WIDTH="20" VPOS="540" HPOS="1498"/>
							<String ID="string_62" HPOS="1518" VPOS="541" WIDTH="303" HEIGHT="38" WC="0.96" CONTENT="administrativa"/>
						</TextLine>
						<TextLine ID="line_7" HPOS="219" VPOS="591" WIDTH="1600" HEIGHT="51">
							<String ID="string_63" HPOS="219" VPOS="592" WIDTH="235" HEIGHT="36" WC="0.92" CONTENT="domsrätten"/><SP WIDTH="42" VPOS="592" HPOS="454"/>
							<String ID="string_64" HPOS="496" VPOS="591" WIDTH="129" HEIGHT="47" WC="0.93" CONTENT="borde,"/><SP WIDTH="43" VPOS="591" HPOS="625"/>
							<String ID="string_65" HPOS="668" VPOS="592" WIDTH="127" HEIGHT="36" WC="0.91" CONTENT="såvidt"/><SP WIDTH="42" VPOS="592" HPOS="795"/>
							<String ID="string_66" HPOS="837" VPOS="591" WIDTH="163" HEIGHT="49" WC="0.95" CONTENT="möjligt,"/><SP WIDTH="43" VPOS="591" HPOS="1000"/>
							<String ID="string_67" HPOS="1043" VPOS="592" WIDTH="197" HEIGHT="36" WC="0.96" CONTENT="försvinna"/><SP WIDTH="34" VPOS="592" HPOS="1240"/>
							<String ID="string_68" HPOS="1274" VPOS="605" WIDTH="141" HEIGHT="35" WC="0.90" CONTENT="genom"/><SP WIDTH="34" VPOS="605" HPOS="1415"/>
							<String ID="string_69" HPOS="1449" VPOS="594" WIDTH="249" HEIGHT="48" WC="0.91" CONTENT="rättsfrågors"/><SP WIDTH="29" VPOS="594" HPOS="1698"/>
							<String ID="string_70" HPOS="1727" VPOS="595" WIDTH="92" HEIGHT="36" WC="0.90" CONTENT="hän-"/>
						</TextLine>
						<TextLine ID="line_8" HPOS="220" VPOS="643" WIDTH="1600" HEIGHT="50">
							<String ID="string_71" HPOS="220" VPOS="643" WIDTH="153" HEIGHT="49" WC="0.90" CONTENT="visning"/><SP WIDTH="40" VPOS="643" HPOS="373"/>
							<String ID="string_72" HPOS="413" VPOS="643" WIDTH="58" HEIGHT="36" WC="0.90" CONTENT="till"/><SP WIDTH="42" VPOS="643" HPOS="471"/>
							<String ID="string_73" HPOS="513" VPOS="643" WIDTH="189" HEIGHT="37" WC="0.95" CONTENT="allmänna"/><SP WIDTH="41" VPOS="643" HPOS="702"/>
							<String ID="string_74" HPOS="743" VPOS="644" WIDTH="224" HEIGHT="45" WC="0.95" CONTENT="domstolar;"/><SP WIDTH="36" VPOS="644" HPOS="967"/>
							<String ID="string_75" HPOS="1003" VPOS="644" WIDTH="71" HEIGHT="36" WC="0.96" CONTENT="och"/><SP WIDTH="33" VPOS="644" HPOS="1074"/>
							<String ID="string_76" HPOS="1107" VPOS="657" WIDTH="141" HEIGHT="35" WC="0.95" CONTENT="genom"/><SP WIDTH="29" VPOS="657" HPOS="1248"/>
							<String ID="string_77" HPOS="1277" VPOS="644" WIDTH="134" HEIGHT="49" WC="0.94" CONTENT="kungl."/><SP WIDTH="30" VPOS="644" HPOS="1411"/>
							<String ID="string_78" HPOS="1441" VPOS="645" WIDTH="276" HEIGHT="48" WC="0.95" CONTENT="förordningen"/><SP WIDTH="29" VPOS="645" HPOS="1717"/>
							<String ID="string_79" HPOS="1746" VPOS="647" WIDTH="74" HEIGHT="37" WC="0.96" CONTENT="den"/>
						</TextLine>
						<TextLine ID="line_9" HPOS="222" VPOS="695" WIDTH="1598" HEIGHT="50">
							<String ID="string_80" HPOS="222" VPOS="696" WIDTH="43" HEIGHT="35" WC="0.96" CONTENT="17"/><SP WIDTH="41" VPOS="696" HPOS="265"/>
							<String ID="string_81" HPOS="306" VPOS="695" WIDTH="96" HEIGHT="49" WC="0.96" CONTENT="april"/><SP WIDTH="44" VPOS="695" HPOS="402"/>
							<String ID="string_82" HPOS="446" VPOS="697" WIDTH="97" HEIGHT="34" WC="0.93" CONTENT="1828"/><SP WIDTH="44" VPOS="697" HPOS="543"/>
							<String ID="string_83" HPOS="587" VPOS="696" WIDTH="213" HEIGHT="49" WC="0.90" CONTENT="upphäfdes"/><SP WIDTH="29" VPOS="696" HPOS="800"/>
							<String ID="string_84" HPOS="829" VPOS="696" WIDTH="330" HEIGHT="48" WC="0.92" CONTENT="styrelseverkens"/><SP WIDTH="29" VPOS="696" HPOS="1159"/>
							<String ID="string_85" HPOS="1188" VPOS="696" WIDTH="186" HEIGHT="36" WC="0.96" CONTENT="domsrätt"/><SP WIDTH="28" VPOS="696" HPOS="1374"/>
							<String ID="string_86" HPOS="1402" VPOS="697" WIDTH="12" HEIGHT="35" WC="0.78" CONTENT="1"/><SP WIDTH="28" VPOS="697" HPOS="1414"/>
							<String ID="string_87" HPOS="1442" VPOS="696" WIDTH="103" HEIGHT="37" WC="0.96" CONTENT="vissa"/><SP WIDTH="29" VPOS="696" HPOS="1545"/>
							<String ID="string_88" HPOS="1574" VPOS="699" WIDTH="86" HEIGHT="46" WC="0.94" CONTENT="mål,"/><SP WIDTH="31" VPOS="699" HPOS="1660"/>
							<String ID="string_89" HPOS="1691" VPOS="698" WIDTH="129" HEIGHT="37" WC="0.96" CONTENT="hvilka"/>
						</TextLine>
						<TextLine ID="line_10" HPOS="220" VPOS="747" WIDTH="1598" HEIGHT="52">
							<String ID="string_90" HPOS="220" VPOS="747" WIDTH="228" HEIGHT="37" WC="0.91" CONTENT="hänvisades"/><SP WIDTH="42" VPOS="747" HPOS="448"/>
							<String ID="string_91" HPOS="490" VPOS="747" WIDTH="57" HEIGHT="36" WC="0.93" CONTENT="till"/><SP WIDTH="41" VPOS="747" HPOS="547"/>
							<String ID="string_92" HPOS="588" VPOS="747" WIDTH="235" HEIGHT="49" WC="0.95" CONTENT="behandling"/><SP WIDTH="41" VPOS="747" HPOS="823"/>
							<String ID="string_93" HPOS="864" VPOS="748" WIDTH="64" HEIGHT="35" WC="0.96" CONTENT="vid"/><SP WIDTH="33" VPOS="748" HPOS="928"/>
							<String ID="string_94" HPOS="961" VPOS="747" WIDTH="46" HEIGHT="37" WC="0.96" CONTENT="de"/><SP WIDTH="36" VPOS="747" HPOS="1007"/>
							<String ID="string_95" HPOS="1043" VPOS="748" WIDTH="189" HEIGHT="36" WC="0.93" CONTENT="allmänna"/><SP WIDTH="33" VPOS="748" HPOS="1232"/>
							<String ID="string_96" HPOS="1265" VPOS="748" WIDTH="269" HEIGHT="37" WC="0.85" CONTENT="domstolarne."/><SP WIDTH="55" VPOS="748" HPOS="1534"/>
							<String ID="string_97" HPOS="1589" VPOS="750" WIDTH="57" HEIGHT="36" WC="0.96" CONTENT="Då"/><SP WIDTH="29" VPOS="750" HPOS="1646"/>
							<String ID="string_98" HPOS="1675" VPOS="750" WIDTH="143" HEIGHT="49" WC="0.87" CONTENT="Kungl."/>
						</TextLine>
						<TextLine ID="line_11" HPOS="220" VPOS="799" WIDTH="1601" HEIGHT="53">
							<String ID="string_99" HPOS="220" VPOS="799" WIDTH="105" HEIGHT="48" WC="0.96" CONTENT="Maj:t"/><SP WIDTH="33" VPOS="799" HPOS="325"/>
							<String ID="string_100" HPOS="358" VPOS="799" WIDTH="216" HEIGHT="36" WC="0.95" CONTENT="sedermera"/><SP WIDTH="32" VPOS="799" HPOS="574"/>
							<String ID="string_101" HPOS="606" VPOS="813" WIDTH="141" HEIGHT="34" WC="0.94" CONTENT="genom"/><SP WIDTH="33" VPOS="813" HPOS="747"/>
							<String ID="string_102" HPOS="780" VPOS="799" WIDTH="236" HEIGHT="50" WC="0.94" CONTENT="proposition"/><SP WIDTH="30" VPOS="799" HPOS="1016"/>
							<String ID="string_103" HPOS="1046" VPOS="800" WIDTH="74" HEIGHT="36" WC="0.96" CONTENT="den"/><SP WIDTH="28" VPOS="800" HPOS="1120"/>
							<String ID="string_104" HPOS="1148" VPOS="801" WIDTH="49" HEIGHT="35" WC="0.96" CONTENT="30"/><SP WIDTH="29" VPOS="801" HPOS="1197"/>
							<String ID="string_105" HPOS="1226" VPOS="800" WIDTH="162" HEIGHT="36" WC="0.96" CONTENT="oktober"/><SP WIDTH="30" VPOS="800" HPOS="1388"/>
							<String ID="string_106" HPOS="1418" VPOS="803" WIDTH="99" HEIGHT="34" WC="0.96" CONTENT="1844"/><SP WIDTH="28" VPOS="803" HPOS="1517"/>
							<String ID="string_107" HPOS="1545" VPOS="801" WIDTH="136" HEIGHT="37" WC="0.96" CONTENT="väckte"/><SP WIDTH="29" VPOS="801" HPOS="1681"/>
							<String ID="string_108" HPOS="1710" VPOS="802" WIDTH="111" HEIGHT="50" WC="0.96" CONTENT="fråga"/>
						</TextLine>
						<TextLine ID="line_12" HPOS="218" VPOS="851" WIDTH="1603" HEIGHT="49">
							<String ID="string_109" HPOS="218" VPOS="863" WIDTH="59" HEIGHT="23" WC="0.95" CONTENT="om"/><SP WIDTH="31" VPOS="863" HPOS="277"/>
							<String ID="string_110" HPOS="308" VPOS="851" WIDTH="118" HEIGHT="36" WC="0.95" CONTENT="sådan"/><SP WIDTH="29" VPOS="851" HPOS="426"/>
							<String ID="string_111" HPOS="455" VPOS="851" WIDTH="166" HEIGHT="48" WC="0.96" CONTENT="ändring"/><SP WIDTH="27" VPOS="851" HPOS="621"/>
							<String ID="string_112" HPOS="648" VPOS="852" WIDTH="12" HEIGHT="34" WC="0.96" CONTENT="i"/><SP WIDTH="29" VPOS="852" HPOS="660"/>
							<String ID="string_113" HPOS="689" VPOS="851" WIDTH="365" HEIGHT="49" WC="0.96" CONTENT="regeringsformen,"/><SP WIDTH="30" VPOS="851" HPOS="1054"/>
							<String ID="string_114" HPOS="1084" VPOS="851" WIDTH="59" HEIGHT="36" WC="0.96" CONTENT="till"/><SP WIDTH="28" VPOS="851" HPOS="1143"/>
							<String ID="string_115" HPOS="1171" VPOS="852" WIDTH="94" HEIGHT="48" WC="0.96" CONTENT="följd"/><SP WIDTH="28" VPOS="852" HPOS="1265"/>
							<String ID="string_116" HPOS="1293" VPOS="852" WIDTH="140" HEIGHT="36" WC="0.96" CONTENT="hvaraf"/><SP WIDTH="14" VPOS="852" HPOS="1433"/>
							<String ID="string_117" HPOS="1447" VPOS="853" WIDTH="144" HEIGHT="36" WC="0.96" CONTENT="antalet"/><SP WIDTH="19" VPOS="853" HPOS="1591"/>
							<String ID="string_118" HPOS="1610" VPOS="852" WIDTH="211" HEIGHT="39" WC="0.96" CONTENT="ledamöter"/>
						</TextLine>
					</TextBlock>
				</ComposedBlock>
				<ComposedBlock ID="cblock_2" HPOS="210" VPOS="1109" WIDTH="1614" HEIGHT="1235">
					<TextBlock ID="block_2" HPOS="210" VPOS="1109" WIDTH="1614" HEIGHT="1235">
						<TextLine ID="line_13" HPOS="216" VPOS="1109" WIDTH="1608" HEIGHT="52">
							<String ID="string_119" HPOS="216" VPOS="1109" WIDTH="151" HEIGHT="47" WC="0.96" CONTENT="sådana,"/><SP WIDTH="44" VPOS="1109" HPOS="367"/>
							<String ID="string_120" HPOS="411" VPOS="1123" WIDTH="80" HEIGHT="23" WC="0.96" CONTENT="som"/><SP WIDTH="43" VPOS="1123" HPOS="491"/>
							<String ID="string_121" HPOS="534" VPOS="1110" WIDTH="224" HEIGHT="48" WC="0.95" CONTENT="egentligen"/><SP WIDTH="41" VPOS="1110" HPOS="758"/>
							<String ID="string_122" HPOS="799" VPOS="1111" WIDTH="179" HEIGHT="49" WC="0.93" CONTENT="utgjorde"/><SP WIDTH="36" VPOS="1111" HPOS="978"/>
							<String ID="string_123" HPOS="1014" VPOS="1111" WIDTH="247" HEIGHT="36" WC="0.90" CONTENT="rättstvister."/><SP WIDTH="56" VPOS="1111" HPOS="1261"/>
							<String ID="string_124" HPOS="1317" VPOS="1111" WIDTH="134" HEIGHT="37" WC="0.96" CONTENT="Denna"/><SP WIDTH="26" VPOS="1111" HPOS="1451"/>
							<String ID="string_125" HPOS="1477" VPOS="1112" WIDTH="236" HEIGHT="49" WC="0.96" CONTENT="proposition"/><SP WIDTH="28" VPOS="1112" HPOS="1713"/>
							<String ID="string_126" HPOS="1741" VPOS="1113" WIDTH="83" HEIGHT="37" WC="0.96" CONTENT="blef"/>
						</TextLine>
						<TextLine ID="line_14" HPOS="216" VPOS="1160" WIDTH="1604" HEIGHT="53">
							<String ID="string_127" HPOS="216" VPOS="1160" WIDTH="95" HEIGHT="37" WC="0.96" CONTENT="dock"/><SP WIDTH="35" VPOS="1160" HPOS="311"/>
							<String ID="string_128" HPOS="346" VPOS="1161" WIDTH="84" HEIGHT="36" WC="0.96" CONTENT="icke"/><SP WIDTH="35" VPOS="1161" HPOS="430"/>
							<String ID="string_129" HPOS="465" VPOS="1162" WIDTH="42" HEIGHT="35" WC="0.96" CONTENT="af"/><SP WIDTH="27" VPOS="1162" HPOS="507"/>
							<String ID="string_130" HPOS="534" VPOS="1162" WIDTH="134" HEIGHT="36" WC="0.93" CONTENT="Rikets"/><SP WIDTH="29" VPOS="1162" HPOS="668"/>
							<String ID="string_131" HPOS="697" VPOS="1162" WIDTH="162" HEIGHT="36" WC="0.93" CONTENT="Ständer"/><SP WIDTH="28" VPOS="1162" HPOS="859"/>
							<String ID="string_132" HPOS="887" VPOS="1162" WIDTH="166" HEIGHT="36" WC="0.86" CONTENT="bifallen."/><SP WIDTH="57" VPOS="1162" HPOS="1053"/>
							<String ID="string_133" HPOS="1110" VPOS="1162" WIDTH="16" HEIGHT="35" WC="0.83" CONTENT="I"/><SP WIDTH="29" VPOS="1162" HPOS="1126"/>
							<String ID="string_134" HPOS="1155" VPOS="1162" WIDTH="199" HEIGHT="37" WC="0.96" CONTENT="skrifvelse"/><SP WIDTH="29" VPOS="1162" HPOS="1354"/>
							<String ID="string_135" HPOS="1383" VPOS="1163" WIDTH="58" HEIGHT="36" WC="0.95" CONTENT="till"/><SP WIDTH="28" VPOS="1163" HPOS="1441"/>
							<String ID="string_136" HPOS="1469" VPOS="1163" WIDTH="142" HEIGHT="50" WC="0.95" CONTENT="Kungl."/><SP WIDTH="31" VPOS="1163" HPOS="1611"/>
							<String ID="string_137" HPOS="1642" VPOS="1164" WIDTH="109" HEIGHT="49" WC="0.96" CONTENT="Maj:t"/><SP WIDTH="28" VPOS="1164" HPOS="1751"/>
							<String ID="string_138" HPOS="1779" VPOS="1168" WIDTH="41" HEIGHT="33" WC="0.96" CONTENT="år"/>
						</TextLine>
						<TextLine ID="line_15" HPOS="219" VPOS="1212" WIDTH="1600" HEIGHT="52">
							<String ID="string_139" HPOS="219" VPOS="1213" WIDTH="95" HEIGHT="35" WC="0.92" CONTENT="1868"/><SP WIDTH="44" VPOS="1213" HPOS="314"/>
							<String ID="string_140" HPOS="358" VPOS="1212" WIDTH="227" HEIGHT="37" WC="0.92" CONTENT="hemställde"/><SP WIDTH="42" VPOS="1212" HPOS="585"/>
							<String ID="string_141" HPOS="627" VPOS="1212" WIDTH="168" HEIGHT="38" WC="0.79" CONTENT="därefter"/><SP WIDTH="41" VPOS="1212" HPOS="795"/>
							<String ID="string_142" HPOS="836" VPOS="1213" WIDTH="221" HEIGHT="49" WC="0.96" CONTENT="Riksdagen"/><SP WIDTH="41" VPOS="1213" HPOS="1057"/>
							<String ID="string_143" HPOS="1098" VPOS="1213" WIDTH="59" HEIGHT="36" WC="0.95" CONTENT="till"/><SP WIDTH="31" VPOS="1213" HPOS="1157"/>
							<String ID="string_144" HPOS="1188" VPOS="1214" WIDTH="144" HEIGHT="48" WC="0.94" CONTENT="Kungl."/><SP WIDTH="30" VPOS="1214" HPOS="1332"/>
							<String ID="string_145" HPOS="1362" VPOS="1215" WIDTH="131" HEIGHT="48" WC="0.93" CONTENT="Maj:ts"/><SP WIDTH="28" VPOS="1215" HPOS="1493"/>
							<String ID="string_146" HPOS="1521" VPOS="1217" WIDTH="298" HEIGHT="47" WC="0.92" CONTENT="öfvervägande,"/>
						</TextLine>
						<TextLine ID="line_16" HPOS="215" VPOS="1263" WIDTH="1604" HEIGHT="54">
							<String ID="string_147" HPOS="215" VPOS="1263" WIDTH="186" HEIGHT="37" WC="0.95" CONTENT="huruvida"/><SP WIDTH="29" VPOS="1263" HPOS="401"/>
							<String ID="string_148" HPOS="430" VPOS="1264" WIDTH="41" HEIGHT="36" WC="0.96" CONTENT="af"/><SP WIDTH="25" VPOS="1264" HPOS="471"/>
							<String ID="string_149" HPOS="496" VPOS="1264" WIDTH="45" HEIGHT="36" WC="0.96" CONTENT="de"/><SP WIDTH="30" VPOS="1264" HPOS="541"/>
							<String ID="string_150" HPOS="571" VPOS="1264" WIDTH="85" HEIGHT="45" WC="0.95" CONTENT="mål,"/><SP WIDTH="30" VPOS="1264" HPOS="656"/>
							<String ID="string_151" HPOS="686" VPOS="1265" WIDTH="133" HEIGHT="36" WC="0.93" CONTENT="hvilka"/><SP WIDTH="29" VPOS="1265" HPOS="819"/>
							<String ID="string_152" HPOS="848" VPOS="1265" WIDTH="195" HEIGHT="49" WC="0.91" CONTENT="afgjordes"/><SP WIDTH="18" VPOS="1265" HPOS="1043"/>
							<String ID="string_153" HPOS="1061" VPOS="1266" WIDTH="40" HEIGHT="35" WC="0.96" CONTENT="af"/><SP WIDTH="15" VPOS="1266" HPOS="1101"/>
							<String ID="string_154" HPOS="1116" VPOS="1265" WIDTH="281" HEIGHT="37" WC="0.93" CONTENT="administrativ"/><SP WIDTH="20" VPOS="1265" HPOS="1397"/>
							<String ID="string_155" HPOS="1417" VPOS="1268" WIDTH="311" HEIGHT="49" WC="0.92" CONTENT="ortsmyndighet"/><SP WIDTH="19" VPOS="1268" HPOS="1728"/>
							<String ID="string_156" HPOS="1747" VPOS="1269" WIDTH="72" HEIGHT="36" WC="0.96" CONTENT="och"/>
						</TextLine>
						<TextLine ID="line_17" HPOS="215" VPOS="1316" WIDTH="1605" HEIGHT="50">
							<String ID="string_157" HPOS="215" VPOS="1327" WIDTH="141" HEIGHT="35" WC="0.95" CONTENT="genom"/><SP WIDTH="29" VPOS="1327" HPOS="356"/>
							<String ID="string_158" HPOS="385" VPOS="1316" WIDTH="137" HEIGHT="35" WC="0.96" CONTENT="besvär"/><SP WIDTH="27" VPOS="1316" HPOS="522"/>
							<String ID="string_159" HPOS="549" VPOS="1316" WIDTH="128" HEIGHT="36" WC="0.96" CONTENT="kunde"/><SP WIDTH="29" VPOS="1316" HPOS="677"/>
							<String ID="string_160" HPOS="706" VPOS="1316" WIDTH="183" HEIGHT="48" WC="0.85" CONTENT="fullföljas"/><SP WIDTH="30" VPOS="1316" HPOS="889"/>
							<String ID="string_161" HPOS="919" VPOS="1317" WIDTH="188" HEIGHT="47" WC="0.96" CONTENT="antingen"/><SP WIDTH="29" VPOS="1317" HPOS="1107"/>
							<String ID="string_162" HPOS="1136" VPOS="1317" WIDTH="69" HEIGHT="36" WC="0.96" CONTENT="hos"/><SP WIDTH="27" VPOS="1317" HPOS="1205"/>
							<String ID="string_163" HPOS="1232" VPOS="1317" WIDTH="121" HEIGHT="36" WC="0.93" CONTENT="rikets"/><SP WIDTH="30" VPOS="1317" HPOS="1353"/>
							<String ID="string_164" HPOS="1383" VPOS="1318" WIDTH="188" HEIGHT="48" WC="0.91" CONTENT="kollegier"/><SP WIDTH="19" VPOS="1318" HPOS="1571"/>
							<String ID="string_165" HPOS="1590" VPOS="1319" WIDTH="93" HEIGHT="36" WC="0.96" CONTENT="eller"/><SP WIDTH="20" VPOS="1319" HPOS="1683"/>
							<String ID="string_166" HPOS="1703" VPOS="1319" WIDTH="117" HEIGHT="37" WC="0.95" CONTENT="andra"/>
						</TextLine>
						<TextLine ID="line_18" HPOS="215" VPOS="1366" WIDTH="1603" HEIGHT="52">
							<String ID="string_167" HPOS="215" VPOS="1366" WIDTH="239" HEIGHT="37" WC="0.95" CONTENT="förvaltande"/><SP WIDTH="43" VPOS="1366" HPOS="454"/>
							<String ID="string_168" HPOS="497" VPOS="1367" WIDTH="165" HEIGHT="36" WC="0.93" CONTENT="centrala"/><SP WIDTH="35" VPOS="1367" HPOS="662"/>
							<String ID="string_169" HPOS="697" VPOS="1368" WIDTH="242" HEIGHT="36" WC="0.92" CONTENT="embetsverk"/><SP WIDTH="35" VPOS="1368" HPOS="939"/>
							<String ID="string_170" HPOS="974" VPOS="1374" WIDTH="98" HEIGHT="30" WC="0.96" CONTENT="samt"/><SP WIDTH="28" VPOS="1374" HPOS="1072"/>
							<String ID="string_171" HPOS="1100" VPOS="1368" WIDTH="129" HEIGHT="36" WC="0.96" CONTENT="vidare"/><SP WIDTH="28" VPOS="1368" HPOS="1229"/>
							<String ID="string_172" HPOS="1257" VPOS="1369" WIDTH="70" HEIGHT="36" WC="0.96" CONTENT="hos"/><SP WIDTH="29" VPOS="1369" HPOS="1327"/>
							<String ID="string_173" HPOS="1356" VPOS="1370" WIDTH="143" HEIGHT="48" WC="0.93" CONTENT="Kungl."/><SP WIDTH="30" VPOS="1370" HPOS="1499"/>
							<String ID="string_174" HPOS="1529" VPOS="1370" WIDTH="109" HEIGHT="48" WC="0.96" CONTENT="Maj:t"/><SP WIDTH="27" VPOS="1370" HPOS="1638"/>
							<String ID="string_175" HPOS="1665" VPOS="1370" WIDTH="11" HEIGHT="36" WC="0.93" CONTENT="i"/><SP WIDTH="29" VPOS="1370" HPOS="1676"/>
							<String ID="string_176" HPOS="1705" VPOS="1376" WIDTH="113" HEIGHT="31" WC="0.92" CONTENT="stats-"/>
						</TextLine>
						<TextLine ID="line_19" HPOS="214" VPOS="1418" WIDTH="1604" HEIGHT="51">
							<String ID="string_177" HPOS="214" VPOS="1418" WIDTH="108" HEIGHT="36" WC="0.96" CONTENT="rådet"/><SP WIDTH="41" VPOS="1418" HPOS="322"/>
							<String ID="string_178" HPOS="363" VPOS="1418" WIDTH="95" HEIGHT="36" WC="0.93" CONTENT="eller"/><SP WIDTH="40" VPOS="1418" HPOS="458"/>
							<String ID="string_179" HPOS="498" VPOS="1419" WIDTH="70" HEIGHT="35" WC="0.96" CONTENT="ock"/><SP WIDTH="43" VPOS="1419" HPOS="568"/>
							<String ID="string_180" HPOS="611" VPOS="1419" WIDTH="236" HEIGHT="37" WC="0.96" CONTENT="omedelbart"/><SP WIDTH="40" VPOS="1419" HPOS="847"/>
							<String ID="string_181" HPOS="887" VPOS="1420" WIDTH="70" HEIGHT="36" WC="0.96" CONTENT="hos"/><SP WIDTH="32" VPOS="1420" HPOS="957"/>
							<String ID="string_182" HPOS="989" VPOS="1420" WIDTH="141" HEIGHT="47" WC="0.95" CONTENT="Kungl."/><SP WIDTH="31" VPOS="1420" HPOS="1130"/>
							<String ID="string_183" HPOS="1161" VPOS="1420" WIDTH="120" HEIGHT="49" WC="0.96" CONTENT="Maj:t,"/><SP WIDTH="30" VPOS="1420" HPOS="1281"/>
							<String ID="string_184" HPOS="1311" VPOS="1421" WIDTH="153" HEIGHT="48" WC="0.96" CONTENT="sådana,"/><SP WIDTH="31" VPOS="1421" HPOS="1464"/>
							<String ID="string_185" HPOS="1495" VPOS="1435" WIDTH="80" HEIGHT="23" WC="0.96" CONTENT="som"/><SP WIDTH="29" VPOS="1435" HPOS="1575"/>
							<String ID="string_186" HPOS="1604" VPOS="1422" WIDTH="127" HEIGHT="37" WC="0.94" CONTENT="kunde"/><SP WIDTH="28" VPOS="1422" HPOS="1731"/>
							<String ID="string_187" HPOS="1759" VPOS="1422" WIDTH="59" HEIGHT="37" WC="0.94" CONTENT="till"/>
						</TextLine>
						<TextLine ID="line_20" HPOS="214" VPOS="1469" WIDTH="1604" HEIGHT="52">
							<String ID="string_188" HPOS="214" VPOS="1469" WIDTH="230" HEIGHT="49" WC="0.89" CONTENT="rättsfrågor"/><SP WIDTH="42" VPOS="1469" HPOS="444"/>
							<String ID="string_189" HPOS="486" VPOS="1471" WIDTH="190" HEIGHT="47" WC="0.95" CONTENT="hänföras,"/><SP WIDTH="37" VPOS="1471" HPOS="676"/>
							<String ID="string_190" HPOS="713" VPOS="1472" WIDTH="103" HEIGHT="48" WC="0.93" CONTENT="finge"/><SP WIDTH="30" VPOS="1472" HPOS="816"/>
							<String ID="string_191" HPOS="846" VPOS="1471" WIDTH="256" HEIGHT="37" WC="0.90" CONTENT="öfverlämnas"/><SP WIDTH="26" VPOS="1471" HPOS="1102"/>
							<String ID="string_192" HPOS="1128" VPOS="1471" WIDTH="58" HEIGHT="36" WC="0.95" CONTENT="till"/><SP WIDTH="29" VPOS="1471" HPOS="1186"/>
							<String ID="string_193" HPOS="1215" VPOS="1472" WIDTH="236" HEIGHT="49" WC="0.95" CONTENT="behandling"/><SP WIDTH="29" VPOS="1472" HPOS="1451"/>
							<String ID="string_194" HPOS="1480" VPOS="1474" WIDTH="40" HEIGHT="35" WC="0.96" CONTENT="af"/><SP WIDTH="24" VPOS="1474" HPOS="1520"/>
							<String ID="string_195" HPOS="1544" VPOS="1473" WIDTH="140" HEIGHT="37" WC="0.92" CONTENT="allmän"/><SP WIDTH="29" VPOS="1473" HPOS="1684"/>
							<String ID="string_196" HPOS="1713" VPOS="1474" WIDTH="105" HEIGHT="37" WC="0.92" CONTENT="dom-"/>
						</TextLine>
						<TextLine ID="line_21" HPOS="214" VPOS="1520" WIDTH="1605" HEIGHT="52">
							<String ID="string_197" HPOS="214" VPOS="1520" WIDTH="85" HEIGHT="48" WC="0.94" CONTENT="stol,"/><SP WIDTH="43" VPOS="1520" HPOS="299"/>
							<String ID="string_198" HPOS="342" VPOS="1527" WIDTH="97" HEIGHT="31" WC="0.94" CONTENT="samt"/><SP WIDTH="43" VPOS="1527" HPOS="439"/>
							<String ID="string_199" HPOS="482" VPOS="1522" WIDTH="152" HEIGHT="47" WC="0.95" CONTENT="sådana,"/><SP WIDTH="44" VPOS="1522" HPOS="634"/>
							<String ID="string_200" HPOS="678" VPOS="1536" WIDTH="79" HEIGHT="23" WC="0.95" CONTENT="som"/><SP WIDTH="29" VPOS="1536" HPOS="757"/>
							<String ID="string_201" HPOS="786" VPOS="1537" WIDTH="91" HEIGHT="23" WC="0.95" CONTENT="vore"/><SP WIDTH="36" VPOS="1537" HPOS="877"/>
							<String ID="string_202" HPOS="913" VPOS="1524" WIDTH="41" HEIGHT="36" WC="0.96" CONTENT="af"/><SP WIDTH="24" VPOS="1524" HPOS="954"/>
							<String ID="string_203" HPOS="978" VPOS="1522" WIDTH="96" HEIGHT="38" WC="0.93" CONTENT="både"/><SP WIDTH="24" VPOS="1522" HPOS="1074"/>
							<String ID="string_204" HPOS="1098" VPOS="1523" WIDTH="173" HEIGHT="49" WC="0.92" CONTENT="judiciell"/><SP WIDTH="28" VPOS="1523" HPOS="1271"/>
							<String ID="string_205" HPOS="1299" VPOS="1524" WIDTH="70" HEIGHT="37" WC="0.96" CONTENT="och"/><SP WIDTH="30" VPOS="1524" HPOS="1369"/>
							<String ID="string_206" HPOS="1399" VPOS="1525" WIDTH="278" HEIGHT="37" WC="0.96" CONTENT="administrativ"/><SP WIDTH="30" VPOS="1525" HPOS="1677"/>
							<String ID="string_207" HPOS="1707" VPOS="1531" WIDTH="112" HEIGHT="32" WC="0.96" CONTENT="natur"/>
						</TextLine>
						<TextLine ID="line_22" HPOS="214" VPOS="1573" WIDTH="1601" HEIGHT="54">
							<String ID="string_208" HPOS="214" VPOS="1573" WIDTH="69" HEIGHT="35" WC="0.96" CONTENT="och"/><SP WIDTH="42" VPOS="1573" HPOS="283"/>
							<String ID="string_209" HPOS="325" VPOS="1573" WIDTH="132" HEIGHT="36" WC="0.95" CONTENT="hvilka"/><SP WIDTH="41" VPOS="1573" HPOS="457"/>
							<String ID="string_210" HPOS="498" VPOS="1574" WIDTH="237" HEIGHT="37" WC="0.93" CONTENT="fortfarande"/><SP WIDTH="41" VPOS="1574" HPOS="735"/>
							<String ID="string_211" HPOS="776" VPOS="1578" WIDTH="163" HEIGHT="45" WC="0.91" CONTENT="ansåges"/><SP WIDTH="29" VPOS="1578" HPOS="939"/>
							<String ID="string_212" HPOS="968" VPOS="1575" WIDTH="93" HEIGHT="36" WC="0.96" CONTENT="böra"/><SP WIDTH="28" VPOS="1575" HPOS="1061"/>
							<String ID="string_213" HPOS="1089" VPOS="1576" WIDTH="43" HEIGHT="35" WC="0.96" CONTENT="af"/><SP WIDTH="29" VPOS="1576" HPOS="1132"/>
							<String ID="string_214" HPOS="1161" VPOS="1575" WIDTH="280" HEIGHT="37" WC="0.93" CONTENT="administrativ"/><SP WIDTH="28" VPOS="1575" HPOS="1441"/>
							<String ID="string_215" HPOS="1469" VPOS="1578" WIDTH="310" HEIGHT="49" WC="0.91" CONTENT="ortsmyndighet"/><SP WIDTH="28" VPOS="1578" HPOS="1779"/>
							<String ID="string_216" HPOS="1807" VPOS="1579" WIDTH="8" HEIGHT="34" WC="0.96" CONTENT="i"/>
						</TextLine>
						<TextLine ID="line_23" HPOS="215" VPOS="1625" WIDTH="1602" HEIGHT="53">
							<String ID="string_217" HPOS="215" VPOS="1625" WIDTH="117" HEIGHT="35" WC="0.95" CONTENT="första"/><SP WIDTH="41" VPOS="1625" HPOS="332"/>
							<String ID="string_218" HPOS="373" VPOS="1625" WIDTH="102" HEIGHT="36" WC="0.96" CONTENT="hand"/><SP WIDTH="42" VPOS="1625" HPOS="475"/>
							<String ID="string_219" HPOS="517" VPOS="1631" WIDTH="203" HEIGHT="44" WC="0.95" CONTENT="upptagas,"/><SP WIDTH="33" VPOS="1631" HPOS="720"/>
							<String ID="string_220" HPOS="753" VPOS="1626" WIDTH="117" HEIGHT="37" WC="0.96" CONTENT="likväl"/><SP WIDTH="33" VPOS="1626" HPOS="870"/>
							<String ID="string_221" HPOS="903" VPOS="1627" WIDTH="104" HEIGHT="48" WC="0.96" CONTENT="finge"/><SP WIDTH="37" VPOS="1627" HPOS="1007"/>
							<String ID="string_222" HPOS="1044" VPOS="1627" WIDTH="11" HEIGHT="35" WC="0.96" CONTENT="i"/><SP WIDTH="29" VPOS="1627" HPOS="1055"/>
							<String ID="string_223" HPOS="1084" VPOS="1627" WIDTH="93" HEIGHT="36" WC="0.96" CONTENT="sista"/><SP WIDTH="28" VPOS="1627" HPOS="1177"/>
							<String ID="string_224" HPOS="1205" VPOS="1628" WIDTH="198" HEIGHT="36" WC="0.96" CONTENT="instansen"/><SP WIDTH="30" VPOS="1628" HPOS="1403"/>
							<String ID="string_225" HPOS="1433" VPOS="1629" WIDTH="41" HEIGHT="35" WC="0.96" CONTENT="af"/><SP WIDTH="26" VPOS="1629" HPOS="1474"/>
							<String ID="string_226" HPOS="1500" VPOS="1629" WIDTH="140" HEIGHT="48" WC="0.96" CONTENT="Kungl."/><SP WIDTH="31" VPOS="1629" HPOS="1640"/>
							<String ID="string_227" HPOS="1671" VPOS="1630" WIDTH="107" HEIGHT="48" WC="0.96" CONTENT="Maj:t"/><SP WIDTH="27" VPOS="1630" HPOS="1778"/>
							<String ID="string_228" HPOS="1805" VPOS="1630" WIDTH="12" HEIGHT="35" WC="0.96" CONTENT="i"/>
						</TextLine>
						<TextLine ID="line_24" HPOS="214" VPOS="1676" WIDTH="1601" HEIGHT="53">
							<String ID="string_229" HPOS="214" VPOS="1676" WIDTH="86" HEIGHT="35" WC="0.96" CONTENT="dess"/><SP WIDTH="27" VPOS="1676" HPOS="300"/>
							<String ID="string_230" HPOS="327" VPOS="1676" WIDTH="141" HEIGHT="50" WC="0.96" CONTENT="högsta"/><SP WIDTH="29" VPOS="1676" HPOS="468"/>
							<String ID="string_231" HPOS="497" VPOS="1677" WIDTH="163" HEIGHT="36" WC="0.93" CONTENT="domstol"/><SP WIDTH="28" VPOS="1677" HPOS="660"/>
							<String ID="string_232" HPOS="688" VPOS="1679" WIDTH="170" HEIGHT="47" WC="0.91" CONTENT="afgöras;"/><SP WIDTH="32" VPOS="1679" HPOS="858"/>
							<String ID="string_233" HPOS="890" VPOS="1679" WIDTH="71" HEIGHT="36" WC="0.96" CONTENT="och"/><SP WIDTH="29" VPOS="1679" HPOS="961"/>
							<String ID="string_234" HPOS="990" VPOS="1679" WIDTH="86" HEIGHT="35" WC="0.95" CONTENT="med"/><SP WIDTH="30" VPOS="1679" HPOS="1076"/>
							<String ID="string_235" HPOS="1106" VPOS="1679" WIDTH="208" HEIGHT="48" WC="0.95" CONTENT="anledning"/><SP WIDTH="24" VPOS="1679" HPOS="1314"/>
							<String ID="string_236" HPOS="1338" VPOS="1680" WIDTH="114" HEIGHT="36" WC="0.96" CONTENT="häraf"/><SP WIDTH="16" VPOS="1680" HPOS="1452"/>
							<String ID="string_237" HPOS="1468" VPOS="1680" WIDTH="185" HEIGHT="37" WC="0.96" CONTENT="framlade"/><SP WIDTH="19" VPOS="1680" HPOS="1653"/>
							<String ID="string_238" HPOS="1672" VPOS="1682" WIDTH="143" HEIGHT="47" WC="0.96" CONTENT="Kungl."/>
						</TextLine>
						<TextLine ID="line_25" HPOS="215" VPOS="1727" WIDTH="1601" HEIGHT="53">
							<String ID="string_239" HPOS="215" VPOS="1727" WIDTH="104" HEIGHT="49" WC="0.96" CONTENT="Maj:t"/><SP WIDTH="41" VPOS="1727" HPOS="319"/>
							<String ID="string_240" HPOS="360" VPOS="1731" WIDTH="41" HEIGHT="33" WC="0.96" CONTENT="år"/><SP WIDTH="45" VPOS="1731" HPOS="401"/>
							<String ID="string_241" HPOS="446" VPOS="1730" WIDTH="97" HEIGHT="35" WC="0.96" CONTENT="1874"/><SP WIDTH="44" VPOS="1730" HPOS="543"/>
							<String ID="string_242" HPOS="587" VPOS="1734" WIDTH="55" HEIGHT="31" WC="0.96" CONTENT="ett"/><SP WIDTH="33" VPOS="1734" HPOS="642"/>
							<String ID="string_243" HPOS="675" VPOS="1730" WIDTH="153" HEIGHT="47" WC="0.93" CONTENT="mycket"/><SP WIDTH="27" VPOS="1730" HPOS="828"/>
							<String ID="string_244" HPOS="855" VPOS="1730" WIDTH="322" HEIGHT="36" WC="0.90" CONTENT="vidtomfattande"/><SP WIDTH="34" VPOS="1730" HPOS="1177"/>
							<String ID="string_245" HPOS="1211" VPOS="1731" WIDTH="146" HEIGHT="48" WC="0.95" CONTENT="förslag"/><SP WIDTH="34" VPOS="1731" HPOS="1357"/>
							<String ID="string_246" HPOS="1391" VPOS="1731" WIDTH="58" HEIGHT="36" WC="0.92" CONTENT="till"/><SP WIDTH="28" VPOS="1731" HPOS="1449"/>
							<String ID="string_247" HPOS="1477" VPOS="1732" WIDTH="247" HEIGHT="48" WC="0.92" CONTENT="»förordning"/><SP WIDTH="28" VPOS="1732" HPOS="1724"/>
							<String ID="string_248" HPOS="1752" VPOS="1746" WIDTH="64" HEIGHT="23" WC="0.91" CONTENT="an-"/>
						</TextLine>
						<TextLine ID="line_26" HPOS="213" VPOS="1778" WIDTH="1603" HEIGHT="54">
							<String ID="string_249" HPOS="213" VPOS="1778" WIDTH="148" HEIGHT="47" WC="0.94" CONTENT="gående"/><SP WIDTH="39" VPOS="1778" HPOS="361"/>
							<String ID="string_250" HPOS="400" VPOS="1780" WIDTH="228" HEIGHT="36" WC="0.94" CONTENT="förändrade"/><SP WIDTH="42" VPOS="1780" HPOS="628"/>
							<String ID="string_251" HPOS="670" VPOS="1781" WIDTH="289" HEIGHT="36" WC="0.96" CONTENT="bestämmelser"/><SP WIDTH="41" VPOS="1781" HPOS="959"/>
							<String ID="string_252" HPOS="1000" VPOS="1781" WIDTH="12" HEIGHT="36" WC="0.96" CONTENT="i"/><SP WIDTH="41" VPOS="1781" HPOS="1012"/>
							<String ID="string_253" HPOS="1053" VPOS="1782" WIDTH="180" HEIGHT="36" WC="0.91" CONTENT="afseende"/><SP WIDTH="34" VPOS="1782" HPOS="1233"/>
							<String ID="string_254" HPOS="1267" VPOS="1785" WIDTH="19" HEIGHT="33" WC="0.91" CONTENT="å"/><SP WIDTH="28" VPOS="1785" HPOS="1286"/>
							<String ID="string_255" HPOS="1314" VPOS="1782" WIDTH="286" HEIGHT="50" WC="0.95" CONTENT="behandlingen"/><SP WIDTH="30" VPOS="1782" HPOS="1600"/>
							<String ID="string_256" HPOS="1630" VPOS="1784" WIDTH="71" HEIGHT="36" WC="0.93" CONTENT="och"/><SP WIDTH="27" VPOS="1784" HPOS="1701"/>
							<String ID="string_257" HPOS="1728" VPOS="1784" WIDTH="88" HEIGHT="36" WC="0.92" CONTENT="full-"/>
						</TextLine>
						<TextLine ID="line_27" HPOS="212" VPOS="1829" WIDTH="1605" HEIGHT="53">
							<String ID="string_258" HPOS="212" VPOS="1829" WIDTH="145" HEIGHT="49" WC="0.96" CONTENT="följden"/><SP WIDTH="34" VPOS="1829" HPOS="357"/>
							<String ID="string_259" HPOS="391" VPOS="1831" WIDTH="42" HEIGHT="35" WC="0.96" CONTENT="af"/><SP WIDTH="24" VPOS="1831" HPOS="433"/>
							<String ID="string_260" HPOS="457" VPOS="1831" WIDTH="101" HEIGHT="36" WC="0.96" CONTENT="vissa"/><SP WIDTH="28" VPOS="1831" HPOS="558"/>
							<String ID="string_261" HPOS="586" VPOS="1832" WIDTH="105" HEIGHT="36" WC="0.83" CONTENT="mål»."/><SP WIDTH="55" VPOS="1832" HPOS="691"/>
							<String ID="string_262" HPOS="746" VPOS="1832" WIDTH="17" HEIGHT="36" WC="0.95" CONTENT="I"/><SP WIDTH="29" VPOS="1832" HPOS="763"/>
							<String ID="string_263" HPOS="792" VPOS="1833" WIDTH="105" HEIGHT="36" WC="0.93" CONTENT="detta"/><SP WIDTH="27" VPOS="1833" HPOS="897"/>
							<String ID="string_264" HPOS="924" VPOS="1833" WIDTH="401" HEIGHT="49" WC="0.92" CONTENT="författningsförslag"/><SP WIDTH="28" VPOS="1833" HPOS="1325"/>
							<String ID="string_265" HPOS="1353" VPOS="1834" WIDTH="227" HEIGHT="48" WC="0.95" CONTENT="bestämdes,"/><SP WIDTH="32" VPOS="1834" HPOS="1580"/>
							<String ID="string_266" HPOS="1612" VPOS="1840" WIDTH="55" HEIGHT="31" WC="0.96" CONTENT="att"/><SP WIDTH="27" VPOS="1840" HPOS="1667"/>
							<String ID="string_267" HPOS="1694" VPOS="1835" WIDTH="123" HEIGHT="37" WC="0.96" CONTENT="under"/>
						</TextLine>
						<TextLine ID="line_28" HPOS="217" VPOS="1882" WIDTH="1599" HEIGHT="51">
							<String ID="string_268" HPOS="217" VPOS="1883" WIDTH="45" HEIGHT="34" WC="0.95" CONTENT="14"/><SP WIDTH="29" VPOS="1883" HPOS="262"/>
							<String ID="string_269" HPOS="291" VPOS="1882" WIDTH="189" HEIGHT="36" WC="0.95" CONTENT="särskilda"/><SP WIDTH="29" VPOS="1882" HPOS="480"/>
							<String ID="string_270" HPOS="509" VPOS="1889" WIDTH="168" HEIGHT="31" WC="0.96" CONTENT="moment"/><SP WIDTH="28" VPOS="1889" HPOS="677"/>
							<String ID="string_271" HPOS="705" VPOS="1889" WIDTH="200" HEIGHT="44" WC="0.96" CONTENT="upptagna"/><SP WIDTH="29" VPOS="1889" HPOS="905"/>
							<String ID="string_272" HPOS="934" VPOS="1884" WIDTH="218" HEIGHT="49" WC="0.96" CONTENT="kategorier"/><SP WIDTH="30" VPOS="1884" HPOS="1152"/>
							<String ID="string_273" HPOS="1182" VPOS="1886" WIDTH="40" HEIGHT="35" WC="0.96" CONTENT="af"/><SP WIDTH="22" VPOS="1886" HPOS="1222"/>
							<String ID="string_274" HPOS="1244" VPOS="1885" WIDTH="206" HEIGHT="48" WC="0.94" CONTENT="tvistemål,"/><SP WIDTH="22" VPOS="1885" HPOS="1450"/>
							<String ID="string_275" HPOS="1472" VPOS="1886" WIDTH="131" HEIGHT="37" WC="0.93" CONTENT="hvilka"/><SP WIDTH="20" VPOS="1886" HPOS="1603"/>
							<String ID="string_276" HPOS="1623" VPOS="1887" WIDTH="193" HEIGHT="37" WC="0.91" CONTENT="tillförene"/>
						</TextLine>
						<TextLine ID="line_29" HPOS="213" VPOS="1932" WIDTH="1602" HEIGHT="52">
							<String ID="string_277" HPOS="213" VPOS="1932" WIDTH="224" HEIGHT="38" WC="0.93" CONTENT="behandlats"/><SP WIDTH="42" VPOS="1932" HPOS="437"/>
							<String ID="string_278" HPOS="479" VPOS="1937" WIDTH="21" HEIGHT="33" WC="0.93" CONTENT="å"/><SP WIDTH="41" VPOS="1937" HPOS="500"/>
							<String ID="string_279" HPOS="541" VPOS="1935" WIDTH="278" HEIGHT="37" WC="0.95" CONTENT="administrativ"/><SP WIDTH="32" VPOS="1935" HPOS="819"/>
							<String ID="string_280" HPOS="851" VPOS="1941" WIDTH="88" HEIGHT="43" WC="0.96" CONTENT="väg,"/><SP WIDTH="31" VPOS="1941" HPOS="939"/>
							<String ID="string_281" HPOS="970" VPOS="1936" WIDTH="228" HEIGHT="37" WC="0.96" CONTENT="hädanefter"/><SP WIDTH="28" VPOS="1936" HPOS="1198"/>
							<String ID="string_282" HPOS="1226" VPOS="1937" WIDTH="122" HEIGHT="36" WC="0.96" CONTENT="skulle"/><SP WIDTH="29" VPOS="1937" HPOS="1348"/>
							<String ID="string_283" HPOS="1377" VPOS="1937" WIDTH="180" HEIGHT="37" WC="0.95" CONTENT="hänvisas"/><SP WIDTH="27" VPOS="1937" HPOS="1557"/>
							<String ID="string_284" HPOS="1584" VPOS="1938" WIDTH="58" HEIGHT="36" WC="0.96" CONTENT="till"/><SP WIDTH="29" VPOS="1938" HPOS="1642"/>
							<String ID="string_285" HPOS="1671" VPOS="1938" WIDTH="46" HEIGHT="37" WC="0.93" CONTENT="de"/><SP WIDTH="29" VPOS="1938" HPOS="1717"/>
							<String ID="string_286" HPOS="1746" VPOS="1938" WIDTH="69" HEIGHT="37" WC="0.87" CONTENT="all-"/>
						</TextLine>
						<TextLine ID="line_30" HPOS="213" VPOS="1986" WIDTH="1603" HEIGHT="50">
							<String ID="string_287" HPOS="213" VPOS="1988" WIDTH="139" HEIGHT="32" WC="0.91" CONTENT="männa"/><SP WIDTH="42" VPOS="1988" HPOS="352"/>
							<String ID="string_288" HPOS="394" VPOS="1986" WIDTH="269" HEIGHT="43" WC="0.90" CONTENT="domstolarne,"/><SP WIDTH="45" VPOS="1986" HPOS="663"/>
							<String ID="string_289" HPOS="708" VPOS="1987" WIDTH="211" HEIGHT="49" WC="0.91" CONTENT="hvarjämte"/><SP WIDTH="44" VPOS="1987" HPOS="919"/>
							<String ID="string_290" HPOS="963" VPOS="1988" WIDTH="219" HEIGHT="47" WC="0.90" CONTENT="föreskrefs,"/><SP WIDTH="35" VPOS="1988" HPOS="1182"/>
							<String ID="string_291" HPOS="1217" VPOS="1993" WIDTH="57" HEIGHT="32" WC="0.96" CONTENT="att"/><SP WIDTH="32" VPOS="1993" HPOS="1274"/>
							<String ID="string_292" HPOS="1306" VPOS="1989" WIDTH="104" HEIGHT="36" WC="0.96" CONTENT="vissa"/><SP WIDTH="27" VPOS="1989" HPOS="1410"/>
							<String ID="string_293" HPOS="1437" VPOS="1989" WIDTH="86" HEIGHT="47" WC="0.96" CONTENT="mål,"/><SP WIDTH="29" VPOS="1989" HPOS="1523"/>
							<String ID="string_294" HPOS="1552" VPOS="1989" WIDTH="134" HEIGHT="37" WC="0.96" CONTENT="hvilka"/><SP WIDTH="28" VPOS="1989" HPOS="1686"/>
							<String ID="string_295" HPOS="1714" VPOS="1990" WIDTH="102" HEIGHT="36" WC="0.96" CONTENT="förut"/>
						</TextLine>
						<TextLine ID="line_31" HPOS="213" VPOS="2035" WIDTH="1602" HEIGHT="53">
							<String ID="string_296" HPOS="213" VPOS="2035" WIDTH="73" HEIGHT="37" WC="0.96" CONTENT="fått"/><SP WIDTH="41" VPOS="2035" HPOS="286"/>
							<String ID="string_297" HPOS="327" VPOS="2036" WIDTH="69" HEIGHT="36" WC="0.93" CONTENT="hos"/><SP WIDTH="42" VPOS="2036" HPOS="396"/>
							<String ID="string_298" HPOS="438" VPOS="2037" WIDTH="142" HEIGHT="47" WC="0.94" CONTENT="Kungl."/><SP WIDTH="45" VPOS="2037" HPOS="580"/>
							<String ID="string_299" HPOS="625" VPOS="2039" WIDTH="107" HEIGHT="47" WC="0.95" CONTENT="Maj:t"/><SP WIDTH="42" VPOS="2039" HPOS="732"/>
							<String ID="string_300" HPOS="774" VPOS="2040" WIDTH="11" HEIGHT="35" WC="0.96" CONTENT="i"/><SP WIDTH="29" VPOS="2040" HPOS="785"/>
							<String ID="string_301" HPOS="814" VPOS="2039" WIDTH="208" HEIGHT="36" WC="0.96" CONTENT="statsrådet"/><SP WIDTH="28" VPOS="2039" HPOS="1022"/>
							<String ID="string_302" HPOS="1050" VPOS="2039" WIDTH="195" HEIGHT="49" WC="0.96" CONTENT="fullföljas,"/><SP WIDTH="30" VPOS="2039" HPOS="1245"/>
							<String ID="string_303" HPOS="1275" VPOS="2040" WIDTH="227" HEIGHT="36" WC="0.96" CONTENT="hädanefter"/><SP WIDTH="28" VPOS="2040" HPOS="1502"/>
							<String ID="string_304" HPOS="1530" VPOS="2041" WIDTH="123" HEIGHT="36" WC="0.95" CONTENT="skulle"/><SP WIDTH="29" VPOS="2041" HPOS="1653"/>
							<String ID="string_305" HPOS="1682" VPOS="2042" WIDTH="11" HEIGHT="34" WC="0.96" CONTENT="i"/><SP WIDTH="29" VPOS="2042" HPOS="1693"/>
							<String ID="string_306" HPOS="1722" VPOS="2041" WIDTH="93" HEIGHT="36" WC="0.96" CONTENT="sista"/>
						</TextLine>
						<TextLine ID="line_32" HPOS="213" VPOS="2086" WIDTH="1603" HEIGHT="53">
							<String ID="string_307" HPOS="213" VPOS="2086" WIDTH="193" HEIGHT="38" WC="0.93" CONTENT="instansen"/><SP WIDTH="30" VPOS="2086" HPOS="406"/>
							<String ID="string_308" HPOS="436" VPOS="2088" WIDTH="227" HEIGHT="49" WC="0.96" CONTENT="hänskjutas"/><SP WIDTH="28" VPOS="2088" HPOS="663"/>
							<String ID="string_309" HPOS="691" VPOS="2089" WIDTH="57" HEIGHT="36" WC="0.95" CONTENT="till"/><SP WIDTH="19" VPOS="2089" HPOS="748"/>
							<String ID="string_310" HPOS="767" VPOS="2090" WIDTH="141" HEIGHT="49" WC="0.95" CONTENT="högsta"/><SP WIDTH="15" VPOS="2090" HPOS="908"/>
							<String ID="string_311" HPOS="923" VPOS="2090" WIDTH="227" HEIGHT="36" WC="0.96" CONTENT="domstolen."/><SP WIDTH="30" VPOS="2090" HPOS="1150"/>
							<String ID="string_312" HPOS="1180" VPOS="2091" WIDTH="202" HEIGHT="48" WC="0.96" CONTENT="Förslaget"/><SP WIDTH="15" VPOS="2091" HPOS="1382"/>
							<String ID="string_313" HPOS="1397" VPOS="2091" WIDTH="82" HEIGHT="36" WC="0.45" CONTENT="blef"/><SP WIDTH="11" VPOS="2091" HPOS="1479"/>
							<String ID="string_314" HPOS="1490" VPOS="2091" WIDTH="12" HEIGHT="36" WC="0.45" CONTENT="i"/><SP WIDTH="20" VPOS="2091" HPOS="1502"/>
							<String ID="string_315" HPOS="1522" VPOS="2092" WIDTH="45" HEIGHT="35" WC="0.96" CONTENT="de"/><SP WIDTH="16" VPOS="2092" HPOS="1567"/>
							<String ID="string_316" HPOS="1583" VPOS="2092" WIDTH="108" HEIGHT="36" WC="0.96" CONTENT="flesta"/><SP WIDTH="19" VPOS="2092" HPOS="1691"/>
							<String ID="string_317" HPOS="1710" VPOS="2092" WIDTH="106" HEIGHT="37" WC="0.96" CONTENT="delar"/>
						</TextLine>
						<TextLine ID="line_33" HPOS="213" VPOS="2138" WIDTH="1602" HEIGHT="54">
							<String ID="string_318" HPOS="213" VPOS="2138" WIDTH="41" HEIGHT="34" WC="0.95" CONTENT="af"/><SP WIDTH="35" VPOS="2138" HPOS="254"/>
							<String ID="string_319" HPOS="289" VPOS="2138" WIDTH="222" HEIGHT="49" WC="0.93" CONTENT="Riksdagen"/><SP WIDTH="41" VPOS="2138" HPOS="511"/>
							<String ID="string_320" HPOS="552" VPOS="2140" WIDTH="156" HEIGHT="47" WC="0.88" CONTENT="bifallet,"/><SP WIDTH="35" VPOS="2140" HPOS="708"/>
							<String ID="string_321" HPOS="743" VPOS="2154" WIDTH="87" HEIGHT="24" WC="0.95" CONTENT="men"/><SP WIDTH="33" VPOS="2154" HPOS="830"/>
							<String ID="string_322" HPOS="863" VPOS="2141" WIDTH="82" HEIGHT="36" WC="0.95" CONTENT="blef"/><SP WIDTH="30" VPOS="2141" HPOS="945"/>
							<String ID="string_323" HPOS="975" VPOS="2141" WIDTH="96" HEIGHT="36" WC="0.96" CONTENT="dock"/><SP WIDTH="29" VPOS="2141" HPOS="1071"/>
							<String ID="string_324" HPOS="1100" VPOS="2142" WIDTH="124" HEIGHT="48" WC="0.96" CONTENT="aldrig"/><SP WIDTH="28" VPOS="2142" HPOS="1224"/>
							<String ID="string_325" HPOS="1252" VPOS="2143" WIDTH="41" HEIGHT="35" WC="0.96" CONTENT="af"/><SP WIDTH="23" VPOS="2143" HPOS="1293"/>
							<String ID="string_326" HPOS="1316" VPOS="2142" WIDTH="143" HEIGHT="48" WC="0.95" CONTENT="Kungl."/><SP WIDTH="30" VPOS="2142" HPOS="1459"/>
							<String ID="string_327" HPOS="1489" VPOS="2143" WIDTH="108" HEIGHT="48" WC="0.93" CONTENT="Maj:t"/><SP WIDTH="27" VPOS="2143" HPOS="1597"/>
							<String ID="string_328" HPOS="1624" VPOS="2143" WIDTH="191" HEIGHT="49" WC="0.93" CONTENT="upphöjdt"/>
						</TextLine>
						<TextLine ID="line_34" HPOS="213" VPOS="2187" WIDTH="1599" HEIGHT="55">
							<String ID="string_329" HPOS="213" VPOS="2187" WIDTH="57" HEIGHT="37" WC="0.96" CONTENT="till"/><SP WIDTH="29" VPOS="2187" HPOS="270"/>
							<String ID="string_330" HPOS="299" VPOS="2188" WIDTH="73" HEIGHT="49" WC="0.94" CONTENT="lag."/><SP WIDTH="57" VPOS="2188" HPOS="372"/>
							<String ID="string_331" HPOS="429" VPOS="2191" WIDTH="131" HEIGHT="36" WC="0.87" CONTENT="Redan"/><SP WIDTH="27" VPOS="2191" HPOS="560"/>
							<String ID="string_332" HPOS="587" VPOS="2192" WIDTH="104" HEIGHT="36" WC="0.96" CONTENT="förut"/><SP WIDTH="27" VPOS="2192" HPOS="691"/>
							<String ID="string_333" HPOS="718" VPOS="2192" WIDTH="96" HEIGHT="37" WC="0.96" CONTENT="hade"/><SP WIDTH="30" VPOS="2192" HPOS="814"/>
							<String ID="string_334" HPOS="844" VPOS="2192" WIDTH="210" HEIGHT="37" WC="0.96" CONTENT="emellertid"/><SP WIDTH="30" VPOS="2192" HPOS="1054"/>
							<String ID="string_335" HPOS="1084" VPOS="2193" WIDTH="142" HEIGHT="46" WC="0.93" CONTENT="Kungl."/><SP WIDTH="31" VPOS="2193" HPOS="1226"/>
							<String ID="string_336" HPOS="1257" VPOS="2193" WIDTH="109" HEIGHT="49" WC="0.91" CONTENT="Maj:t"/><SP WIDTH="29" VPOS="2193" HPOS="1366"/>
							<String ID="string_337" HPOS="1395" VPOS="2193" WIDTH="151" HEIGHT="37" WC="0.91" CONTENT="beträdt"/><SP WIDTH="28" VPOS="2193" HPOS="1546"/>
							<String ID="string_338" HPOS="1574" VPOS="2193" WIDTH="74" HEIGHT="37" WC="0.96" CONTENT="den"/><SP WIDTH="23" VPOS="2193" HPOS="1648"/>
							<String ID="string_339" HPOS="1671" VPOS="2208" WIDTH="141" HEIGHT="34" WC="0.96" CONTENT="genom"/>
						</TextLine>
						<TextLine ID="line_35" HPOS="210" VPOS="2239" WIDTH="1603" HEIGHT="55">
							<String ID="string_340" HPOS="210" VPOS="2239" WIDTH="241" HEIGHT="51" WC="0.96" CONTENT="Riksdagens"/><SP WIDTH="29" VPOS="2239" HPOS="451"/>
							<String ID="string_341" HPOS="480" VPOS="2243" WIDTH="282" HEIGHT="48" WC="0.95" CONTENT="framställning"/><SP WIDTH="27" VPOS="2243" HPOS="762"/>
							<String ID="string_342" HPOS="789" VPOS="2247" WIDTH="41" HEIGHT="33" WC="0.96" CONTENT="år"/><SP WIDTH="18" VPOS="2247" HPOS="830"/>
							<String ID="string_343" HPOS="848" VPOS="2246" WIDTH="98" HEIGHT="35" WC="0.96" CONTENT="1868"/><SP WIDTH="17" VPOS="2246" HPOS="946"/>
							<String ID="string_344" HPOS="963" VPOS="2244" WIDTH="180" HEIGHT="37" WC="0.96" CONTENT="anvisade"/><SP WIDTH="16" VPOS="2244" HPOS="1143"/>
							<String ID="string_345" HPOS="1159" VPOS="2249" WIDTH="77" HEIGHT="44" WC="0.96" CONTENT="väg"/><SP WIDTH="16" VPOS="2249" HPOS="1236"/>
							<String ID="string_346" HPOS="1252" VPOS="2250" WIDTH="55" HEIGHT="31" WC="0.96" CONTENT="att"/><SP WIDTH="15" VPOS="2250" HPOS="1307"/>
							<String ID="string_347" HPOS="1322" VPOS="2246" WIDTH="86" HEIGHT="35" WC="0.96" CONTENT="från"/><SP WIDTH="19" VPOS="2246" HPOS="1408"/>
							<String ID="string_348" HPOS="1427" VPOS="2245" WIDTH="249" HEIGHT="49" WC="0.93" CONTENT="regeringens"/><SP WIDTH="20" VPOS="2245" HPOS="1676"/>
							<String ID="string_349" HPOS="1696" VPOS="2246" WIDTH="117" HEIGHT="36" WC="0.91" CONTENT="hand-"/>
						</TextLine>
						<TextLine ID="line_36" HPOS="211" VPOS="2291" WIDTH="1603" HEIGHT="53">
							<String ID="string_350" HPOS="211" VPOS="2291" WIDTH="191" HEIGHT="50" WC="0.95" CONTENT="läggning"/><SP WIDTH="34" VPOS="2291" HPOS="402"/>
							<String ID="string_351" HPOS="436" VPOS="2293" WIDTH="112" HEIGHT="48" WC="0.95" CONTENT="skilja"/><SP WIDTH="24" VPOS="2293" HPOS="548"/>
							<String ID="string_352" HPOS="572" VPOS="2294" WIDTH="142" HEIGHT="37" WC="0.96" CONTENT="sådana"/><SP WIDTH="29" VPOS="2294" HPOS="714"/>
							<String ID="string_353" HPOS="743" VPOS="2295" WIDTH="86" HEIGHT="47" WC="0.96" CONTENT="mål,"/><SP WIDTH="30" VPOS="2295" HPOS="829"/>
							<String ID="string_354" HPOS="859" VPOS="2295" WIDTH="131" HEIGHT="37" WC="0.96" CONTENT="hvilka"/><SP WIDTH="28" VPOS="2295" HPOS="990"/>
							<String ID="string_355" HPOS="1018" VPOS="2295" WIDTH="84" HEIGHT="37" WC="0.95" CONTENT="icke"/><SP WIDTH="29" VPOS="2295" HPOS="1102"/>
							<String ID="string_356" HPOS="1131" VPOS="2309" WIDTH="140" HEIGHT="35" WC="0.95" CONTENT="genom"/><SP WIDTH="31" VPOS="2309" HPOS="1271"/>
							<String ID="string_357" HPOS="1302" VPOS="2296" WIDTH="57" HEIGHT="37" WC="0.96" CONTENT="sin"/><SP WIDTH="28" VPOS="2296" HPOS="1359"/>
							<String ID="string_358" HPOS="1387" VPOS="2301" WIDTH="113" HEIGHT="32" WC="0.96" CONTENT="natur"/><SP WIDTH="29" VPOS="2301" HPOS="1500"/>
							<String ID="string_359" HPOS="1529" VPOS="2297" WIDTH="84" HEIGHT="37" WC="0.93" CONTENT="med"/><SP WIDTH="30" VPOS="2297" HPOS="1613"/>
							<String ID="string_360" HPOS="1643" VPOS="2297" WIDTH="171" HEIGHT="37" WC="0.90" CONTENT="nödvän-"/>
						</TextLine>
					</TextBlock>
				</ComposedBlock>
			</PrintSpace>
		</Page>
	</Layout>
</alto>
