2172 2608
728 167 249 34 Statsutskottets
999 168 165 34 utlåtande
1186 169 53 33 Nr
1263 171 51 31 15.
1763 172 19 31 5

228 245 158 49 åtnjuta,
428 245 163 37 förutom
629 246 64 36 lön
728 245 71 37 och
827 246 507 52 tjänstgöringspenningar,
1359 250 142 49 jämväl
1526 251 161 50 sportler
1716 252 69 36 och
1814 253 11 35 i

228 297 101 37 vissa
358 297 66 37 fall
452 297 402 50 förvaltningsbidrag,
883 305 80 31 mot
991 300 219 50 skyldighet
1239 302 57 36 för
1324 301 84 37 dem
1436 307 57 31 att
1520 303 120 49 själva
1659 303 165 37 bestrida

229 349 272 49 domsagornas
528 349 339 49 kanslikostnader,
897 351 73 37 den
998 366 45 23 av
1063 353 235 37 motionären
1318 354 223 49 ifrågasatta
1563 355 261 49 anordningen

227 401 164 48 givetvis
433 404 118 33 måste
593 414 110 24 anses
736 402 203 38 förutsätta
967 417 46 23 en
1042 406 257 48 omreglering
1327 419 47 23 av
1401 406 423 49 häradshövdingarnas

229 452 476 50 avlöningsförhållanden.
747 453 59 37 En
827 455 105 49 dylik
951 457 259 49 omreglering
1230 460 141 46 ansåge
1391 457 184 38 utskottet
1594 459 81 36 icke
1697 460 128 36 kunna

227 504 287 50 ifrågakomma,
555 505 117 36 innan
712 519 98 24 ovan
851 507 157 37 berörda
1045 508 205 50 utredning
1281 510 160 36 rörande
1468 523 47 24 en
1544 510 138 37 allmän
1710 516 114 32 rätte-

227 556 266 50 gångsreform
522 557 182 37 slutförts.

356 608 196 38 Utskottet
592 609 68 36 har
700 610 129 38 vidare
870 611 154 48 erinrat,
1062 618 54 31 att
1143 613 288 49 ifrågavarande
1459 614 173 37 biträden
1659 628 90 24 vore
1778 629 46 23 av

226 660 246 50 synnerligen
512 661 186 37 växlande
734 662 95 49 slag,
864 663 82 37 från
978 664 186 48 biträden,
1194 678 81 24 som
1303 666 238 37 uteslutande
1568 680 91 23 vore
1687 668 136 48 syssel-

226 717 99 31 satta
343 712 85 37 med
447 713 281 50 renskrivning,
749 714 57 37 till
825 715 185 48 biträden,
1031 729 81 24 som
1132 716 265 38 ombetroddes
1416 719 177 48 uppdrag
1613 732 45 23 av
1678 720 146 48 ganska

225 763 192 38 krävande
457 770 123 42 natur,
623 771 99 31 samt
761 767 164 49 påpekat
965 773 56 31 att
1063 782 144 23 samma
1248 769 94 46 skäl,
1384 782 80 24 som
1508 784 46 23 av
1588 771 235 37 motionären

226 816 144 36 anförts
413 816 58 36 för
511 816 214 38 beredande
765 832 47 22 av
852 819 137 37 fastare
1030 820 233 49 anställning
1304 823 38 34 åt
1381 820 171 39 biträden
1593 825 21 33 å
1655 822 167 37 domare-

224 867 226 48 kanslierna,
492 868 126 37 kunde
660 869 121 49 enligt
822 871 201 37 utskottets
1061 873 156 48 mening
1244 872 152 38 anföras
1418 874 146 49 jämväl
1591 873 231 39 beträffande

224 919 193 49 åtskilliga
445 919 116 38 andra
589 920 84 50 slag
693 934 46 24 av
759 922 184 48 biträden,
964 924 230 49 exempelvis
1214 924 45 37 de
1278 924 70 37 hos
1368 924 454 51 fögderiförvaltningens

223 971 229 49 tjänstemän
493 972 196 49 anställda,
729 974 220 49 varigenom
982 976 137 48 frågan
1146 976 103 49 finge
1278 990 48 23 en
1355 981 100 32 ännu
1484 991 102 23 mera
1613 978 210 37 vidsträckt

224 1023 231 50 omfattning
482 1023 70 37 och
580 1024 119 50 ginge
725 1030 43 32 ut
795 1029 47 46 på
869 1027 232 38 inrättandet
1128 1041 47 23 av
1204 1041 46 24 en
1280 1028 78 38 helt
1381 1043 62 34 ny,
1464 1029 214 49 betydande
1696 1044 125 36 grupp

223 1075 252 49 statstjänare.

351 1126 293 51 Ifrågavarande
667 1129 183 38 motioner
870 1130 98 37 hava
987 1131 82 37 icke
1086 1132 178 37 föranlett
1283 1136 127 47 någon
1429 1133 225 50 riksdagens
1674 1135 145 49 åtgärd.

350 1230 58 37 Då
448 1231 72 37 vad
557 1232 187 37 utskottet
777 1234 156 36 sålunda
961 1235 101 36 förut
1090 1235 12 36 i
1132 1235 135 49 frågan
1296 1237 124 37 anfört
1447 1237 231 38 fortfarande
1707 1252 111 36 synes

222 1287 73 45 äga
323 1282 70 37 full
420 1282 193 50 giltighet,
643 1284 56 36 får
726 1284 185 38 utskottet
938 1286 207 48 hemställa,

751 1393 54 32 att
845 1390 86 36 herr
972 1390 246 50 Lindhagens
1246 1391 291 49 ifrågavarande
1564 1393 144 37 motion
1737 1393 81 38 icke

621 1442 60 34 må
709 1439 55 37 till
793 1443 127 47 någon
947 1442 226 49 riksdagens
1202 1443 132 49 åtgärd
1366 1444 200 37 föranleda.

351 1541 218 39 Stockholm
599 1543 73 37 den
703 1546 45 35 18
777 1544 164 38 februari
972 1536 110 47 1916.

733 1648 52 37 På
813 1649 301 38 statsutskottets
1142 1655 163 45 vägnar:

830 1752 132 37 CARL
992 1753 216 37 SWARTZ.

348 1958 62 29 Vil
434 1958 193 30 förestående
651 1960 129 30 ärendes
804 1961 248 38 slutbehandling
1075 1964 81 27 inom
1179 1963 154 30 utskottet
1355 1965 76 28 hava
1453 1966 148 28 närvarit:

346 2001 68 28 från
448 2002 96 29 första
577 2002 186 30 kammaren:
799 2005 106 28 herrar
929 2005 30 29 C.
984 2006 31 28 J.
1041 2006 36 28 G.
1103 2006 125 37 Swartz,
1262 2007 30 30 S.
1317 2008 42 28 H.
1384 2008 207 38 Kvarnzelius,
1620 2010 32 28 O.
1676 2010 138 37 Jonsson,

218 2043 32 30 0.
286 2044 44 28 M.
366 2044 178 38 Strömberg,
579 2046 44 30 H.
658 2047 43 30 H.
735 2047 37 29 K.
808 2048 135 36 Ericson,
978 2049 36 29 G.
1047 2049 43 28 M.
1122 2050 42 28 H.
1189 2050 146 39 Ekelund,
1361 2051 30 29 C.
1417 2052 35 28 G.
1477 2052 127 37 Ekman,
1629 2054 31 28 J.
1685 2049 128 45 Nilsson,

218 2087 32 30 0.
275 2087 168 37 Bergqvist,
468 2089 35 27 A.
528 2089 74 29 Pers
625 2091 55 27 och
704 2090 36 29 F.
765 2090 151 37 Berglund
939 2095 78 25 samt

346 2130 66 29 från
446 2131 94 29 andra
573 2132 187 30 kammaren:
795 2134 106 29 herrar
934 2135 42 29 H.
1010 2136 168 29 Andersson
1208 2137 9 27 i
1242 2136 140 39 Skivarp,
1407 2137 38 29 K.
1474 2138 31 29 V.
1530 2138 105 36 Rydén
1659 2140 7 27 i
1692 2139 120 35 Malmö,

217 2173 30 30 C.
272 2173 127 30 Persson
422 2174 10 29 i
456 2174 190 35 Stallerhult,
670 2177 37 28 HE.
741 2178 35 27 A.
801 2177 107 29 Nilson
931 2179 10 27 i
966 2174 128 39 Örebro,
1118 2179 38 29 N.
1181 2180 35 28 A.
1241 2179 121 30 Nilsson
1385 2181 10 28 i
1417 2181 158 38 Kabbarp,
1600 2183 36 28 4.
1663 2179 149 45 Wiklund,

214 2217 31 29 J.
270 2216 107 38 Ström,
402 2218 36 29 A.
462 2218 154 30 Anderson
638 2220 11 28 i
672 2220 144 35 Råstock,
840 2222 35 28 A.
901 2221 38 29 R.
964 2223 169 37 Lundblad,
1159 2223 36 29 G.
1220 2224 36 29 A.
1280 2223 96 30 Molin
1399 2225 9 27 i
1433 2224 184 39 Södertälje,
1641 2226 31 29 J.
1689 2226 126 30 Pålsson

215 2261 55 29 och
293 2260 32 31 J.
349 2261 36 28 A.
410 2261 176 38 Ingvarson.

303 2312 128 40 Bihang
454 2314 49 32 till
525 2314 187 43 riksdagens
729 2316 159 42 protokoll
913 2318 91 32 1916.
1052 2320 21 31 6
1096 2319 89 31 saml.
1235 2319 39 31 13
1297 2318 78 42 häft.
1420 2319 68 41 (Nr
1514 2321 152 38 14—15)
1751 2324 20 30 2
