2257 2694
478 206 39 28 18
930 205 242 41 Lagutskottets
1201 205 174 34 Utlåtande
1397 208 62 32 N:o
1481 211 51 30 39.

433 290 133 42 skiftet,
596 293 89 31 samt
708 288 70 37 låte
806 291 248 45 ofördröjligen
1082 291 78 36 från
1187 294 237 43 predikstolen
1450 295 11 34 i
1490 296 65 33 den
1583 296 84 34 eller
1693 296 42 34 de
1754 298 160 41 socknar,
1934 297 103 35 hvar-

432 340 92 35 inom
566 341 222 45 skifteslaget
828 346 40 31 är
908 343 150 45 beläget,
1100 345 170 44 kungöra,
1300 348 53 32 att
1381 346 355 46 besvärshandlingar
1763 348 182 35 inkommit
1972 349 63 34 och

432 396 60 31 äro
520 393 61 35 hos
609 394 64 34 den
701 394 145 35 utsedde
874 395 185 44 delegaren
1087 395 53 35 för
1168 397 260 35 vederbörande
1455 401 121 41 parter
1603 399 237 45 tillgängliga;
1870 400 61 34 och
1952 410 84 34 eger

431 444 124 44 hvarje
582 448 80 40 part
688 445 92 34 inom
809 456 42 23 en
879 443 125 37 månad
1031 445 79 36 från
1137 448 59 34 det
1222 449 233 43 kungörelsen
1482 449 118 35 blifvit
1627 451 139 43 uppläst
1793 449 78 37 från
1898 451 136 44 predik-

431 496 122 42 stolen,
596 496 59 35 vid
687 496 127 35 förlust
841 497 39 34 af
905 498 121 34 vidare
1054 499 109 43 talan,
1192 499 53 34 till
1274 500 361 45 egodelningsrättens
1663 501 209 36 ordförande
1899 502 135 44 ingifva

430 544 218 47 underdånig
688 547 196 45 förklaring
924 549 99 35 öfver
1062 551 185 44 besvären;
1281 549 186 47 åliggande
1495 552 231 36 ordföranden
1754 556 54 32 att
1840 575 42 2 —
1912 574 45 3 —
1987 575 45 2 —

432 618 44 3 —
1189 603 196 43 expedition
1414 604 156 35 insända.

562 649 81 36 Har
669 648 104 38 målet
802 651 117 36 blifvit
1022 673 45 3 —
1702 676 50 5 —
1919 677 114 4 ——

807 724 46 3 —
1108 704 12 35 i
1147 703 108 36 nåder
1281 706 174 35 förordna.

563 751 66 35 Om
668 753 261 35 vederbörande
970 755 137 34 utskott
1146 756 105 43 gillar
1283 758 191 33 motionens
1501 758 103 43 syfte,
1634 759 98 34 torde
1759 760 175 34 utskottet
1960 759 72 34 vid-

426 805 85 41 taga
539 803 64 34 den
631 804 150 45 ändring
808 805 10 34 i
845 805 270 45 formuleringen
1144 807 36 34 af
1207 807 178 45 förslaget,
1416 819 70 24 som
1514 820 101 24 anses
1642 811 135 44 nödig.»

559 954 79 36 Den
667 956 39 35 af
730 957 216 35 motionären
973 958 199 46 föreslagna
1200 964 111 42 utväg
1339 966 53 31 att
1419 963 213 35 förekomma
1653 964 125 45 onödig
1798 965 149 36 kostnad
1967 970 62 33 och

425 1006 216 45 tidsutdrägt
680 1008 59 35 vid
780 1008 194 45 delgifning
1014 1010 40 35 af
1089 1012 126 34 besvär
1255 1014 99 34 öfver
1394 1015 316 44 egodelningsrätts
1754 1018 128 43 utslag,
1928 1030 102 33 Synes

424 1058 172 34 utskottet
624 1069 87 25 vara
739 1060 162 43 praktisk
929 1062 64 33 och
1020 1061 285 48 ändamålsenlig.
1362 1064 284 46 Olägenheterna
1675 1068 38 34 af
1738 1068 58 35 det
1823 1073 205 33 nuvarande

425 1109 323 44 delgifningssättet
775 1112 86 33 ökas
889 1112 210 45 derigenom,
1129 1117 53 32 att
1210 1116 58 33 det
1296 1117 159 34 stundom
1482 1118 72 33 kan
1582 1129 87 24 vara
1697 1121 140 42 mycket
1856 1120 98 36 svårt
1974 1127 54 31 att

425 1160 152 34 anträffa
619 1161 160 44 samtlige
820 1163 196 43 delegarne.
1071 1163 71 36 Det
1186 1176 102 33 synes
1316 1167 117 35 derför
1460 1169 136 43 ganska
1624 1170 158 45 lämpligt
1811 1175 54 31 att
1892 1174 135 35 skiftes-

423 1211 187 43 delegarne
638 1211 11 33 i
677 1212 96 34 detta
802 1213 162 34 afseende
992 1215 184 34 betraktas
1204 1215 110 36 såsom
1343 1228 42 24 en
1412 1219 187 44 menighet.

555 1260 205 37 Emellertid
802 1264 97 34 torde
940 1265 195 45 delgifning
1174 1268 75 33 med
1286 1269 76 34 stöd
1390 1270 40 33 af
1454 1271 204 34 nuvarande
1685 1273 194 43 stadgande
1907 1275 119 35 kunna

420 1309 255 47 ifrågakomma
703 1314 77 34 icke
808 1315 89 34 blott
924 1316 75 34 med
1016 1317 324 46 skiftesdelegarne,
1357 1323 84 32 utan
1459 1321 64 35 ock
1538 1322 75 34 med
1630 1319 393 54 förrättningsmannen.

420 1363 181 35 Besvären
642 1365 118 34 kunna
801 1366 172 44 nemligen
1013 1369 94 43 gälla
1148 1369 102 35 äfven
1292 1371 88 34 hans
1406 1375 85 40 rätt,
1519 1376 25 31 t.
1575 1384 51 23 ex.
1658 1385 51 24 om
1737 1376 159 43 yrkande
1923 1378 104 35 fram-

420 1414 129 43 ställes,
592 1417 54 32 att
679 1415 124 36 skiftet
831 1418 89 33 skall
948 1418 10 34 i
987 1419 52 34 sin
1067 1420 119 35 helhet
1214 1422 83 33 eller
1325 1421 54 36 till
1406 1420 113 47 någon
1549 1425 54 33 del
1630 1428 104 41 göras
1763 1438 53 23 om
1844 1426 44 46 på
1915 1430 110 34 landt-

419 1468 177 31 mätarens
624 1467 203 35 bekostnad.
882 1467 72 36 För
982 1470 237 45 delgifningen
1249 1473 74 34 med
1352 1474 275 36 skiftesmannen
1656 1487 102 34 synes
1786 1479 65 34 den
1871 1490 47 24 nu
1938 1481 86 35 före-

418 1516 123 44 slagna
570 1517 132 34 formen
729 1518 78 35 icke
834 1529 87 25 vara
949 1521 153 45 lämplig,
1131 1526 86 31 utan
1245 1525 98 33 torde
1370 1525 11 34 i
1409 1526 163 35 afseende
1600 1525 20 36 å
1648 1528 123 35 honom
1800 1530 66 35 den
1882 1533 142 44 vanliga

418 1567 133 34 formen
579 1569 84 33 böra
691 1568 204 37 bibehållas.

552 1617 135 36 Vidare
728 1630 103 33 synes
858 1621 58 35 det
943 1623 174 35 utskottet
1144 1624 77 35 icke
1249 1636 86 25 vara
1363 1626 54 35 för
1443 1626 217 38 ändamålets
1688 1630 175 37 vinnande
1891 1635 131 45 nödigt,

417 1671 54 32 att
498 1670 403 46 besvärshandlingarna
929 1674 98 34 skola
1054 1675 12 33 i
1093 1676 69 34 alla
1190 1676 282 37 förekommande
1499 1680 63 34 fall
1590 1678 110 37 hållas
1720 1683 222 46 tillgängliga
1961 1687 61 34 hos

417 1720 65 33 den
523 1720 173 44 delegare,
737 1732 70 24 som
848 1723 111 45 enligt
995 1727 68 33 105
1091 1725 22 46 $
1141 1727 275 45 skiftesstadgan
1443 1730 118 36 blifvit
1588 1733 124 33 utsedd
1739 1736 54 32 att
1822 1735 52 35 till
1901 1737 122 35 förvar

416 1773 156 42 mottaga
613 1771 212 45 handlingar
851 1775 150 35 rörande
1029 1776 132 36 skiftet.
1216 1777 112 37 Detta
1357 1781 98 34 torde
1483 1781 205 46 visserligen
1716 1784 84 35 böra
1829 1789 193 41 uppställas

416 1819 111 36 såsom
554 1823 113 44 regel;
696 1834 77 23 men
801 1824 63 35 fall
890 1826 119 34 kunna
1037 1827 153 45 inträffa,
1220 1827 44 37 då
1291 1828 126 37 sådant
1444 1832 67 34 blir
1538 1833 157 45 omöjligt
1723 1836 84 34 eller
1827 1838 191 45 olämpligt.

416 1870 79 36 Den
537 1873 110 44 enligt
683 1875 68 33 105
780 1874 21 46 $
829 1877 144 34 utsedde
1002 1878 161 44 delegare
1192 1880 68 34 kan
1286 1881 41 44 ju
1354 1882 107 36 hafva
1490 1883 113 35 aflidit
1630 1886 84 34 eller
1742 1887 100 44 eljest
1870 1890 151 44 upphört

416 1925 54 32 att
496 1934 87 24 vara
612 1924 173 45 delegare,
815 1926 106 35 innan
950 1929 170 35 besvären
1148 1931 191 36 inkommit.
1381 1932 84 36 Han
1493 1935 71 34 kan
1593 1934 106 37 också
1725 1937 82 45 sjelf
1833 1949 88 25 vara
1948 1942 71 34 kla-

413 1975 125 41 gande.
593 1974 71 35 För
704 1976 120 43 dylika
852 1977 62 35 fall
944 1979 93 34 lärer
1064 1981 180 45 möjlighet
1271 1984 85 33 böra
1383 1985 146 35 beredas
1556 1987 362 46 egodelningsrättens
1946 1993 72 33 ord-

414 2024 145 36 förande
587 2028 54 32 att
668 2026 214 37 öfverlemna
910 2030 254 45 handlingarne
1192 2030 37 37 åt
1257 2044 115 25 annan
1401 2036 172 45 delegare.

546 2075 265 46 Lagutskottet,
846 2090 72 24 som
946 2081 37 34 af
1008 2092 48 25 nu
1083 2083 146 36 anförda
1258 2086 77 33 skäl
1362 2086 116 35 funnit
1505 2088 54 44 sig
1584 2089 78 35 icke
1689 2090 120 36 kunna
1837 2092 180 45 tillstyrka

413 2128 200 42 antagande
642 2128 39 34 af
704 2129 234 37 motionärens
966 2132 132 46 förslag
1125 2135 236 45 oförändradt,
1390 2138 203 36 hemställer
1620 2137 127 53 derför,

746 2213 34 48 2)
810 2218 54 32 att
891 2216 202 46 Riksdagen
1121 2220 94 44 ville,
1244 2222 77 34 med
1349 2223 188 46 anledning
1564 2225 40 34 af
1627 2226 82 35 herr
1727 2225 36 37 J.
1784 2227 40 36 P.
1845 2227 172 38 Janssons

810 2266 233 38 förevarande
1070 2271 141 45 motion,
1240 2272 54 34 för
1321 2274 50 34 sin
1401 2275 55 34 del
1483 2278 129 43 antaga
1641 2273 155 57 följande
