1894 2800
537 160 275 31 Statsutskottets
838 159 174 31 utlåtande
1037 169 41 21 nr
1101 160 49 30 49.
1599 154 20 29 5

783 509 61 40 Nr
870 509 61 40 49.

334 636 182 30 Utlåtande
536 638 11 28 i
565 636 189 40 anledning
772 646 42 19 av
833 635 126 40 Kungl.
980 635 126 39 Maj:ts
1127 635 10 29 i
1156 632 458 40 statsverkspropositionen

554 687 125 39 gjorda
706 686 302 40 framställningar
1034 684 178 41 angående
1242 684 123 39 anslag
1390 684 57 39 för
1475 682 143 40 budget-

553 737 75 30 året
653 737 149 35 1949/50
827 737 51 29 till
900 739 132 28 statens
1057 734 392 42 organisationsnämnd
1471 735 110 39 jämte
1606 734 11 29 i

554 789 118 29 ämnet
694 788 123 30 väckta
838 788 180 30 motioner.

1377 836 72 35 (3:e
1471 835 95 35 avd.)

158 949 72 33 1:0)
262 949 135 29 Statens
425 948 400 36 organisationsnämnd:
856 948 222 35 Avlöningar.
1107 947 13 29 I
1147 946 262 38 propositionen
1436 954 40 20 nr
1508 945 14 29 1
1554 944 65 29 har

112 999 125 39 Kungl.
261 999 105 39 Maj:t
389 999 111 29 under
524 999 126 39 sjunde
675 999 222 30 huvudtiteln
926 998 129 40 (punkt
1079 998 52 34 27,
1156 1007 25 23 s.
1205 997 141 34 34—36,
1370 1007 41 20 av
1433 996 107 39 bilagt
1561 997 57 28 ut-

113 1050 85 39 drag
222 1059 44 21 av
295 1050 382 39 statsrådsprotokollet
705 1050 80 29 över
813 1049 275 30 finansärenden
1115 1048 56 30 för
1198 1048 67 30 den
1294 1048 18 30 3
1340 1047 141 40 januari
1510 1046 103 33 1949)

111 1100 179 39 föreslagit
312 1100 186 39 riksdagen
521 1103 50 27 att
595 1100 74 30 dels
692 1100 185 38 godkänna
899 1110 41 20 av
960 1098 388 41 departementschefen
1371 1098 165 29 förordad
1560 1107 58 21 av-

112 1151 209 39 löningsstat
347 1151 54 30 för
429 1152 130 29 statens
586 1150 400 39 organisationsnämnd,
1014 1153 50 28 att
1091 1150 177 39 tillämpas
1294 1149 72 30 tills
1392 1149 116 30 vidare
1536 1147 82 31 från

111 1202 66 29 och
196 1202 78 29 med
295 1201 204 39 budgetåret
522 1201 161 35 1949/50,
703 1202 75 30 dels
801 1202 65 29 ock
887 1201 52 31 till
961 1201 138 30 Statens
1117 1200 409 40 organisationsnämnd:
1551 1199 68 30 Av-

112 1252 158 39 löningar
294 1253 54 29 för
370 1253 154 29 nämnda
544 1252 169 38 budgetår
736 1252 122 30 anvisa
881 1253 48 29 ett
950 1251 275 40 förslagsanslag
1247 1261 42 20 av
1311 1250 64 30 620
1390 1250 61 30 000
1474 1251 144 28 kronor.

158 1353 269 38 Ifrågavarande
443 1353 121 39 anslag
580 1354 38 28 är
634 1353 10 29 i
659 1353 190 30 riksstaten
867 1353 54 29 för
936 1353 236 29 innevarande
1189 1351 170 39 budgetår
1377 1351 143 40 uppfört
1537 1351 81 29 med

113 1403 63 30 615
191 1404 62 30 000
274 1404 141 29 kronor.

159 1454 136 30 Statens
322 1454 393 38 organisationsnämnd
741 1454 66 29 har
833 1454 12 29 i
874 1454 75 29 sina
977 1452 324 40 anslagsäskanden
1329 1452 55 30 för
1413 1452 204 40 budgetåret

115 1504 149 35 1949/50
280 1505 180 38 föreslagit
475 1505 201 29 inrättande
692 1514 42 20 av
749 1504 20 30 4
786 1504 503 39 byrådirektörsbefattningar
1305 1504 12 29 i
1335 1503 164 39 lönegrad
1517 1503 43 30 Ce
1575 1503 39 29 31

111 1556 67 29 och
206 1555 18 29 2
252 1554 237 39 befattningar
519 1563 75 21 som
622 1554 248 40 byråingenjör
897 1554 84 30 eller
1008 1554 190 30 konsulent
1227 1554 11 29 i
1268 1554 165 38 lönegrad
1463 1554 42 29 Ce
1520 1554 53 29 25.
1603 1553 14 29 I

114 1605 169 31 samband
311 1606 144 30 därmed
484 1605 112 30 skulle
625 1605 18 29 6
671 1605 245 31 motsvarande
944 1604 385 39 arvodesbefattningar
1358 1605 173 38 indragas.
1561 1605 58 29 Vi-

113 1655 81 30 dare
219 1655 148 31 föreslås
389 1655 118 39 utbyte
529 1665 45 21 av
595 1665 43 20 en
660 1655 286 39 kontoristtjänst
969 1656 10 29 i
1001 1655 166 38 lönegrad
1192 1655 42 31 Ce
1261 1655 38 30 13
1325 1658 74 27 mot
1420 1664 42 20 en
1486 1655 133 30 kansli-

115 1706 249 40 skrivartjänst
392 1707 11 29 i
431 1706 164 39 lönegrad
624 1706 43 30 Ce
697 1706 37 30 15
764 1707 164 29 ävensom
956 1707 174 38 utökning
1158 1716 41 21 av
1226 1706 207 39 personalen
1461 1706 79 30 med
1569 1708 50 29 ett

113 1757 172 38 kvinnligt
305 1756 146 31 biträde.

158 1807 124 38 Kungl.
309 1807 124 39 Maj:ts
458 1807 133 39 förslag
614 1807 144 30 innebär
783 1807 77 29 icke
886 1816 116 21 annan
1029 1806 149 41 ändring
1201 1807 11 29 i
1238 1807 220 31 förhållande
1483 1807 53 30 till
1562 1807 58 30 för

112 1859 235 30 innevarande
387 1859 168 38 budgetår
594 1860 153 29 rådande
788 1859 245 30 förhållanden
1062 1861 44 27 än
1135 1861 48 28 att
1212 1860 156 37 anslaget
1397 1860 220 38 uppräknats

112 1908 79 29 med
215 1907 17 28 5
248 1907 63 30 000
335 1908 130 29 kronor
489 1908 53 29 till
566 1907 90 39 följd
680 1917 41 20 av
743 1907 460 39 löneklassuppflyttningar
1229 1909 90 28 samt
1341 1908 68 29 den
1432 1908 187 30 hittillsva-

114 1958 106 29 rande
241 1957 241 39 belastningen
502 1968 42 20 av
562 1958 93 29 vissa
673 1958 270 39 anslagsposter.

156 2058 174 29 Utskottet
349 2058 63 29 har
431 2058 11 29 i
460 2058 229 30 förevarande
710 2058 255 38 sammanhang
985 2059 50 28 till
1056 2058 212 39 behandling
1287 2059 154 29 förehaft
1460 2059 158 39 följande

111 2109 182 34 motioner,
317 2109 175 38 nämligen

157 2158 72 30 dels
257 2160 58 28 två
344 2159 222 39 likalydande
595 2159 181 34 motioner,
807 2159 125 29 väckta
959 2160 66 29 den
1055 2169 65 20 ena
1149 2160 94 29 inom
1273 2160 110 29 första
1412 2160 206 29 kammaren

111 2219 42 19 av
175 2209 79 29 herr
275 2209 206 29 Nordenson
510 2209 46 32 (1:
574 2210 79 33 200)
681 2210 62 28 och
767 2210 67 29 den
857 2210 108 29 andra
988 2210 96 29 inom
1107 2210 109 29 andra
1240 2210 206 29 kammaren
1471 2220 41 20 av
1537 2210 82 29 herr

114 2258 138 39 Wiberg
287 2259 62 32 (II:
367 2259 95 33 249),
490 2260 10 28 i
529 2260 93 28 vilka
651 2260 206 32 hemställts,
885 2261 50 27 att
962 2259 187 39 riksdagen
1177 2260 10 28 i
1216 2260 166 31 skrivelse
1410 2260 50 29 till
1490 2260 128 37 Kungl.

111 2309 105 38 Maj:t
237 2309 79 29 ville
339 2309 139 29 anhålla
501 2309 74 29 dels
599 2319 55 19 om
679 2319 41 19 en
744 2310 191 38 skyndsam
957 2310 198 37 utredning,
1178 2310 184 38 åsyftande
1384 2319 42 21 en
1448 2310 170 29 förstärk-

114 2359 84 38 ning
223 2369 41 19 av
291 2361 133 27 statens
449 2359 402 38 organisationsnämnd,
878 2360 63 28 och
970 2360 73 28 dels
1070 2362 49 28 att
1147 2359 125 38 Kungl.
1300 2360 105 38 Maj:t
1431 2361 107 28 redan
1565 2360 56 29 för

113 2409 236 29 innevarande
373 2410 56 29 års
454 2410 142 37 riksdag
620 2410 77 29 ville
721 2410 192 37 framlägga
937 2410 41 29 de
1002 2410 141 38 förslag,
1167 2410 114 29 vartill
1308 2410 232 39 utredningen
1564 2410 58 29 må

112 2460 197 34 föranleda;
