1860 2778
228 139 41 30 38
612 143 126 40 Tredje
763 143 246 40 lagutskottets
1035 145 178 31 utlåtande
1239 156 42 20 nr
1304 148 52 31 28.

232 223 91 30 sätta
355 223 221 41 undermålig
607 225 73 30 fisk
713 225 82 30 eller
816 226 71 30 fisk
909 227 131 40 fångad
1061 228 111 30 under
1194 229 235 41 fredningstid
1451 231 107 30 måtte
1589 233 145 39 göras

232 273 171 31 därest
430 275 168 30 fisken
622 276 80 30 vid
738 277 232 38 fångsten
996 279 144 30 blivit
1175 281 152 30 dödad
1362 282 121 30 eller
1518 283 48 29 så
1602 284 131 30 svårt

232 322 187 30 skadad
451 325 62 30 att
536 325 84 29 den
653 326 40 39 ej
731 326 89 30 kan
852 328 202 39 antagas
1088 338 113 21 vara
1234 330 385 42 levnadsduglig.
1653 333 81 31 Kol-

230 373 102 40 legiet
352 375 212 32 inskränker
584 377 75 30 icke
682 378 96 30 detta
798 379 157 39 yrkande
977 380 54 29 till
1052 380 71 35 fall,
1147 381 46 30 då
1214 382 66 29 den
1304 382 163 31 fiskande
1489 384 59 29 vill
1571 385 159 30 använda

231 424 117 30 fisken
368 425 11 29 i
402 426 60 30 sitt
485 428 74 37 eget
578 426 153 31 hushåll.

273 476 138 31 Statens
425 477 329 39 jordbruksnämnd
769 480 64 30 och
847 480 148 30 Kalmar
1011 481 74 30 läns
1100 490 106 22 norra
1222 483 421 42 hushållningssällskaps
1660 486 71 39 för-

230 525 313 40 valtningsutskott
569 531 90 27 samt
685 530 109 39 några
821 531 111 29 andra
959 532 303 31 remissinstanser
1288 534 203 31 hemställer
1520 544 57 20 om
1604 536 126 30 sådant

228 576 180 40 undantag
431 577 82 30 från
539 578 243 40 skyldigheten
806 582 50 28 att
880 582 133 29 utsätta
1038 582 201 40 oavsiktligt
1264 584 128 39 fångad
1418 585 82 34 fisk,
1527 587 50 28 att
1603 587 127 29 under-

228 625 108 41 målig
359 626 72 30 fisk
456 627 83 31 eller
565 628 70 32 fisk
661 638 76 21 som
763 630 138 39 fångats
928 632 20 29 å
973 632 234 40 fredningstid
1235 634 89 29 skall
1349 635 37 29 få
1410 635 156 30 behållas
1594 646 41 20 av
1661 637 67 29 den

227 675 162 31 fiskande
410 677 56 30 för
488 686 83 31 egen
591 679 237 36 konsumtion,
850 690 57 21 om
928 681 118 30 fisken
1064 683 57 30 vid
1141 683 164 39 fångsten
1327 685 124 31 dödats
1472 686 83 30 eller
1575 687 38 29 så
1634 687 94 30 svårt

228 726 152 35 skadats,
403 729 52 28 att
476 728 67 30 den
564 729 30 40 ej
619 729 71 30 kan
712 730 84 30 leva.

742 840 263 36 Föredragande
1024 842 192 30 statsrådet.

271 902 135 39 Frågan
428 912 59 21 om
508 904 197 40 skyldighet
727 906 55 30 för
802 907 66 29 den
890 916 77 21 som
989 908 201 40 oavsiktligt
1211 909 121 40 fångat
1353 911 124 30 fredad
1498 912 82 30 eller
1601 913 126 30 under-

226 951 107 41 målig
353 952 71 30 fisk
446 955 52 29 att
520 954 72 30 åter
613 955 163 40 utsläppa
797 956 117 30 fisken
936 958 65 29 har
1022 959 138 39 mycket
1183 960 214 31 diskuterats
1425 961 6 29 i
1455 962 170 30 samband
1648 963 79 30 med

226 1001 218 31 tillkomsten
463 1013 44 21 av
527 1004 250 41 författningar
797 1007 44 39 på
861 1007 126 30 fiskets
1011 1008 150 31 område.
1183 1010 66 29 Det
1269 1010 64 30 har
1354 1011 110 39 gjorts
1485 1013 169 38 gällande,
1676 1015 52 28 att

226 1051 259 32 bestämmelser
511 1063 55 21 om
593 1054 230 39 fredningstid
848 1057 65 30 och
937 1057 222 31 minimimått
1186 1060 11 29 i
1222 1059 68 38 hög
1316 1062 82 36 grad
1426 1062 112 30 skulle
1565 1062 48 30 bli
1638 1063 89 30 inef-

226 1102 132 31 fektiva
379 1112 57 21 om
458 1113 44 20 en
523 1105 162 32 fiskande
705 1106 118 31 kunde
843 1108 100 30 freda
966 1108 51 39 sig
1037 1109 80 30 från
1138 1119 127 21 ansvar
1287 1119 123 31 genom
1431 1113 51 29 att
1502 1112 152 31 invända
1676 1115 51 29 att

226 1152 122 31 fredad
374 1154 83 30 eller
485 1155 220 41 undermålig
729 1157 81 35 fisk,
836 1167 75 20 som
938 1159 173 39 påträffas
1136 1160 11 29 i
1172 1160 90 31 hans
1290 1161 162 37 fiskebåt,
1479 1163 58 30 vid
1563 1163 162 40 fångsten

229 1202 87 31 varit
340 1204 38 30 så
403 1205 136 30 skadad
562 1207 50 28 att
636 1207 67 29 den
729 1207 77 30 icke
830 1208 89 30 varit
944 1209 274 41 levnadsduglig.
1243 1211 66 30 Det
1332 1212 64 30 har
1422 1213 121 31 därför
1567 1214 158 35 hävdats,

225 1254 52 28 att
307 1253 262 32 bestämmelser
601 1265 56 21 om
690 1257 228 31 minimimått
951 1259 64 29 och
1048 1260 234 40 fredningstid
1315 1271 40 21 ur
1388 1259 337 49 kontrollsynpunkt

224 1303 280 41 oundgängligen
525 1306 109 31 måste
656 1307 141 31 förenas
819 1309 79 29 med
919 1310 182 30 föreskrift
1121 1320 57 20 om
1201 1312 196 39 skyldighet
1418 1315 50 42 att
1488 1315 131 30 utsätta
1642 1315 82 35 fisk,

225 1361 75 22 som
327 1357 71 27 mot
424 1355 134 30 sådana
581 1356 263 34 bestämmelser
868 1359 151 39 fångats,
1046 1361 63 29 och
1135 1361 96 31 detta
1257 1365 130 27 oavsett
1414 1373 56 20 om
1497 1364 114 30 fisken
1635 1365 90 30 varit

223 1402 80 35 död,
328 1403 260 40 levnadsduglig
610 1407 83 30 eller
718 1408 71 30 helt
812 1409 167 30 oskadad.
1006 1410 164 31 Häremot
1194 1412 65 30 har
1283 1414 191 30 emellertid
1499 1415 150 35 invänts,
1674 1418 51 28 att

223 1453 163 36 fiskande
407 1456 196 39 säkerligen
625 1457 76 31 icke
724 1458 111 30 skulle
860 1459 145 31 komma
1026 1462 49 28 att
1097 1461 166 31 efterleva
1285 1472 41 21 en
1349 1463 110 30 sådan
1481 1464 244 31 bestämmelse

223 1503 45 30 då
286 1503 42 30 de
345 1504 114 30 skulle
477 1514 84 21 anse
578 1507 57 29 det
650 1516 86 21 vara
754 1508 230 40 meningslöst
1003 1511 50 29 att
1069 1512 135 29 utsätta
1223 1521 43 20 en
1284 1513 67 29 död
1370 1513 82 30 eller
1472 1514 76 30 icke
1567 1515 158 31 levnads-

221 1553 119 40 duglig
359 1555 81 32 fisk,
462 1555 123 32 Denna
603 1557 217 41 invändning
840 1560 99 30 torde
960 1561 11 28 i
992 1561 126 40 många
1139 1563 64 29 fall
1223 1572 83 22 vara
1327 1564 194 40 berättigad
1543 1566 64 29 och
1625 1567 97 29 torde

219 1602 47 31 ha
288 1604 148 30 särskild
456 1606 173 37 betydelse
649 1608 12 29 i
685 1608 129 31 sådana
834 1609 63 30 fall
919 1611 45 29 då
985 1611 70 31 fisk
1077 1612 139 40 fångats
1238 1615 78 29 med
1338 1615 242 41 krokredskap
1601 1618 120 29 varvid

221 1652 134 32 fiskens
374 1656 97 38 gälar
489 1657 73 29 ofta
581 1658 127 30 skadas
729 1659 39 30 så
785 1661 50 28 att
852 1660 118 30 fisken
989 1661 29 39 ej
1041 1662 69 30 kan
1131 1663 168 32 överleva.
1321 1664 75 35 Om,
1418 1666 116 29 såsom
1553 1667 60 39 jag
1631 1668 91 30 före-

220 1703 112 40 slagit,
353 1706 172 38 generella
543 1707 229 31 minimimått
790 1710 75 29 icke
883 1711 192 31 fastställes
1093 1712 54 30 för
1168 1714 111 38 gädda
1298 1715 64 29 och
1382 1716 59 39 gös
1460 1717 98 29 torde
1577 1717 144 31 betänk-

220 1753 145 40 ligheter
386 1758 75 27 mot
486 1757 57 30 det
564 1758 63 31 här
650 1759 152 31 avsedda
825 1761 208 39 stadgandet
1055 1763 89 29 dock
1167 1764 49 29 bli
1240 1765 145 30 mindre.
1410 1766 127 29 Härtill
1561 1767 159 31 kommer

219 1806 52 28 att
297 1805 114 30 såsom
437 1815 90 22 ovan
552 1808 148 39 angivits
727 1810 196 40 ovillkorlig
949 1812 414 42 utsättningsskyldighet
1389 1816 220 33 föreskrivits
1635 1819 11 29 i
1672 1820 49 28 ett

219 1853 117 32 flertal
357 1856 45 39 på
422 1856 284 33 internationella
727 1859 253 33 konventioner
1002 1863 178 38 grundade
1203 1865 260 40 författningar,
1485 1867 105 31 bland
1612 1871 109 28 annat

219 1903 69 30 den
320 1904 210 41 kungörelse
563 1916 77 21 som
664 1909 169 38 grundats
858 1910 45 40 på
927 1911 407 33 Londonkonventionen
1359 1916 65 28 och
1449 1916 116 30 träder
1589 1917 12 29 i
1625 1918 96 31 kraft

220 1955 68 30 den
310 1956 18 29 5
351 1957 89 40 april
467 1957 94 32 1954.
584 1959 79 30 Som
687 1960 297 40 fiskeristyrelsen
1006 1963 116 30 anfört
1145 1965 98 30 torde
1267 1966 154 39 vägande
1444 1968 77 29 skäl
1543 1969 30 39 ej
1598 1969 122 31 kunna

219 2005 168 40 åberopas
408 2010 75 27 mot
504 2009 50 29 att
572 2009 46 30 ha
638 2009 96 31 olika
753 2011 263 31 bestämmelser
1036 2013 12 29 i
1069 2013 220 32 sistnämnda
1309 2016 209 40 kungörelse
1540 2018 64 30 och
1626 2020 10 29 i
1659 2020 61 29 fis-

217 2055 235 41 keristadgan.

261 2106 77 30 Med
366 2107 140 40 hänsyn
533 2108 51 30 till
611 2110 58 30 det
698 2111 148 30 anförda
876 2122 104 20 anser
1007 2113 68 40 jag,
1105 2116 51 28 att
1186 2116 42 29 de
1256 2116 257 42 invändningar
1542 2128 74 21 som
1645 2121 71 29 kan

215 2156 102 38 göras
345 2159 73 28 mot
448 2159 59 29 det
534 2159 198 41 föreslagna
763 2162 206 39 stadgandet
997 2164 62 30 bör
1086 2165 82 30 vika
1197 2166 56 30 för
1282 2163 433 50 kontrollsynpunkterna.

851 2271 228 32 Motionerna.

260 2332 14 29 I
299 2333 41 29 de
364 2332 224 41 likalydande
611 2336 221 31 motionerna
856 2338 29 29 1:
902 2338 63 30 526
993 2340 63 30 och
1082 2340 44 30 II:
1142 2340 63 31 672
1231 2341 201 34 hemställes
1456 2362 45 3 -—
1526 2354 73 20 som
1625 2355 90 21 ovan

215 2382 142 31 nämnts
375 2401 45 3 —
437 2383 107 33 bland
563 2387 119 33 annat,
702 2389 51 27 att
774 2389 206 38 stadgandet
1000 2390 11 29 i
1033 2390 35 30 11
1094 2390 15 37 3
1131 2391 250 41 kompletteras
1402 2395 79 29 med
1503 2404 41 20 en
1565 2396 150 30 bestäm-

214 2432 107 31 melse
337 2443 57 20 om
412 2435 70 30 rätt
501 2437 48 28 att
567 2436 51 30 till
636 2437 180 30 husbehov
833 2440 164 30 använda
1013 2441 200 40 oavsiktligt
1231 2443 139 39 fångad,
1390 2445 222 32 dödsskadad
1630 2447 82 34 fisk,

215 2490 76 22 som
312 2483 74 31 icke
408 2485 112 30 håller
542 2486 207 32 föreskrivet
769 2489 239 31 minimimått.
