2208 2642
608 202 378 42 Bevillningsutskottets
1009 200 212 33 Betänkande
1243 200 64 31 N:o
1329 202 50 29 29.
1731 200 17 28 3

185 291 169 43 stadgats,
383 291 92 34 skall
501 291 76 41 tull,
606 289 111 44 enligt
744 287 94 36 hvad
865 287 101 45 eljest
992 287 122 44 gäller,
1144 287 163 43 erläggas
1334 285 54 34 för
1416 286 77 33 hela
1521 284 66 34 den
1615 283 39 35 af
1678 293 111 24 varan

183 341 136 35 införda
347 342 230 42 qvantiteten.
850 366 3 4 :

318 391 200 44 Tullfrihet,
559 392 144 34 hvarom
731 391 11 34 i
770 391 97 33 detta
908 399 98 24 mom.
1049 392 91 40 sägs,
1182 388 111 44 gäller
1333 387 77 34 icke
1452 386 54 35 för
1533 396 117 32 varor,
1679 385 109 34 som
1764 381 26 58 i

185 442 253 45 handelsafsigt
473 442 131 34 införas
636 452 85 25 vare
749 441 54 44 sig
829 440 54 34 för
911 442 53 32 att
991 440 11 33 i
1030 439 120 43 vanlig
1178 437 147 44 ordning
1352 437 162 44 försäljas
1542 438 84 33 eller
1653 435 54 35 för
1734 438 53 31 att

184 494 171 33 utlemnas
391 491 109 37 såsom
538 492 196 43 ersättning
761 491 54 35 för
841 490 198 35 verkstäldt
1067 490 133 42 arbete,
1229 488 30 45 ej
1290 489 108 33 heller
1426 488 53 34 för
1506 498 116 32 varor,
1652 497 71 24 som
1751 486 53 34 af.

185 544 194 35 handlande
421 545 84 33 eller
544 543 53 34 för
636 542 216 35 handlandes
887 541 152 43 räkning
1065 540 144 43 införas,
1238 537 38 37 så
1303 539 75 34 vidt
1407 539 41 33 de
1475 542 60 30 äro
1563 538 38 35 af
1627 538 41 34 de
1696 538 87 42 slag,

185 595 75 34 med
287 593 122 36 hvilka
436 595 68 34 han
531 594 103 34 idkar
661 593 137 34 handel.

317 644 161 36 Resande
505 654 96 33 vare,
630 655 53 24 om
711 643 277 44 tulltjensteman
1009 642 84 34 eller
1111 640 203 45 tullbetjent
1332 638 126 37 sådant
1477 640 149 42 fordrar,
1647 638 139 44 skyldig

184 699 65 40 att,
282 695 109 44 jemte
423 696 138 44 uppgift
593 706 53 23 om
673 695 89 43 yrke
790 694 63 34 och
881 693 159 42 hemvist,
1069 691 148 35 aflemna
1246 702 40 23 en
1315 691 110 34 under
1452 691 91 42 edlig
1570 689 214 44 förpligtelse

184 747 157 43 afgifven
369 746 156 44 skriftlig
552 746 198 41 försäkran,
779 748 54 31 att
860 744 41 34 de
929 754 116 31 varor,
1073 743 71 34 han
1172 742 142 42 medför,
1343 742 77 34 icke
1448 742 131 33 införas
1598 741 11 33 i
1628 740 156 34 handels-

186 797 118 44 afsigt,
344 795 45 46 på
416 800 72 31 sätt
522 797 105 34 ofvan
668 796 173 34 förmäles.
895 793 139 35 Införas
1075 803 154 24 varorna
1272 793 77 34 icke
1393 792 54 34 för
1490 792 165 34 resandes
1699 800 86 34 egen

185 848 161 44 räkning,
384 848 91 34 skall
513 846 109 35 sådan
657 847 185 34 försäkran
870 845 154 44 afgifvas
1051 844 39 34 af
1115 845 77 40 den,
1221 843 53 34 för
1301 844 163 34 hvilkens
1489 842 152 43 räkning
1668 841 41 34 de
1736 841 47 34 in-

183 898 104 35 föras.
341 896 215 38 Underlåter
594 895 115 47 någon
749 896 149 35 aflemna
938 894 96 45 dylik
1074 895 198 42 försäkran,
1313 895 98 33 skola
1447 903 151 25 varorna
1626 893 11 33 i
1664 892 121 43 vanlig

183 949 148 44 ordning
358 949 269 35 tullbehandlas.

318 1000 108 35 Mom.
466 1001 36 33 2.
557 998 65 36 Om
650 999 11 33 i
688 998 293 44 gränstrakterna
1013 993 115 46 någon
1161 1005 83 34 eger
1275 995 84 34 eller
1386 995 133 34 brukar
1546 993 167 44 egendom
1740 990 44 46 på

182 1048 90 37 båda
312 1050 93 35 sidor
446 1060 52 25 om
538 1053 162 41 gränsen,
727 1047 56 36 må
809 1048 135 42 utsäde,
973 1048 146 33 kreatur
1147 1047 64 34 och
1237 1046 162 43 redskap,
1428 1055 72 24 som
1527 1044 176 34 erfordras
1730 1043 53 34 för

184 1102 229 43 egendomens
440 1101 140 41 skötsel,
609 1100 146 35 tullfritt
782 1099 94 34 föras
903 1098 99 35 öfver
1028 1101 152 40 gränsen
1207 1096 54 35 till
1289 1095 158 45 Sverige.

316 1151 108 35 Mom.
460 1152 34 35 3.
548 1150 131 43 Varor,
719 1161 69 23 som
831 1150 39 34 af
906 1148 354 45 gränsbefolkningen
1301 1147 54 34 för
1391 1144 263 37 hushållsbehof
1691 1144 92 35 föras

183 1200 77 37 från
294 1201 148 45 Sverige
474 1202 54 34 till
554 1201 122 44 Norge
704 1201 54 34 för
785 1204 54 31 att
865 1200 154 34 förädlas
1045 1209 123 33 genom
1196 1198 177 43 blekning,
1402 1197 175 44 färgning,
1605 1195 177 44 garfning,

181 1254 165 43 malning,
380 1253 172 43 spinning,
582 1252 148 43 väfning
757 1252 85 33 eller
869 1260 115 24 annan
1012 1250 96 42 dylik
1138 1248 230 44 bearbetning
1391 1248 84 34 eller
1502 1247 53 34 för
1582 1246 200 43 reparation

182 1305 63 34 och
284 1314 70 24 som
396 1303 90 34 efter
524 1300 107 37 sådan
672 1302 175 43 förädling
887 1301 84 33 eller
1005 1300 201 43 reparation
1234 1296 221 43 återinföras,
1483 1298 97 33 skola
1608 1297 60 34 vid
1695 1294 87 36 åter-

181 1355 168 34 införseln
378 1364 87 24 vara
492 1353 67 34 fria
587 1351 78 36 från
693 1352 257 43 tullumgälder.

313 1402 135 36 Likaså
486 1405 98 33 skola
623 1413 117 32 varor,
778 1413 69 23 som
876 1401 39 35 af
939 1400 353 45 gränsbefolkningen
1321 1399 54 34 för
1402 1396 262 37 hushållsbehof
1688 1396 95 34 föras

181 1453 80 37 från
289 1454 122 45 Norge
439 1455 55 34 till
522 1453 147 44 Sverige
697 1453 54 34 för
779 1455 53 32 att
860 1453 64 33 här
951 1449 156 45 undergå
1135 1449 108 36 sådan
1271 1450 175 43 förädling
1465 1450 84 33 eller
1566 1447 214 44 reparation,

181 1515 52 25 om
273 1506 144 34 hvilken
445 1515 81 34 nyss
553 1503 117 36 blifvit
697 1504 114 44 sagdt,
839 1504 63 34 och
931 1502 152 35 derefter
1110 1502 54 34 till
1189 1500 122 45 Norge
1339 1499 224 43 återutföras,
1592 1499 60 34 vid
1679 1497 102 35 inför-

183 1557 74 34 seln
284 1556 54 34 till
367 1554 146 45 Sverige
540 1565 86 25 vara
656 1555 67 34 fria
751 1552 76 36 från
855 1553 257 44 tullumgälder.

315 1606 107 34 Mom.
452 1608 34 33 4.
541 1604 165 46 Dragare
734 1606 63 33 och
824 1604 134 43 fordon,
987 1614 69 23 som
1084 1602 275 45 uppenbarligen
1387 1601 179 34 användas
1585 1600 124 34 endast
1729 1598 51 35 för

182 1660 178 40 transport
387 1657 39 34 af
449 1657 85 43 gods
560 1657 85 34 eller
668 1666 164 33 personer
858 1652 79 37 från
964 1653 120 44 Norge
1111 1655 55 32 till
1195 1652 157 44 Sverige,
1376 1656 61 30 äro
1464 1651 31 44 ej
1524 1650 257 35 underkastade

179 1707 221 44 tullafgifter.

313 1757 109 34 Mom.
453 1757 33 34 5.
541 1756 69 35 Till
641 1755 283 36 förekommande
952 1754 38 34 af
1014 1754 174 34 missbruk
1214 1753 80 34 utaf
1318 1753 42 33 de
1388 1753 12 33 i
1427 1762 98 23 mom.
1556 1753 32 41 2,
1619 1753 19 32 3
1669 1751 63 33 och
1759 1752 23 32 4

179 1808 123 44 gjorda
331 1807 267 44 medgifvanden
627 1817 82 34 eger
735 1805 382 45 generaltullstyrelsen
1147 1804 111 34 eller
1240 1797 20 59 i
1277 1803 167 34 särskildt
1471 1802 61 34 fall
1560 1801 220 43 tullmyndig-

179 1859 61 34 het
266 1858 59 34 vid
352 1862 151 40 gränsen
531 1861 53 32 att
611 1858 156 34 meddela
795 1857 41 33 de
864 1860 161 30 närmare
1046 1853 386 43 kontrollföreskrifter,
1452 1863 71 24 som
1541 1853 120 34 kunna
1681 1861 100 24 anses

179 1909 238 44 erforderliga.

935 1972 20 46 8
977 1950 41 74 3.

1069 2053 12 12 Oo

313 2058 131 43 Varor,
485 2068 70 24 som
597 2061 94 31 öster
730 2068 53 23 om
825 2056 213 36 Saltbacken
1065 2066 21 24 å
1113 2056 151 34 svenska
1292 2055 64 34 och
1384 2053 174 44 Sponviks
1585 2054 149 33 skansar
1760 2050 20 37 å

178 2110 127 34 norska
347 2109 99 33 sidan
487 2109 99 34 öfver
614 2107 196 35 Svinesund
839 2108 84 33 eller
950 2106 198 44 Idefjorden
1177 2106 94 33 föras
1299 2102 76 36 från
1404 2103 119 44 Norge
1551 2104 53 33 till
1633 2102 147 45 Sverige

177 2160 11 34 i
215 2159 105 43 färja,
361 2156 98 46 pråm
500 2159 84 33 eller
623 2158 61 33 båt
724 2158 109 33 under
874 2157 78 43 fyra
989 2160 77 30 tons
1093 2156 203 43 drägtighet
1323 2155 84 33 eller
1434 2165 52 23 om
1514 2154 139 33 vintern
1684 2154 97 34 öfver

180 2211 84 41 isen,
305 2210 110 41 skola,
456 2209 76 33 med
569 2208 140 42 hänsigt
744 2208 54 33 till
835 2207 246 41 tullväsendet,
1119 2216 101 23 anses
1247 2203 110 36 såsom
1396 2214 81 24 vore
1514 2204 40 33 de
1582 2204 197 41 landvägen

179 2260 148 43 införda,
368 2258 39 36 så
446 2259 81 35 vida
568 2259 41 33 de
645 2258 77 34 icke
750 2258 166 43 antingen
946 2257 166 44 sjövägen
1141 2258 276 41 transporterats
1444 2255 52 33 till
1525 2255 128 33 norska
1681 2254 96 33 sidan
