2212 2642
453 219 39 31 46
622 221 243 34 Sammansatta
890 223 218 44 Bevillnings-
1135 226 55 32 och
1213 226 236 42 Lagutskottets
1481 228 173 33 Utlåtande
1677 229 61 33 N:o
1764 232 31 31 2.

409 304 80 32 mot
516 298 162 52 betning
705 300 81 39 före
815 302 78 37 viss
921 302 55 39 tid
1003 306 50 48 på
1082 318 226 36 sommaren,
1337 306 72 37 och
1437 307 217 49 anmärker,
1684 313 55 33 att
1768 309 57 38 för
1851 310 158 38 Kalmar

411 351 76 49 län,
516 365 83 24 som
627 353 69 37 har
725 356 20 34 2
776 353 207 52 landsting,
1013 356 118 38 borde
1159 357 123 37 finnas
1312 360 22 35 2
1364 358 437 49 skogsvårdsnämnder.

542 404 116 37 Södra
686 405 222 50 landstinget
934 407 77 37 kan
1039 408 34 49 ej
1103 408 193 50 tillstyrka
1325 409 184 50 förslaget
1538 411 71 37 och
1631 411 170 39 förordar
1821 426 47 25 en
1889 415 118 37 sådan

409 455 205 50 skogslag,
644 470 79 24 som
754 457 240 50 landstinget
1022 459 60 38 för
1109 460 59 37 sin
1193 461 61 37 del
1283 466 119 45 antog
1432 464 110 36 1890.

538 509 128 47 Kongl.
715 510 130 49 Maj:ts
895 512 407 51 befallningshafvande
1342 519 235 44 omnämner,
1619 520 56 32 att
1715 516 142 50 Kongl.
1900 518 107 49 Maj:t

408 558 125 50 enligt
570 560 133 49 nådigt
739 561 88 37 bref
848 562 74 37 den
951 565 47 35 27
1031 564 73 50 maj
1137 566 95 35 1892
1262 565 87 38 icke
1377 566 175 49 godkänt
1580 567 64 37 det
1672 567 43 37 af
1738 570 113 36 södra
1877 569 128 38 lands-

406 610 125 51 tinget
573 612 251 38 omförmälda
865 613 197 50 förslaget,
1105 616 148 38 hvilket
1292 617 91 50 gick
1419 624 41 31 ut
1497 621 49 47 på
1583 624 56 31 att
1667 619 136 51 främja
1832 621 172 49 skogens

405 665 175 35 återväxt
606 677 140 36 genom
775 665 228 50 skyldighet
1027 667 60 37 för
1114 668 200 38 afverkare
1344 674 56 32 att
1428 670 222 49 qvarlemna
1671 671 127 38 derför
1817 673 188 38 erforder-

405 714 79 49 liga
512 715 157 49 fröträd,
699 717 180 51 ungskog
907 718 92 37 eller
1026 720 174 37 växande
1228 721 163 49 plantor,
1413 722 70 37 och
1504 721 175 38 förordar
1697 736 48 24 en
1764 724 65 51 lag
1848 725 11 36 i
1879 725 125 38 denna

404 766 189 51 rigtning,
635 768 57 37 för
726 768 156 38 hvilken
912 770 113 37 alltså
1053 771 96 38 båda
1176 771 251 52 landstingen
1454 774 139 37 uttalat
1623 774 72 50 sig,
1725 775 215 50 tillstyrker
1968 778 34 48 ej

405 818 354 51 domänstyrelsens
805 821 212 51 lagförslag
1058 824 71 36 och
1171 824 171 37 ansluter
1386 825 60 50 sig
1488 826 59 36 till
1591 839 113 24 norra
1744 828 259 49 landstingets

402 871 182 48 yttrande
625 871 236 39 beträffande
903 873 275 51 lämpligheten
1221 876 38 38 af
1302 877 300 50 exportafgiften
1645 879 70 36 och
1753 879 45 38 de
1827 881 176 37 anmärk-

404 922 150 50 ningar,
584 936 81 24 som
696 924 167 37 derifrån
882 925 211 39 framstälts
1113 927 13 37 i
1146 927 107 50 fråga
1273 942 61 24 om
1355 929 46 38 de
1420 928 222 51 föreslagna
1663 929 339 42 bestämmelserna

403 973 59 37 för
490 974 184 51 afgiftens
703 976 261 52 användning.

1023 1140 67 35 VIII.
1138 1141 159 35 Gotlands
1323 1142 64 34 län.

531 1234 242 51 Landstinget
801 1236 188 38 erkänner
1014 1237 182 38 behofvet
1216 1238 42 37 af
1273 1239 183 51 lämpliga
1476 1241 180 49 åtgärder
1677 1242 55 37 till
1749 1242 251 40 befordrande

402 1285 41 37 af
473 1285 171 50 skogens
672 1290 175 35 återväxt
874 1288 102 38 inom
1007 1289 116 49 länet,
1152 1303 86 24 men
1268 1291 48 37 då
1343 1291 92 49 inga
1464 1293 118 36 andra
1612 1294 236 50 skogsegare
1877 1300 48 33 än
1954 1297 46 37 de

401 1338 280 49 exporterande
711 1339 124 38 skulle
863 1341 35 36 få
927 1341 60 37 sin
1017 1341 115 49 afgift
1159 1342 239 48 restituerad,
1428 1346 40 34 så
1488 1344 135 48 skulle,
1646 1346 123 49 enligt
1787 1348 212 49 styrelsens

400 1389 160 49 förslag,
589 1390 135 38 sådant
752 1392 65 37 det
845 1406 49 23 nu
923 1393 227 49 föreligger,
1180 1393 125 38 denna
1334 1395 147 37 förmån
1510 1397 33 48 ej
1575 1396 50 37 bli
1654 1397 56 37 till
1739 1402 128 45 någon
1888 1405 110 44 nytta

400 1440 59 38 för
498 1441 126 37 länets
666 1443 247 49 skogsegare,
952 1445 133 37 hvilka
1121 1446 134 37 endast
1284 1446 280 51 undantagsvis
1594 1449 135 49 sjelfva
1758 1451 125 49 syssla
1912 1452 87 37 med

400 1499 152 44 export;
584 1497 125 46 någon
738 1500 122 44 utväg
879 1496 117 38 borde
1016 1497 160 37 beredas
1197 1498 58 37 för
1275 1504 55 31 att
1351 1498 72 37 den
1444 1500 253 38 restituerade
1717 1504 281 49 exportafgiften

400 1548 118 34 måtte
546 1545 152 38 komma
727 1546 73 38 den
829 1548 172 50 verklige
1031 1549 266 49 skogsegaren
1323 1550 10 36 i
1355 1554 85 34 mån
1460 1551 42 37 af
1516 1551 185 51 vidtagna
1721 1553 275 52 förbättringar

399 1596 12 36 i
439 1597 263 48 skogsvården
732 1598 58 37 till
817 1600 111 49 godo.
972 1601 258 49 Landstinget
1258 1602 195 49 upplyser,
1484 1609 56 31 att
1560 1610 186 44 exporten
1767 1606 42 37 af
1824 1611 173 33 trävaror

399 1649 81 36 från
510 1649 172 37 Gotland
707 1651 122 37 under
857 1654 39 34 år
927 1654 98 35 1894
1054 1653 146 49 utgjort
1228 1656 138 46 27,744
1397 1655 255 38 kubikmeter.

527 1702 133 49 Kongl.
689 1703 128 49 Maj:ts
846 1705 415 48 befallningshafvande,
1291 1718 94 37 som,
1405 1706 162 38 likasom
1587 1708 249 51 landstinget,
1858 1710 33 49 ej
1912 1711 83 37 haft

398 1757 56 32 att
494 1758 106 44 yttra
641 1754 61 49 sig
739 1767 60 24 om
829 1756 210 48 styrelsens
1069 1758 211 49 lagförslag,
1311 1771 111 24 anser
1450 1758 189 50 förslaget
1668 1774 60 23 om
1756 1764 240 49 exportafgift

398 1817 90 23 vara
516 1804 157 50 förtjent
701 1806 43 36 af
766 1807 352 49 uppmärksamhet,
1148 1809 70 37 och
1239 1814 56 33 att
1315 1823 47 23 en
1382 1810 117 37 sådan
1520 1811 113 49 afgift
1653 1817 41 32 är
1715 1812 84 38 fullt
1815 1814 178 49 befogad.

396 1855 55 37 Af
488 1855 354 52 domänstyrelsens
883 1859 147 50 förslag
1071 1860 58 37 till
1169 1860 291 39 bestämmelser
1496 1862 59 38 för
1588 1864 45 36 de
1662 1877 139 35 genom
1831 1865 162 49 afgiften

396 1907 161 38 influtna
599 1909 172 38 medlens
813 1911 250 50 användning
1099 1912 112 49 gillar
1239 1913 143 49 Kongl.
1412 1913 127 50 Maj:ts
1569 1914 425 52 befallningshafvande

396 1960 137 37 endast
573 1961 172 49 punkten
790 1962 46 50 1).
893 1962 440 51 Skogsvårdsnämnden
1366 1979 115 36 synes
1510 1966 131 38 kunna
1668 1968 88 36 med
1783 1969 122 37 fördel
1934 1983 57 24 er-

396 2016 120 32 sättas
560 2013 42 36 af
637 2013 515 52 hushållningssällskapens
1190 2016 422 51 förvaltningsutskott,
1650 2033 81 24 som
1764 2020 71 38 lätt
1864 2021 129 37 kunde

396 2062 119 38 skaffa
557 2064 63 49 sig
660 2066 238 49 sakkunnigt
938 2067 151 38 biträde
1125 2068 64 37 vid
1217 2068 127 38 behof.
1398 2070 243 38 Beträffande
1669 2072 321 50 exportafgiftens

395 2115 222 38 restitution
658 2121 41 32 är
739 2118 140 49 Kongl.
922 2120 129 49 Maj:ts
1084 2119 424 51 befallningshafvande
1538 2122 42 37 af
1604 2136 145 25 samma
1777 2125 101 49 åsigt
1906 2139 82 23 som

395 2167 239 49 landstinget
676 2169 71 37 och
789 2169 228 48 framhåller,
1057 2177 55 32 att
1143 2171 11 37 i
1182 2171 104 38 länet
1315 2174 178 48 åtgärder
1521 2173 59 38 för
1608 2174 226 50 skogsvård,
1863 2177 126 37 såvidt

396 2218 46 37 de
472 2219 135 37 kräfva
636 2221 170 49 utgifter,
837 2222 191 51 knappast
1055 2223 131 37 kunna
1213 2237 93 24 vara
1334 2231 115 31 annat
1469 2229 48 33 än
1539 2227 177 49 åtgärder
1736 2227 57 38 för
1815 2231 176 34 återväxt

395 2270 96 37 efter
534 2285 47 23 en
624 2272 324 52 skogsförödelse,
991 2289 82 23 som
1115 2274 121 51 enligt
1273 2276 75 37 den
1377 2278 56 35 för
1461 2277 105 37 länet
1593 2279 178 49 gällande
1800 2280 189 37 särskilda

395 2322 187 52 skogslag
619 2323 209 40 behandlas
861 2339 82 25 som
972 2327 352 51 lagöfverträdelse.
1380 2329 67 37 Att
1475 2328 76 39 låta
1580 2330 74 38 den
1681 2331 61 37 del
1771 2332 42 37 af
1835 2337 154 45 export-
