2200 2622
169 1567 127 32 Kollegii

163 1604 140 29 yttrande.

405 216 42 31 20
816 218 120 32 Andra
960 219 216 42 lagutskottets
1199 220 165 32 utlåtande
1388 222 52 31 Nr
1464 223 51 31 41.

357 293 145 41 fyllande
527 304 41 22 av
591 294 220 41 nästföljande
836 296 54 32 års
914 296 114 40 behov,
1056 302 79 36 äger
1151 297 283 42 domänstyrelsen
1451 301 51 30 att
1514 299 154 33 förordna
1681 311 52 22 om
1747 302 226 34 överskottets

357 337 209 41 försäljande,
595 338 140 32 likasom
759 339 55 32 det
837 340 86 31 skall
947 340 109 41 åligga
1080 341 284 41 domänstyrelsen
1388 345 51 30 att
1463 344 102 40 draga
1588 344 130 41 försorg
1742 356 51 21 om
1818 346 154 41 tillgodo-

356 382 161 41 görandet
552 392 42 21 av
627 381 178 34 vindfällen
842 384 61 31 och
931 385 167 32 ståndtorr
1122 385 83 41 skog
1229 388 86 30 samt
1340 397 107 21 annan
1471 390 96 29 extra
1591 389 212 41 avverkning,
1829 391 59 31 där
1911 391 62 32 den

357 424 83 38 icke,
467 425 84 32 efter
574 425 300 41 domänstyrelsens
897 427 255 40 bestämmande,
1179 430 132 40 utbytes
1335 432 70 30 mot
1430 431 161 32 ordinarie
1615 433 215 41 avverkning,
1849 445 69 21 som
1931 435 41 31 då

357 468 86 32 skall
479 468 163 42 besparas.
689 470 65 32 Det
789 471 192 32 ankommer
1003 473 42 40 på
1068 472 120 41 Kungl.
1213 474 95 39 Maj:t
1333 475 51 31 att
1408 475 40 40 på
1473 476 113 31 därom
1609 476 95 41 gjord
1727 477 246 41 framställning

356 512 163 39 förordna,
555 513 162 32 huruvida
750 514 62 32 och
847 514 52 32 till
933 515 104 33 vilket
1071 516 117 42 belopp
1223 517 55 31 vid
1301 517 195 42 försäljning
1520 530 40 20 av
1583 520 287 33 virkesöverskott
1893 522 80 32 eller

356 559 98 29 extra
477 556 203 41 avverkning
702 557 148 40 influtna,
875 558 151 33 behållna
1050 560 106 32 medel
1179 562 54 30 må
1257 562 167 31 användas
1448 563 51 31 för
1515 563 202 32 betäckande
1735 575 41 21 av
1793 565 179 33 kostnader

355 599 56 32 vid
446 600 141 41 skogens
622 601 202 41 förvaltning
859 602 62 32 och
955 603 81 32 vård
1060 606 87 29 samt
1172 604 9 31 i
1206 604 117 32 sådant
1347 605 89 41 syfte
1460 609 69 29 mot
1552 607 420 42 redovisningsskyldighet

356 643 116 32 ställas
506 643 51 33 till
591 644 403 41 nyttjanderättshavares
1029 647 202 41 förfogande.
1280 648 71 32 Vad
1387 660 42 20 av
1453 650 112 40 dylika
1588 651 318 41 försäljningsmedel
1930 654 42 41 på

355 698 44 20 nu
422 688 141 31 nämnda
586 690 69 30 sätt
678 688 72 33 icke
776 690 165 31 användes
965 691 84 31 skall
1073 691 229 41 tillgodoföras
1326 694 222 31 statsverkets
1572 695 216 40 skogsmedel.
1826 696 68 32 Där
1910 697 61 32 den

356 731 132 38 rörelse,
525 731 50 32 till
609 742 77 22 vars
720 733 178 33 understöd
934 734 83 41 skog
1051 746 42 20 av
1123 735 253 41 ifrågavarande
1400 737 73 40 slag
1496 737 95 33 blivit
1614 739 146 38 anvisad,
1785 740 151 32 bedrives
1960 741 11 31 i

355 775 103 31 sådan
482 775 207 41 omfattning,
715 778 50 30 att
781 777 62 31 den
857 777 103 41 enligt
972 778 61 32 den
1046 778 51 32 för
1109 779 125 40 skogen
1250 781 198 40 upprättade
1464 781 304 43 hushållningsplan
1783 784 187 32 beräknade

355 818 163 32 ordinarie
552 819 239 41 avkastningen
823 821 67 31 kan
914 821 88 32 visas
1026 822 10 31 i
1060 822 51 32 sin
1134 823 111 32 helhet
1268 834 82 21 vara
1374 825 101 31 under
1498 826 113 39 längre
1635 826 48 31 tid
1707 827 52 31 för
1783 827 188 32 ändamålet

355 863 74 31 med
464 862 204 42 upplåtelsen
700 864 75 32 fullt
799 865 203 41 erforderlig,
1027 867 53 31 må
1105 866 55 32 det
1184 867 175 32 ankomma
1381 869 44 40 på
1443 869 118 40 Kungl.
1587 870 94 40 Maj:t
1705 872 60 36 att,
1790 872 43 40 på
1857 871 113 32 därom

354 906 96 41 gjord
486 906 190 42 ansökning,
712 908 153 40 medgiva
901 910 385 40 nyttjanderättshavare
1322 913 50 30 att
1397 911 74 33 fritt
1494 913 172 41 disponera
1690 924 127 22 samma
1840 914 129 33 virkes-

355 950 201 40 avkastning
589 950 52 32 för
676 950 75 39 viss,
788 952 52 31 för
876 953 91 40 varje
1003 954 58 31 fall
1085 954 149 32 bestämd
1258 954 57 39 tid,
1341 956 102 31 under
1466 956 119 32 villkor
1609 957 84 32 dock
1717 960 52 30 att
1793 959 101 31 andra
1918 961 51 29 ut-

354 993 345 42 syningsberättigade
722 996 249 40 vederbörligen
995 997 192 40 tillgodoses
1211 1001 86 29 samt
1321 1000 59 36 att,
1407 999 110 33 därest
1541 1001 102 39 sagda
1667 1002 122 31 rörelse
1814 1002 156 41 antingen

355 1037 127 42 upphör
516 1038 78 31 eller
628 1038 146 32 minskas
798 1039 10 31 i
833 1040 102 31 sådan
969 1041 90 40 grad,
1097 1043 52 30 att
1181 1041 353 42 virkesavkastningen
1557 1044 11 31 i
1592 1044 50 32 sin
1666 1045 112 32 helhet
1802 1047 28 40 ej
1856 1046 114 41 längre

354 1081 53 32 för
431 1081 188 32 densamma
642 1082 152 36 behöves,
820 1083 62 32 den
905 1083 64 32 fria
992 1084 234 41 dispositionen
1251 1085 135 41 upphör.
1434 1087 120 32 Därest
1576 1088 103 38 virke,
1705 1099 70 21 som
1799 1089 97 32 blivit
1920 1091 51 31 för

354 1124 148 41 godkänt
535 1125 106 32 behov
664 1126 11 31 i
698 1126 209 41 vederbörlig
941 1127 137 41 ordning
1112 1130 145 39 utsynat,
1286 1129 144 32 befinnes
1452 1130 111 32 kunna
1586 1131 51 32 till
1660 1134 107 30 större
1791 1133 104 32 fördel
1919 1134 52 32 för

353 1168 386 41 nyttjanderättshavare
762 1170 80 32 eller
866 1182 107 20 annan
997 1171 362 41 utsyningsberättigad
1384 1175 152 39 avyttras
1558 1175 50 31 för
1625 1178 50 29 att
1692 1178 143 30 ersättas
1851 1188 118 29 genom

354 1212 111 32 virket
498 1213 230 32 motsvarande
763 1215 165 40 vederlag,
965 1215 191 33 ankommer
1189 1216 55 32 det
1274 1217 41 40 på
1339 1217 284 41 domänstyrelsen
1647 1221 51 29 att
1721 1220 51 31 för
1796 1222 92 39 varje
1911 1221 58 32 fall

353 1256 154 40 medgiva
541 1256 55 32 det
630 1258 160 40 utsynade
822 1258 129 32 virkets
984 1260 198 40 avyttrande
1214 1260 79 32 eller
1317 1260 181 41 utbytande
1523 1262 61 32 och
1608 1262 115 33 därvid
1747 1264 147 32 meddela
1918 1265 52 31 för

353 1300 209 41 vederbörlig
584 1300 144 33 kontroll
752 1301 215 41 erforderliga
991 1303 220 32 föreskrifter.

486 1344 204 32 Motionären
714 1356 97 29 synes
827 1346 87 32 hava
927 1347 97 31 tänkt
1036 1348 51 39 sig
1100 1349 50 30 att
1170 1347 324 41 nyttjanderätterna
1510 1348 51 32 till
1576 1348 254 43 ifrågavarande
1847 1351 122 41 skogar

353 1398 120 30 genom
497 1390 48 30 ett
568 1387 192 43 ingripande
784 1389 74 32 från
881 1391 278 32 statsmakternas
1176 1391 70 32 sida
1263 1392 202 32 omedelbart
1481 1393 104 32 skulle
1603 1393 147 42 upphöra
1767 1397 79 29 utan
1862 1396 107 39 någon

354 1431 186 41 ersättning
563 1431 50 32 till
635 1433 409 41 nyttjanderättshavarna
1060 1434 61 32 och
1139 1435 179 32 oberoende
1331 1435 112 40 därav,
1457 1436 160 32 huruvida
1630 1438 123 32 sådana
1766 1439 202 41 omständig-

354 1475 95 32 heter
483 1475 170 41 föreligga,
689 1476 90 32 vilka
804 1477 9 31 i
838 1478 61 31 och
935 1478 51 31 för
1021 1478 51 40 sig
1106 1479 108 31 kunde
1243 1481 116 38 utgöra
1382 1479 104 41 laglig
1509 1481 173 41 anledning
1705 1481 51 32 till
1779 1482 190 42 nyttjande-

355 1520 166 30 rätternas
545 1520 220 41 upphörande.

487 1563 73 31 Vad
593 1564 177 40 kollegium
794 1564 10 31 i
829 1564 55 32 det
918 1565 196 40 föregående
1150 1565 109 32 anfört
1294 1567 168 40 angående
1493 1568 38 31 de
1554 1567 205 42 principiella
1782 1569 186 41 betänklig-

353 1606 140 32 heterna
515 1608 70 30 mot
608 1618 39 21 en
670 1608 212 40 lagstiftning
905 1608 11 32 i
940 1609 87 41 syfte
1053 1611 50 30 att
1126 1609 129 42 ingripa
1278 1610 11 31 i
1313 1611 100 31 redan
1436 1611 196 32 förvärvade
1648 1612 201 41 rättigheter
1865 1614 104 40 gäller

353 1650 11 31 i
389 1661 126 21 samma
532 1651 229 41 utsträckning
777 1652 201 33 beträffande
991 1654 39 31 de
1043 1653 155 40 ständiga
1210 1654 324 40 nyttjanderätterna
1546 1655 51 32 till
1610 1656 356 41 bergverksskogarna.

354 1694 72 31 Den
461 1694 283 41 omständigheten
780 1697 50 30 att
854 1696 96 32 dessa
973 1697 122 40 skogar
1117 1697 74 32 icke
1215 1697 179 33 innehavas
1419 1699 100 32 under
1543 1701 196 39 äganderätt
1764 1702 79 30 utan
1868 1701 100 32 under

353 1737 195 41 visserligen
581 1738 189 41 villkorliga
793 1750 76 21 men
892 1740 84 32 dock
999 1740 153 41 ständiga
1176 1742 282 41 nyttjanderätter
1480 1743 87 32 lärer
1590 1743 72 32 icke
1687 1744 77 40 giva
1793 1744 175 41 anledning

354 1781 52 32 till
429 1781 224 33 modifikation
678 1782 10 32 i
713 1794 84 21 ovan
822 1783 142 41 angivna
987 1785 186 40 grundsats,
1200 1786 50 30 att
1273 1785 134 41 civillag
1430 1786 73 32 icke
1526 1787 59 31 bör
1608 1787 95 40 givas
1728 1788 239 32 återverkande

353 1825 104 32 kraft.

486 1868 50 32 Då
571 1869 180 33 emellertid
787 1871 201 41 utövningen
1022 1882 41 21 av
1097 1871 253 41 ifrågavarande
1379 1873 287 41 nyttjanderätter,
1699 1874 91 33 vilka
1813 1875 155 41 samtliga

354 1912 193 32 tillkommit
581 1913 101 32 under
717 1914 88 32 äldre
840 1914 86 33 tider
961 1915 60 32 och
1057 1917 101 31 under
1192 1916 69 32 helt
1290 1917 102 31 andra
1416 1917 227 41 samhälleliga
1667 1918 61 32 och
1753 1919 214 32 ekonomiska

353 1956 277 41 förutsättningar
665 1962 40 27 än
740 1959 39 30 de
814 1960 198 37 nuvarande,
1048 1959 210 41 tilläventyrs
1292 1960 112 32 kunna
1438 1961 147 32 medföra
1618 1963 48 30 ett
1690 1963 210 40 utnyttjande
1925 1973 42 21 av

353 2000 282 41 skogsprodukter
669 2002 42 40 på
745 2002 118 32 sådant
898 2005 68 30 sätt
998 2003 60 31 och
1082 2003 11 31 i
1117 2014 40 21 en
1181 2004 101 31 sådan
1306 2004 209 41 omfattning,
1541 2007 50 30 att
1616 2006 163 31 allmänna
1803 2005 163 33 national-

353 2043 215 33 ekonomiska
591 2044 162 33 intressen
776 2046 191 40 därigenom
991 2046 88 32 bliva
1101 2047 139 38 lidande,
1266 2058 97 29 synes
1388 2048 147 32 däremot
1551 2049 123 32 tanken
1690 2051 42 40 på
1749 2060 40 21 en
1802 2051 165 39 avlösning

354 2099 41 20 av
431 2088 96 32 dessa
561 2089 279 40 nyttjanderätter
876 2092 69 30 mot
979 2090 184 41 ersättning
1197 2091 51 32 till
1278 2092 407 40 nyttjanderättshavarna
1708 2104 82 21 vara
1812 2095 82 30 värd
1918 2096 49 30 ett

354 2132 238 40 övervägande.
640 2132 185 41 Kollegium
856 2134 119 32 tänker
1004 2134 114 32 därvid
1143 2135 199 41 exempelvis
1366 2136 42 40 på
1431 2136 252 33 bestämmelsen
1707 2136 10 31 i
1741 2137 106 32 första
1870 2149 96 29 para-

352 2175 118 39 grafen
505 2186 41 21 av
581 2175 200 33 sistberörda
819 2178 83 31 1898
939 2179 52 31 års
1025 2178 207 40 författning,
1265 2179 102 40 enligt
1391 2178 111 33 vilken
1526 2180 124 40 skogen
1674 2180 85 32 skall
1784 2191 42 21 av
1849 2181 116 41 skogs-

352 2218 245 42 förvaltningen
631 2220 177 32 behandlas
843 2221 74 32 icke
954 2222 82 31 blott
1071 2222 86 31 efter
1189 2223 250 41 vetenskapliga
1462 2223 106 40 regler
1591 2224 150 41 lämpade
1765 2224 85 32 efter
1873 2226 93 40 varje

352 2262 143 32 särskild
518 2263 83 41 skog
625 2264 60 32 och
709 2264 327 39 ortsförhållandena,
1057 2267 79 30 utan
1154 2270 82 28 även
1249 2267 72 31 med
1334 2266 128 40 hänsyn
1474 2266 51 32 till
1538 2268 186 32 ändamålet
1736 2268 74 32 med
1823 2269 143 41 skogens

353 2305 208 42 upplåtande.
608 2307 64 32 Det
700 2312 36 27 är
759 2308 92 41 givet
875 2310 50 31 att
949 2320 51 21 om
1024 2309 170 41 hänsynen
1218 2309 50 32 till
1293 2310 186 32 ändamålet
1503 2312 72 31 med
1599 2312 142 40 skogens
1766 2312 198 41 upplåtande
