2182 2624
404 168 36 30 14
808 172 118 30 Andra
949 173 217 40 lagutskottets
1191 175 164 31 utlåtande
1379 177 47 29 Nr
1449 177 51 31 41.

358 254 102 29 ugnar
484 245 73 31 med
585 247 13 29 1
626 250 56 27 öre
707 246 193 42 silvermynt
924 248 51 33 för
999 250 92 41 varje
1116 254 146 29 stavrum
1288 253 71 37 ved,
1384 264 70 21 som
1478 255 86 30 efter
1588 255 237 41 uppskattning
1845 259 127 30 ansetts

356 298 80 20 vara
463 288 51 31 för
538 288 224 34 bruksdriften
787 291 169 41 behövligt
980 294 60 31 och
1065 295 126 32 kunnat
1214 296 72 31 med
1310 296 142 41 skogens
1475 298 139 31 bestånd
1638 300 172 31 avverkas.
1857 301 116 32 Denna

356 331 105 40 avgift
484 331 84 32 hade
590 332 134 41 jämlikt
747 334 111 40 kungl.
884 336 114 32 brevet
1022 338 62 31 den
1109 340 41 29 24
1173 339 176 32 november
1376 342 80 29 1747
1482 341 88 41 höjts
1594 341 53 32 till
1670 343 186 40 respektive
1874 345 18 30 6
1910 345 60 31 och

355 375 19 30 3
410 379 54 27 öre
499 375 197 41 silvermynt
730 377 52 32 för
810 379 92 41 varje
927 382 159 31 stavrum.
1133 383 96 31 Des.
1255 383 31 30 k.
1314 384 111 31 ädlare
1448 385 124 31 verken
1596 390 154 28 ävensom
1771 387 201 40 järngruvor

354 418 106 32 skulle
485 419 84 31 dock
590 419 134 41 jämlikt
747 421 112 41 kungl.
885 423 115 33 brevet
1023 425 62 32 den
1110 427 17 29 7
1153 427 176 31 november
1356 429 82 30 1690
1462 428 59 32 och
1540 429 112 40 kungl.
1670 430 223 32 resolutionen
1909 432 62 31 den

358 463 35 29 11
421 462 171 32 december
620 465 81 30 1696
726 465 130 41 åtnjuta
879 466 152 34 befrielse
1056 468 74 32 från
1146 469 102 32 sådan
1264 470 117 41 avgift.
1421 471 115 32 Såsom
1552 473 123 31 villkor
1690 474 51 32 för
1757 474 213 41 begagnande

355 516 41 20 av
428 506 141 32 nämnda
605 507 122 40 skogar
760 508 85 33 hade
868 510 11 31 i
903 511 181 33 allmänhet
1108 514 19 30 å
1150 513 242 41 verksägarnas
1426 514 71 33 sida
1531 516 85 40 gällt
1650 518 50 30 att
1723 517 247 33 bruksrörelsen

352 549 173 32 fortsattes
550 550 63 32 och
637 551 165 41 skogarna
826 553 73 32 icke
922 555 137 32 anlitats
1084 559 117 29 utöver
1223 558 65 30 vad
1310 558 53 31 för
1385 559 141 32 verkens
1549 560 108 32 behov
1672 560 119 40 kräfts,
1808 565 160 36 varemot,

352 592 62 32 och
437 593 52 31 för
511 594 38 31 så
572 593 67 33 vitt
659 595 62 32 den
736 595 55 33 vid
808 597 141 32 verkens
966 599 201 41 anläggning
1182 600 251 41 privilegierade
1449 602 216 42 tillverkning
1680 604 88 32 varit
1783 606 41 40 på
1839 605 128 32 virkes-

351 636 79 40 fång
464 637 74 31 från
568 639 129 30 statens
721 639 123 40 skogar
866 643 159 38 grundad,
1051 645 111 30 staten
1184 644 73 32 icke
1282 647 128 30 ansetts
1433 650 63 36 äga
1520 648 69 30 rätt
1613 650 60 35 att,
1698 648 37 32 så
1758 649 96 40 länge
1872 660 96 30 nyss-

350 680 140 32 nämnda
522 680 123 33 villkor
679 693 42 21 av
757 684 222 41 verksägaren
1014 686 177 42 fullgjorts,
1228 689 163 31 återkalla
1423 689 61 32 den
1509 690 124 32 skedda
1657 692 213 41 upplåtelsen.
1917 693 50 32 Då

350 723 253 41 ifrågavarande
638 726 122 40 skogar
788 727 70 32 ofta
880 729 89 32 varit
992 733 117 35 större,
1134 735 42 27 än
1198 742 70 21 som
1293 732 52 32 för
1367 733 140 32 verkens
1531 734 107 32 behov
1662 735 215 39 erfordrades,
1904 737 62 31 och

349 769 110 30 staten
486 768 137 32 sålunda
647 771 79 30 utan
750 772 51 30 att
824 782 108 30 gagna
955 774 225 40 verksägarne
1203 776 74 39 gått
1300 776 98 32 miste
1422 786 52 22 om
1498 777 61 32 den
1583 778 154 39 inkomst,
1762 789 70 21 som
1856 779 109 33 kunde

350 810 141 33 erhållas
526 822 42 21 av
603 812 39 31 de
678 813 51 32 för
762 815 142 32 verkens
938 817 159 32 fortsatta
1121 818 196 33 bedrivande
1342 820 201 41 överflödiga
1566 821 290 41 skogsområdena,
1881 823 85 32 hade

349 864 117 30 genom
489 855 113 41 kungl.
627 856 219 41 kungörelsen
870 860 61 31 den
954 862 20 29 4
998 861 146 32 februari
1171 864 78 29 1811
1277 863 219 38 föreskrivits,
1523 864 98 32 bland
1645 868 110 37 annat,
1780 868 60 35 att,
1865 867 100 32 sedan

350 898 90 40 varje
475 899 312 42 rekognitionsskog
821 902 96 33 blivit
940 904 19 31 å
982 904 100 32 karta
1117 905 150 33 avfattad
1300 907 62 31 och
1393 907 244 41 undersökning
1660 911 58 38 ägt
1741 920 71 21 rum
1837 909 51 33 till
1912 913 51 29 ut-

348 942 142 31 rönande
515 953 41 21 av
580 944 135 31 verkets
739 944 105 33 behov
869 957 42 21 av
933 947 285 42 skogsprodukter
1243 950 60 31 och
1327 950 83 32 huru
1435 952 134 39 mycket
1593 963 71 21 som
1688 953 51 32 för
1755 953 92 32 detta
1863 954 100 32 ända-

349 985 65 31 mål
437 985 126 33 kunnat
586 988 165 40 påräknas
767 988 74 33 från
857 990 73 32 dem
947 1001 41 21 av
1004 992 136 32 verkets
1157 1003 83 30 egna
1256 994 133 40 skogar,
1405 996 42 39 på
1463 994 91 33 vilka
1571 995 120 33 smidet
1707 996 88 32 varit
1810 998 152 39 grundat,

348 1031 87 29 samt
457 1029 10 31 i
491 1030 64 31 vad
590 1032 77 30 mån
702 1032 353 43 rekognitionsskogen
1088 1036 87 31 varit
1207 1037 52 31 för
1282 1037 55 31 det
1361 1039 208 31 återstående
1592 1039 142 33 behovet
1757 1041 204 40 erforderlig,

348 1073 243 32 vederbörande
614 1075 194 40 myndighet
831 1077 105 31 skulle
960 1088 117 30 genom
1095 1080 111 38 utslag
1222 1080 191 37 bestämma,
1431 1082 162 31 huruvida
1609 1083 353 42 rekognitionsskogen

347 1115 10 31 i
381 1116 50 31 sin
454 1116 112 33 helhet
591 1118 80 32 eller
694 1119 117 32 endast
834 1130 39 21 en
897 1120 68 33 viss
989 1122 51 31 del
1064 1122 103 33 därav
1191 1123 73 32 bort
1288 1124 34 31 få
1346 1125 101 31 under
1470 1125 120 33 bruket
1615 1127 192 37 bibehållas;
1833 1130 51 30 att
1900 1129 62 31 den

348 1160 115 31 verket
482 1160 200 33 tillerkända
698 1162 195 41 skogstrakt
908 1164 115 33 skulle,
1042 1165 60 32 där
1116 1167 135 31 verkets
1267 1172 100 36 ägare
1384 1169 144 31 önskade
1544 1169 200 43 skatteköpa
1761 1172 199 36 densamma,

346 1202 51 32 till
431 1203 202 33 hemmantal
669 1206 124 32 indelas
829 1207 61 31 och
925 1208 220 42 skattläggas,
1181 1211 115 31 varvid
1330 1211 39 32 de
1396 1212 51 31 för
1470 1212 135 32 verkets
1628 1214 142 41 räkning
1793 1216 19 30 å
1835 1215 125 41 skogen

345 1249 166 39 upptagna
546 1251 75 39 torp
657 1249 79 32 eller
769 1250 324 42 odlingslägenheter
1127 1253 105 32 skulle
1266 1254 90 32 bilda
1385 1257 159 30 stommar
1571 1257 53 31 för
1647 1257 39 32 de
1710 1269 64 30 nya
1797 1258 162 34 hemman,

344 1301 71 20 som
449 1291 140 33 kommit
613 1294 51 30 att
688 1304 41 20 av
752 1294 240 40 skogsmarken
1015 1296 116 39 bildas,
1156 1297 61 32 och
1240 1299 93 41 varje
1356 1298 70 32 helt
1448 1300 126 31 mantal
1598 1300 144 33 tilldelas
1766 1301 73 32 från
1866 1304 93 37 1,200

344 1333 52 32 till
431 1334 59 32 och
525 1336 74 31 med
634 1337 96 35 3,000
765 1338 168 33 tunnland,
968 1340 60 31 allt
1056 1340 85 32 efter
1164 1341 153 33 markens
1341 1342 226 33 beskaffenhet
1591 1344 61 31 och
1676 1345 174 40 bördighet
1872 1349 87 29 samt

343 1377 142 41 skogens
509 1379 156 32 återväxt
689 1381 60 31 och
774 1381 106 41 årliga
903 1383 202 41 avkastning
1127 1395 42 21 m.
1187 1396 56 26 m.;
1262 1387 88 30 samt
1366 1388 50 30 att
1431 1387 135 32 verkets
1583 1392 100 36 ägare
1699 1389 105 32 skulle
1820 1390 140 32 medelst

343 1422 197 40 erläggande
565 1434 43 20 av
631 1434 59 21 sex
714 1425 54 31 års
792 1428 114 29 räntor
929 1428 85 30 efter
1037 1427 206 33 kronovärde
1268 1428 51 32 till
1341 1430 111 31 skatte
1469 1431 87 40 köpa
1572 1432 39 31 de
1628 1432 137 32 sålunda
1785 1433 173 32 tillkomna

342 1465 194 32 hemmanen
559 1467 75 32 med
657 1467 191 41 skyldighet
872 1470 68 31 dels
965 1472 50 30 att
1039 1472 119 39 utgöra
1182 1474 165 32 räntorna,
1368 1475 88 30 emot
1472 1474 55 31 det
1544 1476 51 30 att
1612 1475 62 31 den
1690 1475 117 33 dittills
1824 1477 134 40 erlagda

342 1508 378 43 rekognitionsavgiften
733 1512 177 41 upphörde,
925 1514 59 31 och
998 1514 70 32 dels
1081 1517 51 30 att
1142 1515 60 32 allt
1211 1516 167 41 framgent
1388 1517 163 32 bibehålla
1561 1518 195 33 hemmanen
1766 1520 51 31 till
1827 1520 128 36 bruket,

344 1562 110 22 varom
479 1553 162 33 förbehåll
658 1555 104 32 skulle
779 1557 10 30 i
806 1556 230 33 skattebrevet
1052 1557 134 33 införas.
1226 1560 114 40 Enligt
1355 1561 64 31 vad
1435 1561 495 42 skatteregleringskommittén
1946 1565 11 31 i

342 1595 61 32 sitt
425 1596 61 32 den
512 1598 39 31 13
575 1599 186 40 september
789 1600 82 31 1882
896 1600 143 41 avgivna
1056 1602 207 33 betänkande
1279 1604 168 40 angående
1463 1604 363 34 skatteförhållandena
1842 1607 10 31 i
1869 1607 88 33 riket

341 1639 173 38 meddelat,
529 1640 94 39 hade,
638 1642 73 31 med
725 1642 208 43 tillämpning
945 1655 42 21 av
999 1645 61 31 här
1073 1656 85 22 ovan
1175 1646 137 32 anförda
1323 1648 258 40 bestämmelser,
1596 1645 358 50 rekognitionsskogar,

340 1682 149 33 indelade
512 1684 52 32 till
587 1685 153 32 hemman
764 1697 53 21 om
840 1687 139 42 tillhopa
1004 1689 135 32 276.921
1168 1690 135 32 mantal,
1329 1690 135 33 försålts
1481 1691 51 33 till
1549 1693 202 41 verksägare
1768 1696 69 30 mot
1853 1695 102 41 köpe-

340 1725 181 42 skillingar,
546 1728 110 32 vilkas
680 1731 294 33 sammanräknade
997 1732 119 42 belopp
1133 1733 126 41 utgjort
1275 1734 141 32 allenast
1431 1736 119 36 23,423
1566 1736 124 33 kronor
1706 1739 37 29 41
1764 1742 65 27 öre.
1869 1738 86 32 Från

340 1769 89 33 äldre
453 1770 85 33 tider
561 1771 140 33 tillbaka
723 1773 84 32 hade
832 1785 52 21 om
907 1775 317 42 bergshanteringen
1247 1777 11 31 i
1280 1778 164 32 allmänna
1459 1779 239 42 författningar
1714 1781 169 40 åtskilliga
1898 1782 56 32 be-

338 1814 208 32 stämmelser
581 1816 88 31 varit
703 1817 189 32 meddelade
929 1820 139 31 rörande
1103 1821 68 30 dels
1206 1832 65 29 nya
1294 1822 100 31 verks
1417 1823 208 40 anläggning,
1652 1825 37 30 så
1712 1827 52 29 att
1788 1825 166 32 desammn

338 1857 30 40 ej
392 1858 106 31 skulle
522 1859 97 32 lända
644 1860 50 31 till
717 1860 132 42 förfång
873 1862 51 32 för
947 1863 91 32 äldre
1063 1863 250 41 privilegierade
1337 1865 91 33 verk,
1453 1866 70 32 dels
1547 1867 272 41 tillverkningens
1835 1868 118 42 belopp

339 1901 54 31 vid
422 1902 89 40 varje
536 1903 137 32 särskilt
696 1905 91 37 verk,
813 1905 69 32 deis
907 1906 60 31 ock
992 1907 273 40 tillgodoseendet
1288 1919 42 21 av
1356 1910 138 31 verkens
1519 1910 106 32 behov
1649 1922 41 20 av
1715 1912 64 38 kol,
1805 1912 60 31 ved
1891 1913 60 31 och

338 1944 51 31 till
426 1945 133 42 kolning
591 1947 119 41 tjänlig
744 1949 91 40 skog.
881 1949 105 32 Dessa
1019 1951 277 41 inskränkningar
1321 1952 52 32 vid
1398 1953 333 42 bergshanteringens
1755 1956 197 31 bedrivande

337 1988 84 31 hade
449 1989 83 32 dock
563 1990 8 31 i
608 2002 115 20 senare
757 1992 86 31 tider
877 1993 190 41 borttagits.
1116 1994 120 32 Genom
1271 1996 111 40 kungl.
1416 1997 273 41 förordningarna
1717 1999 59 30 den
1802 2000 39 30 27
1867 2000 83 40 april

342 2033 80 30 1846
458 2033 58 31 och
553 2034 60 31 den
638 2037 41 28 22
705 2036 140 31 februari
878 2038 78 30 1850
982 2038 83 31 hade
1090 2038 39 31 de
1154 2039 276 41 inskränkningar
1453 2040 9 31 i
1484 2041 216 41 jordägarens
1724 2042 226 40 dispositions-

336 2079 70 28 rätt
434 2077 50 31 till
508 2078 64 32 kol,
600 2079 59 30 ved
686 2079 56 31 och
769 2079 51 31 till
844 2080 135 40 kolning
1003 2081 117 40 tjänlig
1144 2082 83 41 skog
1250 2083 176 41 upphävts,
1452 2095 69 20 som
1546 2085 90 31 förut
1660 2085 51 31 till
1730 2086 220 39 bergverkens

336 2120 127 31 förmån
494 2122 87 30 varit
605 2122 149 39 stadgad,
780 2123 59 30 och
865 2135 114 29 genom
1005 2125 111 40 kungl.
1144 2126 228 40 förordningen
1397 2128 60 30 den
1482 2130 40 29 20
1547 2129 187 40 september
1762 2130 80 31 1859
1867 2130 83 31 hade

336 2163 120 32 lossats
487 2164 39 32 de
562 2165 72 32 från
670 2166 89 31 äldre
795 2166 85 32 tider
912 2168 185 31 bibehållna
1128 2169 82 31 band
1235 2170 18 31 å
1278 2171 322 40 bergshanteringen,
1626 2173 37 31 så
1687 2175 51 29 att
1762 2173 188 32 densamma

335 2206 73 31 icke
434 2207 109 33 vidare
568 2209 232 32 underkastats
824 2212 164 31 särskilda
1013 2212 274 40 inskränkningar
1311 2215 79 30 eller
1414 2215 99 31 andra
1534 2216 216 40 föreskrifter
1769 2218 51 29 för
1847 2218 102 31 rörel-

1829 2260 9 10 9

334 2261 75 20 sens
433 2251 197 33 bedrivande
661 2257 39 27 än
726 2253 81 32 dem,
834 2265 69 21 som
927 2256 83 39 gällt
1035 2256 51 30 för
1111 2256 162 32 likartade
1298 2257 161 41 näringar.
1512 2259 93 31 Även
1641 2260 39 31 de
1705 2271 51 20 om
1780 2261 168 40 ifrågava-
