1872 2782
278 174 18 28 4
586 176 124 30 Första
728 177 246 35 lagutskottets
994 179 178 30 utlåtande
1191 189 42 21 nr
1254 182 37 28 17
1308 181 40 29 år
1368 183 82 28 1958

276 262 182 31 föranleda
478 264 219 31 tveksamhet
718 267 122 29 endast
861 267 222 31 beträffande
1105 269 77 30 dess
1205 270 168 30 inverkan
1395 272 43 36 på
1460 267 302 47 fastighetskredi-

276 309 67 28 ten.
367 308 12 28 I
402 309 95 29 detta
518 309 199 31 hänseende
738 311 63 30 har
822 312 178 38 betydelse
1021 315 214 36 väsentligen
1257 315 131 37 tillagts
1411 317 42 29 de
1475 316 74 35 fall,
1572 317 44 30 då
1638 318 123 36 priori-

276 353 118 29 terade
417 353 279 39 lönefordringar
719 355 87 31 efter
829 358 204 30 överlåtelse
1055 359 151 30 bevakas
1229 360 10 28 i
1263 360 157 30 konkurs
1444 371 42 19 av
1510 370 117 21 annan
1652 363 44 29 än
1720 363 41 29 de

276 399 247 37 ursprungliga
553 399 320 39 fordringsägarna.
905 402 51 29 Av
987 403 41 30 de
1060 403 94 30 inom
1187 404 154 37 lagrådet
1373 406 147 36 avgivna
1549 408 212 35 yttrandena

275 451 102 28 synes
395 444 191 29 emellertid
604 444 147 38 framgå,
768 447 50 28 att
834 446 116 38 någon
967 449 165 29 avsevärd
1150 449 183 37 olägenhet
1349 450 126 30 hittills
1493 451 76 30 icke
1587 451 173 37 försports

275 486 43 37 på
333 488 113 36 grund
463 497 42 20 av
519 490 50 28 att
584 491 49 28 ett
649 489 116 30 flertal
782 491 280 38 lönefordringar
1077 493 56 29 vid
1149 493 196 38 bevakning
1361 495 10 28 i
1388 495 158 30 konkurs
1562 496 44 37 på
1622 497 138 36 angivet

275 533 70 28 sätt
365 532 137 31 kunnat
524 534 129 30 samlas
675 534 19 30 å
717 544 41 20 en
780 535 105 30 hand.
908 537 60 29 Att
989 537 215 30 härutinnan
1228 539 112 30 skulle
1363 539 88 37 följa
1474 540 114 37 någon
1612 542 148 36 egentlig

276 576 205 39 förändring
508 578 43 37 på
577 580 113 35 grund
718 589 42 20 av
787 589 41 20 en
856 581 206 38 utvidgning
1090 591 42 20 av
1160 582 275 32 förmånsrätten
1463 585 10 29 i
1501 585 153 37 enlighet
1682 587 76 29 med

275 620 167 38 förslaget
469 631 101 28 synes
596 623 76 30 icke
700 625 187 30 sannolikt.
915 626 65 29 Vid
1008 626 124 30 sådant
1159 627 221 31 förhållande
1407 629 90 30 lärer
1524 630 67 34 det,
1619 630 43 37 på
1691 631 68 29 sätt

275 666 173 36 lagrådets
470 666 101 30 flesta
593 668 189 30 ledamöter
802 670 106 29 också
930 671 137 34 uttalat,
1089 671 119 30 kunna
1231 672 134 30 lämnas
1387 673 35 30 åt
1442 673 246 31 erfarenheten
1710 677 49 28 att

274 711 125 34 utvisa,
422 711 173 30 huruvida
619 713 75 29 skäl
719 713 68 30 kan
811 713 168 38 föreligga
1003 717 50 28 att
1077 715 69 30 låta
1169 716 69 30 viss
1262 717 234 38 begränsning
1520 727 42 21 av
1586 718 173 31 förmåns-

275 756 113 28 rätten
411 756 44 36 på
479 758 106 28 annat
609 758 69 28 sätt
702 758 42 29 än
769 759 76 28 med
870 759 138 37 hänsyn
1032 760 51 29 till
1107 760 94 30 tiden
1226 761 141 30 komma
1390 762 111 30 under
1524 765 48 27 ett
1596 764 163 30 närmare

273 801 249 36 övervägande.

319 872 123 29 Första
469 872 237 37 lagutskottet,
733 884 73 20 som
832 876 218 31 behandlade
1075 879 65 28 den
1167 879 152 30 därefter
1344 881 52 28 till
1425 881 83 29 1926
1535 881 56 30 års
1619 882 141 37 riksdag

273 925 140 29 avlåtna
429 927 262 35 propositionen
713 928 58 34 (nr
786 929 57 35 52)
866 930 9 28 i
892 931 128 34 ämnet,
1037 932 189 36 tillstyrkte
1242 933 9 28 i
1268 934 135 36 avgivet
1419 935 181 29 utlåtande
1622 936 58 32 (nr
1699 936 54 33 18)

274 978 98 29 bifall
398 979 52 28 till
477 981 272 35 propositionen,
776 983 120 29 därvid
923 984 171 30 utskottet
1119 985 88 30 bl.
1180 974 36 52 a.
1236 986 210 35 förklarade,
1474 989 50 28 att
1552 989 170 30 utskottet
1751 990 7 28 i

275 1032 107 29 likhet
407 1033 77 29 med
508 1033 384 37 departementschefen
916 1037 64 29 och
1007 1038 171 36 lagrådets
1203 1039 101 30 flesta
1330 1041 190 30 ledamöter
1546 1042 137 37 ansåge,
1709 1045 49 27 att

272 1085 66 29 den
356 1085 199 38 föreslagna
573 1088 249 37 utvidgningen
842 1099 41 19 av
902 1090 274 31 förmånsrätten
1196 1092 29 36 ej
1248 1093 112 30 skulle
1380 1094 140 29 komma
1540 1097 50 28 att
1608 1096 9 28 i
1637 1097 121 28 nämn-

272 1139 84 29 värd
378 1140 84 35 grad
484 1140 151 36 påverka
657 1141 358 37 fastighetskrediten.

317 1193 63 29 Vid
411 1194 195 30 utlåtandet
635 1195 104 30 fanns
769 1196 102 37 fogad
900 1207 42 20 en
971 1200 212 29 reservation
1213 1211 41 19 av
1283 1211 41 20 en
1356 1203 150 29 ledamot
1536 1204 9 28 i
1576 1205 182 31 utskottet.

273 1247 115 28 vilken
410 1248 77 28 med
509 1248 258 31 instämmande
788 1260 41 19 av
850 1253 52 27 tre
924 1253 108 28 andra
1056 1253 188 30 ledamöter
1266 1254 84 29 fann
1374 1256 50 36 sig
1446 1257 76 29 med
1546 1257 136 37 hänsyn
1706 1258 51 29 till

271 1300 118 29 vikten
410 1309 42 20 av
471 1301 192 30 vårdandet
683 1312 41 19 av
745 1303 346 37 fastighetskrediten
1112 1307 83 29 böra
1217 1307 184 31 hemställa
1423 1311 50 27 att
1494 1307 263 45 propositionen

273 1353 74 29 icke
369 1353 108 30 måtte
498 1354 151 30 bifallas.

315 1407 196 30 Utskottets
529 1409 211 30 hemställan
759 1411 117 30 bifölls
896 1422 42 20 av
957 1414 195 37 riksdagen.

316 1515 74 29 Den
415 1515 10 29 i
449 1515 229 32 förevarande
702 1518 130 29 motion
857 1519 148 30 berörda
1031 1520 121 38 frågan
1178 1522 63 29 har
1264 1524 131 34 jämväl
1421 1534 122 20 senare
1569 1528 188 35 uppmärk-

271 1570 169 28 sammats
462 1569 9 29 i
493 1570 92 29 olika
608 1572 265 37 sammanhang.
896 1573 153 31 Sålunda
1072 1575 159 30 erinrade
1252 1576 504 39 Stadshypotekssakkunniga

272 1622 9 28 i
306 1621 59 30 sitt
388 1622 66 29 den
481 1624 37 28 12
543 1624 87 35 april
657 1624 83 30 1934
764 1626 146 36 avgivna
934 1627 220 31 betänkande
1178 1639 55 19 om
1259 1631 207 36 stadgandet
1490 1632 9 28 i
1527 1632 37 29 17
1592 1633 77 36 kap.
1695 1634 18 28 4
1741 1634 13 32 $

270 1675 286 36 handelsbalken,
576 1677 125 30 sådant
718 1679 152 30 nämnda
890 1680 135 37 lagrum
1044 1681 100 37 lydde
1162 1683 106 36 enligt
1287 1684 98 36 lagen
1403 1685 66 29 den
1488 1685 41 29 26
1548 1695 94 20 mars
1663 1687 92 29 1926.

271 1729 47 29 De
338 1729 221 37 sakkunniga
579 1731 180 36 påpekade
778 1734 50 27 att
848 1733 55 29 vid
925 1733 291 39 föredragningen
1238 1736 92 29 inför
1352 1737 125 38 Kungl.
1499 1739 105 36 Maj:t
1625 1749 41 19 av
1688 1740 68 29 för-

271 1783 108 36 slaget
400 1783 52 29 till
477 1784 211 37 sistberörda
711 1785 54 37 lag
787 1785 198 36 förutsatts,
1009 1790 49 27 att
1081 1789 56 29 det
1160 1789 112 30 skulle
1295 1790 135 30 lämnas
1454 1791 35 29 åt
1512 1792 243 31 erfarenheten

270 1838 50 27 att
342 1837 125 34 utvisa,
489 1837 172 30 huruvida
685 1839 73 29 skäl
783 1840 115 30 kunde
921 1840 166 38 föreligga
1110 1844 50 27 att
1183 1843 68 29 låta
1272 1844 70 28 viss
1365 1844 234 38 begränsning
1622 1855 41 20 av
1687 1846 68 30 för-

270 1890 218 29 månsrätten
508 1891 43 36 på
571 1894 109 27 annat
701 1893 68 29 sätt
789 1894 43 27 än
854 1894 77 29 med
953 1894 136 37 hänsyn
1109 1896 51 28 till
1183 1896 93 29 tiden
1300 1897 139 30 komma
1461 1899 110 29 under
1593 1900 161 29 närmare

268 1944 249 36 övervägande,
535 1945 152 30 varefter
705 1947 41 29 de
764 1947 222 38 sakkunniga
1003 1950 118 29 tillade
1139 1950 171 37 följande:

312 2025 58 29 Att
395 2025 112 30 behov
533 2035 41 20 av
600 2036 41 20 en
669 2027 107 29 sådan
802 2028 235 38 begränsning
1064 2030 203 35 förefinnes,
1295 2032 63 29 har
1386 2033 244 31 erfarenheten
1658 2035 93 29 inom

268 2069 439 37 stadshypoteksväsendet
730 2073 99 29 visat.
851 2074 50 29 De
924 2083 47 20 nu
994 2075 159 36 gällande
1175 2076 311 31 bestämmelserna
1510 2079 168 37 medgiva,
1703 2082 49 27 att

267 2113 231 31 förmånsrätt
526 2116 56 29 må
610 2116 268 37 tillgodonjutas
908 2119 87 29 även
1025 2119 54 30 för
1109 2120 239 38 dagspenning
1378 2122 64 29 och
1473 2123 174 37 avlöning,
1678 2134 74 20 som

267 2167 79 21 avse
366 2160 117 29 arbete
503 2160 110 30 utfört
633 2161 19 29 å
673 2171 115 20 annan
809 2162 167 38 fastighet
997 2165 42 28 än
1060 2165 76 34 den,
1157 2175 104 19 varur
1282 2166 201 38 fordringen
1506 2169 100 29 sökes
1627 2169 124 36 gäldad

267 2204 75 29 med
366 2203 241 32 förmånsrätt.
630 2207 65 28 Det
717 2207 63 29 har
803 2207 236 36 förekommit,
1062 2211 50 27 att
1135 2210 53 29 för
1213 2211 289 37 lönefordringar,
1526 2213 226 30 innestående

266 2248 62 29 hos
346 2257 42 20 en
407 2251 226 35 entreprenör
651 2251 64 29 och
734 2253 169 29 avseende
921 2253 116 30 arbete
1056 2254 110 29 utfört
1184 2255 18 29 å
1220 2264 40 20 en
1280 2255 167 37 fastighet
1464 2257 10 29 i
1492 2266 41 20 en
1552 2260 64 31 ort,
1636 2258 115 36 åtnju-

266 2293 59 29 tits
346 2293 231 31 förmånsrätt
596 2304 41 20 ur
657 2304 41 20 en
720 2296 62 29 hos
804 2297 335 38 hypoteksförening
1160 2299 145 29 belånad
1328 2300 166 37 fastighet
1514 2302 142 37 belägen
1679 2303 9 28 i
1710 2312 40 20 en

266 2346 116 20 annan
402 2340 65 27 ort.
488 2339 57 29 Ett
565 2340 113 36 dylikt
697 2340 221 31 förhållande
939 2342 110 30 måste
1069 2343 144 36 givetvis
1233 2344 10 28 i
1264 2346 166 28 avsevärd
1451 2346 84 36 grad
1557 2347 106 29 verka
1684 2349 67 28 stö-

266 2383 106 28 rande
392 2382 45 37 på
457 2382 357 38 fastighetskrediten,
835 2386 43 29 då
900 2386 203 37 långivarna
1123 2388 10 28 i
1154 2388 190 30 allmänhet
1366 2391 97 28 torde
1482 2399 83 20 vara
1587 2400 41 20 ur
1649 2392 100 29 stånd

266 2428 50 28 att
338 2427 148 30 bedöma
509 2428 65 29 den
598 2428 180 35 inverkan,
803 2439 74 20 som
901 2431 42 29 de
967 2432 92 35 tysta
1083 2431 316 32 förmånsrätterna
1423 2436 104 28 utöva
1552 2435 43 36 på
1620 2436 130 30 inteck-

265 2471 146 37 ningens
433 2472 154 36 verkliga
607 2474 116 34 värde,
745 2474 64 29 och
831 2475 9 27 i
863 2475 62 29 allt
947 2474 61 30 fall
1031 2476 423 38 hypoteksföreningarna
1477 2479 120 30 kunna
1618 2481 132 36 nödgas

265 2517 49 28 att
337 2515 93 30 fästa
452 2518 196 35 avgörande
671 2518 72 29 vikt
766 2519 54 28 vid
846 2519 222 37 låntagarens
1091 2521 221 30 verksamhet
1335 2522 65 29 och
1424 2523 78 29 dess
1526 2524 223 37 omfattning.
