1868 2786
502 172 255 29 Statsutskottets
781 175 161 27 utlåtande
965 184 39 18 nr
1027 176 36 27 70
1086 177 36 26 år
1145 177 75 27 1959
1600 185 13 28 1

794 436 65 41 Nr
891 438 55 40 70

547 549 185 30 Utlåtande
756 550 11 29 i
788 550 189 41 anledning
998 561 43 20 av
1064 553 124 29 väckta
1211 554 174 30 motioner
1408 564 55 20 om
1488 556 123 29 ersätt-

634 613 85 39 ning
746 613 51 29 till
821 614 307 30 distriktsläkaren
1153 616 116 39 Sigrid
1292 618 138 38 Nygren
1457 617 11 30 i
1493 619 118 29 anled-

634 676 84 38 ning
742 684 42 21 av
809 676 162 40 obefogat
994 677 81 30 åtal.

1355 734 74 33 (5:e
1455 735 93 34 avd.)

173 832 12 29 I
211 832 57 30 två
291 833 225 39 likalydande
541 836 184 34 motioner,
750 837 125 30 väckta
899 838 66 29 den
989 848 65 20 ena
1078 839 96 30 inom
1200 840 111 30 första
1335 841 207 31 kammaren
1567 852 42 20 av

116 885 82 29 herr
226 886 214 31 Lundström
476 889 120 34 (1:79)
630 890 66 29 och
724 891 67 29 den
820 892 111 29 andra
958 892 96 30 inom
1083 894 111 29 andra
1222 894 207 31 kammaren
1458 905 42 20 av
1527 897 81 29 herr

117 938 208 41 Gustafsson
351 942 11 28 i
389 942 186 30 Skellefteå
606 944 63 33 (II:
688 944 93 34 102),
806 945 64 29 har
895 946 208 35 hemställts,
1131 949 50 28 att
1206 948 188 40 riksdagen
1419 949 108 30 måtte
1551 951 57 29 be-

116 992 93 30 sluta
231 995 50 28 att
304 994 18 29 5
337 994 63 30 000
423 996 131 29 kronor
577 997 173 30 utbetalas
774 998 52 29 till
849 999 41 29 dr
914 999 112 39 Sigrid
1048 1001 139 39 Nygren
1210 1002 116 29 såsom
1349 1012 43 20 en
1415 1003 193 39 symbolisk

116 1047 194 39 ersättning
336 1048 55 29 för
415 1050 67 28 vad
506 1050 70 29 hon
602 1050 67 30 fått
695 1052 94 29 utstå
814 1060 124 31 genom
964 1055 49 28 att
1039 1055 71 28 hon
1135 1055 45 39 på
1204 1056 309 39 myndigheternas
1539 1058 68 30 till-

116 1100 161 39 skyndan
298 1101 100 30 blivit
420 1103 146 30 föremål
590 1104 55 29 för
666 1107 49 27 ett
735 1105 11 29 i
769 1106 62 29 sak
853 1106 161 40 obefogat
1035 1107 70 30 åtal
1129 1108 55 30 för
1205 1110 128 39 oriktig
1356 1110 251 39 självdeklara-

114 1153 84 31 tion.

170 1262 66 29 Till
263 1263 77 29 stöd
366 1264 54 28 för
445 1264 268 39 ifrågavarande
737 1267 156 38 yrkande
918 1268 65 29 har
1007 1268 137 31 anförts
1170 1269 168 40 följande.

172 1324 132 29 Hösten
325 1326 83 29 1953
428 1326 151 40 företogs
598 1328 58 29 vid
674 1328 250 40 länsstyrelsen
943 1331 10 28 i
972 1331 265 31 Västerbottens
1256 1334 58 29 län
1332 1343 43 20 en
1393 1335 152 29 kontroll
1566 1345 42 20 av

114 1370 49 28 ett
185 1369 190 30 hundratal
400 1372 266 37 praktiserande
689 1374 137 30 läkares
850 1375 430 41 deklarationsuppgifter.

171 1414 315 40 Undersökningen
508 1418 214 29 resulterade
744 1419 11 28 i
778 1421 49 27 att
849 1422 49 27 ett
920 1420 156 38 fyrtiotal
1099 1431 43 20 av
1162 1422 148 30 läkarna
1331 1423 166 30 åtalades.

170 1459 52 28 En
246 1468 42 20 av
310 1460 41 28 de
374 1461 137 29 åtalade
533 1471 61 19 var
618 1463 202 30 nuvarande
844 1464 308 31 distriktsläkaren
1174 1467 11 28 i
1209 1467 196 35 Skellefteå,
1429 1468 41 29 dr
1493 1468 113 39 Sigrid

114 1503 148 39 Nygren,
281 1513 74 20 som
373 1506 57 28 vid
447 1505 152 31 tillfället
616 1507 11 28 i
645 1507 99 39 fråga
761 1509 215 38 upprätthöll
995 1510 156 38 tjänsten
1170 1520 74 20 som
1262 1512 107 29 andre
1388 1512 217 30 stadsläkare

113 1547 11 29 i
143 1548 132 29 staden.
307 1549 78 29 Med
405 1550 77 29 stöd
502 1560 41 19 av
562 1551 66 29 den
649 1552 186 39 utredning
854 1553 470 40 taxeringsmyndigheterna
1343 1556 165 39 framlagt
1528 1557 78 30 fäll-

113 1592 60 30 des
194 1593 41 29 dr
256 1594 139 38 Nygren
417 1604 42 19 av
480 1595 251 31 rådhusrätten
752 1597 50 29 till
826 1607 127 20 ansvar
975 1598 55 30 för
1051 1599 129 39 oriktig
1201 1600 230 30 deklaration.

168 1638 48 28 Dr
237 1638 138 39 Nygren
398 1640 229 39 överklagade
649 1641 267 31 rådhusrättens
937 1643 81 29 dom
1039 1644 66 29 och
1126 1645 211 30 verkställde
1360 1645 179 40 samtidigt
1560 1646 45 39 på

112 1684 75 36 eget
205 1682 152 30 initiativ
375 1685 307 40 kontrollräkning
701 1695 42 20 av
761 1687 489 40 taxeringsmyndigheternas
1269 1690 187 39 utredning
1474 1690 130 30 beträf-

113 1726 105 30 fande
244 1727 402 39 sjukkasseinkomsten.

167 1772 66 29 Vid
253 1772 115 29 denna
387 1774 153 29 kontroll
561 1774 187 35 framkom,
769 1778 50 27 att
838 1777 67 29 den
926 1777 266 39 sammanlagda
1212 1778 391 39 sjukkasseinkomsten

111 1816 162 39 utgjorde
297 1817 38 29 16
351 1818 62 28 800
434 1818 131 29 kronor
586 1819 127 29 medan
735 1820 66 29 den
823 1830 42 19 av
886 1821 471 39 taxeringsmyndigheterna
1377 1823 143 38 oriktigt
1543 1833 60 20 an-

112 1860 102 38 givits
234 1861 52 28 till
307 1862 38 28 21
363 1862 63 28 600
446 1862 140 30 kronor.
618 1863 53 29 Då
690 1864 41 29 dr
751 1865 138 37 Nygren
908 1865 11 28 i
940 1865 53 29 sin
1015 1865 54 29 för
1090 1866 74 29 året
1184 1867 147 37 avgivna
1352 1867 250 38 självdeklara-

110 1904 74 29 tion
209 1914 74 20 som
308 1906 156 29 inkomst
488 1916 41 20 av
553 1907 244 39 läkarpraktik
823 1909 158 38 upptagit
1009 1909 116 30 18000
1151 1911 130 28 kronor
1306 1911 87 29 fann
1417 1912 184 29 hovrätten

110 1949 76 29 icke
207 1950 123 38 styrkt,
352 1952 50 27 att
423 1951 142 29 läkaren
586 1951 190 30 underlåtit
797 1955 49 27 att
867 1955 109 36 uppta
995 1954 114 37 någon
1129 1954 54 30 del
1205 1964 41 19 av
1267 1955 53 29 sin
1340 1955 164 34 inkomst,
1526 1965 75 20 var-

110 1993 55 29 för
190 1994 70 29 hon
285 1994 132 30 friades
443 1996 78 28 från
547 1995 81 29 åtal.

166 2038 97 29 Efter
285 2048 43 19 en
351 2040 114 37 privat
487 2040 236 30 hänvändelse
746 2041 51 29 till
819 2041 51 30 JO
895 2044 129 36 upptog
1047 2042 113 30 denne
1184 2043 107 29 saken
1314 2043 51 29 till
1388 2044 213 38 behandling

110 2083 65 28 och
197 2084 246 28 överlämnade
465 2085 11 27 i
499 2084 87 38 april
613 2084 82 30 1958
717 2095 43 19 en
783 2086 61 28 PM
867 2086 52 29 till
942 2086 125 38 Kungl.
1092 2087 106 39 Maj:t
1220 2088 79 29 med
1322 2087 131 39 förslag
1476 2088 50 29 till
1551 2089 49 29 åt-

110 2128 123 36 gärder
256 2127 11 29 i
292 2128 91 38 syfte
408 2130 50 27 att
482 2129 247 29 åstadkomma
752 2129 207 29 effektivare
983 2130 153 30 kontroll
1163 2140 41 20 av
1228 2132 41 28 de
1295 2131 186 39 uppgifter,
1506 2133 94 28 vilka

110 2171 116 38 läggas
250 2172 50 28 till
325 2173 112 36 grund
461 2173 54 28 för
538 2173 69 29 åtal
631 2173 10 28 i
664 2173 165 30 liknande
853 2174 196 29 skattemål.

164 2215 52 29 JO
236 2216 151 37 föreslog
405 2217 128 32 vidare,
554 2219 50 26 att
624 2217 41 29 dr
683 2218 136 37 Nygren
840 2228 42 18 av
900 2218 56 28 det
976 2218 179 30 allmänna
1176 2219 111 29 skulle
1308 2219 229 30 tillerkännas
1557 2229 42 20 en

110 2260 192 37 symbolisk
329 2261 195 37 ersättning
553 2261 54 28 för
635 2261 57 28 det
720 2261 138 29 lidande
885 2261 70 29 hon
985 2261 228 30 förorsakats.
1254 2264 102 28 Detta
1385 2263 130 38 förslag
1543 2274 56 19 av-

107 2303 137 29 visades
269 2304 194 29 emellertid
489 2313 41 19 av
556 2304 125 38 Kungl.
707 2305 115 38 Maj:t.

166 2349 64 27 Det
248 2348 97 28 torde
364 2349 75 27 icke
458 2348 83 29 råda
561 2349 103 37 något
683 2349 99 28 tvivel
802 2358 57 19 om
878 2351 49 27 att
945 2350 40 28 dr
1003 2350 148 37 Nygren,
1171 2359 73 19 som
1264 2351 63 28 har
1345 2360 41 19 en
1407 2351 192 38 framskju-

110 2393 55 27 ten
186 2392 90 38 plats
297 2392 10 28 i
328 2394 53 26 sin
402 2393 95 28 stads
517 2392 229 29 kommunala
767 2393 54 32 liv,
843 2401 122 29 genom
986 2393 105 29 åtalet
1112 2394 64 28 och
1197 2394 65 29 den
1285 2395 311 37 uppmärksamhet

109 2437 106 28 saken
238 2437 112 32 väckt,
374 2438 63 27 har
460 2437 178 28 åsamkats
661 2437 157 29 avsevärt
840 2437 142 38 obehag.
1016 2438 61 28 Det
1103 2438 68 29 kan
1194 2438 44 29 bl.
1254 2448 28 19 a.
1307 2439 156 32 nämnas,
1487 2442 49 26 att
1558 2440 41 28 dr

107 2481 146 38 Nygren,
276 2490 72 19 som
371 2482 85 27 varit
479 2481 148 28 ledamot
651 2491 41 19 av
713 2481 318 37 stadsfullmäktige
1052 2482 62 28 och
1138 2482 221 37 landstinget,
1381 2483 8 28 i
1411 2483 188 37 anledning

107 2548 94 20 58359
235 2547 120 34 Bihang
379 2548 45 26 till
447 2548 175 34 riksdagens
646 2548 146 34 protokoll
818 2549 87 26 1959.
933 2550 16 23 6
974 2549 86 27 saml.
1090 2550 46 26 Nr
1163 2550 35 25 70
