2252 2632
765 147 277 32 Bankoutskottets
1064 147 164 33 utlåtande
1255 149 49 31 Nr
1328 150 50 31 33.
1789 150 38 31 13

402 224 107 33 Varda
542 224 95 33 dessa
661 225 258 33 hemställanden
942 226 183 41 godkända,
1149 226 94 33 torde
1266 227 231 32 motsvarande
1520 228 249 32 bestämmelser
1792 229 79 31 böra

266 267 133 32 komma
421 267 51 33 till
495 268 97 33 stånd
614 269 207 33 beträffande
844 269 392 33 militieombudsmannen
1261 271 60 32 och
1345 271 120 32 dennes
1489 273 192 31 ersättare.»

396 329 107 37 Efter
544 330 63 36 det
648 331 528 48 löneregleringskommittén
1216 332 145 49 avgivit
1395 333 67 36 sitt
1488 332 163 37 berörda
1678 335 190 48 yttrande,

266 381 68 36 har
361 381 84 36 från
474 382 462 38 militieombudsmannen
964 384 200 36 inkommit
1184 398 47 22 en
1251 384 253 49 promemoria
1522 385 12 36 i
1555 385 166 48 ärendet,
1742 386 126 37 vilken

266 433 461 38 militieombudsmannen
773 435 157 36 anhållit
976 442 52 30 att
1075 436 38 36 få
1159 436 156 48 intagen
1358 436 11 36 i
1411 437 206 36 utskottets
1664 438 202 36 utlåtande.

266 484 174 38 Nämnda
467 486 251 49 promemoria
746 491 41 31 är
814 501 46 22 av
890 487 164 49 följande
1082 488 160 49 lydelse:

398 588 229 33 »Omedelbart
651 589 85 32 efter
759 590 55 32 det
837 590 494 34 militieombudsmansämbetet
1354 594 83 31 trätt
1463 592 6 32 i
1486 592 212 34 verksamhet
1719 594 149 33 anmälde

263 630 51 41 sig
347 631 60 32 hos
442 631 391 34 militieombudsmannen
869 644 39 21 en
943 635 117 40 mängd
1094 645 154 31 personer
1271 636 107 32 såsom
1402 636 143 32 sökande
1569 636 50 33 till
1643 637 225 42 befattningar

263 674 54 32 vid
352 675 236 42 expeditionen.
635 677 65 32 Det
735 688 59 21 var
825 678 136 41 jurister
995 679 59 32 och
1091 679 169 39 militärer,
1294 690 162 31 personer,
1486 691 71 21 som
1586 681 100 32 hörde
1710 682 49 32 till
1783 683 84 32 båda

263 718 95 32 dessa
385 719 197 42 kategorier,
612 720 60 32 och
697 725 82 28 även
802 724 50 29 ett
875 733 68 30 par,
968 733 68 22 som
1062 722 72 33 icke
1157 723 100 32 hörde
1281 724 51 31 till
1355 724 194 41 någondera.
1597 725 159 33 Flertalet
1779 726 87 42 aspi-

262 763 114 31 rerade
414 763 43 41 på
491 763 423 43 sekreterarbefattningen,
950 777 72 21 men
1054 767 138 41 somliga
1224 767 95 32 sökte
1360 768 60 32 den
1456 768 409 43 registratorsbefattning,

262 816 68 21 som
355 817 76 21 man
454 809 100 38 antog
577 807 95 32 skola
695 808 148 33 inrättas.
890 809 65 33 Det
977 812 113 39 syntes
1114 811 68 40 mig
1204 811 182 32 emellertid
1410 812 172 41 antagligt,
1608 814 50 31 att
1682 824 52 21 om
1758 813 107 33 såsom

261 850 207 32 sekreterare
491 851 54 31 vid
569 851 578 44 militieombudsmansexpeditionen
1170 855 106 32 kunde
1300 855 158 32 anställas
1475 856 61 31 den
1552 856 186 33 dåvarande
1754 858 111 31 sekre-

261 895 130 30 teraren
413 893 53 33 vid
487 894 597 44 justitieombudsmansexpeditionen,
1109 898 226 33 sekreteraren
1360 899 105 32 skulle
1488 899 110 32 kunna
1621 900 100 41 åtaga
1744 901 50 41 sig
1814 904 52 29 att

261 947 97 22 svara
381 941 83 28 även
488 938 51 32 för
562 939 411 41 registratorsgöromålen.
1012 941 69 33 Den
1106 941 252 41 ifrågavarande
1381 943 263 41 tjänstemannen
1667 944 84 32 hade
1774 948 91 29 näm-

260 980 87 41 ligen
370 981 140 41 tidigare
533 983 88 31 varit
644 983 195 41 registrator
861 984 60 32 hos
941 985 405 40 justitieombudsmannen
1371 987 60 32 och
1455 997 59 21 var
1537 987 136 32 sålunda
1697 988 168 41 förtrogen

260 1024 73 32 med
367 1025 93 32 såväl
493 1025 202 33 sekreterar-
719 1038 69 21 som
811 1028 372 41 registratorsgöromål.
1229 1030 50 31 Då
1302 1030 64 32 han
1390 1030 175 39 dessutom,
1591 1031 107 32 såsom
1722 1032 142 41 löjtnant

260 1068 9 31 i
294 1068 85 32 Svea
409 1069 343 41 artilleriregementes
784 1082 121 28 reserv,
930 1072 82 32 hade
1036 1073 123 32 militär
1183 1073 190 42 utbildning,
1399 1085 59 21 var
1481 1074 55 33 det
1557 1075 123 40 jämväl
1706 1087 37 20 ur
1759 1076 103 32 denna

257 1112 169 41 synpunkt
450 1113 169 38 önskvärt,
643 1116 52 30 att
719 1115 64 31 han
807 1115 92 33 bleve
924 1117 141 31 anställd
1089 1117 59 32 hos
1172 1117 402 33 militieombudsmannen.

389 1156 233 33 Sekreteraren
657 1158 58 32 hos
742 1159 407 40 justitieombudsmannen
1173 1161 136 32 befanns
1333 1162 92 40 villig
1449 1164 51 30 att
1523 1162 122 41 övergå
1668 1162 51 32 till
1743 1163 118 41 tjänst-

258 1199 116 41 göring
407 1200 59 31 hos
499 1201 393 33 militieombudsmannen
923 1204 72 31 med
1018 1204 191 41 skyldighet
1232 1207 51 30 att
1305 1205 183 32 tillsvidare
1512 1216 107 28 svara,
1644 1206 143 32 förutom
1811 1207 51 31 för

257 1242 386 42 sekreterargöromålen,
668 1249 83 28 även
774 1245 52 32 för
848 1246 39 32 de
911 1247 54 31 vid
993 1247 576 43 militieombudsmansexpeditionen
1596 1250 266 32 förekommande

257 1286 371 41 registratorsgöromål.
676 1288 63 32 Vid
767 1289 38 32 de
829 1289 202 34 sistnämnda
1054 1291 189 41 göromålen
1267 1292 60 31 har
1350 1292 89 41 hjälp
1462 1293 126 31 beretts
1611 1293 119 32 honom
1753 1294 108 32 såsom

256 1329 148 42 framgår
426 1341 41 21 av
491 1331 409 34 militieombudsmannens
924 1335 307 32 ämbetsberättelse
1251 1335 51 32 till
1320 1337 83 30 1916
1420 1336 54 31 års
1488 1336 145 41 riksdag.
1673 1336 61 33 Att
1750 1337 111 32 sekre-

256 1375 140 37 teraren,
426 1385 69 21 som
519 1375 182 32 emellertid
725 1376 65 32 fått
813 1388 97 21 svara
934 1378 51 31 för
1008 1378 61 32 den
1093 1379 202 40 ojämförligt
1319 1379 180 41 viktigaste
1523 1379 92 33 delen
1639 1390 41 22 av
1704 1380 157 41 registra-

255 1418 269 40 torsgöromålen,
560 1418 115 33 hunnit
710 1420 73 31 med
817 1421 47 31 sin
900 1424 118 38 anpart
1041 1422 9 31 i
1075 1422 104 38 dessa,
1209 1422 60 32 har
1303 1423 109 32 berott
1447 1423 110 42 därpå,
1583 1425 51 31 att
1657 1424 69 31 dels
1749 1425 111 32 sekre-

256 1462 149 31 terarens
440 1462 159 32 arbetstid
634 1464 185 31 utsträckts
854 1468 78 28 över
966 1465 60 32 den
1062 1466 148 32 normala
1245 1467 32 40 (6
1314 1466 144 42 timmar)
1492 1467 73 32 med
1589 1478 38 21 en
1652 1468 80 31 eller
1754 1478 104 23 annan

256 1504 114 33 timme
404 1505 41 41 på
479 1506 204 41 vardagarna
720 1507 168 41 (antingen
924 1509 69 32 före
1016 1509 174 41 middagen
1214 1510 79 32 eller
1316 1511 40 40 på
1381 1511 144 41 kvällen)
1550 1514 87 29 samt
1661 1511 73 32 med
1757 1512 103 41 några

255 1547 150 33 timmars
429 1549 112 32 arbete
565 1550 42 41 på
630 1551 363 42 söndagsmiddagarna,
1019 1553 69 32 dels
1109 1553 394 33 militieombudsmannen
1519 1557 69 30 satt
1604 1566 64 31 upp
1685 1566 39 21 en
1741 1557 118 40 mängd

254 1591 187 40 skrivelser,
477 1604 69 21 som
581 1593 82 32 både
697 1594 125 33 kunnat
857 1599 172 38 uppsättas
1062 1608 41 21 av
1134 1597 229 33 sekreteraren
1391 1598 70 37 och,
1487 1609 52 21 om
1563 1598 56 33 det
1641 1599 216 39 medhunnits,

254 1638 83 29 även
372 1636 109 33 skolat
513 1640 172 38 uppsättas
717 1649 42 21 av
783 1639 128 32 honom.
957 1640 95 32 Efter
1076 1641 180 32 eventuellt
1279 1642 204 32 anställande
1506 1653 42 21 av
1572 1653 39 21 en
1635 1642 223 33 intendentur-

254 1678 200 41 tjänsteman
477 1681 93 31 torde
594 1681 411 34 militieombudsmannens
1029 1686 76 39 eget
1129 1685 113 31 arbete
1265 1685 133 31 komma
1421 1687 51 30 att
1494 1686 82 31 ökas
1593 1686 37 31 så
1646 1686 143 40 mycket,
1807 1690 50 28 att

254 1721 64 32 han
353 1723 29 41 ej
417 1723 52 31 får
502 1723 106 40 någon
642 1724 48 32 tid
725 1729 78 27 över
837 1728 52 30 att
919 1729 156 39 uppsätta
1099 1727 123 32 sådana
1245 1728 185 38 skrivelser,
1456 1739 69 21 som
1550 1729 176 41 lämpligen
1749 1730 109 32 kunna

254 1768 174 38 uppsättas
451 1777 41 21 av
516 1767 237 33 sekreteraren.

384 1809 392 34 Militieombudsmannen
800 1812 60 31 har
882 1812 142 41 givetvis
1048 1814 73 32 icke
1145 1814 125 32 kunnat
1286 1817 177 37 garantera
1478 1815 227 32 sekreteraren
1722 1815 135 32 särskilt

251 1852 122 32 arvode
398 1853 51 32 för
472 1854 410 41 registratorsgöromålen,
918 1867 70 21 men
1020 1857 55 32 det
1100 1858 60 31 har
1183 1858 176 32 förutsatts
1384 1858 107 32 såsom
1515 1859 133 41 skäligt,
1673 1861 52 30 att
1740 1859 117 33 sådant

252 1895 130 33 komme
406 1899 51 30 att
479 1898 146 40 beviljas.
674 1899 13 31 I
711 1899 137 41 längden
873 1900 92 32 torde
989 1900 51 32 för
1063 1901 110 41 övrigt
1196 1902 73 31 icke
1292 1902 69 32 låta
1384 1902 51 40 sig
1457 1906 80 37 göra
1561 1904 51 31 att
1635 1903 109 31 såsom
1767 1905 88 39 regel

252 1939 111 33 fordra
388 1951 89 22 mera
500 1945 40 28 än
565 1943 18 30 6
608 1942 150 32 timmars
782 1943 125 41 dagligt
931 1944 113 32 arbete
1068 1956 41 20 av
1134 1945 238 33 sekreteraren.
1412 1946 72 32 Kan
1501 1946 29 41 ej
1548 1946 107 41 någon
1672 1947 184 40 ersättning

251 1983 137 33 beredas
422 1985 51 31 för
508 1985 284 39 övertidsarbetet,
828 1987 62 32 blir
924 1988 176 32 resultatet
1135 1989 70 31 helt
1235 1989 82 32 visst
1340 1991 51 30 att
1415 1989 81 32 krav
1521 1990 42 40 på
1586 1990 204 32 anställande
1814 2001 41 22 av

251 2026 196 40 registrator
470 2032 58 35 gör
552 2029 51 39 sig
627 2029 161 39 gällande.

382 2070 64 31 Det
470 2071 59 31 har
552 2074 92 37 sagts
669 2072 76 39 mig,
769 2075 51 29 att
843 2083 51 21 om
919 2084 39 20 en
983 2074 274 40 löneförbättring
1279 2075 156 31 bereddes
1451 2076 228 31 sekreteraren
1696 2075 59 32 hos
1771 2076 84 31 mili-

251 2111 331 40 tieombudsmannen,
618 2125 126 21 samma
778 2116 126 31 förmån
937 2116 105 31 skulle
1076 2117 132 31 komma
1232 2119 51 30 att
1307 2118 138 40 begäras
1469 2118 52 31 för
1543 2119 230 31 sekreteraren
1796 2119 58 32 hos

247 2155 414 40 justitieombudsmannen.
709 2158 113 32 Denna
857 2159 206 32 konsekvens
1098 2170 98 30 synes
1229 2160 68 41 mig
1324 2161 60 31 allt
1407 2164 100 29 annat
1531 2165 41 28 än
1595 2162 258 32 avskräckande.

251 2198 71 32 Kan
359 2199 52 32 vid
446 2199 194 33 inträffande
670 2201 144 41 ledighet
837 2202 360 41 registratorstjänsten
1222 2204 84 40 (med
1332 2215 38 20 en
1394 2204 155 40 avlöning
1572 2205 19 31 å
1615 2206 96 37 4,000
1735 2205 120 32 kronor

248 2244 103 38 Jämte
386 2243 56 31 två
478 2243 226 42 ålderstillägg
738 2246 19 29 å
791 2246 63 31 500
883 2246 131 40 kronor)
1040 2246 153 40 indragas
1217 2249 69 30 mot
1309 2247 55 32 det
1388 2250 50 29 att
1461 2248 227 32 sekreteraren
1717 2248 51 32 får
1791 2250 63 31 800

1888 598 117 23 Särskild
2030 607 61 21 pro-

1902 633 120 23 memoria
2042 642 31 15 av

1938 668 100 23 militie-

1930 705 117 21 ombuds-

1931 746 119 17 mannen,
