1910 2842
497 169 124 30 Första
645 168 239 37 lagutskottets
909 168 176 31 utlåtande
1110 168 49 31 Nr
1177 168 49 30 18.
1581 163 38 31 27

111 252 56 37 lig.
195 253 47 30 På
266 254 112 35 grund
404 263 42 20 av
472 253 220 30 företeelsens
718 253 175 36 vanlighet
919 254 64 29 och
1009 254 115 29 ordets
1150 253 244 37 uttrycksfulla
1420 252 198 31 beskaffen-

111 303 58 31 het
192 305 95 30 torde
309 304 367 36 brottsbenämningen
699 304 109 30 häleri
831 308 96 27 snart
949 305 142 29 komma
1113 306 50 28 att
1185 305 144 29 allmänt
1351 303 135 31 förstås.

156 353 424 36 Brottsbeskrivningarna
600 354 46 29 ha
664 353 10 29 i
695 354 190 29 allmänhet
903 353 10 30 i
932 353 260 36 propositionen
1210 354 106 38 gjorts
1337 364 94 21 mera
1449 354 169 37 ingående

109 404 49 29 än
175 403 10 30 i
204 404 158 35 gällande
380 404 64 36 lag,
465 404 103 30 vilket
587 403 110 31 måste
716 404 185 30 betecknas
922 414 72 20 som
1013 404 212 36 nödvändigt
1243 405 10 29 i
1274 414 43 21 en
1338 405 142 30 modern
1500 405 118 31 straff-

111 454 66 36 lag.
197 455 13 29 I
229 458 84 26 stort
335 457 63 27 sett
419 464 100 26 synas
541 453 107 31 också
668 454 41 30 de
727 454 196 36 föreslagna
942 455 310 36 beskrivningarna
1273 465 83 21 vara
1375 455 36 31 så
1432 456 101 30 enkla
1552 456 66 30 och

111 504 198 37 lättfattliga
330 515 74 20 som
425 507 130 28 ämnets
574 505 243 30 beskaffenhet
835 505 181 36 medgiver.
1037 506 71 30 Mot
1130 506 66 30 den
1212 506 10 29 i
1241 507 40 30 20
1300 507 80 36 kap.
1402 508 14 28 1
1437 507 17 36 8
1472 510 146 33 upptag-

112 565 45 20 na
181 556 265 36 beskrivningen
468 556 43 36 på
536 557 99 35 stöld,
664 556 187 36 »olovligen
874 559 93 33 tager
990 566 134 21 annans
1150 557 61 30 sak
1233 557 78 30 med
1336 557 125 36 uppsåt
1482 560 49 27 att
1553 557 65 30 till-

111 607 91 35 ägna
222 607 48 36 sig
292 607 98 35 den»,
413 607 70 30 kan
503 607 190 30 emellertid
714 608 197 32 anmärkas,
934 611 45 26 att
1004 608 97 30 ordet
1127 608 98 30 »sak»
1249 608 10 29 i
1281 608 67 30 den
1371 609 63 29 här
1457 608 162 30 använda

112 657 171 36 Juridiska
312 659 248 37 bemärkelsen,
591 658 215 31 omfattande
834 659 46 30 bl.
910 669 29 20 a.
969 659 202 37 penningar,
1201 660 38 29 är
1267 659 135 30 mindre
1431 659 191 35 lättfattligt

113 707 54 30 för
189 708 242 30 allmänheten.
451 707 52 31 Då
522 708 95 39 varje
637 708 145 30 föremål
803 708 56 30 för
876 718 133 20 annans
1028 709 211 36 äganderätt,
1267 710 1 29 i
1290 709 67 30 den
1375 708 81 31 mån
1475 710 55 29 det
1548 709 71 30 kan

113 760 106 34 tagas,
240 759 70 30 kan
327 768 83 21 vara
429 758 144 31 föremål
593 759 57 30 för
668 759 96 35 stöld,
784 758 146 31 föreslår
949 759 174 35 utskottet,
1143 762 50 27 att
1210 760 54 29 det
1282 759 148 30 citerade
1447 759 173 37 uttrycket

113 809 127 30 ändras
257 809 50 30 till
330 820 9 15 »
347 809 168 36 olovligen
531 813 94 32 tager
645 810 67 29 vad
728 819 116 21 annan
862 810 117 30 tillhör
994 810 79 30 med
1092 808 127 38 uppsåt
1237 813 47 27 att
1304 810 140 36 tillägna
1461 810 49 36 sig
1529 810 90 30 det».

112 859 50 30 Av
182 859 163 31 liknande
363 860 75 30 skäl
460 859 143 31 föreslår
622 860 174 35 utskottet,
819 863 49 27 att
888 861 96 29 ordet
1006 861 99 29 »sak»
1129 861 10 28 i
1158 862 19 28 6
1197 861 17 37 8
1234 870 133 21 samma
1388 861 129 36 kapitel
1535 861 83 30 änd-

112 919 56 20 ras
192 910 49 29 till
266 909 154 38 »något>.

158 960 130 31 Genom
310 962 42 29 de
370 961 9 30 i
399 961 259 36 propositionen
677 961 196 36 föreslagna
892 961 267 31 straffskalorna
1179 962 10 29 i
1209 961 157 37 förening
1387 962 79 30 med
1484 962 41 30 de
1546 962 73 29 vik-

113 1011 122 36 tigaste
258 1011 411 36 förmögenhetsbrottens
695 1012 214 36 uppdelning
933 1013 10 29 i
969 1013 91 30 olika
1085 1013 124 35 grader
1232 1012 86 31 efter
1344 1013 142 29 brottets
1512 1014 109 28 större

106 1063 86 30 eller
207 1063 134 30 mindre
358 1063 138 31 svårhet
512 1063 131 31 erhålla
658 1064 237 30 domstolarna
909 1063 188 31 vidsträckt
1109 1063 178 37 möjlighet
1300 1066 49 27 att
1362 1063 173 30 behandla
1546 1072 76 20 var-

111 1112 35 37 je
168 1114 64 30 fall
254 1114 85 30 efter
362 1115 78 29 dess
463 1117 147 33 egenart.
635 1114 74 30 Vad
721 1114 138 30 särskilt
873 1114 107 36 angår
993 1114 316 37 gradindelningen,
1325 1115 38 29 är
1377 1115 113 29 denna
1503 1116 46 27 ett
1563 1123 59 20 na-

112 1164 119 35 turligt
251 1166 136 36 uttryck
411 1166 54 29 för
486 1165 85 31 den
556 1160 15 46 i
587 1165 259 36 propositionen
860 1165 256 36 genomgående
1131 1164 279 37 förskjutningen
1433 1164 78 31 från
1532 1165 91 29 stöld

110 1216 69 29 och
198 1215 163 31 liknande
380 1217 101 34 brott,
503 1217 60 29 där
582 1217 43 29 de
639 1216 200 30 nuvarande
851 1217 306 29 bestämmelserna
1171 1216 190 30 förenklats
1375 1216 66 29 och
1454 1215 168 36 mildrats,

113 1265 51 30 till
181 1266 187 36 bedrägeri,
387 1266 234 37 förskingring
638 1268 66 29 och
720 1266 165 30 liknande
899 1267 100 35 brott,
1014 1267 62 29 där
1091 1267 117 29 alltför
1221 1266 272 37 knapphändiga
1504 1266 118 30 straff-

113 1317 215 35 stadganden
346 1318 191 29 utvecklats
556 1318 66 29 och
642 1318 177 36 allvarliga
838 1318 229 36 ingripanden
1085 1316 229 37 möjliggjorts
1334 1320 73 27 mot
1427 1317 196 30 företeelser

112 1376 44 21 av
181 1367 138 30 särskilt
342 1368 271 36 samhällsfarlig
637 1371 63 28 art.
725 1368 63 31 Vid
813 1369 89 30 stöld
927 1368 116 30 finnas
1067 1379 49 20 nu
1139 1368 162 36 utförliga
1327 1369 213 35 stadganden
1565 1377 58 21 om

113 1417 179 35 strängare
314 1417 104 30 straff
440 1418 56 30 för
518 1416 172 38 åtskilliga
712 1426 104 28 grova
842 1418 173 30 brottsfall
1041 1419 165 29 ävensom
1230 1421 45 27 ett
1299 1418 138 30 särskilt
1460 1418 161 36 bagatell-

113 1467 103 35 brott,
243 1468 150 36 snatteri,
419 1472 152 26 varemot
597 1468 59 30 vid
681 1468 178 36 bedrägeri
884 1469 67 29 och
979 1468 234 36 förskingring
1238 1468 243 30 motsvarande
1503 1468 117 36 grade-

113 1517 77 36 ring
211 1518 135 30 saknas.
368 1518 116 36 Enligt
504 1518 259 36 propositionen
783 1519 98 29 skola
901 1519 99 35 stöld,
1020 1519 179 35 bedrägeri
1220 1519 64 29 och
1305 1518 234 36 förskingring
1558 1518 63 30 bli-

114 1577 42 21 va
182 1568 210 36 väsentligen
415 1568 197 38 jämställda
634 1570 66 29 och
723 1569 129 30 indelas
875 1569 10 30 i
908 1572 51 27 tre
979 1570 130 35 grader.
1136 1569 222 30 Stöldbrottet
1382 1569 87 30 skall
1494 1569 92 30 delas
1611 1569 10 30 i

114 1618 153 36 snatteri,
290 1620 88 29 stöld
398 1620 65 29 och
484 1628 82 27 grov
586 1620 99 35 stöld,
707 1620 178 35 bedrägeri
906 1619 44 37 på
971 1629 131 21 samma
1123 1621 66 29 sätt
1210 1619 10 30 i
1240 1620 189 36 bedrägligt
1447 1620 173 35 beteende,

114 1668 178 37 bedrägeri
314 1670 65 29 och
404 1673 98 32 grovt
526 1670 178 36 bedrägeri
729 1673 88 27 samt
842 1670 234 36 förskingring
1098 1671 10 29 i
1131 1670 232 36 undandräkt,
1387 1670 235 36 förskingring

114 1720 66 29 och
201 1728 83 28 grov
302 1720 244 36 förskingring.
569 1721 65 29 Vid
655 1720 216 31 bedömande
890 1721 172 30 huruvida
1082 1731 44 20 en
1144 1721 91 30 stöld
1253 1722 38 28 är
1309 1729 81 28 grov
1411 1721 88 30 skall
1516 1720 107 36 enligt

115 1770 259 36 propositionen
393 1771 139 30 särskilt
548 1771 153 35 beaktas,
720 1781 57 20 om
795 1772 126 29 brottet
939 1771 151 30 förövats
1108 1772 144 29 medelst
1267 1771 129 30 inbrott
1416 1771 80 30 eller
1514 1773 109 28 avsett

115 1821 73 35 sak,
215 1831 75 20 som
313 1821 114 36 någon
449 1822 64 30 bar
535 1821 43 36 på
601 1822 59 35 sig,
684 1822 82 29 eller
787 1822 315 36 gärningsmannen
1124 1822 89 30 varit
1236 1821 138 30 försedd
1396 1822 80 29 med
1500 1831 121 26 vapen,

115 1872 231 35 sprängämne
369 1872 80 30 eller
469 1875 106 27 annat
595 1872 111 36 dylikt
728 1872 221 38 hjälpmedel,
971 1873 82 29 eller
1071 1882 57 20 om
1147 1872 188 36 gärningen
1355 1872 97 38 eljest
1474 1872 86 30 varit
1579 1880 44 21 av

115 1922 141 29 särskilt
281 1921 100 37 farlig
405 1926 62 31 art,
495 1925 106 27 avsett
624 1923 196 35 betydande
843 1923 105 29 värde
972 1923 79 29 eller
1075 1922 174 30 inneburit
1273 1922 215 36 synnerligen
1512 1922 109 30 känn-

115 1972 63 29 bar
201 1972 118 30 skada.
343 1972 172 30 Utskottet
539 1973 56 29 vill
620 1973 239 35 understryka,
883 1976 50 26 att
957 1973 67 29 vad
1045 1972 146 30 sålunda
1213 1972 144 36 angivits
1379 1972 121 30 endast
1523 1973 101 35 utgör

114 2023 158 34 exempel
292 2026 86 27 samt
398 2026 49 26 att
466 2024 86 29 även
573 2023 109 30 andra
702 2023 56 29 för
775 2023 218 30 närvarande
1011 2024 177 34 strängare
1206 2022 211 30 bestraffade
1437 2022 70 35 fall,
1528 2025 20 27 t.
1571 2032 51 20 ex.

116 2082 57 19 om
194 2072 114 36 någon
331 2073 78 38 stjäl
431 2073 140 30 kreatur
591 2083 74 20 som
688 2073 61 35 går
770 2074 7 29 i
799 2073 74 30 bete
894 2076 57 27 ute
972 2072 20 31 å
1013 2073 109 35 mark,
1144 2074 83 29 böra
1251 2073 150 30 beaktas.
1423 2073 74 30 Vad
1517 2072 106 35 angår

115 2123 179 34 bedrägeri
316 2124 63 29 och
402 2123 233 36 förskingring
657 2124 97 29 torde
776 2124 252 29 domstolarnas
1049 2124 203 29 nuvarande
1275 2133 87 20 vana
1384 2126 49 27 alt
1455 2123 56 29 vid
1534 2123 89 29 stöld

117 2173 143 35 utskilja
281 2174 88 29 vissa
393 2174 60 30 fall
476 2174 50 30 till
547 2175 177 34 strängare
746 2174 210 35 behandling
980 2175 193 29 underlätta
1196 2174 55 29 för
1273 2174 75 29 dem
1370 2176 49 27 att
1440 2173 182 30 framdeles

117 2224 184 30 verkställa
318 2234 42 20 en
381 2225 165 29 liknande
564 2224 183 35 gradering
766 2225 84 29 även
871 2224 57 30 vid
948 2224 175 35 bedrägeri
1143 2225 65 28 och
1232 2224 242 34 förskingring.

164 2276 12 28 I
197 2276 259 35 propositionen
479 2277 44 29 ha
544 2276 30 36 ej
595 2276 86 30 blott
703 2277 43 29 de
766 2275 230 36 allvarligaste
1018 2275 393 35 förmögenhetsbrotten
1434 2277 84 26 utan
1538 2275 87 28 även

120 2326 91 29 brott
239 2336 43 19 av
310 2326 185 35 lindrigare
522 2328 70 33 slag
619 2326 248 29 sammanförts
897 2326 49 29 till
976 2327 108 29 större
1110 2325 261 35 brottsbegrepp
1401 2325 79 29 med
1509 2323 116 30 vidare

119 2375 231 30 straffskalor.
374 2376 122 29 Denna
519 2377 112 28 metod
655 2376 162 35 erbjuder
838 2376 198 34 visserligen
1059 2376 8 29 i
1091 2376 86 29 flera
1200 2375 221 29 hänseenden
1443 2375 181 29 beaktans-

120 2426 107 29 värda
250 2426 159 35 fördelar,
433 2436 80 19 men
537 2436 39 19 ur
599 2427 108 29 andra
731 2426 215 35 synpunkter
970 2426 69 29 kan
1061 2428 44 27 ett
1127 2425 119 30 alltför
1267 2424 214 30 omfattande
1503 2424 121 29 brotts-

120 2476 150 35 begrepp
296 2477 106 29 väcka
427 2476 282 35 betänkligheter.
738 2476 11 29 I
776 2477 88 29 detta
891 2476 168 29 avseende
1084 2476 64 29 har
1171 2476 163 29 utskottet
1360 2475 264 35 uppmärksam-
