1902 2832
301 156 16 28 2
701 161 120 29 Första
841 161 237 36 lagutskottets
1099 161 174 30 utlåtande
1292 161 50 29 Nr
1369 163 49 28 1S8.

351 243 51 40 15)
433 245 53 36 lag
507 243 180 38 angående
708 245 134 30 ändrad
863 245 128 36 lydelse
1013 254 42 21 av
1079 246 99 34 lagen
1201 245 67 31 den
1293 245 39 30 15
1355 245 76 36 juni
1457 245 83 30 1934
1570 244 54 39 (nr
1647 245 73 39 305)
1752 254 58 21 om

302 294 259 38 handläggning
579 294 97 31 inom
695 295 145 35 stängda
860 296 121 29 dörrar
998 305 42 21 av
1060 294 71 31 mål
1151 305 56 20 om
1226 296 230 36 utpressning,

351 344 51 40 16)
432 346 55 36 lag
503 344 179 37 angående
700 346 132 30 ändrad
849 346 129 37 lydelse
994 355 42 21 av
1054 347 42 29 29
1115 347 64 29 och
1198 347 37 29 31
1257 346 41 37 8$
1316 347 101 35 lagen
1433 347 66 29 den
1517 346 19 30 3
1554 345 77 37 juni
1651 346 83 30 1938
1757 345 54 39 (nr

302 395 77 39 274)
408 405 56 21 om
483 397 67 29 rätt
573 396 51 30 till
644 396 84 37 jakt,
751 400 90 27 samt

352 446 50 39 17)
433 447 55 36 lag
511 446 179 36 angående
714 448 134 30 ändrad
871 448 127 36 lydelse
1020 458 42 20 av
1090 449 50 32 10,
1167 449 37 28 12
1230 448 65 30 och
1323 448 39 29 13
1387 447 40 37 $$
1452 448 98 36 lagen
1575 448 68 30 den
1670 448 36 29 17
1733 446 76 38 juni

305 497 86 30 1938
416 496 52 39 (nr
486 496 74 40 318)
588 507 58 20 om
666 498 214 36 avbrytande
899 508 41 21 av
960 499 258 36 havandeskap.

350 548 14 29 I
389 548 168 30 samband
582 549 80 29 med
686 549 259 35 propositionen
969 550 64 29 har
1055 549 166 30 utskottet
1244 549 50 30 till
1320 548 210 36 behandling
1556 548 153 30 förehaft
1734 548 40 30 de
1799 548 11 29 i

304 599 187 36 anledning
518 609 42 20 av
587 600 202 29 densamma
816 599 96 30 inom
940 599 185 36 riksdagen
1153 600 123 29 väckta
1303 599 217 30 motionerna
1548 599 25 29 I:
1594 600 38 28 16
1662 608 41 21 av
1731 600 80 28 herr

306 649 122 30 Undén
450 658 44 20 m.
517 648 36 38 fl.
577 653 91 27 samt
690 649 41 30 II:
748 651 41 29 36
813 659 44 20 av
879 651 118 29 herrar
1021 648 124 31 Olsson
1167 650 11 30 i
1199 649 168 31 Mellerud
1390 650 64 29 och
1477 648 163 31 Hedlund
1664 649 9 29 i
1697 644 112 35 Öster-

304 700 101 30 sund.
433 700 14 30 I
470 701 227 35 motionerna,
724 701 92 30 vilka
842 701 61 29 äro
928 701 232 36 likalydande,
1187 701 208 35 hemställes,
1423 703 47 27 att
1496 700 10 29 i
1534 701 56 29 det
1615 700 196 35 framlagda

304 751 164 36 förslaget
485 751 50 30 till
555 752 188 35 ändringar
758 751 10 29 i
786 751 203 36 strafflagen
1007 751 107 30 måtte
1132 751 171 36 företagas
1323 751 131 30 sådana
1471 750 189 36 ändringar
1678 753 47 27 att
1744 750 66 29 den

304 802 275 30 hittillsvarande
602 803 145 35 gränsen
769 802 130 30 mellan
920 802 256 36 tjuvnadsbrott
1201 802 64 30 och
1290 801 151 30 åverkan
1463 801 10 29 i
1495 801 135 36 princip
1655 800 154 36 upprätt-

305 853 119 31 hålles.

351 905 13 29 I
386 903 97 37 fråga
503 914 57 20 om
581 905 42 29 de
647 904 83 35 skäl,
753 913 74 20 som
850 904 89 35 ligga
959 903 49 30 till
1028 904 113 35 grund
1163 903 54 30 för
1240 903 41 30 de
1303 903 9 29 i
1334 902 259 36 propositionen
1616 901 194 36 framlagda

304 955 239 36 lagförslagen,
567 955 58 30 får
646 955 173 34 utskottet,
852 954 2 30 i
879 955 64 29 den
966 953 81 31 mån
1073 953 213 37 redogörelse
1309 953 121 29 därför
1452 952 30 36 ej
1506 953 136 29 lämnas
1666 953 64 29 här
1752 961 56 20 ne-

305 1005 80 35 dan,
405 1005 143 30 hänvisa
567 1005 52 30 till
637 1005 268 37 propositionen.
937 1005 67 30 För
1021 1004 247 36 motiveringen
1290 1004 51 30 till
1363 1003 273 30 motionärernas
1655 1002 155 37 yrkande

304 1056 181 36 redogöres
506 1057 125 30 nedan.

351 1155 121 36 Kungl.
491 1155 102 36 Maj:t
611 1155 253 37 bemyndigade
883 1156 65 29 den
970 1156 38 30 18
1026 1154 77 37 juni
1124 1156 80 29 1937
1224 1154 125 30 chefen
1368 1155 54 30 för
1439 1153 370 37 justitiedepartemen-

303 1209 47 27 tet
374 1209 49 27 att
445 1206 145 30 tillkalla
614 1206 218 36 sakkunniga
856 1206 56 30 för
935 1209 47 27 att
1002 1205 97 30 inom
1122 1206 271 36 departementet
1417 1204 186 30 verkställa
1626 1202 184 37 utredning

304 1257 148 30 rörande
472 1266 41 20 en
533 1257 227 36 reformering
779 1266 42 20 av
842 1256 259 37 lagstiftningen
1124 1265 56 21 om
1200 1255 407 36 förmögenhetsbrotten.
1649 1253 49 31 De
1718 1253 11 30 i
1750 1262 59 22 an-

303 1307 140 36 ledning
467 1308 108 29 härav
602 1308 144 29 utsedda
771 1307 228 36 sakkunniga,
1028 1305 411 37 straffrättskommittén,
1466 1315 73 21 som
1564 1304 177 36 utgjordes
1767 1313 43 21 av

302 1358 219 36 presidenten
544 1357 38 31 B.
607 1357 165 36 Ekeberg,
797 1358 220 35 ordförande,
1042 1356 199 37 professorn
1268 1356 35 30 F.
1329 1354 139 37 Wetter,
1492 1354 256 31 hovrättsrådet
1770 1354 38 30 E.

304 1408 190 37 Bergendal
520 1409 66 30 och
612 1408 212 36 byråchefen
852 1408 57 30 för
935 1407 208 36 lagärenden
1172 1407 23 30 I.
1225 1407 125 35 Strahl,
1379 1406 79 30 med
1484 1405 257 31 hovrättsrådet
1768 1405 40 30 N.

303 1459 176 31 Beckman
502 1459 116 30 såsom
642 1459 219 35 sekreterare,
885 1458 128 36 avgåvo
1035 1458 67 30 den
1127 1458 39 30 29
1189 1456 75 38 juni
1291 1457 83 30 1940
1396 1457 220 30 betänkande
1638 1457 79 29 med
1740 1455 69 31 för-

303 1511 75 35 slag
397 1510 49 30 till
467 1509 215 37 lagstiftning
701 1519 55 20 om
777 1509 352 36 förmögenhetsbrott
1152 1504 141 39 (statens
1314 1507 135 32 offentl.
1468 1507 136 30 utredn.
1628 1507 94 29 1940:
1739 1503 69 40 20).

303 1560 51 31 På
373 1561 110 36 grund
504 1570 42 20 av
567 1561 123 35 Kungl.
713 1559 119 37 Maj:ts
852 1560 112 30 beslut
982 1560 65 29 den
1068 1560 19 29 6
1107 1559 143 30 oktober
1273 1559 84 29 1938
1378 1558 206 30 verkställde
1605 1557 204 31 straffrätts-

303 1611 205 30 kommittén
540 1611 133 36 jämväl
703 1610 185 36 utredning
918 1609 176 37 angående
1124 1609 147 36 ändring
1303 1618 44 21 av
1378 1608 204 37 strafflagen
1614 1608 57 30 för
1701 1607 107 37 krigs-

303 1663 143 29 makten
464 1662 10 29 i
492 1663 66 29 vad
577 1663 67 29 den
662 1662 101 30 berör
781 1660 406 36 förmögenhetsbrotten.
1222 1659 225 30 Betänkande
1465 1659 79 30 med
1562 1659 131 36 förslag
1709 1658 11 30 i
1738 1658 71 30 äm-

303 1715 58 28 net
381 1713 222 30 avlämnades
624 1713 66 29 den
710 1712 40 30 30
770 1712 194 35 september
983 1711 82 30 1940
1091 1707 140 40 (statens
1251 1710 136 30 offentl.
1407 1710 134 30 utredn.
1567 1710 95 29 1940:
1678 1705 69 40 25).

349 1763 207 30 Utlåtanden
580 1764 83 28 över
685 1762 244 30 förstnämnda
951 1761 130 36 förslag
1105 1762 46 30 ha
1174 1761 86 30 efter
1283 1760 121 31 remiss
1430 1759 143 38 avgivits
1598 1769 43 21 av
1665 1759 143 37 justitie-

302 1814 320 34 kanslersämbetet,
646 1813 104 30 rikets
774 1813 185 35 hovrätter,
983 1811 357 37 fångvårdsstyrelsen
1368 1808 23 40 (i
1414 1810 98 37 fråga
1534 1820 58 21 om
1616 1811 191 36 föreslagen

302 1865 148 35 ändring
473 1865 9 29 i
508 1864 99 36 lagen
631 1873 57 20 om
711 1860 272 40 straffregister),
1007 1861 426 36 överståthållarämbetet,
1459 1871 75 21 som
1559 1861 131 36 jämväl
1714 1862 94 29 över-

303 1916 133 29 lämnat
458 1915 186 36 yttranden
667 1924 42 20 av
731 1914 293 36 polisdomstolen,
1047 1916 22 27 t.
1094 1913 24 30 f.
1143 1913 105 30 förste
1271 1912 246 30 stadsfiskalen
1541 1913 66 29 och
1631 1911 177 30 kriminal-

303 1965 313 36 polisintendenten
638 1965 10 29 i
673 1964 211 36 Stockholm,
910 1964 292 35 länsstyrelserna,
1226 1972 42 21 av
1292 1962 94 30 vilka
1409 1963 244 35 länsstyrelsen
1675 1962 11 30 i
1712 1962 96 30 Göte-

302 2016 103 35 borgs
429 2016 64 30 och
516 2015 118 31 Bohus
657 2016 57 29 län
734 2015 134 36 bifogat
890 2014 158 36 yttrande
1073 2023 43 21 av
1139 2013 293 37 poliskammaren
1455 2013 10 29 i
1489 2012 180 36 Göteborg,
1694 2012 113 30 lands-

303 2066 181 36 fogdarna,
513 2065 287 31 rådhusrätterna
829 2065 10 30 i
870 2065 209 35 Stockholm,
1111 2064 178 36 Göteborg,
1321 2063 129 31 Malmö
1479 2064 66 30 och
1575 2063 232 34 Ulricehamn,

302 2116 203 36 föreningen
530 2116 154 36 Sveriges
707 2115 331 36 häradshövdingar,
1062 2114 202 37 föreningen
1290 2114 152 36 Sveriges
1465 2114 248 35 stadsdomare,
1739 2114 68 30 för-

302 2167 147 36 eningen
470 2167 152 35 Sveriges
641 2166 249 35 stadsfiskaler,
913 2166 149 35 Sveriges
1083 2165 329 35 advokatsamfund,
1433 2164 203 36 föreningen
1657 2164 150 30 auktori-

303 2218 121 29 serade
442 2217 176 35 revisorer,
638 2217 145 30 svenska
798 2216 310 36 bankföreningen,
1130 2216 218 30 Stockholms
1367 2216 336 34 handelskammare,
1723 2215 84 30 han-

302 2268 280 30 delskammaren
599 2267 11 30 i
629 2267 176 35 Göteborg,
825 2266 129 31 Skånes
970 2266 328 30 handelskammare
1314 2269 90 27 samt
1421 2266 147 30 svenska
1584 2264 223 31 kriminalist-

304 2318 211 35 föreningen.

348 2363 90 35 Över
461 2368 235 30 betänkandet
721 2368 148 29 rörande
893 2367 204 36 strafflagen
1121 2366 55 31 för
1198 2366 238 37 krigsmakten
1461 2367 45 30 ha
1530 2366 204 31 utlåtanden
1757 2366 50 30 in-

301 2419 153 30 hämtats
480 2418 78 31 från
587 2418 288 37 krigshovrätten,
902 2417 121 31 chefen
1051 2417 56 30 för
1133 2417 276 31 försvarsstaben
1436 2420 88 27 samt
1549 2416 257 37 fångvårdssty-

302 2470 112 30 relsen
437 2466 234 39 (beträffande
690 2469 97 36 lagen
806 2478 58 20 om
885 2464 272 40 straffregister).
