1896 2840
493 165 123 31 Första
634 165 239 37 lagutskottets
894 166 176 30 utlåtande
1088 166 50 30 Nr
1157 168 50 29 18.
1567 163 41 30 35

230 248 142 36 (Kungl.
395 248 120 37 Maj:ts
534 248 163 38 förslag:)
1036 249 209 37 (Utskottets
1265 250 163 38 förslag:)

769 335 36 29 11
835 334 96 31 KAP.

776 419 39 30 13
844 428 21 21 a
894 419 29 36 8.

140 476 75 30 Den
237 486 84 26 som,
342 476 52 37 sig
414 477 84 30 eller
519 486 116 21 annan
659 477 50 30 till
730 480 97 34 nytta
850 478 83 30 eller
953 481 49 27 att
1023 478 144 30 därmed
1190 478 109 31 skada
1321 479 93 36 göra,
1437 478 169 37 olovligen

93 526 120 37 bryter
235 527 82 30 eller
340 528 138 35 öppnar
501 537 134 21 annans
660 527 193 37 förseglade
878 528 83 30 brev
986 528 82 30 eller
1090 528 169 37 handling
1282 529 83 30 eller
1389 531 116 34 annat,
1531 538 74 21 som

94 577 133 30 honom
246 578 127 30 enskilt
394 577 108 37 angår
522 579 64 29 och
606 579 80 29 med
706 578 188 37 försegling
915 579 82 30 eller
1016 578 45 37 på
1082 582 107 27 annat
1211 580 65 29 sätt
1296 579 156 30 tillslutet
1472 579 52 36 är;
1547 580 58 30 dö-

95 637 74 21 mes
192 628 50 30 till
265 627 155 37 fängelse
442 629 10 29 i
475 629 99 35 högst
595 638 59 20 sex
676 628 168 31 månader
866 629 83 30 eller
971 628 222 31 straffarbete
1215 629 10 30 i
1248 630 100 35 högst
1370 628 59 32 två
1440 624 58 60 år.
1523 628 85 32 Sker

96 678 57 30 det
176 677 98 37 eljest
298 679 81 30 med
404 678 84 36 vilja
512 681 84 28 utan
621 682 60 27 ont
706 678 140 37 uppsåt;
873 689 82 20 vare
978 679 138 30 straffet
1141 679 107 31 böter.

140 728 111 37 Tager
268 728 114 37 någon
401 729 170 36 olovligen
590 728 81 31 från
687 732 122 33 posten
827 732 38 27 ut
884 738 135 22 annans
1037 729 84 30 brev
1139 730 65 29 och
1223 729 56 31 det
1297 729 219 37 uppsåtligen
1536 729 69 31 för-

95 780 73 29 stör
192 779 81 30 eller
294 778 246 37 undanhåller;
567 779 142 30 straffes
734 780 64 30 ock
824 779 116 31 såsom
964 780 11 30 i
1000 779 111 31 första
1137 779 132 37 stycket
1293 780 87 36 sägs.

141 830 107 35 Brott,
274 839 75 21 som
374 829 11 30 i
411 829 114 31 denna
549 829 167 37 paragraf
740 839 107 26 avses,
873 829 60 31 må
956 829 32 37 ej
1013 829 111 31 åtalas
1149 839 43 21 av
1217 839 116 21 annan
1359 831 45 30 än
1429 830 76 36 den,
1531 839 75 22 som

98 880 117 30 brevet
239 880 122 30 avsänt
384 879 83 30 eller
486 879 52 31 till
561 879 116 31 vilken
702 879 56 31 det
780 879 129 31 skrivet
931 881 48 35 är,
1001 880 82 30 eller
1107 888 44 21 av
1175 880 76 35 den,
1274 889 76 21 som
1374 880 89 36 äger,
1487 880 10 30 i
1518 878 86 32 vård

96 930 109 31 haver
229 931 81 30 eller
333 933 174 34 emottaga
532 931 112 29 skulle
669 931 65 35 det,
760 940 75 20 som
858 930 101 36 eljest
983 930 114 30 brutet
1121 930 84 30 eller
1230 931 132 35 öppnat
1386 930 105 30 blivit.

793 1082 39 29 12
859 1080 98 32 KAP.

814 1165 15 30 1
855 1165 30 37 8.

141 1224 75 30 Den
240 1233 74 21 som
338 1243 45 3 —
406 1243 45 3 —
472 1241 45 4 —
540 1223 168 31 månader
731 1224 187 30 nedsättas.

141 1274 133 31 Försök
300 1274 50 30 till
375 1274 104 36 brott,
505 1283 74 22 som
605 1283 49 21 nu
680 1277 75 33 sagt
779 1275 47 35 är,
855 1273 142 31 straffes
1023 1273 88 31 efter
1136 1276 36 34 ty
1198 1273 11 30 i
1234 1273 20 31 3
1279 1274 80 36 kap.
1389 1274 147 36 stadgas.

785 1374 20 31 3
835 1384 20 21 a
886 1374 30 37 8.

140 1433 110 37 Begår
270 1433 116 37 någon
408 1433 11 30 i
442 1433 98 36 fråga
562 1443 58 20 om
642 1433 176 36 handling,
843 1442 76 21 som
941 1433 159 30 utfärdas
1124 1442 43 21 av
1190 1432 159 39 offentlig
1370 1432 204 37 myndighet
1595 1432 11 30 i

97 1483 221 31 främmande
342 1485 77 33 stat,
444 1483 91 30 brott
561 1492 75 21 som
662 1483 10 30 i
700 1484 27 34 1,
755 1484 18 29 2
799 1483 82 30 eller
906 1483 20 30 3
956 1483 18 37 8
1001 1482 234 35 omförmäles,
1262 1482 118 30 dömes
1409 1482 50 30 till
1482 1481 119 62 iran

97 1534 117 30 arbete
235 1535 10 29 i
265 1534 100 35 högst
386 1533 80 36 fyra
488 1532 38 31 år
546 1533 82 30 eller
652 1533 152 36 fängelse
827 1533 10 30 i
859 1533 102 36 högst
983 1542 58 37 Sex
1063 1531 176 31 månader.

809 1634 19 28 4
852 1633 29 37 8.

138 1693 86 36 Den,
249 1702 75 21 som
348 1693 204 36 falskeligen
577 1692 11 30 i
613 1701 127 26 annan,
765 1692 132 36 verklig
920 1692 83 29 eller
1027 1691 122 30 diktad
1172 1700 143 27 persons
1341 1700 108 21 namn
1473 1690 133 31 skriver

95 1743 184 36 köpebrev,
314 1744 213 34 testamente,
565 1742 174 35 kontrakt,
775 1742 217 36 skuldebrev,
1029 1741 108 36 växel,
1163 1740 180 37 invisning,
1368 1740 126 30 kredit-
1520 1740 83 30 eller

95 1793 203 36 kvittobrev,
321 1793 218 30 handelsbok
560 1793 82 29 eller
666 1801 117 21 annan
804 1792 138 30 enskild
965 1791 178 36 handling,
1168 1800 74 21 som
1264 1790 50 30 till
1336 1790 95 30 bevis
1453 1800 57 20 om
1533 1791 67 29 rät-

94 1844 108 36 tighet
226 1845 81 29 eller
328 1843 161 31 befrielse
510 1842 78 31 från
611 1843 210 30 förbindelse
846 1841 126 37 tjänar,
997 1842 82 29 eller
1100 1840 104 38 riktig
1229 1840 107 31 sådan
1359 1840 168 37 handling
1549 1847 52 29 ge-

94 1904 84 22 nom
194 1895 125 36 tillägg,
337 1893 183 37 utplåning
535 1894 81 29 eller
633 1893 203 30 annorledes
856 1892 203 35 förfalskar;
1077 1891 84 30 eller
1178 1890 20 31 å
1216 1890 91 30 falsk
1327 1890 102 30 skrift
1448 1890 154 30 tillsätter

94 1945 82 29 eller
205 1944 192 30 förskaffar
426 1944 49 37 sig
504 1942 224 35 underskrift,
759 1942 142 29 varmed
931 1942 84 29 sken
1047 1950 42 20 av
1119 1940 157 36 gällande
1306 1939 168 37 handling
1502 1937 98 32 däråt

94 1995 155 35 beredes;
276 1994 115 35 varde,
422 1994 62 29 där
510 1994 69 29 han
608 1992 66 30 den
703 1992 177 35 handling,
909 1991 49 38 sig
983 1991 82 29 eller
1092 1999 117 21 annan
1239 1990 50 29 till
1315 1992 98 34 nytta
1442 1990 81 29 eller
1551 1991 49 27 att

95 2046 144 30 därmed
267 2045 108 30 skada
400 2045 93 36 göra,
519 2044 184 35 begagnar,
729 2042 105 30 dömd
857 2042 52 29 till
938 2040 221 31 straffarbete
1184 2040 10 29 i
1217 2040 100 36 högst
1342 2039 78 37 fyra
1444 2038 40 31 år
1507 2039 92 35 eller,

95 2097 64 29 där
185 2095 340 36 omständigheterna
553 2094 59 29 äro
641 2092 217 37 synnerligen
885 2091 204 35 mildrande,
1117 2090 51 30 till
1197 2090 151 36 fängelse
1378 2089 9 29 i
1415 2089 100 37 högst
1543 2097 57 21 sex

96 2145 176 31 månader.

812 2201 18 29 5
853 2200 29 36 8.

139 2265 74 29 Har
237 2274 90 24 man,
353 2262 45 36 på
422 2263 66 28 sätt
512 2262 8 28 i
545 2261 19 29 4
590 2261 18 35 8
633 2261 87 34 sägs,
745 2258 119 30 skrivit
889 2258 83 29 eller
995 2257 186 29 förfalskat
1204 2257 64 29 och
1292 2256 170 35 begagnat
1487 2264 115 21 annan

94 2315 135 29 enskild
257 2313 167 34 handling
454 2313 44 28 än
526 2312 41 28 de
595 2311 64 28 där
688 2309 162 33 nämnda,
880 2307 114 30 såsom
1024 2306 227 35 arbetsbetyg,
1280 2305 95 35 intyg
1404 2314 56 20 om
1489 2304 114 36 fattig-

94 2365 93 34 dom,
219 2363 163 36 sjukdom
413 2362 83 29 eller
526 2363 106 27 annat
662 2359 122 35 dylikt;
815 2358 122 29 dömes
968 2356 49 30 till
1048 2355 222 30 straffarbete
1299 2355 83 29 eller
1412 2354 152 36 fängelse
1593 2354 10 29 i

93 2416 101 33 högst
218 2423 57 20 sex
298 2412 177 30 månader.
500 2410 68 29 Var
589 2408 211 35 handlingen
824 2407 138 29 skriven
986 2406 9 29 i
1021 2405 121 30 diktad
1166 2414 141 26 persons
1332 2413 117 25 namn,
1473 2402 56 31 må
1553 2403 48 30 till

93 2466 99 28 böter
219 2464 129 29 dömas.
