1872 2784
364 182 124 29 Första
514 178 245 41 lagutskottets
787 176 179 31 utlåtande
992 185 43 20 nr
1060 175 41 29 33
1128 174 38 30 år
1194 173 82 30 1961
1550 170 18 31 7

87 288 436 32 barnavårdsnämnderna
546 294 121 32 genom
691 285 66 30 den
781 293 69 28 nya
871 281 319 39 barnavårdslagen
1214 278 198 31 tillerkänts
1436 277 10 30 i
1471 276 98 39 fråga

87 344 57 21 om
171 335 69 29 rätt
267 334 52 30 till
345 330 353 40 omhändertagande.

130 440 219 40 Föreningen
372 438 158 40 Sveriges
554 435 325 40 häradshövdingar
903 443 102 22 anser
1030 435 51 29 att
1105 431 275 31 statsmakterna
1406 429 10 29 i
1441 428 129 30 barna-

89 495 204 39 vårdslagen
312 493 64 30 och
396 492 167 40 förslaget
581 491 52 30 till
651 489 197 32 brottsbalk
868 489 68 29 kan
955 489 100 38 sägas
1072 487 45 29 ha
1137 485 125 39 intagit
1280 493 43 20 en
1343 476 228 49 ståndpunkt,

89 559 73 21 som
182 549 157 34 innebär,
359 549 51 29 att
429 547 66 30 den
515 544 266 40 ifrågavarande
801 541 278 41 begränsningen
1100 540 10 29 i
1130 539 86 30 sista
1236 537 136 38 stycket
1391 545 41 21 av
1454 534 39 30 14
1513 544 20 20 a
1555 533 14 34 8

90 604 75 30 icke
190 604 39 29 är
254 601 203 31 motiverad.
484 598 162 31 Härefter
667 599 113 36 yttrar
807 595 221 39 föreningen:

135 690 136 40 Frågan
292 690 106 39 gäller
417 688 121 31 därför
556 687 168 33 närmast,
742 685 175 30 huruvida
936 684 57 29 det
1011 682 77 30 med
1108 680 106 31 tanke
1233 679 44 37 på
1296 679 65 29 den
1381 678 87 29 nära
1487 675 89 30 före-

92 735 141 30 stående
249 732 419 41 riksdagsbehandlingen
684 740 42 20 av
740 728 385 38 brottsbalksförslaget
1141 725 116 30 finnes
1274 722 209 38 tillräckliga
1499 720 75 30 skäl

92 782 51 28 att
161 789 48 20 nu
232 779 90 37 ånyo
344 778 139 39 vidtaga
506 786 42 21 en
571 776 147 39 ändring
740 775 11 29 i
774 774 159 40 gällande
957 773 55 38 lag
1035 780 55 21 om
1112 769 177 39 villkorlig
1312 768 90 29 dom.
1426 766 65 30 Det
1513 765 63 30 bör

91 823 120 31 därvid
233 823 156 34 beaktas,
412 823 51 29 att
485 822 85 29 även
593 830 56 20 om
671 819 241 30 brottsbalken
936 818 142 37 antages
1099 824 43 21 av
1167 814 83 30 1962
1275 813 55 29 års
1355 811 141 39 riksdag
1518 810 58 29 det

96 870 68 29 kan
184 869 103 37 dröja
306 868 201 38 ytterligare
528 866 108 39 några
657 865 37 29 år
715 864 110 30 innan
847 864 65 29 den
934 862 70 29 kan
1026 861 99 29 träda
1147 860 10 29 i
1178 858 105 30 kraft.
1306 857 120 30 Svaret
1446 855 44 36 på
1512 855 66 29 den

92 914 125 30 ställda
236 913 124 39 frågan
379 921 102 28 synes
498 911 86 30 böra
600 910 48 29 bli
664 908 173 31 beroende
855 916 41 21 av
914 907 92 29 huru
1025 905 113 30 starkt
1155 904 148 29 behovet
1320 902 108 29 härav
1446 900 11 29 i
1474 899 102 37 prak-

94 959 94 29 tiken
205 958 91 29 visat
314 957 51 39 sig
380 965 93 21 vara.
491 955 65 31 Det
573 953 175 39 tillfälliga
764 950 370 39 omhändertagandet,
1153 957 75 21 som
1246 945 205 32 tillkommit
1467 944 110 30 under

93 1002 211 39 hänvisning
326 1000 52 31 till
404 999 238 31 erfarenheter
667 997 80 30 från
775 996 201 31 Stockholm
1004 994 63 29 och
1095 993 181 38 Göteborg,
1303 991 97 29 torde
1427 990 11 29 i
1466 989 111 29 första

93 1047 92 29 hand
203 1056 85 20 vara
306 1047 111 29 avsett
434 1044 56 30 för
508 1041 430 32 storstadsförhållanden.
957 1038 217 39 Föreningen
1193 1037 65 29 har
1276 1035 76 30 icke
1370 1035 110 29 heller
1497 1033 80 30 från

94 1092 287 29 häradsrätterna
419 1089 114 39 någon
570 1086 194 31 nämnvärd
792 1084 201 31 erfarenhet
1020 1092 41 21 av
1088 1080 230 41 paragrafens
1345 1078 232 39 tillämpning.

96 1136 123 29 Därest
240 1135 58 30 det
318 1133 191 31 emellertid
531 1131 263 34 framkommer,
817 1132 51 28 att
885 1128 268 30 bestämmelsen
1175 1126 10 29 i
1207 1124 187 38 praktiken
1416 1123 90 30 visat
1528 1123 51 38 sig

97 1180 85 38 fylla
202 1181 50 28 ett
272 1179 122 32 behov,
415 1178 66 29 har
503 1176 204 39 föreningen
729 1174 76 30 icke
828 1173 106 40 något
955 1174 51 28 att
1028 1172 115 29 erinra
1167 1172 73 29 mot
1263 1170 51 30 att
1336 1168 85 31 sista
1446 1167 135 38 stycket

97 1225 10 29 i
128 1224 40 30 14
187 1233 19 21 a
227 1223 16 38 8
266 1224 99 38 lagen
384 1231 55 21 om
458 1221 176 39 villkorlig
653 1220 80 29 dom
753 1228 49 21 nu
822 1218 189 37 upphäves.

138 1328 387 41 Riksåklagarämbetet
546 1328 65 29 och
630 1326 224 31 Stockholms
875 1324 203 31 rådhusrätt
1100 1323 157 29 ansluter
1278 1321 52 39 sig
1351 1320 53 30 till
1425 1318 156 37 uppfatt-

96 1387 127 38 ningen
240 1386 52 29 att
308 1384 57 31 det
381 1382 75 30 icke
473 1391 103 28 synes
592 1380 156 37 påkallat
764 1381 52 28 att
831 1377 174 31 bibehålla
1021 1375 279 41 begränsningen
1317 1374 11 29 i
1345 1373 84 30 sista
1447 1371 135 38 stycket

96 1449 41 21 av
157 1439 38 30 14
214 1448 19 20 a
253 1438 28 37 $.
300 1437 94 30 Båda
413 1435 348 31 remissinstanserna
780 1441 103 21 anser
900 1430 191 31 emellertid
1111 1431 51 28 att
1180 1428 149 38 ändring
1347 1428 10 29 i
1376 1427 93 29 detta
1486 1434 95 21 avse-

97 1493 85 30 ende
207 1493 87 28 utan
320 1489 183 40 olägenhet
529 1488 69 30 kan
625 1487 100 30 anstå
751 1486 53 30 till
831 1486 78 29 dess
936 1486 51 28 att
1013 1482 246 30 motsvarande
1285 1479 263 31 bestämmelser
1571 1477 11 29 i

98 1546 167 39 förslaget
289 1544 51 30 till
365 1542 197 31 brottsbalk
587 1541 88 29 skall
699 1539 204 30 behandlas.
928 1537 261 30 Rådhusrätten
1215 1534 103 30 anför
1343 1532 124 31 härvid
1492 1531 89 30 bl.a.

99 1601 50 29 att
178 1597 246 32 erfarenheten
453 1595 101 35 visat,
586 1596 50 28 att
661 1594 148 29 behovet
839 1602 41 20 av
911 1590 169 40 tillfälligt
1111 1586 344 40 omhändertagande
1487 1585 95 29 inom

99 1661 156 32 gruppen
287 1650 192 39 villkorligt
511 1649 127 29 dömda
669 1648 111 29 under
813 1646 144 30 aderton
991 1644 38 30 år
1061 1644 37 29 är
1133 1641 221 39 synnerligen
1387 1639 195 40 begränsat.

100 1707 260 30 Rådhusrätten
375 1704 165 30 hänvisar
556 1703 10 29 i
582 1703 94 29 detta
690 1700 199 30 hänseende
904 1699 52 30 till
972 1700 49 28 ett
1036 1696 181 31 uttalande
1233 1704 42 21 av
1291 1695 132 29 statens
1439 1692 145 37 skydds-

102 1761 187 29 konsulent
306 1759 11 29 i
335 1757 201 31 Stockholm
555 1756 54 29 för
626 1762 103 31 unga,
746 1753 118 30 vilken
882 1751 174 31 meddelat
1073 1752 50 28 att
1141 1758 81 21 man
1240 1749 64 28 hos
1324 1746 262 38 skyddskonsu-

102 1815 114 29 lenten
234 1813 125 30 endast
374 1812 10 28 i
401 1810 105 39 något
523 1809 146 30 enstaka
686 1805 263 40 undantagsfall
968 1804 119 30 funnit
1104 1802 189 39 anledning
1310 1801 51 30 till
1380 1799 206 30 omhänder-

102 1868 148 39 tagande
270 1867 95 28 inom
385 1865 114 29 denna
518 1871 111 31 grupp
649 1863 91 28 samt
759 1862 51 27 att
829 1860 10 29 i
859 1860 100 28 dessa
978 1857 63 30 fall
1061 1856 190 30 frånvaron
1273 1863 41 20 av
1334 1852 183 39 möjlighet
1537 1852 50 29 att

103 1922 62 29 hos
192 1919 152 31 domstol
371 1917 147 30 utverka
546 1912 343 40 omhändertagande
915 1911 78 29 icke
1020 1910 108 29 vållat
1156 1908 109 39 några
1295 1907 109 29 större
1429 1905 156 37 problem

104 1976 83 28 utan
208 1975 51 28 att
279 1971 212 31 situationen
512 1969 136 29 kunnat
666 1967 194 30 bemästras
880 1966 10 29 i
910 1965 87 29 nära
1017 1962 194 31 samarbete
1231 1960 78 30 med
1330 1958 257 31 vederbörande

105 2024 360 34 barnavårdsnämnd.

148 2107 93 29 Även
257 2103 280 37 socialstyrelsen
555 2101 134 30 erinrar
706 2101 10 28 i
733 2100 61 30 sitt
810 2097 233 38 avstyrkande
1060 2096 163 38 yttrande
1241 2103 55 21 om
1316 2095 50 29 att
1382 2094 66 29 den
1466 2100 123 31 genom

106 2160 219 29 motionerna
360 2156 126 30 väckta
523 2155 123 39 frågan
683 2154 94 29 inom
810 2153 40 29 de
875 2152 177 29 närmaste
1078 2149 82 30 åren
1183 2149 57 29 vid
1265 2146 257 39 behandlingen
1549 2153 41 21 av

107 2211 240 32 brottsbalken
374 2210 157 29 kommer
557 2209 51 29 att
632 2206 235 30 underställas
894 2204 205 38 riksdagens
1124 2201 217 30 bedömande
1368 2200 10 29 i
1405 2201 49 28 ett
1481 2199 109 29 större

108 2265 264 37 sammanhang.
393 2262 127 30 Vidare
541 2269 101 29 synes
662 2260 57 29 det
739 2258 169 37 styrelsen
929 2255 158 39 lämpligt
1108 2257 51 28 att
1177 2253 149 30 avvakta
1347 2252 243 37 utvecklingen

108 2319 87 30 efter
221 2319 67 28 den
312 2325 69 28 nya
405 2313 337 38 barnavårdslagens
767 2308 281 32 ikraftträdande
1075 2308 64 29 och
1166 2307 182 29 resultatet
1374 2314 41 20 av
1442 2304 65 29 den
1534 2303 58 36 på-

109 2372 129 40 gående
264 2369 244 39 utbyggnaden
533 2367 94 29 inom
653 2366 40 29 de
718 2362 288 32 barnavårdande
1032 2369 171 31 organens
1226 2358 142 30 område
1394 2367 41 20 av
1461 2356 131 30 lokaler

110 2426 54 28 för
187 2423 169 39 tillfälligt
379 2419 352 38 omhändertagande.
757 2417 65 29 Det
846 2416 96 30 torde
966 2415 107 38 enligt
1098 2413 168 37 styrelsen
1293 2411 119 29 kunna
1437 2412 155 36 antagas,

111 2479 49 30 att
181 2475 267 39 tillämpningen
470 2483 41 20 av
532 2473 65 29 den
619 2480 67 28 nya
707 2469 318 38 barnavårdslagen
1047 2468 9 28 i
1078 2468 72 29 stor
1170 2464 245 39 utsträckning
1437 2463 156 29 kommer
