2126 2657
340 192 41 32 20
845 193 219 42 Lagutskottets
1098 192 162 37 Utlåtande
1285 194 61 32 N:o
1369 196 46 31 37,

1039 655 95 39 N:o
1160 655 83 42 32.

967 809 66 23 Ank.
1053 809 43 23 till
1116 809 92 24 Hiksd.
1229 810 88 22 kansli
1337 809 53 24 den
1410 810 30 21 26
1461 817 70 16 mars
1553 810 71 23 1889,
1645 809 36 23 kl.
1705 809 27 23 12
1753 809 82 23 midd.

542 947 248 44 Lagutskottets
821 947 179 43 utlåtande,
1027 947 11 34 i
1065 947 185 45 anledning
1276 947 45 43 uf
1341 947 120 44 Kongl.
1491 948 123 42 Maj:ts
1631 934 216 58 proposition
1866 949 75 33 med

729 1006 138 46 förslag
902 1006 50 36 till
992 1007 55 44 lag
1086 1008 173 43 angående
1286 1008 138 34 ändrad
1450 1008 122 44 lydelse
1599 1008 45 43 uf
1665 1010 49 33 17
1739 1008 73 44 kap.
1846 1010 43 33 12
1915 1005 25 46 $

740 1066 266 36 handelsbalken.

474 1216 138 50 Kongl.
655 1216 108 49 Maj:t
800 1217 68 36 har
896 1216 73 37 den
996 1219 43 35 15
1069 1217 259 37 innevarande
1356 1232 101 22 mars
1486 1217 56 37 till
1571 1218 219 49 Riksdagen
1820 1217 119 37 aflåtit

339 1281 45 23 en
415 1270 41 34 så
485 1267 164 49 lydande
676 1267 238 51 proposition
939 1269 76 43 (n:o
1044 1264 73 51 27):

473 1319 155 37 »Under
664 1319 242 49 åberopande
931 1321 41 34 af
996 1319 181 49 bifogade
1202 1320 9 35 i
1241 1320 216 37 Statsrådet
1485 1320 70 36 och
1584 1320 149 48 Högsta
1761 1320 178 36 Domsto-

339 1369 60 36 len
440 1369 107 37 förda
581 1369 201 50 protokoll,
813 1369 64 37 vill
906 1369 139 50 Kongl.
1075 1370 107 49 Maj:t
1208 1371 171 47 härmed,
1403 1371 152 48 jemlikt
1583 1373 45 34 87
1659 1369 20 49 $
1708 1370 230 50 Regerings-

338 1420 159 46 formen,
526 1420 141 38 föreslå
694 1420 221 50 Riksdagen
945 1427 55 31 att
1027 1427 142 44 antaga
1197 1422 169 49 följande

1074 1538 139 40 LAG

477 1622 204 42 angående
704 1623 215 34 förändrad
939 1624 149 41 lydelse
1111 1624 44 32 af
1175 1623 41 33 17
1239 1624 91 41 kap.
1357 1624 42 32 12
1423 1626 19 38 3
1466 1623 332 33 Handelsbalken.

470 1701 235 50 Härigenom
744 1702 214 48 förordnas,
1001 1708 54 32 att
1097 1706 43 33 17
1183 1703 84 49 kap.
1297 1705 43 34 12
1370 1700 21 49 8
1419 1702 313 38 Handelsbalken
1761 1702 97 37 skall
1882 1717 57 22 er-

337 1752 102 38 hålla
467 1752 168 50 följande
665 1752 168 39 ändrade
862 1753 165 51 lydelse:

1085 1854 20 48 $
1137 1857 55 35 12.

471 1940 163 36 Dernäst
662 1939 115 37 hafve
806 1940 145 37 kronan
986 1941 192 36 företräde
1206 1941 57 36 till
1291 1941 56 36 lös
1378 1941 188 48 egendom
1595 1942 59 35 för
1681 1940 257 49 gäldenärens

337 1990 200 49 utskylder
565 1991 95 36 sista
687 1991 71 36 och
787 1990 164 49 löpande
976 1995 91 43 året,
1097 1992 46 37 de
1167 1992 67 37 der
1262 1992 34 48 ej
1325 1992 58 36 för
1411 1992 76 36 fast
1515 1991 187 50 egendom
1727 1995 103 45 utgå.

479 2041 77 37 Sist
594 2041 108 37 skola
740 2042 87 37 med
869 2043 248 37 förmånsrätt
1157 2056 44 24 ur
1240 2042 257 50 gäldenärens
1535 2042 188 50 egendom
1753 2046 42 33 så
1823 2043 10 36 i
1862 2043 75 36 fast

336 2106 80 22 som
443 2093 74 36 löst
543 2092 137 50 gäldas
709 2093 87 37 med
824 2093 77 37 lika
929 2099 75 32 rätt
1031 2094 80 37 sins
1131 2094 180 37 emellan:
1333 2094 237 37 kommunal-
1589 2094 71 37 och
1680 2094 257 48 stadsutskyl-

336 2143 78 46 der,
444 2145 41 35 af
504 2144 288 49 kyrkostämma
820 2144 92 37 eller
940 2145 368 49 kyrkofullmägtige
1337 2145 200 37 beslutade
1566 2145 157 49 afgifter
1742 2145 56 35 till
1817 2145 120 49 kyrka

335 2194 72 37 och
448 2194 109 38 skola
590 2200 100 32 samt
713 2194 156 39 härads-
898 2196 70 38 och
997 2195 357 51 landstingsmedel,
1379 2195 180 51 samtliga
1587 2195 97 38 dock
1713 2196 137 47 endast
1878 2196 58 37 för

335 2245 94 37 sista
458 2246 68 36 och
556 2245 165 51 löpande
751 2249 89 34 året.
