1914 2838
389 195 104 28 Andra
516 195 180 29 kammarens
714 197 106 31 femte
842 196 156 36 tillfälliga
1019 197 120 28 utskotts
1161 197 146 28 utlåtande
1330 197 46 29 Nr
1401 199 26 28 6.
1624 196 38 31 13

156 269 125 32 Rätten
297 272 49 30 att
361 271 147 31 anordna
522 282 186 26 gemensam
726 272 180 32 brandmur
920 273 60 31 har
996 273 183 32 emellertid
1197 273 110 37 aldrig
1323 274 207 37 ifrågasatts.
1546 274 112 38 Bygg-

157 312 227 37 nadsstadgan
402 313 126 31 tillåter
547 313 141 32 sålunda
707 325 242 26 gemensamma
969 314 229 34 brandmurar,
1219 327 51 20 om
1290 327 188 25 grannarna
1500 316 161 38 frivilligt

154 354 271 32 överenskomma
452 355 113 32 härom
595 356 58 31 och
682 367 51 20 om
762 356 90 32 detta
880 356 169 38 medgives
1077 356 12 32 i
1116 357 372 38 byggnadsordningen.
1529 358 66 32 Det
1624 364 36 27 är

157 395 121 38 frågan
297 408 51 20 om
366 399 48 29 att
433 398 173 36 tvångsvis
624 398 192 37 genomföra
833 399 103 31 sådan
955 400 284 37 murgemenskap.
1259 411 68 20 som
1346 401 103 31 måste
1466 401 114 37 ingiva
1600 401 58 32 all-

156 438 130 37 varliga
311 438 275 39 betänkligheter.

213 480 61 32 Om
301 480 190 33 fördelarna
517 494 40 19 av
583 493 186 26 gemensam
795 482 181 33 brandmur
1002 483 172 38 verkligen
1199 495 76 21 vore
1301 485 35 31 så
1364 487 98 34 stora,
1490 496 68 21 som
1584 497 74 20 man

154 534 99 21 anser
280 523 10 31 i
320 523 176 38 Göteborg,
524 524 100 32 borde
653 525 53 31 väl
735 536 38 20 en
800 526 315 31 överenskommelse
1142 526 120 32 mellan
1290 527 244 32 vederbörande
1562 530 96 29 tomt-

157 576 145 26 grannar
326 577 80 21 vara
430 566 65 32 lätt
521 569 49 30 att
596 568 120 37 uppnå.
755 567 64 31 Det
846 568 93 32 torde
965 568 183 33 emellertid
1174 568 93 38 ligga
1293 574 79 27 nära
1398 570 54 31 till
1478 570 105 32 hands
1610 572 50 30 att

155 610 134 35 antaga,
307 610 49 30 att
375 609 39 31 de
432 609 128 37 tvister,
580 620 67 21 som
665 609 73 32 ofta
754 610 201 37 uppkomma
974 610 122 31 mellan
1112 613 230 35 tomtgrannar
1359 612 11 30 i
1388 614 50 29 ett
1454 612 113 37 dylikt
1586 612 72 37 fall,

156 649 180 39 härvidlag
351 652 12 30 i
380 651 107 37 någon
504 652 76 30 mån
598 652 103 31 måste
719 652 100 31 verka
837 652 248 32 avskräckande
1103 653 52 31 för
1173 655 50 29 att
1239 653 145 32 etablera
1401 665 38 20 en
1457 654 98 37 dylik
1572 667 86 19 mur-

155 692 211 38 gemenskap.
399 692 66 32 Det
486 693 109 32 finnes
614 695 54 30 väl
690 694 166 37 knappast
875 695 108 37 någon
1003 695 181 37 anledning
1203 698 131 34 antaga,
1357 698 50 29 att
1428 697 94 31 dessa
1542 697 117 32 tvister

155 734 110 31 skulle
285 734 91 32 bliva
395 735 98 38 färre,
514 747 51 20 om
586 736 315 37 murgemenskapen
922 737 132 37 gjordes
1074 737 227 37 obligatorisk.

212 776 241 38 Anordningen
475 778 73 32 med
569 788 186 26 gemensam
778 778 182 32 brandmur
980 779 103 36 torde,
1106 779 105 32 såsom
1234 791 83 20 ovan
1340 780 216 37 framhållits,
1580 792 79 20 vara

156 817 141 39 lämplig
316 819 116 32 endast
453 820 57 31 vid
531 820 91 37 lägre
642 819 201 38 bebyggelse
863 821 58 31 och
944 821 59 31 där
1024 821 364 36 grundförhållandena
1408 822 175 38 samtidigt
1603 828 55 26 äro

154 871 251 27 ogynnsamma.
435 862 52 31 En
504 862 144 37 generell
663 862 228 32 bestämmelse
908 875 51 20 om
977 863 218 38 obligatorisk
1214 865 274 36 murgemenskap
1506 870 37 27 är
1559 866 99 32 redan

155 914 43 20 av
222 903 108 32 denna
353 903 180 38 anledning
558 904 62 31 allt
644 904 53 32 för
720 904 202 38 vittgående.

211 944 76 33 Med
310 946 62 31 den
394 945 205 39 omfattning
620 947 225 37 anordningen
866 947 73 32 med
961 958 187 26 gemensam
1170 948 182 32 brandmur
1374 948 135 33 erhållit
1528 950 11 31 i
1561 948 97 33 Göte-

157 986 81 38 borg
258 988 103 32 måste
384 988 54 32 det
458 988 155 37 givetvis,
634 989 106 31 såsom
760 989 12 30 i
792 989 164 32 motionen
978 989 215 36 framhållits,
1214 990 132 31 komma
1365 992 51 30 att
1435 991 149 32 medföra
1606 990 51 33 be-

156 1029 148 37 tydande
339 1029 175 38 praktiska
547 1030 219 37 olägenheter,
802 1043 51 19 om
888 1033 22 30 &$t.
948 1043 49 20 ex.
1033 1032 62 31 den
1129 1043 57 21 ene
1221 1032 252 38 murdelägaren
1497 1033 87 31 river
1608 1033 51 32 sin

156 1070 159 38 byggnad
336 1072 58 31 och
403 1066 17 51 i
447 1073 112 31 stället
579 1073 60 30 vill
659 1073 145 37 uppföra
823 1084 38 20 en
883 1085 45 26 ny
949 1073 160 38 byggnad
1129 1074 73 32 med
1223 1085 80 26 egen
1322 1074 192 33 brandmur.
1547 1075 111 38 Något

156 1114 104 32 måste
278 1114 114 32 därför
407 1115 132 36 åtgöras
556 1115 53 31 till
625 1115 238 32 förhindrande
878 1127 42 20 av
937 1118 51 29 att
1004 1117 61 31 den
1082 1128 58 20 ene
1156 1117 251 37 murdelägaren
1424 1118 73 31 icke
1513 1118 146 37 ensidigt

155 1156 88 31 skall
268 1156 112 32 kunna
404 1156 208 38 framtvinga
635 1157 333 38 murgemenskapens
991 1158 162 33 hävande.

213 1198 18 31 I
251 1198 200 38 Stockholm,
471 1199 59 32 där
547 1210 187 27 gemensam
753 1199 181 32 brandmur
953 1204 82 27 även
1052 1200 144 37 tidigare
1214 1200 111 32 kunde
1344 1201 36 31 få
1397 1201 161 38 uppföras
1577 1201 85 32 efter

158 1241 314 32 överenskommelse
499 1252 189 26 grannarna
716 1241 150 38 emellan,
893 1242 61 31 har
981 1253 76 20 man
1085 1242 11 31 i
1124 1243 62 32 den
1215 1254 77 27 nya,
1322 1255 41 19 av
1391 1244 270 31 överståthållar-

155 1282 147 32 ämbetet
324 1283 60 32 den
411 1285 39 29 14
474 1284 174 31 november
674 1284 83 31 1934
781 1284 193 33 fastställda
999 1284 360 39 byggnadsordningen
1384 1286 167 32 meddelat
1573 1286 88 32 vissa

158 1324 245 33 bestämmelser
429 1327 138 31 rörande
595 1328 100 30 sättet
721 1326 52 32 för
799 1327 333 37 murgemenskapens
1159 1328 160 32 hävande.
1359 1328 71 31 Vill
1458 1333 122 33 ägaren
1608 1329 52 31 till

155 1368 122 31 endera
298 1368 202 38 byggnaden
521 1369 19 31 å
561 1369 51 31 sin
632 1371 85 29 tomt
738 1369 144 38 uppföra
902 1381 81 26 egen
1004 1369 181 33 brandmur
1207 1371 12 31 i
1241 1370 112 32 stället
1374 1370 53 32 för
1449 1372 62 31 den
1532 1382 128 26 gemen-

157 1421 135 24 samma,
314 1415 35 27 är
368 1411 65 31 han
456 1411 141 32 sålunda
617 1411 188 38 berättigad
828 1412 125 32 därtill.
988 1411 89 32 Utan
1097 1423 163 26 grannens
1287 1412 217 38 medgivande
1523 1413 53 30 får
1594 1413 62 31 han

156 1452 84 31 dock
261 1453 28 37 ej
310 1452 138 38 påbörja
467 1453 62 31 den
549 1464 243 26 gemensamma
811 1465 132 20 murens
963 1454 208 37 nedtagande
1191 1454 114 32 förrän
1325 1466 56 20 sex
1400 1455 159 32 månader
1576 1455 85 32 efter

156 1494 57 32 det
231 1495 66 31 han
316 1495 209 31 underrättat
547 1495 103 32 denne
670 1507 51 20 om
742 1496 62 31 den
822 1495 195 33 tillämnade
1037 1497 170 36 åtgärden.
1241 1496 64 32 Det
1326 1497 128 37 åligger
1474 1497 118 32 honom
1612 1499 50 30 att

157 1536 87 37 själv
261 1537 136 32 bekosta
415 1537 125 32 arbetet
558 1538 59 31 och
636 1540 51 29 att
701 1538 55 31 till
774 1538 129 32 hälften
923 1538 134 37 deltaga
1075 1539 11 30 i
1103 1539 184 32 kostnaden
1306 1539 52 31 för
1376 1540 63 31 den
1455 1551 68 26 nya
1542 1539 117 33 brand-

159 1590 72 20 mur
248 1579 101 37 jämte
367 1579 199 38 erforderlig
582 1580 118 38 grund,
718 1592 68 20 som
803 1592 147 26 grannen
968 1581 60 31 har
1045 1582 50 30 att
1111 1582 19 30 å
1147 1581 50 31 sin
1216 1583 83 30 tomt
1314 1582 153 37 uppföra.
1497 1582 72 30 Vill
1588 1583 70 36 den,

157 1632 69 20 som
245 1621 54 31 till
319 1622 51 30 sin
389 1622 159 37 byggnad
567 1622 60 31 har
646 1633 89 27 egen,
757 1622 87 32 inom
862 1625 228 35 tomtgränsen
1108 1624 133 31 stående
1259 1623 191 38 brandmur,
1471 1624 11 31 i
1501 1624 158 32 samband

158 1664 73 31 med
254 1664 113 31 husets
394 1664 135 37 rivning
552 1664 153 38 borttaga
730 1664 198 38 densamma,
954 1665 60 31 och
1040 1665 109 32 finnes
1173 1665 93 33 invid
1290 1671 141 32 gränsen
1456 1666 159 38 byggnad
1641 1668 19 30 å

156 1708 192 35 granntomt
369 1706 146 38 uppförd
537 1709 82 29 utan
641 1718 79 26 egen
741 1707 191 38 brandmur,
956 1707 86 32 skall
1064 1708 65 31 han
1152 1709 49 30 tre
1223 1708 157 32 månader
1401 1708 71 32 före
1495 1709 163 37 rivnings-

157 1748 143 32 arbetets
317 1748 115 38 början
449 1749 112 32 därom
579 1750 192 31 underrätta
788 1760 156 27 grannen,
961 1761 69 20 som
1048 1750 54 32 det
1119 1750 128 38 åligger
1263 1751 50 31 att
1329 1750 86 32 förse
1432 1750 50 33 sin
1500 1750 159 38 byggnad

157 1790 73 31 med
255 1801 81 26 egen
359 1790 192 33 brandmur.

213 1831 126 39 Dylika
358 1833 246 32 bestämmelser
622 1834 113 31 kunna
754 1834 54 31 väl
827 1836 139 35 antagas
984 1845 81 20 vara
1083 1834 206 38 tillräckliga
1308 1834 52 32 för
1380 1835 201 37 Stockholm,
1601 1836 58 31 där

158 1875 273 38 murgemenskap
450 1878 122 34 ytterst
590 1876 106 31 sällan
713 1876 217 31 förekommer
948 1876 59 32 och
1025 1877 59 31 där
1100 1876 289 32 bestämmelserna
1404 1880 147 28 närmast
1568 1878 91 31 torde

156 1928 76 20 avse
255 1928 39 20 en
315 1917 198 38 avveckling
533 1929 41 20 av
596 1918 316 37 murgemenskapen
931 1917 215 33 beträffande
1167 1919 90 31 äldre
1278 1918 197 38 byggnader
1496 1920 73 31 med
1592 1931 67 20 mer

156 1962 41 27 än
222 1961 49 28 tre
296 1958 178 38 våningars
499 1959 89 37 höjd.

211 2000 67 32 För
304 2000 167 39 Göteborg
495 2002 93 31 torde
615 2002 95 31 dessa
734 2001 246 32 bestämmelser
1006 2002 146 31 däremot
1178 2002 166 37 knappast
1368 2014 80 20 vara
1473 2002 184 38 tillfyllest.

157 2042 75 32 Med
251 2043 131 38 hänsyn
402 2043 53 31 till
476 2044 59 31 där
554 2044 146 32 rådande
720 2044 221 37 uppfattning
960 2056 51 19 om
1032 2044 190 31 fördelarna
1241 2045 72 31 med
1332 2055 187 26 gemensam
1539 2044 119 33 brand-

157 2097 73 19 nur
255 2085 58 31 och
340 2086 101 31 därav
467 2085 190 38 uppkomna
680 2086 292 38 byggnadspraxis
997 2086 92 32 torde
1114 2087 106 30 såsom
1247 2097 84 20 ovan
1357 2086 204 32 framhållits
1586 2087 72 31 skäl

156 2127 263 38 uppenbarligen
442 2128 68 30 tala
533 2128 52 30 för
608 2130 48 29 att
678 2127 71 32 icke
771 2128 61 32 den
854 2139 58 21 ene
933 2139 147 26 grannen
1103 2128 86 31 skall
1212 2128 113 32 kunna
1345 2129 145 36 ensidigt
1512 2129 85 31 häva
1621 2140 36 20 en

156 2168 159 37 befintlig
337 2170 284 37 murgemenskap,
647 2170 137 31 särskilt
808 2171 42 30 då
875 2171 106 31 denna
1005 2169 195 32 tillkommit
1223 2181 115 26 genom
1363 2170 219 37 obligatorisk
1606 2171 51 31 be-

156 2211 186 32 stämmelse
368 2212 11 31 i
403 2211 330 38 byggnadsordning.
771 2212 180 31 Praktiska
975 2212 72 31 skäl
1072 2223 101 25 synas
1199 2212 182 32 emellertid
1407 2217 82 26 även
1514 2213 68 31 tala
1608 2213 51 31 för

156 2255 51 29 att
227 2254 181 31 detsamma
428 2253 109 32 skulle
558 2254 90 36 gälla
667 2254 124 36 jämväl
814 2254 55 32 vid
891 2255 125 31 sådana
1037 2254 72 36 fall,
1131 2255 41 31 då
1194 2255 61 31 den
1277 2265 242 26 gemensamma
1540 2254 117 32 brand-

157 2306 115 20 muren
303 2295 195 31 tillkommit
527 2307 116 25 genom
674 2295 146 37 frivillig
849 2296 324 31 överenskommelse.
1216 2296 124 30 Kunna
1370 2296 247 31 bestämmelser
1647 2296 11 30 i

156 2336 119 31 sådant
290 2336 184 32 hänseende
491 2336 90 32 bliva
598 2337 164 37 gällande,
782 2348 96 26 synes
896 2337 72 31 icke
984 2337 105 31 heller
1105 2338 100 36 något
1221 2337 105 31 behov
1343 2338 114 36 längre
1474 2337 183 32 förefinnas

156 2379 49 29 att
230 2378 196 31 hädanefter
449 2378 147 31 anordna
621 2390 241 25 gemensamma
886 2379 221 31 brandmurar
1130 2381 102 29 annat
1256 2383 41 26 än
1322 2379 86 31 efter
1432 2379 225 31 överenskom-

157 2419 98 32 melse
280 2430 187 26 grannarna
490 2420 149 31 emellan.
676 2421 17 30 I
718 2420 206 31 sistnämnda
948 2420 62 32 fall
1036 2431 100 26 synas
1161 2421 182 31 emellertid
1368 2420 290 32 bestämmelserna

155 2462 118 31 endast
308 2461 79 32 böra
422 2463 94 36 givas
554 2462 215 38 tillämpning
794 2463 42 37 på
861 2462 103 32 sådan
990 2473 185 26 gemensam
1202 2462 189 37 brandmur,
1418 2473 67 20 som
1513 2463 145 30 därefter

155 2504 173 31 anordnas.
