1880 2808
283 154 38 30 16
424 153 120 29 Första
562 150 204 31 kammarens
784 148 160 39 första
963 145 169 39 tillfälliga
1149 144 143 31 utskotts
1311 142 184 36 utlåtande,
1514 151 40 20 nr
1572 143 50 28 14.

323 230 94 32 Även
436 231 118 37 frågan
573 240 52 20 om
644 228 123 31 antalet
785 225 412 37 värdebrevbäringsturer
1215 224 103 30 måste
1335 224 167 36 upptagas
1520 220 52 31 till
1590 219 174 39 prövning,

282 277 111 31 därest
410 273 300 38 värdebrevbäring
726 273 125 29 komme
870 274 50 28 att
937 271 85 36 ånyo
1040 269 136 30 införas.
1197 267 112 31 Såsom
1326 266 143 37 tidigare
1486 265 185 31 omnämnts
1689 263 77 31 full-

282 321 134 39 gjordes
439 317 350 38 värdebrevbäringen,
813 316 58 31 vid
896 314 200 39 tidpunkten
1121 313 53 30 för
1199 312 72 31 dess
1294 310 168 39 slopande,
1488 310 73 30 med
1586 308 115 31 endast
1726 318 39 20 en

281 370 57 26 tur
369 375 60 28 per
458 364 133 37 vardag.
624 363 158 29 Häremot
811 360 85 30 hade
927 358 104 31 redan
1060 357 142 38 tidigare
1232 355 164 39 klagomål
1426 354 129 31 anförts
1586 353 79 30 från
1695 352 71 30 kor-

282 409 298 39 respondenternas
603 407 82 37 sida,
708 406 105 31 under
837 402 243 33 framhållande
1103 405 50 28 att
1176 399 325 33 värdeförsändelser
1524 398 58 31 och
1607 396 159 39 penning-

282 454 120 38 belopp
425 453 190 38 därigenom
637 451 125 31 kommo
786 449 74 31 dem
882 458 114 21 senare
1019 446 164 32 tillhanda
1205 446 43 30 än
1271 445 64 31 den
1358 444 114 37 övriga
1494 445 124 36 posten.
1643 436 124 47 Därtill

282 499 155 36 kommer,
455 500 49 28 att
521 494 341 38 värdebrevbäringen
881 494 37 30 är
935 492 128 38 mycket
1079 491 129 37 känslig
1227 490 53 30 för
1297 488 175 38 växlingar
1489 488 11 30 i
1517 481 249 48 postmängden,

284 544 60 30 och
369 546 51 28 att
444 552 40 21 en
508 541 134 31 relativt
667 539 167 38 obetydlig
860 537 123 38 ökning
1008 537 11 29 i
1045 535 124 31 antalet
1194 533 235 32 besöksställen
1454 531 173 38 förrycker
1650 529 117 31 värde-

282 588 239 30 brevbärarens
541 584 161 33 tidtabell.
723 584 48 30 På
793 583 110 38 grund
924 592 41 20 av
985 579 254 41 postmängdens
1261 578 146 37 alltjämt
1429 576 194 37 fortgående
1646 573 121 38 ökning

284 633 103 30 måste
408 641 75 20 man
503 640 65 28 nog
588 629 96 31 också
704 628 103 31 räkna
828 626 74 31 med
923 629 59 34 att,
1004 625 110 30 därest
1134 622 302 37 värdebrevbäring
1458 619 206 37 återinföres,
1685 619 83 30 krav

284 677 129 30 komma
438 679 49 27 att
512 684 88 21 resas
624 675 44 37 på
693 672 194 39 ytterligare
914 680 40 21 en
978 667 385 39 värdebrevbäringstur,
1391 666 197 31 åtminstone
1615 664 87 30 inom
1728 663 40 30 de

285 721 147 31 centrala
449 720 135 31 delarna
601 728 40 21 av
659 728 84 28 resp.
761 712 460 40 värdebrevbäringsområde.

327 767 114 31 Såsom
469 764 368 40 generalpoststyrelsen
864 762 144 38 tidigare
1037 759 193 36 framhållit,
1260 757 138 31 innebar
1425 754 343 38 värdebrevbäringen

285 822 41 21 en
346 811 110 31 fördel
475 809 213 32 beträffande
708 806 431 40 personaldispositionerna
1159 804 35 31 så
1214 803 53 31 till
1286 802 87 37 vida,
1396 804 49 28 att
1466 800 91 31 äldre
1577 799 191 31 brevbärar-

286 857 132 30 förmän
448 856 45 37 (A
515 856 34 37 7)
577 854 111 31 kunde
712 853 168 31 överföras
904 851 77 30 från
1004 848 224 39 tjänstgöring
1252 848 12 29 i
1288 847 165 37 lösposten
1476 845 53 30 till
1553 844 63 31 den
1640 842 128 31 mindre

285 900 245 38 ansträngande
551 897 344 37 värdebrevbäringen
918 895 59 31 och
1000 894 190 37 därigenom
1211 891 165 32 bibehålla
1398 891 51 30 sin
1471 887 297 40 tjänsteduglighet

285 947 84 29 även
390 944 58 31 vid
468 945 100 37 något
590 943 133 31 nedsatt
745 941 270 36 arbetsförmåga.
1038 936 354 37 Värdebrevbäringen
1416 934 115 38 erbjöd
1555 933 95 31 också
1674 942 39 20 en
1737 931 30 37 ej

284 989 183 38 oväsentlig
484 985 384 40 befordringsmöjlighet
887 985 54 30 för
960 983 223 31 brevbärarna
1202 981 11 30 i
1233 981 39 30 de
1292 984 50 27 tre
1362 979 120 37 städer,
1503 977 60 31 där
1582 977 186 30 densamma

285 1045 60 20 var
365 1033 123 31 införd.
508 1034 101 29 Dessa
628 1031 207 38 synpunkter
854 1030 43 30 ha
916 1029 11 30 i
947 1029 39 30 de
1007 1026 186 38 framlagda
1212 1025 205 31 motionerna
1437 1022 194 39 ytterligare
1651 1020 118 31 under-

285 1078 149 32 strukits.
459 1075 385 39 Generalpoststyrelsen,
868 1083 69 21 som
959 1072 68 31 helt
1049 1071 162 31 vidhåller
1233 1070 58 30 sitt
1314 1068 143 38 tidigare
1480 1066 173 32 uttalande
1676 1065 10 30 i
1709 1064 61 31 här

286 1121 256 40 ifrågavarande
561 1120 194 36 hänseende,
774 1119 59 30 vill
853 1118 83 31 dock
955 1116 185 36 framhålla,
1162 1118 49 28 att
1230 1110 467 40 befordringsförhållandena
1717 1109 53 30 för

284 1166 282 32 brevbärarkåren
580 1165 101 31 sedan
696 1164 71 31 dess
780 1162 179 37 väsentligt
974 1161 205 35 förbättrats,
1195 1159 68 30 dels
1279 1168 115 28 genom
1407 1155 238 39 uppflyttning
1659 1154 11 30 i
1685 1154 86 30 löne-

287 1212 83 38 grad
390 1222 41 20 av
451 1215 47 27 ett
517 1213 82 28 stort
620 1209 91 31 antal
730 1207 238 37 befattningar,
990 1205 69 31 dels
1079 1214 115 29 genom
1213 1202 192 31 inrättande
1426 1211 40 20 av
1486 1210 67 27 nya
1571 1197 199 33 befordrade

285 1257 153 37 tjänster.
461 1254 188 32 Befordran
671 1253 76 30 från
767 1249 306 39 brevbärargraden
1101 1249 45 37 (A
1168 1248 33 38 5)
1227 1247 54 31 till
1301 1247 100 37 högre
1421 1243 190 38 befattning
1633 1242 138 31 erhålles

287 1300 142 32 sålunda
449 1309 137 21 numera
607 1298 57 30 vid
685 1297 133 31 relativt
839 1305 90 28 unga
951 1296 46 35 år,
1019 1294 101 30 vilket
1143 1292 144 31 medfört
1310 1301 41 20 en
1373 1289 241 39 genomgående
1637 1288 133 36 föryng-

287 1346 76 38 ring
383 1355 40 21 av
441 1343 193 40 personalen
653 1343 11 29 i
681 1339 315 39 brevbärargraden.
1017 1339 98 29 Detta
1136 1337 148 37 framgår
1303 1346 40 20 av
1361 1335 43 30 bl.
1424 1344 28 21 a.
1473 1334 54 31 det
1547 1331 224 32 förhållandet

288 1394 49 27 att
356 1400 41 20 av
416 1390 39 30 de
472 1389 56 30 vid
546 1386 416 38 brevbärarpostkontoren
980 1383 11 30 i
1011 1381 195 38 Stockholm,
1227 1380 164 37 Göteborg
1409 1379 59 31 och
1487 1377 122 31 Malmö
1627 1377 53 30 för
1697 1376 73 30 när-

287 1434 147 31 varande
455 1431 172 40 placerade
647 1431 224 31 brevbärarna
892 1428 115 31 endast
1030 1428 17 30 8
1072 1427 34 37 Jo
1129 1426 42 31 ha
1191 1425 147 38 uppnått
1359 1433 40 21 en
1421 1421 228 32 levnadsålder
1670 1430 41 20 av
1731 1420 40 29 40

289 1480 38 30 år
349 1478 118 31 medan
488 1479 152 29 närmare
663 1476 38 30 60
726 1475 34 37 92
785 1474 121 30 inneha
928 1483 40 21 en
990 1472 91 31 ålder
1103 1481 40 21 av
1165 1470 39 30 30
1227 1471 36 29 år
1286 1469 59 31 och
1368 1467 175 31 därunder.

329 1526 17 29 I
369 1525 91 31 detta
480 1523 235 37 sammanhang
735 1531 94 21 anser
850 1517 369 41 generalpoststyrelsen
1240 1516 50 38 sig
1310 1516 80 30 böra
1410 1514 115 31 beröra
1547 1523 40 21 en
1607 1511 164 39 personal-

289 1570 107 37 fråga,
418 1579 67 20 som
505 1568 95 30 också
620 1567 112 30 intimt
752 1566 125 37 hänger
899 1573 146 22 samman
1066 1562 73 30 med
1160 1561 159 37 förslaget
1340 1569 52 21 om
1413 1556 359 37 värdebrevbäringens

288 1613 259 32 återinförande.
569 1613 17 29 I
607 1612 59 30 sitt
686 1610 157 38 yttrande
863 1610 64 30 den
949 1609 39 29 30
1010 1607 167 31 december
1199 1606 79 29 1941
1302 1606 77 29 över
1400 1600 372 41 Besparingsberednin-

289 1668 79 28 gens
391 1657 206 31 betänkande
620 1655 168 38 angående
810 1653 203 38 indragning
1036 1662 40 20 av
1097 1648 344 37 värdebrevbäringen
1465 1646 139 31 anförde
1628 1644 144 39 general-

288 1702 236 39 poststyrelsen
549 1701 42 30 bl.
618 1711 41 20 a.:
688 1699 135 38 >Enligt
849 1697 176 38 styrelsens
1050 1696 131 37 mening
1206 1695 58 30 bör
1290 1693 115 31 därför
1431 1689 341 37 värdebrevbäringen

290 1747 159 38 antingen
469 1745 179 32 bibehållas
668 1745 11 29 i
699 1744 51 31 sin
769 1742 194 32 nuvarande
985 1742 86 29 form
1091 1740 78 30 eller
1188 1739 69 30 helt
1278 1737 166 38 indragas.
1465 1736 48 30 På
1534 1734 109 39 grund
1665 1744 40 20 av
1725 1743 47 20 sa-

288 1792 80 30 kens
386 1801 80 28 egen
482 1794 102 27 natur
600 1790 66 30 kan
683 1789 60 30 här
760 1788 69 30 icke
846 1797 82 20 vara
945 1783 97 39 fråga
1059 1795 51 21 om
1128 1794 40 20 en
1185 1781 198 39 krisåtgärd.
1403 1781 61 31 Om
1482 1777 291 33 värdebrevbärin-

290 1847 62 28 gen
371 1836 105 30 skulle
495 1835 165 37 indragas,
682 1834 100 29 måste
803 1830 243 38 indragningen
1067 1829 34 31 få
1122 1827 156 32 definitiv
1296 1826 188 31 karaktär.»
1506 1823 148 31 Härmed
1675 1823 98 36 avsåg

289 1879 369 40 generalpoststyrelsen
682 1880 49 27 att
755 1875 114 39 påvisa
894 1875 40 31 de
958 1874 208 37 olägenheter
1190 1873 11 29 i
1225 1871 96 37 fråga
1346 1880 52 20 om
1422 1867 260 39 rekryteringen,
1707 1876 67 20 som

290 1925 97 31 alltid
405 1925 47 30 bli
471 1934 38 21 en
530 1923 87 38 följd
636 1933 41 20 av
694 1921 129 38 hastiga
841 1920 176 37 växlingar
1035 1919 11 29 i
1065 1915 335 41 personalbeståndet.
1421 1914 53 30 En
1493 1913 111 38 ojämn
1625 1912 57 31 och
1703 1921 70 27 ryc-

287 1969 57 38 kig
365 1967 257 39 nyrekrytering
644 1966 127 31 medför
793 1966 82 30 även
897 1963 70 31 icke
990 1961 182 33 önskvärda
1194 1959 206 37 rubbningar
1423 1959 11 29 i
1456 1958 62 31 den
1541 1955 159 32 framtida
1722 1955 51 30 be-

291 2013 308 38 fordringsgången,
623 2011 89 31 vilka
734 2009 209 39 olägenheter
966 2009 79 37 göra
1066 2007 50 38 sig
1137 2005 174 31 märkbara
1333 2003 107 31 under
1462 2012 40 21 en
1523 2002 79 37 lång
1624 2000 87 38 följd
1733 2009 41 21 av

290 2059 46 29 år.
359 2058 120 29 Därest
500 2054 342 38 värdebrevbäringen
863 2063 48 20 nu
931 2052 104 31 skulle
1057 2050 198 32 återinföras
1277 2049 11 30 i
1311 2047 195 36 Stockholm,
1530 2046 163 36 Göteborg
1715 2043 59 32 och

290 2102 132 37 Malmö,
442 2102 125 30 komme
587 2100 91 31 detta
698 2102 48 28 att
765 2118 42 3 —
825 2097 108 31 under
952 2097 61 30 här
1031 2095 108 31 nedan
1159 2094 145 37 angivna
1324 2091 281 37 förutsättningar
1624 2109 41 3 —
1684 2089 89 30 inne-

290 2148 81 30 bära
390 2150 48 27 ett
455 2146 102 30 behov
576 2155 40 21 av
633 2142 257 39 nyrekrytering
908 2142 11 29 i
936 2139 315 38 brevbärargraden,
1269 2138 117 30 utöver
1405 2136 55 31 det
1478 2134 157 37 normala,
1655 2144 40 20 av
1714 2132 59 31 300

291 2192 19 30 å
327 2192 62 29 400
407 2200 84 21 man.
509 2190 157 30 Frånsett
683 2189 39 30 de
740 2186 209 39 olägenheter
966 2186 10 29 i
994 2185 96 38 fråga
1107 2194 52 20 om
1176 2184 64 30 den
1258 2181 160 32 framtida
1434 2178 340 38 befordringsgången

291 2246 41 21 m.
352 2245 52 27 m.,
425 2244 68 21 som
511 2233 96 33 alltid
626 2232 257 36 sammanhänga
902 2230 73 31 med
995 2240 40 20 en
1054 2228 92 39 dylik
1165 2225 304 39 massrekrytering,
1490 2224 93 30 torde
1603 2222 74 31 med
1695 2221 79 31 hän-

291 2292 62 28 syn
375 2282 54 30 till
451 2281 63 30 den
536 2280 151 31 alltmera
709 2278 168 31 minskade
900 2277 183 37 tillgången
1105 2276 44 37 på
1170 2273 203 32 arbetskraft
1395 2272 11 30 i
1430 2272 39 31 de
1491 2270 121 37 åldrar,
1636 2270 55 30 det
1713 2269 62 30 här

292 2329 113 37 gäller,
434 2326 208 39 möjligheter
669 2326 165 37 knappast
863 2323 187 31 förefinnas
1077 2325 49 28 att
1152 2331 47 21 nu
1227 2320 142 31 anställa
1396 2314 378 42 rekryteringspersonal

292 2375 10 30 i
327 2375 63 30 den
414 2373 210 38 omfattning,
649 2382 113 21 varom
785 2371 60 31 här
870 2371 37 29 är
932 2370 105 37 fråga.
1062 2368 115 31 Redan
1201 2368 53 30 för
1278 2365 208 32 närvarande
1511 2366 37 29 är
1571 2362 204 39 postverkets

292 2419 263 39 reservpersonal
579 2419 11 30 i
613 2417 306 38 brevbärargraden
943 2415 211 39 synnerligen
1176 2414 124 37 knapp,
1325 2413 60 30 och
1408 2412 55 31 det
1487 2412 37 29 är
1547 2410 132 30 förenat
1702 2408 72 30 med

290 2471 89 26 stora
402 2466 204 38 svårigheter
629 2468 50 28 att
701 2464 172 38 tillgodose
897 2462 55 31 det
976 2461 147 31 normala
1147 2458 371 39 rekryteringsbehovet.
