1906 2814
576 156 275 33 Statsutskottets
874 158 176 32 utlåtande
1071 160 48 30 Nr
1139 162 27 30 7.
1586 158 36 30 15

159 240 90 40 30:0)
292 241 265 31 Observations-
581 243 67 29 och
671 243 370 36 uppbördsprocenter
1064 254 47 22 m,
1134 253 46 22 m.
1205 245 80 30 Med
1308 245 246 37 tillstyrkande
1578 256 42 21 av

115 291 101 30 bifall
239 292 54 30 till
320 291 121 37 Kungl.
467 292 120 36 Maj:ts
612 292 132 37 förslag
775 292 122 39 (punkt
921 295 52 35 43,
1000 294 62 31 sid.
1089 294 52 39 39)
1173 296 64 29 och
1263 296 109 30 under
1397 296 149 37 erinran,
1572 300 48 27 att

115 342 55 30 för
191 342 234 31 innevarande
448 342 170 37 budgetår
641 343 152 31 anvisats
818 344 117 36 20,000
958 345 130 30 kronor
1111 345 55 31 för
1189 345 207 37 ändamålet,
1421 347 199 31 hemställer

114 393 174 35 utskottet,

467 471 50 28 att
538 467 182 38 riksdagen
743 468 58 31 må
821 469 50 31 till
895 469 257 32 Observations-
1174 471 65 30 och
1261 472 360 37 uppbördsprocenter

423 528 45 21 m.
497 528 46 21 m.
573 519 56 30 för
654 519 202 37 budgetåret
887 517 142 34 1941/42
1060 521 119 31 anvisa
1207 525 46 28 ett
1281 522 267 38 förslagsanslag
1577 533 41 21 av

424 570 118 35 12,000
566 570 138 31 kronor.

202 774 314 51 Ersättningar
544 774 72 40 för
644 775 219 40 särskilda
891 775 232 42 förmåner
1151 777 82 40 och
1262 778 268 51 rättigheter

797 859 56 26 m.
882 859 57 27 m.

156 968 90 40 31:0o)
285 969 204 37 Ersättning
512 969 52 31 till
586 970 165 30 städerna
774 970 56 30 för
851 970 128 31 mistad
1003 973 104 35 tolag.
1141 972 78 31 Med
1241 973 239 37 tillstyrkande
1503 983 42 21 av
1568 974 48 30 bi-

112 1018 62 31 fall
196 1019 51 30 till
269 1019 123 37 Kungl.
413 1019 120 37 Maj:ts
554 1020 130 37 förslag
712 1021 123 38 (punkt
858 1023 50 35 44,
932 1021 62 31 sid.
1019 1021 53 40 40)
1099 1023 65 30 och
1187 1024 111 29 under
1320 1024 147 37 erinran,
1491 1027 49 28 att
1563 1024 55 31 för

112 1069 234 31 innevarande
371 1069 170 37 budgetår
566 1071 151 31 anvisats
745 1072 172 35 8,500,000
946 1073 131 30 kronor
1103 1073 56 30 för
1185 1073 206 37 ändamålet,
1419 1075 198 30 hemställer

112 1120 173 36 utskottet,

464 1199 50 28 att
541 1197 184 36 riksdagen
753 1196 58 31 må
837 1198 50 30 till
915 1197 200 39 Ersättning
1142 1199 50 31 till
1220 1200 159 30 städerna
1408 1200 56 37 för
1490 1201 126 30 mistad

420 1247 93 37 tolag
543 1247 55 30 för
629 1247 202 37 budgetåret
867 1244 141 35 1941/42
1042 1248 119 33 anvisa
1193 1253 46 27 ett
1273 1250 267 38 förslagsanslag
1574 1260 41 21 av

419 1297 176 36 6,000,000
619 1298 139 31 kronor.

152 1429 90 39 32:0)
282 1430 140 30 Städers
447 1430 159 31 friheter.
631 1432 205 36 Ersättning
860 1432 51 30 till
937 1433 178 36 landsting
1139 1434 65 29 och
1230 1435 128 36 städer,
1382 1443 77 21 som
1484 1434 34 37 ej
1544 1436 69 29 del-

108 1482 77 34 taga
212 1480 11 30 i
251 1480 187 37 landsting,
465 1481 58 30 för
549 1481 52 30 till
626 1483 210 29 statsverket
862 1482 172 37 indragna
1061 1483 552 38 brännvinsförsäljningsmedel.

108 1530 170 36 Vederlag
298 1531 56 29 för
375 1531 174 36 nedlagda
571 1532 477 37 utskänkningsrättigheter.
1070 1534 203 37 Ersättning
1294 1535 56 29 för
1372 1535 240 30 skattefrälse-

109 1581 130 30 räntor.
261 1581 14 30 I
297 1581 148 36 enlighet
464 1584 80 29 med
567 1582 122 36 Kungl.
713 1583 119 36 Maj:ts
852 1583 129 37 förslag
1009 1583 207 39 (punkterna
1237 1586 139 35 45-—48,
1399 1585 62 31 sid.
1485 1586 42 29 40
1548 1586 64 30 och

108 1629 51 40 41)
185 1631 65 30 och
271 1632 109 29 under
398 1632 149 36 erinran,
568 1635 47 28 att
635 1642 134 22 samma
787 1634 125 37 belopp
933 1634 152 31 anvisats
1105 1635 55 30 för
1180 1635 233 31 innevarande
1433 1635 178 37 budgetår,

107 1681 198 30 hemställer
329 1682 174 37 utskottet,

459 1777 49 28 att
532 1775 185 36 riksdagen
739 1775 58 31 må
821 1775 54 31 för
898 1776 203 36 budgetåret
1127 1773 141 34 1941/42
1293 1777 118 31 anvisa

459 1823 30 40 a)
521 1825 51 30 till
602 1825 138 31 Städers
770 1826 143 37 friheter
941 1830 46 27 ett
1016 1827 268 38 förslagsanslag
1314 1837 41 21 av
1385 1828 119 36 40,000
1534 1829 75 30 kro-

413 1884 78 26 nor;

459 1923 34 40 b)
525 1924 50 30 till
598 1924 200 37 Ersättning
820 1925 51 30 till
893 1925 174 37 landsting
1089 1927 65 29 och
1176 1927 125 37 städer,
1323 1936 74 21 som
1420 1928 33 38 ej
1475 1928 135 36 deltaga

413 1976 10 28 i
452 1974 184 38 landsting,
674 1975 56 37 för
768 1976 51 30 till
855 1976 204 30 statsverket
1086 1977 167 36 indragna
1283 1978 326 38 brännvinsförsälj-

412 2025 215 36 ningsmedel
651 2029 46 27 ett
723 2026 118 36 anslag
867 2036 41 20 av
935 2027 175 35 3,100,000
1135 2027 141 36 kronor;

456 2074 30 40 c)
522 2074 49 31 till
603 2074 164 40 Vederlag
797 2076 55 37 för
880 2076 171 37 nedlagda
1082 2077 453 37 utskänkningsrättigheter
1565 2082 45 27 ett

411 2124 270 38 förslagsanslag
709 2136 42 20 av
782 2127 115 34 16,000
924 2127 142 36 kronor;

456 2174 33 39 d)
520 2175 51 30 till
599 2175 198 38 Ersättning
823 2177 55 37 för
903 2176 338 38 skattefrälseräntor
1269 2181 45 28 ett
1341 2178 269 37 förslagsanslag

411 2234 43 21 av
478 2226 117 34 18,000
616 2226 138 30 kronor.

147 2355 90 39 33:0)
277 2356 128 37 Bidrag
429 2357 53 30 till
507 2358 246 35 skattetyngda
778 2359 223 30 kommuner.
1039 2359 121 36 Kungl.
1188 2359 100 36 Maj:t
1313 2360 64 30 har
1406 2359 124 39 (punkt
1556 2361 51 35 49,

103 2406 60 30 sid.
184 2407 37 29 41
245 2407 65 30 och
332 2406 51 39 42)
408 2407 176 36 föreslagit
604 2408 184 36 riksdagen
808 2411 48 28 att
875 2409 71 30 dels
966 2408 51 31 till
1036 2409 125 36 Bidrag
1181 2410 50 30 till
1251 2410 240 36 skattetyngda
1511 2411 96 29 kom-

102 2466 122 20 muner
242 2456 55 31 för
315 2456 202 37 budgetåret
538 2454 140 34 1941/42
699 2459 119 30 anvisa
837 2462 45 27 ett
901 2459 270 37 förslagsanslag
1190 2469 41 21 av
1254 2461 193 35 16,500,000
1468 2461 139 35 kronor,
