2239 2668
784 218 231 38 Lagutskottets
1042 220 161 30 Utlåtande
1226 222 47 29 Nr
1294 221 50 31 45.
1831 222 20 32 3

248 295 201 36 förefinnes
480 295 82 37 skäl
589 296 57 37 för
675 297 45 36 de
749 297 240 48 lagstiftande
1018 300 311 48 myndigheterna
1358 303 54 34 att
1439 301 148 49 ingripa
1616 304 46 46 på
1692 306 40 33 så
1761 307 86 42 sätt,

250 353 54 32 att
333 353 53 32 ett
414 350 133 48 tillägg
575 357 107 41 göres
711 352 57 36 till
799 353 22 46 &
854 355 58 34 12.

353 404 234 48 Visserligen
615 406 104 36 torde
747 406 14 36 i
790 409 135 46 många
953 408 66 35 fall
1047 409 272 48 upplysningar
1348 410 39 35 af
1413 411 62 36 det
1505 411 90 47 slag,
1624 423 76 24 som
1721 413 67 35 här
1808 419 40 30 är

247 457 14 35 i
288 458 117 47 fråga,
438 461 56 33 stå
522 460 110 35 hvem
661 472 77 24 som
769 461 97 36 helst
892 461 58 36 till
978 462 106 44 buds,
1115 463 149 36 hvadan
1294 464 62 35 det
1384 464 75 36 kan
1489 477 87 24 vara
1606 467 241 47 synnerligen

248 514 102 33 svårt
393 515 54 33 att
487 513 84 36 leda
610 513 13 36 i
665 514 209 48 bevisning,
920 518 54 34 att
1016 517 72 35 den
1131 517 300 48 eftertryckande
1467 519 176 36 skriftens
1673 526 110 41 ägare
1812 521 32 48 ej

247 566 149 36 erhållit
438 567 327 48 primäruppgifter
806 572 91 33 utan
939 570 95 47 tagit
1076 572 81 34 dem
1201 584 133 35 genom
1365 573 213 48 eftertryck,
1609 586 85 23 men
1724 575 122 36 denna

247 621 289 47 omständighet,
568 634 76 23 som
675 622 219 48 visserligen
924 624 75 35 kan
1018 624 191 37 förorsaka
1229 626 231 47 svårigheter
1479 627 63 36 vid
1563 628 68 35 och
1650 627 196 38 inskränk-

246 673 135 48 ningar
408 675 13 35 i
449 675 129 47 lagens
607 676 249 48 tillämpning,
887 678 66 35 bör
982 678 96 36 dock
1108 679 31 48 ej
1171 680 143 45 hindra,
1346 684 53 32 att
1429 681 123 48 skydd
1579 682 155 36 beredes
1763 683 13 35 i
1800 684 45 34 de

245 728 77 45 fall,
355 729 65 34 där
447 729 199 48 bevisning
675 731 75 35 kan
780 732 281 47 åvägabringas.
1119 734 188 36 Tillvaron
1336 734 40 35 af
1397 738 52 32 ett
1470 736 122 47 skydd
1611 736 13 35 i
1643 748 52 23 nu
1714 736 132 48 ifråga-

246 783 162 35 varaude
438 783 175 36 afseende
641 785 105 35 torde
772 785 69 35 ock
870 785 196 37 afskräcka
1095 790 161 44 mången
1284 788 82 36 från
1395 789 202 48 eftertryck
1628 790 109 36 äfven
1767 792 11 34 i
1800 792 45 34 de

244 836 78 44 fall,
356 837 65 34 där
451 837 231 47 svårigheter
710 838 13 35 i
750 839 432 48 bevisningshänseende
1211 841 129 36 kunna
1369 842 234 37 förefinnas.»

351 1159 184 36 Gällande
554 1160 62 47 lag
632 1162 192 45 angående
841 1164 219 45 äganderätt
1074 1163 57 36 till
1147 1164 108 36 skrift
1270 1165 67 35 har
1350 1164 58 36 till
1429 1166 171 35 ändamål
1620 1169 53 33 att
1694 1167 144 48 skydda

245 1216 75 32 mot
350 1212 203 49 eftertryck
583 1215 139 35 sådana
752 1216 111 35 alster
892 1217 40 35 af
957 1217 235 48 själfständig
1216 1219 127 46 andlig
1368 1219 247 45 verksamhet,
1638 1232 76 24 som
1734 1221 13 35 i
1766 1222 75 47 lag-

242 1266 222 48 stiftningen
492 1267 218 37 innefattats
738 1270 120 35 under
887 1270 203 48 begreppet
1126 1272 166 36 »skrift>.
1333 1274 72 34 För
1435 1275 121 34 denna
1575 1275 267 49 lagstiftnings

243 1321 173 35 ändamål
445 1322 55 35 lär
530 1322 63 36 det
621 1323 165 36 däremot
814 1324 12 34 i
854 1325 103 46 regel
986 1338 88 23 vara
1094 1326 229 36 främmande
1340 1330 53 33 att
1411 1328 112 47 lägga
1543 1328 300 49 hinder
1687 1317 20 64 i
1727 1328 116 49 vägen

243 1375 57 35 för
328 1375 128 35 vidare
486 1376 200 46 spridande
710 1389 132 35 genom
872 1379 109 47 tryck
1010 1380 40 34 af
1075 1381 217 35 meddelade
1321 1381 115 45 fakta,
1466 1382 129 36 hvilka
1624 1383 31 48 ej
1686 1384 153 36 framstå

243 1431 119 33 såsom
391 1430 157 35 resultat
577 1430 39 35 af
642 1431 115 35 sådan
787 1432 247 36 verksamhet.

351 1483 100 35 Utan
482 1486 52 33 att
563 1489 168 31 närmare
760 1485 88 47 ingå
877 1489 47 44 på
953 1486 142 47 frågan,
1124 1487 13 35 i
1166 1488 99 36 hvad
1295 1491 85 33 mån
1403 1490 138 35 sådana
1560 1491 99 46 slags
1680 1491 161 44 skrifter,

244 1536 212 47 periodiska
486 1537 89 36 eller
603 1538 94 44 icke,
729 1551 76 23 som
837 1540 44 35 de
903 1541 40 35 af
959 1541 229 36 motionären
1209 1543 163 44 afsedda,
1393 1544 116 35 redan
1530 1544 117 47 enligt
1667 1545 173 46 gällande

206 1631 10 6 .
242 1590 236 47 lagstiftning
509 1594 58 33 må
597 1604 108 23 anses
734 1593 193 48 skyddade
956 1597 76 33 mot
1061 1595 212 48 eftertryck,
1304 1597 65 36 vill
1397 1598 184 35 utskottet
1601 1601 98 33 emot
1714 1600 125 35 motio-

243 1649 135 30 närens
408 1644 137 48 förslag
573 1645 205 45 framhålla,
811 1650 53 33 att
893 1648 63 35 det
983 1648 83 35 icke
1095 1661 111 35 synes
1234 1650 181 47 lämpligt,
1438 1654 54 33 att
1511 1651 56 36 för
1592 1654 52 33 ett
1664 1653 177 36 särskildt

240 1698 66 35 fall
334 1698 181 47 uppgifva
543 1699 129 47 lagens
703 1701 185 35 allmänna
917 1701 266 49 förutsättning
1212 1703 55 36 för
1296 1704 211 49 eftertryck,
1540 1717 133 35 genom
1700 1710 63 41 att,
1795 1709 45 45 på

242 1755 72 32 sätt
352 1752 232 36 motionären
625 1753 163 46 föreslår,
820 1758 120 33 såsom
975 1757 132 35 sådant
1139 1757 188 36 rubricera
1356 1759 129 48 hvarje
1514 1772 44 23 ur
1587 1759 74 37 viss
1691 1761 110 36 skrift
1828 1761 13 35 i

242 1818 124 23 annan
410 1806 109 36 skrift
548 1807 123 48 gjordt
700 1809 132 35 sådant
859 1810 146 47 utdrag,
1037 1823 76 23 som
1144 1812 230 36 motionären
1404 1813 107 36 afser.
1569 1814 59 35 En
1658 1815 105 47 dylik
1793 1816 48 35 af-

241 1860 141 35 vikelse
425 1861 82 35 från
551 1861 107 48 eljest
699 1863 171 46 gällande
909 1865 121 45 regler
1064 1877 109 36 synes
1203 1878 44 23 ur
1274 1867 210 47 principiell
1514 1868 193 47 synpunkt
1737 1870 102 35 desto

243 1926 77 23 mer
349 1914 189 47 oegentlig
564 1927 76 24 som
670 1916 249 37 motionärens
947 1918 138 47 förslag
1115 1920 132 35 endast
1276 1920 116 47 gäller
1417 1921 72 35 den
1510 1922 212 46 periodiska
1742 1936 97 34 pres-

242 1980 76 32 sen,
348 1968 57 35 för
433 1969 155 35 hvilken
617 1970 182 36 särskilda
827 1971 13 35 i
870 1972 72 35 den
972 1972 39 35 af
1035 1973 134 35 honom
1201 1975 167 47 åsyftade
1385 1975 221 47 paragrafen
1623 1976 40 35 af
1678 1978 161 34 nämnda

241 2022 61 46 lag
332 2022 152 46 angifna
512 2022 187 37 lättnader
729 2027 138 33 ansetts
891 2025 89 36 böra
1010 2027 149 46 stadgas
1177 2027 13 35 i
1210 2028 230 36 förhållande
1460 2029 58 35 till
1540 2029 106 48 eljest
1666 2031 172 46 gällande

240 2076 120 46 regler
389 2088 57 23 om
477 2076 212 49 eftertryck.

345 2129 212 48 Begreppet
606 2131 140 45 »skrift,
790 2132 111 36 hvars
945 2134 94 35 enda
1074 2134 91 35 eller
1193 2135 291 48 hufvudsakliga
1515 2138 172 35 ändamål
1716 2144 39 30 är
1785 2142 53 33 att

239 2183 232 47 itllhandagå
514 2184 251 37 allmänheten
807 2187 83 34 med
920 2188 271 47 upplysningar
1225 2189 40 35 af
1288 2189 92 37 visst
1410 2191 119 47 slag»,
1562 2196 39 30 är
1643 2191 55 36 för
1728 2193 110 46 öfrigt

1876 1178 146 27 Utskoltets

1878 1214 138 35 yttrande.
