2190 2636
421 207 20 30 2
813 210 362 42 Bevillningsutskottets
1197 213 173 32 Memorial
1392 215 66 32 N:o
1480 215 54 31 23.

378 286 272 37 taxerubriken
679 301 62 23 n:o
769 291 88 34 371:
886 290 225 48 »Maskiner,
1135 292 180 50 Redskap
1337 293 72 37 och
1429 293 175 50 Verktyg
1623 294 93 37 eller
1736 295 106 36 delar
1862 295 117 48 deraf,

380 336 35 47 ej
446 338 305 48 specificerade»,
780 339 58 37 för
865 340 130 37 hvilka
1022 346 41 31 är
1091 342 162 49 stadgad
1281 357 48 23 en
1356 343 151 38 tullsats
1535 344 42 37 af
1599 347 45 34 10
1663 351 160 43 procent
1841 346 42 36 af
1898 351 81 31 vär-

379 386 77 47 det,
495 388 70 36 och
607 389 159 37 sålunda
806 390 119 49 draga
965 405 146 23 samma
1151 393 68 36 tull
1252 407 81 23 som
1364 394 128 49 dylika
1519 395 165 49 redskap
1712 396 41 36 af
1770 396 88 48 jern
1886 397 94 36 eller

379 438 85 46 stål,
492 451 115 36 synes
636 439 65 37 det
728 440 41 37 af
790 442 425 49 generaltullstyrelsen
1247 444 223 37 framstälda
1502 446 147 48 förslag
1679 446 84 36 icke
1796 446 182 38 innebära

378 491 127 45 någon
546 489 225 50 förändring
797 492 13 35 i
837 505 51 23 nu
926 494 193 46 utgående
1160 494 194 37 tullsatser
1395 496 59 35 för
1492 496 291 48 ifrågavarande
1811 497 167 47 artiklar,

377 544 92 31 utan
508 540 109 36 torde
660 541 80 37 afse
780 542 163 37 allenast
982 557 47 23 en
1062 545 134 47 åtgärd
1223 544 12 36 i
1263 546 99 48 syfte
1391 551 55 31 att
1471 547 13 36 i
1511 546 47 37 de
1586 547 213 37 statistiska
1825 548 154 48 uppgif-

377 594 109 32 terna
509 591 199 47 angående
735 592 185 37 införseln
948 594 35 36 få
1001 607 146 23 samma
1166 595 155 37 artiklar
1338 596 187 49 uppförda
1544 597 122 36 under
1684 611 40 23 en
1745 598 233 46 taxerubrik,

378 639 147 37 hvilket
551 654 48 23 nu
629 642 86 36 icke
743 647 40 32 är
811 643 122 47 fallet,
961 644 46 36 då
1034 644 58 47 de,
1122 648 49 46 på
1199 651 75 31 sätt
1301 660 94 35 nyss
1423 652 164 41 nämnts,
1615 647 283 37 tullbehandlas
1930 652 48 45 på

378 690 102 37 olika
518 696 85 42 sätt,
646 691 67 37 allt
753 692 96 38 efter
889 707 80 23 som
999 694 45 37 de
1073 696 110 36 bestå
1209 696 40 37 af
1271 701 59 32 trä
1358 697 93 37 eller
1478 698 41 36 af
1537 698 88 47 jern
1653 698 93 36 eller
1773 699 83 36 stål.
1911 699 66 37 Ut-

378 740 154 48 skottet,
560 755 80 23 som
670 743 84 36 icke
783 744 69 36 har
878 748 118 45 något
1022 751 54 31 att
1103 752 81 31 mot
1211 760 45 23 en
1286 748 118 37 sådan
1434 748 133 48 åtgärd
1597 749 137 47 erinra,
1757 748 221 38 hemställer

376 791 252 47 fördenskull,

878 901 54 31 att
959 896 219 49 Riksdagen
1207 901 115 34 måtte
1351 899 163 47 besluta,
1542 905 55 32 att
1623 900 180 37 rubriken
1822 914 62 23 n:o
1905 903 67 34 571

775 946 11 35 i
826 946 178 47 gällande
1041 948 163 37 tulltaxa
1241 949 98 36 skall
1378 950 142 36 erhålla
1551 951 169 48 följande
1748 951 228 36 förändrade

776 995 166 50 lydelse:

777 1046 186 50 »Skyfflar,
991 1049 154 48 Spadar,
1177 1050 134 48 Grepar
1340 1050 73 37 och
1442 1051 204 49 Högafflar,
1667 1052 86 36 med
1774 1053 92 36 eller
1886 1059 88 30 utan

877 1098 101 36 3:35
961 1094 5 59 6
1553 1104 70 35 100
1653 1103 139 36 kronor
1823 1105 56 34 10:
1907 1113 69 23 —>

509 1194 221 38 Stockholm
759 1196 74 37 den
863 1200 20 33 9
914 1212 98 22 mars
1043 1201 106 35 1900.

815 1297 52 37 På
895 1298 440 49 bevillningsutskottets
1368 1306 156 45 vägnar:

1020 1400 44 36 H.
1096 1400 231 38 CAVALLI.

503 1749 97 37 Herr
630 1752 118 48 Meyer
775 1752 67 36 har
873 1753 134 49 begärt
1034 1754 37 36 få
1097 1756 242 47 antecknadt,
1369 1762 55 31 att
1451 1757 73 37 han
1547 1758 85 37 icke
1654 1758 156 49 deltagit
1830 1760 10 36 i
1862 1765 106 32 ären-

368 1797 87 37 dets
485 1800 233 49 behandling
744 1802 102 37 inom
875 1805 195 35 utskottet.

800 2252 198 42 Stockholm,
1020 2255 36 45 P.
1071 2257 34 38 A.
1119 2243 151 59 Nymans
1292 2244 120 49 Eftertr.
1435 2261 86 33 1900.
