2200 2576
359 190 39 30 14
808 187 104 32 Stats-
921 186 167 33 Utskottets
1120 185 176 32 Utlåtande
1319 185 64 31 N:o
1406 187 50 28 41.

312 274 133 31 senast
488 266 225 38 verkstälda
755 265 268 50 organisation
1053 264 41 36 af
1118 263 406 50 Riksgäldskontoret,
1554 262 32 48 ej
1617 261 136 36 vidare
1782 262 149 49 lämpar

312 321 62 48 sig
402 321 61 35 för
489 319 204 36 kontorets
722 317 262 48 verksamhet,
1016 316 293 47 förvaltningen
1338 315 43 36 af
1404 315 74 36 den
1495 328 51 22 nu
1563 313 229 48 ifrågasatta
1809 318 124 32 större

314 372 145 37 fonden
489 371 59 36 för
577 370 206 37 enahanda
812 369 181 36 ändamål
1021 369 72 36 bör
1122 368 222 46 öfvertagas
1377 366 42 36 af
1443 365 300 37 Statskontoret.

443 422 138 49 Enligt
623 422 102 36 hvad
749 422 73 48 jag
849 421 120 36 redan
995 419 206 47 meddelat,
1232 418 70 36 har
1327 415 503 39 Landtbruksakademiens
1860 415 75 36 för-

312 474 352 48 valtningskomité
694 476 125 33 såsom
850 472 193 36 särskilda
1071 470 297 37 bestämmelser
1397 469 59 36 för
1484 469 74 36 den
1589 481 78 35 nya
1695 466 240 49 odlingsfon-

313 528 73 35 den
416 526 217 49 föreslagit,
664 531 56 30 att
748 523 214 37 understöd
992 523 85 36 från
1105 522 141 36 fonden
1278 521 126 36 skulle
1434 523 93 46 utgå
1556 519 88 37 med
1674 518 86 37 hela
1790 519 65 35 det
1870 518 65 36 be-

315 579 102 48 lopp,
447 577 158 37 hvartill
626 576 242 48 afdiknings-
885 575 69 36 och
973 572 422 50 odlingskostnaderna
1413 570 349 38 sammanräknade
1779 570 155 36 komme

314 636 57 29 att
413 632 144 46 uppgå,
585 634 100 30 samt
714 633 56 30 att
798 628 128 46 lånen,
957 626 134 36 hvilka
1119 626 106 47 finge
1253 624 231 36 innehafvas
1513 624 46 35 de
1590 623 76 36 fem
1695 622 123 36 första
1843 624 91 33 åren

313 687 94 30 utan
437 685 57 32 att
523 680 195 36 derunder
748 683 19 32 å
797 679 87 36 dem
914 677 151 37 erlades
1094 681 113 31 ränta
1232 675 92 37 eller
1353 674 412 50 kapitalafbetalning,
1796 672 136 47 skulle,

314 733 99 36 efter
443 732 66 36 det
537 737 140 31 räntan
707 730 124 48 enligt
859 729 180 37 bestämd
1067 728 170 36 räntefot
1264 727 129 36 blifvit
1419 728 56 34 för
1503 727 114 36 dessa
1642 726 75 35 fem
1738 728 40 32 år
1798 724 136 36 beräk-

314 784 89 47 nad,
447 784 86 36 från
578 783 65 36 det
686 783 112 46 sjette
841 784 81 33 året
960 782 123 47 jemte
1119 780 46 35 de
1195 779 74 36 fem
1301 782 111 32 årens
1441 778 164 48 tillagda
1634 776 300 49 kapitaliserade

313 841 133 31 räntor
487 834 221 49 återgäldas
743 833 89 36 med
869 846 48 23 en
947 832 177 36 annuitet
1153 830 42 37 af
1220 834 78 33 åtta
1327 836 160 43 procent
1516 832 21 33 å
1565 829 87 36 hela
1681 829 66 36 det
1775 827 160 36 sålunda

313 887 316 49 uppkommande
659 885 285 49 lånebeloppet,
975 884 113 36 deraf
1111 883 119 48 högst
1259 881 75 37 fem
1364 886 160 44 procent
1552 885 122 32 ränta.

445 938 82 36 Mot
556 937 188 48 förslaget
774 950 61 22 om
866 935 366 37 låneunderstödets
1263 932 294 39 bestämmande
1586 932 59 36 till
1671 934 42 34 så
1742 935 99 32 stort
1869 930 64 36 be-

315 992 103 48 lopp,
451 1003 82 23 som
563 988 438 49 förvaltningskomitén
1031 986 215 48 ifrågasatt,
1277 998 118 37 synes
1424 985 80 47 mig
1529 982 274 49 betänklighet
1819 986 114 32 möta.

315 1041 105 37 Enär
463 1041 197 48 nemligen
702 1040 121 36 redan
869 1053 61 33 nu,
962 1039 47 36 då
1039 1043 128 31 staten
1196 1038 149 35 lemnar
1373 1037 63 35 lån
1464 1036 58 36 till
1547 1035 156 36 relativt
1732 1034 112 48 ringa
1874 1033 61 36 del

315 1094 42 36 af
396 1093 46 36 de
486 1092 222 37 beräknade
753 1090 275 47 kostnaderna,
1073 1090 308 35 understundom
1424 1087 186 47 inträffar,
1640 1092 56 30 att
1724 1098 144 35 egaren
1898 1084 42 36 af

315 1144 283 37 vattendränkt
641 1143 110 36 mark
794 1143 140 36 inlåter
977 1142 60 47 sig
1066 1144 48 46 på
1144 1140 271 48 ofullständigt
1444 1139 210 49 planlagda
1682 1137 252 48 utdiknings-

315 1197 73 36 och
418 1196 325 48 odlingsföretag,
773 1195 100 35 lärer
903 1194 87 36 med
1020 1192 139 48 temlig
1182 1193 152 36 visshet
1362 1192 133 35 kunna
1523 1196 179 42 antagas,
1719 1194 68 41 att,
1806 1189 130 36 derest

315 1249 89 35 hela
447 1247 220 37 kostnaden
698 1246 58 36 för
785 1249 41 33 så
857 1245 63 36 väl
949 1244 278 49 torrläggning
1256 1257 82 23 som
1369 1243 133 47 odling
1528 1242 123 36 skulle
1681 1240 167 37 erhållas
1878 1243 57 33 så-

316 1314 82 22 som
427 1299 76 47 lån,
535 1298 100 36 slika
665 1298 149 35 mindre
844 1297 64 35 väl
938 1296 232 36 förberedda
1199 1298 150 44 företag
1379 1295 122 36 skulle
1532 1294 121 36 oftare
1684 1292 251 37 sättas
1819 1288 20 62 i
1858 1292 77 37 ver-

313 1352 67 36 ket
408 1351 60 36 till
494 1350 123 36 skada
647 1352 42 34 så
718 1349 63 36 väl
811 1350 59 35 för
899 1349 74 35 den
1003 1347 176 37 enskilde
1209 1361 83 22 som
1321 1347 66 36 det
1411 1346 203 36 allmänna.
1660 1345 134 35 Ehuru
1810 1344 70 48 jag
1896 1343 41 36 af

316 1403 122 36 sådan
474 1401 215 48 anledning
716 1401 86 36 icke
831 1401 127 35 finner
986 1400 65 35 det
1080 1399 191 49 lämpligt,
1302 1404 56 30 att
1388 1403 126 31 staten
1543 1410 142 35 genom
1713 1395 220 37 beredande

315 1455 41 35 af
380 1454 70 36 allt
479 1455 57 35 för
561 1458 81 31 stor
672 1453 140 35 lätthet
840 1452 59 35 till
929 1450 222 37 erhållande
1181 1453 38 33 af
1244 1451 63 35 lån
1338 1450 58 36 för
1413 1449 163 36 berörda
1592 1448 179 36 ändamål
1787 1447 148 36 inleder

315 1518 118 35 egare
470 1506 41 35 af
542 1503 288 37 vattenskadad
860 1503 110 36 mark
1000 1503 55 35 uti
1085 1502 208 48 vanskliga
1321 1501 153 49 företag
1503 1501 39 36 af
1567 1500 118 36 sådan
1716 1499 219 36 beskaffen-

316 1558 68 35 het
409 1570 83 23 som
522 1557 47 35 de
600 1555 265 47 förevarande,
898 1567 117 36 synes
1046 1554 82 48 mig
1155 1554 119 36 likväl
1305 1558 123 32 större
1456 1551 304 37 låneunderstöd
1790 1555 48 31 än
1859 1550 76 36 tili-

315 1610 135 35 förene
480 1608 94 35 böra
603 1608 151 36 lemnas
784 1608 57 34 för
871 1606 133 49 dylika
1033 1607 164 46 företag,
1224 1605 69 37 och
1326 1618 114 23 anser
1463 1605 70 48 jag
1561 1603 59 36 för
1649 1603 77 35 min
1745 1602 61 37 del
1823 1602 113 36 dessa

316 1660 215 36 understöd
560 1659 214 48 lämpligen
805 1659 92 35 böra
926 1658 235 35 bestämmas
1190 1657 58 36 till
1276 1657 65 36 det
1368 1656 152 48 belopp,
1544 1654 156 36 hvartill
1717 1653 218 37 kostnaden

317 1713 59 35 för
418 1712 76 35 den
524 1711 254 47 fullständiga
805 1709 339 49 torrläggningen,
1176 1708 65 37 det
1270 1708 67 36 vill
1367 1712 94 43 säga
1491 1707 87 36 hela
1610 1705 326 37 vattenaflednin-

316 1776 79 35 gen
437 1762 73 37 och
545 1762 267 47 afdikningen,
842 1762 211 35 beräknats
1082 1760 154 36 komma
1266 1765 56 31 att
1349 1762 143 46 uppgå,
1523 1771 86 23 men
1640 1757 296 36 låneunderstö-

315 1816 78 35 den
422 1814 150 36 lemnas
602 1813 59 36 till
691 1813 349 48 odlingsföretaget
1068 1812 11 35 i
1110 1811 58 36 sin
1199 1811 147 41 helhet;
1378 1810 170 37 börande
1578 1809 243 36 fördenskull
1849 1808 88 36 full-

317 1866 159 48 ständig
503 1865 104 49 plan,
638 1865 252 49 upptagande
920 1863 186 37 särskildt
1134 1863 265 36 kostnaderna
1428 1862 58 36 för
1514 1861 328 48 torrläggningen
1864 1860 72 36 och

317 1917 188 36 särskildt
548 1917 59 35 för
649 1916 193 49 odlingen,
887 1928 93 23 vara
1009 1914 193 49 uppgjord
1232 1915 71 35 och
1328 1914 116 36 hafva
1472 1913 139 36 vunnit
1639 1913 124 36 Eders
1794 1911 140 49 Kongl.

315 1969 132 48 Maj:ts
478 1968 251 36 fastställelse
758 1968 82 36 före
871 1967 95 36 eller
994 1965 202 50 samtidigt
1226 1965 85 36 med
1329 1965 360 37 låneunderstödets
1706 1964 229 49 beviljande.

315 2022 79 35 För
418 2019 198 37 vinnande
645 2020 43 35 af
712 2019 150 37 visshet
891 2019 143 46 derom,
1065 2022 56 31 att
1150 2017 218 37 ändamålet
1397 2018 86 35 med
1504 2016 188 49 beviljadt
1707 2015 230 37 låneunder-

317 2072 90 36 stöd
435 2071 153 47 vinnes,
619 2071 93 36 eller
741 2076 55 31 att
825 2070 187 48 odlingen
1041 2069 206 48 verkligen
1278 2069 73 36 blir
1379 2068 141 48 utförd,
1552 2081 117 36 synes
1700 2068 72 48 mig
1796 2066 142 50 jemväl

316 2125 96 35 böra
446 2123 161 49 stadgas
637 2127 67 42 att,
737 2123 130 36 derest
895 2122 87 36 icke
1011 2121 124 36 Eders
1165 2120 142 49 Kongl.
1338 2121 111 48 Maj:t
1477 2120 86 36 med
1593 2120 184 36 afseende
1808 2122 20 33 å
1858 2124 78 31 sär-

318 2176 129 36 skilda
488 2174 274 37 förhållanden
797 2174 159 49 pröfvar
986 2172 145 49 skäligt
1156 2172 243 37 annorlunda
1428 2172 193 48 förordna,
1651 2175 129 45 någon
1810 2171 61 36 del
1901 2169 41 36 af

316 2225 347 39 låneunderstödet
697 2226 69 35 bör
793 2226 12 35 1
837 2225 291 37 Statskontoret
1156 2224 230 48 innehållas,
1416 2224 193 36 intilldess
1640 2223 129 49 styrkt
1797 2221 138 46 blifvit,

318 2284 56 31 att
404 2279 195 47 företaget
627 2278 12 36 i
669 2277 61 37 sin
759 2277 131 36 helhet
920 2282 41 31 är
989 2276 157 36 utfördt.
