2197 2576
376 201 38 30 10
799 197 104 32 Stats-
914 197 171 32 Utskottets
1113 195 176 33 Utlåtande
1325 196 63 31 N:o
1411 197 51 28 41.

330 280 130 36 derest
488 277 397 49 utdikningsarbeten
915 276 206 37 framdeles
1151 275 173 36 utfördes
1352 275 12 35 i
1394 286 148 24 samma
1569 273 277 48 utsträckning
1869 287 79 22 som

329 330 217 45 tillförene;
582 334 101 32 samt
716 336 63 40 att,
811 341 61 23 om
902 328 156 49 hänsyn
1089 333 112 42 toges
1232 326 165 36 allenast
1425 325 60 36 till
1514 324 75 37 den
1618 324 265 49 odlingsmark
1913 325 42 36 af

330 381 182 49 omkring
555 382 166 47 600,000
764 380 203 48 tunnland,
1009 379 174 47 hvilken,
1228 377 122 49 enligt
1379 377 104 37 hvad
1512 376 439 48 förvaltningskomitén

329 434 174 49 upplyst,
546 433 122 37 redan
705 432 130 36 blifvit
865 432 216 36 undersökt
1123 431 73 36 och
1239 429 193 48 kartlagd,
1479 428 71 37 och
1584 428 60 36 för
1673 428 117 36 hvars
1817 427 134 48 odling

331 486 137 48 planer
496 485 131 36 blifvit
655 484 231 49 uppgjorda,
916 484 134 35 trettio
1079 483 59 36 till
1167 481 142 49 fyratio
1340 484 40 33 år
1401 480 123 36 skulle
1542 480 121 36 under
1682 479 269 49 nyssnämnda

330 537 284 49 förutsättning
643 536 169 47 förflyta,
842 535 121 36 innan
993 535 186 47 odlingen
1209 533 112 36 deraf
1344 532 131 36 hunne
1504 531 244 37 verkställas.

463 589 115 36 Hvad
621 587 173 49 anginge
841 586 64 36 det
938 599 120 36 gagn,
1089 599 47 23 en
1166 590 125 31 större
1321 583 265 50 odlingsfond,
1617 583 120 36 sådan
1768 595 80 23 som
1876 582 73 36 den

331 640 237 49 föreslagna,
613 639 124 37 skulle
767 639 186 46 medföra,
983 651 92 23 vore
1105 636 193 50 styrelsen
1327 635 232 49 öfvertygad
1590 640 66 41 att,
1688 634 131 36 derest
1845 633 105 36 låne-

330 692 216 37 understöd
589 692 84 36 från
702 690 144 37 fonden
877 690 203 36 lemnades
1109 692 48 45 på
1185 688 179 48 billigare
1395 687 125 36 vilkor
1548 691 48 31 än
1625 686 196 36 tillförene
1851 690 99 31 samt

331 745 166 47 utginge
522 743 59 37 till
610 742 87 37 hela
726 743 66 35 det
820 741 154 49 belopp,
995 740 157 37 hvartill
1169 740 216 36 kostnaden
1401 738 60 37 för
1476 742 43 32 så
1536 738 61 36 väl
1618 737 333 48 hufvudafloppen

332 809 83 24 som
446 796 126 48 öfriga
602 795 58 36 för
690 794 182 36 markens
888 793 257 47 fullständiga
1162 790 279 49 torrläggning
1457 789 72 38 och
1546 789 134 49 odling
1696 788 255 49 erforderliga

331 848 119 36 diken
479 860 93 23 vore
601 846 211 47 beräknad,
845 845 46 36 de
921 845 59 36 för
1008 844 153 36 landets
1190 842 290 47 modernäring,
1511 841 249 47 åberbruket,
1779 840 174 48 maktpå-

331 899 188 49 liggande
549 898 73 37 och
650 898 209 48 gagnande
888 895 437 49 utdikningsföretagen
1354 894 124 35 skulle
1507 894 13 35 i
1537 893 79 48 hög
1630 892 97 48 grad
1745 892 206 48 befrämjas

333 952 72 36 och
430 950 266 49 fortskyndas.

464 1002 247 37 Beträffande
755 1004 81 33 åter
864 1000 139 47 frågan
1031 999 191 36 huruvida
1251 996 365 38 låneunderstödets
1646 994 145 37 storlek
1821 994 128 48 borde,

332 1058 49 45 på
415 1059 79 32 sätt
528 1051 441 49 förvaltningskomitén
998 1050 215 47 föreslagit,
1242 1049 60 36 för
1329 1049 136 48 hvarje
1494 1046 185 37 särskildt
1707 1047 151 48 företag
1887 1045 65 37 be-

334 1112 186 30 stämmas
550 1105 60 36 till
636 1105 65 36 det
728 1105 155 47 belopp,
913 1102 161 37 hvartill
1101 1102 84 36 icke
1212 1101 98 36 blott
1325 1100 242 47 afdiknings-
1583 1105 92 29 utan
1693 1098 70 36 ock
1780 1098 172 47 odlings-

334 1157 219 37 kostnaden
583 1158 152 35 komme
766 1162 56 29 att
851 1157 147 47 uppgå;
1031 1156 52 45 så,
1113 1154 121 35 ehuru
1252 1152 105 48 Väg-
1376 1152 71 36 och
1466 1148 486 51 vattenbyggnadsstyrel-

334 1223 69 23 sen
444 1209 87 36 icke
574 1212 129 44 vågat,
746 1208 11 35 i
801 1206 148 37 saknad
993 1206 42 36 af
1059 1204 253 48 erforderliga
1340 1203 166 48 insigter
1534 1202 12 35 i
1575 1200 376 48 landthushållning,

334 1261 131 36 derom
495 1260 62 49 sig
586 1261 133 45 utlåta,
750 1259 70 36 har
850 1258 193 48 styrelsen
1072 1256 119 36 likväl
1219 1261 95 31 trott
1343 1254 62 49 sig
1434 1255 90 35 böra
1556 1253 201 36 framhålla
1779 1252 173 36 nödvän-

333 1313 190 47 digheten
553 1311 113 37 deraf
690 1316 66 42 att,
788 1311 59 35 för
876 1309 167 48 behörig
1072 1307 181 47 kontroll,
1284 1306 190 37 särskilda
1495 1303 458 48 kostnadsberäkningar

333 1364 241 49 uppgjordes
605 1363 108 37 öfver
742 1359 453 50 afdikningskostnaden
1226 1358 71 37 och
1320 1358 106 36 öfver
1440 1356 219 37 kostnaden
1677 1356 59 36 för
1752 1355 198 49 odlingen.

462 1415 130 36 Jemte
624 1414 65 37 det
717 1413 105 48 Väg-
839 1413 71 36 och
927 1409 548 51 vattenbyggnadsstyrelsen
1491 1408 188 36 förklarat
1695 1408 62 47 sig
1775 1407 84 36 dela
1878 1406 75 36 den

334 1468 42 35 af
399 1465 441 50 förvaltningskomitén
865 1463 171 37 uttalade
1066 1462 113 49 åsigt,
1210 1467 56 31 att
1294 1460 213 37 understöd
1533 1460 85 35 från
1634 1459 75 36 den
1724 1458 230 49 ifrågasatta

335 1519 145 36 fonden
512 1518 119 36 borde
661 1516 278 37 företrädesvis
970 1514 200 37 användas
1199 1513 60 36 till
1288 1511 214 38 understöd
1532 1510 60 36 för
1606 1510 219 49 uppodling
1841 1510 42 35 af
1896 1512 58 33 så-

335 1571 101 35 dana
465 1569 304 37 vattendränkta
798 1567 150 37 trakter
976 1567 106 35 inom
1107 1565 142 47 landet,
1280 1577 82 23 som
1381 1576 92 23 vore
1490 1563 39 36 af
1542 1567 124 31 större
1683 1560 272 49 utsträckning

335 1622 72 36 och
436 1621 42 36 af
498 1621 155 36 hvilkas
684 1620 134 47 odling
846 1619 93 36 flere
968 1618 99 36 hade
1096 1630 119 35 gagn,
1244 1616 118 36 funne
1392 1615 98 36 dock
1508 1614 195 48 styrelsen
1719 1613 236 36 härutinnan

334 1686 94 24 vara
462 1672 256 48 nödvändigt,
749 1677 56 30 att
834 1676 56 31 ett
917 1670 203 36 minimum
1151 1671 49 46 på
1229 1667 166 37 förhand
1422 1666 221 36 bestämdes
1669 1666 59 35 för
1757 1663 197 37 storleken

335 1726 41 35 af
413 1725 75 36 den
525 1724 197 48 jordvidd,
766 1736 83 23 som
878 1721 119 37 borde
1026 1720 283 48 ifrågakomma
1336 1719 59 35 till
1424 1717 223 37 erhållande
1677 1716 42 36 af
1742 1715 212 37 understöd

335 1777 83 35 från
448 1776 154 36 fonden.
631 1775 76 36 Till
733 1774 164 47 ledning
926 1774 58 35 för
1012 1771 243 38 bedömande
1284 1771 43 35 af
1350 1771 107 36 detta
1473 1768 190 50 spörsmål
1678 1768 69 36 har
1763 1766 193 50 styrelsen

334 1828 87 36 låtit
448 1832 186 44 upprätta
663 1840 58 34 en,
749 1825 214 50 styrelsens
986 1823 200 37 utlåtande
1203 1823 10 35 i
1230 1822 138 48 frågan
1386 1821 154 49 bifogad
1557 1820 130 47 tabell,
1705 1818 250 50 upptagande

334 1880 59 35 för
422 1879 116 36 hvart
563 1879 73 36 och
661 1883 55 32 ett
744 1878 43 36 af
809 1877 46 36 de
885 1875 192 37 särskilda
1105 1875 114 36 länen
1237 1874 74 36 alla
1329 1873 298 47 arbetsföretag,
1646 1885 83 22 som
1746 1870 126 37 blifvit
1886 1883 69 22 un-

335 1931 69 37 der
434 1934 93 33 åren
559 1931 255 36 1841—1881
846 1928 172 46 utförda;
1050 1926 70 37 och
1149 1925 221 50 framginge
1401 1925 42 36 af
1467 1924 126 36 denna
1608 1923 134 36 tabell:
1762 1929 52 29 att
1830 1921 36 36 af
1882 1921 73 36 alla

335 1984 104 35 inom
469 1982 90 36 hela
583 1982 104 36 riket
715 1980 153 37 utförda
898 1982 74 34 829
1003 1979 103 36 olika
1136 1978 151 47 företag
1317 1979 72 34 222
1421 1975 162 49 stycken
1615 1975 93 35 eller
1737 1976 106 44 26,78
1870 1986 86 35 pro-

336 2040 89 31 cent
454 2033 180 37 omfattat
663 2046 81 23 mer
775 2037 49 32 än
854 2033 75 35 500
959 2030 199 43 tunnland,
1181 2031 75 34 204
1275 2028 164 49 stycken
1456 2026 92 37 eller
1564 2029 84 45 24,6
1666 2030 160 45 procent
1841 2024 115 37 emel-

335 2087 64 35 lan
429 2087 75 36 200
535 2085 72 36 och
638 2086 74 34 500
740 2083 204 47 tunnland,
978 2083 73 35 180
1082 2081 163 49 stycken
1275 2081 92 35 eller
1396 2081 104 45 21,72
1523 2082 162 45 procent
1701 2076 164 37 emellan
1884 2077 72 35 100

336 2139 72 35 och
439 2139 76 35 200
544 2136 191 37 tunnland
765 2135 72 36 och
867 2136 74 34 223
972 2133 166 49 stycken
1168 2132 91 36 eller
1288 2134 82 45 26,9
1397 2135 161 45 procent
1585 2130 124 36 under
1740 2130 73 34 100
1841 2134 115 30 tunn-

335 2190 106 45 land;
474 2197 53 29 att
550 2187 261 38 förhållandet
840 2185 166 37 emellan
1035 2185 47 36 de
1111 2189 125 31 större
1254 2184 72 36 och
1342 2183 149 36 mindre
1509 2181 334 48 arbetsföretagen
1857 2179 101 36 varit

337 2242 158 48 mycket
521 2240 104 37 olika
653 2239 105 36 inom
788 2238 47 36 de
865 2236 193 38 särskilda
1083 2236 155 36 delarne
1269 2235 42 37 af
1334 2235 144 46 landet,
1509 2233 57 49 ity
1595 2238 67 43 att,
1688 2232 124 37 under
1840 2229 122 37 detaf

336 2294 47 36 de
412 2293 106 37 inom
548 2292 88 37 hela
665 2290 194 37 Norrland
888 2288 72 37 och
977 2287 280 50 Kopparbergs
1273 2287 63 36 län
1353 2286 154 37 utförda
1524 2286 72 35 567
1619 2283 338 45 arbetsföretagen

339 2347 72 35 196
455 2344 179 37 omfattat
668 2342 149 37 mindre
851 2346 48 32 än
931 2342 73 35 100
1028 2339 191 37 tunnland
1248 2345 100 31 samt
1380 2340 70 35 141
1482 2337 164 36 emellan
1679 2336 73 35 100
1782 2334 72 36 och
1882 2333 75 35 200
