1884 2806
72 1322 128 25 Utskottet.

240 135 40 30 24
657 136 274 30 Statsutskottets
954 134 175 31 utlåtande
1149 145 41 20 nr
1223 136 68 30 143.

243 224 88 30 efter
353 223 175 35 förlängts,
552 225 116 27 senast
688 232 42 20 av
753 222 84 29 1943
858 221 56 31 års
935 221 140 36 riksdag
1096 223 48 27 att
1166 220 89 36 gälla
1276 219 111 30 under
1409 218 233 30 innevarande
1663 219 85 29 bud-

244 273 105 37 getår,
382 272 141 31 föreslås
553 272 111 30 under
693 282 47 20 nu
768 271 265 36 ifrågavarande
1063 271 111 36 punkt
1201 269 99 30 skola
1330 268 174 37 förlängas
1534 267 132 37 jämväl
1694 269 56 30 för

246 325 100 29 nästa
366 322 174 37 budgetår.

288 416 90 37 14:0)
403 415 212 35 Underlaget
637 414 56 30 för
713 413 123 36 rörligt
859 413 127 36 tillägg.
1018 412 6 30 I
1049 421 44 21 en
1115 413 97 29 inom
1235 411 114 30 andra
1369 411 209 30 kammaren
1603 420 43 20 av
1668 409 83 31 herr

245 467 39 30 K.
306 466 39 30 E.
366 466 162 30 Hansson
546 466 10 29 i
577 465 147 36 Skediga
742 465 103 29 väckt
864 464 130 30 motion
1020 463 56 39 (II:
1092 462 75 40 467)
1193 464 63 28 har
1276 462 200 35 hemställts,
1498 464 48 27 att
1565 461 185 36 riksdagen

246 516 106 30 måtte
371 515 140 36 besluta,
532 518 49 27 att
601 514 118 37 rörligt
737 514 117 37 tillägg
873 515 64 29 och
957 513 189 37 kristillägg
1165 513 75 30 icke
1261 512 88 31 skall
1368 512 81 37 utgå
1469 512 45 37 på
1532 513 106 35 högre
1657 511 92 30 löne-

244 567 128 36 belopp
394 567 44 28 än
458 566 18 29 6
490 565 65 30 000
576 566 129 29 kronor
725 574 60 28 per
804 564 49 30 år.

291 616 175 31 Motionen
488 617 64 29 har
575 616 11 29 i
609 617 67 29 vad
698 616 67 29 den
786 623 99 22 avser
908 614 195 37 grunderna
1125 614 55 30 för
1203 612 191 37 kristillägg
1415 612 44 37 på
1481 612 130 36 förslag
1634 621 42 20 av
1696 614 52 27 ut-

246 668 128 29 skottet
391 667 10 29 i
418 667 74 30 dess
510 666 179 31 utlåtande
707 666 66 29 den
793 667 39 28 14
851 665 88 36 april
959 665 92 35 1944,
1071 673 41 20 nr
1130 664 51 35 84,
1201 663 98 30 blivit
1316 672 42 21 av
1376 663 184 35 riksdagen
1578 662 171 34 avslagen.

245 717 14 29 I
288 717 93 30 detta
405 716 254 36 sammanhang
683 715 192 30 behandlar
900 714 164 30 utskottet
1088 713 174 30 motionen
1288 713 11 29 i
1324 713 67 29 vad
1418 712 65 30 den
1508 721 99 20 avser
1632 711 118 35 rörligt

246 767 127 36 tillägg.

290 816 225 31 Beträffande
530 816 42 30 de
590 815 84 36 skäl,
693 825 74 20 som
783 815 133 30 anförts
932 814 50 30 till
999 815 76 29 stöd
1091 814 55 30 för
1162 813 174 37 förslaget,
1354 812 53 31 får
1423 813 166 29 utskottet
1604 812 147 30 hänvisa

245 867 51 30 till
319 867 184 30 motionen.

290 916 132 37 Rörligt
442 916 114 37 tillägg
578 915 150 36 åtnjutes
750 925 42 21 av
815 914 348 37 befattningshavare,
1186 914 21 31 å
1228 914 93 30 vilka
1343 913 100 31 civila
1464 912 285 37 avlöningsregle-

247 971 130 27 mentet
396 977 43 21 m.
461 967 36 30 fl.
519 967 230 36 reglementen
769 966 60 29 äro
849 965 213 36 tillämpliga,
1084 965 65 30 och
1169 964 99 36 utgår
1288 964 80 29 med
1388 964 99 35 högst
1509 964 39 28 15
1569 966 143 32 procent
1730 961 21 31 å

245 1017 217 36 avlöningen,
481 1017 89 30 dock
589 1015 31 37 ej
640 1016 21 30 å
677 1015 136 37 belopp,
834 1016 140 29 varmed
992 1014 207 36 avlöningen
1216 1013 185 36 överstiger
1417 1013 63 29 900
1499 1014 139 29 kronor.
1659 1012 90 29 Kris-

245 1068 119 36 tillägg
382 1066 96 37 utgår
497 1067 80 30 med
596 1066 54 30 för
669 1066 217 30 närvarande
907 1065 38 29 16
963 1066 142 36 procent
1123 1064 21 30 å
1161 1073 135 21 samma
1312 1064 125 36 belopp
1455 1073 76 20 som
1551 1064 56 29 det
1624 1062 126 36 rörliga

246 1118 162 36 tillägget.
433 1117 112 36 Enligt
570 1126 43 21 av
637 1116 234 32 innevarande
895 1115 139 37 riksdag
1058 1114 184 37 godkända
1267 1114 148 36 grunder
1438 1113 90 30 skall
1551 1114 89 29 dock
1664 1113 85 29 kris-

246 1168 161 36 tillägget,
438 1168 2 29 i
461 1168 65 29 den
549 1166 83 31 mån
651 1167 77 30 dess
750 1168 211 35 procentsats
984 1165 184 36 överstiger
1192 1165 47 35 16,
1262 1163 51 31 till
1335 1164 52 31 sin
1408 1163 268 36 överskjutande
1696 1163 54 30 del

246 1218 31 36 ej
299 1218 171 30 beräknas
489 1217 34 30 åt
542 1217 107 36 högre
668 1215 273 37 månadsbelopp
961 1217 45 29 än
1026 1216 63 29 500
1110 1216 137 29 kronor.

291 1310 67 30 Vid
379 1309 254 36 behandlingen
658 1318 43 20 av
724 1308 124 36 Kungl.
872 1307 117 36 Maj:ts
1013 1307 129 36 förslag
1166 1306 11 30 i
1200 1306 228 30 förevarande
1450 1305 215 36 proposition
1687 1306 64 29 har

247 1360 168 30 utskottet
432 1358 220 31 beträffande
671 1358 67 30 den
757 1367 92 20 ovan
867 1357 109 30 under
996 1357 157 36 punkten
1175 1357 37 29 10
1231 1355 148 30 berörda
1398 1354 123 37 frågan
1540 1364 57 20 om
1617 1355 134 29 lönetur

248 1410 56 30 för
330 1409 93 30 vissa
449 1409 283 30 häradsskrivare
760 1408 336 36 uppmärksammat,
1126 1408 49 28 att
1202 1404 266 37 ifrågavarande
1495 1404 178 36 personals
1700 1403 50 30 in-

248 1460 155 30 komster
420 1469 41 20 av
478 1458 153 37 tjänsten
648 1458 50 29 till
715 1458 138 35 mycket
871 1460 70 26 stor
959 1457 53 29 del
1031 1456 144 30 härröra
1193 1454 80 31 från
1290 1455 154 36 sportler.
1464 1454 64 29 Det
1545 1453 112 30 skulle
1673 1452 80 31 med

248 1510 140 36 hänsyn
414 1509 115 30 härtill
558 1509 121 29 kunna
707 1517 99 21 anses
837 1506 140 36 onödigt
1004 1509 49 27 att
1079 1515 49 20 nu
1155 1505 138 35 vidtaga
1321 1504 67 30 den
1416 1504 196 35 föreslagna
1639 1502 111 37 jämk-

248 1559 129 37 ningen
395 1559 10 30 i
423 1559 157 36 gällande
596 1557 258 30 bestämmelser
872 1566 56 20 om
946 1554 288 37 tillgodoräkning
1252 1563 42 21 av
1312 1553 178 36 tjänstetid
1507 1553 55 30 för
1581 1551 170 31 erhållan-

249 1609 42 32 de
313 1619 44 20 av
377 1608 239 36 ålderstillägg.
639 1607 53 30 Då
713 1607 202 29 densamma
937 1604 188 31 emellertid
1144 1603 54 31 får
1219 1612 99 21 anses
1340 1603 164 36 påkallad
1524 1602 51 30 till
1596 1602 155 30 förhind-

249 1659 108 30 rande
382 1668 43 20 av
446 1661 48 28 att
518 1657 218 36 ojämnheter
758 1656 11 29 i
793 1655 275 37 lönesättnipgen
1090 1654 216 36 uppkomma
1332 1652 58 30 vill
1412 1653 165 29 utskottet
1600 1652 151 29 emeiler-

249 1708 50 30 tid
320 1708 77 30 icke
416 1708 161 30 motsätta
598 1707 50 36 sig
668 1706 122 36 Kungl.
814 1705 118 36 Maj:ts
953 1704 128 36 förslag
1102 1704 11 29 i
1132 1705 125 29 ämnet.

294 1758 14 30 I
332 1758 67 30 den
418 1757 109 30 under
548 1756 159 37 punkten
730 1757 36 28 11
788 1755 148 30 berörda
959 1754 123 36 frågan
1103 1763 57 20 om
1182 1752 187 36 ersättning
1392 1751 34 31 åt
1448 1750 173 31 ordinarie
1642 1750 111 30 lärare

249 1808 59 30 vid
333 1808 88 30 folk-
448 1808 64 29 och
538 1806 339 31 småskoleväsendet
901 1804 56 30 vid
980 1802 395 36 vikariatstjänstgöring
1399 1801 109 29 under
1533 1800 136 30 ferietid
1692 1809 59 21 an-

249 1859 108 29 sluter
383 1857 49 36 sig
456 1858 166 29 utskottet
645 1855 50 31 till
720 1856 65 29 den
810 1864 44 20 av
880 1854 243 30 statskontoret
1146 1852 153 30 uttalade
1325 1851 278 36 uppfattningen,
1629 1852 50 28 att
1704 1850 47 29 lä-

250 1916 107 21 rarna
382 1906 209 37 principiellt
617 1905 37 31 få
680 1914 98 22 anses
804 1904 145 37 pliktiga
975 1906 49 27 att
1050 1906 84 26 utan
1161 1900 148 31 särskild
1336 1899 266 37 kompensation
1627 1899 124 30 under-

249 1958 102 29 kasta
371 1956 49 36 sig
441 1955 108 31 sådan
571 1954 205 36 avkortning
797 1963 43 21 av
860 1953 157 35 ferierna,
1039 1962 74 20 som
1134 1952 69 29 kan
1223 1950 117 30 finnas
1362 1959 81 21 vara
1464 1959 41 21 av
1524 1949 148 30 behovet
1692 1948 59 36 på-

249 2007 130 30 kallad.
407 2006 90 31 Från
522 2006 115 29 denna
662 2004 260 37 utgångspunkt
946 2002 109 31 måste
1080 2002 164 29 utskottet
1268 2001 89 35 hysa
1383 1999 273 36 betänkligheter
1680 1999 73 28 mot

250 2056 166 36 förslaget
445 2058 48 28 att
519 2056 113 29 lärare
659 2055 97 29 skola
786 2053 175 36 medgivas
990 2051 148 31 särskild
1165 2049 187 36 ersättning
1382 2049 54 30 för
1464 2047 287 36 vikariatstjänst-

249 2107 123 36 göring
394 2105 20 31 å
435 2105 106 37 tjänst
562 2104 97 30 inom
682 2102 336 32 folkskoleväsendet
1040 2101 110 30 under
1172 2100 59 37 tid,
1254 2099 44 31 då
1320 2099 135 30 läraren
1477 2097 153 36 åtnjuter
1651 2096 103 31 ferier

250 2156 21 31 å
290 2156 55 30 sin
364 2155 171 31 ordinarie
553 2153 202 36 befattning.

297 2205 54 31 Då
371 2205 162 36 förslaget
551 2203 190 31 emellertid
760 2203 38 29 är
821 2204 108 28 avsett
948 2204 48 27 att
1015 2200 179 36 tillgodose
1213 2201 47 28 ett
1278 2197 164 37 tillfälligt
1462 2197 112 30 behov
1596 2206 42 21 av
1659 2195 93 31 vika-

250 2256 70 31 rier
338 2256 66 30 och
421 2255 95 30 torde
535 2255 143 29 komma
696 2255 48 28 att
760 2252 65 36 äga
842 2250 156 38 praktisk
1015 2250 174 36 betydelse
1206 2248 122 31 endast
1344 2248 109 30 under
1471 2246 155 31 rådande
1644 2249 108 27 extra-

251 2306 165 30 ordinära
435 2303 243 32 förhållanden
696 2302 80 30 med
795 2300 326 31 militärinkallelser
1141 2299 10 29 i
1172 2299 107 29 större
1300 2296 217 37 omfatining,
1538 2297 65 29 har
1622 2296 130 29 utskot-

252 2360 46 26 tet
321 2355 117 30 funnit
458 2354 48 36 sig
529 2354 88 29 böra
636 2352 172 36 tillstyrka
830 2351 121 35 Kungl.
977 2349 118 36 Maj:ts
1118 2348 137 35 förslag.

297 2405 76 31 Vad
395 2404 120 37 Kungl.
539 2402 104 37 Maj:t
665 2402 11 30 i
699 2401 110 36 övrigt
833 2399 174 36 föreslagit
1030 2397 196 31 föranleder
1248 2396 31 37 ej
1305 2395 138 32 erinran
1468 2395 79 30 från
1571 2395 182 30 utskottets

252 2456 86 31 sida.
