2210 2626
427 158 38 31 12
812 158 400 33 Konstitutionsutskottets
1234 158 165 33 utlåtande
1421 159 52 32 Nr
1495 160 29 30 8.

381 235 259 37 betraktande:
670 236 116 35 härav
828 236 68 36 har
935 236 185 37 utskottet
1160 237 82 36 låtit
1281 237 206 36 verkställa
1527 251 46 23 en
1602 237 284 50 undersökning
1913 252 63 22 an-

381 288 145 48 gående
563 287 46 36 de
640 287 201 49 principer,
872 301 80 23 som
981 288 12 35 i
1021 289 168 35 utlandet
1216 289 160 36 kommit
1403 288 57 36 till
1486 289 244 50 tillämpning
1757 289 86 36 med
1872 301 103 26 avse-

381 340 95 36 ende
510 341 47 46 på
594 339 248 48 handlingars
870 361 50 4 —
948 340 151 35 särskilt
1135 340 162 36 militära
1325 339 248 49 handlingars
1604 363 44 4 —
1679 341 295 49 tillgänglighet.

379 390 133 36 Denna
552 390 300 49 undersökning,
889 404 86 23 vars
1010 391 157 36 resultat
1201 395 123 33 såsom
1354 391 129 48 bilaga
1510 392 127 49 fogats
1663 393 63 36 vid
1753 393 221 47 utlåtandet,

380 455 70 35 ger
485 441 63 36 vid
585 442 160 47 handen,
776 448 53 30 att
858 443 71 36 den
958 443 163 36 svenska
1149 443 197 49 principen
1375 456 60 23 om
1464 443 244 50 handlingars
1736 444 240 49 offentlighet

379 515 50 4 —
457 493 84 36 med
584 493 45 36 de
670 494 233 36 vidsträckta
945 494 224 48 rättigheter
1209 501 91 42 gent
1337 501 103 30 emot
1476 496 390 49 statsförvaltningen,
1895 509 79 23 som

379 544 73 37 den
492 545 136 48 lägger
655 545 12 36 i
700 559 68 23 var
809 559 108 23 mans
958 546 101 36 hand
1086 568 50 4 —
1163 546 84 36 icke
1288 546 301 36 tillnärmelsevis
1632 547 67 36 har
1725 551 128 45 någon
1881 554 94 30 mot-

379 596 192 49 svarighet
597 597 13 35 i
638 597 179 47 utlandet,
851 598 67 35 där
944 597 287 49 ifrågavarande
1260 597 260 37 förhållanden
1549 601 41 33 så
1618 604 85 42 gott
1730 612 80 23 som
1831 600 144 36 undan-

378 648 163 47 tagslöst
568 649 168 47 regleras
764 652 48 46 på
838 655 86 30 rent
953 649 275 37 administrativ
1255 654 87 44 väg,
1373 650 71 35 och
1472 655 55 30 att
1549 652 84 33 vårt
1652 650 147 36 försvar
1819 651 156 36 sålunda

377 699 117 37 redan
534 700 118 48 enligt
693 715 50 22 nu
783 701 177 48 gällande
1000 701 283 37 bestämmelser
1310 702 12 35 i
1350 701 104 36 detta
1496 701 187 36 avseende
1725 702 165 48 åtnjuter
1922 709 53 30 ett

379 751 145 37 mindre
552 752 122 49 skydd
702 758 47 31 än
777 752 233 37 främmande
1036 752 161 37 länders.

507 803 192 37 Utskottet
739 805 66 36 vill
847 805 83 36 icke
966 805 158 36 förneka
1158 805 260 49 möjligheten,
1448 809 54 31 att
1529 804 63 36 vid
1622 805 351 49 sekretesstadgan-

379 854 115 37 denas
522 855 241 50 tillämpning
792 857 175 35 stundom
997 856 159 49 misstag
1183 857 129 35 kunna
1339 857 98 35 hava
1456 856 106 36 blivit
1582 856 211 49 begångna,
1819 857 71 36 och
1909 858 65 36 vill

378 906 84 37 med
491 907 148 49 hänsyn
667 908 125 36 härtill
813 908 249 49 understryka
1082 908 305 36 önskvärdheten
1408 921 45 23 av
1474 913 55 30 att
1548 922 51 22 nu
1619 908 175 48 gällande
1813 908 162 37 bestäm-

378 958 135 36 melser
540 959 11 35 1
579 959 169 48 enlighet
776 960 84 36 med
890 960 62 36 det
980 973 98 23 ovan
1107 959 260 47 omförmälda,
1397 973 46 22 av
1471 960 135 36 chefen
1626 961 58 34 för
1706 959 267 37 lantförsvars-

379 1009 300 49 departementet
709 1013 95 34 1907
836 1011 197 37 utfärdade
1062 1012 201 36 cirkuläret
1290 1017 192 43 noggrant
1509 1011 211 36 efterlevas.
1770 1010 131 38 Såsom
1928 1026 46 22 av

378 1061 101 36 detta
521 1062 178 48 framgår,
740 1064 201 48 inskärpes
982 1063 79 36 däri
1103 1064 103 35 såväl
1248 1068 54 31 att
1343 1064 92 47 inga
1477 1063 115 36 andra
1628 1063 228 49 handlingar
1883 1064 91 36 böra

377 1113 329 49 hemligförklaras
743 1119 48 31 än
828 1115 45 36 de
911 1128 81 23 som
1030 1115 120 48 enligt
1183 1115 175 48 gällande
1397 1115 234 36 föreskrifter
1658 1115 198 49 verkligen
1883 1115 91 37 böra

378 1166 176 36 hemfalla
594 1166 121 36 under
756 1167 198 46 sekretess,
997 1180 81 22 som
1112 1167 69 35 ock
1210 1171 54 31 att
1292 1167 55 35 uti
1376 1167 194 48 handling,
1600 1180 80 22 som
1710 1167 265 48 författnings-

378 1217 121 48 enligt
534 1217 96 36 skall
666 1218 119 36 hållas
823 1218 156 48 hemlig,
1008 1218 31 49 ej
1071 1221 59 33 må
1159 1218 138 36 införas
1327 1218 92 36 eller
1447 1218 205 37 behandlas
1681 1219 108 47 fråga
1818 1232 47 22 av
1893 1219 80 36 icke

377 1269 145 48 hemlig
561 1274 112 31 natur
698 1270 13 35 1
740 1283 124 22 annan
905 1273 97 43 mån,
1031 1275 48 30 än
1108 1283 80 23 som
1217 1270 57 35 för
1302 1271 333 47 sammanhangets
1663 1270 98 36 skull
1789 1275 42 30 är
1858 1271 112 35 ound-

378 1321 212 49 gängligen
631 1321 250 49 nödvändigt,
924 1322 125 35 varför
1090 1321 63 36 det
1192 1335 90 22 vore
1323 1322 186 49 lämpligt,
1552 1327 56 30 att
1636 1322 11 35 i
1676 1322 175 46 ärenden,
1894 1335 79 23 som

378 1374 135 35 beröra
544 1373 130 48 frågor
702 1387 46 22 av
776 1373 95 36 både
899 1373 144 48 hemlig
1071 1373 69 36 och
1168 1373 82 36 icke
1278 1373 147 47 hemlig
1452 1380 120 34 natur,
1603 1373 269 49 expedierades
1899 1379 75 30 sär-

377 1425 122 36 skilda
536 1425 212 46 skrivelser,
783 1438 47 23 en
858 1425 144 48 hemlig
1030 1426 69 35 och
1128 1438 46 23 en
1201 1425 82 36 icke
1311 1425 155 48 hemlig.
1495 1447 50 4 —
1573 1425 53 36 Ur
1654 1425 245 49 synpunkten
1928 1439 46 22 av

375 1476 118 37 rikets
521 1476 174 36 säkerhet
722 1480 119 33 måste
869 1476 207 37 emellertid
1105 1477 104 36 alltid
1236 1477 107 48 ligga
1372 1477 198 49 synnerlig
1596 1477 82 35 vikt
1697 1480 47 45 på
1764 1482 52 30 att
1836 1477 138 36 sådana

376 1528 230 48 handlingar
640 1528 83 37 icke
752 1528 100 36 bliva
880 1528 321 49 offentliggjorda,
1230 1528 104 36 vilka
1361 1528 520 49 tryckfrihetsförordningen
1911 1542 62 22 av-

377 1586 75 30 sett
492 1585 55 31 att
588 1580 146 49 skydda
774 1581 58 35 för
869 1580 275 48 publicerande.
1200 1580 112 36 Detta
1354 1580 121 49 gäller
1502 1580 12 36 i
1543 1581 48 35 all
1620 1581 206 47 synnerhet
1854 1580 120 36 under

376 1631 74 36 den
495 1632 233 36 närvarande
773 1632 112 36 tiden.
940 1632 17 35 I
998 1632 90 36 flera
1134 1631 113 36 andra
1288 1632 213 36 avseenden
1542 1632 98 36 hava
1681 1632 292 36 statsmakterna

375 1682 190 50 behjärtat
602 1684 331 48 angelägenheten
969 1697 47 22 av
1053 1688 54 31 att
1143 1683 118 36 under
1288 1683 63 36 det
1378 1684 199 49 pågående
1604 1683 254 49 världskriget
1885 1686 89 34 våra

376 1735 349 36 försvarsanstalter
752 1737 117 34 måtte
898 1735 139 36 erhålla
1065 1735 90 36 ökat
1182 1735 120 49 skydd
1332 1740 81 30 mot
1432 1735 207 48 obehöriga
1659 1735 222 47 iakttagare,
1903 1735 70 36 och

376 1787 184 35 utskottet
596 1787 75 35 kan
711 1787 83 36 icke
836 1787 102 35 finna
979 1792 115 31 annat
1135 1792 48 30 än
1211 1792 53 30 att
1293 1786 124 37 denna
1445 1786 177 49 tidpunkt
1649 1792 41 30 är
1717 1786 165 37 särdeles
1910 1787 63 35 illa

376 1838 150 49 lämpad
564 1838 58 36 för
658 1838 255 37 framförande
941 1852 46 22 av
1014 1839 133 35 kravet
1174 1841 47 46 på
1250 1851 45 23 en
1324 1838 169 48 lindring
1519 1839 12 35 i
1559 1838 62 37 det
1648 1852 51 22 nu
1728 1839 244 36 förevarande

376 1890 243 36 hänseendet.

505 1941 52 36 På
584 1942 124 47 grund
738 1955 47 23 av
813 1942 73 36 vad
917 1942 156 36 sålunda
1102 1942 143 36 anförts
1275 1941 56 37 får
1359 1942 185 36 utskottet
1574 1942 206 47 hemställa,

880 2016 54 31 att
962 2010 244 37 förevarande
1234 2011 144 36 motion
1406 2011 83 36 icke
1518 2012 114 35 måtte
1657 2011 55 35 till
1731 2014 127 44 någon
1878 2010 94 37 riks-

774 2063 143 48 dagens
946 2062 133 48 åtgärd
1107 2063 201 36 föranleda.

507 2122 217 37 Stockholm
754 2123 73 36 den
856 2125 46 33 27
933 2136 99 23 mars
1063 2124 108 34 1917.

796 2192 53 35 På
877 2191 475 37 konstitutionsutskottets
1381 2196 161 44 vägnar:

997 2250 111 38 SAM.
1147 2250 208 38 CLASON.
