2190 2632
720 151 251 31 Statsutskottets
994 151 161 32 utlåtande
1181 152 49 31 Nr
1252 154 30 30 2.
1714 156 41 30 25

304 327 331 40 Förberedande
663 329 237 50 utredning
927 330 222 49 angående
1178 342 54 29 en
1260 331 434 51 rättegångsreform.

335 432 96 49 18:0)
472 433 65 37 Uti
578 434 121 49 punkt
742 438 43 33 17
830 438 42 34 af
900 437 123 36 denna
1050 438 228 37 hufvudtitel
1305 439 69 36 har
1401 439 141 50 Kungl.
1572 441 106 49 Maj:t
1705 443 94 36 före-

202 485 113 48 slagit
346 484 217 50 Riksdagen
601 492 53 30 att
682 487 54 35 till
764 487 238 38 bestridande
1031 489 41 36 af
1096 489 251 38 kostnaderna
1375 491 57 36 för
1459 505 46 23 en
1533 493 269 38 förberedande

203 536 204 49 utredning
435 538 193 48 angående
658 551 46 23 en
730 541 359 48 rättegångsreform
1119 544 20 33 å
1167 547 105 31 extra
1299 548 75 30 stat
1402 543 57 36 för
1486 547 40 32 år
1547 546 96 35 1912
1666 545 136 49 bevilja

203 589 139 46 40,000
381 589 149 47 kronor,
563 590 85 35 med
676 596 73 30 rätt
777 591 59 36 för
862 592 142 49 Kungl.
1034 592 107 50 Maj:t
1170 599 53 30 att
1251 594 109 36 däraf
1383 595 119 37 under
1530 599 41 33 år
1601 598 95 35 1911
1726 597 75 37 för-

204 640 178 36 skottsvis
425 642 40 34 af
489 641 242 50 tillgängliga
758 644 120 35 medel
905 645 212 36 utanordna
1144 645 99 37 hvad
1271 646 119 36 under
1418 660 143 24 samma
1590 651 40 33 år
1658 652 59 33 må
1745 649 56 37 för

203 692 210 36 ändamålet
440 692 118 36 blifva
586 694 245 49 erforderligt.

331 743 18 36 I
378 744 107 48 fråga
513 758 60 22 om
602 746 251 49 utredningen
882 748 11 35 i
921 748 153 36 ärendet
1102 749 136 36 tillåter
1265 750 61 48 sig
1353 751 183 36 utskottet
1565 758 53 30 att
1645 753 156 36 hänvisa

203 796 54 35 till
286 795 98 36 hvad
413 796 405 50 statsrådsprotokollet
847 799 68 36 sid.
949 801 198 35 118—127
1179 801 128 36 därom
1336 802 218 37 innehåller.

331 899 16 35 I
387 900 276 49 sammanhang
703 901 154 37 härmed
903 903 69 35 har
1012 903 182 38 utskottet
1222 905 55 36 till
1305 905 232 50 behandling
1564 907 163 37 förehaft
1754 922 46 24 en

201 951 100 36 inom
343 951 130 36 Andra
513 951 216 37 kammaren
772 953 41 36 af
849 954 85 36 herr
966 957 36 33 C.
1032 956 216 45 Lindhagen
1289 957 113 36 väckt
1435 959 142 36 motion
1614 959 58 49 (nr
1698 961 101 48 258),

203 1003 78 35 däri
310 1003 225 49 föreslagits,
566 1009 53 30 att
647 1004 217 50 Riksdagen
893 1007 63 35 vid
985 1007 212 49 beviljande
1227 1009 41 35 af
1291 1008 63 37 det
1381 1009 138 37 äskade
1548 1012 170 48 anslaget
1745 1013 56 36 till

202 1068 45 22 en
275 1054 269 37 förberedande
571 1056 204 49 utredning
802 1070 61 23 om
892 1059 364 49 grundprinciperna
1285 1060 57 36 för
1369 1074 46 23 en
1439 1064 360 48 rättegångsreform

201 1109 115 33 måtte
344 1111 95 44 göra
468 1108 217 36 uttalanden
713 1108 11 36 i
753 1108 45 36 de
825 1110 55 36 uti
908 1111 191 36 motionen
1130 1112 154 48 angifna
1310 1112 214 50 riktningar
1551 1128 61 22 om
1641 1121 54 31 att
1722 1116 77 37 dels

201 1159 404 48 rättegångsväsendet
633 1160 71 36 blir
731 1160 135 44 enkelt,
895 1162 215 49 lättfattligt
1137 1164 70 35 och
1236 1164 135 48 billigt,
1397 1165 77 36 dels
1495 1166 304 38 domaremakten

203 1210 69 35 och
301 1210 358 48 åklagareväsendet
687 1211 150 49 byggas
865 1216 48 45 på
941 1214 135 49 folklig
1103 1215 123 48 grund
1254 1216 86 36 med
1370 1216 197 50 tillbörligt
1593 1218 207 49 inflytande

202 1262 56 34 för
285 1262 72 35 den
385 1266 100 31 stora
514 1262 249 37 allmänheten
782 1267 48 45 på
849 1266 178 51 utseende
1048 1266 39 35 af
1103 1266 81 36 sina
1203 1267 152 37 domare
1375 1268 70 36 och
1465 1269 78 36 dels
1563 1270 238 50 nydaningar

203 1313 224 48 planläggas
455 1313 83 36 med
568 1314 192 49 iakttagen
788 1316 149 49 hänsyn
961 1317 54 36 till
1036 1318 301 36 önskvärdheten
1359 1319 41 36 af
1414 1320 387 39 öfverensstämmelse

202 1364 138 36 mellan
369 1364 46 36 de
444 1365 291 37 skandinaviska
763 1366 189 38 länderna.

329 1416 238 36 Beträffande
608 1417 45 36 de
682 1418 90 45 skäl,
802 1432 80 23 som
911 1420 233 37 motionären
1174 1423 122 35 anfört
1324 1423 54 35 till
1408 1424 84 35 stöd
1520 1424 58 36 för
1605 1425 58 35 sin
1687 1425 112 37 fram-

202 1468 192 48 ställning,
423 1468 56 36 får
505 1469 181 37 utskottet
715 1470 156 37 hänvisa
900 1472 54 35 till
983 1473 201 36 motionen.

330 1572 129 36 Redan
500 1572 111 48 länge
649 1573 68 36 har
757 1576 121 34 såsom
921 1581 53 30 ett
1017 1577 152 36 allmänt
1209 1577 118 37 kändt
1360 1578 118 37 behof
1502 1579 134 50 frågan
1664 1594 59 23 om
1753 1595 46 23 en

202 1623 322 49 genomgripande
552 1625 238 48 ombildning
808 1626 42 35 af
865 1629 83 34 vårt
966 1630 337 46 rättegångsväsen
1322 1633 91 33 stått
1431 1633 48 46 på
1499 1631 297 50 dagordningen,

202 1674 70 35 och
300 1675 183 35 särskilda
510 1675 268 37 förberedande
807 1679 173 46 åtgärder
999 1679 10 34 i
1030 1679 116 36 sådan
1166 1680 171 48 riktning
1356 1681 112 36 hafva
1486 1682 55 36 tid
1561 1683 96 36 efter
1675 1697 123 24 annan

205 1725 178 48 vidtagits
424 1732 90 29 utan
558 1733 52 29 att
638 1727 82 36 leda
748 1728 54 35 till
831 1730 153 46 frågans
1013 1730 161 48 lösning.
1234 1732 126 35 Ehuru
1388 1733 186 36 därunder
1600 1735 198 49 företagits

1240 1783 8 8 a

202 1777 99 35 vissa
342 1777 165 48 partiella
551 1778 203 49 ändringar
788 1780 7 34 i
830 1781 369 48 rättegångsbalken,
1239 1794 69 24 har
1349 1784 108 46 dock,
1493 1785 12 34 i
1535 1788 85 33 mån
1663 1788 40 34 af
1727 1787 70 36 den

202 1828 173 48 stigande
413 1829 268 48 utvecklingen
722 1831 101 35 inom
866 1832 303 37 sambhällslifvets
1211 1834 99 36 olika
1338 1836 187 47 områden,
1556 1836 177 38 behofvet
1762 1840 40 34 af

201 1894 43 21 en
275 1880 223 49 fullständig
525 1882 287 48 processreform
844 1884 58 35 för
929 1884 188 37 vinnande
1145 1886 41 35 af
1211 1886 96 36 ökad
1333 1887 172 36 säkerhet
1524 1888 70 36 och
1614 1890 184 36 snabbhet

201 1932 10 34 1
239 1932 303 49 rättskipningen
584 1933 102 48 gjort
727 1935 60 47 sig
827 1936 147 36 alltmer
1014 1937 183 47 gällande.
1253 1937 128 37 Redan
1423 1939 171 48 tidigare,
1637 1941 87 37 eller
1759 1945 39 33 år

205 1983 94 35 1909
329 1983 10 35 i
370 1984 202 48 anledning
599 1985 42 35 af
663 1985 141 48 Kungl.
837 1987 122 48 Maj:ts
987 1988 141 48 förslag
1156 1989 55 35 till
1238 1989 218 49 Riksdagen
1486 1996 54 30 att
1559 1992 58 35 för
1635 1994 163 35 nämnda

201 2034 171 36 ändamål
402 2035 135 49 bevilja
565 2036 120 36 medel
713 2037 57 35 till
799 2051 46 22 en
874 2038 157 36 särskild
1060 2039 408 49 processkommission,
1497 2042 67 35 har
1583 2043 214 49 Riksdagen

202 2085 94 35 varit
324 2085 11 35 i
364 2085 142 37 tillfälle
549 2092 53 31 att
642 2088 117 36 uttala
800 2089 122 36 denna
963 2091 164 47 mening.
1183 2090 216 50 Riksdagen
1442 2093 125 36 kunde
1596 2096 200 35 emellertid

201 2136 81 35 icke
324 2136 46 35 då
414 2137 144 36 ansluta
599 2138 60 48 sig
699 2139 54 36 till
796 2140 156 36 berörda
992 2141 154 47 förslag,
1181 2146 87 31 enär
1296 2143 133 48 frågan
1458 2150 128 42 syntes
1615 2146 181 48 möjligen

201 2187 127 35 kunna
355 2187 222 49 lämpligare
605 2191 186 35 anförtros
820 2194 38 33 åt
886 2192 331 48 lagberedningen,
1246 2193 258 49 hvarigenom,
1534 2196 113 36 bland
1671 2204 124 40 annat,

202 2238 124 36 kunde
367 2240 186 36 undvikas
581 2241 246 47 olägenheten
858 2243 42 35 af
923 2249 55 30 att
1005 2244 194 48 samtidigt
1229 2245 246 48 undandraga
1503 2247 290 49 lagskipningen

287 2297 129 44 Bihang
438 2300 49 31 till
509 2299 111 32 Riksd.
640 2305 85 36 prot.
752 2303 93 32 1911.
892 2303 20 30 4
936 2303 97 32 Saml.
1081 2305 17 29 1
1123 2303 79 41 Afd.
1249 2306 21 30 2
1294 2304 94 41 Häft.
1732 2309 20 30 4

1833 442 182 25 Förberedande

1864 479 127 30 utredning

1843 509 121 35 angående
1982 521 28 16 en

1849 544 144 35 rättegångs-

1877 583 97 30 reform.

1874 619 95 46 [17.]

1847 921 66 23 Herr
1932 921 72 24 Lind-

1819 956 87 30 hagens
1932 957 93 24 motion,

1862 1590 120 24 Utskottets

1861 1626 118 28 yttrande.
