2160 2620
427 152 44 51 52
889 148 260 54 Statsutskottets
1169 148 169 54 utlåtande
1358 154 44 32 Nr
1426 155 29 31 2.

517 234 72 37 Vid
611 236 165 45 punkten
804 236 103 43 18:0)
936 233 25 50 (i
990 234 107 48 fråga
1122 247 61 23 om
1203 246 47 24 en
1270 232 269 38 förberedande
1558 234 206 49 utredning
1784 233 194 50 angående

389 300 44 23 en
462 285 394 51 rättegångsreform):

515 338 54 37 Af
606 338 87 37 herr
729 339 38 36 J.
809 339 171 44 Larsson,
1023 351 81 24 som
1145 337 85 37 med
1271 337 275 37 instämmande
1587 337 42 36 af
1665 337 86 37 herr
1791 339 44 34 F.
1874 338 104 46 Berg,

387 392 42 35 P.
462 391 137 45 Olsson,
627 391 45 36 A.
701 391 145 36 Ekman
875 389 69 38 och
971 390 36 36 J.
1036 390 37 36 J.
1103 390 180 46 Byström,
1313 388 123 50 yrkat,
1457 394 54 31 att
1529 389 203 37 utskottets
1752 388 228 50 motivering

388 444 113 35 måtte
528 441 140 38 erhålla
694 442 166 49 följande
886 441 157 50 lydelse:

514 494 147 37 »Redan
689 494 113 49 länge
830 494 67 37 har
955 515 26 5 —
1023 515 35 5 —
1101 515 34 5 —
1176 515 36 4 —
1254 516 36 3 —
1329 515 38 5 —
1404 515 40 4 —
1479 515 36 4 —
1550 515 49 5 —
1628 506 81 24 som
1737 500 79 30 mot
1843 493 133 37 denna.

516 545 301 37 Vidkommande
845 546 87 37 herr
957 545 245 48 Lindhagens
1232 545 114 37 ofvan
1373 545 164 37 nämnda
1565 545 143 37 motion
1735 545 79 37 lära
1841 549 138 46 näppe-

387 598 100 48 ligen
529 597 102 37 olika
661 597 199 49 meningar
886 597 91 37 råda
1005 610 61 24 om
1094 597 305 37 önskvärdheten
1427 597 41 37 af
1492 603 55 31 att
1574 596 405 50 rättegångsväsendet

387 655 110 43 göres
539 649 135 48 enkelt,
710 649 216 49 lättfattligt
963 650 69 36 och
1064 648 126 50 billigt
1217 654 99 31 samt
1344 654 54 31 att
1426 649 62 36 det
1516 648 212 50 legislativa
1756 648 224 37 samarbetet

388 702 83 36 med
512 701 45 37 de
588 701 98 37 båda
713 701 118 37 andra
859 701 293 36 skandinaviska
1178 701 192 47 länderna,
1399 701 66 36 där
1491 704 41 33 så
1559 702 75 35 kan
1661 700 78 49 ske,
1767 700 211 37 utsträckes

383 752 145 49 jämväl
555 753 56 37 till
638 757 295 45 processrättens
961 753 163 36 område.
1180 752 111 37 Hvad
1315 755 82 34 åter
1425 756 118 45 angår
1567 752 136 49 frågan
1731 765 61 24 om
1812 752 167 37 domare-

388 806 171 36 maktens
588 805 69 36 och
685 804 381 50 åklagareväsendets
1093 804 208 49 byggande
1319 807 48 47 på
1386 804 136 49 folklig
1541 804 123 50 grund
1679 804 84 37 med
1780 804 199 49 tillbörligt

387 857 207 50 inflytande
633 857 59 37 för
733 856 254 38 allmänheten
1027 859 49 46 på
1111 856 198 37 utseendet
1342 856 40 37 af
1412 856 164 48 domare,
1605 856 106 36 torde
1739 856 124 37 denna
1891 869 88 23 vara

387 922 101 24 mera
527 908 212 38 omtvistad.
792 909 90 37 Men
921 908 124 37 såvidt
1080 908 129 37 denna
1245 908 109 49 fråga
1380 908 12 36 i
1420 908 61 49 sig
1508 908 206 37 innesluter
1742 907 63 37 det
1832 907 147 49 viktiga

387 961 224 50 spörsmålet
651 974 58 23 om
751 960 419 37 lekmannaelementets
1204 959 227 50 deltagande
1457 960 13 36 1
1498 959 336 50 rättsskipningen,
1864 972 114 37 synes

387 1012 71 37 den
499 1026 91 23 vara
627 1012 156 48 förtjänt
811 1013 42 36 af
876 1012 222 37 beaktande.
1153 1012 80 47 Att,
1263 1014 123 35 såsom
1415 1012 236 36 motionären
1680 1011 207 48 föreslagit,
1915 1011 62 36 vid

386 1064 230 49 beviljandet
645 1064 42 36 af
710 1064 62 36 det
793 1063 140 38 äskade
953 1063 172 49 anslaget
1144 1063 91 49 foga
1254 1063 185 37 särskilda
1458 1062 218 38 uttalanden
1697 1062 83 37 med
1802 1062 177 37 afseende

386 1119 47 46 på
459 1115 390 49 utredningsarbetets
878 1114 243 39 bedrifvande
1150 1115 11 36 i
1189 1115 78 37 viss
1296 1115 179 47 angifven
1502 1115 171 47 riktning
1701 1114 67 36 har
1795 1114 184 37 utskottet

386 1168 115 37 likväl
529 1167 83 38 icke
640 1173 122 31 ansett
790 1167 210 49 tillrådligt,
1031 1166 47 37 då
1106 1167 61 36 det
1215 1188 20 5 —
1270 1189 36 4 —
1329 1188 42 4 —
1407 1188 44 5 —
1484 1188 42 4 —
1562 1188 37 4 —
1635 1188 46 4 —
1712 1167 266 49 synpunkter.»

514 1272 54 37 Af
596 1272 129 37 herrar
752 1273 45 35 F.
836 1272 52 37 W.
918 1273 180 35 Thorsson
1127 1270 69 37 och
1224 1272 49 35 N.
1303 1272 45 35 E.
1380 1272 197 46 Lindberg,
1606 1270 127 37 hvilka
1762 1277 133 42 ansett,
1925 1276 54 31 att

386 1323 184 38 utskottet
597 1323 85 38 bort
708 1323 210 48 hemställa,

914 1432 55 32 att
996 1427 86 37 herr
1110 1426 41 37 C.
1173 1427 242 48 Lindhagens
1436 1426 244 37 förevarande
1701 1426 141 36 motion
1863 1429 113 33 måtte

784 1480 40 36 af
848 1479 217 49 Riksdagen
1093 1478 160 38 bifallas.

515 1739 73 37 Det
617 1739 120 37 skulle
764 1739 70 37 här
864 1739 216 47 antecknas,
1110 1744 53 31 att
1191 1738 152 37 friberre
1370 1740 35 35 J.
1428 1739 38 35 T.
1490 1740 230 45 Gripenstedt
1739 1744 97 30 samt
1856 1738 124 36 herrar

385 1793 43 35 E.
448 1792 44 35 A.
517 1792 41 35 G.
579 1792 45 36 A.
660 1792 226 46 Wijkander,
913 1792 42 35 P.
986 1792 204 45 Sörensson,
1219 1792 45 34 K.
1296 1791 173 35 Starbäck
1497 1789 71 37 och
1595 1791 47 34 K.
1679 1791 38 34 V.
1747 1790 130 46 Rydén
1897 1789 80 37 icke

385 1844 166 36 närvarit
582 1843 63 37 vid
678 1843 102 37 detta
815 1843 156 37 ärendes
1007 1842 292 49 handläggning
1339 1843 100 35 inom
1468 1842 194 43 utskottet,
1696 1842 194 36 äfvensom
1924 1846 53 31 att

385 1896 83 36 herr
494 1896 43 36 A.
573 1896 174 36 Wiklund
773 1894 82 38 icke
884 1894 157 49 deltagit
1069 1893 13 37 i
1109 1893 173 38 ärendets
1312 1893 320 48 slutbehandling.

983 2075 61 7 RR
1064 2077 59 5 RAR
1135 2077 244 5 AA
