1878 2784
259 180 43 30 32
621 174 299 36 Statsutskottets
936 173 185 35 utlåtande
1139 186 43 21 nr
1198 175 23 32 8
1238 174 40 33 år
1295 175 88 31 1959

729 253 253 41 Tekniska
1009 251 274 52 högskolor

309 362 91 43 73:0)
428 361 303 44 Överstyrelsen
757 362 65 33 för
845 361 49 34 de
920 361 187 34 tekniska
1132 359 288 44 högskolorna:
1450 358 259 43 Avlöningar.
1735 356 20 35 I

264 416 153 43 enlighet
431 416 83 34 med
529 415 131 43 Kungl.
677 415 128 43 Maj:ts
821 415 131 42 förslag
970 414 130 43 (punkt
1118 417 76 36 150,
1211 426 27 21 s.
1254 416 66 30 299
1336 413 66 33 och
1420 413 95 42 300),
1531 412 110 33 vilket
1656 411 98 34 inne-

264 469 64 35 bär
343 482 44 22 en
403 468 288 44 anslagshöjning
707 469 80 34 med
806 471 65 31 800
888 468 142 39 kronor,
1047 467 203 34 hemställer
1266 466 191 39 utskottet,

626 527 57 29 att
704 521 186 43 riksdagen
910 521 62 34 må

626 576 35 42 a)
689 575 188 43 godkänna
896 574 157 43 följande
1072 573 259 43 avlöningsstat
1350 572 54 34 för
1424 572 256 43 överstyrelsen
1700 571 55 34 för

582 629 42 34 de
642 629 165 34 tekniska
824 628 246 42 högskolorna,
1089 632 56 29 att
1163 627 179 42 tillämpas
1360 626 72 34 tills
1451 625 120 35 vidare
1589 625 80 35 från
1687 625 67 34 och

579 683 82 34 med
675 682 212 42 budgetåret
903 680 169 43 1959/60:

965 759 405 43 Avlöningsstat

585 827 30 31 1.
650 823 216 43 Avlöningar
880 823 54 34 till
949 822 172 36 ordinarie
1135 822 231 43 tjänstemän,
1379 821 203 43 förslagsvis
1630 823 125 31 31400

582 881 31 31 2.
648 877 167 35 Arvoden
839 878 67 33 och
931 877 171 34 särskilda
1125 876 248 42 ersättningar,
1397 875 188 34 bestämda

650 943 47 22 av
714 930 133 43 Kungl.
864 930 113 42 Maj:t
1003 955 574 9 ......ssssseseesererererrr
1632 930 43 30 18
1689 930 66 31 000

584 987 31 31 3.
650 984 217 42 Avlöningar
885 983 55 34 till
958 983 99 42 övrig
1074 982 266 34 icke-ordinarie
1358 981 163 43 personal
1548 1008 29 7 ..
1630 983 126 31 27300

583 1040 32 31 4.
650 1037 141 42 Rörligt
808 1037 132 42 tillägg,
957 1035 203 44 förslagsvis
1184 1061 394 8 ....sssessseser>
1528 1031 52 52 >>>
1655 1037 20 30 9
1689 1036 67 31 000

584 1093 31 31 5.
649 1089 286 44 Kompensation
964 1089 54 34 för
1044 1088 110 43 höjda
1181 1086 404 45 folkpensionsavgifter,

649 1143 203 43 förslagsVis
889 1167 689 10 osmeeeesereserererrr
1347 1138 30 52 rr
1389 1138 36 52 rr
1438 1138 33 52 rr
1483 1138 98 52 ret
1688 1143 68 31 400

1285 1203 147 35 Summa
1455 1204 130 33 kronor
1631 1206 44 30 386
1691 1205 65 31 100

629 1276 37 43 b)
695 1276 54 34 till
772 1274 265 45 Överstyrelsen
1057 1277 55 41 för
1134 1276 42 34 de
1200 1275 163 35 tekniska
1384 1275 247 42 högskolorna:
1652 1273 106 35 Avlö-

584 1329 126 43 ningar
728 1330 55 34 för
800 1330 213 42 budgetåret
1033 1329 156 43 1959/60
1210 1329 123 34 anvisa
1351 1334 54 28 ett
1424 1328 271 42 förslagsanslag
1714 1339 46 22 av

585 1386 42 31 86
643 1386 65 31 100
728 1384 139 33 kronor.

314 1489 91 43 74:0)
433 1488 304 44 Överstyrelsen
760 1490 65 33 för
850 1490 48 34 de
924 1490 187 34 tekniska
1135 1489 288 43 högskolorna:
1453 1487 305 35 Omkostnader.

268 1543 132 43 Kungl.
425 1543 114 43 Maj:t
562 1543 64 34 har
654 1543 131 43 (punkt
812 1546 75 38 151,
913 1555 28 22 s.
967 1544 80 41 300)
1075 1542 180 43 föreslagit
1280 1542 186 42 riksdagen
1492 1547 56 29 att
1572 1541 53 34 till
1651 1539 108 36 Över-

270 1597 171 42 styrelsen
456 1597 56 34 för
527 1597 42 34 de
584 1597 164 34 tekniska
763 1597 246 42 högskolorna:
1027 1596 261 34 Omkostnader
1303 1595 54 34 för
1372 1595 213 42 budgetåret
1602 1594 157 43 1959/60

269 1650 123 34 anvisa
413 1655 55 29 ett
490 1649 269 44 förslagsanslag
780 1662 45 21 av
848 1653 41 30 14
904 1653 68 31 000
994 1650 138 33 kronor.

314 1702 276 44 Ifrågavarande
613 1703 122 43 anslag
757 1707 38 30 är
816 1703 11 34 i
849 1703 162 42 gällande
1034 1703 145 33 riksstat
1201 1702 147 43 uppfört
1369 1703 82 33 med
1476 1705 41 30 13
1530 1705 67 30 400
1619 1702 141 33 kronor.

314 1802 19 33 I
355 1802 65 33 två
441 1801 225 42 likalydande
690 1801 184 40 motioner,
897 1801 134 34 väckta
1053 1801 66 34 den
1142 1813 68 21 ena
1232 1800 96 34 inom
1350 1800 113 33 första
1485 1800 206 33 kammaren
1715 1810 46 22 av

269 1854 80 35 herr
366 1855 171 34 Sundelin
558 1854 42 43 (I:
616 1855 81 42 237)
720 1855 66 33 och
805 1855 67 34 den
893 1855 111 33 andra
1023 1854 95 34 inom
1138 1854 112 34 andra
1269 1854 206 33 kammaren
1497 1865 45 21 av
1561 1853 79 33 herr
1658 1852 102 34 Ståhl

269 1921 48 22 m.
329 1910 37 41 fl.
395 1908 65 44 (IT:
475 1909 95 42 298),
594 1908 64 34 har
681 1929 47 3 —
753 1908 109 34 såvitt
888 1920 48 21 nu
964 1911 39 30 är
1028 1908 10 33 i
1063 1907 99 42 fråga
1186 1927 47 4 —
1257 1907 210 39 hemställts,
1494 1911 55 29 att
1574 1906 186 42 riksdagen

271 1962 112 34 måtte
411 1962 113 34 under
550 1961 230 34 förevarande
807 1962 117 42 punkt
952 1961 54 33 för
1034 1961 211 41 budgetåret
1275 1959 155 44 1959/60
1460 1959 122 34 anvisa
1610 1964 53 29 ett
1692 1959 69 33 för-

270 2015 215 43 slagsanslag
510 2027 45 22 av
582 2018 122 31 12600
730 2015 139 34 kronor.

314 2067 233 35 Beträffande
568 2067 255 43 motiveringen
844 2068 54 33 för
920 2067 166 43 förslaget
1107 2066 150 35 hänvisa
1277 2067 262 34 motionärerna
1561 2065 51 35 till
1634 2065 127 35 motio-

269 2134 69 22 nen
359 2122 49 33 II:
424 2125 79 32 248.

320 2221 197 35 Utskottet.
538 2220 121 34 Under
683 2220 222 42 åberopande
930 2232 46 21 av
1000 2220 69 33 vad
1092 2219 180 34 utskottet
1295 2230 91 22 ovan
1411 2218 112 34 under
1544 2218 162 42 punkten
1730 2220 32 36 2,

270 2274 530 43 Ecklesiastikdepartementet:
826 2273 272 39 Omkostnader,
1124 2272 130 40 anfört,
1279 2272 202 33 hemställer
1505 2271 189 40 utskottet,

633 2332 57 29 att
713 2327 185 42 riksdagen
922 2326 72 40 må,
1018 2326 79 34 med
1122 2325 99 34 bifall
1247 2326 52 33 till
1323 2325 133 41 Kungl.
1480 2324 129 42 Maj:ts
1632 2324 131 42 förslag

590 2386 94 29 samt
700 2381 82 33 med
799 2380 121 42 avslag
938 2380 22 33 å
974 2379 223 34 motionerna
1213 2378 30 33 I:
1258 2381 66 31 237
1341 2378 66 34 och
1425 2378 50 33 II:
1490 2381 77 36 298,
1585 2377 111 34 såvitt
1714 2389 48 22 nu

589 2437 38 31 är
648 2434 12 33 i
684 2433 111 43 fråga,
817 2434 53 33 till
895 2431 265 44 Överstyrelsen
1183 2433 56 42 för
1263 2432 41 34 de
1330 2431 164 34 tekniska
1517 2431 246 42 högskolorna:

591 2488 260 34 Omkostnader
875 2486 55 34 för
955 2486 210 42 budgetåret
1193 2485 155 43 1959/60
1375 2485 124 33 anvisa
1524 2489 53 29 ett
1601 2484 162 42 förslags-

591 2543 122 41 anslag
731 2553 46 22 av
797 2543 40 30 14
852 2543 66 31 000
938 2540 139 33 kronor.
