1872 2788
471 174 300 35 Statsutskottets
787 175 186 35 utlåtande
990 189 43 21 nr
1049 178 22 31 8
1089 176 39 33 år
1145 178 88 31 1959
1557 179 43 29 33

156 253 90 42 75:0)
275 254 200 34 Tekniska
501 255 223 42 högskolan
751 255 13 34 i
792 255 247 34 Stockholm:
1071 255 305 34 Omkostnader.
1403 255 19 34 I
1448 256 156 42 enlighet

109 309 80 33 med
215 307 135 44 Kungl.
377 308 127 42 Maj:ts
533 308 130 43 förslag
692 309 132 43 (punkt
853 312 75 37 153,
955 322 26 21 s.
1010 310 209 42 324—326),
1247 309 112 34 vilket
1386 309 148 34 innebär
1559 322 44 21 en

110 361 287 44 anslagshöjning
416 364 80 33 med
518 366 63 30 301
598 366 65 31 200
684 363 141 40 kronor,
845 363 201 34 hemställer
1066 364 189 39 utskottet,

473 422 56 29 att
554 416 184 43 riksdagen
763 418 61 32 må
848 417 51 34 till
928 417 176 34 Tekniska
1128 417 194 43 högskolan
1346 417 13 34 i
1383 417 220 35 Stockholm:

428 470 261 35 Omkostnader
713 471 55 34 för
793 471 211 43 budgetåret
1032 471 155 43 1959/60
1213 471 124 34 anvisa
1362 476 54 29 ett
1440 471 162 43 förslags-

429 525 122 42 anslag
568 537 45 21 av
631 528 19 30 2
665 528 64 31 006
745 528 67 31 800
829 525 139 35 kronor.

156 631 91 42 76:0)
275 632 201 33 Tekniska
490 632 223 43 högskolan
728 633 13 32 i
757 632 247 34 Stockholm:
1023 632 331 43 Nyanskaffning
1369 642 50 24 av
1434 641 168 34 appara-

110 686 63 32 ter
187 695 50 24 m.
252 695 52 25 m.
321 685 18 33 I
355 685 153 43 enlighet
523 686 82 33 med
619 685 132 43 Kungl.
767 685 129 43 Maj:ts
912 686 130 42 förslag
1060 686 129 42 (punkt
1206 689 77 36 153,
1299 698 26 21 s.
1342 689 65 30 326
1424 686 66 33 och
1506 686 96 42 327),

110 738 109 34 vilket
247 738 148 35 innebär
421 751 43 21 en
493 739 343 43 anslagsminskning
863 741 80 33 med
972 743 66 30 200
1053 743 66 30 000
1147 740 140 39 kronor,
1316 740 202 33 hemställer
1546 745 55 29 ut-

108 792 147 41 skottet,

475 852 56 28 att
555 847 185 42 riksdagen
765 847 61 33 må
849 847 53 33 till
929 847 176 34 Tekniska
1129 847 195 42 högskolan
1347 847 12 33 i
1381 846 221 35 Stockholm:

428 900 289 43 Nyanskaffning
738 914 45 20 av
804 906 189 38 apparater
1010 914 108 21 m.m.
1138 901 54 33 för
1211 901 212 42 budgetåret
1445 900 156 44 1959/60

429 954 125 34 anvisa
573 959 53 29 ett
646 954 356 43 reservationsanslag
1022 967 46 21 av
1090 958 97 30 1500
1202 958 66 30 000
1289 955 140 33 kronor.

156 1061 91 42 77:0)
275 1061 202 34 Tekniska
503 1061 222 43 högskolan
753 1062 13 33 i
794 1061 247 35 Stockholm:
1072 1061 208 43 Bokinköp
1309 1061 74 34 och
1410 1061 191 34 bokbind-

108 1115 97 43 ning
230 1115 67 34 för
322 1115 245 43 högskolans
594 1115 203 34 bibliotek.
824 1115 19 33 I
870 1115 153 42 enlighet
1049 1116 81 33 med
1156 1115 133 42 Kungl.
1316 1114 128 43 Maj:ts
1472 1114 130 43 förslag

112 1168 130 42 (punkt
265 1171 77 38 156,
363 1181 26 21 s.
411 1172 66 30 327
498 1169 67 33 och
588 1169 93 42 328),
702 1168 111 34 vilket
835 1168 146 34 innebär
1000 1181 43 21 en
1066 1168 287 43 anslagshöjning
1373 1169 81 33 med
1478 1172 41 30 10
1535 1172 65 30 000

107 1221 139 41 kronor,
268 1222 202 34 hemställer
491 1223 189 39 utskottet,

473 1281 56 29 att
554 1276 185 42 riksdagen
763 1276 61 33 må
848 1275 52 34 till
927 1276 177 34 Tekniska
1128 1276 194 42 högskolan
1346 1276 12 34 i
1381 1275 221 35 Stockholm:

429 1329 190 43 Bokinköp
650 1329 65 34 och
748 1329 241 43 bokbindning
1020 1330 56 41 för
1104 1329 212 42 högskolans
1348 1329 169 34 bibliotek
1548 1330 55 33 för

428 1383 212 42 budgetåret
686 1383 156 43 1959/60
888 1383 122 33 anvisa
1056 1388 53 28 ett
1153 1382 358 43 reservationsanslag
1556 1395 45 21 av

430 1439 65 31 140
510 1440 66 30 000
595 1437 139 33 kronor.

155 1543 91 42 78:0)
274 1543 201 34 Tekniska
495 1543 222 43 högskolan
738 1543 13 33 i
772 1542 247 35 Stockholm:
1043 1542 247 43 Resebidrag
1310 1542 62 34 till
1392 1542 209 34 studeran-

107 1597 60 34 de.
188 1598 18 32 I
227 1596 155 43 enlighet
401 1597 81 34 med
502 1596 133 43 Kungl.
656 1596 129 42 Maj:ts
806 1596 129 43 förslag
958 1596 131 42 (punkt
1112 1599 75 37 1537,
1209 1608 26 21 s.
1257 1596 95 42 328),
1373 1596 111 34 vilket
1504 1596 96 34 inne-

110 1651 63 34 bär
201 1651 193 34 anvisande
424 1663 45 21 av
498 1663 137 21 samma
663 1650 267 42 anslagsbelopp
960 1662 76 21 som
1065 1650 54 33 för
1147 1649 238 34 innevarande
1415 1650 185 42 budgetår,

107 1704 202 34 hemställer
332 1705 189 39 utskottet,

474 1762 56 29 att
555 1757 185 42 riksdagen
765 1757 60 33 må
849 1757 52 33 till
928 1757 176 33 Tekniska
1129 1756 194 43 högskolan
1346 1757 12 33 i
1381 1756 220 35 Stockholm:

427 1811 216 42 Resebidrag
668 1811 52 34 till
744 1811 213 33 studerande
982 1810 55 33 för
1060 1810 210 42 budgetåret
1296 1810 156 43 1959/60
1477 1811 124 33 anvisa

428 1869 53 28 ett
502 1864 122 42 anslag
643 1876 45 21 av
709 1867 40 29 61
767 1867 66 30 000
854 1864 138 33 kronor.

154 1965 91 42 79:0)
274 1965 207 33 Chalmers
508 1965 188 33 tekniska
721 1964 212 43 högskola:
963 1963 305 34 Omkostnader.
1296 1963 17 33 I
1340 1963 153 42 enlighet
1519 1963 81 33 med

108 2018 131 43 Kungl.
259 2018 129 42 Maj:ts
408 2018 130 42 förslag
562 2018 129 42 (punkt
713 2021 76 36 160,
810 2031 25 20 s.
857 2018 209 41 343—345),
1087 2017 108 33 vilket
1216 2017 146 33 innebär
1383 2029 42 21 en
1446 2017 153 41 anslags-

109 2072 145 42 höjning
274 2073 80 33 med
378 2075 63 30 169
456 2076 66 29 500
544 2072 138 39 kronor,
703 2072 202 32 hemställer
925 2071 190 39 utskottet,

474 2130 55 28 att
553 2125 183 41 riksdagen
761 2126 60 32 må
846 2125 48 33 till
920 2124 183 34 Chalmers
1127 2123 162 34 tekniska
1312 2124 181 41 högskola:
1518 2123 81 33 Om-

429 2179 191 33 kostnader
639 2179 52 32 för
710 2178 209 41 budgetåret
941 2177 155 43 1959/60
1117 2177 123 33 anvisa
1259 2182 53 28 ett
1332 2177 269 41 förslagsanslag

429 2244 45 21 av
494 2235 65 29 834
575 2235 64 29 500
659 2232 140 32 kronor.

154 2331 91 41 80:0)
274 2331 207 34 Chalmers
505 2331 186 33 tekniska
715 2330 212 42 högskola:
954 2329 332 43 Nyanskaffning
1310 2339 50 23 av
1384 2329 217 42 apparater

108 2394 50 23 m.
173 2395 50 23 m.
247 2385 16 32 I
287 2384 152 41 enlighet
462 2385 80 33 med
565 2384 131 40 Kungl.
718 2383 129 41 Maj:ts
870 2383 128 41 förslag
1023 2383 129 41 (punkt
1177 2386 75 32 162,
1277 2395 25 20 s.
1327 2385 64 30 345
1415 2382 65 33 och
1505 2381 94 41 346),

110 2438 108 33 vilket
247 2439 147 32 innebär
421 2451 42 20 en
494 2437 342 41 anslagsminskning
863 2437 78 33 med
971 2440 65 29 300
1052 2440 65 28 000
1146 2436 139 39 kronor,
1315 2436 201 32 hemställer
1546 2439 53 29 ut-

107 2491 146 40 skottet,

142 2579 31 1 —
193 2563 99 30 Bihang
319 2564 37 23 till
381 2562 147 30 riksdagens
553 2562 127 30 protokoll
707 2563 69 22 1959.
813 2564 14 20 6
851 2561 70 23 saml.
958 2560 38 24 Nr
1019 2563 15 20 8
