1850 2784
472 169 120 30 Andra
618 166 247 37 lagutskottets
893 162 179 31 utlåtande
1098 170 42 20 nr
1165 161 52 28 40.
1553 153 36 29 11

105 264 54 29 för
175 261 127 31 UOL:s
320 259 216 38 stadganden
552 266 57 22 om
626 255 193 37 debitering
834 253 66 30 och
916 251 159 38 uppbörd
1092 259 42 20 av
1150 244 441 42 olycksfallsförsäkrings-

105 316 147 37 avgifter
274 314 113 30 skulle
409 312 202 37 därigenom
634 310 66 29 den
722 317 69 28 nya
813 306 270 36 förordningens
1106 301 245 31 motsvarande
1372 296 219 33 bestämmel-

106 379 55 21 ser
184 369 140 29 komma
347 368 51 28 att
420 366 90 37 gälla
533 365 86 29 även
641 356 547 44 byggnadsforskningsavgifter.

149 424 366 38 Utredningsmännen
535 420 147 31 föreslår
701 420 118 29 vidare
838 419 51 29 att
908 426 56 21 om
983 415 234 37 arbetsgivare
1235 413 90 29 hade
1344 413 50 28 att
1413 409 179 36 samtidigt

106 481 138 36 erlägga
268 475 327 39 arbetsgivaravgift
618 474 65 30 och
706 467 509 43 byggnadsforskningsavgift,
1240 467 101 29 dessa
1364 464 106 30 borde
1494 462 98 38 påfö-

108 543 56 20 ras
186 534 10 29 i
217 541 41 21 en
279 539 199 30 gemensam
499 530 91 36 post,
611 527 44 30 då
677 526 195 38 avgifterna
894 524 112 30 skulle
1026 523 157 36 erläggas
1203 520 11 29 i
1235 519 169 30 samband
1427 517 77 30 med
1526 516 66 29 den

107 587 178 29 allmänna
305 582 334 39 skatteuppbörden.
658 579 228 31 Beträffande
906 579 57 28 det
983 576 61 31 fall
1065 577 51 28 att
1136 574 195 38 avgifterna
1350 571 111 38 gällde
1482 571 111 29 större

107 642 83 29 eller
218 640 142 30 därmed
388 637 178 31 likställda
593 634 245 37 arbetsgivare,
865 633 118 36 syntes
1010 625 472 39 riksförsäkringsanstalten
1509 624 85 28 böra

108 695 195 30 bestämma
323 702 57 21 om
403 690 195 38 avgifterna
620 688 112 30 skulle
752 686 144 38 påföras
917 685 11 29 i
948 693 43 21 en
1012 690 200 31 gemensam
1234 682 89 35 post.

155 767 13 28 I
191 765 98 38 fråga
311 773 57 21 om
391 761 158 38 uppbörd
571 769 42 21 av
635 756 339 38 arbetsgivarbidrag
997 754 51 31 till
1070 751 332 39 sjukförsäkringen
1422 749 80 37 från
1525 743 70 45 del-

109 820 103 35 ägare
233 819 10 29 i
261 815 208 36 ömsesidiga
487 811 326 40 försäkringsbolag
833 810 102 30 anför
955 806 372 38 utredningsmännen,
1349 805 51 29 att
1418 803 100 29 dessa
1537 801 60 30 bo-

111 874 54 36 lag
182 889 45 4 —
243 871 112 30 under
374 867 254 37 förutsättning
647 867 51 28 att
715 866 41 29 de
775 864 85 37 ägde
879 863 70 29 rätt
968 863 51 29 att
1037 860 159 31 meddela
1214 856 228 39 obligatorisk
1461 855 136 30 försäk-

111 926 77 37 ring
204 923 141 39 jämlikt
361 918 540 42 yrkesskadeförsäkringslagen
916 933 45 4 —
974 915 107 30 borde
1098 913 139 37 åläggas
1255 914 51 27 att
1323 919 101 21 svara
1441 910 54 29 för
1511 917 87 28 upp-

111 980 85 29 börd
216 987 41 21 av
277 974 338 38 arbetsgivarbidrag
635 972 141 37 jämlikt
796 968 409 39 sjukförsäkringslagen
1224 964 222 31 beträffande
1467 962 131 31 arbets-

111 1033 127 37 givare,
257 1039 76 21 som
351 1037 81 22 vore
452 1028 160 36 delägare
630 1026 12 29 i
660 1026 156 36 bolagen.
836 1023 168 37 Bolagens
1025 1020 236 38 skyldigheter
1280 1018 181 36 härvidlag
1481 1016 118 29 kunde

112 1086 150 37 regleras
285 1083 166 36 antingen
472 1082 11 29 i
505 1079 106 37 detalj
636 1080 82 29 eller
740 1086 125 29 genom
887 1077 51 29 att
959 1076 124 29 endast
1104 1074 92 29 vissa
1217 1071 274 38 huvudgrunder
1513 1070 86 29 fast-

113 1140 153 29 ställdes.
289 1137 121 31 Såsom
432 1136 75 30 skäl
529 1136 55 29 för
606 1135 57 29 det
683 1133 112 30 första
816 1130 222 31 alternativet
1058 1128 118 30 kunde
1197 1127 179 36 åberopas,
1398 1126 50 28 att
1469 1124 130 29 arbets-

112 1192 266 39 givarbidragen
399 1189 161 38 utgjorde
581 1186 186 38 offentliga
787 1184 123 35 medel,
929 1184 112 29 vilkas
1062 1181 226 38 uppbärande
1309 1179 106 30 borde
1437 1178 62 37 äga
1521 1186 78 20 rum

115 1249 9 29 i
142 1248 141 33 former,
303 1244 193 37 likvärdiga
515 1244 79 29 dem
613 1250 75 22 som
707 1240 113 30 skulle
839 1238 91 38 gälla
949 1237 55 30 för
1022 1235 205 38 uppbörden
1245 1241 125 30 genom
1389 1230 211 32 riksförsäk-

114 1299 284 40 ringsanstalten.
420 1296 201 31 Emellertid
642 1295 117 37 syntes
781 1302 43 20 en
845 1290 282 37 detaljreglering
1149 1298 41 20 av
1210 1288 57 29 det
1288 1285 214 33 förfarande,
1525 1293 75 20 som

114 1355 146 36 bolagen
280 1352 108 30 borde
408 1351 170 36 tillämpa,
599 1348 169 30 innebära
788 1347 49 29 ett
857 1345 119 30 alltför
997 1345 89 28 stort
1108 1341 139 37 intrång
1268 1342 11 28 i
1300 1341 100 29 deras
1423 1338 106 30 frihet
1551 1339 50 28 att

114 1409 113 37 själva
249 1409 110 29 ordna
381 1407 76 29 sina
479 1404 299 37 angelägenheter.
802 1400 127 36 Rimlig
952 1398 188 36 anledning
1162 1396 200 32 förutsätta,
1384 1395 50 28 att
1455 1392 147 36 bolagen

117 1464 70 29 inte
209 1462 112 30 skulle
342 1461 140 29 komma
503 1459 51 29 att
573 1457 143 30 handha
736 1454 211 30 hithörande
967 1450 154 39 göromål
1143 1450 44 37 på
1208 1451 48 28 ett
1276 1445 326 32 tillfredsställande

117 1518 80 32 sätt,
217 1516 127 28 funnes
365 1514 55 29 för
440 1511 111 38 övrigt
570 1510 45 37 ej.
634 1507 368 38 Utredningsmännen
1020 1503 215 39 begränsade
1256 1502 51 37 sig
1327 1500 44 38 på
1391 1499 111 38 grund
1523 1499 80 29 här-

118 1579 41 20 av
181 1569 52 29 till
257 1569 51 29 att
331 1566 128 30 föreslå
481 1565 125 30 endast
627 1564 93 28 vissa
742 1559 352 37 huvudstadganden.

162 1639 182 37 Möjlighet
363 1638 53 29 till
438 1636 152 30 kontroll
612 1643 102 28 synes
735 1632 193 30 emellertid
950 1631 84 29 böra
1055 1629 130 29 finnas.
1207 1626 247 38 Skyldigheten
1475 1625 50 29 att
1545 1623 60 37 på-

119 1694 76 29 föra
214 1689 337 39 arbetsgivarbidrag
569 1688 66 30 och
655 1688 50 29 att
724 1685 261 36 vederbörligen
1003 1683 192 29 inleverera
1214 1681 51 29 till
1284 1680 147 36 bolagen
1450 1678 155 29 influtna

119 1747 120 35 bidrag
256 1744 106 30 borde
381 1743 147 29 sålunda
545 1741 202 30 övervakas.
765 1740 66 28 Det
848 1739 118 36 syntes
983 1736 170 36 naturligt
1171 1736 50 29 att
1238 1735 114 29 denna
1370 1730 236 37 övervakning

120 1802 105 29 borde
255 1798 207 31 verkställas
494 1806 42 20 av
567 1793 391 39 tillsynsmyndigheten
990 1791 54 29 för
1077 1790 66 29 den
1175 1788 178 30 allmänna
1385 1784 221 38 sjukförsäk-

121 1855 130 36 ringen.
270 1853 126 29 Därest
414 1847 474 38 riksförsäkringsanstalten
907 1844 112 30 skulle
1038 1843 55 30 för
1112 1841 189 30 framtiden
1318 1838 192 31 bibehållas
1530 1847 76 20 som

122 1904 354 39 tillsynsmyndighet,
508 1902 118 29 kunde
657 1901 56 29 det
743 1909 42 20 ur
816 1897 195 38 principiell
1044 1895 181 38 synpunkt
1256 1893 163 30 förefalla
1449 1901 83 20 vara
1564 1899 43 21 en

122 1960 134 30 mindre
278 1957 194 30 tilltalande
494 1955 160 36 ordning,
676 1955 50 28 att
748 1951 175 31 anstalten
946 1950 115 30 såsom
1083 1957 42 21 en
1148 1948 77 29 med
1246 1947 147 36 bolagen
1415 1945 193 30 konkurre-

122 2015 106 31 rande
250 2008 416 40 försäkringsinrättning
687 2006 113 31 skulle
821 2007 64 28 öva
907 2005 68 28 viss
997 2002 152 30 kontroll
1172 2003 79 28 över
1272 2001 112 29 dessa.
1407 1998 201 30 Emellertid

123 2069 122 35 avsåge
274 2064 197 31 kontrollen
499 2064 71 28 inte
599 2062 164 35 bolagens
791 2058 166 36 ställning
985 2066 75 20 som
1090 2054 347 37 försäkringsgivare.
1465 2052 51 29 Då
1544 2052 65 28 här

122 2123 109 35 jämte
254 2128 116 21 annan
393 2117 54 29 för
468 2117 114 29 denna
604 2113 139 38 uppgift
765 2112 139 36 lämpad
928 2109 203 38 myndighet
1154 2109 42 28 än
1218 2105 388 39 tillsynsmyndigheten

125 2177 69 28 inte
217 2175 97 29 torde
338 2174 117 28 finnas
478 2173 50 27 att
550 2169 109 37 tillgå,
680 2168 106 29 borde
809 2166 108 36 enligt
939 2162 379 37 utredningsmännens
1343 2159 138 36 mening
1504 2158 106 36 något

125 2229 177 34 undantag
326 2226 74 29 icke
422 2225 150 35 stadgas,
593 2231 56 20 om
672 2217 473 37 riksförsäkringsanstalten
1170 2215 137 29 komme
1329 2214 51 28 att
1402 2212 34 29 få
1459 2212 150 35 fullgöra

128 2280 207 29 funktionen
355 2287 73 19 som
447 2273 353 39 tillsynsmyndighet.

171 2351 114 35 Enligt
308 2347 379 36 utredningsmännens
713 2343 130 36 förslag
866 2342 112 29 skulle
1001 2340 146 35 bolagen
1171 2338 190 29 inleverera
1384 2336 50 29 till
1459 2336 77 28 dem
1561 2334 50 29 in-

128 2406 112 28 flutna
261 2399 338 38 arbetsgivarbidrag
620 2398 50 29 till
692 2396 220 30 statsverket.
935 2393 158 30 Rörande
1116 2392 73 29 icke
1210 2391 154 29 influtna
1384 2388 228 37 arbetsgivar-

127 2458 120 34 bidrag
270 2455 105 29 borde
399 2452 95 37 varje
517 2452 102 35 bolag
644 2449 200 30 månadsvis
868 2448 155 36 uppgöra
1049 2444 231 36 förteckning,
1305 2451 74 21 som
1403 2442 209 29 översändes

129 2511 49 28 till
199 2505 482 37 riksförsäkringsanstalten.
700 2502 181 29 Anstalten
901 2500 112 29 skulle
1032 2500 107 28 kräva
1157 2496 260 37 arbetsgivarna
1434 2495 43 37 på
1494 2495 119 36 oguld-
