1890 2764
405 157 453 30 Konstitutionsutskottets
879 156 184 30 memorial
1083 165 43 21 nr
1148 156 39 30 17
1209 156 40 30 år
1271 156 84 29 1962
1598 155 40 31 19

860 250 47 29 III

650 336 182 30 (Protokollet
851 336 66 23 över
935 335 205 27 socialärenden
1159 335 54 24 den
1232 334 32 24 15
1283 334 143 24 december
1445 334 75 29 1961,
1540 340 34 17 nr
1591 332 47 31 45)

179 386 67 29 För
267 385 236 40 arbetstagare
522 386 11 30 i
554 384 191 31 allmänhet
766 384 151 40 regleras
939 383 363 39 förhandlingsrätten
1324 390 123 32 genom
1472 382 82 30 1936
1577 381 58 31 års

134 436 56 39 lag
205 445 57 20 om
278 436 194 39 förenings-
487 436 65 30 och
567 435 326 39 förhandlingsrätt.
911 434 117 39 Enligt
1045 433 155 31 nämnda
1216 433 56 39 lag
1287 433 65 30 har
1368 432 170 40 förening,
1559 441 75 21 som

134 486 117 30 består
269 496 42 21 av
330 486 236 39 arbetstagare
584 486 65 30 och
670 494 74 22 som
762 485 108 39 enligt
888 485 191 39 stadgarna
1096 485 64 29 har
1181 484 52 30 till
1253 483 139 40 uppgift
1411 483 50 30 att
1481 483 155 30 tillvara-

135 539 80 37 taga
242 536 282 40 arbetstagarnas
548 536 175 30 intressen
746 535 149 31 rörande
921 534 362 40 anställningsvillkor
1308 534 65 30 och
1398 533 238 31 förhållandet

135 587 11 30 i
168 587 112 39 övrigt
301 587 53 30 till
377 587 270 39 arbetsgivaren,
671 587 69 29 rätt
763 588 50 28 att
836 585 142 40 påkalla
1001 584 227 40 förhandling
1251 584 124 30 härom
1400 584 79 30 med
1505 583 129 30 arbets-

136 637 150 40 givaren.
308 637 162 30 Nämnda
489 637 56 39 lag
567 638 38 28 är
627 636 192 31 emellertid
839 636 76 30 icke
937 635 186 40 tillämplig
1145 635 46 39 på
1212 634 133 31 sådana
1366 634 236 39 arbetstagare
1623 634 13 29 i

137 690 132 28 statens
290 688 83 29 eller
393 688 277 29 kommunernas
691 687 120 39 tjänst,
834 695 75 21 som
931 687 38 29 är
989 685 261 31 underkastade
1272 685 273 30 ämbetsansvar.
1568 684 68 30 För

136 739 101 29 dessa
253 737 347 40 befattningshavare
621 737 106 40 gäller
744 737 12 30 i
775 737 115 30 stället
912 737 6 29 i
937 735 537 40 förhandlingsrättshänseende
1493 734 143 31 särskil-

137 788 45 30 da
201 788 273 35 bestämmelser,
497 787 177 40 nämligen
695 787 55 30 för
772 787 396 40 statstjänstemännens
1191 786 54 30 del
1268 785 234 40 kungörelsen
1525 785 68 30 den
1615 785 21 30 4

135 839 79 40 juni
237 839 82 30 1937
342 846 76 32 ang.
442 838 316 40 förhandlingsrätt
780 838 56 30 för
857 839 132 28 statens
1011 837 217 39 tjänstemän
1250 836 66 30 och
1338 836 55 30 för
1414 835 222 30 kommunal-

137 889 286 40 tjänstemännen
443 889 100 39 lagen
564 888 67 30 den
654 889 36 29 17
712 888 70 40 maj
809 887 83 31 1940
914 897 57 20 om
992 887 318 39 förhandlingsrätt
1331 886 55 30 för
1406 886 231 30 kommunala

137 939 225 40 tjänstemän.

180 990 117 39 Enligt
322 990 222 30 sistnämnda
568 989 57 30 års
650 989 55 39 lag
729 989 215 29 tillkommer
969 987 318 40 förhandlingsrätt
1313 987 123 30 endast
1463 986 171 40 förening,

138 1049 74 21 som
233 1049 100 21 avser
355 1042 50 28 att
424 1039 222 39 tillvarataga
666 1038 229 31 kommunala
915 1038 236 40 tjänstemäns
1172 1038 174 29 intressen
1368 1037 116 30 såsom
1506 1037 131 30 arbets-

137 1092 117 37 tagare
277 1091 66 29 och
365 1099 74 21 som
462 1090 279 39 socialstyrelsen
763 1089 180 30 tillerkänt
965 1088 110 31 sådan
1097 1089 80 30 rätt.
1199 1088 168 29 Ansökan
1389 1097 57 20 om
1469 1087 168 30 förhand-

137 1141 162 39 lingsrätt
320 1140 89 30 skall
431 1140 120 30 ställas
571 1140 53 30 till
649 1139 278 40 socialstyrelsen
949 1141 91 28 samt
1062 1139 51 30 dit
1134 1138 136 40 ingivas
1292 1138 81 30 eller
1394 1138 11 29 i
1425 1138 108 29 betalt
1554 1137 83 31 brev

137 1191 178 30 insändas.
332 1191 66 30 Vid
415 1190 97 40 dylik
529 1190 158 30 ansökan
705 1190 88 30 skall
810 1190 99 39 fogas
926 1189 45 31 bl.
990 1199 30 20 a.
1038 1189 226 39 föreningens
1283 1189 140 39 stadgar
1442 1190 91 28 samt
1550 1197 85 30 upp-

138 1241 64 40 gift
220 1241 20 30 å
256 1240 220 40 ungefärliga
494 1240 132 31 antalet
643 1240 229 30 kommunala
889 1240 227 39 tjänstemän,
1138 1249 75 20 som
1232 1240 39 29 är
1290 1239 229 30 medlemmar
1536 1238 13 30 i
1567 1238 71 30 för-

138 1292 148 39 eningen
306 1291 83 30 eller
410 1291 52 30 till
483 1291 116 30 denna
621 1291 161 30 ansluten
804 1290 171 40 förening.

182 1343 13 28 I
216 1351 44 20 en
282 1342 67 29 den
372 1342 38 29 10
432 1341 79 40 juni
535 1342 83 29 1960
640 1341 227 39 dagtecknad,
890 1341 52 29 till
966 1340 280 39 socialstyrelsen
1269 1340 103 30 ställd
1395 1340 159 29 ansökan
1578 1348 60 21 an-

136 1392 71 29 höll
232 1392 156 39 Sveriges
413 1391 176 30 arbetares
613 1390 372 40 centralorganisation
1015 1390 113 34 (SAC)
1157 1399 57 21 om
1239 1389 316 39 förhandlingsrätt
1580 1399 58 20 en-

138 1443 61 38 ligt
219 1442 82 30 1940
319 1442 57 30 års
392 1442 55 39 lag
463 1442 73 29 dels
553 1441 55 30 för
624 1441 78 31 SAC
721 1442 64 29 och
802 1441 74 30 dels
893 1440 55 31 för
964 1440 53 30 till
1034 1440 116 30 denna
1166 1441 166 29 anslutna
1349 1439 287 40 organisationer.

138 1493 13 29 I
174 1492 243 39 ansökningen
438 1500 139 31 uppgav
598 1491 88 35 SAC,
709 1493 50 28 att
780 1491 68 30 den
868 1491 153 39 begärda
1042 1490 362 39 förhandlingsrätten
1426 1489 146 31 berörde
1596 1490 41 30 25

138 1542 238 35 medlemmar,
401 1542 175 30 anställda
597 1542 58 30 vid
677 1541 104 31 Gävle
801 1541 189 34 brandkår,
1014 1550 82 21 men
1119 1542 51 28 att
1193 1540 264 39 undersökning
1481 1540 30 40 ej
1538 1540 99 30 verk-

139 1593 113 30 ställts
274 1602 57 20 om
353 1593 67 29 den
443 1592 152 39 begärda
617 1591 361 40 förhandlingsrätten
1001 1591 119 30 kunde
1145 1590 124 31 beröra
1292 1591 86 29 även
1401 1591 111 29 andra
1535 1598 104 32 grup-

138 1652 61 31 per
219 1643 394 34 kommunalanställda,
639 1651 73 21 som
732 1651 62 21 var
816 1642 166 30 anslutna
1002 1641 52 30 till
1078 1641 88 31 SAC.

180 1693 285 39 Socialstyrelsen
485 1692 111 31 beslöt
616 1693 67 29 den
703 1692 40 31 24
763 1692 188 30 november
973 1691 82 31 1960
1076 1693 51 29 att
1147 1691 55 30 för
1222 1691 57 30 det
1300 1691 199 30 dåvarande
1519 1691 121 30 lämna

139 1743 242 39 ansökningen
402 1745 86 28 utan
508 1743 111 30 bifall.

183 1793 87 30 Över
288 1793 299 39 socialstyrelsens
603 1792 113 31 beslut
732 1792 147 31 anförde
896 1792 79 31 SAC
992 1793 66 29 och
1073 1792 52 30 till
1145 1792 116 30 denna
1279 1792 165 29 anslutna
1461 1791 177 40 organisa-

139 1844 112 29 tioner
271 1843 123 30 besvär
414 1844 64 29 hos
499 1843 127 38 Kungl.
648 1843 114 39 Maj:t.

183 1894 155 29 Bevären
354 1893 183 40 avgjordes
553 1893 11 29 i
580 1893 135 39 konselj
735 1893 67 29 den
821 1893 38 29 15
879 1891 181 31 december
1078 1892 93 29 1961.
1189 1891 126 39 Kungl.
1333 1891 105 40 Maj:t
1456 1891 87 30 fann
1561 1891 78 30 där-

140 1943 57 30 vid
219 1943 45 39 på
285 1943 210 29 hemställan
518 1952 42 21 av
583 1942 186 29 statsrådet
791 1942 65 29 och
877 1941 124 30 chefen
1025 1941 54 30 för
1102 1941 384 40 socialdepartementet
1509 1942 30 39 ej
1566 1942 76 29 skäl

140 1995 82 38 göra
241 1994 149 39 ändring
409 1994 10 29 i
440 1993 298 39 socialstyrelsens
755 1993 124 30 beslut.

184 2043 65 30 Vid
275 2043 172 40 prövning
472 2053 41 20 av
540 2043 227 30 förevarande
795 2043 126 29 ärende
947 2042 64 30 har
1036 2042 96 29 inom
1158 2042 170 30 utskottet
1354 2042 208 30 framställts
1587 2052 54 29 yr-

139 2094 113 29 kande
272 2103 56 21 om
350 2094 165 29 anmälan
535 2096 86 27 utan
642 2093 218 39 åberopande
881 2102 41 20 av
945 2093 14 36 $
985 2092 59 30 107
1067 2092 317 40 regeringsformen
1404 2095 72 27 mot
1498 2093 144 30 statsrå-

141 2144 57 29 det
216 2145 65 28 och
299 2144 124 29 chefen
442 2144 55 29 för
517 2143 383 39 socialdepartementet
919 2143 54 29 för
992 2143 57 29 det
1068 2143 112 31 denne
1199 2143 75 29 icke
1294 2142 157 31 förordat
1471 2143 98 30 bifall
1590 2143 51 30 till

140 2194 41 29 de
202 2194 64 29 hos
288 2194 126 38 Kungl.
436 2194 105 39 Maj:t
564 2193 148 30 anförda
732 2193 178 30 besvären.

183 2243 77 30 Med
282 2243 189 39 anledning
491 2253 42 20 av
555 2243 124 39 frågan
700 2244 110 28 under
830 2242 93 30 vilka
946 2243 299 38 omständigheter
1267 2242 160 40 förening
1448 2252 42 21 av
1512 2243 131 30 arbets-

140 2294 117 38 tagare
279 2294 30 39 ej
336 2302 100 21 anses
459 2293 121 30 kunna
602 2293 132 30 erhålla
756 2293 326 38 förhandlingsrätt,
1104 2293 59 29 vill
1185 2293 170 30 utskottet
1378 2293 51 29 till
1452 2302 43 20 en
1516 2293 126 39 början

140 2343 168 39 redogöra
328 2344 53 29 för
403 2343 81 30 1937
506 2344 56 29 års
582 2343 218 39 kungörelse,
820 2344 83 29 enär
922 2344 116 29 denna
1057 2343 10 29 i
1087 2343 176 39 åtskilliga
1284 2343 223 30 hänseenden
1528 2343 115 40 tjänat

142 2403 74 20 som
234 2394 148 30 förebild
401 2394 54 30 för
477 2394 82 30 1940
578 2394 56 30 års
653 2395 64 38 lag.
