1888 2760
267 143 39 30 18
543 145 452 34 Konstitutionsutskottets
1016 151 184 30 memorial
1219 161 43 20 nr
1285 152 38 30 17
1345 153 39 30 år
1407 154 84 30 1962

268 226 66 30 och
355 226 67 30 den
443 228 109 30 totala
572 228 287 42 beskattningens
880 232 86 40 höjd
988 234 156 30 centrala
1166 234 118 41 frågor
1305 236 12 30 i
1339 237 77 30 vårt
1438 238 168 39 politiska
1627 239 55 31 liv.
1707 240 58 31 Ett

268 277 161 38 uppskov
452 278 113 30 skulle
587 279 47 30 ha
657 280 152 31 medfört
832 291 42 21 en
901 282 244 42 förskjutning
1168 286 138 30 relativt
1330 286 96 41 långt
1450 287 93 32 fram
1568 289 12 30 i
1603 289 97 31 tiden
1723 300 43 21 av

267 326 188 36 tilltänkta,
484 328 195 40 betydande
709 331 291 32 skattelättnader
1029 333 56 30 för
1114 337 94 28 stora
1236 336 371 42 medborgargrupper,
1637 340 127 31 liksom

267 385 43 20 av
330 386 43 20 en
392 378 176 30 önskvärd
589 380 222 41 omläggning
831 391 41 21 av
892 383 293 40 skattesystemet.
1207 386 71 30 Mot
1298 386 230 41 bakgrunden
1549 390 109 30 härav
1678 390 55 31 får
1753 391 10 30 i

266 426 97 30 detta
384 428 162 38 speciella
567 428 62 31 fall
651 439 101 22 anses
772 432 46 29 ha
839 432 137 31 funnits
998 433 60 40 fog
1080 434 55 31 för
1156 435 256 42 bedömningen
1434 441 51 28 att
1510 439 254 42 förutsättning

266 475 56 31 för
341 478 180 40 undantag
542 478 81 31 från
643 480 371 43 sjuttiodagarsregeln
1034 484 177 41 förelegat.

311 527 78 29 Med
407 528 137 40 hänsyn
563 529 52 30 till
634 530 57 30 det
711 531 169 31 samband
900 542 74 21 som
993 534 104 31 råder
1115 536 129 30 mellan
1262 538 156 30 nämnda
1437 539 91 39 regel
1551 541 65 29 och
1636 542 128 38 grund-

265 577 120 39 lagens
406 579 543 41 statsregleringsbestämmelser
969 584 59 30 må
1046 585 132 39 jämväl
1199 586 134 32 erinras
1353 597 56 21 om
1431 591 50 28 att
1501 590 68 30 den
1591 590 92 31 fasta
1703 601 59 20 an-

264 627 174 40 knytning
463 638 42 20 av
532 631 305 40 statsregleringen
863 633 52 30 till
941 633 215 41 budgetåret,
1185 645 75 21 som
1287 638 102 30 dessa
1414 638 263 33 bestämmelser
1704 650 58 31 ger

264 678 142 38 uttryck
429 678 64 35 för,
516 679 11 29 i
550 680 118 38 praxis
693 682 230 39 uppluckrats
947 684 11 29 i
980 685 195 40 väsentliga
1197 687 234 32 hänseenden.
1456 690 224 31 Härutinnan
1704 692 59 31 må

263 726 45 30 bl.
332 737 29 20 a.
384 728 107 39 pekas
512 729 45 39 på
578 730 57 30 det
656 730 235 33 förhållandet
913 735 51 29 att
986 734 153 32 flertalet
1161 737 132 30 skatter
1314 747 147 22 numera
1483 740 31 39 ej
1540 743 143 38 antages
1707 742 56 30 för

263 778 50 28 ett
328 777 169 40 budgetår
513 780 11 29 i
541 781 126 29 sänder
683 783 86 28 utan
786 783 107 39 gäller
909 784 72 31 tills
997 785 135 37 vidare;
1153 787 368 42 skatteförfattningar
1538 792 117 29 träder
1672 792 11 30 i
1701 793 60 30 all-

262 828 145 30 mänhet
429 829 11 29 i
462 829 97 30 kraft
582 830 58 30 vid
665 831 126 40 början
814 843 42 20 av
878 834 218 33 kalenderår.
1122 837 126 31 Vidare
1271 838 58 30 må
1351 839 12 30 i
1386 840 96 30 detta
1505 838 256 49 sammanhang

262 878 149 30 nämnas
432 879 67 30 den
521 880 108 30 sedan
653 882 82 30 1938
757 883 202 40 tillämpade
980 887 164 29 metoden
1165 888 79 30 med
1267 888 360 43 flerårsbalansering,
1653 895 108 37 syste-

261 929 72 28 met
357 929 79 29 med
461 929 257 40 tilläggsstater,
744 934 402 41 reservationsanslagen
1172 940 91 28 samt
1288 938 66 31 den
1381 942 305 39 omständigheten
1712 945 49 29 att

261 977 174 40 budgeten
455 989 148 22 numera
623 982 86 30 även
730 983 149 31 kommit
899 987 50 28 att
970 985 151 32 framstå
1142 997 74 21 som
1238 991 48 28 ett
1308 990 213 31 instrument
1544 992 55 30 för
1621 1001 139 31 genom-

261 1027 163 32 förandet
451 1039 42 20 av
519 1030 170 32 reformer
713 1034 65 29 och
804 1033 55 31 för
885 1035 67 30 den
979 1037 140 39 statliga
1144 1038 404 42 konjunkturpolitiken.
1576 1042 183 41 Åtskilliga

260 1079 257 38 propositioner
536 1081 80 30 med
637 1081 130 42 förslag
787 1084 51 30 till
860 1085 307 42 skatteändringar
1186 1089 66 30 har
1272 1090 86 30 även
1380 1091 88 30 efter
1491 1092 84 32 1949
1597 1093 57 31 års
1675 1095 84 30 änd-

260 1126 78 41 ring
364 1138 42 21 av
431 1129 41 30 54
498 1130 15 37 $
540 1131 356 42 riksdagsordningen
919 1154 45 4 —
988 1138 86 29 utan
1099 1138 141 30 erinran
1265 1139 80 31 från
1369 1137 392 49 konstitutionsutskot-

260 1179 67 29 tets
348 1179 76 30 sida
440 1198 44 4 —
503 1181 183 41 framlagts
705 1184 58 30 vid
783 1185 205 40 riksdagens
1008 1188 265 38 höstsessioner,
1295 1191 44 30 bl.
1362 1201 29 20 a.
1413 1191 131 42 förslag
1566 1203 57 20 om
1646 1195 112 30 inves-

259 1228 252 42 teringsavgift,
530 1232 110 39 höjda
659 1233 132 31 skatter
809 1234 20 31 å
848 1236 238 41 spritdrycker
1104 1239 65 30 och
1186 1239 60 31 vin
1265 1243 90 28 samt
1373 1242 68 30 den
1460 1243 180 31 allmänna
1656 1254 102 21 varu-

260 1278 150 32 skatten.

302 1329 66 30 Det
405 1339 47 21 nu
486 1331 268 40 ifrågavarande
789 1335 283 42 skatteförslaget
1099 1339 206 32 förutsattes
1330 1341 87 32 blott
1444 1343 10 29 i
1481 1343 275 34 förhållandevis

257 1378 100 40 ringa
378 1380 82 30 mån
481 1381 144 32 komma
645 1386 50 27 att
716 1385 153 39 påverka
891 1388 132 30 statens
1046 1390 109 29 totala
1175 1390 195 32 inkomster
1393 1394 112 30 under
1526 1395 58 30 det
1607 1395 149 40 löpande

256 1428 215 40 budgetåret.
491 1432 197 40 Förslagets
707 1434 91 40 syfte
816 1445 62 21 var
897 1438 218 40 väsentligen
1133 1442 48 28 ett
1200 1443 118 29 annat.

302 1479 78 30 Med
397 1481 137 40 hänsyn
550 1482 119 31 härtill
688 1493 103 31 synes
809 1487 85 29 även
911 1487 147 32 behovet
1076 1491 50 28 att
1143 1490 12 29 i
1173 1490 229 33 förevarande
1420 1495 218 39 proposition
1658 1497 98 30 redo-

255 1529 76 30 visa
352 1539 190 31 prognoser
565 1534 148 30 rörande
736 1535 377 43 budgetutvecklingen
1136 1540 46 30 ha
1203 1542 90 30 varit
1317 1543 137 31 mindre
1478 1544 275 34 framträdande.

255 1580 100 29 Inom
385 1580 397 42 finansdepartementet
811 1587 204 31 utarbetade
1045 1598 191 31 prognoser
1265 1592 265 33 tillhandahölls
1561 1597 193 31 emellertid

254 1628 382 42 bevillningsutskottet
656 1634 57 30 vid
735 1636 79 30 dess
834 1636 213 42 behandling
1070 1649 42 21 av
1135 1642 272 38 propositionen.

299 1680 61 30 Att
383 1680 166 42 förslaget
573 1683 76 31 icke
673 1686 167 30 utsändes
864 1687 45 39 på
933 1689 125 31 remiss
1084 1689 74 31 före
1182 1692 281 39 propositionens
1488 1695 265 42 framläggande

255 1737 103 23 anser
375 1732 170 31 utskottet
562 1734 31 39 ej
615 1735 329 41 anmärkningsvärt
960 1739 80 29 med
1058 1739 137 41 hänsyn
1212 1742 52 31 till
1282 1742 184 42 förslagets
1484 1747 166 30 innehåll.

299 1780 49 31 På
367 1783 112 37 grund
498 1793 43 20 av
559 1784 67 30 vad
647 1794 88 21 ovan
756 1786 135 32 anförts
910 1789 65 30 har
996 1790 58 30 det
1076 1791 96 30 inom
1192 1793 170 31 utskottet
1383 1794 223 33 framställda
1624 1799 129 38 yrkan-

253 1830 58 30 det
329 1840 57 21 om
405 1834 164 29 anmälan
588 1836 85 29 utan
693 1835 218 42 åberopande
931 1848 42 21 av
993 1840 16 37 8
1033 1841 60 30 107
1114 1842 316 40 regeringsformen
1450 1846 166 40 avslagits
1637 1858 42 21 av
1698 1851 54 28 ut-

254 1881 139 30 skottet.

297 2042 224 32 Närvarande
543 2045 57 31 vid
621 2046 253 42 behandlingen
895 2059 42 21 av
954 2050 232 40 förevarande
1206 2055 144 31 ärende:

296 2101 81 30 från
417 2102 166 32 första
621 2106 220 32 kammaren:
864 2109 81 30 herr
965 2110 212 37 Damström,
1200 2113 58 30 fru
1281 2115 194 39 Segerstedt
1495 2118 153 41 Wiberg,
1670 2120 76 30 her-

251 2151 58 21 rar
334 2143 109 41 Georg
468 2145 211 37 Pettersson,
706 2148 242 41 Sveningsson,
976 2152 139 37 Olsén",
1141 2154 230 39 Kronstrand,
1397 2159 85 30 Erik
1508 2160 137 36 Olsson,
1671 2163 74 30 Vir-

251 2184 69 38 gin,
341 2186 89 31 Dahl
450 2188 64 29 och
534 2189 130 31 Harald
685 2190 236 39 Pettersson";
943 2197 92 28 samt

297 2243 80 31 från
428 2246 155 31 andra
634 2249 220 32 kammaren:
883 2252 122 30 herrar
1034 2254 208 41 Spångberg,
1270 2257 202 32 Andersson
1498 2260 12 30 i
1537 2261 209 42 Linköping,

250 2284 215 39 Magnusson
487 2289 11 29 i
522 2289 180 36 Tumhult,
727 2291 205 38 Adamsson,
957 2295 197 39 Bengtsson
1176 2299 11 29 i
1212 2299 193 36 Halmstad,
1430 2302 140 30 Nilsson
1595 2303 11 30 i
1630 2304 115 31 Öster-

250 2327 102 35 sund,
376 2328 178 38 Hammar,
577 2331 188 32 Braconier
785 2335 65 30 och
873 2335 103 31 Boo”.

278 2387 14 15 +
311 2388 34 31 Ej
365 2390 174 26 närvarande
557 2392 48 24 vid
622 2393 179 32 justeringen.
