2218 2604
931 175 268 31 Bankoutskottets
1225 181 156 27 utlåtande
1406 182 46 28 Nr
1474 184 44 27 54.

851 258 109 42 tjänst
984 258 69 32 och
1078 259 11 31 i
1115 261 114 42 övrigt
1252 261 68 33 här
1339 273 97 22 ovan
1454 265 161 43 angivits,
1634 266 73 33 dels
1722 267 65 34 ock
1802 264 219 56 bemyndiga

849 311 227 44 fullmäktige
1109 313 11 32 i
1159 314 222 34 riksbanken
1407 320 50 29 att
1481 328 44 22 av
1548 319 241 35 riksbankens
1814 322 121 34 medel
1960 335 61 23 an-

848 364 121 33 vända
994 365 226 46 erforderligt
1243 369 150 43 belopp;

955 417 67 44 2:0)
1047 418 73 34 dels
1144 422 175 43 medgiva,
1346 427 49 29 att
1420 424 259 47 dyrtidstillägg
1703 428 59 33 må
1788 431 83 41 utgå
1893 430 52 33 till
1962 431 59 33 be-

847 471 307 44 fattningshavare
1179 475 59 32 vid
1263 476 349 44 riksgäldskontoret
1636 482 70 33 och
1724 482 211 44 riksdagens
1951 484 68 34 hus

848 524 111 43 enligt
993 525 44 33 de
1073 526 11 32 i
1124 537 111 23 mom.
1267 529 65 43 1:0o)
1362 531 69 33 här
1455 542 94 23 ovan
1574 536 154 41 angivna
1752 536 170 44 grunder,
1948 538 72 33 dels

845 577 66 33 ock
945 579 219 44 bemyndiga
1203 582 227 46 fullmäktige
1468 586 11 31 i
1515 586 348 44 riksgäldskontoret
1891 595 50 29 att
1963 593 56 32 för

845 631 275 44 ifrågavarande
1150 635 171 34 ändamål
1347 648 44 22 av
1408 638 313 47 förslagsanslaget
1736 643 52 32 till
1806 644 213 46 avlöningar

845 685 71 33 och
945 687 196 41 pensioner
1165 699 47 22 m.
1238 701 47 21 m.
1311 691 61 33 vid
1397 692 191 44 riksgälds-
1613 695 70 33 och
1708 696 308 44 riksdagsförvalt-

844 739 135 43 ningen
1004 741 168 33 använda
1198 743 234 46 erforderliga
1456 746 148 44 belopp;

950 793 67 44 3:0)
1042 793 73 34 dels
1139 796 175 43 medgiva,
1341 802 50 29 att
1415 799 259 47 dyrtidstillägg
1699 805 59 31 må
1783 806 83 42 utgå
1888 805 52 33 till
1956 806 58 33 be-

842 846 308 43 fattningshavare
1174 850 59 32 vid
1258 851 378 45 riksdagsbiblioteket
1659 857 109 43 enligt
1792 858 44 33 de
1865 859 11 32 i
1902 870 111 22 mom.

843 899 67 42 1:o)
935 900 67 33 här
1026 912 95 22 ovan
1146 904 153 42 angivna
1324 906 170 43 grunder,
1520 908 73 33 dels
1617 909 65 33 ock
1705 911 219 45 bemyndiga
1946 917 68 40 sty-

842 953 119 33 relsen
984 954 58 32 för
1066 956 377 44 riksdagsbiblioteket
1467 965 49 29 att
1539 962 57 33 för
1612 963 274 44 ifrågavarande
1905 967 108 33 ända-

842 1007 74 32 mål
946 1016 45 23 av
1018 1008 324 46 förslagsanslagen
1367 1014 53 31 till
1445 1015 222 44 avlöningar,
1693 1019 161 33 arvoden
1879 1031 47 21 m.
1953 1018 58 50 m.,

838 1059 413 47 vikariatsersättningar
1279 1065 70 32 och
1380 1076 176 33 expenser
1584 1071 168 33 använda
1777 1073 232 45 erforderliga

839 1113 148 43 belopp;

944 1167 68 43 4:0)
1047 1167 74 34 dels
1156 1170 175 44 medgiva,
1369 1176 50 29 att
1454 1173 258 47 dyrtidstillägg
1748 1179 60 31 må
1847 1181 83 41 utgå
1959 1181 51 32 till

833 1219 463 43 justitieombudsmannen
1322 1226 70 32 och
1415 1227 353 45 befattningshavare
1785 1232 60 32 vid
1858 1233 151 43 justitie-

836 1274 343 35 ombudsmannens
1215 1278 208 43 expedition
1459 1281 108 44 enligt
1608 1283 44 33 de
1677 1284 11 32 i
1713 1295 111 23 mom.
1852 1287 66 42 1:o)
1943 1288 67 33 här

835 1338 96 22 ovan
947 1329 155 42 angivna
1119 1331 167 42 grunder,
1299 1332 73 33 dels
1388 1333 66 33 ock
1465 1334 219 46 bemyndiga
1696 1338 312 42 justitieombuds-

835 1391 163 23 mannen
1023 1386 49 29 att
1096 1383 57 33 för
1177 1384 274 44 ifrågavarande
1476 1388 172 34 ändamål
1673 1401 45 23 av
1737 1392 269 45 förslagsansla-

833 1438 58 39 get
907 1435 52 32 till
977 1436 223 44 avlöningar,
1214 1439 278 35 resekostnader
1505 1442 68 33 och
1592 1454 176 33 expenser
1783 1446 58 33 för
1854 1447 152 42 justitie-

834 1488 324 35 ombudsmannen
1184 1492 68 32 och
1278 1493 92 32 hans
1396 1495 207 42 expedition
1633 1499 168 33 använda
1827 1501 178 33 erforder-

832 1541 63 43 ligt
918 1542 148 44 belopp;
1092 1549 93 28 samt

939 1595 67 43 3:0)
1043 1597 73 32 dels
1153 1599 175 43 medgiva,
1366 1605 50 29 att
1453 1602 257 45 dyrtidstillägg
1745 1607 61 32 må
1840 1608 83 43 utgå
1952 1609 51 33 till

832 1648 452 37 militieombudsmannen
1309 1654 70 32 och
1406 1655 351 45 befattningshavare
1782 1660 61 32 vid
1861 1661 141 34 militie-

830 1702 345 35 ombudsmannens
1208 1706 208 43 expedition
1453 1709 108 44 enligt
1596 1710 44 33 de
1670 1712 10 31 i
1706 1723 111 22 mom.
1845 1714 66 42 1:0)
1936 1715 67 33 här

830 1765 97 23 ovan
944 1757 154 43 angivna
1116 1759 168 42 grunder,
1299 1760 73 34 dels
1385 1761 66 33 ock
1463 1762 218 45 bemyndiga
1699 1766 302 36 militieombuds-

829 1819 164 23 mannen
1017 1814 50 29 att
1089 1812 58 32 för
1170 1813 276 43 ifrågavarande
1470 1816 171 34 ändamål
1667 1828 45 23 av
1731 1819 269 45 förslagsansla-

827 1866 58 38 get
913 1863 52 31 till
994 1864 223 44 avlöningar,
1235 1868 279 34 resekostnader
1534 1870 69 33 och
1620 1881 175 33 expenser
1811 1885 48 21 m.
1878 1885 47 22 m.
1943 1876 57 33 för

828 1915 453 38 militieombudsmannen
1306 1922 70 32 och
1403 1922 92 33 hans
1520 1924 207 43 expedition
1752 1928 168 33 använda
1946 1940 51 23 er-

825 1968 187 45 forderligt
1036 1971 143 44 belopp.
1435 1975 3 2 |

507 2016 213 36 Stockholm
746 2020 70 33 den
843 2022 45 32 19
909 2023 72 42 maj
1010 2024 95 33 1922.

917 2094 49 33 På
990 2095 314 37 bankoutskottets
1329 2103 149 41 vägnar:

960 2156 118 34 EMIL
1104 2158 337 38 KRISTENSSON.

609 2224 220 30 Närvarande:
854 2227 37 28 Se
916 2229 187 36 anteckning
1128 2231 17 27 å
1171 2232 158 29 utlåtande
1354 2243 39 19 nr
1416 2236 43 27 53.

893 2313 313 27 CENTRALTRYCKERIET,
1227 2318 171 21 STOCKHOLM
1421 2322 75 18 1922.
