<?xml version="1.0" encoding="UTF-8"?>
<alto xmlns="http://www.loc.gov/standards/alto/ns-v3#" xmlns:xlink="http://www.w3.org/1999/xlink" xmlns:xsi="http://www.w3.org/2001/XMLSchema-instance" xsi:schemaLocation="http://www.loc.gov/standards/alto/ns-v3# http://www.loc.gov/alto/v3/alto-3-0.xsd">
	<Description>
		<MeasurementUnit>pixel</MeasurementUnit>
		<sourceImageInformation>
			<fileName>/tmp/tess_uo3u9pa__input.PNG</fileName>
		</sourceImageInformation>
		<OCRProcessing ID="OCR_0">
			<ocrProcessingStep>
				<processingSoftware>
					<softwareName>tesseract 5.3.0</softwareName>
				</processingSoftware>
			</ocrProcessingStep>
		</OCRProcessing>
	</Description>
	<Layout>
		<Page WIDTH="1880" HEIGHT="2818" PHYSICAL_IMG_NR="0" ID="page_0">
			<PrintSpace HPOS="0" VPOS="0" WIDTH="1880" HEIGHT="2818">
				<ComposedBlock ID="cblock_0" HPOS="526" VPOS="147" WIDTH="1104" HEIGHT="35">
					<TextBlock ID="block_0" HPOS="526" VPOS="147" WIDTH="1104" HEIGHT="35">
						<TextLine ID="line_0" HPOS="526" VPOS="147" WIDTH="1104" HEIGHT="35">
							<String ID="string_0" HPOS="526" VPOS="149" WIDTH="379" HEIGHT="32" WC="0.91" CONTENT="Jordbruksutskottets"/><SP WIDTH="26" VPOS="149" HPOS="905"/>
							<String ID="string_1" HPOS="931" VPOS="150" WIDTH="177" HEIGHT="32" WC="0.96" CONTENT="utlåtande"/><SP WIDTH="25" VPOS="150" HPOS="1108"/>
							<String ID="string_2" HPOS="1133" VPOS="160" WIDTH="41" HEIGHT="21" WC="0.95" CONTENT="nr"/><SP WIDTH="27" VPOS="160" HPOS="1174"/>
							<String ID="string_3" HPOS="1201" VPOS="152" WIDTH="27" HEIGHT="30" WC="0.96" CONTENT="1."/><SP WIDTH="365" VPOS="152" HPOS="1228"/>
							<String ID="string_4" HPOS="1593" VPOS="147" WIDTH="37" HEIGHT="30" WC="0.15" CONTENT="5l"/>
						</TextLine>
					</TextBlock>
				</ComposedBlock>
				<ComposedBlock ID="cblock_1" HPOS="519" VPOS="329" WIDTH="718" HEIGHT="42">
					<TextBlock ID="block_1" HPOS="519" VPOS="329" WIDTH="718" HEIGHT="42">
						<TextLine ID="line_1" HPOS="519" VPOS="329" WIDTH="718" HEIGHT="42">
							<String ID="string_5" HPOS="519" VPOS="329" WIDTH="45" HEIGHT="39" WC="0.86" CONTENT="F."/><SP WIDTH="56" VPOS="329" HPOS="564"/>
							<String ID="string_6" HPOS="620" VPOS="329" WIDTH="455" HEIGHT="41" WC="0.86" CONTENT="Veterinärväsendet"/><SP WIDTH="28" VPOS="329" HPOS="1075"/>
							<String ID="string_7" HPOS="1103" VPOS="345" WIDTH="58" HEIGHT="26" WC="0.90" CONTENT="m."/><SP WIDTH="18" VPOS="345" HPOS="1161"/>
							<String ID="string_8" HPOS="1179" VPOS="344" WIDTH="58" HEIGHT="26" WC="0.91" CONTENT="m."/>
						</TextLine>
					</TextBlock>
				</ComposedBlock>
				<ComposedBlock ID="cblock_2" HPOS="121" VPOS="426" WIDTH="1509" HEIGHT="644">
					<TextBlock ID="block_2" HPOS="121" VPOS="426" WIDTH="1509" HEIGHT="142">
						<TextLine ID="line_2" HPOS="164" VPOS="426" WIDTH="1466" HEIGHT="43">
							<String ID="string_9" HPOS="164" VPOS="426" WIDTH="90" HEIGHT="39" WC="0.91" CONTENT="62:0)"/><SP WIDTH="24" VPOS="426" HPOS="254"/>
							<String ID="string_10" HPOS="278" VPOS="427" WIDTH="396" HEIGHT="37" WC="0.91" CONTENT="Veterinärhögskolan:"/><SP WIDTH="18" VPOS="427" HPOS="674"/>
							<String ID="string_11" HPOS="692" VPOS="429" WIDTH="224" HEIGHT="38" WC="0.92" CONTENT="Avlöningar,"/><SP WIDTH="17" VPOS="429" HPOS="916"/>
							<String ID="string_12" HPOS="933" VPOS="430" WIDTH="278" HEIGHT="38" WC="0.92" CONTENT="förslagsanslag."/><SP WIDTH="19" VPOS="430" HPOS="1211"/>
							<String ID="string_13" HPOS="1230" VPOS="432" WIDTH="123" HEIGHT="36" WC="0.96" CONTENT="Kungl."/><SP WIDTH="18" VPOS="432" HPOS="1353"/>
							<String ID="string_14" HPOS="1371" VPOS="433" WIDTH="100" HEIGHT="36" WC="0.96" CONTENT="Maj:t"/><SP WIDTH="16" VPOS="433" HPOS="1471"/>
							<String ID="string_15" HPOS="1487" VPOS="434" WIDTH="64" HEIGHT="30" WC="0.93" CONTENT="har"/><SP WIDTH="18" VPOS="434" HPOS="1551"/>
							<String ID="string_16" HPOS="1569" VPOS="443" WIDTH="61" HEIGHT="21" WC="0.93" CONTENT="un-"/>
						</TextLine>
						<TextLine ID="line_3" HPOS="121" VPOS="480" WIDTH="1503" HEIGHT="41">
							<String ID="string_17" HPOS="121" VPOS="480" WIDTH="61" HEIGHT="29" WC="0.95" CONTENT="der"/><SP WIDTH="21" VPOS="480" HPOS="182"/>
							<String ID="string_18" HPOS="203" VPOS="480" WIDTH="112" HEIGHT="35" WC="0.95" CONTENT="punkt"/><SP WIDTH="23" VPOS="480" HPOS="315"/>
							<String ID="string_19" HPOS="338" VPOS="480" WIDTH="40" HEIGHT="30" WC="0.96" CONTENT="62"/><SP WIDTH="24" VPOS="480" HPOS="378"/>
							<String ID="string_20" HPOS="402" VPOS="481" WIDTH="175" HEIGHT="36" WC="0.96" CONTENT="föreslagit"/><SP WIDTH="22" VPOS="481" HPOS="577"/>
							<String ID="string_21" HPOS="599" VPOS="480" WIDTH="184" HEIGHT="38" WC="0.95" CONTENT="riksdagen"/><SP WIDTH="22" VPOS="480" HPOS="783"/>
							<String ID="string_22" HPOS="805" VPOS="484" WIDTH="48" HEIGHT="29" WC="0.95" CONTENT="att"/><SP WIDTH="25" VPOS="484" HPOS="853"/>
							<String ID="string_23" HPOS="878" VPOS="482" WIDTH="51" HEIGHT="31" WC="0.95" CONTENT="till"/><SP WIDTH="22" VPOS="482" HPOS="929"/>
							<String ID="string_24" HPOS="951" VPOS="482" WIDTH="199" HEIGHT="32" WC="0.96" CONTENT="ändamålet"/><SP WIDTH="24" VPOS="482" HPOS="1150"/>
							<String ID="string_25" HPOS="1174" VPOS="484" WIDTH="55" HEIGHT="30" WC="0.96" CONTENT="för"/><SP WIDTH="22" VPOS="484" HPOS="1229"/>
							<String ID="string_26" HPOS="1251" VPOS="485" WIDTH="100" HEIGHT="31" WC="0.96" CONTENT="nästa"/><SP WIDTH="23" VPOS="485" HPOS="1351"/>
							<String ID="string_27" HPOS="1374" VPOS="484" WIDTH="169" HEIGHT="37" WC="0.93" CONTENT="budgetår"/><SP WIDTH="22" VPOS="484" HPOS="1543"/>
							<String ID="string_28" HPOS="1565" VPOS="495" WIDTH="59" HEIGHT="22" WC="0.93" CONTENT="an-"/>
						</TextLine>
						<TextLine ID="line_4" HPOS="122" VPOS="530" WIDTH="677" HEIGHT="38">
							<String ID="string_29" HPOS="122" VPOS="530" WIDTH="73" HEIGHT="30" WC="0.96" CONTENT="visa"/><SP WIDTH="22" VPOS="530" HPOS="195"/>
							<String ID="string_30" HPOS="217" VPOS="532" WIDTH="46" HEIGHT="29" WC="0.96" CONTENT="ett"/><SP WIDTH="20" VPOS="532" HPOS="263"/>
							<String ID="string_31" HPOS="283" VPOS="531" WIDTH="126" HEIGHT="37" WC="0.96" CONTENT="belopp"/><SP WIDTH="23" VPOS="531" HPOS="409"/>
							<String ID="string_32" HPOS="432" VPOS="541" WIDTH="42" HEIGHT="20" WC="0.96" CONTENT="av"/><SP WIDTH="23" VPOS="541" HPOS="474"/>
							<String ID="string_33" HPOS="497" VPOS="532" WIDTH="63" HEIGHT="29" WC="0.96" CONTENT="604"/><SP WIDTH="16" VPOS="532" HPOS="560"/>
							<String ID="string_34" HPOS="576" VPOS="532" WIDTH="62" HEIGHT="29" WC="0.96" CONTENT="700"/><SP WIDTH="23" VPOS="532" HPOS="638"/>
							<String ID="string_35" HPOS="661" VPOS="533" WIDTH="138" HEIGHT="30" WC="0.96" CONTENT="kronor."/>
						</TextLine>
					</TextBlock>
					<TextBlock ID="block_3" HPOS="121" VPOS="581" WIDTH="1509" HEIGHT="398">
						<TextLine ID="line_5" HPOS="166" VPOS="581" WIDTH="1460" HEIGHT="41">
							<String ID="string_36" HPOS="166" VPOS="581" WIDTH="15" HEIGHT="30" WC="0.96" CONTENT="I"/><SP WIDTH="25" VPOS="581" HPOS="181"/>
							<String ID="string_37" HPOS="206" VPOS="582" WIDTH="171" HEIGHT="31" WC="0.96" CONTENT="samband"/><SP WIDTH="23" VPOS="582" HPOS="377"/>
							<String ID="string_38" HPOS="400" VPOS="583" WIDTH="144" HEIGHT="30" WC="0.96" CONTENT="härmed"/><SP WIDTH="27" VPOS="583" HPOS="544"/>
							<String ID="string_39" HPOS="571" VPOS="584" WIDTH="65" HEIGHT="29" WC="0.96" CONTENT="har"/><SP WIDTH="23" VPOS="584" HPOS="636"/>
							<String ID="string_40" HPOS="659" VPOS="585" WIDTH="164" HEIGHT="30" WC="0.96" CONTENT="utskottet"/><SP WIDTH="25" VPOS="585" HPOS="823"/>
							<String ID="string_41" HPOS="848" VPOS="584" WIDTH="50" HEIGHT="31" WC="0.95" CONTENT="till"/><SP WIDTH="24" VPOS="584" HPOS="898"/>
							<String ID="string_42" HPOS="922" VPOS="585" WIDTH="212" HEIGHT="37" WC="0.93" CONTENT="behandling"/><SP WIDTH="26" VPOS="585" HPOS="1134"/>
							<String ID="string_43" HPOS="1160" VPOS="586" WIDTH="152" HEIGHT="32" WC="0.92" CONTENT="förehaft"/><SP WIDTH="24" VPOS="586" HPOS="1312"/>
							<String ID="string_44" HPOS="1336" VPOS="587" WIDTH="57" HEIGHT="31" WC="0.96" CONTENT="två"/><SP WIDTH="26" VPOS="587" HPOS="1393"/>
							<String ID="string_45" HPOS="1419" VPOS="588" WIDTH="95" HEIGHT="30" WC="0.92" CONTENT="inom"/><SP WIDTH="25" VPOS="588" HPOS="1514"/>
							<String ID="string_46" HPOS="1539" VPOS="588" WIDTH="87" HEIGHT="31" WC="0.91" CONTENT="riks-"/>
						</TextLine>
						<TextLine ID="line_6" HPOS="124" VPOS="631" WIDTH="1506" HEIGHT="41">
							<String ID="string_47" HPOS="124" VPOS="631" WIDTH="111" HEIGHT="36" WC="0.95" CONTENT="dagen"/><SP WIDTH="23" VPOS="631" HPOS="235"/>
							<String ID="string_48" HPOS="258" VPOS="632" WIDTH="134" HEIGHT="35" WC="0.95" CONTENT="väckta,"/><SP WIDTH="26" VPOS="632" HPOS="392"/>
							<String ID="string_49" HPOS="418" VPOS="632" WIDTH="49" HEIGHT="30" WC="0.96" CONTENT="till"/><SP WIDTH="24" VPOS="632" HPOS="467"/>
							<String ID="string_50" HPOS="491" VPOS="634" WIDTH="164" HEIGHT="29" WC="0.96" CONTENT="utskottet"/><SP WIDTH="24" VPOS="634" HPOS="655"/>
							<String ID="string_51" HPOS="679" VPOS="634" WIDTH="189" HEIGHT="30" WC="0.96" CONTENT="hänvisade"/><SP WIDTH="24" VPOS="634" HPOS="868"/>
							<String ID="string_52" HPOS="892" VPOS="634" WIDTH="224" HEIGHT="36" WC="0.96" CONTENT="likalydande"/><SP WIDTH="25" VPOS="634" HPOS="1116"/>
							<String ID="string_53" HPOS="1141" VPOS="636" WIDTH="179" HEIGHT="36" WC="0.96" CONTENT="motioner,"/><SP WIDTH="26" VPOS="636" HPOS="1320"/>
							<String ID="string_54" HPOS="1346" VPOS="637" WIDTH="174" HEIGHT="35" WC="0.96" CONTENT="nämligen"/><SP WIDTH="27" VPOS="637" HPOS="1520"/>
							<String ID="string_55" HPOS="1547" VPOS="639" WIDTH="26" HEIGHT="29" WC="0.89" CONTENT="I:"/><SP WIDTH="18" VPOS="639" HPOS="1573"/>
							<String ID="string_56" HPOS="1591" VPOS="638" WIDTH="39" HEIGHT="29" WC="0.89" CONTENT="79"/>
						</TextLine>
						<TextLine ID="line_7" HPOS="121" VPOS="683" WIDTH="1505" HEIGHT="43">
							<String ID="string_57" HPOS="121" VPOS="693" WIDTH="43" HEIGHT="21" WC="0.96" CONTENT="av"/><SP WIDTH="19" VPOS="693" HPOS="164"/>
							<String ID="string_58" HPOS="183" VPOS="684" WIDTH="79" HEIGHT="29" WC="0.92" CONTENT="herr"/><SP WIDTH="18" VPOS="684" HPOS="262"/>
							<String ID="string_59" HPOS="280" VPOS="683" WIDTH="268" HEIGHT="32" WC="0.92" CONTENT="Mannerskantz"/><SP WIDTH="19" VPOS="683" HPOS="548"/>
							<String ID="string_60" HPOS="567" VPOS="685" WIDTH="65" HEIGHT="30" WC="0.96" CONTENT="och"/><SP WIDTH="20" VPOS="685" HPOS="632"/>
							<String ID="string_61" HPOS="652" VPOS="685" WIDTH="147" HEIGHT="31" WC="0.96" CONTENT="friherre"/><SP WIDTH="18" VPOS="685" HPOS="799"/>
							<String ID="string_62" HPOS="817" VPOS="686" WIDTH="198" HEIGHT="31" WC="0.96" CONTENT="Beck-Friis"/><SP WIDTH="20" VPOS="686" HPOS="1015"/>
							<String ID="string_63" HPOS="1035" VPOS="689" WIDTH="89" HEIGHT="28" WC="0.95" CONTENT="samt"/><SP WIDTH="19" VPOS="689" HPOS="1124"/>
							<String ID="string_64" HPOS="1143" VPOS="687" WIDTH="45" HEIGHT="30" WC="0.93" CONTENT="II:"/><SP WIDTH="18" VPOS="687" HPOS="1188"/>
							<String ID="string_65" HPOS="1206" VPOS="687" WIDTH="60" HEIGHT="30" WC="0.96" CONTENT="145"/><SP WIDTH="21" VPOS="687" HPOS="1266"/>
							<String ID="string_66" HPOS="1287" VPOS="697" WIDTH="43" HEIGHT="21" WC="0.96" CONTENT="av"/><SP WIDTH="19" VPOS="697" HPOS="1330"/>
							<String ID="string_67" HPOS="1349" VPOS="689" WIDTH="80" HEIGHT="30" WC="0.92" CONTENT="herr"/><SP WIDTH="19" VPOS="689" HPOS="1429"/>
							<String ID="string_68" HPOS="1448" VPOS="688" WIDTH="178" HEIGHT="38" WC="0.92" CONTENT="Liedberg,"/>
						</TextLine>
						<TextLine ID="line_8" HPOS="122" VPOS="734" WIDTH="1504" HEIGHT="41">
							<String ID="string_69" HPOS="122" VPOS="734" WIDTH="73" HEIGHT="30" WC="0.93" CONTENT="vari"/><SP WIDTH="17" VPOS="734" HPOS="195"/>
							<String ID="string_70" HPOS="212" VPOS="735" WIDTH="194" HEIGHT="30" WC="0.91" CONTENT="hemställts"/><SP WIDTH="17" VPOS="735" HPOS="406"/>
							<String ID="string_71" HPOS="423" VPOS="737" WIDTH="49" HEIGHT="28" WC="0.96" CONTENT="att"/><SP WIDTH="17" VPOS="737" HPOS="472"/>
							<String ID="string_72" HPOS="489" VPOS="735" WIDTH="185" HEIGHT="36" WC="0.96" CONTENT="riksdagen"/><SP WIDTH="18" VPOS="735" HPOS="674"/>
							<String ID="string_73" HPOS="692" VPOS="735" WIDTH="105" HEIGHT="31" WC="0.96" CONTENT="måtte"/><SP WIDTH="17" VPOS="735" HPOS="797"/>
							<String ID="string_74" HPOS="814" VPOS="737" WIDTH="133" HEIGHT="30" WC="0.96" CONTENT="besluta"/><SP WIDTH="18" VPOS="737" HPOS="947"/>
							<String ID="string_75" HPOS="965" VPOS="738" WIDTH="72" HEIGHT="30" WC="0.96" CONTENT="dels"/><SP WIDTH="18" VPOS="738" HPOS="1037"/>
							<String ID="string_76" HPOS="1055" VPOS="747" WIDTH="58" HEIGHT="21" WC="0.92" CONTENT="om"/><SP WIDTH="18" VPOS="747" HPOS="1113"/>
							<String ID="string_77" HPOS="1131" VPOS="738" WIDTH="245" HEIGHT="37" WC="0.92" CONTENT="uppflyttande"/><SP WIDTH="18" VPOS="738" HPOS="1376"/>
							<String ID="string_78" HPOS="1394" VPOS="749" WIDTH="48" HEIGHT="21" WC="0.96" CONTENT="nu"/><SP WIDTH="17" VPOS="749" HPOS="1442"/>
							<String ID="string_79" HPOS="1459" VPOS="750" WIDTH="44" HEIGHT="20" WC="0.93" CONTENT="av"/><SP WIDTH="18" VPOS="750" HPOS="1503"/>
							<String ID="string_80" HPOS="1521" VPOS="740" WIDTH="105" HEIGHT="30" WC="0.91" CONTENT="lärar-"/>
						</TextLine>
						<TextLine ID="line_9" HPOS="122" VPOS="784" WIDTH="1504" HEIGHT="44">
							<String ID="string_81" HPOS="122" VPOS="784" WIDTH="150" HEIGHT="37" WC="0.96" CONTENT="tjänsten"/><SP WIDTH="26" VPOS="784" HPOS="272"/>
							<String ID="string_82" HPOS="298" VPOS="785" WIDTH="10" HEIGHT="30" WC="0.93" CONTENT="i"/><SP WIDTH="24" VPOS="785" HPOS="308"/>
							<String ID="string_83" HPOS="332" VPOS="786" WIDTH="215" HEIGHT="36" WC="0.91" CONTENT="hovbeslags-"/><SP WIDTH="26" VPOS="786" HPOS="547"/>
							<String ID="string_84" HPOS="573" VPOS="787" WIDTH="65" HEIGHT="30" WC="0.93" CONTENT="och"/><SP WIDTH="27" VPOS="787" HPOS="638"/>
							<String ID="string_85" HPOS="665" VPOS="788" WIDTH="252" HEIGHT="35" WC="0.90" CONTENT="anspannslära"/><SP WIDTH="25" VPOS="788" HPOS="917"/>
							<String ID="string_86" HPOS="942" VPOS="791" WIDTH="89" HEIGHT="28" WC="0.93" CONTENT="samt"/><SP WIDTH="25" VPOS="791" HPOS="1031"/>
							<String ID="string_87" HPOS="1056" VPOS="788" WIDTH="277" HEIGHT="37" WC="0.91" CONTENT="hovsjukdomar"/><SP WIDTH="24" VPOS="788" HPOS="1333"/>
							<String ID="string_88" HPOS="1357" VPOS="789" WIDTH="79" HEIGHT="31" WC="0.96" CONTENT="från"/><SP WIDTH="25" VPOS="789" HPOS="1436"/>
							<String ID="string_89" HPOS="1461" VPOS="790" WIDTH="165" HEIGHT="38" WC="0.96" CONTENT="lönegrad"/>
						</TextLine>
						<TextLine ID="line_10" HPOS="124" VPOS="835" WIDTH="1505" HEIGHT="41">
							<String ID="string_90" HPOS="124" VPOS="835" WIDTH="26" HEIGHT="28" WC="0.81" CONTENT="A"/><SP WIDTH="19" VPOS="835" HPOS="150"/>
							<String ID="string_91" HPOS="169" VPOS="836" WIDTH="41" HEIGHT="29" WC="0.95" CONTENT="26"/><SP WIDTH="17" VPOS="836" HPOS="210"/>
							<String ID="string_92" HPOS="227" VPOS="835" WIDTH="48" HEIGHT="29" WC="0.93" CONTENT="till"/><SP WIDTH="17" VPOS="835" HPOS="275"/>
							<String ID="string_93" HPOS="292" VPOS="836" WIDTH="27" HEIGHT="29" WC="0.92" CONTENT="A"/><SP WIDTH="18" VPOS="836" HPOS="319"/>
							<String ID="string_94" HPOS="337" VPOS="837" WIDTH="39" HEIGHT="28" WC="0.95" CONTENT="28"/><SP WIDTH="19" VPOS="837" HPOS="376"/>
							<String ID="string_95" HPOS="395" VPOS="836" WIDTH="65" HEIGHT="29" WC="0.96" CONTENT="och"/><SP WIDTH="20" VPOS="836" HPOS="460"/>
							<String ID="string_96" HPOS="480" VPOS="836" WIDTH="70" HEIGHT="30" WC="0.96" CONTENT="dels"/><SP WIDTH="19" VPOS="836" HPOS="550"/>
							<String ID="string_97" HPOS="569" VPOS="846" WIDTH="57" HEIGHT="20" WC="0.96" CONTENT="om"/><SP WIDTH="18" VPOS="846" HPOS="626"/>
							<String ID="string_98" HPOS="644" VPOS="841" WIDTH="46" HEIGHT="26" WC="0.96" CONTENT="ett"/><SP WIDTH="18" VPOS="841" HPOS="690"/>
							<String ID="string_99" HPOS="708" VPOS="838" WIDTH="177" HEIGHT="29" WC="0.96" CONTENT="uttalande"/><SP WIDTH="17" VPOS="838" HPOS="885"/>
							<String ID="string_100" HPOS="902" VPOS="848" WIDTH="57" HEIGHT="20" WC="0.93" CONTENT="om"/><SP WIDTH="17" VPOS="848" HPOS="959"/>
							<String ID="string_101" HPOS="976" VPOS="839" WIDTH="279" HEIGHT="31" WC="0.91" CONTENT="önskvärdheten"/><SP WIDTH="17" VPOS="839" HPOS="1255"/>
							<String ID="string_102" HPOS="1272" VPOS="849" WIDTH="42" HEIGHT="20" WC="0.96" CONTENT="av"/><SP WIDTH="18" VPOS="849" HPOS="1314"/>
							<String ID="string_103" HPOS="1332" VPOS="843" WIDTH="48" HEIGHT="27" WC="0.96" CONTENT="att"/><SP WIDTH="19" VPOS="843" HPOS="1380"/>
							<String ID="string_104" HPOS="1399" VPOS="841" WIDTH="106" HEIGHT="35" WC="0.91" CONTENT="sagda"/><SP WIDTH="18" VPOS="841" HPOS="1505"/>
							<String ID="string_105" HPOS="1523" VPOS="841" WIDTH="106" HEIGHT="30" WC="0.91" CONTENT="lärar-"/>
						</TextLine>
						<TextLine ID="line_11" HPOS="122" VPOS="885" WIDTH="1507" HEIGHT="40">
							<String ID="string_106" HPOS="122" VPOS="885" WIDTH="106" HEIGHT="35" WC="0.96" CONTENT="tjänst"/><SP WIDTH="23" VPOS="885" HPOS="228"/>
							<String ID="string_107" HPOS="251" VPOS="885" WIDTH="43" HEIGHT="36" WC="0.96" CONTENT="på"/><SP WIDTH="25" VPOS="885" HPOS="294"/>
							<String ID="string_108" HPOS="319" VPOS="886" WIDTH="124" HEIGHT="36" WC="0.96" CONTENT="sakligt"/><SP WIDTH="24" VPOS="886" HPOS="443"/>
							<String ID="string_109" HPOS="467" VPOS="887" WIDTH="212" HEIGHT="30" WC="0.96" CONTENT="motiverade"/><SP WIDTH="22" VPOS="887" HPOS="679"/>
							<String ID="string_110" HPOS="701" VPOS="888" WIDTH="149" HEIGHT="35" WC="0.96" CONTENT="grunder"/><SP WIDTH="25" VPOS="888" HPOS="850"/>
							<String ID="string_111" HPOS="875" VPOS="894" WIDTH="134" HEIGHT="26" WC="0.93" CONTENT="snarast"/><SP WIDTH="24" VPOS="894" HPOS="1009"/>
							<String ID="string_112" HPOS="1033" VPOS="889" WIDTH="103" HEIGHT="31" WC="0.92" CONTENT="sättes"/><SP WIDTH="24" VPOS="889" HPOS="1136"/>
							<String ID="string_113" HPOS="1160" VPOS="890" WIDTH="10" HEIGHT="29" WC="0.96" CONTENT="i"/><SP WIDTH="24" VPOS="890" HPOS="1170"/>
							<String ID="string_114" HPOS="1194" VPOS="890" WIDTH="124" HEIGHT="35" WC="0.96" CONTENT="paritet"/><SP WIDTH="24" VPOS="890" HPOS="1318"/>
							<String ID="string_115" HPOS="1342" VPOS="892" WIDTH="79" HEIGHT="29" WC="0.89" CONTENT="med"/><SP WIDTH="24" VPOS="892" HPOS="1421"/>
							<String ID="string_116" HPOS="1445" VPOS="891" WIDTH="184" HEIGHT="30" WC="0.89" CONTENT="veterinär-"/>
						</TextLine>
						<TextLine ID="line_12" HPOS="122" VPOS="935" WIDTH="1507" HEIGHT="44">
							<String ID="string_117" HPOS="122" VPOS="935" WIDTH="210" HEIGHT="36" WC="0.96" CONTENT="högskolans"/><SP WIDTH="28" VPOS="935" HPOS="332"/>
							<String ID="string_118" HPOS="360" VPOS="936" WIDTH="116" HEIGHT="36" WC="0.96" CONTENT="övriga"/><SP WIDTH="26" VPOS="936" HPOS="476"/>
							<String ID="string_119" HPOS="502" VPOS="937" WIDTH="233" HEIGHT="36" WC="0.96" CONTENT="avdelningar,"/><SP WIDTH="27" VPOS="937" HPOS="735"/>
							<String ID="string_120" HPOS="762" VPOS="939" WIDTH="66" HEIGHT="29" WC="0.96" CONTENT="vad"/><SP WIDTH="25" VPOS="939" HPOS="828"/>
							<String ID="string_121" HPOS="853" VPOS="938" WIDTH="171" HEIGHT="31" WC="0.96" CONTENT="beträffar"/><SP WIDTH="24" VPOS="938" HPOS="1024"/>
							<String ID="string_122" HPOS="1048" VPOS="939" WIDTH="291" HEIGHT="38" WC="0.96" CONTENT="tjänsteställning"/><SP WIDTH="24" VPOS="939" HPOS="1339"/>
							<String ID="string_123" HPOS="1363" VPOS="942" WIDTH="65" HEIGHT="29" WC="0.96" CONTENT="och"/><SP WIDTH="28" VPOS="942" HPOS="1428"/>
							<String ID="string_124" HPOS="1456" VPOS="942" WIDTH="173" HEIGHT="37" WC="0.96" CONTENT="lönegrad."/>
						</TextLine>
					</TextBlock>
					<TextBlock ID="block_4" HPOS="121" VPOS="988" WIDTH="1504" HEIGHT="82">
						<TextLine ID="line_13" HPOS="166" VPOS="988" WIDTH="1459" HEIGHT="37">
							<String ID="string_125" HPOS="166" VPOS="988" WIDTH="224" HEIGHT="31" WC="0.96" CONTENT="Beträffande"/><SP WIDTH="18" VPOS="988" HPOS="390"/>
							<String ID="string_126" HPOS="408" VPOS="990" WIDTH="42" HEIGHT="30" WC="0.96" CONTENT="de"/><SP WIDTH="18" VPOS="990" HPOS="450"/>
							<String ID="string_127" HPOS="468" VPOS="990" WIDTH="74" HEIGHT="30" WC="0.96" CONTENT="skäl"/><SP WIDTH="20" VPOS="990" HPOS="542"/>
							<String ID="string_128" HPOS="562" VPOS="999" WIDTH="75" HEIGHT="21" WC="0.96" CONTENT="som"/><SP WIDTH="19" VPOS="999" HPOS="637"/>
							<String ID="string_129" HPOS="656" VPOS="990" WIDTH="132" HEIGHT="30" WC="0.96" CONTENT="anförts"/><SP WIDTH="18" VPOS="990" HPOS="788"/>
							<String ID="string_130" HPOS="806" VPOS="991" WIDTH="51" HEIGHT="30" WC="0.96" CONTENT="till"/><SP WIDTH="20" VPOS="991" HPOS="857"/>
							<String ID="string_131" HPOS="877" VPOS="991" WIDTH="76" HEIGHT="30" WC="0.96" CONTENT="stöd"/><SP WIDTH="20" VPOS="991" HPOS="953"/>
							<String ID="string_132" HPOS="973" VPOS="992" WIDTH="56" HEIGHT="29" WC="0.96" CONTENT="för"/><SP WIDTH="16" VPOS="992" HPOS="1029"/>
							<String ID="string_133" HPOS="1045" VPOS="992" WIDTH="217" HEIGHT="31" WC="0.96" CONTENT="motionerna"/><SP WIDTH="20" VPOS="992" HPOS="1262"/>
							<String ID="string_134" HPOS="1282" VPOS="992" WIDTH="56" HEIGHT="31" WC="0.96" CONTENT="får"/><SP WIDTH="17" VPOS="992" HPOS="1338"/>
							<String ID="string_135" HPOS="1355" VPOS="994" WIDTH="165" HEIGHT="31" WC="0.93" CONTENT="utskottet"/><SP WIDTH="20" VPOS="994" HPOS="1520"/>
							<String ID="string_136" HPOS="1540" VPOS="994" WIDTH="85" HEIGHT="31" WC="0.93" CONTENT="hän-"/>
						</TextLine>
						<TextLine ID="line_14" HPOS="121" VPOS="1038" WIDTH="281" HEIGHT="32">
							<String ID="string_137" HPOS="121" VPOS="1038" WIDTH="74" HEIGHT="31" WC="0.96" CONTENT="visa"/><SP WIDTH="23" VPOS="1038" HPOS="195"/>
							<String ID="string_138" HPOS="218" VPOS="1039" WIDTH="51" HEIGHT="31" WC="0.95" CONTENT="till"/><SP WIDTH="23" VPOS="1039" HPOS="269"/>
							<String ID="string_139" HPOS="292" VPOS="1040" WIDTH="110" HEIGHT="30" WC="0.96" CONTENT="dessa."/>
						</TextLine>
					</TextBlock>
				</ComposedBlock>
				<ComposedBlock ID="cblock_3" HPOS="116" VPOS="1139" WIDTH="1510" HEIGHT="1355">
					<TextBlock ID="block_5" HPOS="118" VPOS="1139" WIDTH="1507" HEIGHT="341">
						<TextLine ID="line_15" HPOS="165" VPOS="1139" WIDTH="1460" HEIGHT="40">
							<String ID="string_140" HPOS="165" VPOS="1139" WIDTH="123" HEIGHT="38" WC="0.96" CONTENT="Kungl."/><SP WIDTH="24" VPOS="1139" HPOS="288"/>
							<String ID="string_141" HPOS="312" VPOS="1140" WIDTH="119" HEIGHT="37" WC="0.96" CONTENT="Maj:ts"/><SP WIDTH="23" VPOS="1140" HPOS="431"/>
							<String ID="string_142" HPOS="454" VPOS="1141" WIDTH="257" HEIGHT="38" WC="0.96" CONTENT="framställning"/><SP WIDTH="22" VPOS="1141" HPOS="711"/>
							<String ID="string_143" HPOS="733" VPOS="1142" WIDTH="188" HEIGHT="31" WC="0.93" CONTENT="innefattar"/><SP WIDTH="20" VPOS="1142" HPOS="921"/>
							<String ID="string_144" HPOS="941" VPOS="1159" WIDTH="45" HEIGHT="4" WC="0.92" CONTENT="—"/><SP WIDTH="23" VPOS="1159" HPOS="986"/>
							<String ID="string_145" HPOS="1009" VPOS="1143" WIDTH="154" HEIGHT="31" WC="0.96" CONTENT="förutom"/><SP WIDTH="24" VPOS="1143" HPOS="1163"/>
							<String ID="string_146" HPOS="1187" VPOS="1144" WIDTH="207" HEIGHT="31" WC="0.96" CONTENT="hemställan"/><SP WIDTH="23" VPOS="1144" HPOS="1394"/>
							<String ID="string_147" HPOS="1417" VPOS="1144" WIDTH="50" HEIGHT="32" WC="0.93" CONTENT="till"/><SP WIDTH="24" VPOS="1144" HPOS="1467"/>
							<String ID="string_148" HPOS="1491" VPOS="1145" WIDTH="134" HEIGHT="31" WC="0.91" CONTENT="riksda-"/>
						</TextLine>
						<TextLine ID="line_16" HPOS="118" VPOS="1191" WIDTH="1505" HEIGHT="41">
							<String ID="string_149" HPOS="118" VPOS="1199" WIDTH="65" HEIGHT="28" WC="0.96" CONTENT="gen"/><SP WIDTH="31" VPOS="1199" HPOS="183"/>
							<String ID="string_150" HPOS="214" VPOS="1196" WIDTH="48" HEIGHT="26" WC="0.96" CONTENT="att"/><SP WIDTH="30" VPOS="1196" HPOS="262"/>
							<String ID="string_151" HPOS="292" VPOS="1192" WIDTH="54" HEIGHT="30" WC="0.92" CONTENT="för"/><SP WIDTH="31" VPOS="1192" HPOS="346"/>
							<String ID="string_152" HPOS="377" VPOS="1191" WIDTH="366" HEIGHT="38" WC="0.92" CONTENT="veterinärhögskolan"/><SP WIDTH="32" VPOS="1191" HPOS="743"/>
							<String ID="string_153" HPOS="775" VPOS="1193" WIDTH="171" HEIGHT="31" WC="0.96" CONTENT="fastställa"/><SP WIDTH="31" VPOS="1193" HPOS="946"/>
							<String ID="string_154" HPOS="977" VPOS="1194" WIDTH="135" HEIGHT="30" WC="0.93" CONTENT="ändrad"/><SP WIDTH="32" VPOS="1194" HPOS="1112"/>
							<String ID="string_155" HPOS="1144" VPOS="1195" WIDTH="380" HEIGHT="37" WC="0.90" CONTENT="personalförteckning"/><SP WIDTH="32" VPOS="1195" HPOS="1524"/>
							<String ID="string_156" HPOS="1556" VPOS="1196" WIDTH="67" HEIGHT="31" WC="0.96" CONTENT="och"/>
						</TextLine>
						<TextLine ID="line_17" HPOS="118" VPOS="1242" WIDTH="1506" HEIGHT="41">
							<String ID="string_157" HPOS="118" VPOS="1243" WIDTH="187" HEIGHT="34" WC="0.96" CONTENT="godkänna"/><SP WIDTH="34" VPOS="1243" HPOS="305"/>
							<String ID="string_158" HPOS="339" VPOS="1243" WIDTH="135" HEIGHT="30" WC="0.87" CONTENT="ändrad"/><SP WIDTH="33" VPOS="1243" HPOS="474"/>
							<String ID="string_159" HPOS="507" VPOS="1242" WIDTH="249" HEIGHT="37" WC="0.87" CONTENT="avlöningsstat"/><SP WIDTH="33" VPOS="1242" HPOS="756"/>
							<String ID="string_160" HPOS="789" VPOS="1261" WIDTH="45" HEIGHT="3" WC="0.90" CONTENT="—"/><SP WIDTH="34" VPOS="1261" HPOS="834"/>
							<String ID="string_161" HPOS="868" VPOS="1245" WIDTH="324" HEIGHT="36" WC="0.83" CONTENT="anslagsanvisning"/><SP WIDTH="32" VPOS="1245" HPOS="1192"/>
							<String ID="string_162" HPOS="1224" VPOS="1245" WIDTH="52" HEIGHT="31" WC="0.92" CONTENT="till"/><SP WIDTH="31" VPOS="1245" HPOS="1276"/>
							<String ID="string_163" HPOS="1307" VPOS="1246" WIDTH="204" HEIGHT="37" WC="0.91" CONTENT="avlöningar"/><SP WIDTH="33" VPOS="1246" HPOS="1511"/>
							<String ID="string_164" HPOS="1544" VPOS="1247" WIDTH="80" HEIGHT="31" WC="0.96" CONTENT="med"/>
						</TextLine>
						<TextLine ID="line_18" HPOS="120" VPOS="1292" WIDTH="1504" HEIGHT="41">
							<String ID="string_165" HPOS="120" VPOS="1292" WIDTH="63" HEIGHT="29" WC="0.95" CONTENT="604"/><SP WIDTH="15" VPOS="1292" HPOS="183"/>
							<String ID="string_166" HPOS="198" VPOS="1293" WIDTH="64" HEIGHT="29" WC="0.95" CONTENT="700"/><SP WIDTH="17" VPOS="1293" HPOS="262"/>
							<String ID="string_167" HPOS="279" VPOS="1293" WIDTH="140" HEIGHT="36" WC="0.96" CONTENT="kronor,"/><SP WIDTH="21" VPOS="1293" HPOS="419"/>
							<String ID="string_168" HPOS="440" VPOS="1293" WIDTH="105" HEIGHT="31" WC="0.96" CONTENT="vilket"/><SP WIDTH="18" VPOS="1293" HPOS="545"/>
							<String ID="string_169" HPOS="563" VPOS="1294" WIDTH="125" HEIGHT="36" WC="0.96" CONTENT="belopp"/><SP WIDTH="21" VPOS="1294" HPOS="688"/>
							<String ID="string_170" HPOS="709" VPOS="1295" WIDTH="79" HEIGHT="30" WC="0.96" CONTENT="med"/><SP WIDTH="20" VPOS="1295" HPOS="788"/>
							<String ID="string_171" HPOS="808" VPOS="1295" WIDTH="40" HEIGHT="29" WC="0.95" CONTENT="22"/><SP WIDTH="15" VPOS="1295" HPOS="848"/>
							<String ID="string_172" HPOS="863" VPOS="1295" WIDTH="63" HEIGHT="29" WC="0.95" CONTENT="500"/><SP WIDTH="21" VPOS="1295" HPOS="926"/>
							<String ID="string_173" HPOS="947" VPOS="1296" WIDTH="130" HEIGHT="30" WC="0.96" CONTENT="kronor"/><SP WIDTH="20" VPOS="1296" HPOS="1077"/>
							<String ID="string_174" HPOS="1097" VPOS="1295" WIDTH="184" HEIGHT="38" WC="0.96" CONTENT="överstiger"/><SP WIDTH="19" VPOS="1295" HPOS="1281"/>
							<String ID="string_175" HPOS="1300" VPOS="1298" WIDTH="244" HEIGHT="31" WC="0.92" CONTENT="motsvarande"/><SP WIDTH="19" VPOS="1298" HPOS="1544"/>
							<String ID="string_176" HPOS="1563" VPOS="1307" WIDTH="61" HEIGHT="21" WC="0.92" CONTENT="an-"/>
						</TextLine>
						<TextLine ID="line_19" HPOS="120" VPOS="1343" WIDTH="1504" HEIGHT="40">
							<String ID="string_177" HPOS="120" VPOS="1343" WIDTH="135" HEIGHT="37" WC="0.96" CONTENT="visning"/><SP WIDTH="21" VPOS="1343" HPOS="255"/>
							<String ID="string_178" HPOS="276" VPOS="1344" WIDTH="56" HEIGHT="30" WC="0.96" CONTENT="för"/><SP WIDTH="20" VPOS="1344" HPOS="332"/>
							<String ID="string_179" HPOS="352" VPOS="1344" WIDTH="234" HEIGHT="31" WC="0.96" CONTENT="innevarande"/><SP WIDTH="23" VPOS="1344" HPOS="586"/>
							<String ID="string_180" HPOS="609" VPOS="1344" WIDTH="176" HEIGHT="37" WC="0.95" CONTENT="budgetår."/><SP WIDTH="24" VPOS="1344" HPOS="785"/>
							<String ID="string_181" HPOS="809" VPOS="1345" WIDTH="222" HEIGHT="31" WC="0.96" CONTENT="Sistnämnda"/><SP WIDTH="22" VPOS="1345" HPOS="1031"/>
							<String ID="string_182" HPOS="1053" VPOS="1347" WIDTH="126" HEIGHT="36" WC="0.96" CONTENT="belopp"/><SP WIDTH="23" VPOS="1347" HPOS="1179"/>
							<String ID="string_183" HPOS="1202" VPOS="1348" WIDTH="101" HEIGHT="34" WC="0.95" CONTENT="utgör"/><SP WIDTH="22" VPOS="1348" HPOS="1303"/>
							<String ID="string_184" HPOS="1325" VPOS="1348" WIDTH="194" HEIGHT="31" WC="0.92" CONTENT="skillnaden"/><SP WIDTH="21" VPOS="1348" HPOS="1519"/>
							<String ID="string_185" HPOS="1540" VPOS="1349" WIDTH="84" HEIGHT="30" WC="0.92" CONTENT="mel-"/>
						</TextLine>
						<TextLine ID="line_20" HPOS="119" VPOS="1394" WIDTH="1505" HEIGHT="41">
							<String ID="string_186" HPOS="119" VPOS="1395" WIDTH="59" HEIGHT="29" WC="0.93" CONTENT="lan"/><SP WIDTH="26" VPOS="1395" HPOS="178"/>
							<String ID="string_187" HPOS="204" VPOS="1394" WIDTH="291" HEIGHT="37" WC="0.90" CONTENT="utgiftsökningar"/><SP WIDTH="24" VPOS="1394" HPOS="495"/>
							<String ID="string_188" HPOS="519" VPOS="1394" WIDTH="21" HEIGHT="31" WC="0.92" CONTENT="å"/><SP WIDTH="25" VPOS="1394" HPOS="540"/>
							<String ID="string_189" HPOS="565" VPOS="1396" WIDTH="232" HEIGHT="36" WC="0.96" CONTENT="sammanlagt"/><SP WIDTH="26" VPOS="1396" HPOS="797"/>
							<String ID="string_190" HPOS="823" VPOS="1396" WIDTH="118" HEIGHT="30" WC="0.83" CONTENT="30900"/><SP WIDTH="26" VPOS="1396" HPOS="941"/>
							<String ID="string_191" HPOS="967" VPOS="1398" WIDTH="131" HEIGHT="29" WC="0.96" CONTENT="kronor"/><SP WIDTH="25" VPOS="1398" HPOS="1098"/>
							<String ID="string_192" HPOS="1123" VPOS="1398" WIDTH="65" HEIGHT="29" WC="0.93" CONTENT="och"/><SP WIDTH="26" VPOS="1398" HPOS="1188"/>
							<String ID="string_193" HPOS="1214" VPOS="1398" WIDTH="364" HEIGHT="37" WC="0.91" CONTENT="utgiftsminskningar"/><SP WIDTH="26" VPOS="1398" HPOS="1578"/>
							<String ID="string_194" HPOS="1604" VPOS="1398" WIDTH="20" HEIGHT="32" WC="0.93" CONTENT="å"/>
						</TextLine>
						<TextLine ID="line_21" HPOS="119" VPOS="1443" WIDTH="433" HEIGHT="37">
							<String ID="string_195" HPOS="119" VPOS="1443" WIDTH="145" HEIGHT="37" WC="0.91" CONTENT="tillhopa"/><SP WIDTH="27" VPOS="1443" HPOS="264"/>
							<String ID="string_196" HPOS="291" VPOS="1445" WIDTH="99" HEIGHT="30" WC="0.94" CONTENT="8400"/><SP WIDTH="26" VPOS="1445" HPOS="390"/>
							<String ID="string_197" HPOS="416" VPOS="1445" WIDTH="136" HEIGHT="30" WC="0.96" CONTENT="kronor."/>
						</TextLine>
					</TextBlock>
					<TextBlock ID="block_6" HPOS="119" VPOS="1495" WIDTH="1507" HEIGHT="239">
						<TextLine ID="line_22" HPOS="165" VPOS="1495" WIDTH="1461" HEIGHT="40">
							<String ID="string_198" HPOS="165" VPOS="1495" WIDTH="301" HEIGHT="36" WC="0.90" CONTENT="Utgiftsökningen"/><SP WIDTH="29" VPOS="1495" HPOS="466"/>
							<String ID="string_199" HPOS="495" VPOS="1496" WIDTH="128" HEIGHT="30" WC="0.96" CONTENT="hänför"/><SP WIDTH="30" VPOS="1496" HPOS="623"/>
							<String ID="string_200" HPOS="653" VPOS="1496" WIDTH="50" HEIGHT="36" WC="0.96" CONTENT="sig"/><SP WIDTH="28" VPOS="1496" HPOS="703"/>
							<String ID="string_201" HPOS="731" VPOS="1497" WIDTH="50" HEIGHT="29" WC="0.93" CONTENT="till"/><SP WIDTH="28" VPOS="1497" HPOS="781"/>
							<String ID="string_202" HPOS="809" VPOS="1497" WIDTH="302" HEIGHT="36" WC="0.91" CONTENT="anslagsposterna"/><SP WIDTH="30" VPOS="1497" HPOS="1111"/>
							<String ID="string_203" HPOS="1141" VPOS="1498" WIDTH="203" HEIGHT="37" WC="0.91" CONTENT="avlöningar"/><SP WIDTH="28" VPOS="1498" HPOS="1344"/>
							<String ID="string_204" HPOS="1372" VPOS="1500" WIDTH="50" HEIGHT="30" WC="0.96" CONTENT="till"/><SP WIDTH="28" VPOS="1500" HPOS="1422"/>
							<String ID="string_205" HPOS="1450" VPOS="1500" WIDTH="176" HEIGHT="31" WC="0.96" CONTENT="ordinarie"/>
						</TextLine>
						<TextLine ID="line_23" HPOS="119" VPOS="1545" WIDTH="1507" HEIGHT="42">
							<String ID="string_206" HPOS="119" VPOS="1545" WIDTH="211" HEIGHT="36" WC="0.96" CONTENT="tjänstemän"/><SP WIDTH="20" VPOS="1545" HPOS="330"/>
							<String ID="string_207" HPOS="350" VPOS="1550" WIDTH="89" HEIGHT="26" WC="0.93" CONTENT="samt"/><SP WIDTH="20" VPOS="1550" HPOS="439"/>
							<String ID="string_208" HPOS="459" VPOS="1546" WIDTH="203" HEIGHT="37" WC="0.91" CONTENT="avlöningar"/><SP WIDTH="18" VPOS="1546" HPOS="662"/>
							<String ID="string_209" HPOS="680" VPOS="1547" WIDTH="51" HEIGHT="30" WC="0.96" CONTENT="till"/><SP WIDTH="20" VPOS="1547" HPOS="731"/>
							<String ID="string_210" HPOS="751" VPOS="1547" WIDTH="94" HEIGHT="37" WC="0.93" CONTENT="övrig"/><SP WIDTH="20" VPOS="1547" HPOS="845"/>
							<String ID="string_211" HPOS="865" VPOS="1548" WIDTH="266" HEIGHT="31" WC="0.92" CONTENT="icke-ordinarie"/><SP WIDTH="20" VPOS="1548" HPOS="1131"/>
							<String ID="string_212" HPOS="1151" VPOS="1551" WIDTH="161" HEIGHT="34" WC="0.96" CONTENT="personal"/><SP WIDTH="20" VPOS="1551" HPOS="1312"/>
							<String ID="string_213" HPOS="1332" VPOS="1551" WIDTH="78" HEIGHT="30" WC="0.96" CONTENT="med"/><SP WIDTH="21" VPOS="1551" HPOS="1410"/>
							<String ID="string_214" HPOS="1431" VPOS="1551" WIDTH="195" HEIGHT="36" WC="0.96" CONTENT="respektive"/>
						</TextLine>
						<TextLine ID="line_24" HPOS="119" VPOS="1596" WIDTH="1503" HEIGHT="42">
							<String ID="string_215" HPOS="119" VPOS="1596" WIDTH="42" HEIGHT="29" WC="0.95" CONTENT="23"/><SP WIDTH="14" VPOS="1596" HPOS="161"/>
							<String ID="string_216" HPOS="175" VPOS="1596" WIDTH="64" HEIGHT="29" WC="0.95" CONTENT="000"/><SP WIDTH="19" VPOS="1596" HPOS="239"/>
							<String ID="string_217" HPOS="258" VPOS="1597" WIDTH="66" HEIGHT="29" WC="0.96" CONTENT="och"/><SP WIDTH="24" VPOS="1597" HPOS="324"/>
							<String ID="string_218" HPOS="348" VPOS="1597" WIDTH="16" HEIGHT="28" WC="0.93" CONTENT="7"/><SP WIDTH="17" VPOS="1597" HPOS="364"/>
							<String ID="string_219" HPOS="381" VPOS="1597" WIDTH="63" HEIGHT="29" WC="0.94" CONTENT="900"/><SP WIDTH="21" VPOS="1597" HPOS="444"/>
							<String ID="string_220" HPOS="465" VPOS="1598" WIDTH="138" HEIGHT="29" WC="0.93" CONTENT="kronor."/><SP WIDTH="27" VPOS="1598" HPOS="603"/>
							<String ID="string_221" HPOS="630" VPOS="1597" WIDTH="380" HEIGHT="38" WC="0.91" CONTENT="Utgiftsminskningen,"/><SP WIDTH="25" VPOS="1597" HPOS="1010"/>
							<String ID="string_222" HPOS="1035" VPOS="1599" WIDTH="20" HEIGHT="29" WC="0.94" CONTENT="8"/><SP WIDTH="14" VPOS="1599" HPOS="1055"/>
							<String ID="string_223" HPOS="1069" VPOS="1599" WIDTH="64" HEIGHT="30" WC="0.94" CONTENT="400"/><SP WIDTH="22" VPOS="1599" HPOS="1133"/>
							<String ID="string_224" HPOS="1155" VPOS="1600" WIDTH="138" HEIGHT="36" WC="0.93" CONTENT="kronor,"/><SP WIDTH="24" VPOS="1600" HPOS="1293"/>
							<String ID="string_225" HPOS="1317" VPOS="1599" WIDTH="163" HEIGHT="38" WC="0.92" CONTENT="åbelöper"/><SP WIDTH="20" VPOS="1599" HPOS="1480"/>
							<String ID="string_226" HPOS="1500" VPOS="1603" WIDTH="122" HEIGHT="35" WC="0.96" CONTENT="posten"/>
						</TextLine>
						<TextLine ID="line_25" HPOS="119" VPOS="1647" WIDTH="1504" HEIGHT="42">
							<String ID="string_227" HPOS="119" VPOS="1647" WIDTH="151" HEIGHT="30" WC="0.96" CONTENT="arvoden"/><SP WIDTH="23" VPOS="1647" HPOS="270"/>
							<String ID="string_228" HPOS="293" VPOS="1648" WIDTH="66" HEIGHT="29" WC="0.96" CONTENT="och"/><SP WIDTH="25" VPOS="1648" HPOS="359"/>
							<String ID="string_229" HPOS="384" VPOS="1648" WIDTH="169" HEIGHT="30" WC="0.96" CONTENT="särskilda"/><SP WIDTH="23" VPOS="1648" HPOS="553"/>
							<String ID="string_230" HPOS="576" VPOS="1648" WIDTH="229" HEIGHT="36" WC="0.96" CONTENT="ersättningar"/><SP WIDTH="22" VPOS="1648" HPOS="805"/>
							<String ID="string_231" HPOS="827" VPOS="1649" WIDTH="179" HEIGHT="31" WC="0.96" CONTENT="bestämda"/><SP WIDTH="24" VPOS="1649" HPOS="1006"/>
							<String ID="string_232" HPOS="1030" VPOS="1659" WIDTH="45" HEIGHT="21" WC="0.96" CONTENT="av"/><SP WIDTH="23" VPOS="1659" HPOS="1075"/>
							<String ID="string_233" HPOS="1098" VPOS="1649" WIDTH="123" HEIGHT="37" WC="0.95" CONTENT="Kungl."/><SP WIDTH="26" VPOS="1649" HPOS="1221"/>
							<String ID="string_234" HPOS="1247" VPOS="1649" WIDTH="110" HEIGHT="37" WC="0.96" CONTENT="Maj:t."/><SP WIDTH="25" VPOS="1649" HPOS="1357"/>
							<String ID="string_235" HPOS="1382" VPOS="1651" WIDTH="241" HEIGHT="38" WC="0.96" CONTENT="Beräkningen"/>
						</TextLine>
						<TextLine ID="line_26" HPOS="119" VPOS="1697" WIDTH="434" HEIGHT="37">
							<String ID="string_236" HPOS="119" VPOS="1697" WIDTH="63" HEIGHT="30" WC="0.96" CONTENT="har"/><SP WIDTH="20" VPOS="1697" HPOS="182"/>
							<String ID="string_237" HPOS="202" VPOS="1697" WIDTH="156" HEIGHT="37" WC="0.96" CONTENT="följande"/><SP WIDTH="20" VPOS="1697" HPOS="358"/>
							<String ID="string_238" HPOS="378" VPOS="1698" WIDTH="175" HEIGHT="30" WC="0.96" CONTENT="utseende:"/>
						</TextLine>
					</TextBlock>
					<TextBlock ID="block_7" HPOS="116" VPOS="1746" WIDTH="1509" HEIGHT="748">
						<TextLine ID="line_27" HPOS="164" VPOS="1746" WIDTH="1461" HEIGHT="44">
							<String ID="string_239" HPOS="164" VPOS="1747" WIDTH="123" HEIGHT="31" WC="0.93" CONTENT="Posten"/><SP WIDTH="22" VPOS="1747" HPOS="287"/>
							<String ID="string_240" HPOS="309" VPOS="1749" WIDTH="203" HEIGHT="35" WC="0.90" CONTENT="avlöningar"/><SP WIDTH="19" VPOS="1749" HPOS="512"/>
							<String ID="string_241" HPOS="531" VPOS="1749" WIDTH="51" HEIGHT="30" WC="0.96" CONTENT="till"/><SP WIDTH="21" VPOS="1749" HPOS="582"/>
							<String ID="string_242" HPOS="603" VPOS="1749" WIDTH="173" HEIGHT="31" WC="0.96" CONTENT="ordinarie"/><SP WIDTH="22" VPOS="1749" HPOS="776"/>
							<String ID="string_243" HPOS="798" VPOS="1749" WIDTH="210" HEIGHT="37" WC="0.96" CONTENT="tjänstemän"/><SP WIDTH="21" VPOS="1749" HPOS="1008"/>
							<String ID="string_244" HPOS="1029" VPOS="1751" WIDTH="66" HEIGHT="30" WC="0.96" CONTENT="har"/><SP WIDTH="20" VPOS="1751" HPOS="1095"/>
							<String ID="string_245" HPOS="1115" VPOS="1751" WIDTH="92" HEIGHT="37" WC="0.96" CONTENT="höjts"/><SP WIDTH="22" VPOS="1751" HPOS="1207"/>
							<String ID="string_246" HPOS="1229" VPOS="1753" WIDTH="78" HEIGHT="29" WC="0.96" CONTENT="med"/><SP WIDTH="28" VPOS="1753" HPOS="1307"/>
							<String ID="string_247" HPOS="1335" VPOS="1751" WIDTH="32" HEIGHT="39" WC="0.72" CONTENT="(3"/><SP WIDTH="14" VPOS="1751" HPOS="1367"/>
							<String ID="string_248" HPOS="1381" VPOS="1753" WIDTH="62" HEIGHT="30" WC="0.72" CONTENT="500"/><SP WIDTH="23" VPOS="1753" HPOS="1443"/>
							<String ID="string_249" HPOS="1466" VPOS="1746" WIDTH="37" HEIGHT="37" WC="0.96" CONTENT="+"/><SP WIDTH="22" VPOS="1746" HPOS="1503"/>
							<String ID="string_250" HPOS="1525" VPOS="1754" WIDTH="20" HEIGHT="29" WC="0.95" CONTENT="3"/><SP WIDTH="14" VPOS="1754" HPOS="1545"/>
							<String ID="string_251" HPOS="1559" VPOS="1753" WIDTH="66" HEIGHT="30" WC="0.96" CONTENT="200"/>
						</TextLine>
						<TextLine ID="line_28" HPOS="118" VPOS="1792" WIDTH="1504" HEIGHT="48">
							<String ID="string_252" HPOS="118" VPOS="1792" WIDTH="37" HEIGHT="37" WC="0.89" CONTENT="+"/><SP WIDTH="22" VPOS="1792" HPOS="155"/>
							<String ID="string_253" HPOS="177" VPOS="1798" WIDTH="19" HEIGHT="29" WC="0.66" CONTENT="3"/><SP WIDTH="15" VPOS="1798" HPOS="196"/>
							<String ID="string_254" HPOS="211" VPOS="1798" WIDTH="62" HEIGHT="30" WC="0.66" CONTENT="200"/><SP WIDTH="20" VPOS="1798" HPOS="273"/>
							<String ID="string_255" HPOS="293" VPOS="1795" WIDTH="37" HEIGHT="36" WC="0.95" CONTENT="+"/><SP WIDTH="21" VPOS="1795" HPOS="330"/>
							<String ID="string_256" HPOS="351" VPOS="1799" WIDTH="20" HEIGHT="29" WC="0.92" CONTENT="3"/><SP WIDTH="14" VPOS="1799" HPOS="371"/>
							<String ID="string_257" HPOS="385" VPOS="1799" WIDTH="63" HEIGHT="29" WC="0.92" CONTENT="200"/><SP WIDTH="21" VPOS="1799" HPOS="448"/>
							<String ID="string_258" HPOS="469" VPOS="1793" WIDTH="36" HEIGHT="35" WC="0.95" CONTENT="+"/><SP WIDTH="24" VPOS="1793" HPOS="505"/>
							<String ID="string_259" HPOS="529" VPOS="1799" WIDTH="116" HEIGHT="30" WC="0.83" CONTENT="10400"/><SP WIDTH="19" VPOS="1799" HPOS="645"/>
							<String ID="string_260" HPOS="664" VPOS="1799" WIDTH="56" HEIGHT="39" WC="0.83" CONTENT="=)"/><SP WIDTH="27" VPOS="1799" HPOS="720"/>
							<String ID="string_261" HPOS="747" VPOS="1800" WIDTH="41" HEIGHT="29" WC="0.94" CONTENT="23"/><SP WIDTH="14" VPOS="1800" HPOS="788"/>
							<String ID="string_262" HPOS="802" VPOS="1800" WIDTH="65" HEIGHT="30" WC="0.94" CONTENT="500"/><SP WIDTH="19" VPOS="1800" HPOS="867"/>
							<String ID="string_263" HPOS="886" VPOS="1802" WIDTH="131" HEIGHT="30" WC="0.96" CONTENT="kronor"/><SP WIDTH="18" VPOS="1802" HPOS="1017"/>
							<String ID="string_264" HPOS="1035" VPOS="1801" WIDTH="46" HEIGHT="36" WC="0.96" CONTENT="på"/><SP WIDTH="19" VPOS="1801" HPOS="1081"/>
							<String ID="string_265" HPOS="1100" VPOS="1802" WIDTH="114" HEIGHT="36" WC="0.96" CONTENT="grund"/><SP WIDTH="20" VPOS="1802" HPOS="1214"/>
							<String ID="string_266" HPOS="1234" VPOS="1813" WIDTH="43" HEIGHT="20" WC="0.96" CONTENT="av"/><SP WIDTH="21" VPOS="1813" HPOS="1277"/>
							<String ID="string_267" HPOS="1298" VPOS="1802" WIDTH="130" HEIGHT="38" WC="0.96" CONTENT="förslag"/><SP WIDTH="19" VPOS="1802" HPOS="1428"/>
							<String ID="string_268" HPOS="1447" VPOS="1813" WIDTH="57" HEIGHT="22" WC="0.92" CONTENT="om"/><SP WIDTH="22" VPOS="1813" HPOS="1504"/>
							<String ID="string_269" HPOS="1526" VPOS="1804" WIDTH="96" HEIGHT="30" WC="0.67" CONTENT="Över-"/>
						</TextLine>
						<TextLine ID="line_29" HPOS="118" VPOS="1849" WIDTH="1505" HEIGHT="41">
							<String ID="string_270" HPOS="118" VPOS="1849" WIDTH="146" HEIGHT="31" WC="0.96" CONTENT="förande"/><SP WIDTH="22" VPOS="1849" HPOS="264"/>
							<String ID="string_271" HPOS="286" VPOS="1859" WIDTH="43" HEIGHT="20" WC="0.96" CONTENT="av"/><SP WIDTH="22" VPOS="1859" HPOS="329"/>
							<String ID="string_272" HPOS="351" VPOS="1859" WIDTH="42" HEIGHT="21" WC="0.93" CONTENT="en"/><SP WIDTH="23" VPOS="1859" HPOS="393"/>
							<String ID="string_273" HPOS="416" VPOS="1850" WIDTH="455" HEIGHT="36" WC="0.90" CONTENT="institutionsvaktmästare,"/><SP WIDTH="25" VPOS="1850" HPOS="871"/>
							<String ID="string_274" HPOS="896" VPOS="1862" WIDTH="42" HEIGHT="20" WC="0.96" CONTENT="en"/><SP WIDTH="24" VPOS="1862" HPOS="938"/>
							<String ID="string_275" HPOS="962" VPOS="1852" WIDTH="175" HEIGHT="36" WC="0.95" CONTENT="bilförare,"/><SP WIDTH="24" VPOS="1852" HPOS="1137"/>
							<String ID="string_276" HPOS="1161" VPOS="1863" WIDTH="43" HEIGHT="20" WC="0.93" CONTENT="en"/><SP WIDTH="21" VPOS="1863" HPOS="1204"/>
							<String ID="string_277" HPOS="1225" VPOS="1853" WIDTH="191" HEIGHT="37" WC="0.92" CONTENT="gårdskarl,"/><SP WIDTH="26" VPOS="1853" HPOS="1416"/>
							<String ID="string_278" HPOS="1442" VPOS="1864" WIDTH="42" HEIGHT="21" WC="0.92" CONTENT="en"/><SP WIDTH="23" VPOS="1864" HPOS="1484"/>
							<String ID="string_279" HPOS="1507" VPOS="1856" WIDTH="116" HEIGHT="29" WC="0.92" CONTENT="eldare"/>
						</TextLine>
						<TextLine ID="line_30" HPOS="117" VPOS="1898" WIDTH="1505" HEIGHT="43">
							<String ID="string_280" HPOS="117" VPOS="1900" WIDTH="66" HEIGHT="29" WC="0.96" CONTENT="och"/><SP WIDTH="21" VPOS="1900" HPOS="183"/>
							<String ID="string_281" HPOS="204" VPOS="1903" WIDTH="49" HEIGHT="27" WC="0.93" CONTENT="tre"/><SP WIDTH="19" VPOS="1903" HPOS="253"/>
							<String ID="string_282" HPOS="272" VPOS="1898" WIDTH="309" HEIGHT="37" WC="0.91" CONTENT="djursjukvårdare"/><SP WIDTH="21" VPOS="1898" HPOS="581"/>
							<String ID="string_283" HPOS="602" VPOS="1900" WIDTH="19" HEIGHT="31" WC="0.92" CONTENT="å"/><SP WIDTH="21" VPOS="1900" HPOS="621"/>
							<String ID="string_284" HPOS="642" VPOS="1901" WIDTH="172" HEIGHT="30" WC="0.96" CONTENT="ordinarie"/><SP WIDTH="21" VPOS="1901" HPOS="814"/>
							<String ID="string_285" HPOS="835" VPOS="1904" WIDTH="66" HEIGHT="27" WC="0.95" CONTENT="stat"/><SP WIDTH="21" VPOS="1904" HPOS="901"/>
							<String ID="string_286" HPOS="922" VPOS="1904" WIDTH="89" HEIGHT="28" WC="0.96" CONTENT="samt"/><SP WIDTH="20" VPOS="1904" HPOS="1011"/>
							<String ID="string_287" HPOS="1031" VPOS="1904" WIDTH="79" HEIGHT="29" WC="0.96" CONTENT="med"/><SP WIDTH="21" VPOS="1904" HPOS="1110"/>
							<String ID="string_288" HPOS="1131" VPOS="1903" WIDTH="19" HEIGHT="29" WC="0.91" CONTENT="3"/><SP WIDTH="14" VPOS="1903" HPOS="1150"/>
							<String ID="string_289" HPOS="1164" VPOS="1903" WIDTH="63" HEIGHT="30" WC="0.91" CONTENT="700"/><SP WIDTH="21" VPOS="1903" HPOS="1227"/>
							<String ID="string_290" HPOS="1248" VPOS="1904" WIDTH="130" HEIGHT="30" WC="0.96" CONTENT="kronor"/><SP WIDTH="21" VPOS="1904" HPOS="1378"/>
							<String ID="string_291" HPOS="1399" VPOS="1905" WIDTH="50" HEIGHT="30" WC="0.96" CONTENT="till"/><SP WIDTH="21" VPOS="1905" HPOS="1449"/>
							<String ID="string_292" HPOS="1470" VPOS="1904" WIDTH="88" HEIGHT="37" WC="0.96" CONTENT="följd"/><SP WIDTH="21" VPOS="1904" HPOS="1558"/>
							<String ID="string_293" HPOS="1579" VPOS="1914" WIDTH="43" HEIGHT="21" WC="0.95" CONTENT="av"/>
						</TextLine>
						<TextLine ID="line_31" HPOS="118" VPOS="1946" WIDTH="1503" HEIGHT="43">
							<String ID="string_294" HPOS="118" VPOS="1950" WIDTH="199" HEIGHT="30" WC="0.93" CONTENT="beräknade"/><SP WIDTH="26" VPOS="1950" HPOS="317"/>
							<String ID="string_295" HPOS="343" VPOS="1951" WIDTH="427" HEIGHT="35" WC="0.91" CONTENT="löneklassförändringar."/><SP WIDTH="28" VPOS="1951" HPOS="770"/>
							<String ID="string_296" HPOS="798" VPOS="1946" WIDTH="26" HEIGHT="35" WC="0.91" CONTENT="Å"/><SP WIDTH="26" VPOS="1946" HPOS="824"/>
							<String ID="string_297" HPOS="850" VPOS="1952" WIDTH="109" HEIGHT="30" WC="0.96" CONTENT="andra"/><SP WIDTH="24" VPOS="1952" HPOS="959"/>
							<String ID="string_298" HPOS="983" VPOS="1952" WIDTH="100" HEIGHT="30" WC="0.96" CONTENT="sidan"/><SP WIDTH="27" VPOS="1952" HPOS="1083"/>
							<String ID="string_299" HPOS="1110" VPOS="1954" WIDTH="65" HEIGHT="29" WC="0.96" CONTENT="har"/><SP WIDTH="25" VPOS="1954" HPOS="1175"/>
							<String ID="string_300" HPOS="1200" VPOS="1957" WIDTH="121" HEIGHT="32" WC="0.96" CONTENT="posten"/><SP WIDTH="26" VPOS="1957" HPOS="1321"/>
							<String ID="string_301" HPOS="1347" VPOS="1954" WIDTH="170" HEIGHT="32" WC="0.96" CONTENT="minskats"/><SP WIDTH="26" VPOS="1954" HPOS="1517"/>
							<String ID="string_302" HPOS="1543" VPOS="1956" WIDTH="78" HEIGHT="30" WC="0.96" CONTENT="med"/>
						</TextLine>
						<TextLine ID="line_32" HPOS="117" VPOS="2000" WIDTH="1503" HEIGHT="43">
							<String ID="string_303" HPOS="117" VPOS="2000" WIDTH="96" HEIGHT="29" WC="0.90" CONTENT="4200"/><SP WIDTH="21" VPOS="2000" HPOS="213"/>
							<String ID="string_304" HPOS="234" VPOS="2001" WIDTH="129" HEIGHT="29" WC="0.96" CONTENT="kronor"/><SP WIDTH="22" VPOS="2001" HPOS="363"/>
							<String ID="string_305" HPOS="385" VPOS="2001" WIDTH="9" HEIGHT="30" WC="0.96" CONTENT="i"/><SP WIDTH="22" VPOS="2001" HPOS="394"/>
							<String ID="string_306" HPOS="416" VPOS="2001" WIDTH="185" HEIGHT="35" WC="0.96" CONTENT="anledning"/><SP WIDTH="22" VPOS="2001" HPOS="601"/>
							<String ID="string_307" HPOS="623" VPOS="2012" WIDTH="42" HEIGHT="20" WC="0.96" CONTENT="av"/><SP WIDTH="23" VPOS="2012" HPOS="665"/>
							<String ID="string_308" HPOS="688" VPOS="2005" WIDTH="48" HEIGHT="27" WC="0.96" CONTENT="att"/><SP WIDTH="23" VPOS="2005" HPOS="736"/>
							<String ID="string_309" HPOS="759" VPOS="2003" WIDTH="77" HEIGHT="29" WC="0.96" CONTENT="med"/><SP WIDTH="24" VPOS="2003" HPOS="836"/>
							<String ID="string_310" HPOS="860" VPOS="2002" WIDTH="209" HEIGHT="31" WC="0.96" CONTENT="inrättandet"/><SP WIDTH="24" VPOS="2002" HPOS="1069"/>
							<String ID="string_311" HPOS="1093" VPOS="2013" WIDTH="41" HEIGHT="21" WC="0.96" CONTENT="av"/><SP WIDTH="24" VPOS="2013" HPOS="1134"/>
							<String ID="string_312" HPOS="1158" VPOS="2014" WIDTH="41" HEIGHT="20" WC="0.93" CONTENT="en"/><SP WIDTH="23" VPOS="2014" HPOS="1199"/>
							<String ID="string_313" HPOS="1222" VPOS="2004" WIDTH="366" HEIGHT="39" WC="0.91" CONTENT="kontoristbefattning"/><SP WIDTH="23" VPOS="2004" HPOS="1588"/>
							<String ID="string_314" HPOS="1611" VPOS="2006" WIDTH="9" HEIGHT="30" WC="0.95" CONTENT="i"/>
						</TextLine>
						<TextLine ID="line_33" HPOS="118" VPOS="2051" WIDTH="1502" HEIGHT="39">
							<String ID="string_315" HPOS="118" VPOS="2051" WIDTH="208" HEIGHT="35" WC="0.92" CONTENT="lönegraden"/><SP WIDTH="18" VPOS="2051" HPOS="326"/>
							<String ID="string_316" HPOS="344" VPOS="2051" WIDTH="49" HEIGHT="30" WC="0.89" CONTENT="Eo"/><SP WIDTH="17" VPOS="2051" HPOS="393"/>
							<String ID="string_317" HPOS="410" VPOS="2052" WIDTH="18" HEIGHT="29" WC="0.96" CONTENT="9"/><SP WIDTH="17" VPOS="2052" HPOS="428"/>
							<String ID="string_318" HPOS="445" VPOS="2061" WIDTH="41" HEIGHT="20" WC="0.93" CONTENT="en"/><SP WIDTH="18" VPOS="2061" HPOS="486"/>
							<String ID="string_319" HPOS="504" VPOS="2051" WIDTH="461" HEIGHT="39" WC="0.89" CONTENT="kanslibiträdesbefattning"/><SP WIDTH="16" VPOS="2051" HPOS="965"/>
							<String ID="string_320" HPOS="981" VPOS="2054" WIDTH="10" HEIGHT="30" WC="0.96" CONTENT="i"/><SP WIDTH="20" VPOS="2054" HPOS="991"/>
							<String ID="string_321" HPOS="1011" VPOS="2055" WIDTH="163" HEIGHT="35" WC="0.93" CONTENT="lönegrad"/><SP WIDTH="19" VPOS="2055" HPOS="1174"/>
							<String ID="string_322" HPOS="1193" VPOS="2054" WIDTH="26" HEIGHT="30" WC="0.90" CONTENT="A"/><SP WIDTH="19" VPOS="2054" HPOS="1219"/>
							<String ID="string_323" HPOS="1238" VPOS="2055" WIDTH="15" HEIGHT="29" WC="0.93" CONTENT="7"/><SP WIDTH="21" VPOS="2055" HPOS="1253"/>
							<String ID="string_324" HPOS="1274" VPOS="2055" WIDTH="246" HEIGHT="31" WC="0.91" CONTENT="vakanssättes."/><SP WIDTH="20" VPOS="2055" HPOS="1520"/>
							<String ID="string_325" HPOS="1540" VPOS="2056" WIDTH="80" HEIGHT="30" WC="0.91" CONTENT="Pos-"/>
						</TextLine>
						<TextLine ID="line_34" HPOS="119" VPOS="2097" WIDTH="1502" HEIGHT="47">
							<String ID="string_326" HPOS="119" VPOS="2104" WIDTH="56" HEIGHT="26" WC="0.92" CONTENT="ten"/><SP WIDTH="19" VPOS="2104" HPOS="175"/>
							<String ID="string_327" HPOS="194" VPOS="2102" WIDTH="165" HEIGHT="34" WC="0.92" CONTENT="uppföres"/><SP WIDTH="19" VPOS="2102" HPOS="359"/>
							<String ID="string_328" HPOS="378" VPOS="2101" WIDTH="216" HEIGHT="36" WC="0.96" CONTENT="följaktligen"/><SP WIDTH="19" VPOS="2101" HPOS="594"/>
							<String ID="string_329" HPOS="613" VPOS="2104" WIDTH="91" HEIGHT="28" WC="0.96" CONTENT="ökad"/><SP WIDTH="20" VPOS="2104" HPOS="704"/>
							<String ID="string_330" HPOS="724" VPOS="2104" WIDTH="77" HEIGHT="29" WC="0.96" CONTENT="med"/><SP WIDTH="24" VPOS="2104" HPOS="801"/>
							<String ID="string_331" HPOS="825" VPOS="2102" WIDTH="53" HEIGHT="39" WC="0.95" CONTENT="(23"/><SP WIDTH="15" VPOS="2102" HPOS="878"/>
							<String ID="string_332" HPOS="893" VPOS="2104" WIDTH="64" HEIGHT="29" WC="0.95" CONTENT="500"/><SP WIDTH="18" VPOS="2104" HPOS="957"/>
							<String ID="string_333" HPOS="975" VPOS="2097" WIDTH="36" HEIGHT="36" WC="0.94" CONTENT="+"/><SP WIDTH="21" VPOS="2097" HPOS="1011"/>
							<String ID="string_334" HPOS="1032" VPOS="2104" WIDTH="19" HEIGHT="29" WC="0.93" CONTENT="3"/><SP WIDTH="15" VPOS="2104" HPOS="1051"/>
							<String ID="string_335" HPOS="1066" VPOS="2105" WIDTH="63" HEIGHT="28" WC="0.93" CONTENT="700"/><SP WIDTH="18" VPOS="2105" HPOS="1129"/>
							<String ID="string_336" HPOS="1147" VPOS="2121" WIDTH="45" HEIGHT="4" WC="0.92" CONTENT="—"/><SP WIDTH="17" VPOS="2121" HPOS="1192"/>
							<String ID="string_337" HPOS="1209" VPOS="2105" WIDTH="19" HEIGHT="29" WC="0.95" CONTENT="4"/><SP WIDTH="15" VPOS="2105" HPOS="1228"/>
							<String ID="string_338" HPOS="1243" VPOS="2105" WIDTH="64" HEIGHT="29" WC="0.95" CONTENT="200"/><SP WIDTH="16" VPOS="2105" HPOS="1307"/>
							<String ID="string_339" HPOS="1323" VPOS="2105" WIDTH="56" HEIGHT="39" WC="0.87" CONTENT="=)"/><SP WIDTH="26" VPOS="2105" HPOS="1379"/>
							<String ID="string_340" HPOS="1405" VPOS="2106" WIDTH="40" HEIGHT="29" WC="0.96" CONTENT="23"/><SP WIDTH="15" VPOS="2106" HPOS="1445"/>
							<String ID="string_341" HPOS="1460" VPOS="2107" WIDTH="64" HEIGHT="29" WC="0.93" CONTENT="000"/><SP WIDTH="19" VPOS="2107" HPOS="1524"/>
							<String ID="string_342" HPOS="1543" VPOS="2109" WIDTH="78" HEIGHT="28" WC="0.91" CONTENT="kro-"/>
						</TextLine>
						<TextLine ID="line_35" HPOS="117" VPOS="2149" WIDTH="1503" HEIGHT="46">
							<String ID="string_343" HPOS="117" VPOS="2161" WIDTH="73" HEIGHT="20" WC="0.96" CONTENT="nor."/><SP WIDTH="21" VPOS="2161" HPOS="190"/>
							<String ID="string_344" HPOS="211" VPOS="2151" WIDTH="116" HEIGHT="31" WC="0.93" CONTENT="Under"/><SP WIDTH="17" VPOS="2151" HPOS="327"/>
							<String ID="string_345" HPOS="344" VPOS="2152" WIDTH="266" HEIGHT="36" WC="0.92" CONTENT="arvodesposten"/><SP WIDTH="19" VPOS="2152" HPOS="610"/>
							<String ID="string_346" HPOS="629" VPOS="2154" WIDTH="170" HEIGHT="30" WC="0.96" CONTENT="beräknas"/><SP WIDTH="19" VPOS="2154" HPOS="799"/>
							<String ID="string_347" HPOS="818" VPOS="2164" WIDTH="42" HEIGHT="20" WC="0.96" CONTENT="en"/><SP WIDTH="20" VPOS="2164" HPOS="860"/>
							<String ID="string_348" HPOS="880" VPOS="2154" WIDTH="200" HEIGHT="36" WC="0.93" CONTENT="minskning"/><SP WIDTH="18" VPOS="2154" HPOS="1080"/>
							<String ID="string_349" HPOS="1098" VPOS="2155" WIDTH="19" HEIGHT="30" WC="0.87" CONTENT="å"/><SP WIDTH="26" VPOS="2155" HPOS="1117"/>
							<String ID="string_350" HPOS="1143" VPOS="2154" WIDTH="29" HEIGHT="38" WC="0.95" CONTENT="(7"/><SP WIDTH="17" VPOS="2154" HPOS="1172"/>
							<String ID="string_351" HPOS="1189" VPOS="2156" WIDTH="62" HEIGHT="29" WC="0.95" CONTENT="200"/><SP WIDTH="20" VPOS="2156" HPOS="1251"/>
							<String ID="string_352" HPOS="1271" VPOS="2149" WIDTH="36" HEIGHT="36" WC="0.92" CONTENT="+"/><SP WIDTH="22" VPOS="2149" HPOS="1307"/>
							<String ID="string_353" HPOS="1329" VPOS="2157" WIDTH="12" HEIGHT="28" WC="0.94" CONTENT="1"/><SP WIDTH="19" VPOS="2157" HPOS="1341"/>
							<String ID="string_354" HPOS="1360" VPOS="2157" WIDTH="62" HEIGHT="29" WC="0.94" CONTENT="800"/><SP WIDTH="19" VPOS="2157" HPOS="1422"/>
							<String ID="string_355" HPOS="1441" VPOS="2156" WIDTH="56" HEIGHT="39" WC="0.90" CONTENT="=)"/><SP WIDTH="26" VPOS="2156" HPOS="1497"/>
							<String ID="string_356" HPOS="1523" VPOS="2158" WIDTH="19" HEIGHT="29" WC="0.95" CONTENT="9"/><SP WIDTH="14" VPOS="2158" HPOS="1542"/>
							<String ID="string_357" HPOS="1556" VPOS="2157" WIDTH="64" HEIGHT="29" WC="0.95" CONTENT="000"/>
						</TextLine>
						<TextLine ID="line_36" HPOS="117" VPOS="2203" WIDTH="1503" HEIGHT="37">
							<String ID="string_358" HPOS="117" VPOS="2203" WIDTH="128" HEIGHT="28" WC="0.96" CONTENT="kronor"/><SP WIDTH="21" VPOS="2203" HPOS="245"/>
							<String ID="string_359" HPOS="266" VPOS="2203" WIDTH="78" HEIGHT="29" WC="0.96" CONTENT="med"/><SP WIDTH="22" VPOS="2203" HPOS="344"/>
							<String ID="string_360" HPOS="366" VPOS="2203" WIDTH="134" HEIGHT="35" WC="0.96" CONTENT="hänsyn"/><SP WIDTH="22" VPOS="2203" HPOS="500"/>
							<String ID="string_361" HPOS="522" VPOS="2203" WIDTH="49" HEIGHT="30" WC="0.96" CONTENT="till"/><SP WIDTH="24" VPOS="2203" HPOS="571"/>
							<String ID="string_362" HPOS="595" VPOS="2207" WIDTH="47" HEIGHT="27" WC="0.93" CONTENT="att"/><SP WIDTH="23" VPOS="2207" HPOS="642"/>
							<String ID="string_363" HPOS="665" VPOS="2205" WIDTH="450" HEIGHT="35" WC="0.91" CONTENT="sysslomansbefattningen"/><SP WIDTH="24" VPOS="2205" HPOS="1115"/>
							<String ID="string_364" HPOS="1139" VPOS="2205" WIDTH="143" HEIGHT="31" WC="0.96" CONTENT="föreslås"/><SP WIDTH="23" VPOS="2205" HPOS="1282"/>
							<String ID="string_365" HPOS="1305" VPOS="2207" WIDTH="175" HEIGHT="30" WC="0.96" CONTENT="ombildad"/><SP WIDTH="24" VPOS="2207" HPOS="1480"/>
							<String ID="string_366" HPOS="1504" VPOS="2207" WIDTH="51" HEIGHT="31" WC="0.96" CONTENT="till"/><SP WIDTH="23" VPOS="2207" HPOS="1555"/>
							<String ID="string_367" HPOS="1578" VPOS="2218" WIDTH="42" HEIGHT="20" WC="0.96" CONTENT="en"/>
						</TextLine>
						<TextLine ID="line_37" HPOS="116" VPOS="2252" WIDTH="1503" HEIGHT="37">
							<String ID="string_368" HPOS="116" VPOS="2255" WIDTH="96" HEIGHT="27" WC="0.96" CONTENT="extra"/><SP WIDTH="25" VPOS="2255" HPOS="212"/>
							<String ID="string_369" HPOS="237" VPOS="2252" WIDTH="172" HEIGHT="31" WC="0.93" CONTENT="ordinarie"/><SP WIDTH="27" VPOS="2252" HPOS="409"/>
							<String ID="string_370" HPOS="436" VPOS="2253" WIDTH="284" HEIGHT="36" WC="0.91" CONTENT="intendenttjänst"/><SP WIDTH="27" VPOS="2253" HPOS="720"/>
							<String ID="string_371" HPOS="747" VPOS="2258" WIDTH="87" HEIGHT="27" WC="0.96" CONTENT="samt"/><SP WIDTH="28" VPOS="2258" HPOS="834"/>
							<String ID="string_372" HPOS="862" VPOS="2255" WIDTH="49" HEIGHT="29" WC="0.95" CONTENT="till"/><SP WIDTH="25" VPOS="2255" HPOS="911"/>
							<String ID="string_373" HPOS="936" VPOS="2259" WIDTH="48" HEIGHT="26" WC="0.93" CONTENT="att"/><SP WIDTH="26" VPOS="2259" HPOS="984"/>
							<String ID="string_374" HPOS="1010" VPOS="2257" WIDTH="334" HEIGHT="30" WC="0.91" CONTENT="sekreterararvodet"/><SP WIDTH="25" VPOS="2257" HPOS="1344"/>
							<String ID="string_375" HPOS="1369" VPOS="2259" WIDTH="126" HEIGHT="28" WC="0.96" CONTENT="avsetts"/><SP WIDTH="27" VPOS="2259" HPOS="1495"/>
							<String ID="string_376" HPOS="1522" VPOS="2259" WIDTH="97" HEIGHT="30" WC="0.96" CONTENT="skola"/>
						</TextLine>
						<TextLine ID="line_38" HPOS="118" VPOS="2302" WIDTH="1501" HEIGHT="38">
							<String ID="string_377" HPOS="118" VPOS="2302" WIDTH="169" HEIGHT="35" WC="0.91" CONTENT="indragas."/><SP WIDTH="30" VPOS="2302" HPOS="287"/>
							<String ID="string_378" HPOS="317" VPOS="2302" WIDTH="196" HEIGHT="30" WC="0.96" CONTENT="Emellertid"/><SP WIDTH="27" VPOS="2302" HPOS="513"/>
							<String ID="string_379" HPOS="540" VPOS="2304" WIDTH="64" HEIGHT="29" WC="0.96" CONTENT="har"/><SP WIDTH="25" VPOS="2304" HPOS="604"/>
							<String ID="string_380" HPOS="629" VPOS="2303" WIDTH="263" HEIGHT="35" WC="0.96" CONTENT="ifrågavarande"/><SP WIDTH="25" VPOS="2303" HPOS="892"/>
							<String ID="string_381" HPOS="917" VPOS="2308" WIDTH="77" HEIGHT="32" WC="0.96" CONTENT="post"/><SP WIDTH="25" VPOS="2308" HPOS="994"/>
							<String ID="string_382" HPOS="1019" VPOS="2304" WIDTH="93" HEIGHT="36" WC="0.96" CONTENT="höjts"/><SP WIDTH="26" VPOS="2304" HPOS="1112"/>
							<String ID="string_383" HPOS="1138" VPOS="2307" WIDTH="77" HEIGHT="29" WC="0.96" CONTENT="med"/><SP WIDTH="27" VPOS="2307" HPOS="1215"/>
							<String ID="string_384" HPOS="1242" VPOS="2307" WIDTH="63" HEIGHT="28" WC="0.96" CONTENT="600"/><SP WIDTH="25" VPOS="2307" HPOS="1305"/>
							<String ID="string_385" HPOS="1330" VPOS="2308" WIDTH="129" HEIGHT="29" WC="0.96" CONTENT="kronor"/><SP WIDTH="24" VPOS="2308" HPOS="1459"/>
							<String ID="string_386" HPOS="1483" VPOS="2308" WIDTH="55" HEIGHT="30" WC="0.93" CONTENT="för"/><SP WIDTH="24" VPOS="2308" HPOS="1538"/>
							<String ID="string_387" HPOS="1562" VPOS="2318" WIDTH="57" HEIGHT="20" WC="0.92" CONTENT="av-"/>
						</TextLine>
						<TextLine ID="line_39" HPOS="117" VPOS="2354" WIDTH="1502" HEIGHT="39">
							<String ID="string_388" HPOS="117" VPOS="2354" WIDTH="148" HEIGHT="28" WC="0.96" CONTENT="lönande"/><SP WIDTH="25" VPOS="2354" HPOS="265"/>
							<String ID="string_389" HPOS="290" VPOS="2363" WIDTH="42" HEIGHT="20" WC="0.96" CONTENT="av"/><SP WIDTH="25" VPOS="2363" HPOS="332"/>
							<String ID="string_390" HPOS="357" VPOS="2363" WIDTH="41" HEIGHT="20" WC="0.95" CONTENT="en"/><SP WIDTH="25" VPOS="2363" HPOS="398"/>
							<String ID="string_391" HPOS="423" VPOS="2354" WIDTH="240" HEIGHT="34" WC="0.96" CONTENT="speciallärare"/><SP WIDTH="24" VPOS="2354" HPOS="663"/>
							<String ID="string_392" HPOS="687" VPOS="2354" WIDTH="8" HEIGHT="29" WC="0.96" CONTENT="i"/><SP WIDTH="27" VPOS="2354" HPOS="695"/>
							<String ID="string_393" HPOS="722" VPOS="2355" WIDTH="127" HEIGHT="29" WC="0.95" CONTENT="allmän"/><SP WIDTH="26" VPOS="2355" HPOS="849"/>
							<String ID="string_394" HPOS="875" VPOS="2355" WIDTH="170" HEIGHT="30" WC="0.93" CONTENT="veterinär"/><SP WIDTH="26" VPOS="2355" HPOS="1045"/>
							<String ID="string_395" HPOS="1071" VPOS="2356" WIDTH="394" HEIGHT="37" WC="0.90" CONTENT="författningskunskap."/><SP WIDTH="29" VPOS="2356" HPOS="1465"/>
							<String ID="string_396" HPOS="1494" VPOS="2357" WIDTH="125" HEIGHT="31" WC="0.96" CONTENT="Posten"/>
						</TextLine>
						<TextLine ID="line_40" HPOS="117" VPOS="2402" WIDTH="1503" HEIGHT="41">
							<String ID="string_397" HPOS="117" VPOS="2405" WIDTH="167" HEIGHT="33" WC="0.91" CONTENT="upptages"/><SP WIDTH="27" VPOS="2405" HPOS="284"/>
							<String ID="string_398" HPOS="311" VPOS="2402" WIDTH="99" HEIGHT="31" WC="0.95" CONTENT="alltså"/><SP WIDTH="27" VPOS="2402" HPOS="410"/>
							<String ID="string_399" HPOS="437" VPOS="2403" WIDTH="160" HEIGHT="30" WC="0.96" CONTENT="minskad"/><SP WIDTH="28" VPOS="2403" HPOS="597"/>
							<String ID="string_400" HPOS="625" VPOS="2404" WIDTH="78" HEIGHT="30" WC="0.94" CONTENT="med"/><SP WIDTH="34" VPOS="2404" HPOS="703"/>
							<String ID="string_401" HPOS="737" VPOS="2403" WIDTH="109" HEIGHT="39" WC="0.92" CONTENT="(9000"/><SP WIDTH="23" VPOS="2403" HPOS="846"/>
							<String ID="string_402" HPOS="869" VPOS="2422" WIDTH="44" HEIGHT="3" WC="0.90" CONTENT="—"/><SP WIDTH="26" VPOS="2422" HPOS="913"/>
							<String ID="string_403" HPOS="939" VPOS="2405" WIDTH="64" HEIGHT="29" WC="0.96" CONTENT="600"/><SP WIDTH="26" VPOS="2405" HPOS="1003"/>
							<String ID="string_404" HPOS="1029" VPOS="2404" WIDTH="56" HEIGHT="39" WC="0.91" CONTENT="=)"/><SP WIDTH="35" VPOS="2404" HPOS="1085"/>
							<String ID="string_405" HPOS="1120" VPOS="2406" WIDTH="98" HEIGHT="29" WC="0.96" CONTENT="8400"/><SP WIDTH="25" VPOS="2406" HPOS="1218"/>
							<String ID="string_406" HPOS="1243" VPOS="2407" WIDTH="137" HEIGHT="30" WC="0.96" CONTENT="kronor."/><SP WIDTH="31" VPOS="2407" HPOS="1380"/>
							<String ID="string_407" HPOS="1411" VPOS="2407" WIDTH="73" HEIGHT="30" WC="0.96" CONTENT="Vad"/><SP WIDTH="27" VPOS="2407" HPOS="1484"/>
							<String ID="string_408" HPOS="1511" VPOS="2406" WIDTH="109" HEIGHT="37" WC="0.96" CONTENT="angår"/>
						</TextLine>
						<TextLine ID="line_41" HPOS="117" VPOS="2454" WIDTH="1500" HEIGHT="40">
							<String ID="string_409" HPOS="117" VPOS="2457" WIDTH="118" HEIGHT="31" WC="0.93" CONTENT="posten"/><SP WIDTH="26" VPOS="2457" HPOS="235"/>
							<String ID="string_410" HPOS="261" VPOS="2454" WIDTH="202" HEIGHT="35" WC="0.91" CONTENT="avlöningar"/><SP WIDTH="25" VPOS="2454" HPOS="463"/>
							<String ID="string_411" HPOS="488" VPOS="2455" WIDTH="46" HEIGHT="28" WC="0.95" CONTENT="till"/><SP WIDTH="26" VPOS="2455" HPOS="534"/>
							<String ID="string_412" HPOS="560" VPOS="2455" WIDTH="95" HEIGHT="34" WC="0.93" CONTENT="övrig"/><SP WIDTH="25" VPOS="2455" HPOS="655"/>
							<String ID="string_413" HPOS="680" VPOS="2455" WIDTH="262" HEIGHT="31" WC="0.92" CONTENT="icke-ordinarie"/><SP WIDTH="24" VPOS="2455" HPOS="942"/>
							<String ID="string_414" HPOS="966" VPOS="2458" WIDTH="160" HEIGHT="33" WC="0.96" CONTENT="personal"/><SP WIDTH="25" VPOS="2458" HPOS="1126"/>
							<String ID="string_415" HPOS="1151" VPOS="2457" WIDTH="64" HEIGHT="30" WC="0.96" CONTENT="har"/><SP WIDTH="24" VPOS="2457" HPOS="1215"/>
							<String ID="string_416" HPOS="1239" VPOS="2458" WIDTH="202" HEIGHT="31" WC="0.91" CONTENT="densamma"/><SP WIDTH="24" VPOS="2458" HPOS="1441"/>
							<String ID="string_417" HPOS="1465" VPOS="2459" WIDTH="152" HEIGHT="35" WC="0.91" CONTENT="uppräk-"/>
						</TextLine>
					</TextBlock>
				</ComposedBlock>
				<GraphicalElement ID="cblock_4" HPOS="1323" VPOS="2117" WIDTH="46" HEIGHT="2"></GraphicalElement >
			</PrintSpace>
		</Page>
	</Layout>
</alto>
