1878 2818
513 137 380 31 Jordbruksutskottets
919 135 175 32 utlåtande
1120 145 40 21 nr
1189 136 27 30 1.
1566 133 59 29 159

159 220 112 40 255:0)
293 220 244 37 Ersättningar
555 220 57 30 för
633 220 93 30 vissa
744 219 242 37 besiktningar
1003 221 68 29 och
1089 221 354 37 syneförrättningar,
1463 222 161 37 förslags-

115 273 129 35 anslag.
275 272 78 30 Med
381 270 240 37 tillstyrkande
650 280 40 21 av
719 269 98 31 bifall
846 270 50 31 till
930 270 122 36 Kungl.
1083 270 118 36 Maj:ts
1231 271 255 37 framställning
1516 272 109 30 under

114 323 114 35 punkt
257 323 62 29 255
347 339 45 4 —
420 321 235 31 innebärande
683 319 321 38 anslagsanvisning
1033 320 56 31 för
1118 320 198 32 ändamålet
1346 321 49 31 till
1423 322 202 30 oförändrat

115 373 126 37 belopp
271 390 44 4 —
346 372 198 31 hemställer
579 373 175 34 utskottet,

468 452 49 26 att
544 448 185 36 riksdagen
758 447 58 31 må
844 447 49 30 till
922 448 239 35 Ersättningar
1193 448 54 38 för
1275 449 89 31 vissa
1393 448 233 37 besiktningar

425 500 64 29 och
512 499 334 37 syneförrättningar
869 498 55 31 för
947 498 201 36 budgetåret
1175 496 139 33 1946/47
1343 498 117 32 anvisa
1486 503 46 27 ett
1557 499 68 37 för-

425 550 210 37 slagsanslag
658 559 42 20 av
725 550 19 29 6
758 550 63 30 000
846 549 139 30 kronor.

159 693 113 39 256:0)
306 693 231 30 Kommittéer
564 693 68 30 och
660 692 230 36 utredningar
918 699 127 29 genom
1075 693 235 37 sakkunniga,
1338 695 287 29 reservationsan-

115 745 82 36 slag.
222 744 115 31 Under
356 744 113 37 punkt
491 744 62 30 256
577 744 65 30 har
665 743 123 36 Kungl.
811 742 100 36 Maj:t
934 742 176 37 föreslagit
1131 743 183 37 riksdagen
1333 747 49 30 att
1404 744 110 30 under
1538 745 87 30 före-

115 795 152 30 varande
289 793 210 38 anslagstitel
524 794 55 30 för
603 793 201 36 budgetåret
833 789 136 42 1946/47
994 793 119 31 anvisa
1138 798 47 27 ett
1208 793 349 39 reservationsanslag
1585 804 41 21 av

115 847 63 29 475
193 846 64 30 000
280 846 136 37 kronor,
442 844 103 31 vilket
567 845 125 36 belopp
717 845 9 30 i
749 843 219 32 förhållande
993 844 49 31 till
1068 844 226 37 anvisningen
1315 845 55 31 för
1393 844 233 32 innevarande

115 896 168 37 budgetår
305 895 144 31 innebär
471 905 40 20 en
537 895 131 38 ökning
692 896 79 29 med
794 895 62 30 275
869 895 64 32 000
958 896 136 30 kronor.

160 945 388 38 Departementschefen
571 947 65 29 har
658 946 12 30 i
695 946 140 31 ärendet
861 945 116 31 anfört
999 946 106 31 bland
1130 950 105 26 annat
1258 946 168 37 följande:

164 1009 12 15 »
183 998 74 30 Vad
284 997 169 30 beträffar
483 997 279 30 medelsbehovet
787 996 54 31 för
866 997 101 29 nästa
995 996 168 37 budgetår
1191 996 56 32 får
1271 998 56 36 jag
1354 997 195 36 framhålla,
1579 1001 47 26 att

118 1048 106 37 enligt
253 1049 67 30 vad
347 1048 59 37 jag
435 1047 172 31 inhämtat
640 1047 84 30 1942
753 1046 55 32 års
838 1046 373 37 jordbrukskommitté
1238 1048 159 30 kommer
1425 1052 50 27 att
1503 1048 122 36 avgiva

117 1099 357 37 principbetänkande
501 1098 110 30 under
637 1097 105 31 våren
771 1098 93 30 1946.
894 1097 162 31 Härefter
1081 1098 97 30 torde
1206 1098 55 30 det
1290 1098 93 32 bliva
1408 1098 218 37 erforderligt

118 1154 49 27 att
190 1149 192 37 igångsätta
405 1153 45 27 ett
475 1149 114 31 flertal
614 1148 334 39 detaljutredningar
973 1149 148 30 rörande
1144 1149 93 30 olika
1260 1149 364 37 rationaliseringsfrå-

118 1209 61 28 gor
200 1201 94 30 inom
314 1200 221 37 jordbrukets
556 1199 153 31 område.
730 1199 242 31 Kostnaderna
992 1199 56 31 för
1068 1200 100 30 dessa
1188 1200 224 37 utredningar
1432 1200 98 31 torde
1550 1200 76 31 icke

117 1250 187 37 lämpligen
320 1268 44 4 —
382 1249 114 31 såsom
516 1249 95 31 fallet
628 1249 90 30 varit
735 1249 80 30 med
833 1249 235 31 kostnaderna
1087 1249 55 31 för
1164 1251 81 29 1942
1266 1249 55 32 års
1340 1251 286 38 jordbrukskom-

118 1303 97 30 mitté
241 1321 44 4 —
310 1303 85 29 böra
422 1302 131 31 belasta
581 1302 156 35 anslaget
764 1301 50 30 till
842 1300 277 37 Prisreglerande
1145 1300 159 37 åtgärder
1333 1300 44 38 på
1404 1301 222 37 jordbrukets

118 1352 153 32 område.
294 1353 110 30 Bland
427 1356 106 27 annat
554 1352 80 30 med
657 1352 137 36 hänsyn
815 1351 118 31 härtill
954 1361 100 27 synes
1077 1352 57 30 det
1155 1361 83 21 vara
1261 1352 216 37 erforderligt
1501 1356 49 27 att
1571 1353 54 30 för

115 1405 101 29 nästa
240 1402 168 37 budgetår
431 1403 81 36 höja
536 1402 336 35 kommittéanslaget
894 1402 50 30 till
971 1403 62 29 475
1048 1402 64 30 000
1137 1403 156 29 kronor.»

162 1505 12 29 I
203 1503 148 36 enlighet
379 1504 78 29 med
484 1502 122 36 Kungl.
636 1501 119 37 Maj:ts
784 1501 254 38 framställning
1064 1502 199 32 hemställer
1289 1504 174 36 utskottet,

471 1590 48 26 att
545 1586 184 36 riksdagen
755 1585 57 31 må
838 1585 50 31 till
916 1586 225 30 Kommittéer
1168 1587 64 30 och
1259 1586 221 37 utredningar
1504 1597 124 27 genom

427 1637 218 34 sakkunniga
674 1636 55 31 för
759 1635 203 37 budgetåret
991 1633 140 34 1946/47
1164 1637 118 30 anvisa
1311 1641 46 26 ett
1387 1639 240 30 reservations-

427 1687 117 38 anslag
568 1696 42 22 av
631 1688 63 29 475
709 1687 64 31 000
797 1687 137 30 kronor.

161 1830 113 39 257:0)
305 1830 187 36 Planering
521 1839 42 21 av
590 1831 181 29 allmänna
800 1830 157 36 arbeten,
987 1830 357 37 reservationsanslag.
1374 1831 64 30 'Till
1466 1830 163 37 täckning

115 1890 44 21 av
183 1881 385 36 planeringskostnader
591 1881 111 29 under
725 1879 126 31 nionde
875 1880 218 30 huvudtiteln
1118 1881 46 29 ha
1190 1880 20 31 å
1234 1881 201 36 tilläggsstat
1461 1882 56 30 för
1542 1882 85 30 bud-

116 1931 138 36 getåren
274 1928 141 33 1943/44
434 1932 64 29 och
519 1928 142 33 1944/45
683 1930 150 30 anvisats
853 1931 230 35 sammanlagt
1101 1932 18 28 2
1135 1932 62 29 675
1212 1932 63 31 000
1294 1932 137 31 kronor.
1451 1932 67 30 För
1540 1941 87 20 sam-

117 1992 55 20 ma
194 1981 163 31 ändamål
376 1982 64 30 har
460 1981 19 30 å
500 1980 202 36 tilläggsstat
725 1981 13 30 I
761 1981 55 30 för
835 1979 232 31 innevarande
1089 1980 168 37 budgetår
1277 1981 159 36 uppförts
1457 1985 45 27 ett
1523 1991 104 21 reser-

118 2032 256 37 vationsanslag
396 2041 41 21 av
464 2032 94 30 1100
572 2032 64 29 000
664 2032 136 30 kronor.

163 2083 116 30 Under
303 2083 112 35 punkt
439 2083 60 29 257
527 2083 65 29 har
616 2082 124 35 Kungl.
767 2081 99 36 Maj:t
893 2081 175 36 föreslagit
1092 2081 183 37 riksdagen
1299 2086 48 26 att
1371 2082 49 31 tili
1446 2082 182 37 Planering

116 2142 43 21 av
185 2134 175 29 allmänna
384 2133 140 30 arbeten
550 2132 54 31 för
630 2131 201 37 budgetåret
862 2128 135 42 1946/47
1024 2131 119 32 anvisa
1168 2136 46 29 ett
1240 2132 322 38 reservatiosanslag
1587 2143 41 19 av

117 2185 18 28 2
150 2183 65 30 000
226 2184 63 29 000
317 2184 137 29 kronor.

163 2233 386 35 Departementschefen
572 2233 64 29 har
663 2234 9 29 i
697 2232 140 31 ärendet
859 2232 116 30 anfört
998 2232 169 36 följande:

166 2295 11 13 »
185 2283 44 30 Så
250 2287 72 31 gott
344 2292 74 21 som
441 2282 157 37 samtliga
619 2283 65 29 här
704 2282 226 30 förevarande
954 2282 340 36 planeringsarbeten
1318 2283 82 29 falla
1424 2283 94 30 inom
1543 2284 84 29 lant-

118 2333 303 36 bruksstyrelsens,
453 2333 372 35 egnahemsstyrelsens
860 2333 65 29 och
956 2333 287 35 skogsstyrelsens
1278 2333 348 30 verksamhetsområ-

118 2384 76 29 den.
220 2383 364 35 Lantbruksstyrelsen
604 2383 64 29 har
688 2383 176 34 beräknat,
886 2386 48 25 att
954 2383 54 29 för
1029 2383 76 29 dess
1126 2381 418 37 planeringsverksamhet
1567 2393 60 20 un-

119 2434 60 29 der
208 2435 99 28 nästa
340 2432 167 36 budgetår
538 2433 111 30 skulle
683 2433 173 30 erfordras
893 2433 10 28 1
924 2433 63 29 200
1001 2433 63 29 000
1096 2433 137 29 kronor.
1265 2433 361 36 Egnahemsstyrelsen

1669 1508 126 24 Utskottet.
