1878 2814
72 1652 128 24 Utskottet.

67 2307 127 25 Utskottet.

245 127 59 30 130
658 134 378 33 Jordbruksutskottets
1060 136 175 32 utlåtande
1254 148 41 20 nr
1319 139 27 29 1.

293 214 109 40 189:0)
424 215 322 37 Skogshögskolan:
767 217 188 38 Bokinköp
974 220 67 29 och
1060 219 245 38 bokbindning
1324 221 57 30 för
1399 222 216 35 högskolans
1635 222 124 31 biblio-

247 266 70 36 tek,
346 268 358 36 reservationsanslag.
735 268 145 30 Jämlikt
910 269 123 36 Kungl.
1066 270 119 36 Maj:ts
1217 271 257 38 framställning
1505 273 110 30 under
1646 274 113 36 punkt

253 317 61 30 189
340 335 43 4 —
408 317 238 32 innebärande
669 319 11 29 i
706 318 221 32 förhållande
950 320 52 30 till
1039 321 227 37 anvisningen
1304 322 56 31 för
1396 322 238 32 innevarande
1671 324 86 30 bud-

247 365 96 37 getår
360 376 42 21 en
422 367 129 37 ökning
572 369 79 29 med
670 369 19 29 6
703 369 64 30 000
787 370 130 30 kronor
938 380 105 20 varav
1066 371 19 29 4
1099 371 64 30 000
1185 372 130 29 kronor
1332 381 97 21 avses
1451 373 52 29 till
1522 373 171 31 täckande
1713 383 43 21 av

248 417 43 30 de
316 418 239 36 väsentligaste
577 419 169 31 bristerna
769 420 11 30 i
806 420 217 31 bibliotekets
1047 422 217 31 bokbestånd
1287 440 45 4 —
1357 424 201 30 hemställer
1580 425 175 35 utskottet,

606 508 48 27 att
674 505 186 36 riksdagen
882 505 57 31 må
963 507 50 29 till
1037 506 318 37 Skogshögskolan:
1380 509 186 36 Bokinköp
1588 510 64 29 och
1677 509 82 30 bok-

561 554 166 39 bindning
748 557 57 36 för
823 557 210 36 högskolans
1056 557 164 31 bibliotek
1240 559 54 29 för
1312 558 202 37 budgetåret
1536 556 140 34 1946/47
1698 569 58 21 an-

559 606 73 30 visa
654 609 46 27 ett
720 608 351 36 reservationsanslag
1092 618 43 20 av
1160 610 35 28 11
1212 609 64 30 000
1296 610 138 29 kronor.

293 729 108 40 190:0)
424 730 322 37 Skogshögskolan:
765 732 208 37 Stipendier.
999 733 7 30 I
1025 735 350 31 överensstämmelse
1395 736 82 30 med
1494 736 124 36 Kungl.
1639 736 119 36 Maj:ts

249 781 111 29 under
380 782 112 35 punkt
518 783 63 29 190
607 782 121 37 gjorda
753 783 257 38 framställning
1032 805 45 3 —
1099 786 236 30 innebärande
1358 787 323 36 anslagsanvisning
1704 788 55 28 för

248 831 200 31 ändamålet
476 832 52 31 till
557 833 203 31 oförändrat
789 835 125 36 belopp
943 853 44 3 —
1016 836 200 31 hemställer
1243 837 174 36 utskottet,

604 921 49 27 att
675 918 186 36 riksdagen
883 918 57 31 må
962 919 51 30 till
1036 920 317 36 Skogshögskolan:
1377 921 194 36 Stipendier
1595 921 55 31 för
1673 922 85 30 bud-

560 967 128 37 getåret
709 967 142 33 1946/47
873 970 119 30 anvisa
1012 974 47 26 ett
1079 971 119 36 anslag
1220 980 42 21 av
1284 972 19 29 9
1318 972 63 30 000
1403 972 140 30 kronor.

292 1090 110 41 191:0)
427 1092 323 37 Skogshögskolan:
771 1094 191 38 Inredning
986 1096 67 29 och
1075 1096 212 38 utrustning,
1312 1098 358 36 reservationsanslag.
1693 1098 66 30 För

248 1142 233 31 innevarande
504 1144 168 36 budgetår
695 1146 39 29 är
754 1146 112 30 under
889 1146 113 31 denna
1026 1147 212 35 anslagstitel
1262 1151 164 32 upptaget
1448 1150 46 28 ett
1515 1148 242 30 reservations-

249 1195 120 34 anslag
393 1203 42 21 av
460 1195 38 30 21
517 1196 62 29 100
605 1196 138 30 kronor.

294 1244 116 31 Under
431 1246 113 35 punkt
568 1247 58 29 191
650 1247 64 29 har
736 1247 124 35 Kungl.
882 1246 102 37 Maj:t
1005 1247 177 37 föreslagit
1202 1248 184 36 riksdagen
1407 1253 49 26 att
1478 1250 56 29 för
1557 1248 201 38 budgetåret

251 1292 142 33 1946/47
421 1297 111 29 under
558 1297 235 36 anslagstiteln
822 1298 120 30 anvisa
970 1301 47 28 ett
1045 1298 350 37 reservationsanslag
1423 1309 42 21 av
1493 1300 97 30 8000
1618 1301 138 29 kronor.

250 1345 117 31 Härav
390 1355 96 21 avses
511 1347 20 29 6
544 1348 64 29 000
632 1347 129 30 kronor
785 1348 56 30 för
865 1348 268 36 komplettering
1159 1350 64 29 och
1247 1350 203 36 renovering
1474 1360 42 20 av
1540 1351 143 35 möbler,
1707 1354 50 26 ut-

248 1397 158 36 rustning
428 1407 44 20 m.
495 1407 45 20 m.
564 1398 9 29 i
597 1398 314 36 skogshögskolans
934 1399 133 30 lokaler
1088 1400 57 30 vid
1168 1399 358 36 Experimentalfältet
1549 1406 90 25 samt
1663 1402 17 28 2
1695 1402 63 29 000

248 1448 131 30 kronor
401 1447 55 30 för
476 1448 234 30 anskaffande
734 1458 43 21 av
800 1458 42 21 en
864 1449 87 36 visp-
975 1450 66 29 och
1063 1449 351 37 blandningsmaskin
1443 1447 184 40 (inklusive
1652 1452 105 29 erfor-

249 1498 129 36 derliga
402 1498 185 31 elektriska
610 1499 180 36 ledningar
813 1509 30 20 o.
868 1496 42 40 d.)
941 1500 56 30 för
1021 1500 180 30 elevköket
1224 1500 58 30 vid
1304 1501 211 36 högskolans
1540 1501 218 37 förläggning

248 1548 11 29 1
291 1548 227 37 Garpenberg.

294 1649 256 37 Tillstyrkande
573 1649 99 31 bifall
695 1650 51 29 till
768 1650 302 36 framställningen
1094 1651 199 30 hemställer
1317 1652 174 36 utskottet,

604 1737 49 28 att
678 1734 184 36 riksdagen
888 1734 57 30 må
973 1734 51 30 till
1049 1734 318 37 Skogshögskolan:
1395 1736 187 37 Inredning
1611 1737 65 30 och
1707 1741 48 26 ut-

558 1785 156 36 rustning
734 1785 57 30 för
810 1784 201 37 budgetåret
1035 1782 141 33 1946/47
1198 1786 119 30 anvisa
1338 1790 46 26 ett
1405 1786 351 38 reservationsanslag

558 1845 43 20 av
627 1835 95 30 8000
748 1836 140 29 kronor.

290 1951 108 39 192:0)
432 1952 322 36 Skogshögskolan:
783 1951 334 37 Byggnadsarbeten
1145 1962 46 22 m.
1216 1963 58 27 m.,
1300 1955 358 37 reservationsanslag.
1687 1956 67 30 Un-

246 2003 62 30 der
326 2004 112 35 punkt
459 2004 61 29 192
541 2004 66 29 har
627 2003 121 36 Kungl.
770 2003 103 36 Maj:t
892 2003 176 37 föreslagit
1088 2004 183 36 riksdagen
1292 2007 48 28 att
1362 2005 51 30 till
1436 2006 316 36 Skogshögskolan:

245 2053 328 37 Byggnadsarbeten
595 2064 45 20 m.
662 2064 45 20 m.
729 2054 56 29 för
806 2053 201 37 budgetåret
1032 2052 141 33 1946/47
1196 2055 120 30 anvisa
1337 2059 46 26 ett
1404 2056 351 36 reservationsanslag

246 2114 43 21 av
313 2105 40 30 25
369 2105 61 30 000
451 2105 141 29 kronor.
617 2104 160 36 Anslaget
799 2114 97 21 avses
921 2105 54 30 för
998 2105 187 30 utförande
1207 2115 42 20 av
1272 2105 41 30 de
1334 2109 87 26 mest
1444 2107 192 35 trängande
1656 2117 97 26 repa-

245 2155 197 30 rationerna
464 2154 21 31 å
506 2154 132 31 sådana
660 2155 95 30 äldre
777 2155 199 36 byggnader
997 2155 58 31 vid
1077 2155 262 36 förläggningen
1361 2156 11 30 i
1395 2156 172 31 Malinsbo
1590 2167 74 21 som
1687 2158 65 30 dis-

245 2215 147 26 poneras
419 2216 41 20 av
485 2206 308 36 skogshögskolan.

288 2298 313 36 Framställningen
621 2297 150 30 biträdes
791 2307 43 20 av
855 2298 163 30 utskottet
1040 2307 74 22 som
1135 2298 208 35 hemställer,

600 2378 49 27 att
676 2374 186 35 riksdagen
889 2373 57 31 må
977 2375 50 29 till
1068 2374 317 37 Skogshögskolan:
1426 2375 326 38 Byggnadsarbeten

555 2435 45 20 m.
627 2435 44 20 m.
700 2425 56 30 för
783 2424 201 36 budgetåret
1014 2422 140 34 1946/47
1185 2426 117 30 anvisa
1330 2430 45 26 ett
1402 2427 349 36 reservationsanslag

554 2486 42 20 av
621 2476 38 29 25
674 2476 63 29 000
759 2476 139 29 kronor.
