2204 2670
338 204 118 32 Andra
485 203 215 34 Kammarens
729 199 182 42 Tillfälliga
944 197 135 34 Utskotts
1103 196 79 40 (N:o
1207 195 39 40 2)
1280 193 165 38 Utlåtande
1469 193 64 31 N:o
1559 192 27 31 5.
1741 190 21 31 3

167 298 168 46 delägare
370 295 144 36 inträda
550 293 13 36 i
598 293 179 35 anstalten
805 297 39 29 är
873 290 30 48 ej
936 289 140 36 mindre
1105 286 125 49 hvarje
1259 284 226 48 legitimerad
1514 282 245 45 barnmorska,

168 364 88 32 som,
287 351 45 35 då
368 349 178 36 anstalten
576 348 125 35 trädde
739 346 12 35 i
779 344 243 45 verksamhet,
1054 342 111 36 redan
1194 335 193 65 innehade,
1399 339 114 35 sådan
1543 332 223 55 anställning

167 406 66 35 hos
263 405 173 35 kommun
465 403 87 35 eller
580 405 20 32 å
628 400 282 43 barnbördshus,
943 410 74 23 som
1047 396 108 36 ofvan
1184 401 38 29 är
1249 394 145 43 nämnd,
1423 393 65 35 och
1508 392 81 35 icke
1611 393 153 45 uppnått

169 472 45 22 en
252 458 242 35 lefnadsålder
532 456 39 34 af
609 458 47 32 50
687 457 48 41 år,
767 455 98 42 eller,
896 453 111 34 sedan
1035 450 179 35 anstalten
1242 448 96 35 trädt
1365 447 13 34 i
1406 446 242 43 verksamhet,
1678 445 13 34 i
1719 457 44 22 en

170 513 108 43 ålder,
315 510 268 47 öfverstigande
614 512 48 32 45
693 511 49 41 år,
773 520 83 22 men
884 506 81 35 icke
993 503 215 49 uppgående
1236 501 56 37 till
1323 503 46 33 50
1400 503 49 41 år,
1481 499 152 35 erhåller
1661 498 103 48 dylik

170 565 232 47 anställning,
448 570 46 29 än
536 563 107 36 äfven
684 562 127 48 hvarje
853 559 228 48 legitimerad
1123 555 245 45 barnmorska,
1413 567 74 22 som
1521 553 40 35 af
1592 553 173 35 kommun

170 620 164 35 anställts
377 622 75 32 mot
492 617 164 35 bestämd
698 614 202 47 ersättning
928 614 56 35 för
1011 611 126 48 hvarje
1166 609 228 46 förrättning,
1426 610 38 33 så
1492 607 109 35 framt
1628 607 73 34 hen
1729 605 40 36 af

170 674 200 35 anstaltens
408 672 150 47 styrelse
592 670 145 48 pröfvas
766 669 39 35 af
831 669 119 34 denna
978 665 231 36 kommunala
1238 662 219 46 anställning
1485 661 109 37 hafva
1622 671 44 24 en
1696 662 69 33 års-

170 728 171 42 inkomst,
383 726 30 47 ej
452 725 283 46 understigande
766 725 75 33 200
871 723 145 42 kronor,
1048 720 66 35 och
1143 731 72 23 som
1246 717 81 35 icke
1355 718 155 45 uppnått
1539 727 44 23 en
1611 708 155 41 lefnads-

171 783 99 34 ålder
313 780 39 36 af
394 783 47 32 50
476 782 49 33 år.
583 780 87 34 Rätt
699 781 53 32 att
779 778 145 34 komma
952 775 12 35 i
994 773 211 49 åtnjutande
1234 771 40 35 af
1298 770 152 48 pension
1478 769 81 35 från
1588 767 181 37 anstalten

171 836 162 35 inträder
360 835 55 34 för
444 834 177 46 delägare,
654 845 73 22 som
757 830 164 48 fullgjort
950 827 220 37 föreskrifna
1202 824 278 47 inbetalningar,
1512 823 91 35 efter
1633 825 48 32 20
1712 824 56 33 års

172 888 244 50 yrkesmässig
445 888 233 35 verksamhet
706 888 114 33 såsom
850 882 247 44 barnmorska,
1129 880 105 36 däraf
1260 879 109 38 minst
1401 880 46 33 12
1479 880 38 32 år
1545 877 13 35 i
1578 877 111 35 sådan
1709 888 60 23 an-

172 943 174 47 ställning
388 943 65 34 hos
495 942 175 35 kommun
712 940 87 35 eller
841 941 20 32 å
903 936 282 42 barnbördshus,
1230 946 74 23 som
1347 932 139 35 medför
1527 931 159 35 tillträde
1714 930 56 35 till

171 996 365 49 pensionsanstalten,
579 996 66 34 och
684 995 110 34 sedan
830 993 74 35 hon
931 993 157 45 uppnått
1116 1002 45 22 en
1189 987 241 36 lefnadsålder
1459 985 39 35 af
1525 987 47 33 65
1603 987 39 32 år
1670 984 98 44 eller,

172 1053 12 34 i
222 1051 174 36 händelse
433 1050 73 35 hon
544 1061 127 35 genom
701 1047 136 47 obotlig
866 1046 168 48 sjukdom
1064 1044 86 35 eller
1179 1041 191 37 vanförhet
1397 1039 123 36 blifvit
1547 1039 224 35 urståndsatt

173 1109 52 32 att
268 1105 124 36 vidare
433 1103 126 36 utöfva
601 1100 355 48 barnmorskeyrket,
1005 1101 46 33 55
1090 1101 48 40 år,
1170 1096 12 35 i
1210 1095 143 36 hvilket
1381 1106 124 23 senare
1534 1093 64 35 fall
1625 1091 145 49 tjänste-

173 1160 102 35 tiden
317 1159 74 34 kan
433 1157 220 36 inskränkas
694 1156 58 35 till
795 1153 235 37 förenämnda
1076 1154 45 32 12
1161 1150 152 47 tjänstår
1340 1149 66 34 hos
1435 1148 173 34 kommun
1637 1146 86 35 eller
1751 1147 20 33 å

174 1213 282 36 barnbördshus.
514 1211 215 43 Pensionen,
759 1209 153 36 hvilken
940 1207 81 35 icke
1049 1206 55 35 får
1132 1204 181 47 uppbäras
1342 1202 74 35 förr
1436 1208 45 28 än
1510 1201 81 34 från
1606 1201 66 34 och
1692 1201 80 34 med

175 1268 178 34 månaden
389 1269 82 32 näst
507 1265 91 35 efter
626 1265 80 42 den,
737 1262 208 36 hvarunder
974 1261 70 35 den
1072 1256 394 50 pensionsberättigade
1496 1255 179 35 frånträdt
1703 1254 69 35 den

175 1320 217 47 befattning,
438 1322 46 44 på
525 1319 119 46 grund
684 1317 133 36 hvaraf
842 1317 73 34 hon
945 1317 120 34 senast
1097 1312 149 48 åtnjutit
1274 1310 235 47 delägarskap
1539 1309 13 34 i
1580 1304 189 55 anstalten,

175 1377 106 44 utgår
322 1374 13 34 i
378 1374 90 35 form
513 1373 38 34 af
591 1372 91 46 årlig
723 1371 159 43 lifränta,
929 1370 108 34 hvars
1073 1367 130 46 belopp
1237 1365 113 46 enligt
1378 1362 395 48 försäkringstekniska

177 1429 158 46 grunder
365 1433 37 29 är
430 1427 179 35 beroende
638 1428 46 44 på
714 1425 182 35 storleken
926 1423 40 34 af
990 1422 97 35 hvad
1116 1421 55 34 för
1199 1421 118 33 henne
1345 1417 123 36 blifvit
1496 1417 200 35 öfverfördt
1718 1416 56 35 till

179 1481 315 48 pensionsfonden.

285 1534 357 37 Pensionsanstalten
690 1533 66 35 har
804 1532 97 35 trädt
947 1530 14 35 1
1002 1528 231 37 verksamhet
1274 1526 13 35 i
1328 1526 66 35 och
1447 1525 81 35 med
1574 1525 99 35 detta
1718 1526 57 32 ärs

179 1590 137 47 början.
374 1588 228 36 Hädanefter
643 1588 87 34 böra
773 1586 137 35 således
953 1584 141 35 landets
1127 1582 13 35 i
1169 1582 131 34 allmän
1328 1580 112 47 tjänst
1468 1579 179 35 anställda
1674 1578 101 35 barn-

179 1643 164 36 morskor
384 1642 57 36 till
484 1644 51 33 ett
577 1640 265 47 öfvervägande
875 1638 117 36 flertal
1020 1637 126 35 kunna
1174 1647 86 22 vara
1287 1633 269 36 tillförsäkrade
1585 1634 52 33 ett
1665 1634 112 32 större

180 1698 87 35 eller
309 1697 141 35 mindre
492 1694 411 37 ålderdomsunderstöd.
962 1693 69 34 För
1075 1703 45 23 en
1157 1689 73 36 viss
1259 1701 117 34 grupp
1405 1687 97 35 inom
1531 1685 247 41 barnmorske-

180 1753 115 34 kåren
333 1756 39 30 är
410 1751 92 35 dock
531 1749 235 48 möjligheten
796 1747 130 47 stängd
955 1749 52 32 att
1034 1744 115 36 blifva
1178 1743 165 46 delägare
1371 1741 13 35 i
1415 1740 360 48 pensionsanstalten,

180 1804 184 47 nämligen
393 1804 55 35 för
468 1805 44 34 de
533 1804 115 34 äldsta
667 1803 96 35 inom
787 1802 108 46 sagde
916 1801 75 44 kår,
1015 1800 44 34 de
1078 1798 231 35 medlemmar
1329 1796 39 34 af
1385 1796 216 42 densamma,
1624 1806 74 23 som
1718 1792 62 37 vid

181 1859 246 35 innevarande
470 1861 57 32 års
569 1856 129 49 början
739 1856 112 35 redan
888 1855 85 47 fyllt
1011 1856 46 32 50
1088 1855 48 32 år.
1196 1850 175 47 Billighet
1400 1850 65 34 och
1494 1848 150 35 rättvisa
1672 1859 108 35 synas

183 1913 92 35 dock
304 1912 139 45 kräfva,
476 1915 52 32 att
557 1911 107 35 äfven
693 1911 103 34 dessa
824 1908 168 44 kvinnor,
1024 1919 74 23 som
1128 1906 13 34 i
1168 1905 86 45 lång
1281 1904 55 34 tid
1364 1903 140 35 utöfvat
1528 1905 51 32 ett
1599 1901 182 39 samhälls-

183 1966 138 47 nyttigt
363 1967 66 34 och
472 1965 244 44 ansvarsfullt,
767 1975 81 23 men
891 1964 114 33 såsom
1048 1959 99 47 regel
1176 1958 83 47 föga
1287 1955 362 48 inkomstbringande
1678 1955 101 47 yrke,

184 2020 136 35 erhålla
348 2022 119 44 någon
496 2019 55 35 del
583 2018 39 35 af
649 2019 69 34 den
747 2017 151 43 förmån,
930 2028 74 23 som
1034 2015 103 34 deras
1166 2024 115 35 yngre
1310 2011 181 34 kamrater
1519 2022 128 34 genom
1676 2008 104 35 Riks-

185 2075 135 45 dagens
349 2073 148 48 välvilja
524 2073 157 34 beredts.
739 2072 64 34 Ett
831 2070 119 36 beslut
976 2070 124 34 härom
1132 2066 118 35 skulle
1278 2065 109 35 också
1412 2066 54 33 stå
1485 2064 13 35 i
1517 2064 68 34 full
1604 2062 178 36 öfverens-

186 2128 203 35 stämmelse
428 2127 81 35 med
543 2127 97 34 hvad
667 2125 213 46 Riksdagen
908 2123 14 35 i
949 2123 180 35 likartade
1158 2120 65 34 fall
1250 2119 112 35 redan
1390 2118 96 35 förut
1515 2117 142 48 åtgjort,
1687 2122 94 29 näm-

185 2181 99 46 ligen
312 2181 13 34 i
354 2181 102 47 fråga
485 2193 56 22 om
570 2181 115 34 lärare
714 2180 67 34 och
809 2178 202 35 lärarinnor
1038 2176 63 36 vid
1130 2173 116 35 rikets
1275 2172 198 36 folkskolor
1493 2172 66 34 och
1574 2170 207 44 småskolor,

186 2236 12 33 i
242 2235 60 35 det
344 2238 53 32 att
437 2234 213 47 Riksdagen
692 2233 76 35 dels
806 2235 112 41 1884,
950 2232 76 34 dels
1058 2230 101 35 1898
1190 2226 151 49 beviljat
1369 2225 186 45 särskilda,
1586 2227 72 33 rätt
1686 2224 98 47 bety-

188 2290 117 34 dande
347 2290 125 46 anslag
514 2288 55 35 för
606 2287 205 36 beredande
841 2286 39 35 af
905 2286 197 35 understöd
1132 2284 37 35 åt
1198 2282 132 35 sådana
1359 2292 169 35 personer
1556 2279 96 35 inom
1683 2279 103 34 dessa
