1880 2796
517 186 325 35 Bankoutskottets
864 185 186 35 utlåtande
1073 198 43 21 nr
1137 187 53 32 30.
1575 186 19 31 7

102 286 173 42 Avskrift.
1408 280 122 43 Bilaga
1553 280 41 34 C.

795 367 38 30 P.
858 366 46 31 M.

359 444 177 35 angående
556 443 274 29 Bondeståndets
850 441 345 36 riksdagsprotokoll,
1212 441 91 28 band
1321 441 27 28 5.

150 519 56 33 Av
228 518 68 34 den
316 517 12 34 i
350 517 152 43 enlighet
523 516 82 35 med
627 515 202 44 riksdagens
854 515 116 34 beslut
991 514 150 43 utgivna
1163 513 269 44 publikationen
1454 512 139 35 Bonde-

104 563 161 34 ståndets
288 561 337 45 riksdagsprotokoll
647 561 125 34 utkom
796 561 38 33 år
859 564 87 30 1939
970 560 54 34 del
1050 563 30 36 1,
1104 558 224 35 omfattande
1353 559 82 33 åren
1460 561 135 31 1720—

108 612 99 36 1727,
228 609 38 32 år
287 611 88 31 1945
396 607 55 34 del
471 610 31 36 2,
523 605 224 35 omfattande
769 606 84 33 åren
875 607 237 37 1731—1734,
1133 604 65 34 och
1220 604 38 33 år
1280 606 88 31 1948
1390 602 54 34 del
1466 606 31 35 3,
1520 614 73 21 om-

105 652 164 35 fattande
288 653 84 33 åren
394 654 236 32 1738—1739.

150 698 81 33 Den
255 701 41 30 10
317 709 93 22 mars
435 699 85 31 1948
545 695 176 43 beviljade
742 694 186 43 riksdagen
949 693 112 34 medel
1083 693 55 34 för
1160 692 231 43 utgivningen
1413 704 45 21 av
1481 691 55 34 del
1560 694 33 36 4,

104 742 224 34 omfattande
349 741 175 44 protokoll
546 740 67 35 och
636 740 132 42 bilagor
789 739 79 35 från
894 741 222 32 1740—1741
1144 738 54 34 års
1220 737 154 42 riksdag.
1396 737 59 33 Då
1478 736 116 34 denna

105 787 56 34 del
177 787 54 34 för
244 786 223 35 närvarande
482 786 53 33 till
550 788 112 32 större
680 785 99 33 delen
794 783 182 43 föreligger
991 783 11 34 i
1020 782 55 34 för
1091 782 231 43 ombrytning
1337 781 131 42 färdigt
1485 781 108 42 spalt-

103 832 188 34 korrektur
309 832 67 34 och
395 830 118 35 därför
531 830 173 34 beräknas
725 829 187 34 utkomma
932 841 45 21 av
996 827 142 44 trycket
1158 827 112 34 under
1290 827 122 42 loppet
1432 838 45 21 av
1496 826 97 33 inne-

105 877 155 34 varande
278 877 49 39 år,
347 876 54 34 får
418 874 266 35 undertecknad
702 875 115 33 såsom
836 886 46 21 av
900 873 131 34 Herrar
1049 871 238 43 Fullmäktige
1305 871 11 33 i
1335 870 258 43 riksgäldskon-

104 926 94 46 toret
220 921 129 34 utsedd
368 920 166 34 redaktör
553 919 55 34 för
628 918 269 44 publikationen
917 917 184 35 vördsamt
1122 920 84 39 göra
1226 916 158 43 följande
1406 915 187 34 framställ-

104 978 95 31 ning.

150 1012 56 33 De
229 1009 278 36 bondeståndets
530 1007 348 44 riksdagsprotokoll,
902 1019 76 22 som
1002 1009 159 32 närmast
1185 1006 86 34 böra
1293 1005 146 34 komma
1462 1004 11 34 1
1495 1004 100 43 fråga

105 1056 61 33 vid
191 1054 370 45 publikationsseriens
588 1052 250 40 fortsättande,
866 1056 60 30 äro
954 1052 42 34 de
1023 1051 56 34 för
1107 1053 225 32 1742—1743
1361 1050 55 34 års
1443 1049 152 42 riksdag,

105 1101 69 34 den
196 1101 54 33 för
274 1100 161 34 ståndets
459 1097 306 44 riksdagshistoria
787 1096 180 35 måhända
991 1100 92 30 mest
1107 1094 269 45 betydelsefulla
1400 1107 46 21 av
1470 1094 41 34 de
1535 1093 60 34 fri-

104 1145 157 34 hetstida
281 1144 240 42 riksdagarna.
541 1142 227 35 Protokollen
789 1145 127 39 utgöra
938 1141 11 33 i
969 1140 203 35 handskrift
1193 1152 44 22 en
1259 1139 182 34 inbunden
1463 1139 132 42 volym,

105 1190 130 39 vilken,
255 1189 110 35 sedan
387 1188 130 35 blanka
539 1187 84 35 blad
644 1186 238 40 frånräknats,
905 1185 180 34 befunnits
1110 1184 154 34 omfatta
1289 1187 100 31 1.120
1412 1183 104 34 sidor.
1539 1183 56 34 De

106 1238 60 31 äro
190 1234 53 34 till
267 1238 111 30 större
402 1233 111 40 delen,
537 1236 66 31 795
628 1232 104 39 sidor,
757 1231 144 34 skrivna
926 1243 45 21 av
995 1229 277 35 bondeståndets
1299 1228 160 40 kanslist,
1484 1227 113 34 under

106 1279 61 35 det
185 1284 55 29 att
258 1279 256 34 sekreterarens
532 1276 158 40 handstil
708 1276 190 34 återfinnes
918 1275 93 34 blott
1028 1275 47 42 på
1095 1277 67 31 310
1180 1273 104 35 sidor.
1303 1274 60 33 Då
1382 1273 93 34 båda
1495 1272 101 35 dessa

104 1324 198 34 handstilar
330 1323 94 34 varit
451 1321 284 45 representerade
761 1321 11 33 i
799 1320 149 43 tidigare
976 1319 96 34 delar
1099 1331 47 22 av
1172 1318 281 44 publikationen,
1482 1317 113 34 finnes

105 1368 185 43 möjlighet
314 1372 56 29 att
394 1371 83 39 göra
503 1379 43 22 en
570 1366 135 43 ganska
729 1365 106 34 exakt
860 1364 193 42 beräkning
1079 1376 46 21 av
1150 1363 67 34 hur
1241 1364 130 41 många
1397 1361 200 44 trycksidor

105 1413 318 43 protokollstexten
439 1411 159 34 kommer
617 1415 56 29 att
689 1410 164 34 omfatta.
871 1409 69 33 För
959 1408 91 34 båda
1070 1408 146 34 stilarna
1234 1407 108 43 gäller
1361 1406 158 40 sålunda,
1539 1410 57 30 att

105 1458 65 33 två
197 1456 315 35 handskriftssidor
537 1456 11 33 i
576 1455 61 34 det
664 1458 178 31 närmaste
869 1453 87 43 fylla
983 1465 43 22 en
1053 1452 194 43 trycksida.
1275 1451 321 34 Protokollstexten

107 1502 111 34 skulle
237 1502 105 34 alltså
360 1501 112 33 kräva
491 1504 66 30 560
577 1499 199 43 trycksidor
795 1499 82 34 eller
896 1502 42 30 35
959 1498 73 33 ark.
1053 1497 133 34 Härtill
1205 1497 64 33 bör
1286 1517 47 4 —
1352 1496 11 33 i
1384 1496 111 33 likhet
1514 1495 82 34 med

107 1547 71 33 vad
193 1559 76 21 som
285 1546 149 42 tidigare
450 1545 95 34 skett
558 1565 47 5 —
621 1543 98 43 fogas
735 1547 179 40 utrymme
932 1542 54 34 för
1002 1541 160 34 rubriker
1178 1541 55 33 för
1249 1541 43 34 de
1310 1540 94 34 olika
1421 1552 175 22 samman-

106 1591 289 42 trädesdagarna,
415 1594 111 35 noter,
549 1588 205 42 mellanslag
774 1587 66 34 och
863 1599 71 31 nya
956 1586 159 44 stycken.
1137 1586 114 34 Detta
1272 1589 179 39 utrymme
1474 1584 122 34 beräk-

107 1648 63 22 nas
188 1636 53 33 till
259 1639 44 30 40
322 1635 94 34 sidor
434 1634 80 34 eller
533 1637 19 30 2
569 1633 65 44 1/2
654 1632 179 34 tryckark.

153 1680 131 34 Härtill
301 1680 145 33 komma
464 1679 144 42 bilagor.
626 1678 19 33 I
663 1645 111 66 likhet
792 1676 81 35 med
892 1675 209 44 föregående
1121 1675 120 43 volym
1260 1678 60 30 äro
1340 1674 42 34 de
1403 1674 78 34 från
1500 1674 97 33 stån-

107 1725 62 34 det
200 1726 181 41 utgångna
415 1722 364 44 extraktprotokollen
812 1721 76 34 icke
922 1721 146 42 intagna
1101 1720 11 33 i
1147 1719 233 44 protokollen.
1413 1719 56 33 De
1503 1718 94 34 förra

106 1770 238 43 komplettera
369 1768 91 34 dock
484 1769 150 41 mången
659 1768 91 42 gång
776 1766 42 34 de
843 1778 121 22 senare
990 1765 203 42 därigenom
1218 1769 55 29 att
1298 1763 299 42 motiveringarna

107 1815 55 33 för
181 1814 159 34 besluten
362 1813 71 34 fått
452 1825 42 22 en
513 1812 204 42 utförligare
737 1810 227 42 formulering
984 1810 10 33 i
1015 1809 198 34 extrakten.
1233 1807 188 43 Åtskilliga
1441 1808 156 34 extrakt-

107 1859 176 43 protokoll
308 1859 114 33 måste
447 1857 118 34 därför
590 1856 190 43 avtryckas
806 1867 76 22 som
909 1854 133 42 bilagor
1066 1853 180 34 sannolikt
1272 1853 90 33 dock
1388 1853 75 33 icke
1489 1852 11 34 i
1525 1852 72 34 lika

107 1904 70 42 hög
194 1903 86 43 grad
297 1915 77 22 som
393 1902 60 34 vid
472 1902 67 33 den
559 1900 113 35 under
690 1900 187 42 utgivning
896 1898 155 34 varande
1072 1898 111 33 delen.
1203 1897 131 34 Därtill
1355 1897 143 33 komma
1518 1896 79 33 från

108 1948 355 34 ståndsmedlemmar
483 1945 155 43 ingivna,
659 1944 173 42 viktigare
852 1943 191 34 memorial.
1064 1943 56 33 De
1145 1941 268 43 betydelsefulla
1434 1941 164 42 frågorna

109 1993 60 32 vid
191 1992 115 34 denna
329 1991 152 42 riksdag,
503 1988 325 43 tronföljdsfrågan,
851 1987 132 34 räfsten
1005 1987 54 33 för
1084 1987 61 33 det
1167 1986 80 33 med
1270 1985 179 43 Ryssland
1471 1985 126 42 påbör-

107 2036 82 42 jade
204 2037 114 41 kriget
334 2036 65 33 och
417 2035 59 34 det
492 2034 110 34 därav
619 2033 206 34 föranledda
842 2032 239 42 dalupproret,
1098 2031 46 33 ha
1163 2031 9 32 i
1189 2030 220 41 osedvanligt
1427 2030 69 42 hög
1511 2029 87 42 grad

108 2081 204 33 framkallat
334 2080 179 33 memorial
535 2079 78 33 från
639 2078 158 33 ståndets
820 2077 204 33 ledamöter.
1046 2076 56 33 En
1125 2075 263 41 undersökning
1409 2074 63 34 har
1495 2074 103 34 emel-

110 2125 101 33 lertid
234 2125 103 38 visat,
360 2129 56 28 att
439 2125 128 40 många
588 2135 45 21 av
656 2122 99 33 dessa
778 2121 180 34 memorial
982 2120 74 33 ofta
1082 2123 60 30 äro
1165 2119 323 33 tillfredsställande
1512 2118 86 34 refe-

110 2169 120 33 rerade
257 2169 10 33 i
297 2169 60 32 det
385 2168 157 42 ovanligt
571 2166 166 42 utförliga
764 2165 225 43 protokollet.
1017 2165 66 32 Att
1113 2164 107 33 redan
1248 2176 48 21 nu
1327 2163 79 33 med
1436 2162 163 34 säkerhet

110 2217 141 38 avgöra,
271 2213 91 33 huru
382 2213 127 41 många
529 2212 62 33 ark
611 2211 100 33 dessa
734 2210 91 33 båda
845 2221 151 30 grupper
1015 2222 46 20 av
1083 2209 133 40 bilagor
1234 2208 145 33 komma
1400 2212 55 28 att
1475 2207 123 38 kräva,

110 2261 39 29 är
164 2258 90 32 dock
268 2257 76 33 icke
359 2256 148 41 möjligt.
553 2259 39 30 För
607 2254 179 34 säkerhets
803 2254 90 33 skull
909 2253 126 33 räknas
1053 2253 80 33 med
1151 2256 19 30 7
1187 2252 63 42 1/2
1268 2252 179 42 tryckark.
1462 2251 137 33 Utöver

110 2302 101 33 dessa
232 2301 134 40 bilagor
387 2300 84 33 böra
491 2312 75 21 som
588 2299 9 33 i
618 2298 285 43 publikationens
926 2297 148 41 tidigare
1096 2296 95 33 band
1213 2299 89 30 även
1325 2295 180 41 medtagas
1527 2295 71 33 All-

112 2357 142 29 mogens
271 2346 177 32 allmänna
466 2345 125 32 besvär
606 2343 65 32 och
687 2343 131 40 Kungl.
834 2342 128 41 Maj:ts
978 2341 190 33 resolution
1185 2342 46 40 på
1246 2341 91 32 dem.
1358 2340 51 32 De
1427 2340 171 32 beräknas

111 2390 146 34 vardera
278 2389 52 33 till
350 2393 53 29 tre
422 2387 179 43 tryckark.
623 2388 14 31 I
658 2387 52 33 sin
730 2386 117 34 helhet
867 2385 110 34 skulle
998 2384 133 34 bandet
1151 2384 132 33 således
1303 2384 144 32 komma
1467 2388 55 28 att
1543 2388 55 28 ut-

111 2438 101 38 göras
232 2447 45 20 av
298 2437 66 30 864
386 2432 92 34 sidor
499 2432 80 33 eller
601 2434 42 30 54
666 2430 178 43 tryckark,
866 2430 33 33 d.
922 2443 32 20 v.
976 2442 26 21 s.
1024 2429 35 33 få
1081 2441 135 21 samma
1237 2428 148 41 omfång
1405 2440 74 21 som
1503 2428 95 33 band

115 2484 12 28 1
150 2492 44 20 av
212 2478 123 34 serien.

155 2521 508 42 Avskrivningskostnaderna,
689 2520 199 33 beräknade
912 2519 88 33 efter
1026 2531 144 20 numera
1197 2517 118 41 vanlig
1340 2516 259 42 avskrivnings-

114 2573 77 28 taxa
214 2581 44 20 av
279 2567 129 33 kronor
426 2569 32 30 4:
472 2587 44 3 —
537 2578 61 30 per
618 2565 134 35 timma,
771 2564 197 42 kalkyleras
990 2565 43 40 på
1054 2562 156 42 följande
1232 2565 84 30 sätt.
1341 2563 55 32 Då
1419 2567 49 28 tre
1489 2561 110 34 hand-
