1886 2822
310 187 20 30 4
707 186 301 35 Statsutskottets
1031 187 186 34 memorial
1240 188 56 33 Nr
1320 190 73 32 178.

354 264 112 34 under
498 265 165 42 punkten
696 267 40 32 A.
761 270 31 30 3.
818 267 139 42 antagit
982 267 62 34 det
1068 267 141 43 förslag,
1234 280 77 21 som
1335 268 245 34 innefattades
1605 269 11 33 i
1640 275 157 28 motsva-

308 317 111 34 rande
452 319 119 41 punkt
604 331 45 21 av
674 319 68 34 den
767 331 46 22 av
838 320 79 33 herr
941 320 203 34 Johansson
1167 321 11 33 i
1203 321 257 34 Fredrikslund
1486 334 45 21 m.
1557 322 34 34 fl.
1617 323 63 33 vid
1704 324 92 33 utlå-

308 371 128 33 tandet
460 372 158 41 avgivna
642 373 281 40 reservationen;

354 424 111 34 under
500 426 164 42 punkten
695 427 40 33 A.
759 430 31 37 4.
816 427 140 42 antagit
980 428 62 33 det
1067 427 141 43 förslag,
1234 441 77 21 som
1335 429 245 34 innefattades
1604 430 11 33 i
1640 435 157 29 motsva-

308 477 111 34 rande
451 479 119 41 punkt
605 491 46 21 av
675 480 68 33 den
769 492 46 21 av
839 480 79 34 herr
942 481 203 34 Johansson
1169 482 11 33 i
1204 482 257 34 Fredrikslund
1486 496 46 20 m.
1558 483 34 34 fl.
1618 484 62 33 vid
1705 485 91 33 utlå-

308 531 128 33 tandet
471 532 157 42 avgivna
663 534 277 40 reservationen,
976 535 93 33 dock
1097 536 81 33 med
1204 535 160 43 följande
1389 537 203 43 ändringar,
1617 538 179 42 nämligen

308 589 57 29 att
388 585 110 33 orden
527 590 73 30 »tre
624 587 66 33 och
715 592 54 28 ett
793 587 103 34 halvt
920 588 55 33 år»
1005 589 166 42 utbyttes
1196 594 76 28 mot
1301 590 100 42 »fyra
1425 590 67 33 och
1517 596 55 28 ett
1596 591 104 33 halvt
1724 592 71 40 år»,

307 643 95 29 samt
436 643 57 29 att
529 640 138 33 årtalen
706 644 123 30 »1941»
868 642 66 33 och
973 646 124 30 »1939»
1137 648 151 29 ersattes
1326 644 81 33 med
1441 648 124 29 »1942»
1593 645 202 43 respektive

310 695 137 36 »>1940>;

351 746 112 33 under
496 747 165 42 punkten
690 748 39 33 ÅA.
755 751 30 31 6.
811 749 140 41 antagit
975 749 62 33 det
1062 749 141 43 förslag,
1228 762 78 22 som
1330 751 246 34 innefattades
1601 752 10 32 i
1636 757 158 29 motsva-

306 799 110 33 rande
451 800 118 41 punkt
603 813 46 21 av
673 801 67 33 den
767 814 45 21 av
836 802 80 33 herr
939 802 203 34 Johansson
1166 803 11 33 i
1202 804 256 34 Fredrikslund
1483 817 45 21 m.
1555 805 34 33 fl.
1616 806 61 33 vid
1703 806 91 33 utlå-

307 852 126 34 tandet
458 854 157 41 avgivna
639 855 280 40 reservationen;
944 861 96 29 samt

350 906 113 34 under
487 908 124 41 övriga
635 908 158 42 punkter
815 909 132 33 bifallit
971 910 200 34 utskottets
1195 911 226 40 hemställan,

350 965 165 28 varemot
539 961 141 34 andra
703 962 255 34 kammaren
982 963 134 34 bifallit
1139 964 72 33 vad
1236 965 183 33 utskottet
1443 965 196 34 hemställt.

349 1066 103 34 Efter
476 1067 283 35 konstaterande
784 1074 56 29 att
863 1070 193 34 kamrarna
1080 1071 151 33 sålunda
1255 1072 10 33 i
1287 1072 100 42 fråga
1405 1085 58 21 om
1480 1073 201 34 utskottets
1697 1074 96 33 hem-

305 1120 132 33 ställan
470 1121 225 34 beträffande
727 1123 204 42 punkterna
964 1124 41 33 A.
1031 1128 109 30 2.—4.
1165 1125 66 33 och
1255 1126 42 32 ÅA.
1323 1129 29 30 6.
1378 1130 149 30 stannat
1550 1127 11 33 i
1587 1126 208 43 skiljaktiga

305 1173 128 40 beslut,
458 1174 93 34 hade
576 1176 181 34 utskottet
782 1176 55 34 för
861 1177 353 43 sammanjämkning
1237 1191 47 21 av
1308 1180 44 32 de
1376 1179 210 43 skiljaktiga
1604 1180 189 35 besluten
1775 1169 23 57 i

304 1227 65 33 sitt
401 1228 185 34 memorial
619 1242 42 20 nr
696 1233 62 30 166
783 1230 194 40 hemställt,
1002 1236 57 28 att
1083 1232 202 40 kamrarna,
1310 1232 95 34 båda
1429 1233 82 33 med
1536 1233 258 35 frånträdande

304 1292 46 21 av
386 1281 77 33 sina
499 1283 255 33 ovannämnda
779 1283 126 40 beslut,
930 1284 11 33 i
966 1284 71 33 vad
1063 1284 101 34 dessa
1189 1297 85 22 vore
1298 1290 77 29 mot
1394 1287 181 33 varandra
1599 1288 194 40 stridande,

304 1334 115 34 måtte
443 1335 142 34 besluta

349 1388 86 43 dels,
458 1393 57 29 att
551 1390 198 33 utskottets
784 1391 216 42 motivering
1034 1392 114 33 skulle
1183 1392 11 33 i
1227 1393 95 33 vissa
1356 1394 98 33 delar
1487 1395 135 33 erhålla
1656 1395 136 34 ändrad

303 1441 134 43 lydelse
462 1441 47 44 (se
533 1443 234 41 memorialet,
793 1444 63 34 sid.
882 1448 20 30 4
926 1445 66 33 och
1017 1445 47 42 5);

349 1496 74 33 dels
442 1496 68 34 ock
534 1501 56 29 att
616 1498 198 33 utskottets
840 1498 214 34 hemställan
1079 1499 113 34 skulle
1208 1500 10 33 i
1236 1500 118 34 nedan
1372 1501 156 42 angivna
1545 1502 99 34 delar
1660 1503 133 33 erhålla

303 1548 159 42 följande
487 1550 159 34 ändrade
670 1551 148 42 lydelse:

350 1606 48 29 »1.
423 1603 152 40 besluta,
600 1608 57 29 att
681 1604 54 34 för
759 1604 32 42 ej
817 1605 137 34 mindre
978 1606 114 33 lärare
1117 1607 61 33 vid
1202 1607 90 33 folk-
1318 1608 66 33 och
1405 1609 199 33 småskolor
1620 1615 95 28 samt
1730 1610 62 34 vid

301 1660 137 30 statens
475 1657 179 42 egentliga
689 1658 205 40 folkskolor,
930 1659 139 34 mindre
1105 1660 196 34 folkskolor
1334 1662 66 33 och
1424 1663 199 33 smäskolor
1647 1663 10 33 i
1682 1664 109 34 rikets

300 1710 220 42 nordligaste
544 1714 203 38 gränsorter
772 1715 170 31 ävensom
967 1713 62 34 vid
1054 1713 244 43 Skytteanska
1316 1715 126 34 skolan
1459 1716 11 33 i
1487 1716 131 41 Tärna,
1637 1720 46 31 än
1700 1721 91 30 även

301 1763 60 33 vid
396 1764 44 33 de
472 1764 11 33 i
517 1765 398 42 statsrådsprotokollet
947 1770 85 30 över
1066 1767 383 36 ecklesiastikärenden
1480 1769 55 34 för
1560 1770 69 34 den
1653 1774 19 31 5
1697 1784 94 21 mars

302 1820 85 30 1937
412 1817 156 42 angivna
593 1818 357 43 befattningshavare
974 1821 62 33 vid
1057 1820 378 43 sjukvårdsanstalter,
1453 1823 185 41 barnhem,
1656 1825 135 33 arbets-

300 1875 124 37 stugor
456 1871 67 33 och
548 1872 161 33 skolhem
733 1873 90 33 skall
847 1874 225 41 genomföras
1096 1875 256 43 lönereglering
1375 1876 80 34 från
1479 1877 67 34 och
1571 1878 82 33 med
1678 1878 68 34 den
1772 1883 15 29 1

298 1923 142 42 januari
467 1928 99 36 19388;

344 1981 29 29 2.
411 1977 151 41 besluta,
597 1983 56 29 att
686 1979 180 34 ordinarie
897 1981 134 42 manlig
1065 1982 114 34 lärare
1210 1983 64 33 vid
1301 1983 179 41 folkskola
1504 1985 90 33 skall
1620 1984 79 35 från
1723 1986 66 33 och

299 2030 82 34 med
415 2031 68 33 den
511 2035 14 29 1
551 2031 66 42 juli
645 2036 83 30 1938
753 2033 169 34 hänföras
946 2035 54 33 till
1025 2035 215 42 lönegraden
1265 2036 31 33 B
1312 2040 41 30 17
1377 2037 11 33 i
1413 2038 67 33 den
1506 2038 114 33 under
1644 2042 19 30 9
1689 2040 14 39 8
1728 2051 61 21 av-

299 2084 375 43 löningsreglementet
707 2087 69 33 den
809 2092 42 28 22
883 2087 77 42 juni
996 2092 83 29 1921
1115 2088 52 42 (nr
1200 2093 75 37 451,
1299 2089 50 43 jfr
1372 2090 180 43 270/1925)
1577 2092 55 33 för
1656 2092 133 34 befatt-

298 2137 240 42 ningshavare
562 2139 62 33 vid
649 2140 344 42 statsdepartement
1016 2142 68 33 och
1108 2142 94 34 vissa
1227 2144 113 33 andra
1364 2145 97 39 verk,
1487 2145 216 35 tillhörande
1721 2146 67 34 den

298 2190 106 34 civila
437 2192 373 44 statsförvaltningen,
843 2194 141 34 införda
1018 2196 223 42 löneplanen,
1275 2198 122 33 därest
1429 2199 154 34 lästiden
1618 2203 105 39 utgör
1746 2204 42 30 39

297 2244 131 34 veckor
461 2245 146 42 årligen,
640 2247 55 33 till
726 2247 214 43 lönegraden
966 2249 29 33 B
1012 2253 51 36 16,
1089 2250 119 34 därest
1232 2251 155 34 lästiden
1412 2255 105 39 utgör
1541 2254 91 39 36'/2
1658 2254 130 33 veckor

297 2298 143 42 årligen,
475 2299 66 33 och
567 2299 54 34 till
645 2300 217 43 lönegraden
887 2302 96 40 B15,
1009 2303 121 34 därest
1153 2304 154 33 lästiden
1333 2309 104 38 utgör
1461 2306 91 41 34!/;
1578 2307 131 33 veckor
1734 2308 53 32 år-

296 2351 104 42 ligen,
425 2357 95 28 samt
544 2358 58 28 att
625 2354 104 33 lönen
754 2354 90 34 skall
870 2355 111 34 under
998 2356 97 34 förra
1111 2357 137 34 hälften
1267 2370 46 21 av
1330 2359 250 34 kalenderåret
1599 2364 85 30 1938
1702 2362 85 41 utgå

295 2405 47 41 på
376 2408 74 31 sätt
483 2406 183 34 utskottet
698 2407 10 33 i
740 2407 62 35 det
838 2408 211 43 föregående
1085 2411 139 42 angivit
1248 2415 171 31 ävensom
1444 2418 56 28 att
1524 2413 114 34 sådan
1662 2415 124 39 lärare,

295 2470 77 21 som
397 2459 68 33 den
492 2463 15 29 1
533 2459 67 42 juli
627 2464 84 30 1940
736 2461 161 42 åtnjuter
921 2463 171 43 avlöning
1115 2464 110 42 enligt
1248 2465 217 42 lönegraden
1482 2467 30 33 B
1529 2471 50 36 15,
1598 2467 89 34 skall
1705 2467 80 34 från

296 2511 66 33 och
387 2513 81 33 med
493 2513 225 36 sistnämnda
742 2515 71 43 dag
836 2516 201 43 uppflyttas
1061 2518 54 33 till
1140 2518 215 42 lönegraden
1372 2520 30 32 B
1418 2524 50 36 16,
1486 2520 10 33 i
1514 2521 176 33 samband
1707 2533 79 21 var-
