2191 2729
384 202 113 33 Första
525 204 210 33 Kammarens
764 207 181 41 Tillfälliga
979 207 138 34 Utskotts
1146 207 78 47 (N:o
1255 209 38 48 2)
1327 212 167 34 Utlåtande
1522 216 62 32 N:o
1610 219 33 32 5.
1736 218 19 32 5

222 287 72 32 med
330 287 206 34 främmande
566 291 194 40 regeringar
788 292 60 32 och
878 293 171 41 hoppades
1080 297 49 29 att
1159 301 89 27 snart
1281 299 115 31 kunna
1425 301 161 39 antingen
1616 302 188 42 framlägga

220 337 123 40 förslag
371 339 48 32 för
448 340 222 43 Landtdagen
701 343 81 32 eller
809 346 79 37 göra
917 346 103 31 saken
1050 346 51 32 till
1130 346 137 34 föremål
1297 349 48 32 för
1375 360 39 22 en
1446 351 42 40 på
1517 356 48 29 ett
1584 356 91 30 ännu
1698 358 107 31 större

219 389 134 32 område
396 392 151 31 verksam
592 393 385 43 förbundslagstiftning.
1034 398 55 31 Att
1127 399 92 33 detta
1248 401 98 40 skett,
1376 406 36 28 är
1440 403 72 32 icke
1543 404 174 35 Utskottet
1745 407 59 32 be-

218 441 100 37 kant;
349 451 71 22 men
451 452 117 31 genom
599 444 193 42 förordning
822 447 33 31 af
882 449 196 38 preussiska
1107 451 193 40 regeringen
1324 447 17 52 i:
1362 453 174 42 Schleswig
1552 455 63 33 den
1645 457 40 31 24
1715 458 89 32 Mars

222 493 71 30 1871
340 492 144 41 förbjöds
527 499 50 29 att
617 495 143 42 skjuta,
787 497 101 40 fånga
917 500 60 30 och
1008 499 105 32 döda”
1141 502 40 30 37
1210 504 161 31 särskildt
1399 507 221 38 uppräknade
1650 513 92 28 arter
1770 511 36 30 aft

217 542 159 41 småfogel
407 542 118 47 (bland
555 547 72 31 dem
659 547 199 34 ormvråken
888 551 61 30 och
979 548 139 46 ugglan)
1148 557 85 27 samt
1262 558 49 29 att
1340 554 87 33 hålla
1457 558 72 31 dem
1559 559 48 30 till
1639 559 72 32 salu
1741 561 62 31 och

217 595 145 38 plundra
391 597 97 31 deras
519 601 137 38 nästen;
685 600 59 31 och
775 600 63 31 den
867 601 40 31 29
937 602 90 31 Mars
1060 603 77 31 1872
1164 603 167 41 fridlystes
1359 607 40 31 34
1415 607 253 39 småfogelarter
1684 608 119 47 (bland

216 646 73 31 dem
320 646 169 40 sparfven,
519 650 120 38 ugglan
671 651 60 31 och
761 651 236 40 ormvråken)i
1023 652 125 33 Berlins
1189 656 55 31 och
1275 656 280 44 Charlottenburgs
1578 663 219 37 polisdistrikt

215 697 72 31 med
317 698 157 39 stadgadt
503 699 63 32 vite
595 700 34 32 af
659 702 97 31 1—10
784 702 120 32 Thaler
931 704 79 31 eller
1039 707 233 31 motsvarande
1315 708 155 41 fängelse,
1512 710 192 40 emedan",
1734 723 66 22 som

214 748 55 30 det
298 748 104 43 heter,
444 751 148 32 "antalet
633 752 35 31 af
706 753 98 32 dessa
847 753 49 33 för
932 756 96 30 land-
1082 756 59 32 och
1183 759 259 38 skogskulturen
1485 761 37 32 så
1564 763 123 41 vigtiga
1729 765 75 40 djur

216 800 164 31 notoriskt
410 801 148 40 ständigt
588 802 230 33 förminskas."

368 851 14 30 I
417 851 218 43 Wirtemberg
664 858 57 28 äro
751 855 222 40 småfoglarne
994 857 149 40 fridlyste
1160 858 102 32 sedan
1281 860 86 40 1837,
1383 861 72 40 och,
1470 863 102 39 enligt
1589 865 151 40 uppgift
1725 859 16 50 i
1757 869 47 29 ett

213 904 353 40 naturvetenskapligt
595 906 113 32 arbete
739 906 34 32 af
798 907 91 31 Russ
919 908 197 40 (Hannover
1147 910 91 35 1873)
1261 911 86 32 lärer
1367 911 41 41 på
1430 913 145 40 begäran
1596 915 35 31 af
1644 915 151 34 fPreuss.

216 952 130 32 Landes
377 946 163 40 Ökonomi
572 956 207 41 Kollegiumt
809 958 112 40 fångst
949 960 59 31 och
1039 960 195 41 försäljning
1255 962 35 31 af
1310 963 177 33 inhemska
1509 964 193 43 sångfoglar
1722 979 79 21 vara

214 1002 176 41 förbjuden
421 1006 9 30 i
458 1016 38 22 en
523 1010 66 28 stor
615 1008 51 32 del
693 1009 38 38 af
755 1009 170 41 Tyskland.

370 1056 14 30 I
415 1056 145 33 Holland
600 1062 36 28 är
666 1059 200 42 fridlysving
895 1061 90 32 öfver
1013 1061 148 40 foglarne
1191 1063 167 41 utfärdad,
1388 1066 69 31 deri
1486 1065 185 41 fångandet
1699 1069 34 32 af
1760 1080 39 22 en

212 1106 174 38 näktergal
423 1112 37 28 är
489 1109 119 39 belagd
640 1112 71 31 med
740 1112 89 32 ända
860 1113 48 30 till
940 1114 58 30 100
1024 1113 144 39 guldens
1199 1115 76 39 (148
1304 1116 83 36 k:rs)
1417 1117 101 32 böter.

364 1158 13 31 I
406 1159 155 40 England
607 1171 58 22 var
693 1163 105 40 skydd
830 1164 49 30 för
907 1163 226 41 småfoglarne
1163 1164 136 33 föremål
1328 1167 48 32 för
1404 1168 252 41 öfverläggning
1685 1171 8 31 i
1723 1181 77 29 par-

211 1208 160 32 lamentet
412 1211 62 31 den
507 1212 36 30 12
570 1212 81 32 Juni
696 1214 85 32 1872.
841 1214 48 32 Då
920 1216 394 39 parlamentsledamoten
1346 1219 155 32 Auberan
1533 1221 144 32 Herbert
1705 1218 94 50 lifligt

210 1260 125 37 yrkade
377 1261 42 40 på
461 1263 105 39 skydd
608 1264 48 31 för
696 1265 39 32 de
779 1267 127 39 skaror,
937 1276 66 22 som
1035 1270 103 28 värna
1170 1277 53 23 oss
1252 1273 66 27 mot
1348 1270 254 34 insekthärarne
1631 1273 59 31 och
1720 1273 79 41 fylla

213 1310 78 32 våra
333 1312 124 32 lundar
499 1314 73 32 med
602 1315 95 41 sång,
727 1321 87 27 samt
838 1317 161 40 jemförde
1032 1318 241 41 sparfskyttars
1303 1320 85 33 odåd
1419 1322 72 32 med
1521 1322 129 33 sådana
1678 1324 119 33 lands-

211 1365 105 35 mäns,
345 1372 69 22 som
446 1365 160 33 nedsköte
637 1376 85 30 egna
752 1369 158 39 soldater,
940 1369 41 32 då
1011 1379 40 21 en
1082 1369 151 41 fiendtlig
1262 1371 59 32 här
1349 1373 130 34 inbröte
1508 1374 9 31 i
1537 1374 122 41 landet,
1690 1381 107 27 emot-

209 1415 72 37 togs
318 1413 84 33 hans
431 1416 156 39 yttrande
617 1418 73 31 med
721 1418 150 41 högljudt
899 1420 60 31 och
990 1421 160 39 enhälligt
1179 1422 91 31 bifall
1301 1423 35 31 af
1363 1424 107 40 huset,
1501 1425 34 31 af
1561 1426 112 37 tories,
1696 1427 102 40 whigs

209 1464 61 31 och
301 1465 179 41 radikaler,
510 1468 60 31 och
601 1478 137 30 pressen
770 1470 200 43 förklarade,
999 1475 50 29 att
1078 1472 75 32 hela
1182 1473 153 40 England
1365 1475 9 31 i
1403 1476 62 31 den
1496 1478 104 31 saken
1632 1478 96 32 stode
1758 1479 42 40 på

209 1516 149 31 talarens
387 1517 83 32 sida.

362 1567 109 33 Sedan
513 1569 62 31 den
616 1571 239 33 internationela
896 1573 189 40 kongressen
1126 1574 37 39 af
1197 1575 220 33 landtbrukare
1457 1576 55 33 och
1546 1578 159 39 forstmär
1746 1581 54 30 vid

210 1617 340 43 verldsutställningen
594 1621 10 29 i
643 1621 90 33 Wien
779 1626 85 29 1873
904 1624 137 31 beslutit
1083 1627 50 30 att
1173 1626 59 31 hos
1275 1626 38 32 K.
1356 1627 36 32 K.
1437 1621 227 40 Österrikiska
1707 1640 91 30 rege-

210 1668 113 39 ringen
367 1669 147 42 anhålla,
555 1675 49 28 att
644 1672 63 32 den
750 1683 118 29 genom
913 1675 259 33 internationela
1213 1676 133 41 fördrag
1388 1679 73 31 med
1502 1680 66 31 alla
1597 1682 201 39 europeiska

209 1723 105 29 stater
340 1720 77 32 ville
458 1722 160 40 betrygga
660 1724 142 40 skyddet
843 1724 48 33 för
932 1726 66 31 alla
1036 1725 116 41 foglar,
1197 1737 67 22 som
1308 1732 56 28 äro
1407 1730 125 40 nyttiga
1566 1731 48 32 för
1638 1732 158 40 jordbru-

210 1771 64 37 ket,
322 1770 119 34 afslöts
486 1773 117 32 mellan
654 1767 338 50 Österrike—Ungern
1039 1778 60 31 och
1145 1779 120 32 Italien
1310 1780 61 32 den
1419 1782 40 30 29
1497 1782 187 33 November
1720 1785 77 31 1875

207 1832 39 20 en.
294 1823 215 38 konvention,
561 1826 6 30 i
621 1826 132 32 afskrift
781 1827 148 40 befintlig
981 1829 101 31 bland
1130 1830 188 34 Utskottets
1361 1832 213 41 handlingar,
1621 1835 94 32 hvari
1757 1837 39 31 de

210 1874 187 38 respektive
439 1876 236 40 regeringarne
718 1879 153 32 förbinda
906 1880 48 39 sig
987 1884 47 27 att
1075 1890 116 30 genom
1235 1882 208 42 lagstiftning
1484 1885 133 39 vidtaga
1660 1887 135 41 tjenliga

208 1923 157 40 åtgärder
406 1926 50 31 för
498 1931 43 27 att
587 1928 128 39 skydda
757 1929 48 32 för
847 1929 204 34 åkerbruket
1094 1933 126 39 nyttiga
1261 1933 106 41 foglar
1402 1935 60 31 och
1492 1935 154 41 förbjuda
1676 1942 48 29 att
1753 1938 42 40 på

209 1975 86 32 hvad
336 1980 66 29 sätt
442 1986 68 22 som
553 1978 86 32 helst
680 1978 120 42 "fånga
842 1980 170 41 småfogel,
1055 1982 140 33 förstöra
1231 1985 96 31 deras
1357 1989 129 38 nästen,
1514 1987 154 41 borttaga
1697 1990 96 32 deras

208 2029 61 36 ägg
310 2027 59 31 och
413 2028 104 32 drifva
560 2030 121 32 handel
723 2033 72 30 med
834 2031 127 33 sådana
996 2033 115 40 foglar,
1141 2035 95 31 deras
1266 2040 62 36 ägg
1356 2037 60 31 och
1447 2038 151 44 nästen",
1628 2044 87 28 samt
1744 2045 50 29 att

207 2076 135 33 försöka
371 2078 103 32 förmå
504 2080 105 32 andra
639 2085 103 28 stater
770 2085 49 29 att
846 2083 131 32 biträda
1006 2094 127 22 samma
1162 2085 345 36 öfverenskommelse.
1529 2109 39 3 —
1588 2089 46 32 På
1654 2091 138 33 Italiens

206 2128 200 41 inbjudning
449 2130 47 31 till
543 2130 172 41 Schweitz,
754 2134 185 32 Frankrike
982 2136 59 31 och
1072 2136 146 40 Spanien
1249 2140 48 29 att
1325 2138 78 40 ingå
1432 2142 48 30 ett
1507 2140 123 33 sådant
1658 2141 133 42 fördrag

207 2179 61 31 har
300 2180 120 32 endast
449 2181 143 39 Spanien
619 2182 93 40 gifvit
741 2187 45 29 ett
815 2184 176 41 afböjande
1021 2196 78 23 svar
1128 2188 73 32 med
1230 2187 192 43 förklaring,
1452 2192 47 30 att
1528 2191 171 41 åtgärders
1728 2194 62 32 vid-

207 2231 142 37 tagande
381 2233 113 31 härvid
527 2233 103 32 måste
678 2235 221 32 öfverlemnas
934 2236 33 31 åt
996 2238 38 30 de
1065 2240 165 31 särskilda
1261 2242 236 38 provinsernas
1527 2245 224 33 verksamhet,
