2194 2729
417 281 19 31 2
543 280 116 32 Första
683 280 208 31 Kammarens
921 278 172 42 Tillfälliga
1124 278 136 31 Utskotts
1287 276 79 41 (N:o
1394 278 30 35 1)
1455 276 166 32 Utlåtande
1647 276 62 32 N:o
1738 279 44 30 10.

373 367 53 36 för
446 367 42 36 de
524 365 36 36 få
595 364 263 45 förrättningar,
894 363 54 36 för
986 362 118 36 hvilka
1143 363 41 34 de
1222 366 60 31 äro
1321 362 218 45 berättigade
1560 361 130 36 erhålla
1729 363 231 45 godtgörelse,

374 421 95 37 såväl
506 420 91 37 hvad
635 420 109 45 angår
782 418 225 47 skjutslegan,
1049 428 71 25 som
1159 417 328 45 dagtraktamentet,
1528 416 76 36 icke
1640 421 191 32 motsvarar
1867 418 100 35 verk-

374 477 71 45 liga
481 475 192 37 kostnaden
711 474 37 36 af
782 473 91 36 hvad
911 473 10 34 i
959 472 91 36 båda
1087 472 99 35 dessa
1223 472 218 35 hänseenden
1471 472 108 35 måste
1599 471 161 46 utgifvas,
1784 472 63 36 och
1867 472 101 35 deraf

375 531 114 36 funnit
526 529 186 44 anledning
749 527 192 45 hemställa,
981 530 52 32 att
1070 527 199 44 Riksdagen
1306 526 84 35 ville
1429 527 10 33 i
1472 527 217 44 underdånig
1709 527 180 35 skrifvelse
1909 538 59 24 an-

375 586 93 36 hålla
518 596 53 24 om
621 583 107 37 sådan
782 582 204 45 förändring
1036 581 37 36 af
1107 581 124 45 Kongl.
1284 581 316 45 Resereglementet
1636 580 38 37 af
1707 583 65 34 den
1813 582 45 35 10
1897 581 70 36 No-

377 640 140 36 vember
571 639 98 36 1865
716 638 64 35 och
817 638 85 44 deri,
944 647 121 34 genom
1103 636 122 44 Kongl.
1269 636 239 44 Kungörelsen
1546 636 66 35 den
1655 637 43 35 12
1739 636 70 46 Maj
1853 636 110 44 1871,

378 695 123 47 gjorda
537 693 135 46 tillägg,
713 696 54 32 att
805 693 65 35 den
908 691 54 36 till
1000 691 227 35 nämndemän
1264 690 172 45 utgående
1474 690 262 37 resekostnads-
1774 691 62 35 och
1873 690 96 36 trak-

378 748 343 43 tamentsersättning
758 747 53 35 för
848 750 100 32 extra
984 746 252 42 förrättningar
1274 745 55 35 må
1367 745 170 35 beräknas
1565 745 87 35 efter
1672 745 141 36 åttonde
1832 745 137 35 klassen

383 803 12 34 i
428 801 109 47 sagda
573 801 218 46 reglemente.

538 855 102 36 Efter
690 854 249 45 föredragning
988 852 73 37 blef
1096 853 112 34 denna
1245 853 202 35 hemställan
1487 853 65 35 den
1592 854 49 35 20
1681 853 158 35 sistlidne
1875 852 97 36 Mars

381 910 37 36 af
451 910 121 36 Andra
609 909 207 36 Kammaren
856 907 138 36 bifallen
1034 907 62 35 och
1134 906 149 36 beslutet
1321 907 118 35 derom
1472 907 139 45 jemlikt
1650 907 46 35 63
1737 908 18 44 $
1783 907 190 44 Riksdags-

382 965 192 44 ordningen
625 962 166 46 delgifvet
835 961 124 36 Första
1009 961 221 45 Kammaren,
1285 971 70 25 som
1393 960 54 36 för
1483 961 120 35 vidare
1641 960 213 45 behandling
1891 961 82 34 hän-

381 1019 92 36 visat
510 1018 144 35 ärendet
690 1017 53 35 till
783 1016 76 36 dess
896 1014 191 46 Tillfälliga
1125 1014 143 36 Utskott
1305 1015 67 35 N:o
1415 1017 30 32 1.

541 1072 70 35 För
662 1072 111 35 denna
823 1070 117 45 frågas
991 1070 212 35 bedömande
1248 1070 63 34 har
1350 1069 178 35 Utskottet
1565 1070 89 44 tagit
1691 1069 191 35 kännedom
1923 1080 52 24 om

384 1127 91 36 hvad
530 1129 17 33 1
605 1126 18 46 8
661 1126 11 34 i
710 1124 124 49 Kongl.
876 1124 238 45 Kungörelsen
1154 1123 37 35 af
1225 1124 66 35 den
1331 1124 48 34 30
1418 1123 188 36 December
1648 1124 96 35 1863
1786 1123 194 36 innehåller

385 1181 176 46 angående
604 1179 225 37 nämndemän
883 1179 183 45 åliggande
1104 1182 97 31 extra
1239 1178 261 45 förrättningar,
1542 1177 174 36 äfvensom
1756 1189 53 24 om
1849 1178 41 35 de
1924 1188 52 24 er-

386 1235 310 45 sättningsbelopp,
737 1245 73 24 som
848 1233 53 35 för
939 1233 130 35 sådana
1107 1233 92 43 utgå,
1242 1232 169 44 nemligen
1455 1233 19 33 2
1496 1232 130 35 kronor
1647 1233 8 33 i
1678 1232 302 44 dagtraktamente

388 1290 63 38 och
505 1290 17 34 1
563 1289 111 35 krona
714 1289 47 34 50
800 1291 59 31 öre
897 1286 52 35 till
988 1287 122 45 skjuts,
1152 1286 118 35 hvilka
1308 1286 125 44 belopp
1471 1286 76 35 icke
1589 1286 99 34 torde
1726 1287 118 34 kunna
1882 1296 99 24 anses

387 1354 142 25 numera
580 1343 53 35 stå
683 1343 12 33 i
745 1342 161 44 lämpligt
944 1341 214 35 förhållande
1196 1341 51 34 till
1289 1341 41 34 de
1369 1341 76 34 med
1484 1339 297 45 förrättningarne
1819 1340 163 35 förenade

388 1399 124 35 besvär
564 1398 63 34 och
680 1396 254 43 omkostnader,
975 1396 10 33 i
1018 1395 183 42 anledning
1243 1394 123 35 hvaraf
1401 1394 180 35 Utskottet
1619 1396 28 44 ej
1686 1395 69 34 kan
1794 1399 105 31 annat
1936 1399 43 31 än

388 1451 95 36 finna
519 1452 234 35 motionärens
791 1449 105 46 afsigt
935 1450 157 44 grundad
1131 1449 43 44 på
1214 1449 118 44 billiga
1370 1449 161 44 anspråk,
1573 1449 117 35 hvilka
1709 1450 121 44 tyckas
1852 1449 126 44 kunna,

391 1517 123 34 genom
552 1505 66 36 den
656 1505 37 36 af
726 1505 121 35 Andra
885 1503 208 36 Kammaren
1131 1503 180 35 beslutade
1349 1503 213 44 hemställan,
1604 1503 108 35 blifva
1752 1504 45 43 på
1835 1507 47 30 ett
1912 1503 69 34 till-

391 1560 265 36 fredsställande
694 1562 69 33 sätt
800 1558 272 45 tillgodosedda;
1114 1558 135 34 hvadan
1287 1557 179 36 Utskottet
1503 1557 207 44 hemställer,

711 1616 52 32 att
813 1613 126 35 Första
999 1612 207 35 Kammaren
1257 1612 107 34 måtte
1417 1611 136 35 biträda
1605 1612 113 34 Andra
1759 1611 226 34 Kammarens

713 1666 124 36 beslut.

555 1793 198 37 Stockholm
782 1793 65 35 den
879 1794 19 33 6
930 1790 95 47 April
1060 1792 108 35 1878.

971 1900 49 35 På
1049 1899 196 37 Utskottets
1276 1904 147 39 vägnar:

1002 2007 54 38 Fr.
1088 2016 70 28 von
1188 2005 197 40 Strokirch.
