2146 2660
663 216 378 43 Bevillningsutskottets
1063 217 218 34 Betänkande
1305 222 64 31 N:o
1392 222 27 29 1.
1754 220 38 31 15

236 308 130 37 titeter
402 306 55 39 till
496 306 98 35 rikot
629 307 156 37 införes.
843 308 133 36 Tullen
1010 311 20 33 å
1057 309 52 36 kli
1138 310 172 36 kommer
1339 310 195 37 dessutom
1564 315 54 32 att
1647 310 183 50 medföra,

238 365 55 31 att
321 360 72 37 den
427 361 140 37 inkomr
645 370 117 24 varan
789 359 252 37 underkastas
1070 373 47 23 en
1146 374 268 35 noggrannare
1444 362 289 50 undersökning
1762 365 71 35 och

236 412 97 36 skall
371 413 162 36 sålunda
565 409 14 35 bic
657 422 67 35 ga
760 410 57 36 till
851 410 224 37 hämmande
1119 412 41 36 af
1199 413 189 36 missbruk
1429 414 65 36 vid
1533 414 141 49 import
1713 416 118 37 deraf.

236 464 199 37 Utskottet
463 464 112 37 måste
615 461 210 37 emcUertid
853 467 90 43 taga
970 463 149 50 hänsyn
1147 464 54 36 till
1233 465 73 36 den
1336 471 104 30 stora
1468 466 210 48 betydelse,
1709 468 124 36 denna

236 516 136 36 artikel
399 516 68 36 har
495 517 64 36 vid
591 513 434 50 kreatorsotfodringen,
1061 517 71 35 och
1161 517 73 35 kan
1264 517 42 36 af
1331 517 105 37 detta
1465 518 82 36 skäl
1577 519 33 48 ej
1640 520 193 49 tillstyrka

236 567 105 36 bifall
370 568 56 36 till
456 569 45 36 de
531 566 170 49 föreslagna
799 571 102 44 högre
930 567 256 48 tullsatserna,
1213 574 88 31 utan
1330 570 231 48 hemställer,

846 624 54 30 att
928 619 63 48 kli,
1022 620 72 36 alla
1123 621 94 47 slag,
1247 624 114 33 måtte
1392 625 141 33 åsättas
1564 637 47 22 en
1639 625 66 36 tull
1723 626 42 36 af
1784 628 47 35 30

824 673 71 35 "00
925 671 198 49 kilogram.

339 778 16 36 I
397 779 155 49 motion,
595 793 17 23 Ir
696 788 39 29 32
782 780 7 6 i
960 781 100 31 "reta
1088 776 242 48 Kammaren,
1360 777 67 35 har
1455 776 88 36 herr
1570 783 42 34 L.
1648 782 39 36 O.
1718 784 113 36 Smith

234 831 192 50 hemstält,
469 838 55 32 att
564 833 42 37 KF.
671 833 62 50 Jag
1035 828 63 37 der
1127 843 113 22 namn
1270 829 41 58 af
1337 828 202 55 efterskatt
1567 834 164 49 pålägga
1759 836 72 36 alla

236 885 45 37 de
320 898 123 36 varor,
482 899 81 23 som
599 886 87 37 finu.s
756 886 7 7 i
793 904 25 18 lc
1073 882 71 47 ing,
1174 881 153 49 förhöjd
1356 881 67 36 tull
1450 884 92 37 eller
1574 886 101 36 skatt
1704 888 127 36 träder

233 938 11 36 1
276 935 112 56 kraft,
428 953 142 23 samma
608 939 144 50 förhöj«
820 952 11 8 t
1139 947 127 23 "som
1296 933 80 38 från
1408 936 71 37 den
1510 937 127 49 dagen
1667 939 96 36 skall
1793 940 42 36 af

233 1005 117 24 varan
378 997 157 45 utgöras
564 993 63 37 vid
655 993 160 36 införsel
975 1008 29 19 Al
1087 994 41 27 verka
1253 987 169 38 börande
1442 990 100 36 dock
1562 991 160 37 anstånd
1742 992 88 37 med

231 1044 248 50 betalningen
509 1046 41 35 af
575 1046 251 36 efterskatten
858 1058 33 22 mm
977 1058 94 22 vas
1174 1056 9 4 ”
1308 1047 41 31 nt
1376 1039 212 66 påfordras.

337 1097 199 38 Utskottet
563 1097 96 37 hade
690 1103 153 31 stannat
869 1097 12 36 i
910 1108 72 25 stu”
1363 1101 246 44 notionären,
1628 1111 60 23 om
1705 1097 123 39 denne

232 1150 100 35 blott
371 1150 12 35 i
424 1152 127 45 någon
593 1153 85 33 mån
720 1150 145 49 antydt,
907 1149 94 37 huru
1038 1150 7 36 !
1195 1168 2 3 |
1440 1148 144 49 slagets
1612 1150 214 39 utförande.

232 1201 75 37 För
337 1202 58 36 gin
424 1202 60 36 del
513 1202 72 37 kan
614 1202 189 36 utskottet
830 1203 84 35 icke
944 1208 113 31 annat
1087 1219 20 20 a

735 1255 71 47 7:0)
837 1260 54 31 att
910 1254 266 51 ifrågavaranu
1419 1253 9 9 j
1551 1255 109 46 cen
1681 1257 145 38 lemnas

630 1313 90 31 utan
750 1307 193 37 afseende.

337 1410 134 37 Såsom
502 1411 113 36 ofvan
646 1416 40 31 är
715 1412 144 48 antydt,
890 1412 125 49 ligger
1044 1413 63 36 det
1137 1419 80 31 stor
1245 1413 83 50 vigt
1356 1427 43 23 ac
1713 1417 110 37 uiks-

232 1463 125 49 dagen
385 1463 121 35 finner
534 1463 61 35 för
622 1464 94 46 godt
750 1464 129 35 bifalla
916 1468 118 45 något
1068 1465 91 36 eller
1196 1469 118 44 några
1343 1467 42 35 af
1410 1467 45 35 de
1661 1483 59 21 Jm
1750 1484 74 34 nya

232 1515 93 36 eller
353 1514 114 49 höjda
495 1515 111 36 tullar
635 1517 20 33 å
683 1514 116 37 alster
829 1515 41 36 af
890 1515 408 50 jordbruksnäringen,
1328 1518 186 37 utskottet
1642 1522 179 49 ramstält,

230 1567 242 48 Riksdagens
502 1567 125 36 beslut
656 1569 115 33 måtte
800 1568 86 35 med
906 1568 122 36 första
1048 1569 156 48 möjliga
1225 1570 198 36 befordras
1444 1571 55 35 till
1519 1585 92 22 vers
1640 1573 181 48 ällighet.

229 1617 131 36 Under
388 1618 163 36 nämnda
580 1618 276 49 förutsättning
883 1620 109 36 torde
1031 1620 129 36 derför
1202 1621 170 37 befinnas
1410 1622 186 49 lämpligt,
1631 1630 55 30 att
1714 1626 110 36 Riks-

231 1668 136 49 dagen,
398 1669 11 36 i
438 1669 275 48 sammanhang
742 1670 86 36 med
869 1670 184 37 beslutets
1093 1672 323 50 öfverlemnande,
1446 1674 71 37 hos
1547 1675 139 50 Kongl.
1717 1677 106 49 Maj:t

228 1726 72 42 gör
329 1721 284 48 framställning
640 1721 12 36 1
682 1722 133 36 sådant
844 1723 112 48 syfte.

333 1773 199 37 Utskottet
561 1774 56 36 får
647 1774 148 36 således
824 1774 211 50 hemställa,

732 1826 74 49 8:0)
837 1833 65 43 att,
946 1828 59 37 för
1034 1829 71 37 den
1141 1830 182 38 händelse
1352 1831 65 37 tull
1448 1835 142 35 åsättes
1611 1833 90 38 flere
1731 1833 92 39 eller

629 1879 98 36 färre
770 1880 42 36 af
850 1880 46 37 de
940 1881 114 37 ofvan
1082 1883 120 36 under
1231 1884 71 36 n:is
1336 1885 205 49 1:0)—6:0)
1571 1887 252 38 omförmälda

628 1931 166 50 artiklar,
836 1933 219 51 Riksdagen
1094 1934 141 50 jemväl
1278 1940 114 35 måtte
1437 1938 158 50 besluta,
1626 1945 54 32 att
1709 1941 114 37 dessa

626 1985 113 37 tullar
759 1986 120 47 skola,
911 1990 125 34 såsom
1057 1988 318 50 tilläggsafgifter
1394 1991 55 36 till
1473 2006 49 23 nu
1542 1993 176 49 gällande
1737 1995 84 36 tull-

627 2043 98 41 taxa,
749 2038 144 50 jemväl
920 2040 257 38 innevarande
1207 2045 40 34 år
1274 2049 157 43 utgöras
1453 2044 82 37 från
1557 2046 73 36 den
1650 2046 66 49 tid,
1739 2060 82 24 som

626 2091 40 37 af
704 2092 140 50 Kongl.
888 2093 106 50 Maj:t
1034 2094 242 49 bestämmes,
1327 2103 98 31 samt
1467 2098 11 36 i
1520 2098 202 38 skrifvelse
1765 2100 56 37 till

625 2145 140 48 Kongl.
809 2146 117 48 Maj:t,
964 2148 119 48 jemte
1131 2149 311 38 öfverlemnande
1486 2152 41 35 af
1562 2152 65 36 sitt
1665 2153 156 37 sålunda

626 2197 145 37 fattade
813 2198 137 49 beslut,
993 2200 159 49 anhålla,
1191 2202 64 36 det
1283 2202 140 49 Kongl.
1455 2203 104 49 Maj:t
1588 2205 162 48 täcktes,
1781 2209 41 33 så

625 2249 77 37 fort
731 2251 67 36 ske
822 2251 136 49 kunde,
980 2252 181 38 förordna
1182 2267 62 23 om
1264 2254 185 38 beslutets
1470 2257 183 37 trädande
1674 2258 10 35 i
1706 2258 112 38 kraft.
