2066 2663
304 218 21 31 4
679 211 381 42 Bevillningsutskottets
1083 208 217 33 Betänkande
1324 208 63 31 N:o
1410 210 26 28 I.

264 320 65 23 san
366 306 42 36 af
427 304 251 50 jordbrukare
707 303 11 36 i
747 301 190 51 Ryssland
967 300 59 36 för
1055 304 54 31 ett
1136 303 141 44 ytterst
1304 296 154 49 torftigt
1486 294 230 38 lefnadssätt
1746 292 70 37 och
1844 291 11 37 i

258 359 225 51 jemförelse
526 357 86 37 med
653 359 65 34 vår
754 352 373 53 jordbruksidkande
1169 350 227 48 befolkning
1438 348 199 37 förbrukar
1677 346 99 37 blott
1809 359 46 23 en

266 411 198 50 obetydlig
501 410 139 48 mängd
678 409 41 36 af
753 407 292 46 kolonialvaror,
1085 417 115 37 synes
1243 403 64 37 det
1340 415 90 24 vara
1459 402 92 47 föga
1579 401 103 48 hopp
1713 399 143 46 derom,

267 471 54 31 att
364 465 45 36 de
452 464 60 37 för
552 462 212 51 Rysslands
807 460 278 37 konkurrenter
1129 468 251 38 ogynsamma
1421 453 287 38 förhållandena
1751 451 107 36 skola

267 513 211 58 förändras.
1782 524 5 8 :

370 571 53 36 På
465 582 141 24 samma
649 572 76 32 sätt
767 580 80 23 som
890 563 190 51 Ryssland
1122 563 71 36 kan
1234 561 113 37 äfven
1383 559 201 37 Ostindien
1612 558 56 36 till
1697 556 95 49 följd
1821 556 41 36 af

266 622 381 38 kursförhållandena
675 621 12 35 i
715 619 129 37 landet
915 641 3 2 --
950 617 66 36 der
1044 615 192 37 beroende
1265 617 48 46 på
1341 612 287 37 silfvervärdets
1649 610 67 37 fall
1737 632 46 3 —
1803 614 57 31 ut-

268 677 115 48 bjuda
413 676 66 36 sitt
514 674 186 47 ofantliga
729 671 217 37 öfverskott
974 670 40 35 af
1040 669 112 36 hvete
1181 667 58 36 till
1268 669 40 33 så
1336 666 79 47 lågt
1442 665 92 48 pris,
1565 669 54 31 att
1648 663 63 36 det
1740 664 119 33 måste

268 728 211 49 nedtrycka
520 726 120 49 priset
681 727 48 47 på
766 724 74 35 den
878 723 188 35 allmänna
1103 719 243 37 marknaden.
1402 717 74 36 För
1512 715 201 38 Ostindien
1741 713 120 50 gäller

270 782 60 36 för
359 780 118 49 öfrigt
504 780 9 36 i
545 784 100 32 ännu
672 778 120 48 högre
822 775 94 50 grad
945 774 99 37 hvad
1074 787 80 22 som
1177 770 196 50 angående
1393 768 190 50 Ryssland
1602 767 127 38 blifvit
1750 765 113 49 sagdt

271 848 59 23 om
369 832 297 48 befolkningens
700 829 224 37 inskränkta
958 826 229 37 lefnadssätt
1216 824 70 37 och
1317 826 80 33 små
1424 819 436 39 lefnadsomkostnader.

376 886 148 37 Genom
555 885 71 36 alla
655 883 113 37 dessa
797 880 328 48 omständigheter
1153 878 12 36 i
1194 876 178 48 förening
1400 876 67 35 har
1488 872 209 39 emellertid
1719 871 144 37 striden

272 940 137 36 mellan
439 939 70 36 den
541 937 164 37 svenske
730 934 279 50 jordbrukaren
1039 931 70 37 och
1140 931 93 36 hans
1262 928 201 37 utländske
1494 926 218 37 medtäflare
1737 923 128 38 blifvit

272 993 60 36 för
374 992 72 36 den
491 991 102 36 förre
636 988 128 37 alltför
806 986 138 49 ojemn,
984 985 70 36 och
1092 984 73 36 han
1195 985 118 34 måste
1342 981 11 36 i
1382 980 167 50 längden
1577 978 118 38 blifva
1723 977 142 36 undan-

272 1045 139 48 trängd
439 1044 57 37 till
525 1043 70 37 och
625 1041 86 37 med
740 1040 82 37 från
852 1039 72 37 den
954 1037 165 37 svenska
1148 1035 243 37 marknaden.

376 1098 84 36 Den
501 1095 199 37 inhemska
742 1092 232 37 marknaden
1016 1091 74 35 kan
1128 1089 109 47 dock,
1277 1087 120 49 enligt
1433 1085 209 37 utskottets
1681 1082 110 49 åsigt,
1831 1084 36 34 åt

273 1153 89 34 våra
399 1148 251 50 jordbrukare
693 1147 173 36 bevaras.
921 1144 17 36 I
981 1141 259 50 skyddstullar
1281 1140 67 36 har
1387 1144 124 31 staten
1548 1137 11 35 i
1597 1137 58 35 sin
1683 1135 101 36 hand
1814 1139 54 31 ett

274 1203 195 36 verksamt
506 1200 123 37 medel
668 1204 54 30 att
759 1197 113 48 hejda
910 1195 383 50 spanmålsimporten
1328 1192 71 35 och
1425 1191 111 48 bryta
1565 1189 73 36 den
1666 1187 203 36 utländska

274 1255 311 37 konkurrensens
615 1251 226 47 öfvermagt.

379 1307 81 36 Mot
504 1312 54 30 ett
599 1302 282 39 återinförande
922 1301 12 35 i
975 1303 82 33 vårt
1097 1298 88 37 land
1223 1297 41 36 af
1299 1294 304 51 spanmålstullar
1638 1290 231 39 framställas

277 1359 209 37 emellertid
523 1357 192 47 åtskilliga
744 1353 305 47 anmärkningar,
1080 1351 41 36 af
1146 1350 126 37 hvilka
1302 1349 45 36 de
1376 1348 208 48 vigtigaste
1614 1351 77 41 äro,
1722 1349 54 31 att
1804 1343 67 49 dy-

277 1413 76 36 lika
389 1411 111 36 tullar
542 1409 136 36 endast
715 1408 152 35 komma
899 1411 55 31 ett
982 1404 146 36 mindre
1159 1402 101 36 antal
1289 1406 122 31 större
1435 1399 206 49 jordegare
1670 1396 57 37 till
1755 1396 115 48 godo,

278 1478 86 23 men
393 1463 118 37 blifva
539 1467 91 32 utan
658 1459 208 50 inflytande
897 1458 92 37 eller
1017 1461 84 32 rent
1131 1455 40 36 af
1198 1454 173 47 skadliga
1399 1453 60 36 för
1474 1451 247 49 jordbrukets
1741 1449 131 36 idkare

277 1518 12 36 i
319 1517 129 48 öfrigt,
480 1520 97 32 samt
606 1519 54 31 att
689 1511 318 51 spanmålstullar,
1036 1509 138 36 liksom
1203 1505 304 38 lifsmedeltullar
1535 1504 11 35 i
1567 1502 216 47 allmänhet,
1804 1513 66 36 ge-

279 1583 89 23 nom
397 1567 232 50 fördyrande
659 1566 42 36 af
725 1562 412 39 lefnadskostnaderna
1164 1559 116 37 verka
1308 1557 225 37 hämmande
1561 1559 48 46 på
1636 1554 149 36 landets
1816 1553 56 35 öf-

277 1622 84 49 riga
388 1621 180 47 näringar
597 1618 72 37 och
698 1616 180 38 särskildt
897 1614 223 50 ytterligare
1141 1613 187 36 försämra
1349 1609 306 37 arbetsklassens
1679 1605 191 48 ställning.

382 1674 83 36 Den
504 1674 120 34 första
663 1670 40 36 af
738 1670 113 36 dessa
889 1666 294 47 anmärkningar
1211 1663 168 50 grundar
1408 1662 59 48 sig
1494 1659 303 51 uppenbarligen
1826 1660 48 46 på

279 1727 74 36 den
382 1724 331 47 föreställningen,
752 1727 55 31 att
840 1721 83 36 icke
959 1732 67 23 ens
1055 1718 147 36 hälften
1231 1716 42 36 af
1296 1715 150 37 landets
1471 1712 251 50 jordbrukare
1752 1710 121 37 skulle

278 1779 115 36 hafva
430 1781 126 45 någon
594 1775 158 37 höstsäd
792 1779 54 30 att
875 1773 122 45 aflåta,
1036 1771 115 36 sedan
1183 1769 65 36 det
1277 1781 97 35 egna
1402 1766 184 37 behofvet
1615 1764 110 37 deraf
1749 1762 125 37 blifvit

280 1831 109 49 fyldt.
445 1831 135 35 Denna
617 1826 268 48 föreställning
922 1829 40 31 är
1000 1823 96 36 dock
1134 1822 83 36 icke
1246 1820 129 49 rigtig.
1432 1819 52 35 Af
1511 1831 46 23 en
1585 1817 12 36 i
1625 1815 248 48 bevillnings-

279 1883 209 37 utskottets
526 1881 56 36 till
619 1879 222 48 Riksdagen
873 1878 44 36 15
943 1875 224 49 januari—5
1198 1886 99 23 mars
1330 1874 95 35 1887
1458 1870 147 49 afgifna
1632 1867 242 38 betänkande

281 1935 197 49 angående
521 1933 103 36 vissa
665 1932 104 35 delar
811 1930 40 36 af
884 1927 330 47 tullbevillningen
1252 1926 158 46 intagen
1439 1935 202 35 noggrann
1669 1919 206 48 uträkning

282 1988 101 36 visar
421 1987 64 36 det
527 1985 71 49 sig,
642 1989 55 31 att
733 1988 164 31 tvärtom
933 1981 65 36 det
1025 1979 87 37 vida
1142 1976 284 49 öfvervägande
1456 1975 143 37 antalet
1621 1972 252 50 jordbrukare

282 2042 74 34 kan
395 2045 159 42 antagas
592 2037 114 36 hafva
744 2034 158 37 höstsäd
930 2033 57 36 till
1016 2031 187 49 afyttring
1233 2030 70 36 och
1333 2028 220 49 derigenom
1584 2027 139 47 drager
1751 2023 124 37 direkt

282 2092 124 37 fördel
434 2091 42 36 af
499 2090 65 36 tull
596 2093 20 32 å
644 2089 114 35 dessa
787 2087 83 47 slag
899 2086 40 35 af
960 2084 181 49 spanmål.
1185 2083 86 35 Men
1293 2081 110 37 äfven
1425 2080 45 36 de
1488 2082 80 33 små
1582 2077 291 50 jordbrukarne,

281 2145 128 36 hvilka
439 2143 32 49 ej
503 2143 126 36 kunna
658 2140 95 49 sälja
780 2138 172 46 hösteäd,
982 2137 48 47 få,
1061 2136 116 37 ehuru
1197 2137 48 46 på
1265 2139 54 32 ett
1337 2133 167 36 indirekt
1524 2136 87 42 sätt,
1632 2143 102 36 gagn
1755 2127 119 48 deraf,

283 2202 54 32 att
365 2197 121 49 priset
515 2198 19 34 å
564 2194 114 37 sådan
709 2193 68 36 säd
805 2191 155 37 hindras
990 2189 83 36 från
1103 2193 53 31 att
1186 2187 88 37 falla
1303 2185 129 38 alltför
1457 2185 89 47 lågt.
1589 2182 187 37 Nedsatta
1795 2180 78 49 pris

283 2253 20 33 å
332 2248 156 37 höstsäd
518 2247 172 36 medföra
717 2244 194 48 nemligen
940 2241 104 37 alltid
1074 2240 180 48 nedgång
1281 2239 12 36 i
1322 2238 78 49 pris
1431 2238 31 48 ej
1485 2237 99 36 blott
1604 2238 20 33 å
1643 2234 117 37 andra
1776 2238 99 31 arter

285 2302 40 36 af
352 2301 67 37 säd
447 2306 90 30 utan
565 2299 113 36 äfven
706 2301 20 33 å
755 2296 124 48 öfriga
907 2293 342 38 landtbruksalster
1278 2297 97 31 samt
1403 2290 163 35 kreatur.

389 2353 17 37 I
448 2353 106 47 fråga
597 2365 60 22 om
699 2347 324 52 spanmålstullars
1064 2345 182 36 inverkan
1285 2346 48 47 på
1359 2339 428 53 produktionsvilkoren
1815 2336 60 37 för
