2093 2656
357 213 16 26 2
825 209 239 41 Lagutskottets
1093 209 174 32 Utlåtande
1291 210 62 31 N:o
1376 212 28 29 9.

764 298 53 32 att
844 296 81 34 herr
951 295 140 36 Weerns
1118 297 127 34 motion
1273 295 108 36 måtte
1409 295 35 36 få
1463 297 53 34 till
1535 297 172 34 särskilda
1722 298 191 34 utskottets

715 347 263 45 handläggning
1006 347 240 36 öfverlemnas.

449 448 200 36 Stockholm
678 450 64 34 den
774 452 40 32 11
846 450 153 35 februari
1033 453 102 33 1889.

855 553 51 36 På
932 555 250 44 lagutskottets
1209 559 150 40 vägnar:

878 656 140 35 AXEL
1046 649 311 43 BERGSTRÖM.

1048 1174 75 40 N:o
1151 1175 40 39 9.

807 1331 72 29 Ank.
905 1332 40 28 till
969 1331 97 29 Riksd.
1094 1332 89 28 kanshi
1209 1332 53 28 den
1290 1333 31 27 11
1350 1332 125 28 februari
1503 1332 88 32 1889,
1616 1332 35 28 kl.
1678 1333 37 27 12
1741 1332 86 28 midd.

513 1475 254 43 Lagutskottets
807 1476 184 43 utlåtande,
1032 1476 12 33 i
1084 1475 187 45 anledning
1313 1477 39 41 af
1390 1476 98 34 väckt
1521 1476 120 34 motion
1684 1487 49 22 om
1776 1476 140 34 ändrad

711 1527 128 44 lydelse
879 1526 44 43 af
956 1528 52 32 26
1040 1527 76 44 kap.
1157 1529 10 32 I
1197 1527 54 34 och
1282 1531 24 27 &
1333 1526 50 45 $$
1410 1530 88 31 samt
1526 1528 49 33 30
1605 1527 75 44 kop.
1712 1528 22 32 53
1762 1525 24 46 $
1814 1530 99 31 rätte-

706 1577 240 44 gångsbalken.

445 1729 17 34 I
504 1732 44 32 26
589 1731 80 43 kap.
714 1732 16 32 1
773 1731 63 33 och
876 1732 19 32 8
937 1730 46 45 SS
1015 1730 346 44 rättegångsbalken,
1396 1730 237 35 förstnämnda
1662 1730 21 45 &
1712 1728 104 36 sådan
1846 1730 64 34 den

310 1782 98 42 lyder
436 1782 109 43 enligt
572 1781 247 44 förordningen
846 1782 65 33 den
944 1783 42 32 18
1016 1782 87 43 april
1135 1783 104 42 1349,
1270 1782 157 43 stadgas:

450 1831 77 46 18.
588 1831 135 44 »Hvar,
752 1842 70 24 som
850 1830 91 36 ifrån
969 1833 185 34 underrätt
1180 1832 136 44 vädjar,
1346 1833 100 34 ställe
1474 1832 53 35 för
1555 1832 53 44 sig
1634 1830 62 37 två
1714 1832 195 43 löftesmän,

311 1894 68 23 som
421 1884 120 43 borga,
570 1884 110 43 begge
707 1883 54 34 för
789 1894 41 23 en
860 1884 63 33 och
951 1893 41 24 en
1020 1883 53 34 för
1101 1884 120 44 begge,
1250 1883 54 34 för
1331 1883 150 35 kostnad
1509 1884 63 33 och
1600 1883 121 44 skada,
1750 1884 64 33 den
1842 1884 70 33 han

310 1936 67 32 kan
408 1934 139 44 skyldig
574 1935 135 33 kännas
737 1937 53 31 att
817 1935 119 43 gälda,;
967 1938 82 41 tage
1078 1935 100 33 deras
1206 1935 104 34 skrift
1338 1933 94 45 derå,
1461 1935 62 34 och
1551 1935 102 44 lägge
1681 1935 64 33 den
1774 1934 57 35 vid
1860 1935 53 33 sin

310 1986 118 43 inlaga
455 1986 11 33 i
494 1985 177 34 hofrätten
698 1986 45 33 in.
798 1984 60 35 Nu
885 1986 70 34 kan
983 1988 38 32 så
1049 1986 125 43 hända,
1204 1989 53 31 att
1285 1986 66 34 han
1381 1987 108 33 hellre
1517 1986 61 34 vill
1606 1986 204 43 penningar,
1829 1986 84 33 eller

310 2036 131 43 silfver,
484 2037 83 33 eller
599 2037 94 43 guld,
722 2037 53 34 till
803 2037 164 34 säkerhet
994 2037 54 34 för
1076 2037 148 34 kostnad
1253 2038 62 33 och
1344 2038 109 34 skada
1482 2038 113 43 ställa,
1626 2038 61 33 och
1716 2040 111 31 sätter
1855 2036 58 34 det

311 2089 60 32 hos
412 2086 217 45 Konungens
656 2087 386 44 befallningshafvande
1070 2089 46 42 in,
1146 2089 83 33 eller
1256 2088 12 33 i
1295 2089 85 33 taka
1407 2089 143 42 händer,
1579 2086 44 36 då
1650 2098 84 24 vare
1763 2088 64 33 ock
1855 2088 58 32 det

310 2140 54 32 för
403 2139 131 42 borgen
574 2139 99 43 gildt,
715 2142 65 32 när
820 2139 163 34 domaren
1024 2140 58 33 det
1122 2139 142 43 pröfvat
1296 2139 133 35 hafver.
1485 2139 225 34 Försummar
1737 2139 68 33 han
1834 2138 76 38 det;

310 2189 105 35 hafve
443 2190 61 34 sitt
532 2190 68 34 vad
629 2190 63 34 och
720 2190 98 34 talan
846 2195 90 29 emot
963 2191 245 34 underrättens
1236 2191 74 33 dom
1340 2191 176 35 förlorat.»

445 2242 20 32 8
494 2239 32 46 8.
586 2240 237 50 »Konungens
861 2241 387 44 befallningshafvande
1289 2251 82 35 eger
1410 2243 130 43 borgen
1581 2241 134 44 pröfva,
1757 2244 64 31 när
1858 2240 57 44 jäf

310 2292 152 33 deremot
503 2295 110 40 göres.
669 2291 53 34 Ar
761 2292 196 43 löftesman,
1000 2294 84 33 eller
1117 2294 75 32 dess
1221 2293 125 42 vilkor,
1375 2294 123 33 honom
1528 2293 30 43 ej
1588 2293 169 44 kunnige;
1787 2289 43 36 då
1858 2289 55 35 må
