1870 2848
520 199 109 28 Första
652 197 194 36 lagutskottets
868 195 146 29 utlåtande
1036 194 47 29 Nr
1106 195 47 27 64.
1572 189 13 29 1

766 455 60 40 Nr
857 454 67 40 64.

486 559 127 27 Ankom
637 558 50 27 till
710 558 188 35 riksdagens
920 556 106 28 kansli
1050 556 62 27 den
1136 555 37 28 24
1198 556 63 36 maj
1290 554 78 28 1934
1392 554 41 27 kl.
1458 554 17 26 2
1499 562 25 18 e.
1549 561 42 20 m.

407 633 197 37 Utlåtande
632 633 13 34 i
673 631 198 48 anledning
900 643 43 22 av
973 630 134 48 Kungl.
1132 629 127 48 Maj:ts
1270 627 225 49 proposition
1515 627 78 35 med

497 692 146 48 förslag
671 692 57 35 till
757 691 203 48 kungörelse
988 690 183 48 angående
1198 688 131 36 handel
1355 688 78 36 med
1445 687 148 47 farma-

502 753 152 36 cevtiska
683 751 230 48 specialiteter
941 763 44 22 m.
1007 764 46 21 m.
1084 754 162 31 ävensom
1266 762 41 22 en
1327 748 13 35 i
1359 753 114 30 ämnet
1492 747 101 36 väckt

501 814 144 35 motion.

148 902 125 32 Genom
294 913 39 20 en
353 901 62 32 den
435 900 39 31 23
495 898 149 32 februari
666 897 84 32 1934
770 896 206 38 dagtecknad
995 894 214 40 proposition,
1230 907 39 19 nr
1291 895 71 37 162,
1383 895 60 30 har
1461 893 129 38 Kungl.

91 953 101 38 Maj:t
212 952 104 32 under
338 950 205 38 åberopande
566 961 41 20 av
627 947 247 40 propositionen
894 946 106 38 bilagt
1022 947 123 37 utdrag
1165 957 41 20 av
1228 944 364 39 statsrådsprotokollet

89 1010 80 26 över
189 1002 244 33 socialärenden
453 1001 53 32 för
527 1000 144 32 nämnda
691 1000 67 37 dag
777 999 72 32 dels
869 998 164 31 förklarat
1054 997 51 38 sig
1124 997 84 37 vilja
1226 997 149 31 inhämta
1395 996 196 37 riksdagens

91 1055 157 38 yttrande
269 1059 77 26 över
365 1055 47 30 ett
430 1052 56 32 vid
506 1050 246 39 propositionen
773 1049 96 38 fogat
887 1049 126 37 förslag
1033 1047 54 33 till
1106 1047 197 38 kungörelse
1324 1046 167 38 angående
1511 1046 81 32 han-

94 1106 54 32 del
164 1106 72 32 med
253 1103 258 33 farmacevtiska
528 1101 221 39 specialiteter
765 1101 72 32 dels
853 1100 58 32 ock
929 1099 175 37 föreslagit
1119 1098 178 38 riksdagen
1313 1100 49 30 att
1379 1096 115 33 anvisa
1509 1096 85 32 visst

90 1157 120 38 anslag
231 1155 53 32 till
306 1157 124 29 statens
451 1151 260 34 farmacevtiska
731 1151 246 32 laboratorium.

150 1206 251 39 Propositionen
422 1206 61 31 har
505 1203 171 33 hänvisats
700 1203 55 32 till
777 1202 187 38 lagutskott
987 1201 60 32 och
1070 1201 197 31 behandlats
1291 1211 41 20 av
1355 1199 106 32 första
1483 1199 110 37 lagut-

93 1259 125 32 skottet
239 1258 12 31 i
273 1258 66 32 vad
362 1256 190 37 därigenom
575 1254 132 38 begärts
731 1253 194 37 riksdagens
948 1252 158 38 yttrande
1130 1257 76 26 över
1228 1250 216 32 förenämnda
1465 1249 129 37 förslag

92 1310 58 32 till
171 1309 206 37 kungörelse.

152 1361 17 31 I
190 1359 160 32 samband
373 1359 71 32 med
466 1355 245 38 behandlingen
734 1367 41 20 av
796 1353 245 40 propositionen
1062 1353 61 32 har
1144 1352 165 32 utskottet
1330 1350 148 33 förehaft
1499 1351 64 32 den
1583 1349 13 32 i

94 1410 182 38 anledning
294 1411 103 31 därav
414 1408 119 32 väckta
552 1406 165 33 motionen
733 1417 41 20 nr
792 1407 61 30 551
872 1405 13 31 i
902 1404 104 33 andra
1021 1404 193 31 kammaren
1231 1414 41 20 av
1289 1403 76 31 herr
1380 1401 187 38 Bengtsson
1583 1400 13 31 i

97 1462 135 31 Kullen.

153 1513 17 31 I
190 1512 166 31 motionen
375 1509 200 38 hemställes,
596 1511 51 29 att
666 1507 179 37 riksdagen
866 1506 100 31 måtte
986 1505 132 32 besluta
1138 1506 49 30 att
1206 1502 244 40 propositionen
1470 1501 125 32 beträf-

97 1564 101 32 fande
219 1562 128 37 förslag
367 1561 54 32 till
441 1559 197 38 kungörelse
659 1558 169 37 angående
849 1556 120 32 handel
991 1556 73 31 med
1087 1554 258 33 farmacevtiska
1365 1552 231 39 specialiteter,

99 1626 69 21 som
184 1612 196 38 visserligen
396 1613 112 36 syntes
525 1610 56 32 väl
597 1610 113 30 kunna
726 1609 117 37 läggas
860 1606 53 33 till
929 1606 110 38 grund
1057 1605 53 32 för
1126 1617 38 20 en
1179 1603 218 39 lagstiftning
1411 1604 44 38 på
1469 1602 127 38 ifråga-

99 1665 143 31 varande
262 1663 142 38 område,
425 1662 83 32 dock
528 1661 74 32 med
621 1661 132 36 hänsyn
770 1658 55 32 till
845 1658 71 32 dess
936 1662 80 27 nära
1036 1656 158 32 samband
1214 1655 74 32 med
1309 1655 62 32 den
1390 1653 208 33 förestående

99 1714 229 38 revideringen
349 1726 40 20 av
411 1713 82 32 1913
514 1712 53 32 års
589 1709 341 40 apoteksvarustadga
949 1708 53 32 för
1022 1707 205 32 närvarande
1248 1706 118 38 avslås,
1387 1706 81 31 eller
1485 1708 51 29 att
1554 1723 45 4 —

100 1767 12 30 i
132 1766 154 32 händelse
307 1763 225 39 nyssnämnda
552 1761 199 33 hemställan
771 1760 73 32 icke
862 1759 133 32 bifölles
1014 1779 45 3 —
1079 1758 178 36 riksdagen
1277 1758 101 30 måtte
1397 1756 132 32 besluta
1549 1756 51 30 att

97 1816 223 37 kungörelsen
340 1816 12 30 i
373 1817 108 30 ämnet
503 1814 87 31 skall
612 1813 11 30 i
643 1811 178 33 huvudsak
842 1810 125 32 erhålla
990 1810 64 31 den
1073 1808 137 39 lydelse,
1233 1819 68 20 som
1323 1808 12 30 i
1357 1807 164 31 motionen
1543 1817 54 20 an-

100 1868 112 37 givits.

157 1918 63 32 Det
237 1930 116 25 genom
371 1915 245 40 propositionen
633 1914 191 37 framlagda
841 1912 159 36 förslaget
1017 1910 54 31 till
1088 1909 198 37 kungörelse
1302 1908 59 32 och
1379 1908 220 31 motionärens

102 1969 126 37 förslag
249 1973 56 27 äro
327 1980 40 19 av
389 1967 147 37 följande
557 1965 140 38 lydelse:

247 2032 134 41 (Kungl.
405 2030 119 41 Maj:ts
541 2028 149 41 förslag.)
1037 2023 235 42 (Motionärens
1287 2020 149 42 förslag.)

765 2089 181 41 Förslag

831 2143 54 27 till

136 2194 214 39 kungörelse
374 2191 178 40 angående
576 2189 129 33 handel
729 2189 77 32 med
885 2186 214 40 kungörelse
1122 2184 178 40 angående
1322 2183 271 38 registrering

202 2243 274 32 farmacevtiska
498 2241 254 40 specialiteter.
957 2246 50 22 av
1034 2233 488 39 varumiirkesskyddade

968 2285 279 33 farmacevtiska
1270 2283 251 41 specialiteter.

160 2353 201 37 Härigenom
389 2353 172 31 förordnas
589 2363 67 19 som
685 2350 110 37 följer:

820 2401 15 29 1
863 2399 27 36 $.

166 2456 70 31 Med
257 2455 234 31 farmacevtisk
512 2452 185 38 specialitet
717 2450 122 32 förstås
931 2449 75 32 Med
1028 2446 235 33 farmacevtisk
1281 2444 184 39 specialitet
1489 2443 118 31 förstås

109 2507 8 30 i
135 2507 103 31 denna
254 2506 194 35 kungörelse
462 2503 192 37 läkemedel,
671 2514 67 19 som
754 2502 11 30 i
779 2500 59 32 all-
877 2501 11 30 i
909 2501 107 31 denna
1037 2496 196 39 kungörelse
1255 2496 102 31 sådan
1379 2494 228 37 apoteksvara,

164 2555 109 35 Bihkang
299 2555 44 27 till
365 2554 165 34 riksdagens
551 2552 143 36 protokoll
719 2548 89 31 1934.
852 2547 19 29 I
894 2549 78 27 saml.
1013 2546 13 28 1
1051 2547 63 28 avd.
1160 2547 47 27 Nr
1231 2543 47 31 64.
1425 2552 40 18 905
1478 2552 25 18 34
1553 2545 7 26 1
