1872 2842
261 204 39 30 10

397 298 143 40 (Kungl.
567 300 115 38 Maj:ts
705 300 156 38 förslag.)

321 358 200 37 Specialitet,
544 370 67 20 som
631 370 78 26 nyss
731 364 37 26 är
787 359 130 38 nämnd,
939 359 52 31 må

262 408 192 37 registreras
473 410 83 29 utan
573 408 116 32 hinder
707 421 41 19 av
767 409 64 32 vad
850 409 11 31 i
881 410 17 30 6
917 408 18 38 $
955 414 37 26 är

261 459 143 36 stadgat.
435 458 149 38 Beviljas
605 459 144 31 ansökan
769 471 51 19 om
840 459 150 37 registre-

261 507 85 38 ring,
377 508 91 32 skola
498 508 255 32 föreskrifterna
783 510 13 30 i
824 510 19 31 8
873 509 17 37 $
918 509 72 32 icke

261 559 101 31 lända
390 559 52 31 till
473 558 229 35 efterrättelse,
735 560 114 31 förrän
879 562 45 29 ett
953 560 38 31 år

691 206 105 27 Första
821 206 193 35 lagutskottets
1037 206 146 27 utlåtande
1205 206 49 27 Nr
1278 207 47 27 64.

1188 298 239 39 (Motionärens
1450 299 154 39 förslag.)

1088 359 200 37 Specialitet,
1310 370 67 20 som
1397 370 79 26 nyss
1498 364 37 26 är
1555 359 130 37 nämnd,
1707 359 54 31 må

1032 409 191 37 registreras
1243 410 81 30 utan
1341 408 116 32 hinder
1477 421 41 19 av
1536 410 63 31 vad
1617 409 12 31 i
1648 410 18 30 6
1686 408 18 38 $
1723 414 38 26 är

1031 459 141 37 stadgat,
1195 459 83 31 dock
1299 462 49 28 att
1369 459 145 31 ansökan
1535 471 50 19 om
1606 460 153 35 inregist-

1030 511 111 35 rering
1177 509 75 31 sker
1289 513 108 27 senast
1435 509 64 32 den
1524 511 40 30 31
1592 509 167 31 december

1031 560 95 30 1934.
1167 559 148 37 Beviljas
1346 560 147 31 ansökan
1524 572 50 19 om
1607 560 151 37 registre-

1029 609 84 37 ring,
1138 609 91 32 skola
1256 609 211 38 beträffande
1491 610 95 32 dessa
1609 610 148 37 speciali-

1031 662 81 28 teter
1141 660 253 31 föreskrifterna
1422 661 12 31 i
1462 661 19 30 8
1513 660 18 37 $
1559 661 71 32 icke
1658 661 100 32 lända

1028 709 53 31 till
1101 709 229 38 efterrättelse,
1352 711 111 31 förrän
1485 713 47 29 ett
1551 712 36 30 år
1607 711 151 31 förflutit

1028 759 84 31 efter
1136 759 264 39 registreringen.

261 608 151 32 förflutit
435 609 88 31 efter
546 609 265 38 registreringen.

313 904 17 31 I
351 903 95 38 fråga
466 916 53 20 om
542 906 39 31 de
602 905 81 38 skäl,
705 918 69 19 som
796 907 90 37 ligga
906 907 52 32 till
980 910 109 35 grund
1111 909 51 31 för
1182 909 127 39 Kungl.
1332 911 115 37 Maj:ts
1469 912 137 38 förslag,
1628 913 53 31 får
1701 916 51 28 ut-

255 954 133 39 skottet,
408 956 11 30 i
438 956 63 31 den
520 957 76 30 mån
615 957 204 37 redogörelse
839 959 112 31 därför
970 960 28 37 ej
1019 960 126 31 lämnas
1163 961 60 31 här
1241 962 117 37 nedan,
1377 963 139 31 hänvisa
1535 962 53 32 till
1606 964 146 37 proposi-

252 1004 122 33 tionen.
406 1005 221 34 Beträffande
648 1008 238 38 motiveringen
906 1010 54 31 till
981 1010 218 33 motionärens
1221 1012 173 38 yrkanden
1415 1013 53 32 får
1489 1014 162 32 utskottet
1672 1015 79 31 hän-

254 1056 72 32 visa
347 1057 52 31 till
419 1056 175 34 motionen.

310 1157 123 33 Genom
454 1159 112 33 beslut
586 1161 61 31 den
668 1162 18 30 3
706 1161 64 37 juli
793 1162 80 31 1931
894 1162 244 38 bemyndigade
1159 1163 126 38 Kungl.
1307 1165 100 37 Maj:t
1426 1166 117 32 chefen
1564 1167 52 31 för
1636 1167 114 31 social-

253 1208 260 38 departementet
534 1212 49 30 att
604 1210 144 33 tillkalla
770 1212 273 38 utredningsmän
1064 1216 51 29 att
1134 1214 87 31 inom
1244 1215 261 37 departementet
1524 1216 131 33 biträda
1676 1218 74 31 med

252 1259 179 38 utredning
447 1259 170 39 angående
633 1262 155 37 åtgärder
805 1263 53 31 för
874 1263 246 38 nedbringande
1136 1275 42 20 av
1193 1264 111 39 prisen
1322 1266 19 31 å
1356 1266 183 33 läkemedel
1556 1280 40 19 m.
1614 1280 41 19 m.
1674 1268 75 32 Med

252 1310 179 38 anledning
455 1311 106 32 härav
587 1311 204 33 tillkallades
818 1313 322 37 generaldirektören
1165 1315 42 32 N.
1235 1316 192 39 Hellström,
1455 1317 208 39 ordförande,
1691 1330 58 20 nu-

251 1371 90 21 mera
362 1362 180 32 statsrådet
562 1362 42 33 H.
625 1363 40 31 V.
687 1363 78 39 Leo,
787 1363 248 38 borgmästaren
1057 1365 39 32 G.
1119 1366 40 32 A.
1182 1366 190 39 Björkman,
1394 1368 204 37 byråchefen
1618 1369 39 32 E.
1679 1369 69 31 Ma-

249 1413 83 36 térn,
352 1412 200 38 apotekaren
572 1413 31 32 S.
622 1413 32 32 J.
674 1413 196 39 Gullström,
890 1415 199 37 apotekaren
1107 1415 37 33 L.
1164 1417 41 32 A.
1224 1417 40 32 E.
1285 1417 179 33 Welander
1482 1420 60 30 och
1561 1420 188 32 direktören

249 1460 44 33 K.
314 1462 37 32 F.
371 1462 207 38 Kjellander.
609 1463 49 32 De
677 1464 211 38 sakkunniga
907 1466 41 31 ha
968 1466 147 32 därefter
1134 1468 61 31 den
1216 1469 40 30 20
1276 1468 62 38 juli
1360 1469 80 32 1932
1461 1470 129 37 avgivit
1609 1473 48 29 ett
1674 1471 73 32 med

248 1512 131 33 biträde
396 1525 41 20 av
456 1514 200 37 apotekaren
674 1515 149 32 filosofie
843 1516 139 32 doktorn
1001 1517 42 32 A.
1064 1518 41 31 A.
1125 1518 119 38 Rising
1263 1519 166 32 utarbetat
1448 1520 207 33 betänkande
1674 1522 73 31 med

249 1563 128 39 förslag
390 1564 54 32 till
460 1565 197 38 förordning
671 1567 170 35 angående
856 1567 119 32 handel
992 1568 73 31 med
1082 1568 256 33 farmacevtiska
1354 1570 220 38 specialiteter
1592 1569 46 40 (8.
1654 1571 36 32 O.
1706 1572 39 31 U.

249 1614 99 31 1932:
365 1612 65 39 20).

305 1661 85 35 Över
417 1667 38 31 de
481 1666 227 38 sakkunnigas
737 1667 128 38 förslag
891 1669 43 31 ha
960 1670 180 36 yttranden
1166 1670 146 37 avgivits
1340 1683 40 19 av
1407 1668 340 47 medicinalstyrelsen

247 1715 87 32 efter
349 1717 144 32 hörande
512 1729 41 20 av
571 1718 349 37 apotekarsocietetens
940 1720 166 31 direktion
1124 1724 83 29 samt
1224 1722 201 37 styrelserna
1438 1722 53 32 för
1506 1723 150 37 Sveriges
1670 1735 75 26 apo-

247 1766 252 39 tekarförbund,
544 1768 149 37 Sveriges
735 1769 340 39 farmacevtförbund,
1106 1772 139 31 svenska
1275 1773 287 38 läkarsällskapet,
1595 1774 150 37 Sveriges

245 1816 272 40 läkareförbund,
539 1819 137 32 svenska
695 1820 475 38 veterinärläkareföreningen
1189 1823 60 31 och
1269 1824 138 30 svenska
1426 1824 318 32 tandläkarsällska-

244 1870 67 36 pet,
337 1880 40 20 av
401 1868 348 38 kommerskollegium
776 1870 85 32 efter
884 1871 144 32 hörande
1053 1883 42 20 av
1120 1872 151 38 Sveriges
1297 1873 149 32 kemiska
1470 1874 273 39 industrikontor,

246 1917 152 38 Sveriges
419 1919 254 37 färghandlares
694 1920 216 34 riksförbund
931 1923 60 31 och
1013 1922 101 32 rikets
1135 1924 316 38 handelskammare,
1474 1937 41 19 av
1536 1927 126 36 patent-
1684 1926 60 31 och

245 1968 350 38 registreringsverket
615 1974 84 29 samt
721 1984 41 19 av
782 1972 152 32 tekniska
954 1973 193 37 högskolan.

301 2035 118 39 Enligt
441 2037 130 38 Kungl.
596 2038 114 37 Maj:ts
736 2039 358 39 medicinalordningar
1117 2041 61 32 den
1203 2043 40 31 30
1268 2042 135 32 oktober
1428 2043 84 32 1688
1537 2044 128 37 åligger
1688 2044 55 32 det

244 2087 177 37 apotekare
446 2090 50 29 att
520 2088 202 33 kontrollera
746 2089 276 33 beskaffenheten
1047 2102 41 21 av
1113 2092 38 32 de
1174 2092 193 39 läkemedel,
1392 2105 68 20 som
1486 2094 154 38 försäljas
1665 2095 77 31 från

245 2137 169 37 apoteken,
455 2137 118 34 Denna
611 2140 219 37 apotekarnas
868 2141 213 38 ansvarighet
1108 2142 53 32 för
1186 2143 192 32 utlämnade
1404 2144 183 33 läkemedel
1614 2145 61 31 har
1701 2157 41 20 av

245 2187 343 39 medicinalstyrelsen
605 2189 56 33 vid
678 2191 191 38 upprepade
887 2191 161 33 tillfällen
1066 2192 178 39 inskärpts,
1263 2193 100 33 bland
1382 2198 101 29 annat
1501 2195 12 30 i
1531 2198 47 29 ett
1596 2195 146 32 cirkulär

243 2238 64 32 den
336 2239 38 31 27
403 2250 86 21 mars
520 2240 93 39 1924,
642 2241 72 31 däri
741 2241 163 38 styrelsen
930 2242 126 32 erinrat
1082 2243 398 40 apoteksföreståndarna,
1509 2247 50 30 att
1586 2246 54 32 det
1668 2246 72 32 dem

242 2288 155 34 åvilande
424 2293 156 29 ansvaret
605 2291 53 32 för
683 2291 275 33 beskaffenheten
985 2305 41 19 av
1054 2294 189 38 läkemedel,
1272 2306 68 20 som
1367 2296 167 32 utlämnas
1561 2296 76 31 från
1664 2308 76 26 apo-

242 2339 108 39 teken,
371 2345 81 27 även
471 2341 113 37 gällde
604 2341 192 40 läkemedel,
817 2354 67 20 som
903 2343 109 32 såldes
1032 2345 13 31 i
1064 2344 411 39 originalförpackningar.
1508 2346 231 38 Apotekarnas

242 2390 144 32 nämnda
405 2390 197 38 skyldighet
621 2392 59 32 har
699 2392 63 33 lett
780 2392 54 32 till
853 2393 205 33 inrättandet
1077 2405 42 20 av
1137 2396 47 31 ett
1203 2395 53 32 för
1276 2395 101 32 rikets
1397 2396 120 38 apotek
1537 2399 204 35 gemensamt

242 2440 62 31 och
327 2452 40 20 av
387 2442 203 37 apotekarna
613 2443 105 37 själva
742 2444 162 32 anordnat
925 2445 514 39 undersökningslaboratorium,
1462 2447 177 38 apotekens
1662 2448 78 31 kon-

241 2489 315 34 trollaboratorium.
