2253 2660
440 164 40 32 18
905 163 245 32 Statsutskottets
1173 162 162 33 utlåtande
1358 163 53 31 Nr
1434 164 73 31 120.

395 244 112 37 äfven
537 243 58 38 för
623 243 203 37 framtiden
855 243 119 37 skulle
1003 242 119 39 blifva
1151 243 121 37 starkt
1299 243 180 50 gynnade
1508 246 50 48 på
1578 244 46 37 de
1644 244 181 38 svenskas
1845 244 150 38 bekost-

394 297 84 37 nad.
547 297 75 37 För
662 296 234 38 bedömande
936 297 12 36 i
989 297 99 36 hvad
1129 299 86 34 mån
1257 297 73 37 den
1371 297 136 50 gjorda
1543 297 297 50 anmärkningen
1867 297 128 38 kunde

395 364 107 24 anses
531 349 177 51 befogad,
735 349 68 38 har
821 350 185 36 utskottet
1026 350 120 50 enligt
1164 350 154 50 uppgift
1345 350 85 37 från
1453 350 324 50 sökandebolaget
1795 351 198 48 inhämtat,

394 409 54 31 att
475 404 152 49 Norges
656 408 133 44 export
817 403 41 37 af
882 408 169 32 trävaror
1079 406 48 48 på
1155 402 218 38 Australien
1400 403 120 37 under
1538 403 138 50 linjens
1695 403 302 38 verksamhetsår

394 457 125 36 ställer
548 457 61 48 sig
636 458 48 48 på
712 456 166 48 följande
906 456 73 36 vis:

698 520 42 34 år
770 519 96 35 1907
900 549 378 6 mossmsmmmmmmeee
1311 519 137 48 20,693
1479 518 211 49 standards,

716 583 17 23 »
772 572 97 35 1908
902 601 376 5 monoasnnsnnmnmmnvennr
1313 572 136 47 19.673
1559 583 18 24 »

714 637 17 22 ör
772 625 97 35 1900
903 654 165 5 mamman
1091 655 2 3 2
1113 655 85 4 mmm
1218 655 60 4 mu!
1315 625 136 47 dig
1410 620 46 56 LS
1560 637 17 23 »

710 689 19 23 »
770 678 99 34 1910
902 707 270 4 nvovomvmv
1192 707 75 4 vv
1313 678 137 45 19,640
1560 690 17 22 »

713 740 17 23 ör
770 729 95 35 LOLL
901 758 93 4 sammma
1076 758 25 4 som
1132 758 133 4 omm
1310 729 138 46 AOL
1557 741 18 23 »

527 798 179 49 Sveriges
750 803 133 44 export
923 800 48 47 på
997 797 217 37 Australien
1245 798 40 36 af
1308 798 128 50 plank,
1466 798 152 37 battens
1647 800 70 35 och
1744 799 136 37 bräder
1898 799 98 49 (hyf-

394 851 84 36 lade
514 850 68 39 och
613 849 187 50 ohyflade)
830 850 120 36 under
978 863 143 23 samma
1150 853 39 33 år
1218 850 66 36 har
1313 851 120 48 enligt
1461 851 535 49 trävaruexportföreningens

395 908 148 32 senaste
572 903 260 37 årsberättelse
859 905 163 47 uppgått
1049 902 72 36 till:

698 978 39 22 år
769 965 95 35 1907
898 995 305 5 soosm0mmmmmmvvnv
1260 996 14 3 vn
1333 966 113 45 -0,124
1476 965 211 47 standards,

713 1031 16 18 »
773 1017 98 36 1908
906 1048 224 5 mouasssnnnn
1151 1049 49 4 vn
1232 1049 14 3 vv
1317 1018 134 47 10.773
1559 1030 18 23 »

712 1082 18 22 »
773 1070 96 36 1909
902 1100 189 4 ooso0ns0vmn0n0n
1134 1102 3 2 0
1184 1101 48 4 oc
1338 1071 110 44 8.799
1559 1083 18 23 »

710 1135 18 23 »
769 1122 97 37 1910
899 1153 214 4 sosnsnnmnmnmnmnmnm
1146 1154 130 4 sv
1310 1123 135 48 21.257
1559 1136 18 23 »

709 1186 17 23 »
771 1176 94 34 1911
1263 1205 13 3 .
1309 1176 137 45 25,555
1559 1187 17 23 »
1684 1204 8 19 ,

395 1243 151 37 hvartill
590 1244 172 35 kommer
805 1244 71 35 913
921 1243 197 36 standards
1147 1244 116 35 andra
1291 1249 180 42 trävaror,
1502 1244 256 48 förmodligen
1785 1244 208 48 lådbräder,

395 1296 149 37 hvadan
573 1295 145 37 således
746 1295 85 37 hela
860 1301 181 44 exporten
1070 1298 41 34 år
1142 1297 95 35 1911
1268 1295 179 50 utgjorde
1476 1298 140 46 26,468
1647 1296 209 37 standards.

523 1348 121 37 Däraf
679 1348 179 49 framgår,
903 1353 65 41 att,
997 1348 122 36 under
1152 1348 62 37 det
1243 1349 71 36 den
1343 1349 139 36 norska
1510 1354 339 44 trävaruexporten
1875 1349 120 36 under

396 1401 121 37 denna
558 1400 54 36 tid
652 1400 108 37 hållit
792 1400 61 49 sig
881 1400 181 48 tämligen
1090 1400 192 48 konstant,
1312 1401 72 36 den
1413 1401 165 37 svenska
1607 1406 241 45 träexporten
1876 1401 119 36 under

396 1466 143 24 samma
566 1453 56 35 tid
652 1452 264 37 femdubblats.

523 1505 138 37 Vidare
689 1505 68 36 har
785 1504 56 37 till
868 1505 187 37 utskottet
1084 1506 83 35 från
1194 1505 154 49 bolaget
1378 1506 219 47 meddelats,
1624 1511 56 31 att
1698 1506 119 36 under
1838 1509 38 33 år
1898 1507 95 35 1911

395 1558 85 36 med
508 1557 138 49 linjens
676 1557 72 36 alla
776 1557 107 36 båtar
912 1558 103 36 såväl
1044 1558 165 36 svenska
1237 1571 81 23 som
1346 1558 139 36 norska
1514 1563 235 44 exporterats
1777 1558 84 36 från
1882 1558 114 37 Göte-

394 1610 98 49 borg
521 1611 111 45 3.976
663 1609 212 47 standards,
906 1609 82 37 från
1016 1609 263 37 Fredriksstad
1309 1611 110 47 6,051
1451 1610 201 37 standards
1682 1610 70 37 och
1778 1611 83 36 från
1880 1610 115 37 Norr-

395 1663 87 35 land
511 1663 74 35 470
615 1661 198 37 standards
842 1662 89 35 eller
959 1662 278 48 sammanlagdt
1267 1664 134 45 10,497
1433 1662 213 47 standards,
1677 1662 191 37 fördelade
1895 1665 48 46 på
1975 1665 18 32 7

395 1727 104 24 resor
541 1714 85 36 med
669 1714 46 36 de
756 1715 149 35 svenska
942 1714 169 48 båtarna,
1141 1714 85 37 med
1257 1716 109 46 2,991
1398 1714 201 37 standards
1628 1715 82 36 från
1739 1713 158 50 Sverige
1925 1714 71 37 och

394 1770 118 44 2,940
553 1769 86 41 från
675 1768 122 44 Norge
834 1772 98 30 samt
959 1770 48 45 på
1037 1767 20 35 5
1086 1779 105 24 resor
1220 1766 84 37 med
1334 1767 45 36 de
1408 1769 133 34 norska
1569 1767 170 48 båtarna,
1768 1767 86 36 med
1882 1769 115 45 1,455

395 1820 194 35 standards
624 1820 94 42 från
754 1819 145 45 Sverige
928 1819 71 36 och
1028 1820 110 43 3,111
1170 1819 83 36 från
1281 1819 141 48 Norge.
1478 1819 56 35 De
1564 1819 165 36 svenska
1756 1819 158 36 båtarna
1940 1825 57 30 ut-

396 1870 172 37 fraktade
611 1870 142 37 således
797 1870 82 36 från
923 1870 199 48 Göteborg
1163 1871 70 36 och
1260 1870 268 37 Fredriksstad
1557 1871 279 49 sammanlagdt
1864 1871 133 36 endast

399 1924 109 47 53,461
541 1923 210 46 standards,
781 1922 91 37 eller
897 1922 177 49 omkring
1103 1925 47 35 20
1171 1928 156 44 procent
1350 1923 43 36 af
1409 1922 178 50 Sveriges
1607 1923 84 37 hela
1711 1927 285 46 trävaruexport

395 1978 49 47 på
472 1975 227 37 Australien.
744 1974 68 38 Om
844 1974 45 37 de
919 1975 162 37 svenska
1109 1975 169 47 båtarna,
1307 1975 130 37 hvilka
1465 1976 121 36 under
1614 1975 63 37 det
1696 1978 52 45 år,
1769 1976 156 36 hvarom
1946 1988 50 23 nu

397 2032 41 32 är
468 2028 117 48 fråga,
614 2027 84 37 icke
727 2027 95 37 hade
850 2032 187 45 utrymme
1065 2027 59 37 för
1151 2041 79 23 mer
1257 2032 182 42 trävaror,
1470 2032 47 32 än
1546 2041 78 24 som
1647 2028 41 36 af
1704 2028 84 37 dem
1808 2028 190 36 därunder

397 2080 216 47 utfraktats,
629 2080 12 35 i
661 2080 124 36 stället
805 2080 58 36 för
883 2084 171 32 trävaror
1073 2080 84 36 från
1176 2081 129 48 Norge
1324 2080 186 36 utfraktat
1530 2093 46 23 en
1596 2080 264 37 motsvarande
1878 2080 118 36 kvan-

396 2132 84 37 titet
507 2137 169 32 trävaror
704 2132 84 36 från
817 2131 172 50 Sverige,
1019 2132 120 37 skulle
1169 2132 143 37 således
1343 2132 42 50 af
1409 2132 178 49 Sveriges
1615 2133 85 36 hela
1728 2138 194 43 träexport
1948 2135 49 46 på

396 2183 217 38 Australien
654 2184 120 37 under
820 2187 40 33 år
905 2186 95 34 1911
1049 2186 172 35 återstått
1267 2186 48 35 80
1355 2190 168 45 procent,
1562 2198 79 23 som
1670 2184 12 37 i
1711 2184 94 37 brist
1832 2187 48 47 på
1907 2184 89 37 last-

395 2243 189 43 utrymme
611 2237 11 35 i
652 2237 131 48 hvarje
824 2237 65 36 fall
930 2237 83 36 icke
1053 2237 145 36 kunnat
1240 2237 40 36 af
1317 2237 44 36 de
1404 2237 164 36 svenska
1604 2237 159 37 båtarna
1796 2237 199 47 utfraktas,

396 2295 90 30 utan
514 2291 98 35 måst
639 2292 48 45 på
716 2302 124 23 annan
869 2294 77 43 väg
974 2294 275 43 transporteras
1279 2289 56 36 till
1363 2289 226 37 Australien.
