2198 2616
357 164 21 28 4
597 163 118 32 Andra
739 164 204 32 kammarens
961 166 116 39 första
1104 165 169 40 tillfälliga
1297 166 134 32 utskotts
1454 167 171 31 utlåtande
1648 167 53 31 Nr
1726 171 28 28 9.

980 351 81 31 Till
1091 351 243 42 Konungen.

462 420 80 31 Med
578 421 237 32 återställande
851 433 43 21 av
927 422 177 33 närslutna
1139 423 124 42 nådiga
1299 424 118 32 remiss
1448 425 54 31 får
1524 425 398 42 folkskolöverstyrelsen
1947 428 11 30 i

357 464 139 33 ärendet
520 465 11 30 i
555 465 274 42 underdånighet
852 469 90 39 yttra
965 467 171 41 följande:

462 509 16 31 I
503 509 107 32 likhet
635 510 77 32 med
736 511 213 32 motionären
973 522 100 22 anser
1089 512 257 42 överstyrelsen,
1364 516 49 29 att
1429 513 66 32 den
1512 514 228 39 verksamhet,
1759 526 72 21 som
1849 516 109 31 under

355 563 42 21 en
432 553 88 42 följd
554 564 44 23 av
622 555 37 30 år
683 554 64 33 och
770 555 10 31 i
805 555 152 33 alltmera
982 556 157 33 växande
1164 557 208 42 omfattning
1396 561 136 30 utövats
1556 569 44 22 av
1625 559 41 32 de
1691 570 23 21 s.
1740 559 32 33 k.
1798 560 159 34 skollovs-

354 598 209 39 kolonierna,
589 599 88 33 varit
700 600 219 42 synnerligen
943 601 172 32 värdefull
1139 601 62 33 och
1230 602 403 42 välsignelsebringande.
1682 604 205 33 Strävandet
1909 608 49 29 att

355 643 123 31 bereda
508 643 128 32 sådana
661 644 83 32 barn
768 655 41 21 ur
833 645 41 31 de
899 645 215 33 ekonomiskt
1138 646 132 32 mindre
1294 647 141 42 lyckligt
1458 647 127 33 lottade
1610 649 344 35 samhällsklasserna,

354 697 73 21 som
464 692 57 27 äro
557 698 105 31 svaga
698 689 64 32 och
797 689 148 42 sjukliga
969 691 64 31 och
1057 691 75 32 leva
1157 691 108 32 under
1289 692 247 39 förhållanden,
1562 703 74 22 som
1660 693 123 32 hindra
1807 694 78 32 dem
1909 698 48 28 att

354 736 88 28 växa
477 743 72 31 upp
584 733 52 32 till
670 734 132 31 normal
837 734 95 32 hälsa
968 735 65 32 oeh
1057 736 125 41 styrka,
1207 736 133 32 tillfälle
1366 741 48 28 att
1437 737 109 31 under
1571 739 245 32 sommartiden
1842 739 112 32 stärka

354 776 73 32 sina
457 777 130 32 krafter
611 788 122 31 genom
758 779 135 32 vistelse
917 779 10 31 i
952 790 59 21 ren
1036 780 148 38 lantluft,
1210 780 110 33 under
1343 781 67 41 god
1435 782 214 32 omvårdnad
1673 783 62 32 och
1759 784 80 32 med
1863 784 89 32 sund

352 821 63 42 och
439 821 180 43 tillräcklig
642 823 130 41 näring,
799 825 107 31 måste
929 824 172 33 betraktas
1130 827 111 30 såsom
1265 825 10 31 i
1300 825 84 32 allra
1407 826 120 41 högsta
1551 827 86 41 grad
1653 827 297 43 samhällsnyttigt.

352 866 48 31 Ar
423 866 76 31 från
524 868 37 29 år
585 866 62 32 har
671 867 90 32 detta
785 868 124 38 arbete,
935 880 72 21 som
1033 869 169 33 allraförst
1226 870 206 41 igångsattes
1456 871 11 30 i
1491 872 84 31 våra
1598 871 87 32 båda
1702 875 122 29 största
1840 873 112 32 städer

352 910 54 31 för
430 912 104 40 något
558 922 74 21 mer
655 916 43 27 än
723 912 41 32 30
789 914 37 30 år
850 913 112 39 sedan,
989 914 98 32 vuxit
1110 914 11 30 i
1148 914 141 42 omfång
1314 914 64 33 och
1401 915 173 41 betydelse
1602 916 62 33 och
1688 917 124 32 vunnit
1828 917 123 32 anslut-

352 954 83 42 ning
470 955 10 31 i
520 955 60 33 allt
615 956 85 32 flera
733 957 197 39 samhällen,
967 960 114 30 såsom
1117 959 152 41 framgår
1292 969 44 22 av
1360 959 176 33 närslutna
1560 963 168 39 årgångar
1750 972 44 21 av
1818 961 66 33 den
1908 973 44 21 av

352 999 293 42 centralstyrelsen
680 1002 54 31 för
769 1001 156 43 Sveriges
953 1002 174 33 allmänna
1150 1003 418 43 folkskollärareförening
1591 1006 143 41 utgivna
1757 1005 193 33 tidskriften

355 1056 12 15 »
373 1043 248 43 Föreningen»,
651 1045 72 32 däri
747 1056 43 21 en
814 1047 55 31 del
892 1047 177 42 uppgifter
1093 1048 136 32 samlats
1254 1049 145 32 rörande
1422 1049 529 34 skollovskoloniverksamheten

351 1089 79 41 (årg.
459 1090 87 30 1914
569 1089 61 32 sid.
658 1091 62 31 108
745 1102 28 21 o.
799 1091 52 37 ff.,
878 1093 68 40 årg.
974 1093 85 31 1916
1085 1092 61 33 sid.
1173 1093 62 31 159
1260 1104 29 21 o.
1315 1093 63 41 ff.)

457 1134 59 32 Att
550 1134 335 33 skolovskolonierna
913 1136 132 32 kunnat
1070 1137 104 32 vinna
1198 1137 66 32 den
1288 1141 91 28 stora
1403 1138 209 42 utbredning
1636 1139 10 30 i
1671 1141 74 30 vårt
1769 1140 90 38 land,
1877 1151 74 21 som

351 1177 41 32 de
426 1188 144 22 numera
606 1184 73 36 äga,
704 1184 38 27 är
765 1180 274 43 huvudsakligen
1064 1185 49 29 att
1136 1182 166 33 tillskriva
1326 1183 152 32 enskilda
1502 1194 178 31 personers
1705 1185 246 41 offervillighet

351 1222 63 32 och
449 1223 200 41 behjärtade
686 1225 292 42 ansträngningar.
1027 1226 208 42 Visserligen
1259 1227 69 31 kan
1353 1227 56 33 det
1432 1228 147 38 befaras,
1605 1232 50 28 att
1678 1232 47 29 ett
1748 1229 202 41 påkallande

350 1277 42 22 av
417 1271 128 29 statens
570 1269 241 33 mellankomst
834 1270 108 32 skulle
967 1270 119 32 kunna
1110 1272 10 30 i
1144 1273 111 40 någon
1282 1274 80 39 mån
1387 1273 139 31 komma
1550 1276 50 29 att
1623 1274 162 41 försvaga
1809 1274 66 31 den
1896 1285 53 21 en-

350 1311 109 32 skilda
492 1312 263 34 verksamheten
790 1315 54 32 för
868 1315 357 33 skollovskolonierna.
1276 1316 256 42 Överstyrelsen
1559 1318 93 32 delar
1676 1318 87 32 dock
1787 1319 162 32 motionä-

350 1366 77 22 rens
462 1357 97 38 åsikt,
597 1361 49 29 att
681 1358 40 32 de
746 1359 120 39 medel,
897 1371 72 21 som
993 1360 121 33 hittills
1137 1361 133 32 kunnat
1297 1361 209 42 uppbringas
1530 1362 56 32 för
1609 1363 57 31 det
1689 1363 260 41 ifrågavarande

350 1401 203 39 ändamålet,
579 1403 88 31 varit
691 1403 94 42 långt
809 1404 90 32 ifrån
924 1404 201 43 tillräckliga
1150 1406 62 32 och
1236 1410 49 29 att
1314 1407 92 31 detta
1435 1406 160 32 ändamål
1619 1407 11 31 i
1655 1409 36 30 så
1714 1407 69 42 hög
1806 1408 84 41 grad
1913 1413 37 27 är

350 1449 49 29 att
433 1456 81 22 anse
550 1457 76 22 som
662 1451 46 29 ett
732 1448 316 40 samhällsintresse,
1073 1453 49 29 att
1145 1450 56 32 det
1224 1451 63 31 bör
1310 1462 43 20 av
1378 1451 56 31 det
1458 1451 176 33 allmänna
1657 1456 95 37 tagas
1776 1463 56 21 om
1857 1452 91 32 hand

350 1490 63 32 och
436 1492 45 40 på
504 1491 175 33 verksamt
702 1496 67 28 sätt
793 1493 137 41 stödjas.
978 1494 103 32 Detta
1105 1495 92 32 torde
1222 1496 64 31 ock
1309 1496 116 31 kunna
1449 1496 59 31 ske
1533 1500 85 28 utan
1642 1500 49 29 att
1714 1497 66 32 den
1797 1497 153 32 enskilda

350 1535 262 33 verksamheten
647 1537 55 32 för
736 1538 65 31 den
835 1538 88 41 goda
959 1539 105 32 saken
1098 1558 43 4 —
1165 1551 41 21 en
1230 1540 218 32 verksamhet
1472 1551 74 21 som
1570 1541 31 41 ej
1628 1541 84 32 blott
1735 1541 51 32 till
1811 1542 57 32 det
1890 1542 58 31 hu-

350 1580 203 42 vudsakliga
588 1581 174 33 anskaffat
798 1583 41 31 de
864 1583 223 42 erforderliga
1111 1584 290 42 penningmedlen
1424 1588 83 29 utan
1532 1590 88 28 även
1644 1586 121 32 tillfört
1789 1586 159 32 skollovs-

349 1624 200 33 kolonierna
585 1626 66 31 den
687 1630 89 28 stora
809 1627 248 33 allmänhetens
1082 1628 175 42 välvilliga
1280 1630 141 32 intresse
1446 1630 64 32 och
1535 1630 197 42 därigenom
1757 1631 89 32 varit
1870 1631 78 31 dem

349 1668 51 32 till
423 1670 178 32 moraliskt
624 1670 75 32 stöd
724 1690 41 3 —
790 1671 150 33 behöver
963 1678 99 36 göras
1088 1674 198 41 överflödig.

456 1714 65 32 Det
557 1725 101 31 synes
694 1717 246 40 överstyrelsen
975 1717 117 33 vidare
1129 1718 80 32 böra
1239 1719 151 38 betonas,
1415 1722 48 29 att
1486 1729 43 21 en
1554 1719 107 32 sådan
1685 1720 60 32 sak
1769 1731 74 21 som
1867 1720 84 32 skol-

349 1758 456 34 lovskoloniverksamheten
833 1754 11 55 =
864 1762 164 40 givetsvis
1075 1763 61 32 bör
1172 1773 98 22 anses
1328 1774 73 21 som
1452 1767 48 29 ett
1549 1764 216 33 kommunalt
1811 1765 140 32 intresse

349 1802 63 33 och
448 1803 173 32 måhända
657 1805 11 30 i
703 1805 108 32 första
846 1810 149 29 rummet
1031 1818 75 21 som
1142 1811 47 28 ett
1213 1808 130 32 sådant.
1391 1808 65 32 Det
1480 1819 81 21 vore
1585 1808 73 33 helt
1680 1809 84 33 visst
1787 1810 32 41 ej
1844 1809 107 33 hälso-

349 1851 98 35 samt,
485 1859 56 21 om
577 1849 214 33 kommunen
816 1850 79 32 med
919 1851 170 32 avseende
1113 1854 44 39 på
1180 1852 42 33 de
1245 1852 203 42 hygieniska
1473 1853 64 32 och
1562 1853 184 32 moraliska
1769 1854 181 32 förhållan-

349 1892 75 37 den,
461 1892 10 31 i
507 1893 94 32 vilka
635 1893 76 33 dess
748 1895 227 41 skolungdom
1012 1897 159 32 befinner
1206 1897 62 41 sig,
1304 1897 141 41 fritoges
1480 1898 79 31 från
1584 1898 60 32 allt
1668 1909 123 22 ansvar
1815 1898 64 33 och
1902 1902 50 28 att

349 1940 109 28 staten
494 1937 109 33 skulle
639 1942 154 38 gottgöra
829 1940 67 31 vad
931 1951 74 21 som
1038 1941 94 32 inom
1156 1941 212 33 kommunen
1393 1942 11 31 i
1427 1942 121 32 sådant
1572 1943 168 32 avseende
1764 1943 99 33 bleve
1886 1944 65 31 för-

349 1985 159 29 summat.
556 1982 61 33 Ait
640 1983 104 32 tänka
767 1984 52 41 sig
843 1984 528 35 skollovskoloniverksamheten
1395 1986 69 33 helt
1488 1987 64 32 och
1576 1987 104 33 hållet
1704 1999 72 21 som
1798 1999 44 21 en
1858 1991 94 29 stats-

348 2026 248 42 angelägenhet
632 2038 79 22 vore
747 2028 11 31 i
794 2029 94 41 varje
912 2029 61 32 fall
998 2040 43 22 en
1066 2030 172 33 avvikelse
1263 2032 79 31 från
1367 2031 230 41 grundsatser,
1622 2043 73 21 som
1719 2035 44 39 på
1786 2033 165 31 likartade

349 2071 162 32 områden
535 2071 121 33 hittills
680 2073 263 41 upprätthållits.

457 2116 60 32 Att
541 2116 113 32 denna
677 2117 218 34 verksamhet
919 2123 36 27 är
979 2129 43 21 av
1047 2119 106 32 sådan
1177 2119 184 42 betydelse,
1387 2124 48 29 att
1458 2121 57 32 det
1540 2121 79 32 med
1643 2121 72 32 skäl
1738 2122 68 31 kan
1831 2122 119 40 ifråga-

348 2163 103 29 sättas
487 2160 175 33 huruvida
689 2161 73 38 den
799 2162 73 32 icke
908 2163 104 32 borde
1049 2168 98 37 göras
1182 2164 51 32 till
1268 2165 146 32 föremål
1436 2166 54 31 för
1518 2165 197 33 omedelbar
1739 2166 212 32 omvårdnad

349 2204 101 33 också
480 2206 78 31 från
596 2209 127 29 statens
759 2206 82 39 sida,
877 2208 94 32 torde
997 2208 187 33 emellertid
1208 2220 83 22 vara
1315 2210 220 41 obestridligt.
1584 2210 76 32 Den
1683 2215 37 27 är
1743 2211 31 41 ej
1800 2211 87 31 blott
1908 2221 43 21 en

348 2249 456 43 fattigvårdsangelägenhet
839 2256 83 28 utan
956 2253 72 38 har,
1055 2255 112 31 såsom
1202 2254 10 31 i
1248 2254 173 32 motionen
1446 2255 62 32 ock
1532 2255 155 41 antydes,
1712 2255 164 41 åtskilligt
1899 2266 52 31 ge-

348 2298 170 28 mensamt
560 2295 79 32 med
676 2295 65 32 den
777 2296 173 32 allmänna
986 2297 108 33 hälso-
1119 2298 61 32 och
1206 2298 219 41 sjukvården,
1450 2299 136 33 särskilt
1610 2300 340 40 tuberkulosvården,
