2228 2638
436 170 19 33 8
581 169 121 32 Första
727 169 224 33 Kammarens
979 168 189 40 Tillfälliga
1196 167 144 33 Utskotts
1364 167 81 37 (N:o
1473 172 33 33 1)
1535 167 174 33 Utlåtande
1734 169 66 32 N:o
1823 170 53 30 26.

543 250 82 37 Mot
651 249 44 38 de
723 250 39 36 af
791 249 226 37 motionären
1037 248 221 37 omnämnda
1284 247 205 39 fördelarna
1509 248 38 36 af
1566 247 97 37 detta
1683 255 138 40 system
1841 249 72 37 kan
1933 250 115 35 sättas

435 304 96 36 vissa
561 302 208 48 betänkliga
798 302 202 37 nackdelar.
1057 301 142 38 Genom
1229 307 54 31 att
1310 302 101 47 gifva
1440 301 186 47 offentliga
1645 300 128 49 bidrag
1791 303 57 36 till
1868 302 180 37 arbetare-

436 358 128 36 kassor
591 356 136 36 drifver
756 368 85 25 man
870 355 190 37 arbetaren
1088 355 38 36 in
1154 356 12 35 i
1194 355 296 47 organisationer,
1516 354 82 37 med
1618 354 127 37 hvilka
1764 355 138 38 sådana
1921 356 129 36 kassor

435 414 61 33 äro
539 409 216 37 förbundna.
813 409 111 36 Detta
966 408 67 36 har
1072 415 74 30 stor
1174 408 186 48 betydelse
1388 408 11 36 i
1428 414 52 30 ett
1508 407 95 44 land,
1632 407 66 36 där
1726 408 322 38 arbetarerörelsen

434 463 304 47 hufvudsakligen
768 465 41 35 är
836 462 147 48 politisk
1014 462 69 37 och
1112 462 65 36 där
1206 461 474 49 arbetarorganisationerna
1708 461 57 36 till
1793 464 131 35 största
1944 463 105 36 delen

435 517 143 37 ansluta
615 517 54 47 sig
705 516 56 37 till
791 515 368 38 socialdemokratien.
1215 515 59 36 En
1303 528 121 23 annan
1452 521 76 31 stor
1556 514 252 48 betänklighet
1836 516 81 36 med
1945 516 102 37 detta

436 576 137 42 system
602 573 48 40 är,
680 575 54 31 att
763 569 61 36 det
851 569 184 48 offentliga
1065 568 163 47 bidraget
1256 568 166 37 kommer
1441 568 127 36 endast
1587 574 51 30 ett
1657 568 194 36 mindretal
1871 569 55 36 till
1945 570 105 47 godo.

435 624 74 36 Det
549 623 113 37 måste
701 623 59 36 väl
799 636 104 23 anses
933 636 86 22 vara
1056 622 191 49 olämpligt
1285 622 69 37 och
1392 622 204 48 betänkligt
1632 627 54 31 att
1724 621 83 37 med
1840 623 210 36 statsmedel

434 677 232 49 understödja
708 690 45 23 en
795 676 217 48 försäkring,
1055 688 78 24 som
1176 676 173 36 omfattar
1377 675 127 37 endast
1532 688 44 23 en
1605 675 57 36 del
1690 676 39 35 af
1757 673 92 45 dem,
1878 687 78 24 som
1985 679 64 43 äro

435 736 136 31 utsatta
599 731 56 35 för
682 730 240 38 arbetslöshet
950 729 68 39 och
1047 729 110 37 bland
1185 729 106 37 dessa
1319 729 92 44 dem,
1440 742 77 24 som
1548 732 62 33 äro
1639 728 110 37 minst
1769 734 136 30 utsatta
1923 728 128 37 härför

435 784 67 37 och
545 797 79 24 som
661 787 62 33 äro
769 784 83 36 bäst
889 784 12 35 i
939 782 109 38 stånd
1076 789 53 30 att
1157 783 125 49 hjälpa
1311 783 54 47 sig
1394 783 139 49 själfva,
1561 781 115 37 under
1704 782 62 36 det
1794 787 54 31 att
1875 787 176 43 systemet

434 838 141 38 lämnar
603 844 88 30 utan
719 837 103 49 hjälp
851 837 140 36 kanske
1019 836 69 39 den
1117 839 114 35 större
1259 836 104 38 delen
1392 836 67 37 och
1488 835 192 37 däribland
1709 835 93 44 dem,
1831 835 126 36 hvilka
1986 838 63 34 äro

435 896 93 32 mest
555 892 13 35 i
598 890 109 37 behof
734 891 38 36 af
799 890 110 50 hjälp.
966 889 292 50 Gent-systemet
1292 889 183 49 tillämpas
1504 889 12 36 i
1545 889 86 36 flera
1659 888 122 37 städer
1808 889 12 35 i
1849 888 159 49 Belgien,
2037 889 13 36 i

435 945 214 42 Frankrike,
677 944 193 39 Danmark
898 943 69 38 och
996 943 132 49 Norge.
1183 943 20 36 I
1231 943 202 44 Danmark,
1461 943 66 36 där
1546 956 44 23 en
1610 943 57 48 lag
1689 955 58 24 om
1771 942 278 36 arbetslöshets-

436 999 126 35 kassor
589 997 127 38 trädde
744 998 12 35 i
794 998 101 37 kraft
923 997 69 36 den
1024 999 18 34 1
1075 996 143 50 augusti
1251 997 101 36 1907
1383 1002 54 31 att
1463 996 97 49 gälla
1588 996 114 37 under
1733 997 21 35 5
1785 995 50 44 år,
1864 995 66 36 har
1955 1009 95 31 man,

436 1051 121 37 såsom
600 1052 38 36 af
668 1052 184 37 motionen
881 1050 168 50 framgår,
1079 1050 83 39 sökt
1189 1063 60 24 om
1279 1050 141 48 möjligt
1448 1049 202 48 motarbeta
1678 1049 45 37 de
1753 1048 298 49 betänkligheter,

434 1105 151 37 hvarom
614 1105 12 36 i
654 1104 61 37 det
743 1104 216 49 föregående
988 1104 117 36 talats.
1160 1103 139 37 Likaså
1327 1104 13 35 i
1368 1103 132 49 Norge,
1524 1103 66 37 där
1610 1116 44 23 en
1678 1103 85 48 lag
1741 1098 20 61 i
1780 1102 127 49 frågan
1923 1102 127 53 trädde

435 1160 11 34 i
485 1159 100 36 kraft
621 1158 70 36 den
733 1161 17 34 1
794 1158 153 37 oktober
987 1159 101 35 1906
1128 1163 55 31 att
1210 1157 96 48 gälla
1336 1157 55 36 till
1419 1157 182 49 utgången
1630 1157 37 36 af
1695 1156 41 36 år
1767 1158 113 35 1911.
1936 1157 115 35 Annu

435 1212 101 36 torde
574 1211 199 38 emellertid
802 1211 82 37 från
913 1211 104 37 dessa
1045 1211 126 36 länder
1199 1211 30 49 ej
1260 1210 137 38 sådana
1412 1210 240 38 erfarenheter
1677 1210 186 48 föreligga,
1891 1215 61 46 att
1976 1223 75 23 man

434 1265 46 49 på
509 1265 82 36 dem
620 1266 74 36 kan
723 1271 88 31 utan
840 1265 122 36 vidare
989 1264 141 49 grunda
1157 1264 208 37 införandet
1393 1264 37 36 af
1458 1263 300 50 systemet
1643 1259 23 59 i
1683 1259 79 59 vårt
1773 1263 95 36 land.
1923 1264 125 35 Afven

437 1320 65 35 här
532 1319 159 36 befinner
718 1332 85 24 man
834 1319 54 48 sig
916 1318 46 49 på
991 1317 288 39 försöksstadiet.

570 1375 17 35 I
629 1374 202 50 Tyskland,
877 1373 336 50 ursprungslandet
1256 1373 58 36 för
1356 1373 70 36 den
1465 1374 136 35 sociala
1640 1372 269 49 försäkringen,
1939 1371 113 37 hafva

435 1430 217 46 visserligen
679 1429 119 47 gjorts
818 1427 200 50 vidlyftiga
1038 1427 246 49 utredningar
1303 1426 189 50 angående
1514 1425 535 49 arbetslöshetsförsäkringen,

437 1495 84 23 men
552 1487 90 30 utan
672 1482 168 35 resultat.

570 1534 182 49 England,
788 1547 79 23 som
896 1534 113 39 redan
1040 1533 158 36 radikalt
1225 1535 74 34 löst
1328 1532 465 50 olycksfallsförsäkrings-
1823 1537 95 31 samt
1945 1534 106 34 inva-

435 1588 160 35 liditets-
633 1588 67 35 och
740 1586 630 49 ålderdomsförsäkringsfrågorna,
1409 1587 77 45 har,
1521 1587 120 35 ehuru
1671 1586 245 36 arbetslöshet
1944 1586 66 36 där
2038 1587 13 34 i

436 1643 99 47 regel
566 1641 249 36 förekommer
842 1642 12 34 i
883 1641 110 48 högst
1012 1639 211 50 betydande
1243 1639 241 49 omfattning,
1505 1640 97 36 intet
1621 1640 138 48 åtgjort
1780 1638 59 37 för
1852 1639 198 36 införande

435 1694 40 37 af
501 1693 486 50 arbetslöshetsförsäkring.

570 1748 68 35 Att
666 1748 245 35 arbetslöshet
939 1747 248 38 förekommer
1215 1746 109 37 äfven
1353 1748 12 34 i
1394 1750 79 33 vårt
1502 1746 88 36 land
1619 1747 66 35 har
1712 1747 163 48 påvisats
1895 1745 61 37 vid
1976 1745 72 37 den

436 1802 433 48 arbetslöshetsräkning,
901 1813 79 23 som
1010 1800 95 37 efter
1131 1802 164 36 initiativ
1324 1799 82 37 från
1435 1801 218 48 regeringen
1673 1801 210 35 verkställts
1904 1799 70 36 den
2000 1801 46 34 12

431 1856 150 46 januari
615 1856 111 35 1909.
785 1854 56 36 Af
865 1855 71 35 den
965 1855 62 35 vid
1056 1857 190 35 motionen
1268 1853 133 49 fogade
1422 1854 246 35 summariska
1689 1852 178 37 öfversikt
1885 1852 165 49 framgår

433 1908 208 36 emellertid
669 1909 46 47 ej,
746 1908 100 35 huru
876 1911 135 46 många
1039 1908 41 36 af
1105 1909 44 36 de
1179 1908 214 43 arbetslösa,
1423 1920 78 23 som
1531 1908 94 35 varit
1645 1909 39 33 så
1704 1907 144 35 kallade
1871 1913 177 42 »säsong-

435 1962 204 44 arbetare»,
679 1962 34 35 d.
753 1975 33 22 v.
827 1975 27 22 s.
886 1961 147 45 sådana,
1064 1962 123 36 hvilka
1215 1963 13 34 i
1257 1964 81 33 vårt
1366 1961 88 35 land
1482 1960 62 37 vid
1573 1960 70 36 den
1673 1960 127 44 årstid,
1832 1960 45 35 då
1906 1960 141 35 arbets-

433 2016 347 47 löshetsräkningen
824 2014 174 49 företogs,
1042 2017 13 33 i
1098 2017 99 47 regel
1235 2016 111 47 pläga
1379 2028 86 22 vara
1494 2014 202 36 arbetslösa
1738 2014 69 35 och
1838 2013 57 35 för
1922 2013 127 35 hvilka

434 2082 45 22 en
509 2067 474 50 arbetslöshetsförsäkring
1016 2069 81 35 icke
1129 2076 40 28 är
1197 2068 139 36 afsedd.
1392 2068 72 35 Det
1492 2067 104 36 torde
1627 2066 36 36 få
1691 2072 166 43 antagas,
1888 2071 54 30 att
1971 2073 77 28 sär-

434 2122 112 35 skildt
583 2124 13 33 i
635 2122 171 37 städerna
844 2127 52 30 ett
932 2122 110 48 högst
1071 2121 183 37 afsevärdt
1284 2122 101 35 antal
1415 2120 36 37 af
1480 2121 45 36 de
1554 2120 171 36 anmälda
1755 2120 201 35 arbetslösa
1986 2124 61 30 ut-

432 2176 118 46 gjorts
584 2176 81 47 just
704 2175 41 36 af
779 2175 313 48 säsongarbetare.
1159 2175 113 36 Detta
1301 2175 208 48 antagande
1539 2175 142 48 styrkes
1711 2172 109 37 däraf
1845 2177 54 31 att
1927 2173 120 48 enligt

433 2242 127 22 senare
591 2228 192 49 uppgifter
811 2228 29 47 (i
870 2227 258 51 dagspressen)
1158 2230 140 35 antalet
1328 2229 201 36 arbetslösa
1557 2241 166 31 numera,
1755 2226 112 36 sedan
1893 2232 153 42 säsong-

432 2281 191 49 företagen
654 2286 78 32 åter
759 2282 134 47 börjat,
924 2289 40 29 är
992 2283 110 48 högst
1121 2283 200 47 väsentligt
1342 2282 229 43 reduceradt,
1594 2281 117 35 ehuru
1734 2283 123 46 någon
1878 2281 168 46 stegring
