1908 2830
265 154 39 31 10
705 158 263 28 Statsutskottets
992 159 168 27 utlåtande
1181 159 45 27 Nr
1250 158 47 29 34.

262 229 193 43 betsgivare
477 230 258 33 tillhandahölle
759 231 76 32 sina
857 231 175 38 anställda,
1058 233 107 29 måste
1188 231 141 31 alldeles
1353 231 138 31 särskilt
1512 231 247 41 uppmärksam-

265 291 81 21 mas.
381 281 330 32 Bostadsbeståndet
732 282 92 31 inom
847 284 128 29 statens
997 282 179 41 järnvägar
1197 282 122 38 kunde,
1344 282 149 32 uttalade
1516 283 180 41 riksdagen
1718 283 44 31 vi-

266 331 89 38 dare,
381 331 72 32 icke
477 343 100 20 anses
604 332 327 32 tillfredsställande.
966 333 68 31 Det
1060 333 106 31 totala
1190 333 127 32 antalet
1342 333 340 41 bostadslägenheter
1704 334 58 30 vid

266 384 132 29 statens
419 382 177 41 järnvägar
617 382 156 42 utgjorde
795 383 102 38 8,251,
919 394 40 20 av
979 383 90 31 vilka
1090 383 73 31 icke
1185 383 131 32 mindre
1338 385 42 29 än
1401 383 91 38 2,594
1513 395 79 20 vore
1615 395 147 20 enrums-

264 432 205 41 lägenheter.
489 433 222 31 Beträffande
730 433 150 31 sanitära
897 433 236 42 anordningar,
1153 436 112 29 såsom
1282 434 258 42 vattenledning
1558 434 62 31 och
1639 434 123 42 avlopp

264 485 89 29 samt
375 483 141 41 tillgång
537 483 55 31 till
614 485 186 39 tvättstuga
823 494 28 21 o.
876 495 24 19 s.
924 495 39 26 v.,
986 483 155 31 erinrade
1164 483 190 41 riksdagen,
1378 485 48 29 att
1448 486 121 38 många
1590 495 40 19 av
1652 483 108 42 lägen-

264 533 142 31 heterna
429 533 104 42 enligt
556 534 137 41 uppgift
715 534 29 41 ej
769 534 108 41 fyllde
900 545 59 20 ens
980 534 173 41 blygsamt
1174 534 123 32 ställda
1319 535 121 31 nutida
1461 535 154 41 anspråk.

317 584 274 31 Förhållandena
616 584 76 31 med
718 584 168 32 avseende
913 586 19 29 å
957 586 129 30 statens
1114 585 194 41 järnvägars
1334 585 288 31 bostadsbestånd
1648 585 35 31 få
1708 585 53 31 väl

266 634 147 42 alltjämt
433 634 162 32 bedömas
617 646 72 20 som
711 635 11 31 i
741 635 71 31 viss
835 637 77 29 mån
933 635 350 38 otillfredsställande,
1306 636 11 30 i
1339 635 46 31 all
1405 636 184 41 synnerhet
1610 646 55 21 om
1685 647 76 20 man

265 687 95 39 tager
383 685 11 31 i
415 685 222 32 betraktande
659 687 48 30 att
729 687 49 30 ett
800 686 93 31 antal
915 686 214 31 ekonomiskt
1151 688 95 39 svagt
1268 686 125 32 ställda
1415 686 154 32 enskilda
1591 686 107 31 banor
1719 688 43 40 på

265 738 137 29 senaste
422 736 94 31 tiden
536 736 234 41 förstatligats.
803 735 229 42 Årsanslagen
1052 736 109 31 under
1181 736 40 31 de
1242 738 136 29 senaste
1398 738 79 29 åren
1497 736 44 31 ha
1560 736 130 41 utgjort
1709 737 53 30 för

264 786 224 32 bostädernas
506 787 270 41 modernisering
795 787 135 37 500,000
948 786 124 32 kronor
1091 787 63 31 och
1173 787 53 30 för
1244 787 98 31 deras
1362 787 202 41 utvidgning
1581 787 53 31 till
1653 786 109 42 lägen-

265 837 98 31 heter
381 848 53 20 om
452 839 55 29 två
524 849 75 19 rum
617 837 62 32 och
696 837 65 31 kök
780 837 134 38 150,000
932 837 132 38 kronor,
1083 837 107 31 vilket
1207 837 212 31 sistnämnda
1437 837 118 41 anslag
1572 837 190 31 emellertid

263 887 74 32 icke
359 888 72 31 helt
452 887 204 32 förbrukats.

318 938 62 31 Ett
398 938 121 41 viktigt
539 938 221 38 förhållande,
781 949 75 20 som
875 938 72 32 icke
965 938 139 32 beröres
1125 938 12 31 i
1156 939 174 31 motionen
1349 950 77 20 men
1445 949 74 21 som
1538 938 30 41 ej
1590 939 52 31 får
1662 938 100 31 förbi-

265 999 55 21 ses
346 990 62 30 när
433 989 55 31 det
513 989 107 41 gäller
645 991 48 29 att
717 988 145 32 bedöma
888 989 261 41 möjligheterna
1173 991 49 29 att
1247 989 233 31 modernisera
1505 989 256 31 statsbanornas

263 1039 299 38 bostadsbestånd,
588 1041 37 29 är
648 1039 41 31 de
712 1041 91 29 stora
827 1038 255 42 kapitalutlägg,
1109 1050 72 20 som
1205 1039 436 42 ombyggnadsåtgärderna
1665 1040 62 31 och
1751 1039 11 30 i

265 1089 45 31 all
336 1089 183 42 synnerhet
543 1089 223 32 bostädernas
794 1089 203 42 utvidgning
1020 1089 111 32 kräva.
1168 1090 61 31 Att
1253 1090 77 31 med
1356 1090 190 41 inflytande
1570 1090 103 41 hyror
1699 1090 63 31 för-

263 1142 97 29 ränta
381 1140 97 31 dessa
499 1140 117 41 utlägg
636 1141 35 29 är
689 1139 12 31 i
720 1139 185 31 allmänhet
924 1139 71 31 icke
1015 1139 144 41 möjligt.
1190 1139 18 31 I
1229 1139 347 41 järnvägsstyrelsens
1597 1138 163 32 skrivelse

262 1190 63 31 har
343 1190 155 41 angivits,
518 1192 50 29 att
587 1189 207 41 utökningen
814 1200 41 20 av
874 1200 41 21 en
933 1189 267 41 banvaktsstuga
1217 1189 76 31 med
1313 1189 195 41 ytterligare
1527 1191 49 29 ett
1595 1200 73 20 rum
1685 1189 75 37 kan,

263 1240 158 32 inräknat
435 1240 185 32 bostadens
637 1240 204 41 förbättring
857 1240 63 31 och
935 1239 270 42 modernisering
1220 1239 11 31 1
1247 1239 120 41 övrigt,
1385 1240 101 40 draga
1504 1251 41 19 en
1560 1239 145 31 kostnad
1721 1250 40 20 av

264 1291 270 38 12,000—15,000
557 1291 133 30 kronor.
726 1290 69 31 Det
819 1290 210 31 sistnämnda
1054 1290 162 41 beloppet
1241 1290 98 31 torde
1365 1289 85 32 dock
1473 1301 78 20 avse
1577 1289 76 31 från
1676 1289 84 41 järn-

262 1343 165 39 vägarnas
452 1341 91 31 äldre
569 1341 52 31 tid
644 1341 232 37 kvarstående,
901 1341 11 30 i
937 1343 36 29 så
996 1340 69 42 hög
1089 1341 83 41 grad
1194 1340 162 31 förfallna
1379 1340 217 38 bostadshus,
1621 1342 51 29 att
1697 1350 63 20 om-

262 1391 204 42 byggnaden
486 1391 11 31 i
518 1392 109 41 själva
647 1392 115 31 verket
781 1394 38 28 är
839 1393 49 29 att
908 1391 153 31 betrakta
1082 1402 74 20 som
1177 1401 41 20 en
1238 1390 214 42 nybyggnad.

317 1442 71 31 Vid
407 1442 180 42 lösningen
609 1454 40 20 av
671 1443 64 31 den
756 1442 129 41 viktiga
907 1442 116 41 frågan
1045 1453 55 20 om
1122 1442 258 31 statsbanornas
1401 1441 216 42 möjligheter
1638 1443 50 30 att
1709 1442 53 31 för

264 1492 136 42 rimliga
419 1493 183 31 kostnader
623 1493 110 31 skaffa
752 1493 163 41 lämpliga
935 1493 289 41 tjänstebostäder
1245 1494 34 30 åt
1301 1493 66 31 den
1388 1494 91 30 stora
1500 1492 167 42 personal,
1689 1503 72 21 som

261 1543 105 31 härav
380 1545 37 29 är
430 1544 11 30 i
456 1545 36 29 så
505 1543 69 41 hög
589 1543 82 41 grad
684 1543 180 37 beroende,
881 1543 110 30 finnes
1007 1542 186 41 anledning
1207 1544 130 39 antaga,
1354 1543 49 30 att
1417 1541 342 42 järnvägsledningen

265 1594 30 41 ej
319 1594 163 31 förhåller
503 1594 53 41 sig
578 1594 217 38 avvaktande,
817 1594 13 30 i
851 1594 178 31 förväntan
1050 1595 50 30 att
1121 1594 91 41 läget
1232 1596 43 39 på
1297 1593 66 32 den
1385 1593 168 32 allmänna
1573 1593 188 42 byggnads-

264 1644 206 32 marknaden
489 1644 165 42 möjligen
673 1644 84 32 skall
776 1644 124 41 ljusna,
921 1646 80 29 utan
1020 1644 210 32 undersöker
1250 1644 41 31 de
1311 1646 148 39 utvägar,
1481 1655 73 21 som
1574 1644 54 31 för
1646 1644 115 41 styrel-

265 1705 80 21 sens
365 1706 84 30 egen
469 1695 55 31 del
542 1695 177 41 härvidlag
737 1695 115 31 kunna
872 1696 53 30 stå
943 1695 53 30 till
1014 1694 99 32 buds.

316 1744 94 32 Utan
433 1747 48 29 att
502 1745 221 31 underskatta
745 1745 221 31 förevarande
988 1744 88 32 både
1100 1745 140 31 allmänt
1262 1745 227 41 samhälleligt
1512 1745 68 39 och
1598 1745 11 31 i
1632 1747 129 29 statens

265 1795 171 42 egenskap
454 1807 38 20 av
509 1796 190 41 företagare
716 1795 129 41 viktiga
862 1795 166 42 spörsmål
1046 1806 55 20 om
1119 1807 41 20 en
1178 1795 202 42 erforderlig
1397 1795 228 42 upprustning
1642 1807 40 19 av
1699 1797 63 29 sta-

264 1848 76 29 tens
367 1846 194 41 järnvägars
586 1845 289 32 bostadsbestånd
901 1846 59 30 vill
985 1846 168 31 utskottet
1179 1846 191 38 förutsätta,
1396 1848 50 29 att
1470 1846 186 31 detsamma
1680 1848 81 29 utan

263 1898 114 40 någon
399 1896 198 42 riksdagens
619 1896 162 41 förnyade
803 1896 229 31 hänvändelse
1055 1896 54 31 till
1130 1896 125 41 Kungl.
1278 1896 102 41 Maj:t
1401 1896 85 31 skall
1507 1896 103 31 vinna
1631 1896 56 31 det
1708 1896 54 31 be-

264 1947 146 31 aktande
431 1947 115 41 frågan
568 1947 234 41 otvivelaktigt
823 1948 120 30 tarvar.
975 1946 119 32 Under
1116 1947 133 30 erinran
1270 1946 102 32 också
1392 1948 50 30 att
1461 1947 110 31 medel
1591 1947 55 31 för
1664 1947 97 31 ända-

264 1997 103 32 målet
386 1997 112 31 kunna
515 1997 145 32 beredas
680 1997 73 31 från
771 1999 131 29 statens
922 1997 195 41 järnvägars
1136 1996 259 42 förnyelsefond
1414 1997 61 31 och
1494 1999 49 29 att
1561 1997 200 41 riksdagens

263 2048 204 31 medverkan
487 2048 12 30 i
520 2048 95 31 detta
636 2047 165 32 avseende
824 2047 101 32 alltså
946 2047 29 41 ej
998 2049 37 29 är
1055 2047 166 41 påkallad,
1243 2047 198 32 hemställer
1461 2047 175 38 utskottet,

556 2117 51 29 att
628 2115 172 30 motionen
822 2114 104 31 IT:38
948 2114 29 41 ej
1002 2116 54 29 må
1078 2114 102 31 vinna
1202 2113 200 42 riksdagens
1424 2113 106 31 bifall.

316 2166 197 32 Stockholm
540 2166 67 30 den
631 2166 40 30 24
694 2165 150 31 februari
869 2165 88 31 1942.

756 2225 49 30 På
833 2224 273 32 statsutskottets
1133 2226 134 39 vägnar:

807 2283 31 31 J.
863 2284 39 30 B.
926 2283 290 32 JOHANSSON.

314 2388 217 29 Närvarande:
556 2397 34 19 se
614 2388 98 27 under
735 2387 184 28 utlåtandet
940 2396 37 18 nr
1000 2387 47 28 30.

899 2452 231 46 Reservation
1442 2493 5 5 |

316 2506 41 20 av
377 2495 114 31 herrar
511 2504 67 22 von
599 2494 146 39 Heland,
768 2494 176 31 Svensson
964 2494 11 30 i
997 2493 154 31 Grönvik
1172 2493 61 31 och
1254 2494 165 31 Hansson
1439 2504 11 19 i
1471 2492 209 32 Rubbestad.

708 2578 131 19 Stockholm
852 2578 60 19 1942.
933 2578 27 19 EK.
974 2578 23 19 L.
1012 2578 129 19 Beckmans
1153 2578 158 22 Boktryckeri.
