<?xml version="1.0" encoding="UTF-8"?>
<alto xmlns="http://www.loc.gov/standards/alto/ns-v3#" xmlns:xlink="http://www.w3.org/1999/xlink" xmlns:xsi="http://www.w3.org/2001/XMLSchema-instance" xsi:schemaLocation="http://www.loc.gov/standards/alto/ns-v3# http://www.loc.gov/alto/v3/alto-3-0.xsd">
	<Description>
		<MeasurementUnit>pixel</MeasurementUnit>
		<sourceImageInformation>
			<fileName>/tmp/tess_vhba3jag_input.PNG</fileName>
		</sourceImageInformation>
		<OCRProcessing ID="OCR_0">
			<ocrProcessingStep>
				<processingSoftware>
					<softwareName>tesseract 5.3.0</softwareName>
				</processingSoftware>
			</ocrProcessingStep>
		</OCRProcessing>
	</Description>
	<Layout>
		<Page WIDTH="1893" HEIGHT="2835" PHYSICAL_IMG_NR="0" ID="page_0">
			<PrintSpace HPOS="0" VPOS="0" WIDTH="1893" HEIGHT="2835">
				<ComposedBlock ID="cblock_0" HPOS="285" VPOS="200" WIDTH="1225" HEIGHT="40">
					<TextBlock ID="block_0" HPOS="285" VPOS="200" WIDTH="1225" HEIGHT="40">
						<TextLine ID="line_0" HPOS="285" VPOS="200" WIDTH="1225" HEIGHT="40">
							<String ID="string_0" HPOS="285" VPOS="200" WIDTH="20" HEIGHT="29" WC="0.96" CONTENT="4"/><SP WIDTH="250" VPOS="200" HPOS="305"/>
							<String ID="string_1" HPOS="555" VPOS="201" WIDTH="168" HEIGHT="31" WC="0.92" CONTENT="Allmänna"/><SP WIDTH="16" VPOS="201" HPOS="723"/>
							<String ID="string_2" HPOS="739" VPOS="201" WIDTH="346" HEIGHT="39" WC="0.91" CONTENT="beredningsutskottets"/><SP WIDTH="15" VPOS="201" HPOS="1085"/>
							<String ID="string_3" HPOS="1100" VPOS="201" WIDTH="161" HEIGHT="32" WC="0.95" CONTENT="utlåtande"/><SP WIDTH="16" VPOS="201" HPOS="1261"/>
							<String ID="string_4" HPOS="1277" VPOS="214" WIDTH="35" HEIGHT="19" WC="0.94" CONTENT="nr"/><SP WIDTH="15" VPOS="214" HPOS="1312"/>
							<String ID="string_5" HPOS="1327" VPOS="203" WIDTH="39" HEIGHT="31" WC="0.96" CONTENT="27"/><SP WIDTH="15" VPOS="203" HPOS="1366"/>
							<String ID="string_6" HPOS="1381" VPOS="202" WIDTH="34" HEIGHT="31" WC="0.95" CONTENT="år"/><SP WIDTH="18" VPOS="202" HPOS="1415"/>
							<String ID="string_7" HPOS="1433" VPOS="204" WIDTH="77" HEIGHT="30" WC="0.96" CONTENT="1968"/>
						</TextLine>
					</TextBlock>
				</ComposedBlock>
				<ComposedBlock ID="cblock_1" HPOS="287" VPOS="282" WIDTH="1486" HEIGHT="528">
					<TextBlock ID="block_1" HPOS="287" VPOS="282" WIDTH="1486" HEIGHT="94">
						<TextLine ID="line_1" HPOS="329" VPOS="282" WIDTH="1444" HEIGHT="42">
							<String ID="string_8" HPOS="329" VPOS="282" WIDTH="63" HEIGHT="29" WC="0.96" CONTENT="Det"/><SP WIDTH="19" VPOS="282" HPOS="392"/>
							<String ID="string_9" HPOS="411" VPOS="282" WIDTH="57" HEIGHT="30" WC="0.93" CONTENT="bör"/><SP WIDTH="19" VPOS="282" HPOS="468"/>
							<String ID="string_10" HPOS="487" VPOS="282" WIDTH="169" HEIGHT="30" WC="0.92" CONTENT="härutöver"/><SP WIDTH="19" VPOS="282" HPOS="656"/>
							<String ID="string_11" HPOS="675" VPOS="285" WIDTH="140" HEIGHT="35" WC="0.96" CONTENT="nämnas,"/><SP WIDTH="21" VPOS="285" HPOS="815"/>
							<String ID="string_12" HPOS="836" VPOS="289" WIDTH="45" HEIGHT="24" WC="0.96" CONTENT="att"/><SP WIDTH="20" VPOS="289" HPOS="881"/>
							<String ID="string_13" HPOS="901" VPOS="283" WIDTH="78" HEIGHT="30" WC="0.96" CONTENT="vissa"/><SP WIDTH="20" VPOS="283" HPOS="979"/>
							<String ID="string_14" HPOS="999" VPOS="283" WIDTH="156" HEIGHT="40" WC="0.96" CONTENT="landsting"/><SP WIDTH="20" VPOS="283" HPOS="1155"/>
							<String ID="string_15" HPOS="1175" VPOS="295" WIDTH="131" HEIGHT="19" WC="0.96" CONTENT="numera"/><SP WIDTH="20" VPOS="295" HPOS="1306"/>
							<String ID="string_16" HPOS="1326" VPOS="295" WIDTH="113" HEIGHT="29" WC="0.95" CONTENT="genom"/><SP WIDTH="21" VPOS="295" HPOS="1439"/>
							<String ID="string_17" HPOS="1460" VPOS="284" WIDTH="167" HEIGHT="40" WC="0.90" CONTENT="sjukhusen"/><SP WIDTH="22" VPOS="284" HPOS="1627"/>
							<String ID="string_18" HPOS="1649" VPOS="284" WIDTH="124" HEIGHT="30" WC="0.90" CONTENT="tillhan-"/>
						</TextLine>
						<TextLine ID="line_2" HPOS="287" VPOS="335" WIDTH="942" HEIGHT="41">
							<String ID="string_19" HPOS="287" VPOS="335" WIDTH="142" HEIGHT="31" WC="0.91" CONTENT="dahåller"/><SP WIDTH="13" VPOS="335" HPOS="429"/>
							<String ID="string_20" HPOS="442" VPOS="336" WIDTH="307" HEIGHT="40" WC="0.90" CONTENT="injektionsmateriel"/><SP WIDTH="14" VPOS="336" HPOS="749"/>
							<String ID="string_21" HPOS="763" VPOS="337" WIDTH="213" HEIGHT="31" WC="0.96" CONTENT="kostnadsfritt"/><SP WIDTH="14" VPOS="337" HPOS="976"/>
							<String ID="string_22" HPOS="990" VPOS="337" WIDTH="45" HEIGHT="31" WC="0.96" CONTENT="till"/><SP WIDTH="15" VPOS="337" HPOS="1035"/>
							<String ID="string_23" HPOS="1050" VPOS="338" WIDTH="179" HEIGHT="31" WC="0.96" CONTENT="diabetiker."/>
						</TextLine>
					</TextBlock>
					<TextBlock ID="block_2" HPOS="287" VPOS="390" WIDTH="1484" HEIGHT="195">
						<TextLine ID="line_3" HPOS="330" VPOS="390" WIDTH="1441" HEIGHT="41">
							<String ID="string_24" HPOS="330" VPOS="390" WIDTH="160" HEIGHT="30" WC="0.95" CONTENT="Utskottet"/><SP WIDTH="21" VPOS="390" HPOS="490"/>
							<String ID="string_25" HPOS="511" VPOS="391" WIDTH="53" HEIGHT="30" WC="0.95" CONTENT="vill"/><SP WIDTH="20" VPOS="391" HPOS="564"/>
							<String ID="string_26" HPOS="584" VPOS="391" WIDTH="143" HEIGHT="40" WC="0.96" CONTENT="slutligen"/><SP WIDTH="22" VPOS="391" HPOS="727"/>
							<String ID="string_27" HPOS="749" VPOS="391" WIDTH="177" HEIGHT="38" WC="0.96" CONTENT="framhålla,"/><SP WIDTH="22" VPOS="391" HPOS="926"/>
							<String ID="string_28" HPOS="948" VPOS="398" WIDTH="46" HEIGHT="24" WC="0.96" CONTENT="att"/><SP WIDTH="21" VPOS="398" HPOS="994"/>
							<String ID="string_29" HPOS="1015" VPOS="394" WIDTH="79" HEIGHT="28" WC="0.96" CONTENT="även"/><SP WIDTH="21" VPOS="394" HPOS="1094"/>
							<String ID="string_30" HPOS="1115" VPOS="393" WIDTH="100" HEIGHT="30" WC="0.96" CONTENT="andra"/><SP WIDTH="21" VPOS="393" HPOS="1215"/>
							<String ID="string_31" HPOS="1236" VPOS="393" WIDTH="220" HEIGHT="30" WC="0.96" CONTENT="förhållanden"/><SP WIDTH="21" VPOS="393" HPOS="1456"/>
							<String ID="string_32" HPOS="1477" VPOS="394" WIDTH="41" HEIGHT="29" WC="0.96" CONTENT="än"/><SP WIDTH="22" VPOS="394" HPOS="1518"/>
							<String ID="string_33" HPOS="1540" VPOS="393" WIDTH="38" HEIGHT="30" WC="0.96" CONTENT="de"/><SP WIDTH="22" VPOS="393" HPOS="1578"/>
							<String ID="string_34" HPOS="1600" VPOS="404" WIDTH="39" HEIGHT="19" WC="0.93" CONTENT="av"/><SP WIDTH="21" VPOS="404" HPOS="1639"/>
							<String ID="string_35" HPOS="1660" VPOS="392" WIDTH="111" HEIGHT="31" WC="0.91" CONTENT="motio-"/>
						</TextLine>
						<TextLine ID="line_4" HPOS="289" VPOS="445" WIDTH="1482" HEIGHT="32">
							<String ID="string_36" HPOS="289" VPOS="446" WIDTH="134" HEIGHT="28" WC="0.92" CONTENT="närerna"/><SP WIDTH="22" VPOS="446" HPOS="423"/>
							<String ID="string_37" HPOS="445" VPOS="445" WIDTH="119" HEIGHT="30" WC="0.95" CONTENT="särskilt"/><SP WIDTH="21" VPOS="445" HPOS="564"/>
							<String ID="string_38" HPOS="585" VPOS="445" WIDTH="134" HEIGHT="30" WC="0.96" CONTENT="berörda"/><SP WIDTH="21" VPOS="445" HPOS="719"/>
							<String ID="string_39" HPOS="740" VPOS="446" WIDTH="61" HEIGHT="29" WC="0.96" CONTENT="kan"/><SP WIDTH="22" VPOS="446" HPOS="801"/>
							<String ID="string_40" HPOS="823" VPOS="446" WIDTH="91" HEIGHT="29" WC="0.95" CONTENT="bidra"/><SP WIDTH="22" VPOS="446" HPOS="914"/>
							<String ID="string_41" HPOS="936" VPOS="446" WIDTH="44" HEIGHT="30" WC="0.95" CONTENT="till"/><SP WIDTH="23" VPOS="446" HPOS="980"/>
							<String ID="string_42" HPOS="1003" VPOS="452" WIDTH="46" HEIGHT="24" WC="0.96" CONTENT="att"/><SP WIDTH="22" VPOS="452" HPOS="1049"/>
							<String ID="string_43" HPOS="1071" VPOS="446" WIDTH="89" HEIGHT="30" WC="0.96" CONTENT="ställa"/><SP WIDTH="22" VPOS="446" HPOS="1160"/>
							<String ID="string_44" HPOS="1182" VPOS="446" WIDTH="172" HEIGHT="31" WC="0.96" CONTENT="diabetiker"/><SP WIDTH="22" VPOS="446" HPOS="1354"/>
							<String ID="string_45" HPOS="1376" VPOS="447" WIDTH="9" HEIGHT="29" WC="0.96" CONTENT="i"/><SP WIDTH="23" VPOS="447" HPOS="1385"/>
							<String ID="string_46" HPOS="1408" VPOS="453" WIDTH="44" HEIGHT="24" WC="0.96" CONTENT="ett"/><SP WIDTH="23" VPOS="453" HPOS="1452"/>
							<String ID="string_47" HPOS="1475" VPOS="446" WIDTH="192" HEIGHT="31" WC="0.96" CONTENT="ekonomiskt"/><SP WIDTH="22" VPOS="446" HPOS="1667"/>
							<String ID="string_48" HPOS="1689" VPOS="446" WIDTH="82" HEIGHT="30" WC="0.96" CONTENT="svårt"/>
						</TextLine>
						<TextLine ID="line_5" HPOS="288" VPOS="498" WIDTH="1483" HEIGHT="43">
							<String ID="string_49" HPOS="288" VPOS="498" WIDTH="77" HEIGHT="39" WC="0.96" CONTENT="läge."/><SP WIDTH="28" VPOS="498" HPOS="365"/>
							<String ID="string_50" HPOS="393" VPOS="498" WIDTH="96" HEIGHT="31" WC="0.96" CONTENT="Olika"/><SP WIDTH="25" VPOS="498" HPOS="489"/>
							<String ID="string_51" HPOS="514" VPOS="499" WIDTH="114" HEIGHT="30" WC="0.96" CONTENT="sociala"/><SP WIDTH="25" VPOS="499" HPOS="628"/>
							<String ID="string_52" HPOS="653" VPOS="499" WIDTH="150" HEIGHT="30" WC="0.96" CONTENT="reformer"/><SP WIDTH="25" VPOS="499" HPOS="803"/>
							<String ID="string_53" HPOS="828" VPOS="510" WIDTH="66" HEIGHT="20" WC="0.96" CONTENT="som"/><SP WIDTH="25" VPOS="510" HPOS="894"/>
							<String ID="string_54" HPOS="919" VPOS="499" WIDTH="157" HEIGHT="31" WC="0.96" CONTENT="förbereds"/><SP WIDTH="26" VPOS="499" HPOS="1076"/>
							<String ID="string_55" HPOS="1102" VPOS="500" WIDTH="49" HEIGHT="30" WC="0.96" CONTENT="för"/><SP WIDTH="26" VPOS="500" HPOS="1151"/>
							<String ID="string_56" HPOS="1177" VPOS="500" WIDTH="38" HEIGHT="30" WC="0.96" CONTENT="de"/><SP WIDTH="26" VPOS="500" HPOS="1215"/>
							<String ID="string_57" HPOS="1241" VPOS="500" WIDTH="244" HEIGHT="41" WC="0.96" CONTENT="handikappade"/><SP WIDTH="27" VPOS="500" HPOS="1485"/>
							<String ID="string_58" HPOS="1512" VPOS="500" WIDTH="61" HEIGHT="31" WC="0.96" CONTENT="kan"/><SP WIDTH="27" VPOS="500" HPOS="1573"/>
							<String ID="string_59" HPOS="1600" VPOS="500" WIDTH="171" HEIGHT="31" WC="0.95" CONTENT="emellertid"/>
						</TextLine>
						<TextLine ID="line_6" HPOS="287" VPOS="552" WIDTH="1090" HEIGHT="33">
							<String ID="string_60" HPOS="287" VPOS="554" WIDTH="109" HEIGHT="29" WC="0.96" CONTENT="väntas"/><SP WIDTH="14" VPOS="554" HPOS="396"/>
							<String ID="string_61" HPOS="410" VPOS="552" WIDTH="127" HEIGHT="31" WC="0.96" CONTENT="komma"/><SP WIDTH="13" VPOS="552" HPOS="537"/>
							<String ID="string_62" HPOS="550" VPOS="559" WIDTH="46" HEIGHT="24" WC="0.96" CONTENT="att"/><SP WIDTH="14" VPOS="559" HPOS="596"/>
							<String ID="string_63" HPOS="610" VPOS="553" WIDTH="149" HEIGHT="31" WC="0.96" CONTENT="innebära"/><SP WIDTH="14" VPOS="553" HPOS="759"/>
							<String ID="string_64" HPOS="773" VPOS="560" WIDTH="44" HEIGHT="24" WC="0.95" CONTENT="ett"/><SP WIDTH="14" VPOS="560" HPOS="817"/>
							<String ID="string_65" HPOS="831" VPOS="554" WIDTH="73" HEIGHT="30" WC="0.96" CONTENT="ökat"/><SP WIDTH="14" VPOS="554" HPOS="904"/>
							<String ID="string_66" HPOS="918" VPOS="554" WIDTH="68" HEIGHT="30" WC="0.96" CONTENT="stöd"/><SP WIDTH="14" VPOS="554" HPOS="986"/>
							<String ID="string_67" HPOS="1000" VPOS="556" WIDTH="79" HEIGHT="28" WC="0.96" CONTENT="även"/><SP WIDTH="14" VPOS="556" HPOS="1079"/>
							<String ID="string_68" HPOS="1093" VPOS="554" WIDTH="48" HEIGHT="30" WC="0.93" CONTENT="för"/><SP WIDTH="14" VPOS="554" HPOS="1141"/>
							<String ID="string_69" HPOS="1155" VPOS="554" WIDTH="222" HEIGHT="31" WC="0.92" CONTENT="diabetikerna."/>
						</TextLine>
					</TextBlock>
					<TextBlock ID="block_3" HPOS="287" VPOS="606" WIDTH="1484" HEIGHT="93">
						<TextLine ID="line_7" HPOS="329" VPOS="606" WIDTH="1442" HEIGHT="43">
							<String ID="string_70" HPOS="329" VPOS="606" WIDTH="161" HEIGHT="31" WC="0.96" CONTENT="Utskottet"/><SP WIDTH="20" VPOS="606" HPOS="490"/>
							<String ID="string_71" HPOS="510" VPOS="607" WIDTH="102" HEIGHT="30" WC="0.96" CONTENT="finner"/><SP WIDTH="20" VPOS="607" HPOS="612"/>
							<String ID="string_72" HPOS="632" VPOS="607" WIDTH="44" HEIGHT="40" WC="0.96" CONTENT="sig"/><SP WIDTH="19" VPOS="607" HPOS="676"/>
							<String ID="string_73" HPOS="695" VPOS="608" WIDTH="72" HEIGHT="30" WC="0.96" CONTENT="med"/><SP WIDTH="20" VPOS="608" HPOS="767"/>
							<String ID="string_74" HPOS="787" VPOS="608" WIDTH="118" HEIGHT="40" WC="0.96" CONTENT="hänsyn"/><SP WIDTH="21" VPOS="608" HPOS="905"/>
							<String ID="string_75" HPOS="926" VPOS="608" WIDTH="44" HEIGHT="30" WC="0.95" CONTENT="till"/><SP WIDTH="20" VPOS="608" HPOS="970"/>
							<String ID="string_76" HPOS="990" VPOS="608" WIDTH="61" HEIGHT="30" WC="0.96" CONTENT="vad"/><SP WIDTH="20" VPOS="608" HPOS="1051"/>
							<String ID="string_77" HPOS="1071" VPOS="619" WIDTH="82" HEIGHT="19" WC="0.97" CONTENT="ovan"/><SP WIDTH="20" VPOS="619" HPOS="1153"/>
							<String ID="string_78" HPOS="1173" VPOS="608" WIDTH="118" HEIGHT="31" WC="0.95" CONTENT="anförts"/><SP WIDTH="20" VPOS="608" HPOS="1291"/>
							<String ID="string_79" HPOS="1311" VPOS="608" WIDTH="64" HEIGHT="31" WC="0.96" CONTENT="inte"/><SP WIDTH="20" VPOS="608" HPOS="1375"/>
							<String ID="string_80" HPOS="1395" VPOS="609" WIDTH="77" HEIGHT="30" WC="0.96" CONTENT="böra"/><SP WIDTH="20" VPOS="609" HPOS="1472"/>
							<String ID="string_81" HPOS="1492" VPOS="608" WIDTH="149" HEIGHT="41" WC="0.93" CONTENT="tillstyrka"/><SP WIDTH="20" VPOS="608" HPOS="1641"/>
							<String ID="string_82" HPOS="1661" VPOS="608" WIDTH="110" HEIGHT="31" WC="0.92" CONTENT="motio-"/>
						</TextLine>
						<TextLine ID="line_8" HPOS="287" VPOS="662" WIDTH="388" HEIGHT="37">
							<String ID="string_83" HPOS="287" VPOS="671" WIDTH="97" HEIGHT="20" WC="0.96" CONTENT="nerna"/><SP WIDTH="14" VPOS="671" HPOS="384"/>
							<String ID="string_84" HPOS="398" VPOS="667" WIDTH="77" HEIGHT="24" WC="0.96" CONTENT="utan"/><SP WIDTH="14" VPOS="667" HPOS="475"/>
							<String ID="string_85" HPOS="489" VPOS="662" WIDTH="186" HEIGHT="37" WC="0.96" CONTENT="hemställer,"/>
						</TextLine>
					</TextBlock>
					<TextBlock ID="block_4" HPOS="607" VPOS="716" WIDTH="1165" HEIGHT="94">
						<TextLine ID="line_9" HPOS="649" VPOS="716" WIDTH="1123" HEIGHT="39">
							<String ID="string_86" HPOS="649" VPOS="722" WIDTH="45" HEIGHT="23" WC="0.96" CONTENT="att"/><SP WIDTH="24" VPOS="722" HPOS="694"/>
							<String ID="string_87" HPOS="718" VPOS="716" WIDTH="38" HEIGHT="30" WC="0.96" CONTENT="de"/><SP WIDTH="24" VPOS="716" HPOS="756"/>
							<String ID="string_88" HPOS="780" VPOS="716" WIDTH="197" HEIGHT="39" WC="0.96" CONTENT="likalydande"/><SP WIDTH="22" VPOS="716" HPOS="977"/>
							<String ID="string_89" HPOS="999" VPOS="716" WIDTH="196" HEIGHT="30" WC="0.96" CONTENT="motionerna"/><SP WIDTH="25" VPOS="716" HPOS="1195"/>
							<String ID="string_90" HPOS="1220" VPOS="717" WIDTH="32" HEIGHT="30" WC="0.25" CONTENT="1:"/><SP WIDTH="18" VPOS="717" HPOS="1252"/>
							<String ID="string_91" HPOS="1270" VPOS="716" WIDTH="57" HEIGHT="31" WC="0.25" CONTENT="737"/><SP WIDTH="24" VPOS="716" HPOS="1327"/>
							<String ID="string_92" HPOS="1351" VPOS="717" WIDTH="60" HEIGHT="30" WC="0.93" CONTENT="och"/><SP WIDTH="24" VPOS="717" HPOS="1411"/>
							<String ID="string_93" HPOS="1435" VPOS="717" WIDTH="125" HEIGHT="31" WC="0.83" CONTENT="II:942"/><SP WIDTH="25" VPOS="717" HPOS="1560"/>
							<String ID="string_94" HPOS="1585" VPOS="716" WIDTH="67" HEIGHT="31" WC="0.96" CONTENT="icke"/><SP WIDTH="22" VPOS="716" HPOS="1652"/>
							<String ID="string_95" HPOS="1674" VPOS="716" WIDTH="98" HEIGHT="31" WC="0.96" CONTENT="måtte"/>
						</TextLine>
						<TextLine ID="line_10" HPOS="607" VPOS="769" WIDTH="604" HEIGHT="41">
							<String ID="string_96" HPOS="607" VPOS="769" WIDTH="162" HEIGHT="31" WC="0.96" CONTENT="föranleda"/><SP WIDTH="14" VPOS="769" HPOS="769"/>
							<String ID="string_97" HPOS="783" VPOS="769" WIDTH="103" HEIGHT="41" WC="0.96" CONTENT="någon"/><SP WIDTH="15" VPOS="769" HPOS="886"/>
							<String ID="string_98" HPOS="901" VPOS="770" WIDTH="175" HEIGHT="40" WC="0.96" CONTENT="riksdagens"/><SP WIDTH="16" VPOS="770" HPOS="1076"/>
							<String ID="string_99" HPOS="1092" VPOS="769" WIDTH="119" HEIGHT="41" WC="0.96" CONTENT="åtgärd."/>
						</TextLine>
					</TextBlock>
				</ComposedBlock>
				<ComposedBlock ID="cblock_2" HPOS="328" VPOS="877" WIDTH="1064" HEIGHT="147">
					<TextBlock ID="block_5" HPOS="328" VPOS="877" WIDTH="1064" HEIGHT="147">
						<TextLine ID="line_11" HPOS="328" VPOS="877" WIDTH="474" HEIGHT="39">
							<String ID="string_100" HPOS="328" VPOS="877" WIDTH="180" HEIGHT="29" WC="0.96" CONTENT="Stockholm"/><SP WIDTH="15" VPOS="877" HPOS="508"/>
							<String ID="string_101" HPOS="523" VPOS="878" WIDTH="60" HEIGHT="28" WC="0.96" CONTENT="den"/><SP WIDTH="15" VPOS="878" HPOS="583"/>
							<String ID="string_102" HPOS="598" VPOS="879" WIDTH="16" HEIGHT="28" WC="0.96" CONTENT="2"/><SP WIDTH="16" VPOS="879" HPOS="614"/>
							<String ID="string_103" HPOS="630" VPOS="878" WIDTH="78" HEIGHT="38" WC="0.96" CONTENT="april"/><SP WIDTH="18" VPOS="878" HPOS="708"/>
							<String ID="string_104" HPOS="726" VPOS="879" WIDTH="76" HEIGHT="27" WC="0.96" CONTENT="1968"/>
						</TextLine>
						<TextLine ID="line_12" HPOS="666" VPOS="984" WIDTH="726" HEIGHT="40">
							<String ID="string_105" HPOS="666" VPOS="984" WIDTH="43" HEIGHT="30" WC="0.96" CONTENT="På"/><SP WIDTH="14" VPOS="984" HPOS="709"/>
							<String ID="string_106" HPOS="723" VPOS="984" WIDTH="160" HEIGHT="30" WC="0.93" CONTENT="allmänna"/><SP WIDTH="14" VPOS="984" HPOS="883"/>
							<String ID="string_107" HPOS="897" VPOS="984" WIDTH="347" HEIGHT="40" WC="0.91" CONTENT="beredningsutskottets"/><SP WIDTH="14" VPOS="984" HPOS="1244"/>
							<String ID="string_108" HPOS="1258" VPOS="986" WIDTH="134" HEIGHT="38" WC="0.87" CONTENT="vägnar:"/>
						</TextLine>
					</TextBlock>
				</ComposedBlock>
				<ComposedBlock ID="cblock_3" HPOS="839" VPOS="1091" WIDTH="384" HEIGHT="31">
					<TextBlock ID="block_6" HPOS="839" VPOS="1091" WIDTH="384" HEIGHT="31">
						<TextLine ID="line_13" HPOS="839" VPOS="1091" WIDTH="384" HEIGHT="31">
							<String ID="string_109" HPOS="839" VPOS="1091" WIDTH="151" HEIGHT="31" WC="0.94" CONTENT="NANCY"/><SP WIDTH="15" VPOS="1091" HPOS="990"/>
							<String ID="string_110" HPOS="1005" VPOS="1092" WIDTH="218" HEIGHT="30" WC="0.96" CONTENT="ERIKSSON"/>
						</TextLine>
					</TextBlock>
				</ComposedBlock>
				<ComposedBlock ID="cblock_4" HPOS="284" VPOS="1371" WIDTH="1488" HEIGHT="422">
					<TextBlock ID="block_7" HPOS="286" VPOS="1371" WIDTH="223" HEIGHT="29">
						<TextLine ID="line_14" HPOS="286" VPOS="1371" WIDTH="223" HEIGHT="29">
							<String ID="string_111" HPOS="286" VPOS="1371" WIDTH="223" HEIGHT="29" WC="0.92" CONTENT="Närvarande:"/>
						</TextLine>
					</TextBlock>
					<TextBlock ID="block_8" HPOS="286" VPOS="1429" WIDTH="1485" HEIGHT="149">
						<TextLine ID="line_15" HPOS="328" VPOS="1429" WIDTH="1443" HEIGHT="42">
							<String ID="string_112" HPOS="328" VPOS="1431" WIDTH="70" HEIGHT="30" WC="0.95" CONTENT="från"/><SP WIDTH="29" VPOS="1431" HPOS="398"/>
							<String ID="string_113" HPOS="427" VPOS="1432" WIDTH="148" HEIGHT="30" WC="0.95" CONTENT="första"/><SP WIDTH="27" VPOS="1432" HPOS="575"/>
							<String ID="string_114" HPOS="602" VPOS="1432" WIDTH="200" HEIGHT="30" WC="0.95" CONTENT="kammaren:"/><SP WIDTH="22" VPOS="1432" HPOS="802"/>
							<String ID="string_115" HPOS="824" VPOS="1432" WIDTH="108" HEIGHT="30" WC="0.96" CONTENT="herrar"/><SP WIDTH="18" VPOS="1432" HPOS="932"/>
							<String ID="string_116" HPOS="950" VPOS="1432" WIDTH="152" HEIGHT="30" WC="0.91" CONTENT="Hedlund"/><SP WIDTH="24" VPOS="1432" HPOS="1102"/>
							<String ID="string_117" HPOS="1126" VPOS="1432" WIDTH="57" HEIGHT="39" WC="0.91" CONTENT="(s),"/><SP WIDTH="21" VPOS="1432" HPOS="1183"/>
							<String ID="string_118" HPOS="1204" VPOS="1432" WIDTH="70" HEIGHT="30" WC="0.96" CONTENT="Eric"/><SP WIDTH="19" VPOS="1432" HPOS="1274"/>
							<String ID="string_119" HPOS="1293" VPOS="1431" WIDTH="114" HEIGHT="31" WC="0.96" CONTENT="Gustaf"/><SP WIDTH="19" VPOS="1431" HPOS="1407"/>
							<String ID="string_120" HPOS="1426" VPOS="1432" WIDTH="145" HEIGHT="30" WC="0.96" CONTENT="Peterson"/><SP WIDTH="26" VPOS="1432" HPOS="1571"/>
							<String ID="string_121" HPOS="1597" VPOS="1430" WIDTH="79" HEIGHT="40" WC="0.93" CONTENT="(fp),"/><SP WIDTH="21" VPOS="1430" HPOS="1676"/>
							<String ID="string_122" HPOS="1697" VPOS="1429" WIDTH="74" HEIGHT="31" WC="0.90" CONTENT="Hel-"/>
						</TextLine>
						<TextLine ID="line_16" HPOS="287" VPOS="1483" WIDTH="1484" HEIGHT="41">
							<String ID="string_123" HPOS="287" VPOS="1495" WIDTH="37" HEIGHT="29" WC="0.96" CONTENT="ge"/><SP WIDTH="14" VPOS="1495" HPOS="324"/>
							<String ID="string_124" HPOS="338" VPOS="1485" WIDTH="149" HEIGHT="30" WC="0.93" CONTENT="Karlsson"/><SP WIDTH="21" VPOS="1485" HPOS="487"/>
							<String ID="string_125" HPOS="508" VPOS="1485" WIDTH="57" HEIGHT="39" WC="0.92" CONTENT="(s),"/><SP WIDTH="16" VPOS="1485" HPOS="565"/>
							<String ID="string_126" HPOS="581" VPOS="1485" WIDTH="79" HEIGHT="30" WC="0.96" CONTENT="Karl"/><SP WIDTH="16" VPOS="1485" HPOS="660"/>
							<String ID="string_127" HPOS="676" VPOS="1486" WIDTH="172" HEIGHT="29" WC="0.93" CONTENT="Pettersson"/><SP WIDTH="21" VPOS="1486" HPOS="848"/>
							<String ID="string_128" HPOS="869" VPOS="1485" WIDTH="57" HEIGHT="39" WC="0.91" CONTENT="(s),"/><SP WIDTH="16" VPOS="1485" HPOS="926"/>
							<String ID="string_129" HPOS="942" VPOS="1485" WIDTH="50" HEIGHT="30" WC="0.93" CONTENT="fru"/><SP WIDTH="15" VPOS="1485" HPOS="992"/>
							<String ID="string_130" HPOS="1007" VPOS="1485" WIDTH="120" HEIGHT="30" WC="0.92" CONTENT="Hultell"/><SP WIDTH="22" VPOS="1485" HPOS="1127"/>
							<String ID="string_131" HPOS="1149" VPOS="1485" WIDTH="66" HEIGHT="39" WC="0.91" CONTENT="(h),"/><SP WIDTH="16" VPOS="1485" HPOS="1215"/>
							<String ID="string_132" HPOS="1231" VPOS="1486" WIDTH="108" HEIGHT="29" WC="0.96" CONTENT="herrar"/><SP WIDTH="15" VPOS="1486" HPOS="1339"/>
							<String ID="string_133" HPOS="1354" VPOS="1485" WIDTH="122" HEIGHT="30" WC="0.96" CONTENT="Kilsmo"/><SP WIDTH="22" VPOS="1485" HPOS="1476"/>
							<String ID="string_134" HPOS="1498" VPOS="1484" WIDTH="79" HEIGHT="40" WC="0.95" CONTENT="(fp),"/><SP WIDTH="17" VPOS="1484" HPOS="1577"/>
							<String ID="string_135" HPOS="1594" VPOS="1485" WIDTH="91" HEIGHT="29" WC="0.93" CONTENT="Ernst"/><SP WIDTH="16" VPOS="1485" HPOS="1685"/>
							<String ID="string_136" HPOS="1701" VPOS="1483" WIDTH="70" HEIGHT="31" WC="0.92" CONTENT="Ols-"/>
						</TextLine>
						<TextLine ID="line_17" HPOS="286" VPOS="1537" WIDTH="1342" HEIGHT="41">
							<String ID="string_137" HPOS="286" VPOS="1549" WIDTH="54" HEIGHT="19" WC="0.96" CONTENT="son"/><SP WIDTH="20" VPOS="1549" HPOS="340"/>
							<String ID="string_138" HPOS="360" VPOS="1538" WIDTH="84" HEIGHT="40" WC="0.96" CONTENT="(cp),"/><SP WIDTH="15" VPOS="1538" HPOS="444"/>
							<String ID="string_139" HPOS="459" VPOS="1539" WIDTH="132" HEIGHT="30" WC="0.97" CONTENT="Torsten"/><SP WIDTH="15" VPOS="1539" HPOS="591"/>
							<String ID="string_140" HPOS="606" VPOS="1540" WIDTH="144" HEIGHT="29" WC="0.91" CONTENT="Hansson"/><SP WIDTH="20" VPOS="1540" HPOS="750"/>
							<String ID="string_141" HPOS="770" VPOS="1539" WIDTH="77" HEIGHT="39" WC="0.68" CONTENT="(s)&quot;,"/><SP WIDTH="15" VPOS="1539" HPOS="847"/>
							<String ID="string_142" HPOS="862" VPOS="1539" WIDTH="51" HEIGHT="30" WC="0.93" CONTENT="fru"/><SP WIDTH="14" VPOS="1539" HPOS="913"/>
							<String ID="string_143" HPOS="927" VPOS="1539" WIDTH="114" HEIGHT="30" WC="0.90" CONTENT="Diesen"/><SP WIDTH="21" VPOS="1539" HPOS="1041"/>
							<String ID="string_144" HPOS="1062" VPOS="1538" WIDTH="49" HEIGHT="39" WC="0.90" CONTENT="(h)"/><SP WIDTH="20" VPOS="1538" HPOS="1111"/>
							<String ID="string_145" HPOS="1131" VPOS="1539" WIDTH="60" HEIGHT="30" WC="0.97" CONTENT="och"/><SP WIDTH="15" VPOS="1539" HPOS="1191"/>
							<String ID="string_146" HPOS="1206" VPOS="1539" WIDTH="72" HEIGHT="30" WC="0.96" CONTENT="herr"/><SP WIDTH="14" VPOS="1539" HPOS="1278"/>
							<String ID="string_147" HPOS="1292" VPOS="1539" WIDTH="70" HEIGHT="30" WC="0.95" CONTENT="Ove"/><SP WIDTH="14" VPOS="1539" HPOS="1362"/>
							<String ID="string_148" HPOS="1376" VPOS="1539" WIDTH="152" HEIGHT="30" WC="0.93" CONTENT="Karlsson"/><SP WIDTH="20" VPOS="1539" HPOS="1528"/>
							<String ID="string_149" HPOS="1548" VPOS="1537" WIDTH="80" HEIGHT="40" WC="0.62" CONTENT="(s)&quot;;"/>
						</TextLine>
					</TextBlock>
					<TextBlock ID="block_9" HPOS="284" VPOS="1591" WIDTH="1488" HEIGHT="202">
						<TextLine ID="line_18" HPOS="328" VPOS="1591" WIDTH="1444" HEIGHT="41">
							<String ID="string_150" HPOS="328" VPOS="1592" WIDTH="72" HEIGHT="30" WC="0.96" CONTENT="från"/><SP WIDTH="28" VPOS="1592" HPOS="400"/>
							<String ID="string_151" HPOS="428" VPOS="1592" WIDTH="143" HEIGHT="31" WC="0.96" CONTENT="andra"/><SP WIDTH="27" VPOS="1592" HPOS="571"/>
							<String ID="string_152" HPOS="598" VPOS="1593" WIDTH="196" HEIGHT="30" WC="0.96" CONTENT="kammaren:"/><SP WIDTH="19" VPOS="1593" HPOS="794"/>
							<String ID="string_153" HPOS="813" VPOS="1592" WIDTH="52" HEIGHT="30" WC="0.97" CONTENT="fru"/><SP WIDTH="18" VPOS="1592" HPOS="865"/>
							<String ID="string_154" HPOS="883" VPOS="1592" WIDTH="146" HEIGHT="31" WC="0.96" CONTENT="Eriksson"/><SP WIDTH="18" VPOS="1592" HPOS="1029"/>
							<String ID="string_155" HPOS="1047" VPOS="1592" WIDTH="10" HEIGHT="30" WC="0.96" CONTENT="i"/><SP WIDTH="18" VPOS="1592" HPOS="1057"/>
							<String ID="string_156" HPOS="1075" VPOS="1592" WIDTH="183" HEIGHT="31" WC="0.92" CONTENT="Stockholm"/><SP WIDTH="24" VPOS="1592" HPOS="1258"/>
							<String ID="string_157" HPOS="1282" VPOS="1592" WIDTH="57" HEIGHT="39" WC="0.91" CONTENT="(s),"/><SP WIDTH="20" VPOS="1592" HPOS="1339"/>
							<String ID="string_158" HPOS="1359" VPOS="1592" WIDTH="51" HEIGHT="30" WC="0.93" CONTENT="fru"/><SP WIDTH="19" VPOS="1592" HPOS="1410"/>
							<String ID="string_159" HPOS="1429" VPOS="1592" WIDTH="172" HEIGHT="40" WC="0.93" CONTENT="Jäderberg"/><SP WIDTH="24" VPOS="1592" HPOS="1601"/>
							<String ID="string_160" HPOS="1625" VPOS="1591" WIDTH="58" HEIGHT="40" WC="0.92" CONTENT="(s),"/><SP WIDTH="20" VPOS="1591" HPOS="1683"/>
							<String ID="string_161" HPOS="1703" VPOS="1591" WIDTH="69" HEIGHT="31" WC="0.92" CONTENT="her-"/>
						</TextLine>
						<TextLine ID="line_19" HPOS="287" VPOS="1645" WIDTH="1485" HEIGHT="41">
							<String ID="string_162" HPOS="287" VPOS="1656" WIDTH="51" HEIGHT="20" WC="0.96" CONTENT="rar"/><SP WIDTH="17" VPOS="1656" HPOS="338"/>
							<String ID="string_163" HPOS="355" VPOS="1646" WIDTH="137" HEIGHT="30" WC="0.93" CONTENT="Dickson"/><SP WIDTH="25" VPOS="1646" HPOS="492"/>
							<String ID="string_164" HPOS="517" VPOS="1645" WIDTH="66" HEIGHT="40" WC="0.91" CONTENT="(h),"/><SP WIDTH="18" VPOS="1645" HPOS="583"/>
							<String ID="string_165" HPOS="601" VPOS="1646" WIDTH="184" HEIGHT="31" WC="0.93" CONTENT="Lundmark"/><SP WIDTH="25" VPOS="1646" HPOS="785"/>
							<String ID="string_166" HPOS="810" VPOS="1646" WIDTH="78" HEIGHT="39" WC="0.48" CONTENT="(s)”&quot;,"/><SP WIDTH="18" VPOS="1646" HPOS="888"/>
							<String ID="string_167" HPOS="906" VPOS="1646" WIDTH="108" HEIGHT="30" WC="0.91" CONTENT="Rimås"/><SP WIDTH="25" VPOS="1646" HPOS="1014"/>
							<String ID="string_168" HPOS="1039" VPOS="1646" WIDTH="79" HEIGHT="40" WC="0.96" CONTENT="(fp),"/><SP WIDTH="19" VPOS="1646" HPOS="1118"/>
							<String ID="string_169" HPOS="1137" VPOS="1646" WIDTH="128" HEIGHT="30" WC="0.90" CONTENT="Wikner"/><SP WIDTH="24" VPOS="1646" HPOS="1265"/>
							<String ID="string_170" HPOS="1289" VPOS="1646" WIDTH="57" HEIGHT="39" WC="0.90" CONTENT="(s),"/><SP WIDTH="20" VPOS="1646" HPOS="1346"/>
							<String ID="string_171" HPOS="1366" VPOS="1646" WIDTH="132" HEIGHT="30" WC="0.96" CONTENT="Larsson"/><SP WIDTH="19" VPOS="1646" HPOS="1498"/>
							<String ID="string_172" HPOS="1517" VPOS="1645" WIDTH="10" HEIGHT="30" WC="0.96" CONTENT="i"/><SP WIDTH="19" VPOS="1645" HPOS="1527"/>
							<String ID="string_173" HPOS="1546" VPOS="1646" WIDTH="118" HEIGHT="39" WC="0.96" CONTENT="Borrby"/><SP WIDTH="24" VPOS="1646" HPOS="1664"/>
							<String ID="string_174" HPOS="1688" VPOS="1645" WIDTH="84" HEIGHT="40" WC="0.95" CONTENT="(cp),"/>
						</TextLine>
						<TextLine ID="line_20" HPOS="287" VPOS="1697" WIDTH="1485" HEIGHT="42">
							<String ID="string_175" HPOS="287" VPOS="1700" WIDTH="123" HEIGHT="30" WC="0.96" CONTENT="Nilsson"/><SP WIDTH="16" VPOS="1700" HPOS="410"/>
							<String ID="string_176" HPOS="426" VPOS="1700" WIDTH="9" HEIGHT="29" WC="0.93" CONTENT="i"/><SP WIDTH="16" VPOS="1700" HPOS="435"/>
							<String ID="string_177" HPOS="451" VPOS="1700" WIDTH="162" HEIGHT="30" WC="0.91" CONTENT="Bästekille"/><SP WIDTH="22" VPOS="1700" HPOS="613"/>
							<String ID="string_178" HPOS="635" VPOS="1700" WIDTH="66" HEIGHT="39" WC="0.91" CONTENT="(h),"/><SP WIDTH="17" VPOS="1700" HPOS="701"/>
							<String ID="string_179" HPOS="718" VPOS="1700" WIDTH="177" HEIGHT="30" WC="0.96" CONTENT="Andersson"/><SP WIDTH="15" VPOS="1700" HPOS="895"/>
							<String ID="string_180" HPOS="910" VPOS="1700" WIDTH="10" HEIGHT="29" WC="0.96" CONTENT="i"/><SP WIDTH="17" VPOS="1700" HPOS="920"/>
							<String ID="string_181" HPOS="937" VPOS="1697" WIDTH="122" HEIGHT="33" WC="0.96" CONTENT="Örebro"/><SP WIDTH="22" VPOS="1697" HPOS="1059"/>
							<String ID="string_182" HPOS="1081" VPOS="1699" WIDTH="79" HEIGHT="40" WC="0.95" CONTENT="(fp),"/><SP WIDTH="16" VPOS="1699" HPOS="1160"/>
							<String ID="string_183" HPOS="1176" VPOS="1699" WIDTH="176" HEIGHT="40" WC="0.96" CONTENT="Johansson"/><SP WIDTH="17" VPOS="1699" HPOS="1352"/>
							<String ID="string_184" HPOS="1369" VPOS="1699" WIDTH="10" HEIGHT="30" WC="0.96" CONTENT="i"/><SP WIDTH="15" VPOS="1699" HPOS="1379"/>
							<String ID="string_185" HPOS="1394" VPOS="1699" WIDTH="107" HEIGHT="39" WC="0.96" CONTENT="Växjö"/><SP WIDTH="23" VPOS="1699" HPOS="1501"/>
							<String ID="string_186" HPOS="1524" VPOS="1698" WIDTH="84" HEIGHT="41" WC="0.96" CONTENT="(cp),"/><SP WIDTH="17" VPOS="1698" HPOS="1608"/>
							<String ID="string_187" HPOS="1625" VPOS="1699" WIDTH="147" HEIGHT="30" WC="0.96" CONTENT="Hansson"/>
						</TextLine>
						<TextLine ID="line_21" HPOS="284" VPOS="1753" WIDTH="526" HEIGHT="40">
							<String ID="string_188" HPOS="284" VPOS="1754" WIDTH="10" HEIGHT="29" WC="0.96" CONTENT="i"/><SP WIDTH="15" VPOS="1754" HPOS="294"/>
							<String ID="string_189" HPOS="309" VPOS="1753" WIDTH="86" HEIGHT="31" WC="0.93" CONTENT="Piteå"/><SP WIDTH="20" VPOS="1753" HPOS="395"/>
							<String ID="string_190" HPOS="415" VPOS="1753" WIDTH="67" HEIGHT="39" WC="0.39" CONTENT="(s)”&quot;"/><SP WIDTH="14" VPOS="1753" HPOS="482"/>
							<String ID="string_191" HPOS="496" VPOS="1753" WIDTH="59" HEIGHT="30" WC="0.96" CONTENT="och"/><SP WIDTH="14" VPOS="1753" HPOS="555"/>
							<String ID="string_192" HPOS="569" VPOS="1754" WIDTH="165" HEIGHT="39" WC="0.93" CONTENT="Hugosson"/><SP WIDTH="20" VPOS="1754" HPOS="734"/>
							<String ID="string_193" HPOS="754" VPOS="1753" WIDTH="56" HEIGHT="40" WC="0.92" CONTENT="(s)."/>
						</TextLine>
					</TextBlock>
				</ComposedBlock>
				<ComposedBlock ID="cblock_5" HPOS="282" VPOS="1861" WIDTH="649" HEIGHT="32">
					<TextBlock ID="block_10" HPOS="282" VPOS="1861" WIDTH="649" HEIGHT="32">
						<TextLine ID="line_22" HPOS="282" VPOS="1861" WIDTH="649" HEIGHT="32">
							<String ID="string_194" HPOS="282" VPOS="1861" WIDTH="16" HEIGHT="15" WC="0.85" CONTENT="+"/><SP WIDTH="20" VPOS="1861" HPOS="298"/>
							<String ID="string_195" HPOS="318" VPOS="1861" WIDTH="32" HEIGHT="32" WC="0.95" CONTENT="Ej"/><SP WIDTH="16" VPOS="1861" HPOS="350"/>
							<String ID="string_196" HPOS="366" VPOS="1861" WIDTH="171" HEIGHT="26" WC="0.96" CONTENT="närvarande"/><SP WIDTH="14" VPOS="1861" HPOS="537"/>
							<String ID="string_197" HPOS="551" VPOS="1861" WIDTH="45" HEIGHT="26" WC="0.92" CONTENT="vid"/><SP WIDTH="16" VPOS="1861" HPOS="596"/>
							<String ID="string_198" HPOS="612" VPOS="1861" WIDTH="165" HEIGHT="26" WC="0.91" CONTENT="utlåtandets"/><SP WIDTH="14" VPOS="1861" HPOS="777"/>
							<String ID="string_199" HPOS="791" VPOS="1861" WIDTH="140" HEIGHT="32" WC="0.96" CONTENT="justering."/>
						</TextLine>
					</TextBlock>
				</ComposedBlock>
				<ComposedBlock ID="cblock_6" HPOS="709" VPOS="2564" WIDTH="644" HEIGHT="25">
					<TextBlock ID="block_11" HPOS="709" VPOS="2564" WIDTH="644" HEIGHT="25">
						<TextLine ID="line_23" HPOS="709" VPOS="2564" WIDTH="644" HEIGHT="25">
							<String ID="string_200" HPOS="709" VPOS="2566" WIDTH="78" HEIGHT="21" WC="0.93" CONTENT="Victor"/><SP WIDTH="9" VPOS="2566" HPOS="787"/>
							<String ID="string_201" HPOS="796" VPOS="2566" WIDTH="130" HEIGHT="21" WC="0.92" CONTENT="Pettersons"/><SP WIDTH="9" VPOS="2566" HPOS="926"/>
							<String ID="string_202" HPOS="935" VPOS="2566" WIDTH="149" HEIGHT="21" WC="0.92" CONTENT="Bokindustri"/><SP WIDTH="9" VPOS="2566" HPOS="1084"/>
							<String ID="string_203" HPOS="1093" VPOS="2566" WIDTH="49" HEIGHT="23" WC="0.96" CONTENT="AB,"/><SP WIDTH="10" VPOS="2566" HPOS="1142"/>
							<String ID="string_204" HPOS="1152" VPOS="2565" WIDTH="135" HEIGHT="21" WC="0.96" CONTENT="Stockholm"/><SP WIDTH="10" VPOS="2565" HPOS="1287"/>
							<String ID="string_205" HPOS="1297" VPOS="2564" WIDTH="56" HEIGHT="21" WC="0.96" CONTENT="1968"/>
						</TextLine>
					</TextBlock>
				</ComposedBlock>
			</PrintSpace>
		</Page>
	</Layout>
</alto>
