1932 2854
114 263 134 24 Utskottet.

113 1390 135 28 Kraftied-

105 1424 154 33 ningslåne-

128 1460 109 27 fonden.

147 1501 64 39 [4.]

349 179 18 30 6
690 178 397 33 Jordbruksutskottets
1119 179 187 32 utlåtande
1337 180 53 31 Nr
1412 181 29 29 5.

346 264 100 32 Ovan
481 264 230 31 omförmälda
745 265 233 36 medgivande
1007 265 53 31 för
1084 264 135 37 Kungl.
1243 264 102 37 Maj:t
1368 267 53 30 att
1445 266 185 37 disponera
1654 269 74 30 viss
1753 269 51 31 del

302 326 45 21 av
381 316 460 36 jordförmedlingsfondens
875 317 197 36 tillgångar
1106 318 112 30 såsom
1254 317 195 36 förlagslån
1477 321 50 33 är,
1551 319 44 35 på
1617 320 71 30 sätt
1711 320 96 31 förut

302 369 152 34 nämnts,
479 368 135 31 lämnat
636 367 124 32 endast
782 368 55 31 för
861 368 83 31 1923
968 368 65 31 och
1057 368 93 31 1924.

303 424 4 16 '
345 419 52 31 Då
419 419 134 36 jämväl
577 419 113 37 enligt
713 420 184 30 utskottets
919 420 225 31 förmenande
1160 430 134 21 samma
1310 421 87 35 skäl,
1413 430 76 22 som
1505 422 95 36 legat
1616 422 58 31 till
1691 424 116 34 grund

303 471 53 31 för
379 471 201 31 införandet
595 481 45 20 av
656 471 147 31 berörda
818 471 211 37 anordning,
1046 472 171 30 motivera
1234 472 218 31 densammas
1470 473 232 32 fortsättande
1718 474 89 31 tills-

302 523 132 35 vidare,
459 523 55 30 får
538 523 166 30 utskottet
727 523 197 36 hemställa,

744 610 53 30 att
818 609 189 36 riksdagen
1023 611 57 29 må
1096 610 165 36 medgiva
1276 612 62 34 att,
1355 613 87 29 utan
1459 612 125 31 hinder
1600 622 45 21 av
1662 612 41 31 de
1720 614 85 29 utav

703 661 188 36 riksdagen
907 661 84 31 1919
1005 663 154 34 antagna
1172 662 180 30 allmänna
1365 663 134 31 villkor
1512 663 62 31 och
1587 664 219 31 bestämmel-

701 722 55 21 ser
773 712 53 31 för
842 713 60 30 lån
919 712 81 31 från
1016 712 451 38 jordförmedlingsfonden,
1484 715 135 37 Kungl.
1633 715 104 37 Maj:t
1749 717 57 29 må

701 774 45 20 av
767 764 145 31 fondens
929 765 231 36 tillgängliga
1176 765 343 38 kapitalbehållning
1537 767 57 31 till
1611 767 194 37 förlagslån

701 816 55 31 för
790 816 213 36 förmedling
1039 825 124 27 genom
1197 817 86 31 eller
1317 817 111 31 under
1463 819 155 31 kontroll
1652 829 46 20 av
1726 819 79 31 hus-

702 867 339 37 hållningssällskap
1065 878 45 20 av
1133 868 78 36 jord
1234 869 57 30 till
1316 878 89 27 egna
1429 870 80 31 hem
1533 870 53 31 för
1602 870 203 36 jordbruks-

700 919 164 31 ändamål
898 919 185 36 disponera
1111 920 80 30 från
1215 920 63 31 och
1301 921 77 31 med
1402 922 84 30 1925
1511 922 200 31 tillsvidare
1734 922 71 31 till-

701 971 90 36 hopa
825 971 101 36 högst
960 972 39 30 så
1023 973 88 29 stort
1134 972 135 36 belopp,
1292 973 52 30 att
1368 973 69 31 vad
1460 983 75 21 som
1558 975 134 29 utestår
1715 974 13 30 i
1751 974 53 31 be-

700 1023 133 36 viljade
867 1023 196 36 förlagslån
1097 1023 75 31 icke
1206 1024 61 30 vid
1301 1025 106 35 något
1441 1025 146 31 tillfälle
1610 1026 195 35 överstiger

701 1075 170 35 1,500,000
895 1075 140 35 kronor,
1059 1076 53 29 att
1135 1075 177 31 utlämnas
1336 1077 72 30 mot
1431 1086 44 21 en
1499 1078 102 30 ränta
1623 1087 46 21 av
1693 1078 19 29 4
1729 1087 75 26 pro-

701 1127 78 29 cent
803 1136 54 20 om
881 1127 75 30 året
979 1126 64 31 och
1066 1126 111 32 under
1198 1127 40 31 de
1255 1127 131 31 villkor
1402 1128 13 30 i
1430 1129 132 36 övrigt,
1578 1138 74 22 som
1668 1128 135 37 Kungl.

701 1177 102 36 Maj:t
826 1178 69 30 kan
919 1178 98 30 finna
1041 1179 76 35 gott
1140 1180 51 29 att
1208 1180 13 29 i
1238 1179 98 35 varje
1359 1180 146 31 särskilt
1526 1181 64 30 fall
1607 1181 197 30 föreskriva

702 1230 11 29 i
736 1229 92 37 syfte
862 1230 52 30 att
948 1230 241 36 betryggande
1223 1232 180 35 garantier
1438 1233 102 29 ernås
1575 1232 53 30 för
1656 1232 148 36 förlags-

700 1281 123 30 lånens
846 1281 232 31 användande
1102 1282 57 30 till
1183 1284 114 29 avsett
1320 1283 175 31 ändamål.

345 1385 63 32 4:0)
443 1384 120 31 Under
596 1385 113 34 punkt
737 1386 19 29 4
780 1394 44 20 av
849 1385 199 31 förberörda
1071 1385 189 37 avdelning
1283 1397 45 20 av
1351 1387 451 35 statsverkspropositionen

301 1436 63 30 har
398 1435 136 37 Kungl.
569 1435 102 37 Maj:t
705 1436 180 36 föreslagit
919 1437 185 36 riksdagen
1139 1438 51 30 att
1218 1438 72 31 dels
1314 1438 172 36 medgiva,
1510 1439 52 30 att
1585 1438 111 31 under
1720 1439 81 30 1924

302 1487 58 31 lån
385 1497 42 21 ur
450 1487 473 36 kraftledningslånefonden
940 1490 57 29 må
1014 1489 148 35 beviljas
1179 1490 55 30 till
1251 1491 49 29 ett
1316 1490 121 36 belopp
1453 1500 45 20 av
1515 1490 100 36 högst
1631 1491 171 35 2,200,000

301 1539 137 35 kronor,
462 1539 73 31 dels
559 1539 61 31 ock
643 1540 114 30 såsom
781 1540 268 36 kapitalökning
1070 1541 54 30 för
1138 1551 135 21 samma
1288 1542 82 30 fond
1388 1542 126 30 anvisa
1531 1542 53 30 för
1600 1542 202 35 budgetåret

303 1591 211 31 1924—1925
538 1592 48 29 ett
611 1592 356 36 reservationsanslag
990 1602 45 20 av
1061 1593 136 34 850,000
1221 1594 134 29 kronor.

343 1640 397 38 (Statsrådsprotokollet
762 1643 64 31 sid.
852 1641 150 36 10—13.)

343 1694 50 31 På
427 1694 121 31 därom
581 1705 44 20 av
660 1694 136 36 Kungl.
831 1695 101 36 Maj:t
964 1695 101 36 gjord
1088 1696 266 37 framställning
1379 1697 62 30 har
1465 1697 84 30 1918
1573 1698 55 30 års
1652 1698 149 35 lagtima

302 1746 143 35 riksdag
468 1746 153 31 beslutat
645 1746 201 31 inrättande
862 1757 44 20 av
923 1747 67 31 den
1007 1758 26 20 s.
1050 1748 33 29 k.
1101 1748 482 36 kraftledningslånefonden.
1607 1749 194 31 Allmänna

300 1798 261 30 bestämmelser
584 1798 54 31 för
662 1798 60 30 lån
746 1798 80 30 från
849 1798 129 31 fonden
1002 1799 102 35 hava,
1129 1800 12 29 i
1165 1800 155 35 enlighet
1344 1800 78 31 med
1439 1800 96 30 vissa
1551 1810 44 20 av
1612 1800 189 36 riksdagen

301 1849 184 36 godkända
519 1849 289 36 huvudgrunder,
843 1850 189 31 fastställts
1066 1861 44 20 av
1135 1850 134 37 Kungl.
1293 1851 101 37 Maj:t
1418 1861 127 27 genom
1568 1852 234 36 kungörelsen

300 1900 66 31 den
389 1901 40 31 13
454 1901 192 36 september
670 1902 82 30 1918
777 1899 56 36 (nr
857 1899 85 39 718),
966 1902 77 31 däri
1066 1902 192 36 ändringar
1281 1903 172 36 vidtagits
1474 1913 125 26 genom
1616 1904 185 36 kungörel-

301 1962 99 21 serna
423 1952 67 31 den
514 1953 40 31 27
578 1953 79 36 juni
681 1953 84 31 1919
789 1950 55 36 (nr
869 1951 74 36 480)
967 1954 64 31 och
1055 1954 66 31 den
1144 1955 18 29 8
1186 1954 79 36 juni
1289 1955 82 31 1923
1395 1952 56 36 (nr
1475 1952 86 36 194).

342 2004 154 31 Jämlikt
519 2005 115 30 beslut
657 2005 61 30 vid
742 2005 83 31 1921
849 2006 56 30 års
930 2006 144 35 riksdag
1098 2007 57 29 må
1178 2006 80 31 från
1282 2007 62 31 och
1367 2007 78 31 med
1469 2007 83 30 1921
1577 2007 59 30 lån
1660 2017 43 20 ur
1726 2007 74 31 fon-

300 2056 66 30 den
389 2056 140 35 årligen
551 2056 151 36 beviljas
726 2057 57 30 till
808 2058 49 29 ett
880 2058 124 35 belopp
1029 2068 44 19 av
1098 2058 169 35 2,500,000
1292 2059 137 30 kronor.

342 2107 18 30 I
389 2107 229 31 förevarande
651 2108 264 37 framställning
950 2109 219 36 ifrågasättes
1193 2110 12 29 i
1229 2110 108 31 första
1369 2110 94 31 hand
1498 2111 51 30 att
1582 2109 110 31 under
1717 2110 81 30 1924

300 2159 56 31 det
393 2159 124 36 högsta
555 2160 108 30 totala
701 2160 352 36 utlåningsbeloppet,
1085 2171 47 20 nu
1164 2162 170 35 2,500,000
1364 2162 137 35 kronor,
1528 2162 188 35 begränsas
1743 2161 55 31 till

300 2211 171 36 2,200,000
506 2212 136 30 kronor.
688 2211 323 36 Framställningen
1039 2213 131 35 härom,
1194 2223 73 21 som
1291 2214 201 30 motiverats
1518 2213 77 31 med
1621 2214 56 30 det
1698 2215 101 29 stats-

299 2262 201 32 finansiella
523 2263 103 36 läget,
650 2263 197 31 föranleder
870 2265 74 30 icke
968 2266 117 34 någon
1109 2265 185 31 utskottets
1317 2266 152 30 erinran.

342 2314 75 31 Vad
451 2314 152 31 härefter
637 2316 109 34 angår
770 2316 56 31 det
850 2316 53 30 för
927 2317 82 30 1924
1033 2316 226 36 erforderliga
1281 2317 457 35 kapitalökningsanslaget,
1760 2318 38 29 så

298 2366 80 35 kan,
413 2366 45 31 då
492 2367 112 35 enligt
638 2367 235 36 utredningen
897 2368 11 30 i
933 2368 144 31 ärendet
1111 2368 53 30 för
1197 2378 48 26 ny
1275 2369 184 35 utdelning
1482 2378 44 21 av
1552 2369 58 30 lån
1634 2368 99 31 torde
1753 2378 44 21 av

297 2418 247 35 odisponerade
579 2418 195 31 fondmedel
809 2419 63 30 och
906 2420 196 36 inflytande
1135 2420 253 36 amorteringar
1420 2422 55 29 stå
1511 2420 56 31 till
1595 2420 203 35 förfogande
