1904 2840
504 152 380 33 Jordbruksutskottets
910 150 176 31 utlåtande
1111 150 49 30 Nr
1184 150 30 30 I.
1571 142 39 30 39

144 240 91 39 54:0)
274 239 283 31 Reseunderstöd
580 239 56 29 för
658 237 134 31 studier
815 235 45 37 på
884 235 229 37 jordbrukets
1135 232 157 37 område,
1315 232 290 30 reservationsan-

102 293 80 36 slag.
225 291 66 31 Till
309 290 263 32 reseunderstöd
592 289 53 31 för
666 288 214 31 lantbrukets
901 286 208 31 studerande
1128 285 90 30 hava
1238 282 109 38 utgått
1367 281 240 32 reservations-

103 344 118 35 anslag
245 343 53 30 för
320 345 46 28 ett
390 345 76 27 vart
490 351 41 20 av
553 339 209 37 budgetåren
791 333 419 41 1926/1927—1931/1932
1235 335 78 30 med
1338 333 118 36 20,000
1481 333 129 29 kronor

103 395 65 30 och
196 394 53 30 för
277 392 201 38 budgetåret
506 387 183 39 1932/1933
717 390 78 30 med
824 389 116 36 10,000
968 388 137 29 kronor.
1155 386 67 31 För
1249 386 93 30 tiden
1370 383 148 31 därefter
1547 383 62 30 har

104 446 118 35 anslag
248 444 54 31 för
326 443 198 31 ändamålet
549 442 74 30 icke
650 440 151 32 anvisats
828 449 41 21 av
896 439 194 36 riksdagen.
1138 437 49 30 På
1212 436 112 37 grund
1351 445 43 21 av
1422 429 187 47 förefintlig

103 495 209 32 reservation
336 495 64 30 har
424 494 123 36 Kungl.
570 492 101 37 Maj:t
696 491 53 31 för
773 500 94 21 resor
890 490 110 30 under
1026 489 83 30 1934
1133 488 65 30 och
1226 488 82 29 1935
1334 486 130 31 utdelat
1486 485 122 30 under-

103 548 75 30 stöd
203 547 78 30 med
305 545 160 37 omkring
491 545 96 35 4,000
612 544 128 29 kronor
766 542 158 30 vartdera
949 540 82 31 året.
1080 539 121 37 Någon
1226 537 232 37 odisponerad
1482 535 126 32 behåll-

104 598 81 36 ning
203 597 20 31 å
242 597 153 36 anslaget
414 595 188 31 förefinnes
622 603 145 21 numera
786 593 84 30 icke.

148 648 123 37 Kungl.
300 648 119 37 Maj:ts
447 647 110 30 under
583 645 111 37 punkt
724 645 40 29 54
791 643 123 37 gjorda
941 641 256 36 framställning
1226 649 98 22 avser
1352 638 188 31 anvisande
1568 647 42 21 av

105 700 109 30 medel
239 699 50 30 till
312 697 262 32 reseunderstöd
598 706 41 21 av
663 696 10 30 i
697 695 68 30 viss
789 694 82 31 mån
896 693 133 31 ändrad
1054 693 174 29 karaktär.
1276 690 96 31 Efter
1397 688 213 38 redogörelse

104 750 53 31 för
179 760 42 20 av
244 748 349 37 lantbruksstyrelsen
616 745 98 38 gjord
738 744 256 36 framställning
1018 744 11 30 i
1052 744 115 29 ämnet
1191 743 64 29 har
1277 740 333 38 departementsche-

103 803 58 36 fen
183 801 52 31 till
256 799 204 36 motivering
483 808 42 21 av
546 796 307 38 anslagsäskandet
875 794 116 32 anfört
1013 794 166 37 följande:

152 851 83 31 »Vid
265 851 163 30 anmälan
468 859 44 21 av
551 847 161 38 frågorna
741 846 208 31 tillhörande
979 844 211 38 regleringen
1217 853 43 21 av
1290 842 187 38 utgifterna
1503 842 109 30 under

108 902 125 31 nionde
262 901 218 31 huvudtiteln
510 899 53 31 för
593 898 233 31 innevarande
853 895 169 40 budgetår
1048 896 158 30 erinrade
1232 895 58 39 jag
1316 894 11 30 i
1354 893 187 39 anledning
1569 902 41 21 av

106 952 257 39 framställning
385 950 80 32 från
487 949 349 39 lantbruksstyrelsen
860 957 57 21 om
942 948 120 38 anslag
1087 946 49 31 till
1159 945 265 31 reseunderstöd
1448 944 55 30 för
1525 944 85 30 lant-

107 1005 141 29 brukets
271 1002 209 31 studerande
500 1001 106 31 bland
629 1003 107 27 annat
764 999 47 39 (se
836 999 44 30 IX
903 998 41 30 H.
970 998 36 30 T.
1033 998 82 30 1935
1138 997 61 30 sid.
1227 996 89 38 130),
1338 998 49 28 att
1414 995 4 30 i
1441 995 65 30 den
1530 993 81 31 mån

108 1056 120 38 anslag
256 1054 53 30 för
336 1052 266 40 ifrågavarande
629 1049 164 33 ändamål
817 1052 127 28 avsetts
971 1049 50 30 till
1046 1048 123 39 bidrag
1196 1047 57 30 vid
1281 1046 208 31 studieresor
1515 1048 97 28 utom

107 1106 115 30 landet
240 1105 172 39 anslagets
429 1103 174 39 betydelse
621 1102 74 30 icke
710 1100 203 39 oväsentligt
932 1099 151 30 minskat
1099 1106 124 32 genom
1239 1098 211 30 tillkomsten
1467 1106 42 20 av
1525 1096 85 30 lant-

107 1155 312 40 brukshögskolan.
469 1153 116 40 Enligt
610 1153 66 30 vad
705 1162 74 21 som
807 1150 155 40 framgår
989 1160 42 21 av
1057 1148 368 40 lantbruksstyrelsens
1451 1156 47 21 nu
1526 1145 86 31 före-

109 1207 151 30 varande
288 1206 163 30 skrivelse
478 1205 79 30 med
583 1204 151 39 begäran
762 1212 56 21 om
843 1202 122 39 anslag
992 1201 54 30 för
1073 1198 204 41 budgetåret
1307 1194 182 40 1936/1937
1516 1198 96 30 delar

108 1258 165 39 styrelsen
294 1257 113 31 denna
428 1255 233 41 uppfattning.
707 1255 11 29 I
740 1252 342 32 överensstämmelse
1100 1250 146 31 härmed
1264 1250 64 30 bör
1348 1247 265 32 reseunderstöd

109 1309 74 31 icke
218 1307 81 41 utgå
334 1308 55 30 för
424 1306 228 31 inhämtande
674 1305 57 30 vid
757 1304 186 31 utländska
969 1302 240 31 läroanstalter
1235 1311 42 20 av
1300 1301 211 38 kunskaper,
1538 1308 75 22 som

109 1362 118 29 kunna
253 1359 180 30 förvärvas
457 1358 57 30 vid
537 1356 387 38 lantbrukshögskolan.
973 1353 64 31 Vid
1063 1353 99 30 sidan
1186 1362 41 20 av
1251 1355 47 27 ett
1321 1351 225 31 studiebehov
1570 1359 42 21 av

110 1411 111 30 denna
249 1413 52 27 art
328 1409 192 31 förefinnes
546 1407 200 34 emellertid,
772 1404 115 32 såsom
914 1403 352 39 lantbruksstyrelsen
1293 1400 161 41 påpekat,
1483 1401 54 30 för
1565 1401 47 29 lä-

110 1471 75 21 rare
208 1461 64 30 och
299 1460 223 30 konsulenter
547 1457 43 40 på
616 1458 214 30 lantbrukets
853 1454 143 32 område
1020 1455 164 30 ävensom
1210 1453 55 30 för
1288 1453 109 30 andra
1423 1451 79 31 med
1527 1460 85 30 upp-

110 1511 168 39 lysnings-
316 1511 82 30 eller
436 1507 422 40 forskningsverksamhet
897 1506 94 30 inom
1019 1503 358 41 jordbruksnäringen
1417 1502 195 39 sysselsatta

110 1571 163 30 personer
292 1565 45 27 ett
355 1561 113 30 behov
488 1563 48 27 att
555 1559 140 39 utvidga
713 1558 74 30 sina
807 1557 199 38 kunskaper
1023 1556 64 30 och
1106 1555 236 30 erfarenheter
1362 1553 49 31 till
1430 1552 184 39 näringens

111 1621 98 31 gagn.
258 1613 10 29 I
293 1612 92 30 detta
406 1611 197 30 hänseende
626 1610 89 29 hava
738 1608 208 31 studieresor
966 1606 181 39 onekligen
1171 1605 149 38 alltjämt
1342 1613 43 21 en
1408 1603 137 39 uppgift
1566 1605 48 28 att

111 1664 95 39 fylla.
257 1663 66 30 För
349 1666 49 27 att
422 1661 203 39 möjliggöra
652 1660 117 39 dylika
797 1668 93 21 resor
915 1658 55 30 för
994 1666 173 31 personer,
1193 1665 74 21 som
1291 1655 31 39 ej
1347 1653 45 41 på
1417 1657 107 27 annat
1549 1654 66 30 sätt

112 1716 117 29 kunna
251 1713 130 31 erhålla
403 1713 124 38 bidrag
549 1712 47 30 till
617 1712 189 33 desamma,
830 1710 116 30 finner
967 1708 57 40 jag
1047 1708 9 29 i
1079 1708 108 29 likhet
1210 1706 79 31 med
1312 1704 302 39 lantbruksstyrel-

112 1775 57 21 sen
188 1766 175 34 önskvärt,
383 1767 49 27 att
451 1764 120 38 anslag
591 1772 41 21 av
653 1761 196 31 statsmedel
869 1759 155 39 beviljas.
1068 1759 64 38 Jag
1151 1758 196 38 tillstyrker,
1367 1759 48 27 att
1435 1756 54 30 för
1510 1755 104 30 ända-

113 1815 102 31 målet
240 1816 53 29 för
314 1813 203 41 budgetåret
542 1810 181 38 1936/1937
748 1811 136 31 anvisas
907 1814 46 27 ett
978 1810 123 38 belopp
1125 1818 42 21 av
1191 1809 96 33 5,000
1309 1808 138 29 kronor.
1496 1805 119 39 Dispo-

114 1867 144 30 sitionen
278 1876 42 20 av
339 1866 91 30 detta
452 1865 120 38 anslag
592 1864 47 30 till
663 1862 262 31 reseunderstöd
946 1861 54 29 för
1020 1860 129 30 studier
1168 1857 44 41 på
1232 1858 222 39 jordbrukets
1475 1855 141 32 område

113 1919 62 29 bör
196 1918 124 29 liksom
339 1917 88 29 skett
447 1915 78 30 med
546 1915 142 38 tidigare
707 1912 163 31 liknande
890 1912 121 37 anslag
1029 1908 212 32 förbehållas
1262 1908 123 39 Kungl.
1407 1907 110 38 Maj:t.
1549 1907 66 29 An-

112 1969 106 36 slaget
238 1968 62 30 bör
319 1967 94 37 givas
434 1969 102 27 natur
557 1974 40 21 av
617 1962 378 36 reservationsanslag.»

156 2068 181 35 Utskottet,
359 2076 75 21 som
457 2066 202 30 instämmer
680 2064 11 30 i
712 2064 65 30 vad
801 2060 379 39 departementschefen
1203 2059 146 31 sålunda
1371 2058 133 35 uttalat,
1525 2057 92 31 hem-

115 2119 114 30 ställer
250 2117 10 30 i
280 2117 148 36 enlighet
448 2117 80 29 med
550 2115 121 36 Kungl.
694 2114 116 36 Maj:ts
831 2113 139 35 förslag,

467 2219 50 27 att
536 2216 182 35 riksdagen
738 2214 56 30 må
813 2213 51 30 till
885 2211 273 32 Reseunderstöd
1177 2211 55 37 för
1251 2210 129 30 studier
1398 2209 45 37 på
1462 2208 157 37 jordbru-

425 2267 73 30 kets
519 2266 139 30 område
679 2265 53 30 för
751 2263 200 37 budgetåret
974 2258 181 40 1936/1937
1178 2261 118 30 anvisa
1316 2263 46 27 ett
1380 2260 240 29 reservations-

424 2318 120 35 anslag
564 2325 40 21 av
625 2316 97 34 5,000
743 2315 136 29 kronor.

1667 2060 127 25 Utskottet.
