1902 2834
109 1049 127 26 Utskottet.

107 2284 128 25 Utskottet.

281 164 38 31 38
676 168 381 32 Jordbruksutskottets
1081 169 178 30 utlåtande
1283 169 49 31 Nr
1355 171 30 29 1.

635 255 50 28 att
703 252 185 38 riksdagen
906 252 58 31 må
981 253 51 30 till
1052 253 504 37 Trädgårdsundervisningen:
1595 252 195 32 Understöd

591 303 34 30 åt
650 303 407 31 lantbruksakademiens
1081 304 282 36 trädgårdsskola
1387 304 55 30 för
1466 303 201 38 budgetåret
1695 301 95 40 1936/

595 354 81 30 1937
697 354 120 30 anvisa
835 356 47 28 ett
900 355 120 36 anslag
1037 363 43 21 av
1102 355 116 35 10,000
1238 355 138 30 kronor.

328 486 91 40 51:0o)
458 486 513 38 Trädgårdsundervisningen:
1005 488 201 31 Understöd
1231 487 35 32 åt
1291 487 355 38 trädgårdsskolorna
1669 489 12 30 i
1704 489 82 30 mel-

284 539 106 30 lersta
409 539 68 30 och
496 547 106 22 norra
622 538 152 37 Sverige.
808 539 124 37 Kungl.
954 539 119 36 Maj:ts
1092 539 257 38 framställning
1367 540 111 30 under
1498 540 112 37 punkt
1630 541 39 29 51
1693 540 93 30 inne-

284 590 62 30 bär
370 592 47 28 ett
442 590 10 30 i
478 589 219 32 förhållande
721 591 51 29 till
797 590 227 37 anvisningen
1050 590 55 30 för
1131 590 234 31 innevarande
1392 589 168 38 budgetår
1586 591 79 30 med
1692 591 98 35 4,000

282 640 130 30 kronor
436 641 82 30 ökat
542 641 236 37 anslagskrav.
828 636 183 41 Ökningen
1037 650 98 21 avser
1160 640 307 37 trädgårdsskolan
1493 641 10 30 i
1529 640 157 37 Söråker,
1715 650 74 21 som

283 691 178 30 befunnits
482 700 83 21 vara
587 692 10 29 i
618 692 113 30 behov
753 701 42 20 av
816 692 265 36 tilläggsanslag,
1104 692 52 30 till
1177 692 77 30 dess
1277 691 312 37 trädgårdsdriften
1611 692 179 30 därstädes

283 741 125 30 hunnit
432 742 209 36 upparbetas
666 742 51 29 till
742 741 54 31 för
820 742 141 30 skolans
986 742 161 30 ekonomi
1172 743 160 36 behövlig
1356 743 220 36 omfattning.
1625 742 163 37 Departe-

285 791 237 31 mentschefen
543 791 155 36 föreslår,
720 795 48 27 att
789 793 122 30 skolan
931 792 11 31 i
962 792 94 38 varje
1077 793 61 30 fall
1159 793 111 31 under
1291 793 201 37 budgetåret
1516 789 183 35 1936/1937
1724 793 63 31 till-

283 842 94 30 delas
399 845 47 27 ett
468 842 257 38 tilläggsanslag
746 852 43 21 av
811 843 97 35 4,000
932 843 138 30 kronor.
1116 843 123 37 Kungl.
1264 843 101 37 Maj:t
1389 844 63 30 har
1476 843 55 31 för
1554 843 235 31 innevarande

283 891 167 38 budgetår
473 893 130 30 lämnat
626 894 186 30 enahanda
834 894 146 30 tillskott
1003 893 79 31 från
1105 894 128 30 nionde
1256 894 236 31 huvudtitelns
1516 895 121 37 anslag
1658 894 52 31 till
1733 895 55 30 be-

283 942 198 37 främjande
504 943 10 30 i
537 943 191 31 allmänhet
751 953 43 21 av
816 943 171 38 jordbruk
1010 945 65 29 och
1099 945 380 37 lantmannanäringar.

326 1043 79 30 Med
427 1043 242 38 tillstyrkande
692 1053 43 21 av
759 1044 300 37 framställningen
1083 1045 199 30 hemställer
1305 1046 175 35 utskottet,

634 1147 50 27 att
706 1144 185 37 riksdagen
914 1144 57 31 må
992 1145 50 30 till
1065 1145 504 37 Trädgårdsundervisningen:
1596 1145 193 31 Understöd

591 1194 35 30 åt
649 1195 347 36 trädgårdsskolorna
1020 1196 10 29 i
1053 1196 173 30 mellersta
1250 1197 64 29 och
1338 1206 104 21 norra
1465 1196 136 37 Sverige
1626 1196 55 31 för
1703 1196 85 31 bud-

592 1244 128 37 getåret
747 1241 181 41 1936/1937
953 1245 120 30 anvisa
1095 1248 47 28 ett
1165 1247 121 36 anslag
1309 1256 42 21 av
1374 1248 120 35 36,000
1518 1248 139 30 kronor.

327 1376 91 41 52:0)
451 1376 514 39 Trädgårdsundervisningen:
994 1379 129 37 Bidrag
1142 1379 53 31 till
1214 1380 124 30 kurser
1358 1380 11 30 i
1387 1379 332 39 trädgårdsskötsel,
1736 1390 49 21 re-

282 1430 320 36 servationsanslag.
639 1430 13 30 I
672 1430 150 37 enlighet
841 1431 79 29 med
940 1430 121 37 Kungl.
1082 1430 119 37 Maj:ts
1220 1431 110 30 under
1349 1432 111 36 punkt
1480 1432 40 30 52
1541 1431 122 37 gjorda
1684 1431 105 30 fram-

281 1480 163 37 ställning
464 1497 44 4 —
530 1480 237 31 innebärande
788 1481 323 37 anslagsanvisning
1133 1482 55 30 för
1211 1481 197 31 ändamålet
1431 1482 51 30 till
1505 1482 205 31 oförändrat
1732 1483 56 29 be-

282 1530 81 37 lopp
384 1546 44 5 —
447 1531 198 30 hemställer
666 1531 174 35 utskottet,

635 1634 50 28 att
706 1631 184 38 riksdagen
912 1631 57 32 må
990 1632 50 30 till
1063 1632 504 38 Trädgårdsundervisningen:
1590 1633 128 37 Bidrag
1740 1633 50 30 till

589 1682 124 30 kurser
733 1683 11 29 i
764 1682 311 37 trädgårdsskötsel
1096 1683 55 30 för
1172 1683 200 37 budgetåret
1396 1682 182 40 1936/1937
1601 1684 121 31 anvisa
1743 1686 46 28 ett

590 1734 352 36 reservationsanslag
960 1742 42 21 av
1021 1734 119 35 30,000
1160 1734 138 30 kronor.

326 1864 91 41 53:0)
446 1865 514 39 Trädgårdsundervisningen:
995 1867 199 37 Stipendier
1217 1868 56 31 för
1299 1869 108 36 högre
1430 1868 200 37 utbildning
1655 1869 11 30 i
1693 1869 92 30 träd-

282 1914 236 40 gårds"acket,
539 1919 360 36 reservationsanslag.
935 1919 77 31 Med
1036 1919 266 36 ifrågavarande
1325 1920 121 37 anslag
1468 1929 98 21 avses
1588 1923 49 27 att
1659 1920 127 30 bereda

282 1966 134 32 tillfäsdle
440 1967 54 32 för
516 1968 57 31 två
597 1969 309 37 statsstipendiater
931 1973 48 28 att
1004 1971 77 30 med
1106 1970 121 37 bidrag
1251 1970 49 31 till
1323 1980 41 21 en
1389 1980 61 21 var
1473 1980 43 21 av
1543 1971 93 35 1,200
1659 1971 130 29 kronor

283 2018 108 30 under
411 2021 48 28 ett
479 2018 38 31 år
535 2019 193 36 praktisera
749 2020 95 31 inom
865 2020 281 38 trädgårdsyrket
1167 2021 11 30 i
1199 2022 161 30 utlandet.

327 2068 64 31 Det
411 2078 42 22 av
472 2070 121 36 Kungl.
613 2070 102 37 Maj:t
732 2071 109 30 under
859 2072 113 35 punkt
990 2072 40 30 53
1051 2072 130 30 äskade
1199 2072 300 36 anslagsbeloppet
1515 2071 56 32 för
1590 2071 198 31 ändamålet

283 2119 184 37 överstiger
493 2122 243 30 motsvarande
761 2121 183 38 anvisning
970 2122 53 31 för
1048 2122 232 31 innevarande
1307 2122 166 37 budgetår
1499 2123 78 30 med
1608 2120 111 40 (1,800
1745 2141 44 4 —

286 2171 93 35 1,200
406 2167 48 40 =)
482 2172 63 30 600
566 2172 139 36 kronor,
728 2172 170 31 beroende
920 2172 45 37 på
987 2172 161 32 minskad
1168 2173 381 37 reservationstillgång.

326 2271 79 31 Med
430 2271 202 32 biträdande
658 2282 42 21 av
728 2272 298 38 framställningen
1051 2274 199 30 hemställer
1276 2274 174 36 utskottet,

634 2368 50 27 att
707 2365 183 37 riksdagen
915 2366 58 30 må
994 2366 51 30 till
1071 2366 500 37 Trädgårdsundervisningen:
1594 2365 194 38 Stipendier

589 2416 56 37 för
672 2416 104 36 högre
804 2416 193 37 utbildning
1023 2418 11 29 i
1060 2416 297 40 trädgårdsfacket
1383 2417 54 31 för
1463 2416 201 38 budgetåret
1691 2417 96 37 1936/

593 2467 82 30 1937
702 2467 119 30 anvisa
845 2470 46 28 ett
916 2467 347 38 reservationsanslag
1285 2477 42 21 av
1354 2468 94 35 1,800
1471 2469 139 29 kronor.
