2218 2672
418 229 39 30 16
648 229 102 30 Andra
774 229 195 29 Kammarnns
994 227 166 38 Tillfälliga
1187 227 125 31 Utskotts
1335 224 61 42 (Nr
1418 225 36 37 2)
1484 225 152 31 Utlåtande
1658 226 46 30 Nr
1728 226 52 29 43.

418 321 106 22 sernag
559 309 362 32 bostadsförhållanden.
970 309 96 31 Hvad
1099 319 77 20 man
1207 307 154 33 invänder
1396 310 34 28 är
1465 310 46 28 att
1534 307 108 40 lagens
1665 306 248 40 genomförande
1937 307 82 31 varit

417 358 42 40 på
481 357 76 31 flera
581 356 115 32 ställen
721 356 201 41 synnerligen
946 355 158 31 kostsamt
1128 354 86 32 såväl
1237 354 50 31 för
1309 354 236 31 kommunerna
1568 363 69 21 som
1653 352 94 32 äfven
1763 352 49 31 för
1828 353 188 39 husägarne,

418 404 60 30 och
513 402 88 31 detta
628 401 151 32 särskildt
803 401 39 31 de
866 403 78 29 små.
992 401 44 30 Af
1058 401 108 39 lagens
1190 400 73 31 hela
1286 400 222 31 beskaffenhet
1530 399 95 41 följer
1648 401 47 28 att
1718 398 71 31 dess
1813 398 206 41 tillämpning

418 449 82 31 varit
534 448 86 31 olika
654 448 41 40 på
729 447 86 31 olika
838 449 91 35 orter,
959 447 59 30 och
1043 449 46 28 att
1112 446 106 31 därför
1240 446 11 30 i
1274 446 86 31 vissa
1381 445 193 31 kommuner
1597 444 39 31 de
1660 443 124 31 mindre
1807 454 212 30 gynnsamma

417 494 161 41 följderna
612 494 82 30 varit
729 493 139 31 starkare
891 492 248 31 framträdande.
1187 491 96 31 Hvad
1305 491 98 31 rikets
1427 490 84 31 båda
1535 493 115 28 största
1674 489 113 38 städer,
1813 489 204 31 Amsterdam

417 540 61 31 och
516 539 185 31 Rotterdam
737 540 104 38 angår,
879 548 90 21 anses
1005 538 107 39 lagens
1136 536 247 41 genomförande
1406 537 12 29 i
1442 536 61 31 den
1527 536 85 31 förra
1635 535 112 31 staden
1771 535 66 31 ofta
1859 536 84 30 varit
1966 536 52 31 väl

417 585 147 32 radikalt.
614 584 142 31 Sålunda
778 585 58 29 har
859 584 11 30 i
892 583 59 31 fall
975 583 41 31 då
1039 586 45 28 ett
1107 584 62 30 hus
1192 582 154 38 utdömts,
1372 582 53 31 det
1449 583 28 40 ej
1503 581 185 40 medgifvits
1711 581 177 40 husägaren
1905 591 55 21 ens
1973 584 47 28 att

418 631 208 41 provisoriskt
661 630 146 31 använda
842 629 53 31 det
930 629 50 30 till
1003 628 150 32 verkstad
1176 628 76 31 eller
1276 628 199 40 arbetsplats,
1500 628 11 29 i
1534 627 84 41 följd
1641 627 99 31 hvarå
1764 629 84 28 stora
1870 626 149 31 förluster

419 677 135 30 drabbat
587 677 129 29 honom.
764 676 16 29 I
815 675 185 30 Rotterdam
1036 676 66 29 åter
1131 675 58 29 har
1213 674 105 39 dylikt
1340 673 225 39 medgifvande
1588 673 140 30 lämnats
1752 673 59 30 och
1836 672 181 39 därigenom

417 721 191 39 undanröjts
632 720 137 39 mycken
793 719 172 38 anledning
988 719 51 29 till
1062 719 163 38 missnöje.
1272 718 62 29 Det
1356 718 58 28 har
1438 718 94 29 äfven
1555 717 96 29 ofvan
1675 717 164 38 påpekats,
1864 717 154 29 hurusom

418 767 10 29 i
456 764 187 32 Rotterdam
666 775 76 20 man
767 765 11 29 i
801 765 80 31 visst
904 763 180 32 hänseende
1108 763 77 31 skilt
1208 762 120 31 mellan
1351 763 54 31 två
1428 761 216 32 tidsterminer
1668 761 60 30 och
1751 760 80 32 först
1855 761 79 31 efter
1958 760 61 31 den

420 821 108 21 senare
552 811 173 30 terminens
749 810 188 30 inträdande
961 809 145 40 uppstält
1129 811 160 37 strängare
1312 808 185 39 fordringar.
1545 807 44 30 Af
1612 806 406 41 byggnadsinspektionens

419 857 11 29 i
453 856 186 30 Rotterdam
674 858 130 37 rapport
839 857 33 27 år
897 854 85 30 1908
1017 854 139 39 framgår
1184 854 94 29 äfven
1302 856 47 27 att
1371 853 161 39 klagomål
1556 852 87 31 öfver
1666 852 92 39 lagen
1785 852 233 36 framkommit,

419 912 75 20 men
518 904 47 27 att
589 900 99 37 dessa,
713 900 86 31 hvad
815 899 233 41 nybyggnaden
1064 899 142 39 anginge,
1224 899 82 30 visat
1327 899 47 38 sig
1390 898 79 30 efter
1484 897 238 39 undersökning
1738 896 182 40 ogrundade
1937 900 84 27 samt

419 946 197 32 beträffande
640 945 87 31 äldre
751 945 181 40 byggnader
956 944 202 32 öfverdrifna.

532 992 75 30 Som
632 991 136 30 allmänt
791 990 148 31 omdöme
972 990 89 30 torde
1090 989 74 30 med
1188 988 229 32 ofvanberörda
1440 988 226 30 reservationer
1689 988 110 29 kunna
1822 990 127 36 utsägas
1973 990 47 27 att

419 1037 92 40 lagen
545 1037 83 31 varit
662 1039 46 28 ett
742 1036 163 31 verksamt
938 1035 105 31 medel
1078 1035 49 30 för
1153 1033 218 32 förbättrande
1395 1034 33 30 af
1452 1033 38 31 de
1513 1033 147 40 fattigare
1684 1032 334 31 samhällsklassernas

419 1082 350 32 lefnadsförhållanden
792 1099 43 3 —
859 1082 59 30 och
954 1081 87 31 detta
1064 1082 29 39 ej
1119 1080 82 31 blott
1224 1081 11 29 i
1259 1079 213 32 storstäderna
1495 1082 79 27 utan
1597 1079 95 30 äfven
1715 1078 49 30 för
1787 1077 230 41 landsbygden,

532 1129 58 29 Att
612 1128 108 39 lagens
743 1127 241 31 bestämmelser
1018 1126 70 30 icke
1123 1128 53 28 äro
1210 1129 123 27 tomma
1367 1125 137 31 hotelser
1532 1124 139 40 framgår
1695 1123 32 30 af
1749 1123 144 41 följande
1917 1123 104 31 siffror

419 1173 152 30 hämtade
605 1174 72 28 från
711 1172 194 30 Rotterdam.
954 1172 16 29 I
1005 1171 105 30 denna
1138 1171 71 30 stad
1231 1170 171 30 utdömdes
1426 1171 34 28 år
1485 1169 84 30 1906
1597 1169 50 37 97,
1674 1170 33 28 år
1737 1168 83 30 1907
1849 1168 62 30 280
1937 1171 83 28 samt

420 1219 34 29 år
479 1217 85 31 1908
589 1217 63 30 442
677 1218 71 36 hus,
773 1218 179 39 hvarjämte
976 1215 222 40 föreläggande
1222 1225 53 21 om
1298 1215 225 39 förbättringar
1546 1213 204 31 meddelades
1774 1214 34 29 år
1834 1212 83 31 1906
1942 1214 11 28 i
1978 1212 40 30 88

419 1264 68 36 fall,
524 1265 34 28 år
595 1262 82 31 1907
714 1263 11 29 i
762 1261 95 38 1,116
887 1263 59 30 och
970 1263 34 29 år
1029 1261 84 30 1908
1138 1262 10 29 i
1175 1260 96 38 1,624
1294 1261 67 29 fall.
1410 1260 51 39 (Se
1484 1259 107 32 vidare
1615 1258 405 41 byggnadsinspektionens

419 1311 131 37 rapport
573 1308 58 31 sid.
660 1307 149 39 15—35).

940 2335 298 26 CENTRALTRYCKERIET,
1258 2336 159 17 STOCKHOLM
1440 2336 74 18 1910.
