2216 2671
409 218 41 30 14
645 221 103 30 Andra
771 223 194 30 Kammarens
990 225 166 38 Tillfälliga
1184 227 124 30 Utskotts
1333 227 57 38 (Nr
1412 227 34 39 2)
1476 228 151 31 Utlåtande
1649 230 46 29 Nr
1719 230 51 29 43.

516 299 246 35 Bestämmelser
777 303 61 41 för
862 303 111 42 lagens
996 304 55 33 och
1075 306 38 32 de
1136 306 202 34 kommunala
1354 307 274 43 föreskrifternas
1652 306 203 50 efterlefnad.

516 356 61 31 Det
612 357 198 33 tillkommer
834 360 408 34 sundhetskommissionen
1266 366 47 29 att
1336 365 128 40 angifva
1491 366 49 31 för
1564 366 345 41 kommunalstyrelsen
1934 369 70 37 hus,

407 401 30 39 1)
472 412 69 21 som
577 406 53 27 äro
665 404 173 40 olämpliga
866 406 50 30 till
941 407 147 31 bostäder
1110 409 76 30 med
1209 410 191 39 angifvande
1424 412 113 37 tillika,
1564 412 105 31 därest
1693 412 38 31 de
1754 413 110 31 kunna
1887 414 117 31 istånd-

404 450 99 29 sättas
527 448 33 30 af
583 449 107 30 härför
715 450 202 40 erforderliga
940 452 139 39 arbeten,
1106 454 31 39 2)
1161 464 68 21 som
1254 458 53 28 äro
1331 456 11 30 i
1366 456 98 31 behof
1475 457 33 30 af
1524 457 226 41 förbättringar
1767 462 83 27 samt
1867 459 31 39 3)
1914 460 90 31 hvari

402 493 75 31 flere
511 504 150 30 personer
694 495 131 40 inhysas
861 499 40 28 än
936 498 117 31 tillåtet
1076 501 34 28 är
1133 499 68 39 (art.
1229 499 60 41 11).
1338 502 112 30 Denna
1473 502 225 33 bestämmelse
1722 504 83 31 afser
1829 505 176 31 emellertid

400 538 71 31 icke
495 542 47 28 att
565 541 18 29 å
608 540 408 34 sundhetskommissionen
1040 545 132 30 afbörda
1194 546 290 41 initiativtagandet
1507 549 49 30 uti
1578 549 207 32 förevarande
1808 550 104 40 frågor
1927 554 77 27 utan

401 585 171 40 meningen
607 589 43 34 är,
688 588 104 30 såsom
828 588 33 30 af
888 589 91 39 lagen
1003 589 68 39 (art.
1098 590 53 40 16)
1175 592 59 30 och
1257 592 51 30 till
1331 595 173 38 yttermera
1526 595 84 30 visso
1634 595 33 30 af
1690 596 143 31 motiven
1856 592 146 48 framgår,

402 630 113 31 endast
538 634 47 27 att
609 632 408 34 sundhetskommissionen
1041 636 82 30 skall
1147 636 110 31 kunna
1280 638 84 31 bistå
1386 639 126 40 Borgm.
1539 640 58 30 och
1622 640 49 31 W.
1686 641 75 31 med
1773 641 231 41 upplysningar

400 676 127 30 utöfver
562 676 73 30 dem
672 677 38 30 de
746 679 116 38 själfva
896 680 110 30 kunna
1028 681 154 31 förskaffa
1205 683 55 38 sig.
1308 684 63 29 Till
1396 695 124 20 samma
1543 685 150 31 ändamål
1717 688 106 38 tjänar
1847 688 93 31 äfven
1964 698 39 20 en

401 719 226 31 bestämmelse
661 721 68 38 (art.
769 722 52 39 12)
845 724 98 39 enligt
966 725 132 30 hvilken
1122 736 39 20 en
1185 727 32 29 af
1240 728 100 30 minst
1363 731 46 27 tre
1433 739 149 29 personer
1605 730 50 29 till
1678 731 325 39 kommunalstyrelse

400 764 143 40 ingifven
567 766 142 31 ansökan
733 777 52 20 om
810 768 152 31 liknande
986 770 303 33 missförhållanden
1313 773 91 38 skall,
1431 773 105 32 därest
1560 774 62 31 den
1645 775 139 40 grundar
1809 776 47 40 sig
1879 777 41 39 på
1936 787 65 29 per-

401 810 103 39 sonlig
527 811 238 40 undersökning
789 831 43 3 —
849 814 86 31 detta
959 816 49 29 till
1032 816 262 32 förekommande
1318 819 33 29 af
1373 819 151 30 ohemula
1547 816 161 49 klagomål
1729 839 23 2 —
1776 821 227 40 ofördröjligen

399 855 179 31 remitteras
602 856 50 30 till
677 857 407 34 sundhetskommissionen
1107 861 50 31 för
1180 862 156 40 yttrande.
1385 864 43 30 På
1451 865 167 30 enahanda
1642 868 63 28 sätt
1729 866 142 37 förfares,
1897 877 53 20 om
1964 877 38 20 en

399 900 175 41 familjefar
609 902 76 30 eller
720 913 109 20 ensam
864 904 49 31 för
938 906 46 39 sig
1008 906 146 31 lefvande
1179 917 114 30 person
1321 911 54 37 gör
1399 910 159 37 anmälan,
1584 911 133 30 hvarom
1741 921 76 30 nyss
1842 914 33 27 är
1900 912 99 39 sagdt.

399 945 244 39 Ifrågavarande
678 949 222 39 anmälningar
935 951 90 30 skola
1058 952 93 30 alltid
1179 953 162 31 tillställas
1365 954 177 40 husägaren
1566 955 76 31 eller
1666 956 119 31 dennes
1808 957 193 31 företrädare

400 993 92 34 samt,
530 991 105 32 därest
657 992 111 40 frågan
792 994 99 39 gäller
914 996 274 32 öfverskridandet
1212 998 33 30 af
1268 998 53 31 det
1344 999 94 40 högst
1461 1000 163 40 medgifna
1648 1001 119 31 antalet
1790 1002 209 37 inneboende,

398 1036 105 30 tillika
525 1037 247 41 familjefadern.

519 1098 213 34 Utdömandet
754 1102 40 39 af
817 1102 111 32 bostad
949 1102 75 33 eller
1045 1104 182 41 åläggande
1247 1108 51 29 att
1311 1106 175 33 verkställa
1495 1107 247 42 förbättringar
1758 1109 75 31 eller
1849 1112 49 29 att
1914 1110 14 31 i
1931 1109 69 41 fall

398 1143 41 39 af
461 1144 233 40 trångboddhet
716 1145 123 41 afhysa
862 1146 215 43 hyresgästen.

509 1198 50 30 En
584 1199 128 32 bostads
736 1201 196 32 utdömande
956 1203 73 38 kan,
1055 1205 105 30 såsom
1184 1208 139 35 nämnts,
1346 1206 112 31 endast
1479 1208 55 30 ske
1550 1218 114 29 genom
1681 1209 106 31 beslut
1802 1210 34 29 af
1848 1210 150 30 Gemeen-

397 1243 117 30 teraad.
562 1244 75 31 Med
661 1245 69 31 skäl
754 1246 58 30 har
835 1247 197 40 lagstiftaren
1057 1252 104 28 ansett
1184 1254 46 27 att
1253 1262 76 19 man
1354 1252 112 31 endast
1478 1253 57 30 bör
1547 1253 141 41 tillgripa
1704 1254 87 31 detta
1806 1255 106 30 medel
1929 1265 69 21 som

397 1291 46 27 ett
476 1289 117 30 ultima
627 1291 80 30 ratio
743 1292 59 30 och
827 1292 106 31 därför
956 1294 94 31 äfven
1075 1295 71 30 sökt
1170 1296 99 40 skapa
1292 1298 157 38 garantier
1472 1301 68 27 mot
1564 1301 46 28 ett
1633 1299 108 31 alltför
1764 1300 95 39 flitigt
1882 1303 115 28 använ-

396 1332 104 32 dande
536 1334 99 31 däraf.
684 1336 74 30 Men
787 1347 91 21 anser
903 1339 408 33 sundhetskommissionen
1334 1342 154 31 bostaden
1512 1344 173 39 obeboelig,
1710 1347 53 28 äro
1787 1345 125 39 Borgm.
1939 1347 60 29 och

396 1378 49 30 W.
470 1378 194 41 förpliktade
689 1384 47 27 att
760 1382 77 30 söka
860 1383 104 31 förmå
988 1384 250 32 Gemeenteraad
1261 1387 51 30 till
1334 1387 144 31 fattande
1503 1388 33 30 af
1559 1389 106 30 beslut
1684 1390 121 30 härom.
1854 1390 145 31 Beslutet

394 1423 162 32 tillställes
591 1425 409 34 sundhetskommissionen
1034 1430 60 30 och
1129 1430 105 32 därest
1268 1432 110 39 frågan
1412 1433 111 31 väckts
1547 1435 41 38 på
1611 1434 141 31 enskildt
1774 1435 139 31 initiativ
1937 1435 62 31 den

394 1468 134 31 främste
552 1469 33 31 af
609 1470 83 38 dem,
719 1481 68 21 som
812 1472 231 33 undertecknat
1067 1476 150 30 anmälan
1241 1476 60 39 (art
1327 1476 61 40 13).

506 1523 167 31 Likaledes
697 1525 64 30 kan
785 1526 113 30 bostad
921 1528 159 37 utdömas,
1106 1529 105 31 därest
1233 1530 192 31 föreskrifna
1447 1532 225 40 förbättringar
1695 1534 69 30 icke
1788 1534 162 40 fullgöras.

506 1576 68 31 Har
608 1578 70 30 icke
712 1579 89 30 inom
825 1580 64 31 viss
913 1581 48 30 tid
989 1581 79 31 efter
1092 1582 53 30 det
1169 1583 408 33 sundhetskommissionen
1602 1586 76 31 eller
1702 1587 145 30 enskilda
1871 1588 128 39 ingifvit

393 1622 151 30 anmälan
568 1632 53 21 om
645 1626 47 28 att
716 1634 39 21 en
779 1625 118 31 bostad
921 1626 57 31 bör
1000 1627 155 31 förklaras
1180 1628 172 41 obeboelig,
1372 1629 250 33 Gemeenteraad
1639 1632 96 31 fattat
1751 1632 104 32 beslut
1872 1634 123 36 härom,

392 1666 65 30 kan
480 1666 111 40 frågan
616 1668 111 40 dragas
750 1670 85 30 inför
860 1670 239 41 Gedeputeerde
1124 1673 129 31 Staaten
1277 1674 68 38 (art.
1373 1674 60 39 19).

500 1721 108 31 Fattas
632 1722 107 31 beslut
762 1733 53 20 om
839 1735 39 19 en
901 1725 130 31 bostads
1054 1726 206 38 utdömande,
1279 1728 82 30 skall
1377 1728 105 31 denna
1496 1731 12 28 i
1523 1731 177 30 allmänhet
1711 1734 181 37 utrymmas
1908 1733 85 30 inom

393 1775 56 20 sex
472 1766 161 31 månader.
682 1767 94 32 Inom
799 1769 97 40 fyrtio
920 1769 95 41 dagar
1039 1771 79 31 efter
1142 1771 53 32 det
1218 1772 183 40 klagotiden
1425 1774 88 33 öfver
1537 1775 113 31 sådant
1673 1776 108 31 beslut
1803 1779 34 28 är
1861 1777 135 31 tillända

392 1810 106 31 anslås
523 1814 46 27 ett
592 1812 111 39 plakat
726 1815 19 28 å
767 1814 103 37 huset,
888 1815 91 31 hvari
1002 1816 143 40 tydligen
1169 1817 259 40 tillkännagifves
1452 1823 47 27 att
1522 1821 94 30 huset
1640 1824 34 27 är
1697 1821 152 31 utdömdt
1872 1823 59 30 och
1947 1823 48 30 får

391 1855 80 30 efter
495 1855 105 31 denna
629 1857 61 40 dag
712 1859 74 38 inga
809 1859 100 31 andra
931 1870 148 30 personer
1102 1864 73 37 taga
1199 1863 48 30 sin
1272 1863 112 31 bostad
1408 1864 56 31 där
1487 1868 41 27 än
1552 1865 48 37 de,
1627 1876 68 20 som
1720 1867 130 30 tillhöra
1874 1867 56 30 där
1953 1878 43 20 re-

392 1899 62 31 dan
478 1900 122 32 boende
624 1902 142 41 familjer
789 1903 68 39 (art.
886 1904 60 39 12).

499 1954 50 30 En
583 1956 138 31 utdömd
744 1957 114 31 bostad
880 1959 64 30 kan
968 1960 94 31 äfven
1086 1962 41 38 på
1150 1961 106 31 beslut
1280 1963 32 29 af
1335 1962 125 40 Borgm.
1487 1964 59 30 och
1570 1965 49 30 W.
1646 1965 67 38 (art.
1734 1966 53 39 22)
1802 1966 107 37 rifvas,
1928 1967 65 30 där-

389 2001 48 27 est
461 1998 61 31 den
547 2000 104 30 skulle
675 2002 163 30 förorsaka
860 2003 69 31 fara
951 2005 50 30 för
1024 2005 99 30 andra
1146 2006 156 31 bostäder.
1350 2008 351 39 Byggnadsmaterialet
1723 2011 147 40 försäljes
1894 2013 39 38 på
1951 2012 41 30 of-

388 2042 114 41 fentlig
537 2045 132 31 auktion
706 2047 59 30 och
790 2047 53 31 det
865 2048 138 32 influtna
1026 2050 150 40 beloppet
1198 2051 261 33 tillhandahålles
1483 2056 113 37 ägaren
1621 2055 79 30 efter
1724 2055 110 41 afdrag
1857 2056 33 30 af
1912 2057 81 30 kost-

389 2088 105 31 naden
517 2089 68 38 (art.
613 2091 61 38 24).

497 2143 152 31 Däremot
673 2145 111 30 kunna
807 2147 125 39 Borgm.
959 2149 59 29 och
1043 2149 49 30 W.
1118 2150 117 39 själfva
1249 2151 82 30 fatta
1347 2152 107 30 beslut
1470 2163 53 20 om
1539 2153 116 39 nödiga
1669 2154 241 40 förbättringars
1928 2156 65 30 vid-

387 2187 136 39 tagande
548 2192 84 28 samt
655 2200 53 20 om
733 2191 177 40 afhysande
933 2193 34 30 af
989 2193 49 31 för
1062 2197 79 28 stort
1164 2195 87 30 antal
1275 2196 176 39 logerande.
1499 2192 125 45 Ägaren
1649 2199 135 31 erhåller
1806 2200 11 30 i
1840 2200 84 31 förra
1936 2200 55 31 fal-

386 2232 45 30 let
464 2232 222 41 föreläggande
721 2238 47 27 att
802 2237 88 29 inom
925 2238 65 30 viss
1025 2238 49 30 tid
1096 2240 101 30 minst
1220 2250 38 20 en
1282 2241 120 30 månad
1424 2243 60 29 och
1508 2243 93 39 högst
1625 2247 45 27 ett
1693 2246 35 28 år
1751 2245 103 30 bättra
1877 2245 39 30 de
1940 2256 51 19 an-

386 2277 128 31 märkta
536 2278 165 39 bristerna,
726 2281 180 40 hvarjämte
930 2283 94 30 äfven
1047 2284 332 40 inteckningshafvare
1403 2287 200 32 underrättas
1628 2299 52 20 om
1693 2289 138 31 beslutet
1842 2289 68 39 (art.
1928 2290 61 39 14).

494 2322 113 32 Därest
642 2324 125 40 Borgm.
805 2326 59 31 och
899 2323 49 34 W.
986 2329 41 38 på
1055 2331 69 37 eget
1146 2329 139 31 initiativ
1309 2331 126 30 besluta
1458 2342 53 20 om
1534 2332 240 41 förbättringars
1797 2334 192 40 vidtagande
