1886 2831
261 195 19 29 4
627 191 107 30 Första
748 190 213 38 lagutskottets
976 190 160 30 utlåtande
1151 201 36 19 nr
1201 191 36 30 21
1254 189 34 30 år
1305 191 77 29 1969

261 276 104 39 lagens
385 275 156 30 tillkomst.
563 273 358 41 Avgiftsförordningens
942 273 230 31 bestämmelser
1191 283 52 20 om
1264 272 90 30 straff
1374 272 59 31 och
1454 272 126 31 särskild
1602 274 142 29 rättsver-

262 322 59 29 kan
341 321 57 29 har
416 340 31 3 —
465 321 72 29 med
555 320 78 30 vissa
653 320 168 29 avvikelser
839 338 30 3 —
887 319 164 29 utformats
1071 319 9 29 i
1100 320 77 28 nära
1196 318 302 30 överensstämmelse
1519 318 72 30 med
1610 324 134 24 motsva-

263 368 94 28 rande
381 366 193 39 stadganden
599 366 9 29 i
631 365 289 38 skattestrafflagen.
945 364 277 30 Bestämmelserna
1245 363 42 40 på
1311 363 434 40 smugglingslagstiftningens

260 412 130 30 område
411 422 55 19 var
488 410 130 31 föremål
641 411 48 29 för
710 421 39 19 en
771 410 265 39 genomgripande
1058 409 115 30 reform
1195 409 10 30 i
1227 409 151 30 samband
1401 409 72 30 med
1496 409 187 30 tillkomsten
1706 420 39 19 av

262 458 88 38 lagen
370 467 52 19 om
442 457 89 29 straff
551 456 49 29 för
617 455 262 39 varusmuggling.
901 456 112 28 Under
1033 455 198 29 förarbetena
1250 454 46 30 till
1316 454 210 30 brottsbalken
1547 461 133 32 upptogs
1702 465 42 18 nu

261 501 239 40 ifrågavarande
519 502 83 29 brott
621 503 74 27 över
713 500 109 30 huvud
842 500 28 39 ej
891 500 45 29 till
957 502 143 27 närmare
1119 499 200 39 behandling.

303 551 13 28 I
347 549 178 39 anslutning
551 549 45 29 till
628 549 73 29 1961
732 548 47 30 års
806 548 169 39 ändringar
1002 548 9 29 i
1038 547 280 39 skattestrafflagen
1346 547 196 30 underströks
1571 546 69 30 från
1667 547 78 29 vissa

263 595 333 39 remissmyndigheters
617 594 67 29 sida
705 594 133 29 behovet
860 604 38 18 av
919 604 39 19 en
981 593 115 29 allmän
1119 594 128 38 översyn
1269 604 38 18 av
1329 593 89 38 lagen
1442 592 197 29 beträffande
1661 592 84 29 såväl

261 640 222 30 brottsrekvisit
500 650 65 19 som
584 639 163 40 påföljder.
767 639 14 29 I
800 638 82 30 olika
900 638 228 39 sammanhang
1145 638 58 29 har
1219 638 101 30 under
1337 648 106 19 senare
1462 637 35 30 år
1514 637 158 30 framförts
1691 637 54 30 lik-

262 687 107 29 artade
393 686 84 29 krav.
502 682 87 32 Även
613 684 94 39 enligt
730 684 65 29 min
820 684 126 39 mening
968 684 58 29 bör
1048 683 280 39 skattestrafflagen
1352 683 59 29 och
1436 683 130 30 därmed
1590 693 155 19 samman-

261 732 166 38 hängande
445 728 430 41 författningsbestämmelser
891 740 42 18 nu
949 728 42 30 bli
1008 728 130 30 föremål
1155 729 48 29 för
1219 739 38 19 en
1274 728 119 30 samlad
1409 730 137 37 översyn,
1564 727 65 30 som
1647 728 98 39 lämp-

262 777 80 39 ligen
362 777 56 29 bör
437 776 153 30 anförtros
610 786 38 20 en
668 775 126 30 särskild
814 774 175 39 utredning.

304 825 45 28 En
371 823 88 40 fråga
480 834 64 31 som
566 823 205 39 utredningen
793 823 56 29 bör
870 829 31 23 ta
922 822 145 39 ställning
1087 822 45 29 till
1154 833 87 18 avser
1261 821 356 40 tillämpningsområdet
1638 821 48 30 för
1707 832 38 18 en

263 870 189 27 reformerad
472 868 200 37 lagstiftning.
694 868 46 27 En
759 878 86 17 mera
864 868 136 36 enhetlig
1018 867 209 37 straffrättslig
1246 867 151 37 reglering
1416 867 60 28 kan
1496 867 9 27 i
1524 866 78 29 vissa
1622 877 123 18 avseen-

262 913 59 30 den
344 913 76 29 böra
442 914 175 37 övervägas.
641 912 62 29 Det
725 911 61 30 kan
809 911 131 30 sålunda
961 910 194 40 ifrågasättas
1178 921 51 19 om
1253 910 284 39 undandragandet
1561 921 39 18 av
1622 909 123 37 skatter,

262 958 17 30 å
297 969 68 25 ena,
383 958 60 29 och
463 968 38 19 av
519 957 323 39 arbetsgivaravgifter
859 957 45 29 till
923 956 319 39 socialförsäkringens
1262 956 210 38 finansiering,
1493 955 18 30 å
1530 956 99 29 andra
1648 955 97 36 sidan,

261 1005 91 37 utgör
370 1003 33 29 så
420 1003 83 29 olika
521 1003 186 38 brottstyper
726 1008 45 23 att
790 1002 47 36 de,
858 1001 99 29 såsom
976 1001 63 29 f.n.
1060 1001 75 36 sker,
1155 1002 57 28 bör
1230 1001 163 29 bestraffas
1413 1001 95 38 enligt
1527 1001 98 29 skilda
1644 1000 102 29 straff-

261 1049 108 29 skalor.
387 1049 62 28 Det
466 1048 56 29 bör
537 1048 106 29 vidare
660 1048 168 38 övervägas
844 1057 52 19 om
914 1046 62 30 inte
993 1047 9 29 i
1019 1046 77 30 vissa
1113 1045 338 40 specialförfattningar
1468 1045 129 39 intagna
1613 1046 133 29 bestäm-

262 1094 109 29 melser
390 1104 52 19 om
463 1093 90 29 straff
572 1093 59 29 och
652 1092 127 30 särskild
800 1092 191 29 rättsverkan
1012 1091 62 30 kan
1095 1091 163 39 upphävas
1279 1091 60 29 och
1360 1092 127 28 ersättas
1509 1102 39 18 av
1569 1101 39 19 en
1630 1090 116 30 allmän

263 1138 150 39 reglering
432 1138 9 29 i
461 1140 114 27 ämnet.
596 1138 89 29 Dock
707 1137 46 30 får
772 1148 74 18 man
866 1137 153 29 sannolikt
1039 1136 98 30 räkna
1155 1137 73 29 med
1249 1142 44 23 att
1314 1136 142 39 speciella
1476 1135 119 30 sådana
1614 1136 131 29 bestäm-

262 1184 108 29 melser
388 1183 9 29 i
416 1183 57 29 viss
492 1182 213 39 utsträckning
723 1182 135 39 alltjämt
877 1182 57 29 bör
952 1181 237 39 ifrågakomma,
1209 1187 20 23 t.
1243 1191 46 19 ex.
1309 1180 198 30 beträffande
1527 1180 118 30 sådana
1663 1181 84 29 brott

261 1239 65 18 som
345 1228 62 29 f.n.
426 1228 130 38 regleras
574 1228 9 28 i
600 1228 90 38 lagen
707 1238 52 18 om
778 1227 89 29 straff
884 1226 48 30 för
949 1226 261 39 varusmuggling.

318 1276 96 29 Jnder
430 1275 197 29 förarbetena
644 1274 44 30 till
705 1274 280 39 skattestrafflagen
1002 1284 55 19 var
1074 1273 347 30 deklarationsbrottens
1439 1272 209 40 systematiska
1666 1272 80 30 ställ-

262 1321 74 38 ning
357 1320 130 30 föremål
507 1320 49 29 för
575 1320 226 38 övervägande,
823 1319 108 29 främst
951 1319 9 29 i
980 1319 62 29 vad
1063 1329 86 19 avser
1169 1317 111 40 frågan
1300 1329 52 18 om
1374 1319 86 28 dessa
1479 1318 84 29 brott
1584 1318 96 29 borde
1701 1317 45 30 in-

262 1366 85 37 fogas
368 1365 9 28 i
399 1365 159 29 allmänna
578 1364 181 38 strafflagen
780 1382 30 3 —
830 1364 59 28 och
911 1363 42 29 då
973 1363 50 29 väl
1045 1365 138 27 närmast
1204 1363 9 29 i
1234 1363 66 29 dess
1321 1362 280 39 bedrägerikapitel
1622 1381 30 2 —
1674 1362 74 29 eller

261 1421 51 18 om
332 1410 38 29 de
390 1409 95 30 skulle
505 1408 118 31 erhålla
642 1408 45 30 sin
707 1408 79 39 plats
806 1408 8 29 i
834 1407 344 40 specialstraffrättsliga
1197 1407 230 39 författningar.
1449 1408 62 28 Det
1531 1409 35 27 är
1586 1407 63 29 inte
1670 1413 77 23 utan

261 1455 107 29 vidare
386 1454 82 39 givet
486 1460 46 24 att
550 1454 60 29 den
628 1454 120 38 lösning
766 1464 66 19 som
851 1453 41 30 då
910 1453 104 30 valdes
1033 1453 135 38 alltjämt
1187 1454 35 28 är
1240 1453 61 29 den
1318 1458 78 24 mest
1415 1452 157 39 lämpliga.
1594 1452 72 29 Skäl
1686 1452 61 29 kan

262 1500 124 29 anföras
404 1499 49 30 för
470 1505 45 23 att
533 1499 132 29 inordna
684 1499 104 29 denna
805 1499 152 38 brottstyp
976 1498 8 29 i
1003 1497 95 39 något
1116 1498 116 39 kapitel
1251 1497 9 30 i
1277 1497 220 30 brottsbalken.
1519 1498 46 28 En
1585 1497 97 30 sådan
1702 1496 44 30 åt-

262 1545 76 38 gärd
357 1544 95 30 skulle
471 1544 161 29 måhända
650 1544 107 28 kunna
775 1543 168 29 medverka
963 1543 44 29 till
1028 1549 45 23 att
1092 1543 55 29 hos
1167 1542 211 30 allmänheten
1398 1542 217 29 åstadkomma
1635 1553 38 18 en
1694 1552 52 19 an-

263 1600 61 19 nan
346 1589 59 30 och
429 1588 193 40 allvarligare
644 1599 53 28 syn
718 1587 41 40 på
781 1588 342 29 deklarationsbrotten.
1146 1588 63 29 Det
1231 1587 49 30 får
1300 1587 42 30 bli
1365 1598 38 19 en
1426 1587 124 39 uppgift
1573 1587 49 29 för
1642 1587 104 29 utred-

263 1635 113 38 ningen
401 1640 45 24 att
470 1634 159 39 analysera
651 1633 59 30 och
735 1633 157 30 diskutera
914 1633 38 29 de
977 1632 137 30 fördelar
1137 1633 59 29 och
1221 1632 168 30 nackdelar
1412 1643 66 19 som
1501 1632 62 29 kan
1587 1643 76 18 vara
1687 1632 60 29 för-

262 1680 130 29 bundna
408 1679 72 29 med
498 1679 52 29 det
567 1689 59 19 ena
643 1678 74 30 eller
734 1679 52 28 det
804 1678 98 29 andra
920 1677 310 39 ställningstagandet
1248 1677 10 29 i
1275 1677 205 30 förevarande
1499 1677 185 30 hänseende.

303 1727 135 29 Oavsett
457 1726 104 29 vilken
582 1725 121 39 lösning
725 1718 207 45 utredningen
955 1736 88 18 anser
1065 1725 45 38 sig
1132 1725 76 29 böra
1231 1725 127 29 förorda
1381 1724 10 29 i
1413 1725 61 28 vad
1498 1735 87 18 avser
1607 1724 140 30 deklara-

263 1771 217 30 tionsbrottens
502 1770 209 40 systematiska
734 1770 145 39 ställning
900 1770 56 29 bör
978 1769 110 40 frågan
1109 1780 53 19 om
1184 1770 229 38 bötessystemet
1436 1771 176 37 övervägas.
1637 1766 110 32 Åtskil-

263 1816 60 38 liga
342 1816 64 28 skäl
426 1816 88 29 torde
534 1816 107 28 kunna
660 1815 124 29 anföras
804 1815 49 29 för
872 1821 45 23 att
936 1834 30 2 —
986 1815 9 28 i
1015 1815 96 29 likhet
1131 1815 72 29 med
1223 1815 62 29 vad
1305 1825 66 19 som
1391 1814 78 29 skett
1489 1814 41 39 på
1549 1814 79 29 vissa
1649 1814 99 29 andra

260 1860 152 30 områden
430 1860 87 30 inom
534 1859 308 40 specialstraffrätten
859 1878 31 3 —
907 1861 115 28 ersätta
1039 1860 52 29 det
1110 1859 183 29 nuvarande
1311 1865 142 33 systemet
1472 1859 72 29 med
1563 1859 185 29 normerade

263 1906 87 29 böter
369 1905 72 29 med
461 1905 296 39 dagsbotssystemet.
779 1905 62 29 Det
861 1905 57 28 har
938 1904 94 39 gjorts
1053 1904 144 39 gällande
1219 1910 45 23 att
1285 1904 165 38 dagsböter
1469 1903 70 29 från
1561 1903 187 40 allmänpre-

261 1950 106 30 ventiv
386 1950 155 39 synpunkt
562 1950 63 29 inte
645 1949 96 30 skulle
762 1960 75 19 vara
857 1949 62 30 lika
940 1949 147 30 effektiva
1108 1960 66 19 som
1195 1949 185 29 normerade
1401 1949 96 29 böter.
1520 1949 154 29 Eftersom
1695 1949 52 29 de-

262 1995 293 29 klarationsbrotten
580 1994 10 29 :i:
615 1994 126 30 särskild
767 1994 77 39 grad
869 1994 235 29 karakteriseras
1130 2005 39 18 av
1194 2000 44 23 ett
1262 1993 221 39 vinningssyfte
1508 1993 62 29 kan
1596 1993 52 29 det
1673 2004 76 18 vara

263 2040 162 38 angeläget
452 2046 45 23 att
521 2039 165 30 samhället
712 2050 143 27 reagerar
880 2045 66 23 mot
973 2039 103 29 denna
1102 2038 195 39 brottslighet
1323 2038 42 39 på
1391 2038 111 30 sådant
1529 2040 59 27 sätt
1615 2044 46 23 att
1687 2038 61 30 den

262 2085 157 38 brottslige
438 2084 64 30 inte
521 2085 109 29 endast
649 2084 55 39 går
721 2084 89 29 miste
829 2095 52 18 om
901 2083 120 30 vinsten
1042 2095 38 18 av
1099 2083 51 30 sitt
1168 2084 84 29 brott
1271 2090 76 23 utan
1368 2083 168 30 därutöver
1556 2083 134 39 tillfogas
1710 2094 39 18 en

262 2130 142 29 kännbar
426 2129 178 30 ekonomisk
627 2129 117 29 förlust.
768 2129 62 29 Det
853 2129 60 29 kan
936 2128 107 30 därför
1064 2129 77 28 böra
1163 2128 229 39 ifrågakomma
1413 2134 46 23 att
1480 2127 208 40 komplettera
1710 2138 38 19 en

262 2174 184 36 straffskala,
466 2184 66 19 som
552 2180 116 32 upptar
687 2174 164 38 dagsböter
870 2173 73 29 eller
962 2173 145 38 fängelse,
1126 2173 73 29 med
1219 2173 127 29 särskild
1366 2173 193 29 rättsverkan
1579 2173 9 28 i
1609 2173 81 29 form
1711 2184 37 18 av

262 2219 171 30 straffskatt
456 2218 74 30 eller
552 2218 196 39 straffavgift.
775 2218 46 29 En
844 2218 82 39 dylik
951 2217 176 40 anordning
1149 2218 88 29 torde
1261 2228 77 19 vara
1360 2217 119 30 särskilt
1503 2217 247 39 ändamålsenlig

263 2264 40 39 på
322 2264 205 29 förevarande
545 2263 137 30 område.
702 2264 70 28 Den
790 2263 236 39 sammanlagda
1045 2263 180 29 reaktionen
1244 2273 39 19 av
1302 2262 89 30 straff
1408 2263 60 29 och
1487 2262 171 30 straffskatt
1677 2262 73 29 eller

262 2309 189 38 straffavgift
470 2309 56 29 bör
544 2308 127 39 givetvis
690 2319 76 18 vara
784 2308 32 29 så
835 2308 131 38 avvägd,
986 2314 46 23 att
1051 2308 60 29 den
1130 2308 55 29 hos
1205 2307 211 30 allmänheten
1436 2307 160 39 inskärper
1614 2308 61 29 den
1695 2307 53 29 all-

263 2353 117 39 varliga
398 2353 185 30 karaktären
602 2364 39 19 av
658 2353 86 29 dessa
763 2353 91 29 brott.

304 2402 377 39 Brottsbeskrivningarna
700 2402 57 29 bör
776 2413 75 18 vara
869 2402 103 29 enkelt
991 2402 59 29 och
1071 2402 79 29 klart
1170 2401 169 30 avfattade.
1360 2402 59 38 Jag
1437 2401 53 29 vill
1510 2401 102 30 erinra
1631 2412 52 18 om
1704 2407 45 23 att

264 2448 192 29 innebörden
476 2458 38 19 av
534 2447 153 39 uttrycket
708 2447 136 29 ”allmän
865 2447 115 38 avgift”
1002 2447 10 29 i
1031 2446 281 39 skattestrafflagen
1333 2448 34 28 är
1387 2446 131 30 föremål
1539 2446 49 30 för
1607 2446 58 30 viss
1686 2453 62 23 tve-

263 2493 70 28 kan.
356 2492 238 29 Fastställandet
615 2501 39 20 av
675 2492 52 29 det
748 2491 173 39 subjektiva
942 2491 155 30 rekvisitet
1118 2491 9 29 i
1148 2490 89 40 fråga
1257 2501 53 19 om
1332 2491 333 29 deklarationsbrotten
1688 2491 61 29 kan

263 2537 17 28 i
293 2537 315 38 rättstillämpningen
628 2536 132 38 erbjuda
781 2536 147 29 särskilda
949 2535 195 39 svårigheter.
1168 2535 296 39 Gränsdragningen
1485 2536 116 28 mellan
1622 2535 127 39 uppsåt-
