1906 2842
319 144 41 30 12
698 144 292 33 Statsutskottets
1014 144 190 33 utlåtande
1226 146 53 32 Nr
1307 147 51 29 10.

277 221 162 32 varande
464 222 175 36 budgetår
666 224 41 29 är
733 222 147 36 uppfört
907 223 78 31 med
1011 224 51 31 ett
1089 222 56 32 till
1173 223 127 36 600,000
1326 223 131 31 kronor
1484 223 137 37 förhöjt
1644 223 141 37 belopp,

277 273 101 36 höjes
403 274 79 31 med
507 274 251 32 motsvarande
785 274 125 37 belopp
936 275 107 36 10,000
1069 275 141 31 kronor.

316 325 286 32 Vidkommande
623 326 159 31 därefter
805 326 163 37 anslaget
991 326 56 32 till
1069 327 80 32 kost
1173 327 86 31 eller
1280 327 282 37 kostpenningar
1586 327 56 32 till
1666 337 119 27 perso-

277 376 107 32 nalen
403 379 22 29 å
445 377 171 37 fyrskepp
635 388 45 21 m.
700 389 43 20 m.
763 379 66 31 har
848 378 246 37 lotsstyrelsen
1113 379 195 37 ifrågasatt
1328 379 151 37 höjning
1500 380 82 31 från
1603 389 181 22 nuvaran-

278 429 42 32 de
345 429 125 37 belopp
492 430 128 36 130,000
644 430 129 32 kronor
797 431 56 31 till
878 431 127 36 140,000
1028 432 142 31 kronor.
1214 432 81 31 Som
1320 432 77 31 skäl
1421 432 125 31 härför
1570 432 217 32 framhåller

278 481 176 37 styrelsen
473 482 100 31 såväl
592 483 68 31 den
679 483 209 32 nuvarande
908 483 248 37 belastningen
1175 485 21 30 å
1215 485 163 35 anslaget
1396 503 40 4 —
1453 484 335 32 överskridandena.

278 534 115 31 under
419 534 41 31 de
484 536 61 29 två
567 534 90 32 sista
682 535 220 36 budgetåren
924 536 152 32 berodde
1100 537 47 35 på
1171 537 219 36 genomförd,
1415 536 207 37 nödvändig
1647 536 137 37 ökning

278 596 46 21 av
341 586 250 37 besättningen
608 588 19 30 å
647 589 51 30 ett
714 597 65 27 par
798 588 171 36 fyrskepp
985 590 168 30 ävensom
1171 590 45 35 på
1234 590 114 35 några
1365 588 174 37 vidtagna
1557 591 136 30 smärre
1712 589 70 31 för-

281 638 205 37 bättringar
514 639 12 31 i
554 639 294 37 kosthållningen
871 659 41 4 —
938 650 75 22 som
1041 641 69 31 den
1138 641 213 37 ytterligare
1380 641 214 32 förväntade
1622 641 167 36 stegring

278 690 13 31 1
311 690 216 37 densamma,
547 691 123 31 vilken
690 691 137 32 komme
846 694 54 30 att
921 693 129 35 uppstå
1069 692 65 32 vid
1155 692 103 31 bifall
1279 692 57 32 till
1356 695 51 29 ett
1424 703 46 21 av
1492 693 294 36 fyrpersonalens

279 742 168 37 förening
470 743 115 36 väckt,
608 754 46 20 av
679 743 174 37 styrelsen
878 744 161 32 förordat
1063 744 136 37 förslag
1224 755 55 21 om
1303 745 151 36 höjning
1478 755 46 21 av
1547 745 58 32 det
1630 745 54 31 uti
1709 744 74 37 gäl-

278 795 107 31 lande
406 795 230 37 spisordning
658 798 185 34 upptagna
865 796 173 32 kontanta
1061 796 175 37 bidraget,
1257 807 50 21 nu
1329 797 19 31 8
1368 799 70 35 öre,
1460 797 58 32 till
1539 797 160 37 kryddor
1719 796 72 32 och.

279 846 233 31 småartiklar
537 847 57 31 till
620 847 39 31 23
682 849 69 35 öre,
776 847 66 32 allt
869 848 55 31 för
950 858 83 21 man
1059 848 65 31 och
1151 849 79 36 dag.

318 898 77 32 Mot
414 899 194 36 styrelsens
628 899 283 37 ifrågavarande
932 900 135 37 förslag
1090 900 67 32 har
1177 900 62 37 jag
1259 901 77 32 icke
1357 902 119 35 någon
1496 911 121 21 annan
1637 900 149 32 erinran

277 951 55 30 att
357 952 87 35 göra
468 953 45 28 än
536 952 65 35 att,
624 951 81 32 med
729 951 141 37 hänsyn
894 952 57 31 till
975 952 67 31 den
1067 961 151 23 numera
1240 952 170 32 inträdda
1435 952 303 37 prissänkningen
1762 952 29 32 å.

279 1002 197 36 livsmedel,
500 1002 180 37 ökningen
704 1012 105 27 synes
832 1003 75 36 mig
931 1003 123 32 kunna
1077 1006 115 30 sättas
1217 1004 110 37 något
1352 1004 100 37 lägre
1476 1007 47 29 än
1547 1005 71 31 vad
1643 1005 145 37 lotssty-

279 1054 117 31 relsen
421 1054 196 36 föreslagit.
662 1054 70 31 För
755 1063 89 28 egen
866 1055 56 31 del
946 1055 166 32 förordar
1135 1055 72 36 jag,
1229 1057 54 30 att
1307 1056 163 36 anslaget
1494 1056 56 31 för
1571 1056 219 36 budgetåret

279 1105 173 35 1931/1932
476 1105 213 32 bestämmes
712 1106 57 31 till
793 1106 127 36 138,000
944 1107 140 31 kronor.

320 1190 19 31 I
363 1191 174 31 avseende
559 1191 22 31 å
606 1191 163 36 anslaget
794 1191 58 32 till
877 1192 299 37 lotspersonalens
1200 1193 106 31 andel
1330 1193 13 31 i
1368 1193 272 37 lotspenningar
1667 1195 40 29 är
1731 1194 56 30 att

279 1242 139 36 märka,
443 1244 54 30 att
520 1242 13 31 i
558 1242 60 32 det
643 1252 47 21 av
715 1243 127 31 chefen
867 1243 56 31 för
948 1243 408 37 finansdepartementet
1382 1244 206 37 framlagda
1614 1245 175 36 förslaget

279 1293 59 31 till
366 1293 199 37 beräkning
593 1303 47 21 av
669 1294 243 31 inkomsterna
941 1296 20 30 å
989 1294 197 32 riksstaten
1212 1295 56 31 för
1296 1295 214 37 budgetåret
1538 1295 171 35 1931/1932
1735 1296 55 31 in-

278 1344 227 33 komsttiteln
533 1345 289 37 Lotspenningar
853 1346 186 36 upptagits
1069 1346 81 32 med
1181 1348 51 30 ett
1263 1346 84 32 från
1377 1347 159 36 3,000,000
1566 1347 132 32 kronor
1728 1347 59 32 till

278 1397 161 36 2,.800,000
461 1397 130 30 kronor
613 1396 143 32 nedsatt
776 1396 136 37 belopp.
953 1397 55 31 Då
1029 1398 22 30 å
1074 1397 238 37 utgiftssidan
1334 1398 163 36 anslaget
1520 1399 56 31 till
1600 1399 188 37 lotsperso-

280 1449 126 30 nalens
431 1448 104 32 andel
559 1448 13 31 i
596 1448 273 37 lotspenningar
896 1448 60 32 bör
978 1450 115 30 sättas
1118 1449 57 31 till
1200 1449 39 31 40
1261 1452 146 34 procent
1432 1460 46 21 av
1505 1450 285 32 inkomsttitelns

282 1499 126 37 belopp
430 1500 86 31 eller
537 1500 165 36 sålunda,
724 1500 60 31 vid
806 1500 106 31 bifall
933 1500 57 31 till
1012 1500 146 32 chefens
1181 1500 55 32 för
1259 1501 408 37 finansdepartementet
1689 1512 101 27 nyss-

281 1551 152 32 berörda
460 1551 145 36 förslag,
632 1551 58 31 till
716 1552 157 36 1,120,000
900 1551 140 37 kronor,
1066 1551 203 33 föranledes
1296 1552 116 32 härav
1437 1553 12 31 i
1476 1554 313 36 avlöningsstaten

281 1603 57 31 för
358 1602 83 32 lots-
462 1603 64 31 och
549 1603 181 36 fyrstaten
752 1613 44 21 en
817 1603 165 36 ändring,
1002 1613 76 21 som
1099 1604 82 31 med
1201 1603 77 32 icke
1297 1604 140 32 mindre
1459 1607 48 29 än
1526 1605 109 36 80,000
1657 1605 134 32 kronor

280 1655 133 31 sänker
435 1655 239 30 slutsumman
696 1665 45 20 av
764 1664 138 22 samma
923 1656 82 30 stat.

320 1706 74 32 Vid
420 1705 104 33 bifall
549 1705 58 33 till
631 1706 72 32 vad
728 1716 73 22 som
827 1706 205 37 föreslagits
1056 1706 77 32 dels
1159 1717 45 21 av
1228 1707 75 36 mig
1327 1708 67 30 här
1419 1717 103 27 ovan,
1548 1708 75 32 dels
1648 1709 64 31 ock
1737 1719 50 21 av

280 1757 130 33 chefen
436 1758 55 32 för
517 1758 407 36 finansdepartementet
950 1758 228 32 beträffande
1204 1759 262 32 inkomsttiteln
1491 1760 302 37 Lotspenningar,

282 1810 118 31 skulle
427 1810 107 31 alltså
563 1810 57 31 för
648 1810 212 37 budgetåret
889 1809 169 41 1931/1932
1084 1811 313 36 avlöningsstaten
1425 1811 58 31 för
1510 1812 82 32 lots-
1621 1812 65 31 och
1715 1812 78 37 fyr-

283 1864 120 29 staten
425 1862 136 32 erhålla
584 1861 160 37 följande
766 1862 182 31 utseende:

282 1921 229 37 Avlöningar
535 1922 57 32 till
617 1922 182 32 ordinarie
825 1921 228 38 tjänstemän,
1078 1922 285 38 förslagsanslag
1392 1947 27 6 ..
1446 1923 131 31 kronor
1620 1923 164 37 2,540,000

281 1973 315 37 Lotspersonalens
623 1974 106 31 andel
755 1974 13 30 i
793 1973 282 37 lotspenningar,
1101 1973 284 38 förslagsanslag
1416 1998 6 6 .
1499 1986 17 18 »
1622 1975 161 36 1,120,000

280 2024 448 37 Vikariatsersättningar,
758 2025 284 38 förslagsanslag
1106 2049 308 8 oss.ssssessesrerer
1503 2039 14 16 »
1671 2026 111 37 30,000

282 2076 229 38 Avlöningar
534 2077 56 31 till
614 2076 276 32 icke-ordinarie
913 2077 360 37 befattningshavare
1296 2087 45 21 m.
1363 2088 55 26 m.,

321 2128 285 38 förslagsaNsläf
660 2152 753 9 cosemmememsrrrrssrrrsrrorrr
1228 2124 87 46 reser
1337 2124 79 46 reta
1502 2142 14 16 »
1651 2129 132 37 610,000

282 2179 73 33 För
378 2181 132 32 skötsel
533 2191 45 21 av
603 2181 103 36 fyrar
731 2182 89 30 utan
843 2180 143 37 ständig
1010 2180 215 37 bevakning,
1249 2180 168 38 förslags-

321 2233 129 37 ANSlAJ
510 2256 904 8 voossesesestesseserrreseesrtrse
1066 2228 33 47 rr
1107 2228 51 47 rer
1168 2228 28 47 sr
1210 2228 50 47 rss
1268 2228 10 47 r
1286 2228 30 47 rr
1327 2228 51 47 rss
1383 2228 33 47 ss
1504 2245 13 17 »
1672 2233 109 37 38,000

281 2283 94 34 Kost
413 2285 86 31 eller
535 2284 284 37 kostpenningar
855 2284 58 31 till
948 2283 212 38 personalen
1197 2285 21 30 å
1246 2284 172 37 fyrskepp

321 2345 46 22 m.
394 2346 56 27 m.,
476 2336 285 37 förslagsanslaäg
789 2359 623 8 .....s.sssrecesersrorerrrrrrrsrra
1503 2349 12 16 »
1652 2337 132 36 138,000

279 2388 74 31 För
405 2388 188 37 betjäning
634 2398 47 21 av
722 2387 487 37 livräddningsanstalterna,
1251 2387 169 37 /förslags-

320 2439 131 38 ANSlÅAJ
510 2462 904 9 ocossresseseoossessssksssRrs
1065 2435 53 47 rs
1147 2435 71 47 eRRr
1226 2435 30 47 RR
1267 2435 48 47 rss
1326 2435 48 47 ses
1382 2435 36 47 ss
1503 2451 15 17 »
1672 2439 111 35 12,000

1148 2507 298 38 Förslagsanslag
1468 2508 132 32 kronor
1622 2489 167 62 4,488,000.
1800 2493 12 54 >
