<?xml version="1.0" encoding="UTF-8"?>
<alto xmlns="http://www.loc.gov/standards/alto/ns-v3#" xmlns:xlink="http://www.w3.org/1999/xlink" xmlns:xsi="http://www.w3.org/2001/XMLSchema-instance" xsi:schemaLocation="http://www.loc.gov/standards/alto/ns-v3# http://www.loc.gov/alto/v3/alto-3-0.xsd">
	<Description>
		<MeasurementUnit>pixel</MeasurementUnit>
		<sourceImageInformation>
			<fileName>/tmp/tess_t797q306_input.PNG</fileName>
		</sourceImageInformation>
		<OCRProcessing ID="OCR_0">
			<ocrProcessingStep>
				<processingSoftware>
					<softwareName>tesseract 5.3.0</softwareName>
				</processingSoftware>
			</ocrProcessingStep>
		</OCRProcessing>
	</Description>
	<Layout>
		<Page WIDTH="1876" HEIGHT="2786" PHYSICAL_IMG_NR="0" ID="page_0">
			<PrintSpace HPOS="0" VPOS="0" WIDTH="1876" HEIGHT="2786">
				<ComposedBlock ID="cblock_0" HPOS="1550" VPOS="170" WIDTH="19" HEIGHT="29">
					<TextBlock ID="block_0" HPOS="1550" VPOS="170" WIDTH="19" HEIGHT="29">
						<TextLine ID="line_0" HPOS="1550" VPOS="170" WIDTH="19" HEIGHT="29">
							<String ID="string_0" HPOS="1550" VPOS="170" WIDTH="19" HEIGHT="29" WC="0.0" CONTENT="[vb4"/><SP WIDTH="-23" VPOS="170" HPOS="1569"/>
							<String ID="string_1" HPOS="1546" VPOS="165" WIDTH="27" HEIGHT="8" WC="0.16" CONTENT="4"/>
						</TextLine>
					</TextBlock>
				</ComposedBlock>
				<ComposedBlock ID="cblock_1" HPOS="391" VPOS="177" WIDTH="861" HEIGHT="48">
					<TextBlock ID="block_1" HPOS="391" VPOS="177" WIDTH="861" HEIGHT="48">
						<TextLine ID="line_1" HPOS="391" VPOS="177" WIDTH="861" HEIGHT="48">
							<String ID="string_2" HPOS="391" VPOS="189" WIDTH="120" HEIGHT="30" WC="0.93" CONTENT="Första"/><SP WIDTH="21" VPOS="189" HPOS="511"/>
							<String ID="string_3" HPOS="532" VPOS="186" WIDTH="239" HEIGHT="39" WC="0.91" CONTENT="lagutskottets"/><SP WIDTH="22" VPOS="186" HPOS="771"/>
							<String ID="string_4" HPOS="793" VPOS="180" WIDTH="175" HEIGHT="33" WC="0.95" CONTENT="utlåtande"/><SP WIDTH="22" VPOS="180" HPOS="968"/>
							<String ID="string_5" HPOS="990" VPOS="189" WIDTH="40" HEIGHT="20" WC="0.95" CONTENT="nr"/><SP WIDTH="20" VPOS="189" HPOS="1030"/>
							<String ID="string_6" HPOS="1050" VPOS="180" WIDTH="40" HEIGHT="28" WC="0.96" CONTENT="26"/><SP WIDTH="22" VPOS="180" HPOS="1090"/>
							<String ID="string_7" HPOS="1112" VPOS="177" WIDTH="37" HEIGHT="30" WC="0.95" CONTENT="år"/><SP WIDTH="25" VPOS="177" HPOS="1149"/>
							<String ID="string_8" HPOS="1174" VPOS="177" WIDTH="78" HEIGHT="29" WC="0.96" CONTENT="1961"/>
						</TextLine>
					</TextBlock>
				</ComposedBlock>
				<ComposedBlock ID="cblock_2" HPOS="83" VPOS="276" WIDTH="1495" HEIGHT="729">
					<TextBlock ID="block_2" HPOS="83" VPOS="276" WIDTH="1487" HEIGHT="241">
						<TextLine ID="line_2" HPOS="83" VPOS="276" WIDTH="1484" HEIGHT="57">
							<String ID="string_9" HPOS="83" VPOS="300" WIDTH="46" HEIGHT="29" WC="0.96" CONTENT="bli"/><SP WIDTH="21" VPOS="300" HPOS="129"/>
							<String ID="string_10" HPOS="150" VPOS="300" WIDTH="64" HEIGHT="29" WC="0.97" CONTENT="den"/><SP WIDTH="21" VPOS="300" HPOS="214"/>
							<String ID="string_11" HPOS="235" VPOS="308" WIDTH="74" HEIGHT="20" WC="0.95" CONTENT="som"/><SP WIDTH="21" VPOS="308" HPOS="309"/>
							<String ID="string_12" HPOS="330" VPOS="297" WIDTH="70" HEIGHT="29" WC="0.95" CONTENT="fick"/><SP WIDTH="22" VPOS="297" HPOS="400"/>
							<String ID="string_13" HPOS="422" VPOS="300" WIDTH="75" HEIGHT="33" WC="0.96" CONTENT="taga"/><SP WIDTH="21" VPOS="300" HPOS="497"/>
							<String ID="string_14" HPOS="518" VPOS="294" WIDTH="44" HEIGHT="39" WC="0.96" CONTENT="på"/><SP WIDTH="20" VPOS="294" HPOS="562"/>
							<String ID="string_15" HPOS="582" VPOS="293" WIDTH="50" HEIGHT="37" WC="0.96" CONTENT="sig"/><SP WIDTH="21" VPOS="293" HPOS="632"/>
							<String ID="string_16" HPOS="653" VPOS="294" WIDTH="157" HEIGHT="28" WC="0.96" CONTENT="ansvaret"/><SP WIDTH="22" VPOS="294" HPOS="810"/>
							<String ID="string_17" HPOS="832" VPOS="289" WIDTH="120" HEIGHT="29" WC="0.96" CONTENT="härför"/><SP WIDTH="20" VPOS="289" HPOS="952"/>
							<String ID="string_18" HPOS="972" VPOS="294" WIDTH="122" HEIGHT="30" WC="0.96" CONTENT="genom"/><SP WIDTH="23" VPOS="294" HPOS="1094"/>
							<String ID="string_19" HPOS="1117" VPOS="281" WIDTH="224" HEIGHT="38" WC="0.93" CONTENT="erforderliga"/><SP WIDTH="21" VPOS="281" HPOS="1341"/>
							<String ID="string_20" HPOS="1362" VPOS="276" WIDTH="205" HEIGHT="42" WC="0.91" CONTENT="premiehöj-"/>
						</TextLine>
						<TextLine ID="line_3" HPOS="84" VPOS="322" WIDTH="1484" HEIGHT="61">
							<String ID="string_21" HPOS="84" VPOS="345" WIDTH="132" HEIGHT="38" WC="0.95" CONTENT="ningar."/><SP WIDTH="19" VPOS="345" HPOS="216"/>
							<String ID="string_22" HPOS="235" VPOS="343" WIDTH="72" HEIGHT="30" WC="0.96" CONTENT="Den"/><SP WIDTH="18" VPOS="343" HPOS="307"/>
							<String ID="string_23" HPOS="325" VPOS="342" WIDTH="94" HEIGHT="29" WC="0.92" CONTENT="äldre"/><SP WIDTH="16" VPOS="342" HPOS="419"/>
							<String ID="string_24" HPOS="435" VPOS="337" WIDTH="348" HEIGHT="40" WC="0.91" CONTENT="bilistgenerationen,"/><SP WIDTH="18" VPOS="337" HPOS="783"/>
							<String ID="string_25" HPOS="801" VPOS="343" WIDTH="73" HEIGHT="21" WC="0.95" CONTENT="som"/><SP WIDTH="19" VPOS="343" HPOS="874"/>
							<String ID="string_26" HPOS="893" VPOS="331" WIDTH="176" HEIGHT="37" WC="0.95" CONTENT="rätteligen"/><SP WIDTH="19" VPOS="331" HPOS="1069"/>
							<String ID="string_27" HPOS="1088" VPOS="329" WIDTH="110" HEIGHT="29" WC="0.96" CONTENT="skulle"/><SP WIDTH="17" VPOS="329" HPOS="1198"/>
							<String ID="string_28" HPOS="1215" VPOS="327" WIDTH="43" HEIGHT="29" WC="0.96" CONTENT="ha"/><SP WIDTH="18" VPOS="327" HPOS="1258"/>
							<String ID="string_29" HPOS="1276" VPOS="327" WIDTH="113" HEIGHT="29" WC="0.96" CONTENT="svarat"/><SP WIDTH="18" VPOS="327" HPOS="1389"/>
							<String ID="string_30" HPOS="1407" VPOS="322" WIDTH="54" HEIGHT="30" WC="0.93" CONTENT="för"/><SP WIDTH="15" VPOS="322" HPOS="1461"/>
							<String ID="string_31" HPOS="1476" VPOS="322" WIDTH="92" HEIGHT="29" WC="0.92" CONTENT="kost-"/>
						</TextLine>
						<TextLine ID="line_4" HPOS="85" VPOS="365" WIDTH="1484" HEIGHT="58">
							<String ID="string_32" HPOS="85" VPOS="390" WIDTH="154" HEIGHT="29" WC="0.91" CONTENT="naderna"/><SP WIDTH="17" VPOS="390" HPOS="239"/>
							<String ID="string_33" HPOS="256" VPOS="387" WIDTH="77" HEIGHT="29" WC="0.96" CONTENT="med"/><SP WIDTH="16" VPOS="387" HPOS="333"/>
							<String ID="string_34" HPOS="349" VPOS="386" WIDTH="74" HEIGHT="29" WC="0.96" CONTENT="sina"/><SP WIDTH="17" VPOS="386" HPOS="423"/>
							<String ID="string_35" HPOS="440" VPOS="383" WIDTH="157" HEIGHT="40" WC="0.96" CONTENT="premier,"/><SP WIDTH="18" VPOS="383" HPOS="597"/>
							<String ID="string_36" HPOS="615" VPOS="383" WIDTH="37" HEIGHT="28" WC="0.96" CONTENT="är"/><SP WIDTH="15" VPOS="383" HPOS="652"/>
							<String ID="string_37" HPOS="667" VPOS="381" WIDTH="37" HEIGHT="38" WC="0.96" CONTENT="ju"/><SP WIDTH="18" VPOS="381" HPOS="704"/>
							<String ID="string_38" HPOS="722" VPOS="380" WIDTH="7" HEIGHT="29" WC="0.96" CONTENT="i"/><SP WIDTH="17" VPOS="380" HPOS="729"/>
							<String ID="string_39" HPOS="746" VPOS="380" WIDTH="54" HEIGHT="29" WC="0.96" CONTENT="det"/><SP WIDTH="18" VPOS="380" HPOS="800"/>
							<String ID="string_40" HPOS="818" VPOS="379" WIDTH="64" HEIGHT="29" WC="0.96" CONTENT="här"/><SP WIDTH="17" VPOS="379" HPOS="882"/>
							<String ID="string_41" HPOS="899" VPOS="375" WIDTH="287" HEIGHT="35" WC="0.95" CONTENT="sammanhanget"/><SP WIDTH="16" VPOS="375" HPOS="1186"/>
							<String ID="string_42" HPOS="1202" VPOS="372" WIDTH="69" HEIGHT="29" WC="0.96" CONTENT="inte"/><SP WIDTH="17" VPOS="372" HPOS="1271"/>
							<String ID="string_43" HPOS="1288" VPOS="373" WIDTH="49" HEIGHT="26" WC="0.96" CONTENT="att"/><SP WIDTH="17" VPOS="373" HPOS="1337"/>
							<String ID="string_44" HPOS="1354" VPOS="368" WIDTH="109" HEIGHT="30" WC="0.96" CONTENT="räkna"/><SP WIDTH="17" VPOS="368" HPOS="1463"/>
							<String ID="string_45" HPOS="1480" VPOS="365" WIDTH="89" HEIGHT="30" WC="0.96" CONTENT="med."/>
						</TextLine>
						<TextLine ID="line_5" HPOS="88" VPOS="410" WIDTH="1482" HEIGHT="61">
							<String ID="string_46" HPOS="88" VPOS="435" WIDTH="107" HEIGHT="28" WC="0.96" CONTENT="Deras"/><SP WIDTH="25" VPOS="435" HPOS="195"/>
							<String ID="string_47" HPOS="220" VPOS="431" WIDTH="148" HEIGHT="40" WC="0.96" CONTENT="premier"/><SP WIDTH="26" VPOS="431" HPOS="368"/>
							<String ID="string_48" HPOS="394" VPOS="430" WIDTH="41" HEIGHT="29" WC="0.96" CONTENT="ha"/><SP WIDTH="30" VPOS="430" HPOS="435"/>
							<String ID="string_49" HPOS="465" VPOS="428" WIDTH="53" HEIGHT="30" WC="0.96" CONTENT="för"/><SP WIDTH="24" VPOS="428" HPOS="518"/>
							<String ID="string_50" HPOS="542" VPOS="428" WIDTH="101" HEIGHT="37" WC="0.96" CONTENT="länge"/><SP WIDTH="25" VPOS="428" HPOS="643"/>
							<String ID="string_51" HPOS="668" VPOS="425" WIDTH="104" HEIGHT="30" WC="0.95" CONTENT="sedan"/><SP WIDTH="30" VPOS="425" HPOS="772"/>
							<String ID="string_52" HPOS="802" VPOS="422" WIDTH="99" HEIGHT="39" WC="0.95" CONTENT="tagits"/><SP WIDTH="27" VPOS="422" HPOS="901"/>
							<String ID="string_53" HPOS="928" VPOS="422" WIDTH="7" HEIGHT="29" WC="0.95" CONTENT="i"/><SP WIDTH="29" VPOS="422" HPOS="935"/>
							<String ID="string_54" HPOS="964" VPOS="418" WIDTH="150" HEIGHT="39" WC="0.96" CONTENT="anspråk"/><SP WIDTH="31" VPOS="418" HPOS="1114"/>
							<String ID="string_55" HPOS="1145" VPOS="417" WIDTH="53" HEIGHT="29" WC="0.96" CONTENT="för"/><SP WIDTH="26" VPOS="417" HPOS="1198"/>
							<String ID="string_56" HPOS="1224" VPOS="414" WIDTH="44" HEIGHT="31" WC="0.95" CONTENT="då"/><SP WIDTH="27" VPOS="414" HPOS="1268"/>
							<String ID="string_57" HPOS="1295" VPOS="412" WIDTH="128" HEIGHT="31" WC="0.92" CONTENT="aktuell"/><SP WIDTH="28" VPOS="412" HPOS="1423"/>
							<String ID="string_58" HPOS="1451" VPOS="410" WIDTH="119" HEIGHT="30" WC="0.91" CONTENT="skade-"/>
						</TextLine>
						<TextLine ID="line_6" HPOS="86" VPOS="477" WIDTH="178" HEIGHT="40">
							<String ID="string_59" HPOS="86" VPOS="477" WIDTH="178" HEIGHT="40" WC="0.96" CONTENT="reglering."/>
						</TextLine>
					</TextBlock>
					<TextBlock ID="block_3" HPOS="89" VPOS="544" WIDTH="1489" HEIGHT="461">
						<TextLine ID="line_7" HPOS="134" VPOS="544" WIDTH="1439" HEIGHT="57">
							<String ID="string_60" HPOS="134" VPOS="567" WIDTH="71" HEIGHT="29" WC="0.94" CONTENT="Den"/><SP WIDTH="19" VPOS="567" HPOS="205"/>
							<String ID="string_61" HPOS="224" VPOS="563" WIDTH="298" HEIGHT="38" WC="0.95" CONTENT="omständigheten"/><SP WIDTH="19" VPOS="563" HPOS="522"/>
							<String ID="string_62" HPOS="541" VPOS="564" WIDTH="48" HEIGHT="26" WC="0.84" CONTENT="att"/><SP WIDTH="19" VPOS="564" HPOS="589"/>
							<String ID="string_63" HPOS="608" VPOS="563" WIDTH="46" HEIGHT="26" WC="0.93" CONTENT="elt"/><SP WIDTH="18" VPOS="563" HPOS="654"/>
							<String ID="string_64" HPOS="672" VPOS="559" WIDTH="67" HEIGHT="29" WC="0.95" CONTENT="fast"/><SP WIDTH="21" VPOS="559" HPOS="739"/>
							<String ID="string_65" HPOS="760" VPOS="553" WIDTH="256" HEIGHT="43" WC="0.96" CONTENT="penningvärde"/><SP WIDTH="19" VPOS="553" HPOS="1016"/>
							<String ID="string_66" HPOS="1035" VPOS="552" WIDTH="31" HEIGHT="38" WC="0.96" CONTENT="ej"/><SP WIDTH="20" VPOS="552" HPOS="1066"/>
							<String ID="string_67" HPOS="1086" VPOS="552" WIDTH="134" HEIGHT="28" WC="0.96" CONTENT="kunnat"/><SP WIDTH="17" VPOS="552" HPOS="1220"/>
							<String ID="string_68" HPOS="1237" VPOS="544" WIDTH="253" HEIGHT="42" WC="0.96" CONTENT="upprätthållas"/><SP WIDTH="20" VPOS="544" HPOS="1490"/>
							<String ID="string_69" HPOS="1510" VPOS="544" WIDTH="63" HEIGHT="29" WC="0.96" CONTENT="har"/>
						</TextLine>
						<TextLine ID="line_8" HPOS="89" VPOS="589" WIDTH="1484" HEIGHT="55">
							<String ID="string_70" HPOS="89" VPOS="610" WIDTH="149" HEIGHT="31" WC="0.96" CONTENT="medfört"/><SP WIDTH="22" VPOS="610" HPOS="238"/>
							<String ID="string_71" HPOS="260" VPOS="606" WIDTH="316" HEIGHT="38" WC="0.96" CONTENT="skadeverkningar"/><SP WIDTH="22" VPOS="606" HPOS="576"/>
							<String ID="string_72" HPOS="598" VPOS="603" WIDTH="45" HEIGHT="40" WC="0.96" CONTENT="på"/><SP WIDTH="22" VPOS="603" HPOS="643"/>
							<String ID="string_73" HPOS="665" VPOS="602" WIDTH="125" HEIGHT="37" WC="0.96" CONTENT="många"/><SP WIDTH="22" VPOS="602" HPOS="790"/>
							<String ID="string_74" HPOS="812" VPOS="599" WIDTH="166" HEIGHT="31" WC="0.95" CONTENT="områden"/><SP WIDTH="23" VPOS="599" HPOS="978"/>
							<String ID="string_75" HPOS="1001" VPOS="597" WIDTH="65" HEIGHT="30" WC="0.96" CONTENT="och"/><SP WIDTH="24" VPOS="597" HPOS="1066"/>
							<String ID="string_76" HPOS="1090" VPOS="595" WIDTH="67" HEIGHT="30" WC="0.95" CONTENT="alla"/><SP WIDTH="25" VPOS="595" HPOS="1157"/>
							<String ID="string_77" HPOS="1182" VPOS="602" WIDTH="73" HEIGHT="21" WC="0.95" CONTENT="som"/><SP WIDTH="24" VPOS="602" HPOS="1255"/>
							<String ID="string_78" HPOS="1279" VPOS="590" WIDTH="164" HEIGHT="31" WC="0.96" CONTENT="drabbats"/><SP WIDTH="22" VPOS="590" HPOS="1443"/>
							<String ID="string_79" HPOS="1465" VPOS="589" WIDTH="108" HEIGHT="28" WC="0.96" CONTENT="härav"/>
						</TextLine>
						<TextLine ID="line_9" HPOS="89" VPOS="631" WIDTH="1484" HEIGHT="60">
							<String ID="string_80" HPOS="89" VPOS="657" WIDTH="60" HEIGHT="29" WC="0.95" CONTENT="äro"/><SP WIDTH="25" VPOS="657" HPOS="149"/>
							<String ID="string_81" HPOS="174" VPOS="653" WIDTH="216" HEIGHT="38" WC="0.95" CONTENT="naturligtvis"/><SP WIDTH="24" VPOS="653" HPOS="390"/>
							<String ID="string_82" HPOS="414" VPOS="654" WIDTH="48" HEIGHT="27" WC="0.95" CONTENT="att"/><SP WIDTH="25" VPOS="654" HPOS="462"/>
							<String ID="string_83" HPOS="487" VPOS="650" WIDTH="107" HEIGHT="37" WC="0.96" CONTENT="livligt"/><SP WIDTH="26" VPOS="650" HPOS="594"/>
							<String ID="string_84" HPOS="620" VPOS="647" WIDTH="156" HEIGHT="37" WC="0.95" CONTENT="beklaga."/><SP WIDTH="26" VPOS="647" HPOS="776"/>
							<String ID="string_85" HPOS="802" VPOS="645" WIDTH="73" HEIGHT="29" WC="0.96" CONTENT="Inte"/><SP WIDTH="26" VPOS="645" HPOS="875"/>
							<String ID="string_86" HPOS="901" VPOS="643" WIDTH="103" HEIGHT="29" WC="0.95" CONTENT="minst"/><SP WIDTH="26" VPOS="643" HPOS="1004"/>
							<String ID="string_87" HPOS="1030" VPOS="641" WIDTH="106" HEIGHT="38" WC="0.96" CONTENT="gäller"/><SP WIDTH="26" VPOS="641" HPOS="1136"/>
							<String ID="string_88" HPOS="1162" VPOS="638" WIDTH="90" HEIGHT="29" WC="0.96" CONTENT="detta"/><SP WIDTH="27" VPOS="638" HPOS="1252"/>
							<String ID="string_89" HPOS="1279" VPOS="636" WIDTH="41" HEIGHT="29" WC="0.96" CONTENT="de"/><SP WIDTH="25" VPOS="636" HPOS="1320"/>
							<String ID="string_90" HPOS="1345" VPOS="633" WIDTH="152" HEIGHT="37" WC="0.92" CONTENT="tragiska"/><SP WIDTH="27" VPOS="633" HPOS="1497"/>
							<String ID="string_91" HPOS="1524" VPOS="631" WIDTH="49" HEIGHT="29" WC="0.92" CONTENT="in-"/>
						</TextLine>
						<TextLine ID="line_10" HPOS="89" VPOS="679" WIDTH="1484" HEIGHT="51">
							<String ID="string_92" HPOS="89" VPOS="698" WIDTH="290" HEIGHT="32" WC="0.91" CONTENT="validitetsfallen."/><SP WIDTH="23" VPOS="698" HPOS="379"/>
							<String ID="string_93" HPOS="402" VPOS="696" WIDTH="65" HEIGHT="29" WC="0.95" CONTENT="Om"/><SP WIDTH="21" VPOS="696" HPOS="467"/>
							<String ID="string_94" HPOS="488" VPOS="704" WIDTH="41" HEIGHT="20" WC="0.95" CONTENT="en"/><SP WIDTH="22" VPOS="704" HPOS="529"/>
							<String ID="string_95" HPOS="551" VPOS="691" WIDTH="184" HEIGHT="37" WC="0.96" CONTENT="utredning"/><SP WIDTH="20" VPOS="691" HPOS="735"/>
							<String ID="string_96" HPOS="755" VPOS="691" WIDTH="159" HEIGHT="28" WC="0.96" CONTENT="kommer"/><SP WIDTH="21" VPOS="691" HPOS="914"/>
							<String ID="string_97" HPOS="935" VPOS="686" WIDTH="49" HEIGHT="30" WC="0.95" CONTENT="till"/><SP WIDTH="23" VPOS="686" HPOS="984"/>
							<String ID="string_98" HPOS="1007" VPOS="684" WIDTH="101" HEIGHT="30" WC="0.96" CONTENT="stånd"/><SP WIDTH="23" VPOS="684" HPOS="1108"/>
							<String ID="string_99" HPOS="1131" VPOS="682" WIDTH="77" HEIGHT="30" WC="0.96" CONTENT="med"/><SP WIDTH="23" VPOS="682" HPOS="1208"/>
							<String ID="string_100" HPOS="1231" VPOS="679" WIDTH="185" HEIGHT="36" WC="0.96" CONTENT="anledning"/><SP WIDTH="22" VPOS="679" HPOS="1416"/>
							<String ID="string_101" HPOS="1438" VPOS="687" WIDTH="43" HEIGHT="20" WC="0.93" CONTENT="av"/><SP WIDTH="22" VPOS="687" HPOS="1481"/>
							<String ID="string_102" HPOS="1503" VPOS="685" WIDTH="70" HEIGHT="20" WC="0.91" CONTENT="mo-"/>
						</TextLine>
						<TextLine ID="line_11" HPOS="92" VPOS="720" WIDTH="1483" HEIGHT="58">
							<String ID="string_103" HPOS="92" VPOS="745" WIDTH="124" HEIGHT="33" WC="0.96" CONTENT="tionen,"/><SP WIDTH="18" VPOS="745" HPOS="216"/>
							<String ID="string_104" HPOS="234" VPOS="743" WIDTH="63" HEIGHT="29" WC="0.96" CONTENT="bör"/><SP WIDTH="18" VPOS="743" HPOS="297"/>
							<String ID="string_105" HPOS="315" VPOS="751" WIDTH="80" HEIGHT="20" WC="0.96" CONTENT="man"/><SP WIDTH="21" VPOS="751" HPOS="395"/>
							<String ID="string_106" HPOS="416" VPOS="738" WIDTH="189" HEIGHT="32" WC="0.96" CONTENT="emellertid"/><SP WIDTH="20" VPOS="738" HPOS="605"/>
							<String ID="string_107" HPOS="625" VPOS="738" WIDTH="85" HEIGHT="28" WC="0.96" CONTENT="även"/><SP WIDTH="19" VPOS="738" HPOS="710"/>
							<String ID="string_108" HPOS="729" VPOS="735" WIDTH="92" HEIGHT="29" WC="0.93" CONTENT="hålla"/><SP WIDTH="19" VPOS="735" HPOS="821"/>
							<String ID="string_109" HPOS="840" VPOS="732" WIDTH="195" HEIGHT="30" WC="0.91" CONTENT="bilisternas"/><SP WIDTH="20" VPOS="732" HPOS="1035"/>
							<String ID="string_110" HPOS="1055" VPOS="729" WIDTH="143" HEIGHT="29" WC="0.96" CONTENT="intresse"/><SP WIDTH="20" VPOS="729" HPOS="1198"/>
							<String ID="string_111" HPOS="1218" VPOS="726" WIDTH="7" HEIGHT="28" WC="0.96" CONTENT="i"/><SP WIDTH="20" VPOS="726" HPOS="1225"/>
							<String ID="string_112" HPOS="1245" VPOS="724" WIDTH="181" HEIGHT="30" WC="0.96" CONTENT="tankarna."/><SP WIDTH="22" VPOS="724" HPOS="1426"/>
							<String ID="string_113" HPOS="1448" VPOS="721" WIDTH="65" HEIGHT="30" WC="0.96" CONTENT="Om"/><SP WIDTH="21" VPOS="721" HPOS="1513"/>
							<String ID="string_114" HPOS="1534" VPOS="720" WIDTH="41" HEIGHT="29" WC="0.96" CONTENT="de"/>
						</TextLine>
						<TextLine ID="line_12" HPOS="91" VPOS="764" WIDTH="1484" HEIGHT="61">
							<String ID="string_115" HPOS="91" VPOS="789" WIDTH="80" HEIGHT="30" WC="0.96" CONTENT="med"/><SP WIDTH="25" VPOS="789" HPOS="171"/>
							<String ID="string_116" HPOS="196" VPOS="788" WIDTH="74" HEIGHT="30" WC="0.96" CONTENT="sina"/><SP WIDTH="26" VPOS="788" HPOS="270"/>
							<String ID="string_117" HPOS="296" VPOS="785" WIDTH="147" HEIGHT="40" WC="0.96" CONTENT="premier"/><SP WIDTH="27" VPOS="785" HPOS="443"/>
							<String ID="string_118" HPOS="470" VPOS="784" WIDTH="97" HEIGHT="29" WC="0.96" CONTENT="skola"/><SP WIDTH="28" VPOS="784" HPOS="567"/>
							<String ID="string_119" HPOS="595" VPOS="790" WIDTH="99" HEIGHT="21" WC="0.96" CONTENT="svara"/><SP WIDTH="28" VPOS="790" HPOS="694"/>
							<String ID="string_120" HPOS="722" VPOS="779" WIDTH="53" HEIGHT="30" WC="0.96" CONTENT="för"/><SP WIDTH="27" VPOS="779" HPOS="775"/>
							<String ID="string_121" HPOS="802" VPOS="787" WIDTH="42" HEIGHT="21" WC="0.95" CONTENT="en"/><SP WIDTH="26" VPOS="787" HPOS="844"/>
							<String ID="string_122" HPOS="870" VPOS="773" WIDTH="222" HEIGHT="42" WC="0.96" CONTENT="uppräkning"/><SP WIDTH="28" VPOS="773" HPOS="1092"/>
							<String ID="string_123" HPOS="1120" VPOS="781" WIDTH="42" HEIGHT="20" WC="0.96" CONTENT="av"/><SP WIDTH="28" VPOS="781" HPOS="1162"/>
							<String ID="string_124" HPOS="1190" VPOS="764" WIDTH="385" HEIGHT="38" WC="0.74" CONTENT="trafikförsäkringsliv-"/>
						</TextLine>
						<TextLine ID="line_13" HPOS="91" VPOS="809" WIDTH="1484" HEIGHT="57">
							<String ID="string_125" HPOS="91" VPOS="835" WIDTH="175" HEIGHT="31" WC="0.95" CONTENT="räntorna,"/><SP WIDTH="24" VPOS="835" HPOS="266"/>
							<String ID="string_126" HPOS="290" VPOS="832" WIDTH="38" HEIGHT="29" WC="0.96" CONTENT="är"/><SP WIDTH="22" VPOS="832" HPOS="328"/>
							<String ID="string_127" HPOS="350" VPOS="831" WIDTH="55" HEIGHT="29" WC="0.96" CONTENT="det"/><SP WIDTH="22" VPOS="831" HPOS="405"/>
							<String ID="string_128" HPOS="427" VPOS="829" WIDTH="188" HEIGHT="37" WC="0.96" CONTENT="angeläget,"/><SP WIDTH="24" VPOS="829" HPOS="615"/>
							<String ID="string_129" HPOS="639" VPOS="828" WIDTH="48" HEIGHT="27" WC="0.96" CONTENT="att"/><SP WIDTH="23" VPOS="828" HPOS="687"/>
							<String ID="string_130" HPOS="710" VPOS="824" WIDTH="41" HEIGHT="29" WC="0.96" CONTENT="de"/><SP WIDTH="25" VPOS="824" HPOS="751"/>
							<String ID="string_131" HPOS="776" VPOS="823" WIDTH="33" HEIGHT="30" WC="0.96" CONTENT="få"/><SP WIDTH="24" VPOS="823" HPOS="809"/>
							<String ID="string_132" HPOS="833" VPOS="825" WIDTH="74" HEIGHT="26" WC="0.96" CONTENT="veta"/><SP WIDTH="23" VPOS="825" HPOS="907"/>
							<String ID="string_133" HPOS="930" VPOS="820" WIDTH="70" HEIGHT="29" WC="0.96" CONTENT="inte"/><SP WIDTH="22" VPOS="820" HPOS="1000"/>
							<String ID="string_134" HPOS="1022" VPOS="818" WIDTH="122" HEIGHT="30" WC="0.96" CONTENT="endast"/><SP WIDTH="36" VPOS="818" HPOS="1144"/>
							<String ID="string_135" HPOS="1180" VPOS="815" WIDTH="53" HEIGHT="29" WC="0.84" CONTENT="vad"/><SP WIDTH="23" VPOS="815" HPOS="1233"/>
							<String ID="string_136" HPOS="1256" VPOS="823" WIDTH="47" HEIGHT="20" WC="0.96" CONTENT="nu"/><SP WIDTH="24" VPOS="823" HPOS="1303"/>
							<String ID="string_137" HPOS="1327" VPOS="811" WIDTH="87" HEIGHT="31" WC="0.96" CONTENT="skall"/><SP WIDTH="23" VPOS="811" HPOS="1414"/>
							<String ID="string_138" HPOS="1437" VPOS="810" WIDTH="61" HEIGHT="30" WC="0.89" CONTENT="ske"/><SP WIDTH="22" VPOS="810" HPOS="1498"/>
							<String ID="string_139" HPOS="1520" VPOS="809" WIDTH="55" HEIGHT="30" WC="0.89" CONTENT="be-"/>
						</TextLine>
						<TextLine ID="line_14" HPOS="91" VPOS="854" WIDTH="1487" HEIGHT="54">
							<String ID="string_140" HPOS="91" VPOS="877" WIDTH="177" HEIGHT="31" WC="0.96" CONTENT="träffande"/><SP WIDTH="20" VPOS="877" HPOS="268"/>
							<String ID="string_141" HPOS="288" VPOS="876" WIDTH="94" HEIGHT="29" WC="0.93" CONTENT="äldre"/><SP WIDTH="20" VPOS="876" HPOS="382"/>
							<String ID="string_142" HPOS="402" VPOS="874" WIDTH="165" HEIGHT="29" WC="0.92" CONTENT="livräntor"/><SP WIDTH="21" VPOS="874" HPOS="567"/>
							<String ID="string_143" HPOS="588" VPOS="874" WIDTH="84" HEIGHT="26" WC="0.95" CONTENT="utan"/><SP WIDTH="21" VPOS="874" HPOS="672"/>
							<String ID="string_144" HPOS="693" VPOS="870" WIDTH="84" HEIGHT="28" WC="0.96" CONTENT="även"/><SP WIDTH="23" VPOS="870" HPOS="777"/>
							<String ID="string_145" HPOS="800" VPOS="866" WIDTH="67" HEIGHT="30" WC="0.96" CONTENT="vad"/><SP WIDTH="21" VPOS="866" HPOS="867"/>
							<String ID="string_146" HPOS="888" VPOS="874" WIDTH="72" HEIGHT="21" WC="0.96" CONTENT="som"/><SP WIDTH="21" VPOS="874" HPOS="960"/>
							<String ID="string_147" HPOS="981" VPOS="862" WIDTH="87" HEIGHT="31" WC="0.96" CONTENT="skall"/><SP WIDTH="24" VPOS="862" HPOS="1068"/>
							<String ID="string_148" HPOS="1092" VPOS="861" WIDTH="59" HEIGHT="29" WC="0.95" CONTENT="ske"/><SP WIDTH="20" VPOS="861" HPOS="1151"/>
							<String ID="string_149" HPOS="1171" VPOS="856" WIDTH="220" HEIGHT="33" WC="0.93" CONTENT="beträffande"/><SP WIDTH="20" VPOS="856" HPOS="1391"/>
							<String ID="string_150" HPOS="1411" VPOS="854" WIDTH="167" HEIGHT="30" WC="0.91" CONTENT="livräntor"/>
						</TextLine>
						<TextLine ID="line_15" HPOS="94" VPOS="898" WIDTH="1484" HEIGHT="59">
							<String ID="string_151" HPOS="94" VPOS="924" WIDTH="6" HEIGHT="29" WC="0.95" CONTENT="i"/><SP WIDTH="24" VPOS="924" HPOS="100"/>
							<String ID="string_152" HPOS="124" VPOS="921" WIDTH="196" HEIGHT="33" WC="0.95" CONTENT="framtiden,"/><SP WIDTH="23" VPOS="921" HPOS="320"/>
							<String ID="string_153" HPOS="343" VPOS="929" WIDTH="57" HEIGHT="20" WC="0.93" CONTENT="om"/><SP WIDTH="21" VPOS="929" HPOS="400"/>
							<String ID="string_154" HPOS="421" VPOS="911" WIDTH="516" HEIGHT="46" WC="0.91" CONTENT="penningvärdeförsämringen"/><SP WIDTH="22" VPOS="911" HPOS="937"/>
							<String ID="string_155" HPOS="959" VPOS="907" WIDTH="186" HEIGHT="30" WC="0.96" CONTENT="fortsätter."/><SP WIDTH="24" VPOS="907" HPOS="1145"/>
							<String ID="string_156" HPOS="1169" VPOS="904" WIDTH="52" HEIGHT="29" WC="0.96" CONTENT="En"/><SP WIDTH="23" VPOS="904" HPOS="1221"/>
							<String ID="string_157" HPOS="1244" VPOS="901" WIDTH="108" HEIGHT="31" WC="0.96" CONTENT="sådan"/><SP WIDTH="24" VPOS="901" HPOS="1352"/>
							<String ID="string_158" HPOS="1376" VPOS="899" WIDTH="141" HEIGHT="38" WC="0.96" CONTENT="vetskap"/><SP WIDTH="23" VPOS="899" HPOS="1517"/>
							<String ID="string_159" HPOS="1540" VPOS="898" WIDTH="38" HEIGHT="29" WC="0.96" CONTENT="är"/>
						</TextLine>
						<TextLine ID="line_16" HPOS="92" VPOS="951" WIDTH="804" HEIGHT="54">
							<String ID="string_160" HPOS="92" VPOS="966" WIDTH="173" HEIGHT="39" WC="0.96" CONTENT="nämligen"/><SP WIDTH="24" VPOS="966" HPOS="265"/>
							<String ID="string_161" HPOS="289" VPOS="962" WIDTH="240" HEIGHT="40" WC="0.96" CONTENT="betydelsefull"/><SP WIDTH="25" VPOS="962" HPOS="529"/>
							<String ID="string_162" HPOS="554" VPOS="960" WIDTH="54" HEIGHT="29" WC="0.96" CONTENT="för"/><SP WIDTH="24" VPOS="960" HPOS="608"/>
							<String ID="string_163" HPOS="632" VPOS="951" WIDTH="264" HEIGHT="50" WC="0.91" CONTENT="premiefrågan."/>
						</TextLine>
					</TextBlock>
				</ComposedBlock>
				<ComposedBlock ID="cblock_3" HPOS="137" VPOS="1047" WIDTH="1138" HEIGHT="52">
					<TextBlock ID="block_4" HPOS="137" VPOS="1047" WIDTH="1138" HEIGHT="52">
						<TextLine ID="line_17" HPOS="137" VPOS="1047" WIDTH="1138" HEIGHT="52">
							<String ID="string_164" HPOS="137" VPOS="1060" WIDTH="481" HEIGHT="39" WC="0.91" CONTENT="Försäkringsinspektionen,"/><SP WIDTH="23" VPOS="1060" HPOS="618"/>
							<String ID="string_165" HPOS="641" VPOS="1066" WIDTH="72" HEIGHT="20" WC="0.95" CONTENT="som"/><SP WIDTH="25" VPOS="1066" HPOS="713"/>
							<String ID="string_166" HPOS="738" VPOS="1053" WIDTH="185" HEIGHT="39" WC="0.95" CONTENT="tillstyrker"/><SP WIDTH="22" VPOS="1053" HPOS="923"/>
							<String ID="string_167" HPOS="945" VPOS="1049" WIDTH="193" HEIGHT="37" WC="0.95" CONTENT="utredning."/><SP WIDTH="25" VPOS="1049" HPOS="1138"/>
							<String ID="string_168" HPOS="1163" VPOS="1047" WIDTH="112" HEIGHT="30" WC="0.96" CONTENT="anför:"/>
						</TextLine>
					</TextBlock>
				</ComposedBlock>
				<ComposedBlock ID="cblock_4" HPOS="95" VPOS="1101" WIDTH="1509" HEIGHT="1425">
					<TextBlock ID="block_5" HPOS="95" VPOS="1101" WIDTH="1491" HEIGHT="552">
						<TextLine ID="line_18" HPOS="140" VPOS="1101" WIDTH="1439" HEIGHT="55">
							<String ID="string_169" HPOS="140" VPOS="1126" WIDTH="120" HEIGHT="30" WC="0.92" CONTENT="Såsom"/><SP WIDTH="24" VPOS="1126" HPOS="260"/>
							<String ID="string_170" HPOS="284" VPOS="1124" WIDTH="145" HEIGHT="30" WC="0.91" CONTENT="erinrats"/><SP WIDTH="26" VPOS="1124" HPOS="429"/>
							<String ID="string_171" HPOS="455" VPOS="1122" WIDTH="6" HEIGHT="28" WC="0.96" CONTENT="i"/><SP WIDTH="27" VPOS="1122" HPOS="461"/>
							<String ID="string_172" HPOS="488" VPOS="1120" WIDTH="175" HEIGHT="30" WC="0.96" CONTENT="motionen"/><SP WIDTH="27" VPOS="1120" HPOS="663"/>
							<String ID="string_173" HPOS="690" VPOS="1116" WIDTH="163" HEIGHT="31" WC="0.96" CONTENT="framhöll"/><SP WIDTH="26" VPOS="1116" HPOS="853"/>
							<String ID="string_174" HPOS="879" VPOS="1112" WIDTH="239" HEIGHT="41" WC="0.96" CONTENT="inspektionen"/><SP WIDTH="26" VPOS="1112" HPOS="1118"/>
							<String ID="string_175" HPOS="1144" VPOS="1110" WIDTH="9" HEIGHT="29" WC="0.95" CONTENT="i"/><SP WIDTH="28" VPOS="1110" HPOS="1153"/>
							<String ID="string_176" HPOS="1181" VPOS="1109" WIDTH="55" HEIGHT="30" WC="0.95" CONTENT="sitt"/><SP WIDTH="27" VPOS="1109" HPOS="1236"/>
							<String ID="string_177" HPOS="1263" VPOS="1103" WIDTH="281" HEIGHT="40" WC="0.95" CONTENT="remissyttrande"/><SP WIDTH="27" VPOS="1103" HPOS="1544"/>
							<String ID="string_178" HPOS="1571" VPOS="1101" WIDTH="8" HEIGHT="29" WC="0.96" CONTENT="i"/>
						</TextLine>
						<TextLine ID="line_19" HPOS="95" VPOS="1148" WIDTH="1485" HEIGHT="59">
							<String ID="string_179" HPOS="95" VPOS="1170" WIDTH="186" HEIGHT="37" WC="0.96" CONTENT="anledning"/><SP WIDTH="20" VPOS="1170" HPOS="281"/>
							<String ID="string_180" HPOS="301" VPOS="1178" WIDTH="42" HEIGHT="20" WC="0.92" CONTENT="av"/><SP WIDTH="18" VPOS="1178" HPOS="343"/>
							<String ID="string_181" HPOS="361" VPOS="1163" WIDTH="406" HEIGHT="37" WC="0.90" CONTENT="bilskadeutredningens"/><SP WIDTH="19" VPOS="1163" HPOS="767"/>
							<String ID="string_182" HPOS="786" VPOS="1158" WIDTH="220" HEIGHT="32" WC="0.96" CONTENT="betänkande"/><SP WIDTH="20" VPOS="1158" HPOS="1006"/>
							<String ID="string_183" HPOS="1026" VPOS="1160" WIDTH="48" HEIGHT="26" WC="0.97" CONTENT="att"/><SP WIDTH="21" VPOS="1160" HPOS="1074"/>
							<String ID="string_184" HPOS="1095" VPOS="1159" WIDTH="45" HEIGHT="26" WC="0.96" CONTENT="ett"/><SP WIDTH="21" VPOS="1159" HPOS="1140"/>
							<String ID="string_185" HPOS="1161" VPOS="1164" WIDTH="41" HEIGHT="20" WC="0.96" CONTENT="av"/><SP WIDTH="21" VPOS="1164" HPOS="1202"/>
							<String ID="string_186" HPOS="1223" VPOS="1153" WIDTH="40" HEIGHT="29" WC="0.96" CONTENT="de"/><SP WIDTH="21" VPOS="1153" HPOS="1263"/>
							<String ID="string_187" HPOS="1284" VPOS="1154" WIDTH="86" HEIGHT="26" WC="0.96" CONTENT="mest"/><SP WIDTH="20" VPOS="1154" HPOS="1370"/>
							<String ID="string_188" HPOS="1390" VPOS="1148" WIDTH="190" HEIGHT="38" WC="0.96" CONTENT="angelägna"/>
						</TextLine>
						<TextLine ID="line_20" HPOS="95" VPOS="1191" WIDTH="1485" HEIGHT="60">
							<String ID="string_189" HPOS="95" VPOS="1212" WIDTH="381" HEIGHT="39" WC="0.90" CONTENT="förbättringsbehoven"/><SP WIDTH="16" VPOS="1212" HPOS="476"/>
							<String ID="string_190" HPOS="492" VPOS="1210" WIDTH="93" HEIGHT="29" WC="0.93" CONTENT="inom"/><SP WIDTH="16" VPOS="1210" HPOS="585"/>
							<String ID="string_191" HPOS="601" VPOS="1204" WIDTH="350" HEIGHT="37" WC="0.89" CONTENT="trafikförsäkringen"/><SP WIDTH="16" VPOS="1204" HPOS="951"/>
							<String ID="string_192" HPOS="967" VPOS="1211" WIDTH="98" HEIGHT="21" WC="0.96" CONTENT="avser"/><SP WIDTH="14" VPOS="1211" HPOS="1065"/>
							<String ID="string_193" HPOS="1079" VPOS="1200" WIDTH="56" HEIGHT="30" WC="0.96" CONTENT="det"/><SP WIDTH="15" VPOS="1200" HPOS="1135"/>
							<String ID="string_194" HPOS="1150" VPOS="1195" WIDTH="232" HEIGHT="33" WC="0.96" CONTENT="förhållandet"/><SP WIDTH="16" VPOS="1195" HPOS="1382"/>
							<String ID="string_195" HPOS="1398" VPOS="1196" WIDTH="48" HEIGHT="27" WC="0.93" CONTENT="att"/><SP WIDTH="14" VPOS="1196" HPOS="1446"/>
							<String ID="string_196" HPOS="1460" VPOS="1191" WIDTH="120" HEIGHT="31" WC="0.88" CONTENT="trafik-"/>
						</TextLine>
						<TextLine ID="line_21" HPOS="96" VPOS="1235" WIDTH="1485" HEIGHT="58">
							<String ID="string_197" HPOS="96" VPOS="1261" WIDTH="167" HEIGHT="29" WC="0.91" CONTENT="livräntor"/><SP WIDTH="27" VPOS="1261" HPOS="263"/>
							<String ID="string_198" HPOS="290" VPOS="1257" WIDTH="74" HEIGHT="29" WC="0.96" CONTENT="icke"/><SP WIDTH="28" VPOS="1257" HPOS="364"/>
							<String ID="string_199" HPOS="392" VPOS="1257" WIDTH="37" HEIGHT="29" WC="0.93" CONTENT="är"/><SP WIDTH="28" VPOS="1257" HPOS="429"/>
							<String ID="string_200" HPOS="457" VPOS="1249" WIDTH="435" HEIGHT="44" WC="0.91" CONTENT="penningvärdessäkrade."/><SP WIDTH="30" VPOS="1249" HPOS="892"/>
							<String ID="string_201" HPOS="922" VPOS="1245" WIDTH="245" HEIGHT="39" WC="0.95" CONTENT="Inspektionen"/><SP WIDTH="28" VPOS="1245" HPOS="1167"/>
							<String ID="string_202" HPOS="1195" VPOS="1240" WIDTH="169" HEIGHT="31" WC="0.96" CONTENT="betonade"/><SP WIDTH="28" VPOS="1240" HPOS="1364"/>
							<String ID="string_203" HPOS="1392" VPOS="1235" WIDTH="189" HEIGHT="32" WC="0.95" CONTENT="emellertid"/>
						</TextLine>
						<TextLine ID="line_22" HPOS="98" VPOS="1279" WIDTH="1483" HEIGHT="63">
							<String ID="string_204" HPOS="98" VPOS="1304" WIDTH="140" HEIGHT="38" WC="0.96" CONTENT="frågans"/><SP WIDTH="24" VPOS="1304" HPOS="238"/>
							<String ID="string_205" HPOS="262" VPOS="1300" WIDTH="169" HEIGHT="32" WC="0.96" CONTENT="samband"/><SP WIDTH="23" VPOS="1300" HPOS="431"/>
							<String ID="string_206" HPOS="454" VPOS="1299" WIDTH="78" HEIGHT="29" WC="0.96" CONTENT="med"/><SP WIDTH="23" VPOS="1299" HPOS="532"/>
							<String ID="string_207" HPOS="555" VPOS="1298" WIDTH="66" HEIGHT="29" WC="0.96" CONTENT="den"/><SP WIDTH="23" VPOS="1298" HPOS="621"/>
							<String ID="string_208" HPOS="644" VPOS="1296" WIDTH="176" HEIGHT="30" WC="0.95" CONTENT="allmänna"/><SP WIDTH="24" VPOS="1296" HPOS="820"/>
							<String ID="string_209" HPOS="844" VPOS="1287" WIDTH="419" HEIGHT="42" WC="0.91" CONTENT="invalidpensioneringen"/><SP WIDTH="23" VPOS="1287" HPOS="1263"/>
							<String ID="string_210" HPOS="1286" VPOS="1284" WIDTH="95" HEIGHT="30" WC="0.96" CONTENT="inom"/><SP WIDTH="25" VPOS="1284" HPOS="1381"/>
							<String ID="string_211" HPOS="1406" VPOS="1281" WIDTH="87" HEIGHT="30" WC="0.92" CONTENT="folk-"/><SP WIDTH="24" VPOS="1281" HPOS="1493"/>
							<String ID="string_212" HPOS="1517" VPOS="1279" WIDTH="64" HEIGHT="30" WC="0.96" CONTENT="och"/>
						</TextLine>
						<TextLine ID="line_23" HPOS="99" VPOS="1324" WIDTH="1484" HEIGHT="62">
							<String ID="string_213" HPOS="99" VPOS="1344" WIDTH="432" HEIGHT="42" WC="0.84" CONTENT="tilläggspensioneringen,"/><SP WIDTH="19" VPOS="1344" HPOS="531"/>
							<String ID="string_214" HPOS="550" VPOS="1351" WIDTH="74" HEIGHT="20" WC="0.96" CONTENT="som"/><SP WIDTH="19" VPOS="1351" HPOS="624"/>
							<String ID="string_215" HPOS="643" VPOS="1340" WIDTH="53" HEIGHT="30" WC="0.96" CONTENT="för"/><SP WIDTH="16" VPOS="1340" HPOS="696"/>
							<String ID="string_216" HPOS="712" VPOS="1337" WIDTH="218" HEIGHT="32" WC="0.96" CONTENT="närvarande"/><SP WIDTH="17" VPOS="1337" HPOS="930"/>
							<String ID="string_217" HPOS="947" VPOS="1336" WIDTH="38" HEIGHT="29" WC="0.97" CONTENT="är"/><SP WIDTH="18" VPOS="1336" HPOS="985"/>
							<String ID="string_218" HPOS="1003" VPOS="1331" WIDTH="144" HEIGHT="33" WC="0.96" CONTENT="föremål"/><SP WIDTH="20" VPOS="1331" HPOS="1147"/>
							<String ID="string_219" HPOS="1167" VPOS="1331" WIDTH="54" HEIGHT="29" WC="0.96" CONTENT="för"/><SP WIDTH="16" VPOS="1331" HPOS="1221"/>
							<String ID="string_220" HPOS="1237" VPOS="1327" WIDTH="183" HEIGHT="36" WC="0.96" CONTENT="utredning"/><SP WIDTH="18" VPOS="1327" HPOS="1420"/>
							<String ID="string_221" HPOS="1438" VPOS="1335" WIDTH="42" HEIGHT="20" WC="0.96" CONTENT="av"/><SP WIDTH="21" VPOS="1335" HPOS="1480"/>
							<String ID="string_222" HPOS="1501" VPOS="1324" WIDTH="82" HEIGHT="30" WC="0.96" CONTENT="1958"/>
						</TextLine>
						<TextLine ID="line_24" HPOS="99" VPOS="1369" WIDTH="1483" HEIGHT="57">
							<String ID="string_223" HPOS="99" VPOS="1393" WIDTH="55" HEIGHT="30" WC="0.92" CONTENT="års"/><SP WIDTH="24" VPOS="1393" HPOS="154"/>
							<String ID="string_224" HPOS="178" VPOS="1385" WIDTH="514" HEIGHT="41" WC="0.87" CONTENT="socialförsäkringskommitté."/><SP WIDTH="26" VPOS="1385" HPOS="692"/>
							<String ID="string_225" HPOS="718" VPOS="1384" WIDTH="120" HEIGHT="29" WC="0.91" CONTENT="Därest"/><SP WIDTH="26" VPOS="1384" HPOS="838"/>
							<String ID="string_226" HPOS="864" VPOS="1381" WIDTH="113" HEIGHT="29" WC="0.96" CONTENT="denna"/><SP WIDTH="24" VPOS="1381" HPOS="977"/>
							<String ID="string_227" HPOS="1001" VPOS="1378" WIDTH="71" HEIGHT="29" WC="0.96" CONTENT="fick"/><SP WIDTH="25" VPOS="1378" HPOS="1072"/>
							<String ID="string_228" HPOS="1097" VPOS="1386" WIDTH="40" HEIGHT="20" WC="0.95" CONTENT="en"/><SP WIDTH="27" VPOS="1386" HPOS="1137"/>
							<String ID="string_229" HPOS="1164" VPOS="1374" WIDTH="107" HEIGHT="30" WC="0.95" CONTENT="sådan"/><SP WIDTH="23" VPOS="1374" HPOS="1271"/>
							<String ID="string_230" HPOS="1294" VPOS="1369" WIDTH="216" HEIGHT="37" WC="0.95" CONTENT="utformning"/><SP WIDTH="25" VPOS="1369" HPOS="1510"/>
							<String ID="string_231" HPOS="1535" VPOS="1371" WIDTH="47" HEIGHT="26" WC="0.96" CONTENT="att"/>
						</TextLine>
						<TextLine ID="line_25" HPOS="99" VPOS="1412" WIDTH="1484" HEIGHT="58">
							<String ID="string_232" HPOS="99" VPOS="1439" WIDTH="86" HEIGHT="28" WC="0.96" CONTENT="även"/><SP WIDTH="26" VPOS="1439" HPOS="185"/>
							<String ID="string_233" HPOS="211" VPOS="1436" WIDTH="55" HEIGHT="29" WC="0.96" CONTENT="det"/><SP WIDTH="26" VPOS="1436" HPOS="266"/>
							<String ID="string_234" HPOS="292" VPOS="1444" WIDTH="45" HEIGHT="19" WC="0.95" CONTENT="nu"/><SP WIDTH="28" VPOS="1444" HPOS="337"/>
							<String ID="string_235" HPOS="365" VPOS="1430" WIDTH="264" HEIGHT="40" WC="0.93" CONTENT="ifrågavarande"/><SP WIDTH="26" VPOS="1430" HPOS="629"/>
							<String ID="string_236" HPOS="655" VPOS="1427" WIDTH="247" HEIGHT="39" WC="0.90" CONTENT="delproblemet"/><SP WIDTH="26" VPOS="1427" HPOS="902"/>
							<String ID="string_237" HPOS="928" VPOS="1423" WIDTH="70" HEIGHT="30" WC="0.96" CONTENT="fick"/><SP WIDTH="27" VPOS="1423" HPOS="998"/>
							<String ID="string_238" HPOS="1025" VPOS="1431" WIDTH="40" HEIGHT="20" WC="0.96" CONTENT="en"/><SP WIDTH="30" VPOS="1431" HPOS="1065"/>
							<String ID="string_239" HPOS="1095" VPOS="1415" WIDTH="316" HEIGHT="34" WC="0.90" CONTENT="tillfredsställande"/><SP WIDTH="26" VPOS="1415" HPOS="1411"/>
							<String ID="string_240" HPOS="1437" VPOS="1412" WIDTH="146" HEIGHT="37" WC="0.96" CONTENT="lösning,"/>
						</TextLine>
						<TextLine ID="line_26" HPOS="100" VPOS="1456" WIDTH="1485" HEIGHT="56">
							<String ID="string_241" HPOS="100" VPOS="1480" WIDTH="174" HEIGHT="31" WC="0.92" CONTENT="erfordras"/><SP WIDTH="19" VPOS="1480" HPOS="274"/>
							<String ID="string_242" HPOS="293" VPOS="1496" WIDTH="44" HEIGHT="3" WC="0.91" CONTENT="—"/><SP WIDTH="18" VPOS="1496" HPOS="337"/>
							<String ID="string_243" HPOS="355" VPOS="1477" WIDTH="85" HEIGHT="30" WC="0.96" CONTENT="efter"/><SP WIDTH="19" VPOS="1477" HPOS="440"/>
							<String ID="string_244" HPOS="459" VPOS="1476" WIDTH="66" HEIGHT="29" WC="0.96" CONTENT="vad"/><SP WIDTH="19" VPOS="1476" HPOS="525"/>
							<String ID="string_245" HPOS="544" VPOS="1472" WIDTH="241" HEIGHT="40" WC="0.96" CONTENT="inspektionen"/><SP WIDTH="23" VPOS="1472" HPOS="785"/>
							<String ID="string_246" HPOS="808" VPOS="1465" WIDTH="293" HEIGHT="39" WC="0.96" CONTENT="fortsättningsvis"/><SP WIDTH="20" VPOS="1465" HPOS="1101"/>
							<String ID="string_247" HPOS="1121" VPOS="1462" WIDTH="145" HEIGHT="31" WC="0.93" CONTENT="anförde"/><SP WIDTH="19" VPOS="1462" HPOS="1266"/>
							<String ID="string_248" HPOS="1285" VPOS="1478" WIDTH="44" HEIGHT="3" WC="0.56" CONTENT="—"/><SP WIDTH="20" VPOS="1478" HPOS="1329"/>
							<String ID="string_249" HPOS="1349" VPOS="1458" WIDTH="140" HEIGHT="40" WC="0.96" CONTENT="givetvis"/><SP WIDTH="20" VPOS="1458" HPOS="1489"/>
							<String ID="string_250" HPOS="1509" VPOS="1456" WIDTH="76" HEIGHT="30" WC="0.96" CONTENT="icke"/>
						</TextLine>
						<TextLine ID="line_27" HPOS="100" VPOS="1500" WIDTH="1485" HEIGHT="63">
							<String ID="string_251" HPOS="100" VPOS="1525" WIDTH="107" HEIGHT="38" WC="0.96" CONTENT="några"/><SP WIDTH="26" VPOS="1525" HPOS="207"/>
							<String ID="string_252" HPOS="233" VPOS="1522" WIDTH="195" HEIGHT="40" WC="0.95" CONTENT="ytterligare"/><SP WIDTH="27" VPOS="1522" HPOS="428"/>
							<String ID="string_253" HPOS="455" VPOS="1518" WIDTH="236" HEIGHT="37" WC="0.95" CONTENT="anordningar"/><SP WIDTH="27" VPOS="1518" HPOS="691"/>
							<String ID="string_254" HPOS="718" VPOS="1516" WIDTH="6" HEIGHT="29" WC="0.95" CONTENT="i"/><SP WIDTH="29" VPOS="1516" HPOS="724"/>
							<String ID="string_255" HPOS="753" VPOS="1513" WIDTH="198" HEIGHT="37" WC="0.95" CONTENT="anslutning"/><SP WIDTH="27" VPOS="1513" HPOS="951"/>
							<String ID="string_256" HPOS="978" VPOS="1510" WIDTH="49" HEIGHT="30" WC="0.92" CONTENT="till"/><SP WIDTH="29" VPOS="1510" HPOS="1027"/>
							<String ID="string_257" HPOS="1056" VPOS="1504" WIDTH="361" HEIGHT="37" WC="0.89" CONTENT="trafikförsäkringen."/><SP WIDTH="29" VPOS="1504" HPOS="1417"/>
							<String ID="string_258" HPOS="1446" VPOS="1500" WIDTH="139" HEIGHT="39" WC="0.91" CONTENT="Inspek-"/>
						</TextLine>
						<TextLine ID="line_28" HPOS="104" VPOS="1545" WIDTH="1482" HEIGHT="55">
							<String ID="string_259" HPOS="104" VPOS="1570" WIDTH="114" HEIGHT="30" WC="0.95" CONTENT="tionen"/><SP WIDTH="24" VPOS="1570" HPOS="218"/>
							<String ID="string_260" HPOS="242" VPOS="1566" WIDTH="163" HEIGHT="31" WC="0.96" CONTENT="framhöll"/><SP WIDTH="24" VPOS="1566" HPOS="405"/>
							<String ID="string_261" HPOS="429" VPOS="1563" WIDTH="106" HEIGHT="31" WC="0.96" CONTENT="också"/><SP WIDTH="23" VPOS="1563" HPOS="535"/>
							<String ID="string_262" HPOS="558" VPOS="1566" WIDTH="48" HEIGHT="26" WC="0.96" CONTENT="att"/><SP WIDTH="26" VPOS="1566" HPOS="606"/>
							<String ID="string_263" HPOS="632" VPOS="1560" WIDTH="121" HEIGHT="39" WC="0.96" CONTENT="frågan"/><SP WIDTH="26" VPOS="1560" HPOS="753"/>
							<String ID="string_264" HPOS="779" VPOS="1558" WIDTH="90" HEIGHT="30" WC="0.95" CONTENT="hade"/><SP WIDTH="25" VPOS="1558" HPOS="869"/>
							<String ID="string_265" HPOS="894" VPOS="1556" WIDTH="81" HEIGHT="29" WC="0.96" CONTENT="visst"/><SP WIDTH="25" VPOS="1556" HPOS="975"/>
							<String ID="string_266" HPOS="1000" VPOS="1552" WIDTH="170" HEIGHT="32" WC="0.95" CONTENT="samband"/><SP WIDTH="27" VPOS="1552" HPOS="1170"/>
							<String ID="string_267" HPOS="1197" VPOS="1549" WIDTH="78" HEIGHT="30" WC="0.92" CONTENT="med"/><SP WIDTH="25" VPOS="1549" HPOS="1275"/>
							<String ID="string_268" HPOS="1300" VPOS="1545" WIDTH="204" HEIGHT="41" WC="0.91" CONTENT="spörsmålet"/><SP WIDTH="25" VPOS="1545" HPOS="1504"/>
							<String ID="string_269" HPOS="1529" VPOS="1554" WIDTH="57" HEIGHT="20" WC="0.95" CONTENT="om"/>
						</TextLine>
						<TextLine ID="line_29" HPOS="101" VPOS="1598" WIDTH="979" HEIGHT="55">
							<String ID="string_270" HPOS="101" VPOS="1608" WIDTH="463" HEIGHT="45" WC="0.90" CONTENT="penningvärdessäkringen"/><SP WIDTH="19" VPOS="1608" HPOS="564"/>
							<String ID="string_271" HPOS="583" VPOS="1607" WIDTH="9" HEIGHT="28" WC="0.96" CONTENT="i"/><SP WIDTH="22" VPOS="1607" HPOS="592"/>
							<String ID="string_272" HPOS="614" VPOS="1605" WIDTH="113" HEIGHT="37" WC="0.93" CONTENT="vanlig"/><SP WIDTH="19" VPOS="1605" HPOS="727"/>
							<String ID="string_273" HPOS="746" VPOS="1598" WIDTH="334" HEIGHT="44" WC="0.91" CONTENT="personförsäkring."/>
						</TextLine>
					</TextBlock>
					<TextBlock ID="block_6" HPOS="103" VPOS="1632" WIDTH="1490" HEIGHT="410">
						<TextLine ID="line_30" HPOS="149" VPOS="1632" WIDTH="1433" HEIGHT="59">
							<String ID="string_274" HPOS="149" VPOS="1659" WIDTH="11" HEIGHT="29" WC="0.93" CONTENT="I"/><SP WIDTH="17" VPOS="1659" HPOS="160"/>
							<String ID="string_275" HPOS="177" VPOS="1654" WIDTH="366" HEIGHT="37" WC="0.90" CONTENT="socialförsäkringens"/><SP WIDTH="16" VPOS="1654" HPOS="543"/>
							<String ID="string_276" HPOS="559" VPOS="1645" WIDTH="448" HEIGHT="36" WC="0.47" CONTENT="administrationsnhämnds"/><SP WIDTH="16" VPOS="1645" HPOS="1007"/>
							<String ID="string_277" HPOS="1023" VPOS="1641" WIDTH="221" HEIGHT="32" WC="0.96" CONTENT="betänkande"/><SP WIDTH="16" VPOS="1641" HPOS="1244"/>
							<String ID="string_278" HPOS="1260" VPOS="1639" WIDTH="29" HEIGHT="29" WC="0.42" CONTENT="Il"/><SP WIDTH="23" VPOS="1639" HPOS="1289"/>
							<String ID="string_279" HPOS="1312" VPOS="1636" WIDTH="96" HEIGHT="36" WC="0.92" CONTENT="(SOU"/><SP WIDTH="21" VPOS="1636" HPOS="1408"/>
							<String ID="string_280" HPOS="1429" VPOS="1632" WIDTH="153" HEIGHT="33" WC="0.91" CONTENT="1960:35)"/>
						</TextLine>
						<TextLine ID="line_31" HPOS="103" VPOS="1674" WIDTH="1484" HEIGHT="59">
							<String ID="string_281" HPOS="103" VPOS="1702" WIDTH="139" HEIGHT="31" WC="0.90" CONTENT="anföres"/><SP WIDTH="19" VPOS="1702" HPOS="242"/>
							<String ID="string_282" HPOS="261" VPOS="1703" WIDTH="47" HEIGHT="27" WC="0.95" CONTENT="att"/><SP WIDTH="21" VPOS="1703" HPOS="308"/>
							<String ID="string_283" HPOS="329" VPOS="1698" WIDTH="184" HEIGHT="32" WC="0.96" CONTENT="nämnden,"/><SP WIDTH="22" VPOS="1698" HPOS="513"/>
							<String ID="string_284" HPOS="535" VPOS="1696" WIDTH="87" HEIGHT="30" WC="0.96" CONTENT="efter"/><SP WIDTH="19" VPOS="1696" HPOS="622"/>
							<String ID="string_285" HPOS="641" VPOS="1691" WIDTH="285" HEIGHT="39" WC="0.96" CONTENT="överläggningar"/><SP WIDTH="20" VPOS="1691" HPOS="926"/>
							<String ID="string_286" HPOS="946" VPOS="1688" WIDTH="79" HEIGHT="31" WC="0.96" CONTENT="med"/><SP WIDTH="22" VPOS="1688" HPOS="1025"/>
							<String ID="string_287" HPOS="1047" VPOS="1674" WIDTH="540" HEIGHT="51" WC="0.82" CONTENT="socialförsäkringskommittén."/>
						</TextLine>
						<TextLine ID="line_32" HPOS="105" VPOS="1722" WIDTH="1483" HEIGHT="56">
							<String ID="string_288" HPOS="105" VPOS="1747" WIDTH="129" HEIGHT="30" WC="0.96" CONTENT="räknar"/><SP WIDTH="16" VPOS="1747" HPOS="234"/>
							<String ID="string_289" HPOS="250" VPOS="1745" WIDTH="76" HEIGHT="29" WC="0.96" CONTENT="med"/><SP WIDTH="19" VPOS="1745" HPOS="326"/>
							<String ID="string_290" HPOS="345" VPOS="1747" WIDTH="44" HEIGHT="26" WC="0.92" CONTENT="att"/><SP WIDTH="21" VPOS="1747" HPOS="389"/>
							<String ID="string_291" HPOS="410" VPOS="1738" WIDTH="367" HEIGHT="40" WC="0.90" CONTENT="inkomstprövningen"/><SP WIDTH="18" VPOS="1738" HPOS="777"/>
							<String ID="string_292" HPOS="795" VPOS="1737" WIDTH="8" HEIGHT="28" WC="0.96" CONTENT="i"/><SP WIDTH="20" VPOS="1737" HPOS="803"/>
							<String ID="string_293" HPOS="823" VPOS="1736" WIDTH="76" HEIGHT="29" WC="0.96" CONTENT="dess"/><SP WIDTH="17" VPOS="1736" HPOS="899"/>
							<String ID="string_294" HPOS="916" VPOS="1731" WIDTH="202" HEIGHT="32" WC="0.96" CONTENT="nuvarande"/><SP WIDTH="18" VPOS="1731" HPOS="1118"/>
							<String ID="string_295" HPOS="1136" VPOS="1730" WIDTH="91" HEIGHT="29" WC="0.96" CONTENT="form"/><SP WIDTH="18" VPOS="1730" HPOS="1227"/>
							<String ID="string_296" HPOS="1245" VPOS="1727" WIDTH="87" HEIGHT="30" WC="0.96" CONTENT="skall"/><SP WIDTH="17" VPOS="1727" HPOS="1332"/>
							<String ID="string_297" HPOS="1349" VPOS="1725" WIDTH="143" HEIGHT="30" WC="0.96" CONTENT="ersättas"/><SP WIDTH="20" VPOS="1725" HPOS="1492"/>
							<String ID="string_298" HPOS="1512" VPOS="1722" WIDTH="76" HEIGHT="30" WC="0.96" CONTENT="med"/>
						</TextLine>
						<TextLine ID="line_33" HPOS="105" VPOS="1766" WIDTH="1484" HEIGHT="59">
							<String ID="string_299" HPOS="105" VPOS="1801" WIDTH="42" HEIGHT="20" WC="0.96" CONTENT="en"/><SP WIDTH="16" VPOS="1801" HPOS="147"/>
							<String ID="string_300" HPOS="163" VPOS="1788" WIDTH="209" HEIGHT="37" WC="0.96" CONTENT="bedömning"/><SP WIDTH="17" VPOS="1788" HPOS="372"/>
							<String ID="string_301" HPOS="389" VPOS="1796" WIDTH="41" HEIGHT="20" WC="0.96" CONTENT="av"/><SP WIDTH="18" VPOS="1796" HPOS="430"/>
							<String ID="string_302" HPOS="448" VPOS="1786" WIDTH="53" HEIGHT="29" WC="0.96" CONTENT="det"/><SP WIDTH="19" VPOS="1786" HPOS="501"/>
							<String ID="string_303" HPOS="520" VPOS="1783" WIDTH="163" HEIGHT="31" WC="0.96" CONTENT="framtida"/><SP WIDTH="19" VPOS="1783" HPOS="683"/>
							<String ID="string_304" HPOS="702" VPOS="1777" WIDTH="304" HEIGHT="34" WC="0.90" CONTENT="inkomstbortfall,"/><SP WIDTH="19" VPOS="1777" HPOS="1006"/>
							<String ID="string_305" HPOS="1025" VPOS="1785" WIDTH="74" HEIGHT="20" WC="0.95" CONTENT="som"/><SP WIDTH="19" VPOS="1785" HPOS="1099"/>
							<String ID="string_306" HPOS="1118" VPOS="1775" WIDTH="66" HEIGHT="29" WC="0.96" CONTENT="den"/><SP WIDTH="17" VPOS="1775" HPOS="1184"/>
							<String ID="string_307" HPOS="1201" VPOS="1770" WIDTH="213" HEIGHT="32" WC="0.93" CONTENT="medicinska"/><SP WIDTH="18" VPOS="1770" HPOS="1414"/>
							<String ID="string_308" HPOS="1432" VPOS="1766" WIDTH="157" HEIGHT="31" WC="0.91" CONTENT="invalidi-"/>
						</TextLine>
						<TextLine ID="line_34" HPOS="105" VPOS="1810" WIDTH="1485" HEIGHT="58">
							<String ID="string_309" HPOS="105" VPOS="1839" WIDTH="89" HEIGHT="26" WC="0.96" CONTENT="teten"/><SP WIDTH="21" VPOS="1839" HPOS="194"/>
							<String ID="string_310" HPOS="215" VPOS="1834" WIDTH="67" HEIGHT="29" WC="0.93" CONTENT="kan"/><SP WIDTH="21" VPOS="1834" HPOS="282"/>
							<String ID="string_311" HPOS="303" VPOS="1835" WIDTH="143" HEIGHT="33" WC="0.90" CONTENT="antagas"/><SP WIDTH="20" VPOS="1835" HPOS="446"/>
							<String ID="string_312" HPOS="466" VPOS="1828" WIDTH="158" HEIGHT="30" WC="0.95" CONTENT="medföra"/><SP WIDTH="20" VPOS="1828" HPOS="624"/>
							<String ID="string_313" HPOS="644" VPOS="1827" WIDTH="7" HEIGHT="29" WC="0.95" CONTENT="i"/><SP WIDTH="23" VPOS="1827" HPOS="651"/>
							<String ID="string_314" HPOS="674" VPOS="1827" WIDTH="54" HEIGHT="28" WC="0.96" CONTENT="det"/><SP WIDTH="20" VPOS="1827" HPOS="728"/>
							<String ID="string_315" HPOS="748" VPOS="1823" WIDTH="157" HEIGHT="32" WC="0.96" CONTENT="enskilda"/><SP WIDTH="20" VPOS="1823" HPOS="905"/>
							<String ID="string_316" HPOS="925" VPOS="1822" WIDTH="106" HEIGHT="29" WC="0.96" CONTENT="fallet."/><SP WIDTH="22" VPOS="1822" HPOS="1031"/>
							<String ID="string_317" HPOS="1053" VPOS="1820" WIDTH="99" HEIGHT="29" WC="0.96" CONTENT="Detta"/><SP WIDTH="22" VPOS="1820" HPOS="1152"/>
							<String ID="string_318" HPOS="1174" VPOS="1817" WIDTH="96" HEIGHT="30" WC="0.91" CONTENT="torde"/><SP WIDTH="19" VPOS="1817" HPOS="1270"/>
							<String ID="string_319" HPOS="1289" VPOS="1833" WIDTH="15" HEIGHT="2" WC="0.90" CONTENT="—"/><SP WIDTH="48" VPOS="1833" HPOS="1304"/>
							<String ID="string_320" HPOS="1352" VPOS="1815" WIDTH="95" HEIGHT="28" WC="0.95" CONTENT="heter"/><SP WIDTH="20" VPOS="1815" HPOS="1447"/>
							<String ID="string_321" HPOS="1467" VPOS="1812" WIDTH="54" HEIGHT="29" WC="0.92" CONTENT="det"/><SP WIDTH="23" VPOS="1812" HPOS="1521"/>
							<String ID="string_322" HPOS="1544" VPOS="1810" WIDTH="46" HEIGHT="29" WC="0.91" CONTENT="vi-"/>
						</TextLine>
						<TextLine ID="line_35" HPOS="107" VPOS="1855" WIDTH="1483" HEIGHT="55">
							<String ID="string_323" HPOS="107" VPOS="1881" WIDTH="82" HEIGHT="29" WC="0.93" CONTENT="dare"/><SP WIDTH="21" VPOS="1881" HPOS="189"/>
							<String ID="string_324" HPOS="210" VPOS="1896" WIDTH="44" HEIGHT="3" WC="0.92" CONTENT="—"/><SP WIDTH="23" VPOS="1896" HPOS="254"/>
							<String ID="string_325" HPOS="277" VPOS="1876" WIDTH="181" HEIGHT="30" WC="0.90" CONTENT="förutsätta"/><SP WIDTH="24" VPOS="1876" HPOS="458"/>
							<String ID="string_326" HPOS="482" VPOS="1871" WIDTH="253" HEIGHT="37" WC="0.89" CONTENT="hedömningar"/><SP WIDTH="23" VPOS="1871" HPOS="735"/>
							<String ID="string_327" HPOS="758" VPOS="1879" WIDTH="42" HEIGHT="19" WC="0.96" CONTENT="av"/><SP WIDTH="23" VPOS="1879" HPOS="800"/>
							<String ID="string_328" HPOS="823" VPOS="1868" WIDTH="87" HEIGHT="29" WC="0.95" CONTENT="bl.a."/><SP WIDTH="25" VPOS="1868" HPOS="910"/>
							<String ID="string_329" HPOS="935" VPOS="1866" WIDTH="71" HEIGHT="29" WC="0.96" CONTENT="dels"/><SP WIDTH="25" VPOS="1866" HPOS="1006"/>
							<String ID="string_330" HPOS="1031" VPOS="1864" WIDTH="65" HEIGHT="29" WC="0.96" CONTENT="den"/><SP WIDTH="27" VPOS="1864" HPOS="1096"/>
							<String ID="string_331" HPOS="1123" VPOS="1860" WIDTH="276" HEIGHT="31" WC="0.93" CONTENT="arbetsinkomst,"/><SP WIDTH="27" VPOS="1860" HPOS="1399"/>
							<String ID="string_332" HPOS="1426" VPOS="1865" WIDTH="74" HEIGHT="21" WC="0.95" CONTENT="som"/><SP WIDTH="25" VPOS="1865" HPOS="1500"/>
							<String ID="string_333" HPOS="1525" VPOS="1855" WIDTH="65" HEIGHT="29" WC="0.95" CONTENT="den"/>
						</TextLine>
						<TextLine ID="line_36" HPOS="110" VPOS="1899" WIDTH="1481" HEIGHT="54">
							<String ID="string_334" HPOS="110" VPOS="1921" WIDTH="200" HEIGHT="32" WC="0.96" CONTENT="försäkrade"/><SP WIDTH="20" VPOS="1921" HPOS="310"/>
							<String ID="string_335" HPOS="330" VPOS="1919" WIDTH="171" HEIGHT="30" WC="0.96" CONTENT="beräknas"/><SP WIDTH="21" VPOS="1919" HPOS="501"/>
							<String ID="string_336" HPOS="522" VPOS="1917" WIDTH="117" HEIGHT="29" WC="0.93" CONTENT="kunna"/><SP WIDTH="23" VPOS="1917" HPOS="639"/>
							<String ID="string_337" HPOS="662" VPOS="1923" WIDTH="117" HEIGHT="29" WC="0.92" CONTENT="uppna"/><SP WIDTH="21" VPOS="1923" HPOS="779"/>
							<String ID="string_338" HPOS="800" VPOS="1912" WIDTH="86" HEIGHT="29" WC="0.92" CONTENT="efter"/><SP WIDTH="21" VPOS="1912" HPOS="886"/>
							<String ID="string_339" HPOS="907" VPOS="1908" WIDTH="253" HEIGHT="31" WC="0.91" CONTENT="invaliditetens"/><SP WIDTH="21" VPOS="1908" HPOS="1160"/>
							<String ID="string_340" HPOS="1181" VPOS="1903" WIDTH="143" HEIGHT="31" WC="0.95" CONTENT="inträde."/><SP WIDTH="22" VPOS="1903" HPOS="1324"/>
							<String ID="string_341" HPOS="1346" VPOS="1901" WIDTH="64" HEIGHT="30" WC="0.96" CONTENT="och"/><SP WIDTH="23" VPOS="1901" HPOS="1410"/>
							<String ID="string_342" HPOS="1433" VPOS="1900" WIDTH="72" HEIGHT="29" WC="0.96" CONTENT="dels"/><SP WIDTH="22" VPOS="1900" HPOS="1505"/>
							<String ID="string_343" HPOS="1527" VPOS="1899" WIDTH="64" HEIGHT="29" WC="0.96" CONTENT="den"/>
						</TextLine>
						<TextLine ID="line_37" HPOS="108" VPOS="1944" WIDTH="1485" HEIGHT="54">
							<String ID="string_344" HPOS="108" VPOS="1966" WIDTH="277" HEIGHT="32" WC="0.95" CONTENT="arbetsinkomst."/><SP WIDTH="27" VPOS="1966" HPOS="385"/>
							<String ID="string_345" HPOS="412" VPOS="1971" WIDTH="72" HEIGHT="21" WC="0.96" CONTENT="som"/><SP WIDTH="27" VPOS="1971" HPOS="484"/>
							<String ID="string_346" HPOS="511" VPOS="1961" WIDTH="69" HEIGHT="29" WC="0.96" CONTENT="han"/><SP WIDTH="26" VPOS="1961" HPOS="580"/>
							<String ID="string_347" HPOS="606" VPOS="1960" WIDTH="69" HEIGHT="28" WC="0.93" CONTENT="kan"/><SP WIDTH="26" VPOS="1960" HPOS="675"/>
							<String ID="string_348" HPOS="701" VPOS="1961" WIDTH="142" HEIGHT="33" WC="0.91" CONTENT="antagas"/><SP WIDTH="27" VPOS="1961" HPOS="843"/>
							<String ID="string_349" HPOS="870" VPOS="1955" WIDTH="45" HEIGHT="29" WC="0.96" CONTENT="ha"/><SP WIDTH="25" VPOS="1955" HPOS="915"/>
							<String ID="string_350" HPOS="940" VPOS="1951" WIDTH="157" HEIGHT="40" WC="0.92" CONTENT="uppnått."/><SP WIDTH="27" VPOS="1951" HPOS="1097"/>
							<String ID="string_351" HPOS="1124" VPOS="1959" WIDTH="56" HEIGHT="20" WC="0.97" CONTENT="om"/><SP WIDTH="28" VPOS="1959" HPOS="1180"/>
							<String ID="string_352" HPOS="1208" VPOS="1949" WIDTH="69" HEIGHT="28" WC="0.96" CONTENT="han"/><SP WIDTH="27" VPOS="1949" HPOS="1277"/>
							<String ID="string_353" HPOS="1304" VPOS="1947" WIDTH="30" HEIGHT="37" WC="0.96" CONTENT="ej"/><SP WIDTH="27" VPOS="1947" HPOS="1334"/>
							<String ID="string_354" HPOS="1361" VPOS="1944" WIDTH="163" HEIGHT="31" WC="0.96" CONTENT="drabbats"/><SP WIDTH="27" VPOS="1944" HPOS="1524"/>
							<String ID="string_355" HPOS="1551" VPOS="1952" WIDTH="42" HEIGHT="20" WC="0.94" CONTENT="av"/>
						</TextLine>
						<TextLine ID="line_38" HPOS="110" VPOS="2010" WIDTH="199" HEIGHT="32">
							<String ID="string_356" HPOS="110" VPOS="2010" WIDTH="199" HEIGHT="32" WC="0.96" CONTENT="invaliditet."/>
						</TextLine>
					</TextBlock>
					<TextBlock ID="block_7" HPOS="113" VPOS="2031" WIDTH="1482" HEIGHT="230">
						<TextLine ID="line_39" HPOS="155" VPOS="2031" WIDTH="1439" HEIGHT="58">
							<String ID="string_357" HPOS="155" VPOS="2056" WIDTH="47" HEIGHT="29" WC="0.96" CONTENT="Av"/><SP WIDTH="18" VPOS="2056" HPOS="202"/>
							<String ID="string_358" HPOS="220" VPOS="2055" WIDTH="55" HEIGHT="28" WC="0.96" CONTENT="det"/><SP WIDTH="17" VPOS="2055" HPOS="275"/>
							<String ID="string_359" HPOS="292" VPOS="2052" WIDTH="174" HEIGHT="37" WC="0.93" CONTENT="återgivna"/><SP WIDTH="18" VPOS="2052" HPOS="466"/>
							<String ID="string_360" HPOS="484" VPOS="2048" WIDTH="205" HEIGHT="31" WC="0.90" CONTENT="anförandet"/><SP WIDTH="19" VPOS="2048" HPOS="689"/>
							<String ID="string_361" HPOS="708" VPOS="2049" WIDTH="45" HEIGHT="26" WC="0.94" CONTENT="att"/><SP WIDTH="21" VPOS="2049" HPOS="753"/>
							<String ID="string_362" HPOS="774" VPOS="2046" WIDTH="103" HEIGHT="28" WC="0.96" CONTENT="döma"/><SP WIDTH="20" VPOS="2046" HPOS="877"/>
							<String ID="string_363" HPOS="897" VPOS="2042" WIDTH="94" HEIGHT="30" WC="0.96" CONTENT="torde"/><SP WIDTH="18" VPOS="2042" HPOS="991"/>
							<String ID="string_364" HPOS="1009" VPOS="2041" WIDTH="54" HEIGHT="28" WC="0.96" CONTENT="det"/><SP WIDTH="20" VPOS="2041" HPOS="1063"/>
							<String ID="string_365" HPOS="1083" VPOS="2039" WIDTH="115" HEIGHT="29" WC="0.96" CONTENT="finnas"/><SP WIDTH="17" VPOS="2039" HPOS="1198"/>
							<String ID="string_366" HPOS="1215" VPOS="2034" WIDTH="185" HEIGHT="36" WC="0.95" CONTENT="anledning"/><SP WIDTH="18" VPOS="2034" HPOS="1400"/>
							<String ID="string_367" HPOS="1418" VPOS="2036" WIDTH="46" HEIGHT="26" WC="0.96" CONTENT="att"/><SP WIDTH="21" VPOS="2036" HPOS="1464"/>
							<String ID="string_368" HPOS="1485" VPOS="2031" WIDTH="109" HEIGHT="30" WC="0.96" CONTENT="räkna"/>
						</TextLine>
						<TextLine ID="line_40" HPOS="113" VPOS="2078" WIDTH="1480" HEIGHT="51">
							<String ID="string_369" HPOS="113" VPOS="2100" WIDTH="76" HEIGHT="29" WC="0.94" CONTENT="med"/><SP WIDTH="18" VPOS="2100" HPOS="189"/>
							<String ID="string_370" HPOS="207" VPOS="2102" WIDTH="46" HEIGHT="26" WC="0.95" CONTENT="att"/><SP WIDTH="19" VPOS="2102" HPOS="253"/>
							<String ID="string_371" HPOS="272" VPOS="2098" WIDTH="64" HEIGHT="29" WC="0.95" CONTENT="den"/><SP WIDTH="18" VPOS="2098" HPOS="336"/>
							<String ID="string_372" HPOS="354" VPOS="2094" WIDTH="211" HEIGHT="31" WC="0.93" CONTENT="kommande"/><SP WIDTH="20" VPOS="2094" HPOS="565"/>
							<String ID="string_373" HPOS="585" VPOS="2086" WIDTH="416" HEIGHT="42" WC="0.91" CONTENT="invalidpensioneringen"/><SP WIDTH="19" VPOS="2086" HPOS="1001"/>
							<String ID="string_374" HPOS="1020" VPOS="2084" WIDTH="93" HEIGHT="29" WC="0.94" CONTENT="inom"/><SP WIDTH="22" VPOS="2084" HPOS="1113"/>
							<String ID="string_375" HPOS="1135" VPOS="2078" WIDTH="366" HEIGHT="36" WC="0.91" CONTENT="socialförsäkringens"/><SP WIDTH="20" VPOS="2078" HPOS="1501"/>
							<String ID="string_376" HPOS="1521" VPOS="2084" WIDTH="72" HEIGHT="20" WC="0.95" CONTENT="ram"/>
						</TextLine>
						<TextLine ID="line_41" HPOS="113" VPOS="2119" WIDTH="1482" HEIGHT="55">
							<String ID="string_377" HPOS="113" VPOS="2143" WIDTH="146" HEIGHT="31" WC="0.96" CONTENT="radikalt"/><SP WIDTH="27" VPOS="2143" HPOS="259"/>
							<String ID="string_378" HPOS="286" VPOS="2142" WIDTH="156" HEIGHT="28" WC="0.93" CONTENT="kommer"/><SP WIDTH="26" VPOS="2142" HPOS="442"/>
							<String ID="string_379" HPOS="468" VPOS="2141" WIDTH="44" HEIGHT="26" WC="0.71" CONTENT="att"/><SP WIDTH="32" VPOS="2141" HPOS="512"/>
							<String ID="string_380" HPOS="544" VPOS="2136" WIDTH="165" HEIGHT="30" WC="0.90" CONTENT="förändra"/><SP WIDTH="26" VPOS="2136" HPOS="709"/>
							<String ID="string_381" HPOS="735" VPOS="2128" WIDTH="366" HEIGHT="44" WC="0.90" CONTENT="problemställningen"/><SP WIDTH="28" VPOS="2128" HPOS="1101"/>
							<String ID="string_382" HPOS="1129" VPOS="2125" WIDTH="79" HEIGHT="30" WC="0.96" CONTENT="med"/><SP WIDTH="26" VPOS="2125" HPOS="1208"/>
							<String ID="string_383" HPOS="1234" VPOS="2122" WIDTH="167" HEIGHT="31" WC="0.93" CONTENT="avseende"/><SP WIDTH="28" VPOS="2122" HPOS="1401"/>
							<String ID="string_384" HPOS="1429" VPOS="2120" WIDTH="20" HEIGHT="30" WC="0.91" CONTENT="å"/><SP WIDTH="25" VPOS="2120" HPOS="1449"/>
							<String ID="string_385" HPOS="1474" VPOS="2119" WIDTH="121" HEIGHT="31" WC="0.92" CONTENT="trafik-"/>
						</TextLine>
						<TextLine ID="line_42" HPOS="114" VPOS="2163" WIDTH="1480" HEIGHT="54">
							<String ID="string_386" HPOS="114" VPOS="2188" WIDTH="220" HEIGHT="29" WC="0.83" CONTENT="livräntorna."/><SP WIDTH="24" VPOS="2188" HPOS="334"/>
							<String ID="string_387" HPOS="358" VPOS="2184" WIDTH="75" HEIGHT="29" WC="0.96" CONTENT="Men"/><SP WIDTH="24" VPOS="2184" HPOS="433"/>
							<String ID="string_388" HPOS="457" VPOS="2183" WIDTH="84" HEIGHT="28" WC="0.96" CONTENT="även"/><SP WIDTH="25" VPOS="2183" HPOS="541"/>
							<String ID="string_389" HPOS="566" VPOS="2181" WIDTH="6" HEIGHT="28" WC="0.96" CONTENT="i"/><SP WIDTH="24" VPOS="2181" HPOS="572"/>
							<String ID="string_390" HPOS="596" VPOS="2180" WIDTH="111" HEIGHT="29" WC="0.96" CONTENT="denna"/><SP WIDTH="25" VPOS="2180" HPOS="707"/>
							<String ID="string_391" HPOS="732" VPOS="2176" WIDTH="162" HEIGHT="30" WC="0.96" CONTENT="situation"/><SP WIDTH="23" VPOS="2176" HPOS="894"/>
							<String ID="string_392" HPOS="917" VPOS="2173" WIDTH="54" HEIGHT="30" WC="0.96" CONTENT="får"/><SP WIDTH="22" VPOS="2173" HPOS="971"/>
							<String ID="string_393" HPOS="993" VPOS="2181" WIDTH="80" HEIGHT="20" WC="0.95" CONTENT="man"/><SP WIDTH="25" VPOS="2181" HPOS="1073"/>
							<String ID="string_394" HPOS="1098" VPOS="2170" WIDTH="107" HEIGHT="29" WC="0.96" CONTENT="räkna"/><SP WIDTH="24" VPOS="2170" HPOS="1205"/>
							<String ID="string_395" HPOS="1229" VPOS="2167" WIDTH="78" HEIGHT="30" WC="0.95" CONTENT="med"/><SP WIDTH="23" VPOS="2167" HPOS="1307"/>
							<String ID="string_396" HPOS="1330" VPOS="2169" WIDTH="47" HEIGHT="26" WC="0.96" CONTENT="att"/><SP WIDTH="25" VPOS="2169" HPOS="1377"/>
							<String ID="string_397" HPOS="1402" VPOS="2164" WIDTH="121" HEIGHT="37" WC="0.94" CONTENT="frågan"/><SP WIDTH="24" VPOS="2164" HPOS="1523"/>
							<String ID="string_398" HPOS="1547" VPOS="2163" WIDTH="47" HEIGHT="29" WC="0.94" CONTENT="till"/>
						</TextLine>
						<TextLine ID="line_43" HPOS="113" VPOS="2216" WIDTH="869" HEIGHT="45">
							<String ID="string_399" HPOS="113" VPOS="2233" WIDTH="107" HEIGHT="28" WC="0.96" CONTENT="större"/><SP WIDTH="23" VPOS="2233" HPOS="220"/>
							<String ID="string_400" HPOS="243" VPOS="2230" WIDTH="81" HEIGHT="29" WC="0.96" CONTENT="eller"/><SP WIDTH="24" VPOS="2230" HPOS="324"/>
							<String ID="string_401" HPOS="348" VPOS="2227" WIDTH="133" HEIGHT="29" WC="0.96" CONTENT="mindre"/><SP WIDTH="23" VPOS="2227" HPOS="481"/>
							<String ID="string_402" HPOS="504" VPOS="2225" WIDTH="51" HEIGHT="29" WC="0.94" CONTENT="del"/><SP WIDTH="27" VPOS="2225" HPOS="555"/>
							<String ID="string_403" HPOS="582" VPOS="2224" WIDTH="157" HEIGHT="28" WC="0.95" CONTENT="kommer"/><SP WIDTH="23" VPOS="2224" HPOS="739"/>
							<String ID="string_404" HPOS="762" VPOS="2224" WIDTH="48" HEIGHT="26" WC="0.95" CONTENT="att"/><SP WIDTH="23" VPOS="2224" HPOS="810"/>
							<String ID="string_405" HPOS="833" VPOS="2216" WIDTH="149" HEIGHT="32" WC="0.95" CONTENT="kvarstå."/>
						</TextLine>
					</TextBlock>
					<TextBlock ID="block_8" HPOS="115" VPOS="2255" WIDTH="1489" HEIGHT="271">
						<TextLine ID="line_44" HPOS="159" VPOS="2255" WIDTH="1436" HEIGHT="49">
							<String ID="string_406" HPOS="159" VPOS="2275" WIDTH="77" HEIGHT="29" WC="0.95" CONTENT="Man"/><SP WIDTH="32" VPOS="2275" HPOS="236"/>
							<String ID="string_407" HPOS="268" VPOS="2272" WIDTH="93" HEIGHT="30" WC="0.96" CONTENT="torde"/><SP WIDTH="29" VPOS="2272" HPOS="361"/>
							<String ID="string_408" HPOS="390" VPOS="2272" WIDTH="114" HEIGHT="27" WC="0.96" CONTENT="kunna"/><SP WIDTH="30" VPOS="2272" HPOS="504"/>
							<String ID="string_409" HPOS="534" VPOS="2270" WIDTH="82" HEIGHT="34" WC="0.96" CONTENT="utgå"/><SP WIDTH="29" VPOS="2270" HPOS="616"/>
							<String ID="string_410" HPOS="645" VPOS="2265" WIDTH="87" HEIGHT="30" WC="0.95" CONTENT="ifrån"/><SP WIDTH="30" VPOS="2265" HPOS="732"/>
							<String ID="string_411" HPOS="762" VPOS="2267" WIDTH="45" HEIGHT="26" WC="0.90" CONTENT="att"/><SP WIDTH="33" VPOS="2267" HPOS="807"/>
							<String ID="string_412" HPOS="840" VPOS="2261" WIDTH="318" HEIGHT="31" WC="0.67" CONTENT="trafiklivräntorna"/><SP WIDTH="31" VPOS="2261" HPOS="1158"/>
							<String ID="string_413" HPOS="1189" VPOS="2256" WIDTH="146" HEIGHT="29" WC="0.95" CONTENT="normalt"/><SP WIDTH="30" VPOS="2256" HPOS="1335"/>
							<String ID="string_414" HPOS="1365" VPOS="2255" WIDTH="157" HEIGHT="28" WC="0.96" CONTENT="kommer"/><SP WIDTH="27" VPOS="2255" HPOS="1522"/>
							<String ID="string_415" HPOS="1549" VPOS="2255" WIDTH="46" HEIGHT="25" WC="0.93" CONTENT="att"/>
						</TextLine>
						<TextLine ID="line_45" HPOS="116" VPOS="2295" WIDTH="1481" HEIGHT="53">
							<String ID="string_416" HPOS="116" VPOS="2319" WIDTH="179" HEIGHT="29" WC="0.96" CONTENT="reduceras"/><SP WIDTH="22" VPOS="2319" HPOS="295"/>
							<String ID="string_417" HPOS="317" VPOS="2315" WIDTH="75" HEIGHT="29" WC="0.92" CONTENT="med"/><SP WIDTH="24" VPOS="2315" HPOS="392"/>
							<String ID="string_418" HPOS="416" VPOS="2310" WIDTH="367" HEIGHT="34" WC="0.89" CONTENT="socialförsäkringens"/><SP WIDTH="21" VPOS="2310" HPOS="783"/>
							<String ID="string_419" HPOS="804" VPOS="2303" WIDTH="315" HEIGHT="39" WC="0.89" CONTENT="invalidpensioner"/><SP WIDTH="23" VPOS="2303" HPOS="1119"/>
							<String ID="string_420" HPOS="1142" VPOS="2299" WIDTH="189" HEIGHT="39" WC="0.93" CONTENT="respektive"/><SP WIDTH="22" VPOS="2299" HPOS="1331"/>
							<String ID="string_421" HPOS="1353" VPOS="2295" WIDTH="244" HEIGHT="31" WC="0.91" CONTENT="efterlevande-"/>
						</TextLine>
						<TextLine ID="line_46" HPOS="115" VPOS="2342" WIDTH="1483" HEIGHT="60">
							<String ID="string_422" HPOS="115" VPOS="2362" WIDTH="182" HEIGHT="40" WC="0.95" CONTENT="pensioner"/><SP WIDTH="23" VPOS="2362" HPOS="297"/>
							<String ID="string_423" HPOS="320" VPOS="2359" WIDTH="63" HEIGHT="29" WC="0.96" CONTENT="och"/><SP WIDTH="25" VPOS="2359" HPOS="383"/>
							<String ID="string_424" HPOS="408" VPOS="2361" WIDTH="45" HEIGHT="26" WC="0.96" CONTENT="att"/><SP WIDTH="28" VPOS="2361" HPOS="453"/>
							<String ID="string_425" HPOS="481" VPOS="2352" WIDTH="348" HEIGHT="36" WC="0.91" CONTENT="socialförsäkringen"/><SP WIDTH="29" VPOS="2352" HPOS="829"/>
							<String ID="string_426" HPOS="858" VPOS="2348" WIDTH="52" HEIGHT="30" WC="0.96" CONTENT="får"/><SP WIDTH="24" VPOS="2348" HPOS="910"/>
							<String ID="string_427" HPOS="934" VPOS="2344" WIDTH="243" HEIGHT="33" WC="0.93" CONTENT="motsvarande"/><SP WIDTH="27" VPOS="2344" HPOS="1177"/>
							<String ID="string_428" HPOS="1204" VPOS="2342" WIDTH="197" HEIGHT="37" WC="0.90" CONTENT="regressrätt"/><SP WIDTH="27" VPOS="2342" HPOS="1401"/>
							<String ID="string_429" HPOS="1428" VPOS="2342" WIDTH="170" HEIGHT="34" WC="0.93" CONTENT="gentemot"/>
						</TextLine>
						<TextLine ID="line_47" HPOS="118" VPOS="2383" WIDTH="1481" HEIGHT="56">
							<String ID="string_430" HPOS="118" VPOS="2401" WIDTH="469" HEIGHT="38" WC="0.54" CONTENT="trafikförsäkringsbolaget."/><SP WIDTH="26" VPOS="2401" HPOS="587"/>
							<String ID="string_431" HPOS="613" VPOS="2398" WIDTH="76" HEIGHT="28" WC="0.96" CONTENT="Man"/><SP WIDTH="26" VPOS="2398" HPOS="689"/>
							<String ID="string_432" HPOS="715" VPOS="2395" WIDTH="94" HEIGHT="30" WC="0.95" CONTENT="torde"/><SP WIDTH="23" VPOS="2395" HPOS="809"/>
							<String ID="string_433" HPOS="832" VPOS="2393" WIDTH="116" HEIGHT="29" WC="0.95" CONTENT="vidare"/><SP WIDTH="23" VPOS="2393" HPOS="948"/>
							<String ID="string_434" HPOS="971" VPOS="2391" WIDTH="117" HEIGHT="29" WC="0.95" CONTENT="kunna"/><SP WIDTH="25" VPOS="2391" HPOS="1088"/>
							<String ID="string_435" HPOS="1113" VPOS="2388" WIDTH="106" HEIGHT="29" WC="0.96" CONTENT="räkna"/><SP WIDTH="26" VPOS="2388" HPOS="1219"/>
							<String ID="string_436" HPOS="1245" VPOS="2386" WIDTH="77" HEIGHT="29" WC="0.95" CONTENT="med"/><SP WIDTH="22" VPOS="2386" HPOS="1322"/>
							<String ID="string_437" HPOS="1344" VPOS="2388" WIDTH="47" HEIGHT="26" WC="0.94" CONTENT="att"/><SP WIDTH="24" VPOS="2388" HPOS="1391"/>
							<String ID="string_438" HPOS="1415" VPOS="2393" WIDTH="40" HEIGHT="20" WC="0.93" CONTENT="en"/><SP WIDTH="24" VPOS="2393" HPOS="1455"/>
							<String ID="string_439" HPOS="1479" VPOS="2383" WIDTH="120" HEIGHT="30" WC="0.88" CONTENT="trafik-"/>
						</TextLine>
						<TextLine ID="line_48" HPOS="118" VPOS="2427" WIDTH="1483" HEIGHT="56">
							<String ID="string_440" HPOS="118" VPOS="2451" WIDTH="144" HEIGHT="29" WC="0.94" CONTENT="livränta"/><SP WIDTH="22" VPOS="2451" HPOS="262"/>
							<String ID="string_441" HPOS="284" VPOS="2448" WIDTH="7" HEIGHT="29" WC="0.96" CONTENT="i"/><SP WIDTH="20" VPOS="2448" HPOS="291"/>
							<String ID="string_442" HPOS="311" VPOS="2448" WIDTH="52" HEIGHT="29" WC="0.93" CONTENT="sitt"/><SP WIDTH="22" VPOS="2448" HPOS="363"/>
							<String ID="string_443" HPOS="385" VPOS="2442" WIDTH="313" HEIGHT="41" WC="0.83" CONTENT="begynvelseskede"/><SP WIDTH="20" VPOS="2442" HPOS="698"/>
							<String ID="string_444" HPOS="718" VPOS="2449" WIDTH="72" HEIGHT="19" WC="0.95" CONTENT="som"/><SP WIDTH="23" VPOS="2449" HPOS="790"/>
							<String ID="string_445" HPOS="813" VPOS="2437" WIDTH="86" HEIGHT="36" WC="0.91" CONTENT="regel"/><SP WIDTH="21" VPOS="2437" HPOS="899"/>
							<String ID="string_446" HPOS="920" VPOS="2436" WIDTH="157" HEIGHT="29" WC="0.77" CONTENT="kommer"/><SP WIDTH="19" VPOS="2436" HPOS="1077"/>
							<String ID="string_447" HPOS="1096" VPOS="2436" WIDTH="49" HEIGHT="25" WC="0.95" CONTENT="att"/><SP WIDTH="21" VPOS="2436" HPOS="1145"/>
							<String ID="string_448" HPOS="1166" VPOS="2431" WIDTH="87" HEIGHT="37" WC="0.95" CONTENT="ligga"/><SP WIDTH="22" VPOS="2431" HPOS="1253"/>
							<String ID="string_449" HPOS="1275" VPOS="2429" WIDTH="42" HEIGHT="38" WC="0.96" CONTENT="på"/><SP WIDTH="19" VPOS="2429" HPOS="1317"/>
							<String ID="string_450" HPOS="1336" VPOS="2438" WIDTH="41" HEIGHT="20" WC="0.96" CONTENT="en"/><SP WIDTH="21" VPOS="2438" HPOS="1377"/>
							<String ID="string_451" HPOS="1398" VPOS="2428" WIDTH="104" HEIGHT="37" WC="0.94" CONTENT="högre"/><SP WIDTH="19" VPOS="2428" HPOS="1502"/>
							<String ID="string_452" HPOS="1521" VPOS="2427" WIDTH="80" HEIGHT="29" WC="0.96" CONTENT="nivå"/>
						</TextLine>
						<TextLine ID="line_49" HPOS="118" VPOS="2471" WIDTH="1486" HEIGHT="55">
							<String ID="string_453" HPOS="118" VPOS="2497" WIDTH="42" HEIGHT="29" WC="0.92" CONTENT="än"/><SP WIDTH="21" VPOS="2497" HPOS="160"/>
							<String ID="string_454" HPOS="181" VPOS="2489" WIDTH="364" HEIGHT="36" WC="0.87" CONTENT="socialförsäkringens"/><SP WIDTH="22" VPOS="2489" HPOS="545"/>
							<String ID="string_455" HPOS="567" VPOS="2481" WIDTH="311" HEIGHT="44" WC="0.58" CONTENT="pensionsförmån."/><SP WIDTH="23" VPOS="2481" HPOS="878"/>
							<String ID="string_456" HPOS="901" VPOS="2480" WIDTH="74" HEIGHT="30" WC="0.96" CONTENT="Men"/><SP WIDTH="20" VPOS="2480" HPOS="975"/>
							<String ID="string_457" HPOS="995" VPOS="2487" WIDTH="56" HEIGHT="21" WC="0.95" CONTENT="om"/><SP WIDTH="21" VPOS="2487" HPOS="1051"/>
							<String ID="string_458" HPOS="1072" VPOS="2476" WIDTH="105" HEIGHT="31" WC="0.93" CONTENT="sedan"/><SP WIDTH="22" VPOS="2476" HPOS="1177"/>
							<String ID="string_459" HPOS="1199" VPOS="2473" WIDTH="278" HEIGHT="32" WC="0.88" CONTENT="trafiklivräntan"/><SP WIDTH="20" VPOS="2473" HPOS="1477"/>
							<String ID="string_460" HPOS="1497" VPOS="2471" WIDTH="107" HEIGHT="38" WC="0.96" CONTENT="ligger"/>
						</TextLine>
					</TextBlock>
				</ComposedBlock>
			</PrintSpace>
		</Page>
	</Layout>
</alto>
