2113 2514
406 155 60 37 104
857 152 254 41 Statsutskottets
1139 154 172 39 Utlåtande
1335 157 60 36 N:o
1418 156 28 37 ?.

360 238 326 48 mäteristyrelsen
717 238 176 37 deröfver
923 239 150 48 afgifvit
1100 239 194 48 yttrande,
1324 240 37 36 af
1390 240 135 48 Kongl.
1564 240 98 49 Maj:t
1690 232 150 61 lemnats
1859 241 91 37 utan

361 289 190 37 afseende.

489 340 75 36 Vid
605 340 135 37 sådant
780 340 236 37 förhållande
1045 341 69 36 och
1142 341 48 37 då
1218 342 138 49 Kongl.
1388 342 106 48 Maj:t
1523 342 32 48 ej
1586 342 120 37 heller
1733 342 10 37 i
1774 357 48 22 nu
1852 343 98 38 före-

360 392 166 37 varande
556 391 63 37 fall
648 391 124 37 funnit
800 391 62 49 sig
891 392 90 37 böra
1002 392 40 36 af
1054 392 220 49 Riksdagen
1292 394 92 36 äska
1401 396 117 45 något
1534 394 136 48 anslag
1690 400 98 31 samt
1804 395 46 36 då
1866 395 85 37 här-

360 443 57 37 till
459 444 181 47 kommer,
683 450 55 30 att
781 443 46 37 de
856 457 158 23 numera
1048 443 188 50 betydligt
1266 445 234 37 förbättrade
1529 445 422 39 kommunikationerna

360 495 107 37 torde
510 500 93 44 göra
632 494 45 37 de
707 495 194 49 påpekade
931 495 302 47 olägenheterna
1262 497 42 35 af
1326 503 55 29 att
1408 497 85 36 icke
1522 500 47 45 på
1598 501 171 32 närmare
1799 497 75 36 håll
1903 503 47 31 än

360 547 10 35 i
401 546 219 37 Stockholm
651 559 72 36 ega
752 546 165 50 tillgång
945 546 55 36 till
1017 547 290 48 ifrågavarande
1325 549 129 36 kartor
1470 549 70 35 och
1558 548 231 48 handlingar
1805 549 146 37 mindre

361 598 180 48 känbara,
583 598 121 36 finner
747 597 61 49 sig
849 598 198 46 utskottet,
1091 599 84 36 med
1218 600 179 36 afseende
1429 599 144 49 jemväl
1602 602 20 34 å
1662 599 46 36 de
1751 600 201 48 ansenliga

362 650 215 48 kostnader,
625 649 47 37 de
719 649 266 49 föreliggande
1027 650 194 49 förslagen
1263 650 196 50 innebära,
1501 651 83 37 icke
1628 651 129 36 kunna
1799 651 152 37 förorda

361 701 206 37 desamma.

491 753 198 38 Utskottet
717 752 220 37 hemställer
966 752 122 47 alltså,

906 827 54 30 att
1012 821 132 36 herrar
1186 820 239 50 Cederbergs
1472 822 71 36 och
1584 821 201 37 Wiklunds
1828 835 48 24 m.
1915 822 36 37 fl.

760 872 248 37 förevarande
1037 872 187 37 motioner
1252 872 85 38 icke
1360 876 58 33 må
1440 873 115 36 vinna
1576 873 241 48 Riksdagens
1834 873 116 37 bifall.

491 1017 116 46 Öfver
649 1026 141 49 Kongl.
824 1026 126 50 Maj:ts
979 1027 120 37 under
1127 1028 113 48 sjette
1268 1027 257 37 hufvudtiteln
1554 1027 136 50 gjorda
1719 1026 143 51 förslag
1891 1042 59 23 om

362 1078 209 37 anvisande
609 1081 46 46 på
684 1086 108 29 extra
821 1085 75 29 stat
926 1079 56 36 för
1011 1082 39 33 år
1082 1082 94 34 1895
1207 1080 41 35 af
1272 1078 121 38 medel
1423 1079 54 36 till
1510 1084 123 41 vägars
1661 1080 210 45 anläggning
1894 1081 59 35 och

353 1131 233 49 förbättring,
629 1130 72 36 bro-
744 1131 59 35 och
842 1131 304 47 hamnbyggnader
1174 1135 91 31 samt
1297 1130 455 37 vattenkommunikationer
1779 1132 57 34 och
1865 1137 87 30 torr-

362 1181 166 48 läggning
568 1182 44 49 af
644 1181 220 48 vattensjuka
892 1181 139 37 marker
1059 1182 68 37 har
1156 1182 188 37 utskottet
1371 1182 12 36 i
1413 1182 64 36 sitt
1507 1182 195 37 utlåtande
1732 1195 61 24 n:o
1826 1184 43 35 18
1900 1183 53 36 af-

362 1233 114 48 gifvit
504 1233 187 49 yttrande.

492 1284 241 37 Beträffande
775 1284 139 49 Kongl.
957 1285 124 48 Maj:ts
1117 1285 113 36 äfven
1268 1285 119 36 under
1416 1285 111 47 sjette
1556 1285 256 37 hufvudtiteln
1840 1285 113 37 fram-

364 1336 122 37 stälda
527 1336 144 48 förslag
712 1335 81 37 dels
831 1336 57 36 till
917 1337 198 36 utförande
1143 1336 43 36 af
1208 1349 68 33 nya
1304 1338 195 46 byggnader
1527 1338 57 35 och
1612 1336 253 47 anläggningar
1893 1336 61 37 vid

361 1392 130 32 statens
510 1388 275 46 jernvägstrafik
814 1394 99 30 samt
942 1388 56 36 till
1027 1382 298 54 anskaffande"af
1348 1401 45 33 ny
1420 1388 107 46 rörlig
1554 1388 159 36 materiel
1746 1388 62 37 vid
1824 1393 130 32 statens

357 1442 192 44 jernvägar
577 1439 70 37 och
675 1439 83 36 dels
787 1452 59 23 om
875 1440 219 35 utbetalande
1121 1441 45 49 af
1181 1439 279 46 gratifikationer
1486 1440 54 36 till
1554 1439 399 51 afdelningsingeniören

366 1491 46 35 IH.
440 1490 34 36 J.
511 1489 54 38 W.
596 1490 113 37 Rosell
737 1490 58 36 och
823 1490 167 37 kassören
1019 1492 45 34 H.
1093 1492 42 34 A.
1167 1492 40 35 R.
1244 1491 206 49 Ljunggren
1480 1491 164 50 afgifver
1672 1492 190 36 utskottet
1882 1496 71 32 sär-

364 1541 127 38 skilda
519 1542 233 37 utlåtanden.

530 1594 79 36 fver
636 1594 89 36 herr
754 1592 40 37 O.
824 1594 174 36 Perssons
1026 1593 143 37 motion
1199 1596 78 43 (n:o
1307 1596 63 43 26)
1397 1606 58 24 om
1478 1593 166 38 ändrade
1664 1594 291 37 bestämmelser

366 1658 59 24 om
461 1645 299 49 fjerdingsmäns
789 1644 233 50 tillsättning
1051 1645 70 37 och
1150 1645 182 49 aflöning,
1363 1645 87 37 herr
1479 1645 37 37 S.
1546 1647 36 35 J.
1609 1646 170 36 Kardells
1809 1645 145 37 motion

364 1700 79 42 (n:o
472 1697 61 47 33)
565 1696 199 49 angående
794 1696 223 49 skyldighet
1046 1697 56 36 för
1130 1702 148 31 statens
1308 1698 230 46 tjenstemän
1569 1702 55 31 att
1653 1697 64 36 vid
1739 1697 215 48 insättning

364 1748 11 36 i
404 1748 102 37 bank
537 1748 41 36 af
601 1748 325 37 omhänderhafda
954 1748 190 36 allmänna
1173 1748 123 37 medel
1328 1749 118 36 anlita
1466 1748 232 37 riksbanken
1721 1762 47 22 m.
1791 1762 45 23 m.
1856 1755 98 30 samt

363 1800 90 36 herr
480 1800 45 35 P.
555 1798 42 39 O.
628 1800 175 36 Lundells
832 1799 144 37 motion
1006 1802 77 43 (n:o
1113 1799 61 48 63)
1193 1813 58 23 om
1278 1799 201 37 skrifvelse
1500 1800 57 36 till
1577 1800 139 48 Kongl.
1740 1800 105 49 Maj:t
1868 1799 84 37 med

364 1851 168 48 begäran
571 1865 60 23 om
665 1851 209 48 utredning
901 1851 71 36 och
1001 1851 144 49 förslag
1173 1851 10 36 i
1213 1851 99 49 syfte
1342 1851 43 37 af
1408 1851 363 37 landtränteriernas
1799 1852 154 48 indrag-

365 1902 97 49 ning
503 1916 48 23 m.
599 1917 48 22 m.
687 1903 151 36 komma
867 1902 101 37 hvad
998 1902 70 37 den
1098 1903 264 36 förstnämnda
1392 1903 194 37 motionen
1616 1906 119 45 angår
1763 1916 190 24 samman-

366 1960 99 31 satta
494 1959 112 31 stats-
635 1954 71 37 och
734 1954 259 49 lagutskottet
1020 1960 98 31 samt
1147 1954 234 37 beträffande
1411 1954 45 37 de
1486 1958 64 33 två
1569 1954 124 49 öfriga
1714 1954 239 37 motionerna

366 2012 272 30 sammansatta
667 2011 115 32 stats-
812 2006 70 36 och
913 2005 321 38 bankoutskottet
1263 2012 54 31 att
1345 2005 146 50 åfgifva
1520 2006 234 38 utlåtanden.

494 2073 218 38 Stockholm
743 2074 73 37 den
848 2076 44 35 16
923 2073 162 38 februari
1117 2076 109 35 1894.

870 2142 53 36 På
951 2142 307 37 statsutskottets
1286 2148 162 43 vägnar:

942 2210 202 38 GUSTAF
1175 2210 204 38 SPARRE.
