2220 2634
472 158 41 30 10

937 159 245 31 Staätsutskottets
1207 159 166 31 Memorial
1396 160 62 32 N:o
1481 162 50 30 41.

1105 335 251 50 Aflöningsstat

552 422 60 35 för
639 427 144 43 patent-
811 422 66 36 och
904 423 404 46 registreringsverkets
1336 424 183 35 ordinarie
1547 426 166 46 personal
1740 432 56 30 att
1823 428 95 46 gälla

986 472 80 37 från
1095 474 67 35 och
1190 474 81 35 med
1300 477 40 32 år
1371 475 105 35 1899.

448 831 14 25 1
482 832 197 26 öfverdirektör

448 882 14 25 1
481 883 200 31 öfveringeniör

447 932 15 26 1
480 934 199 31 öfveringeniör
711 953 4 5 .
744 953 5 5 .
778 954 4 4 .
812 954 4 4 .
845 954 5 5 .

446 982 15 26 1
480 984 118 25 ledamot
616 985 47 25 och
683 986 164 24 sekreterare

446 1032 16 26 2
479 1035 147 25 ledamöter
644 1036 48 24 och
710 1037 164 24 sekreterare

446 1084 14 26 1
479 1086 160 30 registrator
654 1087 50 27 och
726 1087 136 25 arkivarie

445 1135 14 25 1
479 1137 105 24 notarie
612 1156 1 5 .
641 1156 5 5 .
675 1156 174 6 ......

445 1186 14 25 1
478 1188 192 31 byråingeniör
708 1207 4 5 .
742 1207 4 4 .
775 1208 4 4 .
810 1207 38 5 ..

443 1236 16 25 5
478 1238 221 31 byråingeniörer

443 1287 16 25 1
477 1288 157 25 bokhållare

444 1389 13 25 1
477 1390 185 25 vaktmästare

443 1438 15 26 2
477 1441 184 24 vaktmästare

1210 573 104 32 Tjenst-

1079 624 63 23 Lön.
1169 597 23 72 |
1208 607 117 39 görings-
1340 597 14 72 |
1369 607 106 41 Samma

1205 648 111 25 pennin-
1331 637 17 41 |
1360 641 124 31 aflöning.

1236 682 54 23 gar.

1086 746 48 40 Kr.
1234 747 51 40 Kr.
1397 752 47 24 Kr.

879 853 37 4 sa
1076 830 80 43 5,000
1229 831 78 42 2,000
1397 834 75 33 7,000

880 903 137 5 res
1075 880 77 43 3,700
1229 885 75 32 1,800
1397 885 75 33 5,500

879 954 71 4 er
979 954 38 4 rs
1075 930 77 43 3,700
1228 931 80 43 1,800
1397 935 75 33 5,500

879 1005 70 4 rr
978 1005 38 4 es
1074 981 80 43 3,000
1228 982 80 43 1,500
1396 986 75 33 4,500

1074 1031 79 44 6,000
1226 1033 80 43 3,000
1396 1036 74 33 2,000

878 1107 37 4 SE
938 1083 77 41 Ar
1075 1081 79 44 1,800
1227 1083 80 43 1,200
1396 1087 75 32 3,000

877 1157 72 5 rr
977 1157 38 5 ss
1074 1137 76 32 1,800
1228 1138 74 32 1,200
1396 1138 74 33 3,000

877 1208 71 5 re
977 1208 37 5 rs
1073 1183 80 43 1,800
1227 1185 78 42 1,200
1395 1189 75 32 3,000

877 1258 5 5 a
911 1235 71 41 Siodo
1001 1235 14 41 so
1073 1234 80 43 3,000
1226 1235 80 43 6,000
1379 1240 91 32 15,000

877 1309 137 5 res
1074 1284 79 44 1,800
1226 1286 80 43 1,200
1394 1290 75 32 3,000

876 1359 138 5 SS
1094 1335 60 43 800
1246 1336 60 43 300
1396 1341 73 31 1,100

876 1410 71 5 es
976 1410 38 5 rs
1094 1386 60 43 500
1246 1386 57 43 300
1337 1406 3 29 i
1418 1390 50 27 800

876 1461 137 4 rer
1073 1436 80 43 1,000
1251 1441 49 26 600
1337 1451 3 22 |
1395 1441 73 32 —1,600

909 1501 106 25 Summa
1088 1516 33 4 —
1241 1516 32 4 —
1376 1500 93 33 62,000

1508 985 13 202 |

1507 1188 11 135 |

1497 1391 22 83 |

1524 895 90 24 Lönen
1633 895 53 24 kan
1705 895 68 24 efter
1791 894 16 25 5
1825 896 31 24 år
1874 896 73 32 höjas
1966 897 56 24 med

1557 927 50 26 500
1624 929 104 24 kronor.

1522 1088 90 25 Lönen
1631 1089 53 24 kan
1702 1089 75 32 höjas
1796 1089 69 25 efter
1882 1089 16 25 5
1917 1091 29 23 år
1964 1091 58 24 med

1555 1121 51 26 500
1636 1123 97 24 kronor
1763 1123 48 24 och
1839 1124 69 24 efter
1934 1123 32 25 10
1992 1124 30 24 år

1556 1156 56 25 med
1632 1157 158 30 ytterligare
1809 1155 51 26 500
1878 1158 104 24 kronor.

1520 1392 91 25 Lönen
1629 1393 54 24 kan
1702 1393 67 24 efter
1787 1392 17 26 5
1822 1394 30 24 år
1870 1394 41 32 höj

1916 1401 28 17 as
1963 1394 63 33 medj

1554 1425 50 26 100
1621 1427 105 24 kronor.
2024 1439 1 3 |

551 1584 83 25 Anm.
672 1584 47 25 Om
747 1586 184 24 vaktmästare
957 1585 10 24 i
994 1585 82 25 sådan
1105 1587 135 31 egenskap
1263 1587 121 32 åtnjuter
1401 1587 37 24 fri
1456 1586 100 32 bostad,
1576 1587 79 31 skall,
1674 1587 30 24 så
1722 1588 77 31 länge
1818 1588 87 25 denna
1924 1588 103 25 förmån

418 1618 132 32 qvarstår,
569 1619 77 24 lönen
666 1619 120 24 minskas
805 1618 58 25 med

882 1618 48 25 150
947 1620 106 23 kronor.

552 1705 77 36 dels
668 1704 160 48 följande
867 1706 118 35 vilkor
1025 1707 67 35 och
1126 1706 177 36 förbehåll
1331 1712 54 30 att
1411 1708 95 46 gälla
1533 1708 59 35 till
1619 1707 241 38 efterrättelse
1888 1709 55 36 för
1970 1713 55 32 åt-

418 1755 177 47 njutande
623 1755 40 36 af
685 1756 44 35 de
748 1757 11 34 i
778 1757 301 47 aflöningsstaten
1099 1756 56 36 för
1174 1762 142 43 patent-
1335 1758 67 35 och
1421 1759 403 47 registreringsverkets
1843 1760 181 36 ordinarie

416 1807 167 47 personal
611 1806 179 48 uppförda
818 1807 278 44 löneförmåner,
1126 1809 199 45 nemligen:

550 1864 53 29 att
642 1858 217 46 tjensteman
900 1858 12 34 i
951 1863 145 43 patent-
1138 1859 66 35 och
1244 1859 386 47 registreringsverket
1656 1860 90 36 skall
1775 1874 87 22 vara
1891 1861 132 36 under-

416 1907 126 36 kastad
584 1907 70 36 den
694 1907 263 37 vidsträcktare
983 1908 478 50 tjenstgöringsskyldighet
1487 1911 88 35 eller
1597 1910 194 48 jemkning
1820 1912 11 34 i
1859 1912 163 47 åliggan-

416 1958 81 43 den,
539 1971 77 23 som
658 1958 61 35 vid
759 1971 45 22 en
845 1959 173 46 möjligen
1059 1959 217 36 inträdande
1303 1959 196 36 förändrad
1527 1962 247 46 organisation
1802 1961 41 36 af
1866 1963 156 36 embets-

416 2009 127 35 verket
583 2009 88 35 eller
711 2009 103 46 eljest
854 2010 12 34 i
906 2010 199 35 allmänhet
1134 2011 69 34 kan
1231 2010 111 36 varda
1369 2011 164 47 stadgad,
1563 2011 198 44 äfvensom,
1791 2012 122 37 derest
1939 2014 10 34 i
1978 2027 44 22 en

415 2058 152 36 framtid
609 2060 144 35 verkets
794 2060 175 48 ställning
1008 2060 101 36 inom
1143 2060 271 50 förvaltningen
1447 2065 37 32 så
1512 2061 202 40 förändras,
1742 2068 54 30 att
1823 2063 200 36 detsamma

415 2109 31 47 ej
486 2111 129 45 längre
654 2111 70 34 kan
765 2114 118 32 såsom
925 2110 248 49 sjelfständigt
1212 2112 226 35 embetsverk
1472 2125 116 31 anses,
1617 2126 86 22 vara
1730 2113 198 48 förpligtad
1956 2120 63 37 att,

416 2160 82 35 med
537 2160 255 36 bibehållande
832 2160 40 36 af
901 2161 70 35 den
998 2161 224 47 tjenstegrad
1251 2162 67 35 och
1347 2163 159 47 aflöning
1533 2164 73 34 han
1634 2164 161 44 innehar,
1825 2163 93 36 efter
1945 2163 75 36 för-

415 2210 138 36 ändrad
581 2211 280 48 arbetsordning
888 2212 102 35 sköta
1017 2212 44 36 de
1090 2212 84 35 med
1201 2213 156 46 tjensten
1387 2213 170 36 förenade
1585 2215 177 46 göromål;
