1884 2792
541 182 299 36 Statsutskottets
858 184 186 34 utlåtande
1063 197 43 21 nr
1132 187 72 32 156.
1600 188 21 30 3

742 354 262 34 Reservation

132 445 44 21 av
202 432 126 35 fröken
352 433 213 40 Andersson,
592 434 119 34 herrar
734 434 182 41 Sundelin,
940 435 220 44 Söderquist,
1186 435 126 35 fröken
1337 436 138 40 Elmén,
1500 436 122 35 herrar

129 486 135 40 Widén,
280 486 134 35 Wedén
426 486 67 35 och
505 487 155 35 Larsson
673 488 11 34 i
697 487 219 42 Stockholm,
930 489 96 35 vilka
1040 493 130 37 ansett,
1187 494 56 30 att
1258 490 179 35 utskottet
1451 490 83 35 bort
1548 491 69 34 till-

127 539 123 44 styrka
273 540 182 34 motionen
480 540 67 35 och
572 545 57 30 att
652 540 118 36 därför
792 542 197 34 utskottets
1014 543 170 42 yttrande
1207 543 68 35 och
1298 543 212 35 hemställan
1535 544 83 35 bort

127 593 93 35 hava
237 593 158 43 följande
412 594 143 43 lydelse:

175 647 95 35 »Det
294 647 103 35 råder
419 647 76 35 icke
520 649 112 42 några
657 648 122 35 delade
802 648 183 44 meningar
1008 650 136 41 därom,
1168 653 56 32 att
1248 663 45 23 en
1317 651 58 34 väl
1398 651 225 43 organiserad

128 701 302 43 sysselsättnings-
447 701 66 35 och
531 702 235 44 arbetsterapi
784 702 98 35 inom
900 707 95 31 stora
1013 703 170 36 områden
1200 716 47 22 av
1263 704 217 43 sjukvården
1497 705 67 34 har
1579 718 45 22 en

128 754 248 44 betydelsefull
397 754 141 45 uppgift
561 760 58 30 att
639 755 86 44 fylla
745 756 56 34 för
821 756 153 43 höjande
996 769 47 22 av
1064 757 150 35 vårdens
1235 758 153 34 kvalitet
1409 758 66 35 och
1495 758 128 35 under-

127 808 162 35 lättande
308 821 46 22 av
373 808 243 44 patienternas
638 809 218 35 återinträde
874 810 11 34 i
903 809 260 37 förvärvslivet.
1181 809 103 37 Även
1303 811 97 35 inom
1419 811 112 36 andra
1548 824 75 32 gre-

128 874 65 22 nar
210 874 47 23 av
274 862 241 35 socialvården
531 883 48 5 —
596 863 209 43 exempelvis
823 863 174 44 fångvård
1014 864 68 34 och
1100 864 88 35 vård
1204 864 63 35 vid
1282 865 342 43 ungdomsskolorna

127 936 47 5 —
192 915 55 35 får
266 916 260 44 arbetsterapin
546 929 45 23 en
611 917 192 35 successivt
824 917 94 35 ökad
938 918 194 43 betydelse.
1150 918 142 35 Bristen
1312 920 49 42 på
1380 919 244 34 välutbildade

128 973 204 40 terapeuter
347 973 38 31 är
396 974 84 37 stor,
487 970 114 36 vilket
616 970 136 35 medför
765 975 57 30 att
834 971 256 44 terapiarbetet
1106 971 31 44 ej
1155 971 112 36 sällan
1279 972 116 35 måste
1407 972 217 43 ombesörjas

130 1036 45 22 av
193 1024 258 43 personal,
381 1020 63 53 som
469 1024 132 35 saknar
620 1024 202 44 utbildning
841 1024 56 35 för
915 1025 117 34 denna
1051 1025 217 44 uppgift.
1225 1020 38 53 En
1288 1025 155 35 indirekt
1454 1026 91 43 följd
1558 1026 68 35 blir

129 1080 90 32 även
239 1082 58 30 att
315 1078 161 43 personal
496 1078 116 34 måste
633 1082 99 39 tagas
752 1078 81 34 från
854 1078 111 35 andra
982 1078 315 44 arbetsuppgifter,
1316 1079 149 35 emedan
1484 1080 140 43 terapin

128 1130 77 36 ofta
223 1131 79 35 icke
321 1131 74 35 kan
414 1131 179 35 undvaras
613 1132 12 35 i
645 1144 43 23 en
707 1131 135 44 fullgod
864 1132 99 36 vård.
982 1132 220 35 Framhållas
1222 1134 72 40 må,
1313 1136 58 31 att
1389 1133 235 43 utbildnings-

129 1185 98 34 tiden
247 1188 40 31 är
306 1185 150 43 tvåårig,
475 1185 122 35 varför
615 1185 61 35 det
693 1190 56 30 tar
767 1186 84 43 lång
869 1185 53 35 tid
941 1191 56 30 att
1015 1185 89 45 fylla
1121 1186 181 35 luckorna.
1323 1187 193 35 Gentemot
1533 1200 90 31 upp-

128 1238 214 44 fattningen,
364 1243 56 30 att
441 1239 135 35 bristen
597 1240 48 43 på
666 1252 118 22 annan
806 1240 253 43 vårdpersonal
1082 1240 112 35 skulle
1215 1241 147 43 skärpas
1384 1253 127 31 genom
1531 1245 92 31 tera-

128 1292 346 44 peututbildningen,
497 1293 62 35 vill
581 1293 179 35 utskottet
782 1293 199 43 framhålla,
1004 1299 58 30 att
1086 1294 67 35 den
1176 1295 110 43 årliga
1310 1294 229 44 intagningen
1562 1295 62 34 vid

129 1346 565 44 terapeututbildningsanstalten
712 1348 139 43 uppgår
868 1347 52 35 till
937 1351 44 31 20
1000 1348 126 35 elever.
1144 1347 90 35 Med
1252 1348 140 43 hänsyn
1411 1348 53 34 till
1483 1348 62 35 det
1563 1361 61 22 an-

128 1400 101 34 förda
247 1400 116 35 finner
381 1401 180 34 utskottet
579 1401 300 43 angelägenheten
896 1414 45 22 av
959 1406 57 30 att
1033 1402 412 43 terapeututbildningen
1461 1402 58 34 får
1536 1402 87 34 fort-

130 1458 112 31 sättas
259 1455 40 34 så
315 1459 85 36 stor,
418 1459 55 30 att
487 1455 46 34 de
551 1455 290 35 statsfinansiella
860 1455 330 43 betänkligheterna
1205 1456 88 34 böra
1309 1456 94 34 vika.
1419 1456 134 34 Härför
1570 1460 53 30 ta-

129 1508 52 34 lar
207 1511 92 32 även
326 1508 288 35 önskvärdheten
641 1521 45 22 av
712 1513 56 30 att
794 1521 127 31 genom
947 1521 43 22 en
1018 1509 117 35 direkt
1160 1509 234 43 fortsättning
1419 1522 46 22 av
1491 1509 132 35 utbild-

129 1562 232 43 ningskursen
377 1562 122 34 kunna
517 1562 141 35 behålla
677 1562 43 35 de
737 1562 114 35 lärare
870 1562 60 35 vid
947 1562 412 44 utbildningsanstalten,
1377 1562 95 35 vilka
1490 1575 49 22 nu
1559 1575 64 22 un-

129 1616 60 34 der
212 1628 44 22 en
280 1616 140 43 tvåårig
442 1616 229 35 verksamhet
692 1616 141 35 kunnat
856 1616 167 35 förvärva
1047 1616 199 35 erfarenhet
1269 1616 11 34 i
1304 1616 116 35 denna
1441 1616 181 35 kvalifice-

129 1669 83 35 rade
229 1670 68 34 och
314 1670 182 35 krävande
513 1670 213 43 utbildning.

172 1723 123 35 Under
316 1723 223 44 åberopande
559 1737 47 21 av
627 1724 60 34 det
706 1724 150 34 anförda
874 1724 202 35 hemställer
1096 1724 190 41 utskottet,

492 1782 57 29 att
582 1777 185 44 riksdagen
800 1778 61 34 må
893 1778 80 34 med
1006 1777 100 35 bifall
1139 1778 53 33 till
1212 1778 182 35 motionen
1415 1778 49 34 II:
1479 1781 65 31 331
1569 1777 55 34 till

449 1830 311 43 Utbildningskurs
788 1831 57 42 för
873 1830 301 44 sysselsättnings-
1204 1831 67 34 och
1301 1831 323 43 arbetsterapeuter

446 1884 54 34 för
520 1884 212 42 budgetåret
756 1883 157 44 1951/52
935 1884 112 34 under
1069 1884 83 35 elfte
1172 1884 229 34 huvudtiteln
1424 1884 124 35 anvisa
1569 1888 54 30 ett

446 1938 122 42 anslag
591 1950 45 21 av
660 1942 42 30 60
717 1942 66 30 000
805 1937 159 35 kronor.»
