2230 2648
393 225 18 31 2
916 227 215 38 Lagutskottets
1158 224 158 31 Utlåtande
1338 225 61 29 N:o
1422 227 30 26 2.

499 307 97 35 »Har
624 309 135 45 någon,
790 304 111 35 sedan
929 304 74 35 han
1031 302 124 36 blifvit
1183 303 58 34 till
1270 300 109 37 straff
1397 300 124 43 dömd,
1542 313 85 22 men
1646 302 115 34 innan
1781 302 73 35 han
1874 300 62 35 det
1955 298 60 36 till

394 356 93 37 fullo
517 357 209 47 undergått,
758 358 96 46 ånyo
887 353 160 37 föröfvat
1074 353 115 42 brott;
1220 351 46 36 då
1293 352 66 35 bör
1386 350 147 37 straffet
1560 350 57 36 för
1645 350 102 36 detta
1773 351 113 45 brott,
1913 350 101 42 eller,

393 421 60 22 om
481 407 149 35 brotten
666 413 64 28 äro
759 405 100 44 flera,
889 404 155 36 straffen
1072 402 57 37 för
1157 403 107 35 dessa
1291 402 111 44 brott,
1432 401 86 36 med
1545 400 239 49 iakttagande
1813 400 41 37 af
1877 400 45 36 de
1950 401 66 35 här

392 457 111 37 ofvan
543 456 175 49 stadgade
759 454 177 49 grunder,
978 454 41 36 af
1056 454 211 35 domstolen
1308 451 146 37 förenas
1488 453 88 34 celler
1609 451 295 49 sammanläggas
1932 450 84 37 med

394 508 60 36 det
494 508 100 36 förra
630 506 126 37 staffet
792 508 100 41 eller,
930 518 61 23 om
1019 504 99 36 detta
1145 517 66 23 var
1239 504 58 35 till
1324 506 124 45 någon
1477 502 59 36 del
1564 501 229 42 verkställdt,
1823 509 66 28 när
1916 502 101 35 brott

392 562 97 45 ånyo
531 556 221 44 föröfvades,
789 556 86 36 med
910 555 97 36 hvad
1038 554 40 37 af
1103 567 142 24 samma
1273 553 108 37 straff
1407 553 47 36 då
1482 552 177 44 återstod;
1688 553 70 35 och
1787 552 91 35 skall
1907 555 20 32 å
1956 551 62 36 det

394 608 156 37 sålunda
576 607 197 37 bestämda
800 606 143 37 straffet
971 605 171 37 afräknas
1170 604 99 37 hvad
1296 603 40 37 af
1360 603 101 36 förra
1490 602 144 37 straffet
1661 603 91 35 eller
1781 601 111 49 sagda
1921 605 95 32 åter-

394 659 82 36 stod
505 658 110 37 däraf
639 659 73 35 kan
740 671 84 23 vara
853 656 229 44 verkställdt,
1112 655 95 37 efter
1236 655 62 36 det
1325 654 101 36 brott
1454 657 96 46 ånyo
1576 652 245 38 föröfvades.>

495 761 72 35 Till
595 760 82 37 stöd
705 759 127 36 härför
861 760 65 35 har
951 757 473 49 justitieombudsmannen
1453 755 125 36 anfört
1604 754 178 48 följande.

499 811 86 36 »Uti
613 814 22 33 4
664 812 82 47 kap.
779 812 45 34 10
860 807 19 49 $
907 809 229 48 strafflagen,
1166 808 132 35 sådant
1325 806 102 36 detta
1455 807 146 47 lagrum
1629 804 106 50 lyder
1764 806 118 46 enligt
1909 805 108 47 lagen

394 862 71 36 den
495 863 45 34 22
566 862 87 47 juni
684 862 108 43 1906,
822 868 63 28 äro
913 859 165 49 följande
1105 859 279 36 bestämmelser
1410 856 231 36 meddelade:

495 912 86 36 'Har
620 915 136 45 någon,
795 911 112 36 sedan
944 911 74 34 han
1054 908 124 37 blifvit
1214 909 60 35 till
1311 907 109 37 straff
1446 906 123 45 dömd,
1598 919 83 23 men
1710 907 115 34 innan
1855 905 72 36 han
1955 905 63 36 det

394 964 58 35 till
494 962 93 37 follo
629 962 213 48 undergått,
879 960 161 37 föröfvat
1074 965 87 44 nytt
1197 960 118 41 brott;
1348 959 47 35 då
1422 958 67 35 bör
1517 957 145 36 straffet
1689 955 60 37 för
1777 956 101 36 detta
1904 956 112 40 brott,

394 1013 84 36 med
514 1012 239 50 iakttagande
788 1012 39 36 af
853 1012 44 36 de
925 1012 68 35 här
1020 1009 111 37 ofvan
1158 1010 178 48 stadgade
1364 1008 177 49 grunder,
1571 1007 39 36 af
1635 1008 209 35 domstolen
1872 1006 146 36 förenas

394 1065 90 35 eller
521 1064 297 48 sammanläggas
854 1063 85 36 med
975 1062 63 36 det
1065 1060 100 37 förra
1193 1060 146 36 straffet
1366 1061 101 43 eller,
1497 1072 60 23 om
1586 1058 101 36 detta
1715 1071 66 22 var
1809 1058 58 35 till
1895 1060 122 45 någon

394 1115 58 35 del
491 1114 229 45 verkställdt,
750 1114 46 36 då
823 1114 61 36 det
911 1126 73 36 nya
1010 1113 139 35 brottet
1176 1111 163 48 begicks,
1369 1110 84 36 med
1481 1109 98 37 hvad
1606 1108 39 37 af
1671 1121 142 23 samma
1840 1107 108 36 straff
1973 1107 46 35 då

394 1165 178 44 återstod;
601 1166 68 35 och
699 1165 93 35 skall
820 1168 20 32 å
867 1165 62 35 det
956 1162 156 37 sålunda
1138 1161 194 37 bestämda
1358 1160 147 37 straffet
1532 1159 170 36 afräknas
1730 1158 98 36 hvad
1855 1157 40 37 af
1920 1157 95 36 förra

394 1216 143 36 straffet
564 1217 90 34 eller
682 1215 113 48 sagda
823 1214 163 37 återstod
1014 1212 107 37 däraf
1141 1213 73 35 kan
1234 1224 86 23 vara
1338 1210 218 37 verkställdt
1576 1209 92 36 efter
1688 1209 63 36 det
1770 1222 73 36 nya
1862 1209 156 35 brottets

393 1266 236 37 föröfvande;

495 1318 129 47 Enligt
651 1318 109 47 lagen
789 1315 70 37 den
889 1317 44 34 22
960 1316 85 47 juni
1076 1316 94 35 1906
1201 1314 65 35 har
1295 1316 20 33 9
1344 1309 18 49 $
1390 1312 39 36 af
1455 1314 22 33 4
1506 1313 81 47 kap.
1617 1310 219 49 strafflagen
1857 1309 163 49 följande

394 1368 159 50 lydelse:

495 1418 71 37 ”Nu
594 1419 71 35 kan
694 1420 40 33 så
761 1417 131 44 hända,
922 1422 54 30 att
1004 1419 134 44 någon,
1168 1414 114 37 sedan
1310 1414 72 35 han
1409 1413 127 36 blifvit
1564 1413 57 35 till
1649 1411 109 37 straff
1775 1411 58 36 för
1849 1417 52 29 ett
1920 1411 101 35 brott

396 1469 121 44 dömd,
554 1468 132 37 varder
722 1466 220 49 öfvertygad
978 1471 53 31 att
1067 1465 102 36 förut
1206 1463 109 37 hafva
1351 1463 163 36 föröfvat
1550 1467 113 31 annat
1698 1463 121 42 brott;
1855 1461 45 36 då
1927 1461 93 35 skall

395 1519 144 37 straffet
575 1522 39 32 så
649 1519 234 43 bestämmas,
922 1529 79 23 som
1038 1515 92 37 hade
1166 1516 74 35 han
1269 1518 47 44 på
1343 1527 45 23 en
1415 1517 100 44 gång
1541 1514 95 34 varit
1663 1512 59 36 för
1748 1512 96 36 båda
1870 1511 148 36 brotten

395 1569 162 50 lagförd;
594 1569 69 36 och
699 1567 124 44 varde,
860 1567 63 36 vid
959 1565 162 37 straffets
1153 1565 251 48 tillämpning,
1442 1563 195 36 afräknadt
1665 1562 99 36 hvad
1792 1563 71 35 han
1892 1560 41 37 af
1958 1561 62 35 det

396 1622 136 34 honom
561 1619 101 36 förut
691 1618 158 37 ådömda
875 1617 110 36 straff
1009 1616 114 36 redan
1151 1617 72 34 kan
1252 1614 108 37 hafva
1388 1613 154 37 utstått.

498 1671 23 47 I
543 1673 20 45 4
592 1671 82 47 kap.
705 1672 20 34 5
755 1666 18 49 $
801 1668 220 48 strafflagen
1049 1673 40 29 är
1116 1665 189 49 stadgadt:

497 1720 67 37 'Är
604 1724 123 44 någon
765 1719 58 36 för
858 1718 181 37 särskilda
1074 1717 101 35 brott
1209 1715 174 37 förfallen
1415 1716 58 35 till
1515 1714 233 36 straffarbete
1777 1717 47 45 på
1851 1715 73 34 viss
1952 1713 69 45 tid;

396 1773 46 36 då
478 1775 59 32 må
573 1772 46 47 cj,
656 1771 63 35 vid
748 1769 173 48 förening
948 1768 40 36 af
1013 1767 166 44 straffen,
1208 1766 105 36 tiden
1341 1765 57 36 för
1426 1766 63 35 det
1516 1764 40 37 af
1581 1766 95 43 dem,
1707 1778 78 23 som
1814 1766 123 46 längst
1964 1771 52 36 är,

397 1824 101 42 eller,
540 1835 61 23 om
642 1821 103 35 tiden
786 1819 58 37 för
880 1819 199 36 hvartdera
1113 1817 147 36 straffet
1292 1824 40 28 är
1358 1817 75 34 lika
1461 1817 99 47 lång,
1589 1816 71 35 den
1688 1815 57 36 tid
1772 1814 249 37 öfverskridas

396 1873 85 36 med
522 1885 78 23 mer
642 1879 46 28 än
725 1874 62 33 två
822 1874 50 32 år.
906 1893 48 4 —
981 1869 78 48 Lag
1086 1881 141 23 samma
1255 1881 95 26 vare,
1384 1866 66 36 där
1479 1870 122 45 någon
1629 1865 57 36 för
1714 1864 181 37 särskilda
1921 1864 102 37 brott

397 1925 100 47 gjort
525 1924 56 47 sig
607 1923 58 35 till
694 1921 166 49 fängelse
888 1919 171 50 skyldig.

498 1972 239 38 Beträffande
765 1972 288 47 tillämpningen
1082 1969 39 36 af
1144 1970 330 35 bestämmelserna
1502 1969 12 34 i
1543 1970 20 33 4
1592 1968 81 47 kap.
1698 1968 44 34 10
1763 1963 18 49 $
1806 1965 216 49 strafflagen

399 2026 66 35 har
501 2027 12 33 i
548 2025 92 35 visst
676 2022 173 37 afseende
877 2020 431 49 meningsskiljaktighet
1333 2024 145 44 yppats.
1533 2017 72 49 Jag
1632 2016 143 50 åsyftar
1803 2016 130 36 härvid
1961 2016 61 35 det

398 2076 76 43 fall,
504 2080 53 30 att
584 2087 46 23 en
658 2086 137 36 person
823 2072 192 47 samtidigt
1042 2070 159 49 lagföres
1227 2069 58 37 för
1302 2070 90 47 flera
1410 2070 115 42 brott,
1546 2067 190 37 föröfvade
1756 2066 95 37 efter
1870 2066 61 36 det
1950 2066 73 36 han

398 2126 114 35 redan
548 2124 128 37 blifvit
712 2124 60 36 till
808 2122 109 37 straff
951 2121 125 44 dömd,
1109 2134 85 23 men
1230 2122 114 34 innan
1381 2120 72 35 han
1486 2120 58 35 till
1572 2118 93 36 fullo
1694 2118 200 47 undergått
1922 2116 97 36 detta

400 2175 116 36 straff.
572 2175 129 47 Enligt
738 2187 46 23 en
818 2174 152 47 mening
996 2173 90 35 böra
1112 2172 67 35 här
1207 2170 282 49 ifrågavarande
1516 2169 278 36 bestämmelser
1821 2171 39 32 så
1886 2167 134 35 tilläm-

399 2239 76 35 pas,
517 2231 54 30 att
597 2227 81 34 icke
706 2238 46 23 en
781 2229 89 31 utan
897 2227 63 32 två
987 2222 180 37 särskilda
1194 2220 389 49 sammanläggningar
1610 2218 40 37 af
1674 2218 111 37 straff
1819 2218 101 36 skola
1955 2224 69 41 äga

400 2289 95 32 rum,
526 2278 11 33 i
566 2276 60 35 det
655 2281 54 30 att
737 2274 93 37 först
866 2274 44 36 de
947 2272 181 37 särskilda
1164 2271 154 37 straffen
1355 2271 57 35 för
1451 2271 108 35 hvart
1586 2270 67 35 och
1683 2274 52 31 ett
1765 2267 40 37 af
1830 2268 44 36 de
1902 2273 122 30 senast
