1854 2798
272 147 19 29 6
709 145 313 30 Bankoutskottets
1042 146 179 30 utlåtande
1240 156 44 19 nr
1304 148 50 28 11.

326 230 51 30 Av
409 229 258 39 handlingarna
698 229 188 34 inhämtas,

324 282 51 29 att
397 280 187 39 Lundberg
607 281 38 28 är
667 280 85 29 född
778 281 68 28 den
871 280 40 29 23
938 280 192 40 september
1157 280 82 30 1885
1264 281 65 29 och
1356 281 103 30 alltså
1482 281 40 30 62
1548 282 39 29 år
1612 282 167 39 gammal;

324 333 52 27 att
394 331 72 29 han
485 331 112 29 under
615 331 95 29 tiden
728 331 67 29 den
821 331 12 37 1
856 331 70 39 maj
950 331 197 30 1916—den
1166 331 41 30 30
1229 332 195 39 september
1446 332 83 30 1919
1550 341 62 21 var
1630 331 152 31 anställd

279 382 118 29 såsom
421 381 342 30 skrädderiarbetare
786 372 59 39 vid
868 382 111 29 Norra
1003 382 154 29 skånska
1181 382 399 39 infanteriregementet;

325 434 51 28 att
397 432 71 30 han
491 432 113 30 under
627 432 96 29 tiden
745 432 68 29 den
840 433 15 28 1
879 441 95 21 mars
999 432 196 30 1921—den
1219 432 41 30 30
1283 433 195 39 september
1502 433 95 34 1923,
1624 436 86 27 utan
1732 436 51 28 att

277 492 86 21 vara
387 483 114 29 direkt
527 483 153 29 anställd
707 483 57 30 vid
788 483 156 30 nämnda
967 485 206 37 regemente,
1200 483 183 31 förbundit
1410 483 51 39 sig
1486 485 50 28 att
1564 484 119 30 arbeta
1709 486 73 28 ute-

278 533 164 30 slutande
469 533 55 30 för
549 535 231 37 regementets
808 534 347 29 skrädderiverkstad
1181 534 53 29 till
1260 534 122 39 priser,
1410 543 75 21 som
1514 534 45 30 då
1586 534 112 39 gällde
1726 535 56 29 för

275 585 224 34 verkstaden,
524 585 66 29 och
611 587 74 27 mot
708 585 219 29 insändande
948 595 42 20 av
1011 585 191 39 räkningar
1225 595 61 20 var
1309 585 179 39 fjortonde
1513 586 81 38 dag;

324 636 51 27 att
403 634 67 30 den
499 634 315 39 omständigheten,
841 636 51 28 att
918 634 186 40 Lundberg
1135 635 133 30 således
1296 635 77 30 icke
1400 636 112 29 under
1541 636 243 38 nyssnämnda

277 685 52 29 tid
357 685 91 29 varit
477 685 70 30 fast
575 685 152 30 anställd
756 685 117 30 såsom
901 685 341 30 skrädderiarbetare
1269 704 45 2 —
1340 686 107 39 enligt
1476 687 68 29 vad
1571 686 126 30 chefen
1727 686 55 30 för

276 736 114 29 Norra
412 735 156 30 skånska
589 736 382 39 infanteriregementet
993 736 12 29 i
1027 736 162 39 yttrande
1214 737 68 29 den
1306 737 39 29 15
1367 737 71 39 maj
1466 736 82 31 1945
1572 737 52 29 till
1649 737 134 30 försva-

277 788 72 28 rets
367 787 297 39 civilförvaltning
682 787 118 29 anfört
817 805 45 3 —
879 787 97 30 torde
994 787 46 30 ha
1058 787 112 30 berott
1188 787 46 40 på
1251 788 74 29 dels
1344 790 49 27 att
1412 790 231 36 regementets
1663 788 120 29 skräd-

276 837 244 30 deriverkstad
541 837 58 30 vid
619 837 269 39 ifrågavarande
908 838 51 30 tid
980 838 76 29 icke
1079 847 61 21 var
1162 837 233 39 färdigställd,
1420 837 73 30 dels
1515 837 65 30 ock
1602 839 50 28 att
1674 838 108 39 några

276 888 433 39 pensionsbestämmelser
729 888 45 30 då
796 888 77 30 icke
895 897 82 21 voro
998 888 208 40 tillämpliga
1227 889 45 39 på
1294 888 358 35 skrädderiarbetare;

323 940 51 28 att
396 939 71 29 han
489 939 112 29 under
623 939 97 29 tiden
742 939 67 29 den
835 939 39 30 10
897 939 143 30 oktober
1066 939 197 30 1923—den
1286 940 18 29 3
1327 939 68 39 juli
1420 939 82 30 1943
1526 939 173 30 innehade
1724 948 59 20 an-

277 989 169 39 ställning
472 998 75 21 som
573 990 343 29 skrädderiarbetare
941 990 57 30 vid
1021 989 153 30 Wendes
1198 990 360 38 artilleriregemente;

323 1041 52 28 att
401 1040 71 29 han
496 1040 113 30 under
633 1040 96 30 tiden
754 1040 68 30 den
850 1041 40 29 25
916 1040 67 39 juli
1013 1040 198 30 1943—den
1236 1040 41 30 30
1304 1040 195 40 september
1526 1039 83 30 1945
1636 1049 61 21 var
1722 1049 61 20 an-

276 1090 107 30 ställd
406 1100 74 20 som
505 1091 342 29 skrädderiarbetare
866 1091 59 29 vid
943 1091 111 30 Norra
1077 1091 155 30 skånska
1253 1091 399 38 infanteriregementet;

324 1143 92 27 samt
437 1143 50 28 att
507 1141 72 30 han
599 1142 58 29 vid
678 1142 179 39 avgången
880 1150 42 20 ur
943 1141 111 39 tjänst
1077 1142 67 29 den
1168 1141 14 29 1
1207 1141 145 30 oktober
1375 1140 83 31 1945
1480 1141 111 30 erhöll
1612 1141 170 30 avkortad

276 1192 149 39 pension
451 1192 21 30 å
498 1192 94 30 1596
617 1192 130 30 kronor
770 1192 56 30 för
850 1192 39 30 år
910 1192 142 39 jämlikt
1079 1191 83 30 1942
1186 1192 57 30 års
1269 1191 513 40 tjänstepensionsreglemente

276 1242 57 30 för
355 1242 169 34 arbetare,
547 1243 122 30 varvid
690 1243 97 29 tiden
810 1243 15 29 1
851 1252 94 20 mars
970 1242 171 30 1921—30
1165 1242 195 40 september
1384 1242 83 30 1923
1488 1242 77 30 icke
1589 1242 53 29 till
1666 1242 116 39 någon

274 1293 58 29 del
357 1293 321 39 tillgodoräknades
702 1294 131 29 honom
858 1293 56 30 för
936 1293 147 40 pension
1105 1293 107 39 enligt
1236 1292 545 40 arbetarpensionsreglementet.

324 1394 186 30 Utskottet.
539 1395 79 29 Med
643 1394 139 39 hänsyn
808 1394 54 30 till
890 1394 67 30 vad
985 1394 12 29 i
1024 1394 142 29 ärendet
1192 1393 99 31 blivit
1319 1395 143 38 upplyst
1488 1393 150 30 rörande
1665 1392 118 30 anled-

275 1445 132 38 ningen
430 1445 52 29 till
506 1447 50 27 att
578 1445 187 39 Lundberg
787 1445 112 29 under
921 1445 96 29 tiden
1041 1444 67 30 den
1136 1445 15 28 1
1175 1453 96 21 mars
1296 1444 198 29 1921-—den
1520 1443 41 30 30
1588 1443 194 40 september

278 1495 85 30 1923
383 1496 77 29 icke
479 1496 90 29 varit
590 1496 151 29 anställd
764 1495 115 30 direkt
900 1495 58 30 vid
979 1495 112 30 Norra
1114 1495 155 30 skånska
1290 1495 384 38 infanteriregementet
1696 1495 87 28 utan

271 1546 13 29 i
308 1546 116 30 stället
447 1546 112 30 utfört
583 1546 301 30 skrädderiarbete
907 1546 55 30 för
987 1547 230 38 regementets
1240 1545 153 39 räkning
1414 1547 74 28 mot
1512 1545 142 34 ackord,
1677 1553 106 31 synas

273 1597 78 29 skäl
374 1597 72 30 tala
467 1597 55 29 för
547 1599 51 28 att
624 1597 155 30 nämnda
801 1597 51 29 tid
873 1596 275 40 tillgodoräknas
1173 1596 131 30 honom
1329 1596 116 30 såsom
1468 1595 154 39 tjänstår
1645 1595 58 30 vid
1726 1594 57 30 be-

272 1647 157 40 viljande
450 1657 43 21 av
512 1648 158 39 pension.
691 1647 204 30 Emellertid
916 1656 102 21 anser
1040 1647 51 39 sig
1113 1647 172 29 utskottet
1308 1647 76 29 icke
1406 1646 84 30 böra
1512 1648 81 36 taga
1617 1645 166 39 ställning

272 1698 55 30 till
351 1698 115 30 denna
492 1698 115 39 fråga;
633 1699 206 29 densamma
864 1707 102 30 synes
991 1698 12 29 i
1030 1697 114 30 stället
1168 1697 88 30 efter
1280 1696 216 39 vederbörlig
1519 1696 264 39 framställning

272 1748 87 31 böra
381 1748 48 30 bli
449 1749 149 30 föremål
620 1749 55 30 för
699 1749 232 40 omprövning
952 1758 41 20 av
1014 1748 125 39 Kungl.
1164 1747 116 40 Maj:t.
1303 1747 226 40 Aberopande
1552 1747 58 29 det
1634 1746 148 30 anförda

271 1799 206 30 hemställer
503 1800 182 34 utskottet,

634 1894 50 28 att
709 1892 230 30 förevarande
966 1892 133 29 motion
1125 1892 29 29 I:
1172 1891 40 29 14
1238 1892 77 29 icke
1340 1891 58 30 må
1423 1891 53 29 till
1504 1891 116 38 någon
1647 1890 135 29 riksda-

589 1951 83 31 gens
695 1943 122 39 åtgärd
839 1942 192 31 föranleda.

991 2118 70 30 8:0.

313 2212 109 29 Förre
445 2212 109 30 förste
576 2212 218 30 kontoristen
816 2212 80 30 Seth
919 2211 166 30 Emanuel
1109 2210 118 36 Eugén
1249 2211 227 29 Söderström.
1503 2209 14 29 I
1539 2208 133 31 motion
1695 2207 82 30 I:40

272 2259 205 35 hemställer
492 2263 83 29 herr
590 2263 197 35 Petersson,
807 2263 71 28 »att
896 2262 151 29 nämnde
1066 2261 81 30 Seth
1166 2261 219 30 Söderström
1404 2269 42 20 av
1464 2259 188 39 riksdagen
1670 2258 109 30 måtte

272 2314 150 39 beviljas
437 2323 43 21 en
494 2314 148 39 pension
657 2313 247 30 motsvarande
920 2311 418 34 kontorsföreståndares,
1355 2310 324 30 kontorsskrivares
1696 2309 18 30 2
1731 2308 47 30 kl.

276 2364 40 30 13
337 2364 213 40 lönegraden
570 2364 13 29 i
607 2363 83 30 1939
712 2363 57 31 års
791 2363 426 39 avlöningsreglemente»>.
