<?xml version="1.0" encoding="UTF-8"?>
<alto xmlns="http://www.loc.gov/standards/alto/ns-v3#" xmlns:xlink="http://www.w3.org/1999/xlink" xmlns:xsi="http://www.w3.org/2001/XMLSchema-instance" xsi:schemaLocation="http://www.loc.gov/standards/alto/ns-v3# http://www.loc.gov/alto/v3/alto-3-0.xsd">
	<Description>
		<MeasurementUnit>pixel</MeasurementUnit>
		<sourceImageInformation>
			<fileName>/tmp/tess_56t59qw0_input.PNG</fileName>
		</sourceImageInformation>
		<OCRProcessing ID="OCR_0">
			<ocrProcessingStep>
				<processingSoftware>
					<softwareName>tesseract 5.3.0</softwareName>
				</processingSoftware>
			</ocrProcessingStep>
		</OCRProcessing>
	</Description>
	<Layout>
		<Page WIDTH="1894" HEIGHT="2854" PHYSICAL_IMG_NR="0" ID="page_0">
			<PrintSpace HPOS="0" VPOS="0" WIDTH="1894" HEIGHT="2854">
				<ComposedBlock ID="cblock_0" HPOS="424" VPOS="150" WIDTH="1126" HEIGHT="42">
					<TextBlock ID="block_0" HPOS="424" VPOS="150" WIDTH="1126" HEIGHT="42">
						<TextLine ID="line_0" HPOS="424" VPOS="150" WIDTH="1126" HEIGHT="42">
							<String ID="string_0" HPOS="424" VPOS="153" WIDTH="421" HEIGHT="39" WC="0.91" CONTENT="Bevillningsutskottets"/><SP WIDTH="27" VPOS="153" HPOS="845"/>
							<String ID="string_1" HPOS="872" VPOS="151" WIDTH="226" HEIGHT="33" WC="0.96" CONTENT="betänkande"/><SP WIDTH="24" VPOS="151" HPOS="1098"/>
							<String ID="string_2" HPOS="1122" VPOS="151" WIDTH="53" HEIGHT="33" WC="0.95" CONTENT="Nr"/><SP WIDTH="24" VPOS="151" HPOS="1175"/>
							<String ID="string_3" HPOS="1199" VPOS="151" WIDTH="53" HEIGHT="31" WC="0.95" CONTENT="20."/><SP WIDTH="257" VPOS="151" HPOS="1252"/>
							<String ID="string_4" HPOS="1509" VPOS="150" WIDTH="41" HEIGHT="30" WC="0.94" CONTENT="11"/>
						</TextLine>
					</TextBlock>
				</ComposedBlock>
				<ComposedBlock ID="cblock_1" HPOS="84" VPOS="229" WIDTH="1511" HEIGHT="93">
					<TextBlock ID="block_1" HPOS="84" VPOS="229" WIDTH="1511" HEIGHT="93">
						<TextLine ID="line_1" HPOS="130" VPOS="229" WIDTH="1465" HEIGHT="40">
							<String ID="string_5" HPOS="130" VPOS="233" WIDTH="74" HEIGHT="32" WC="0.96" CONTENT="dels"/><SP WIDTH="24" VPOS="233" HPOS="204"/>
							<String ID="string_6" HPOS="228" VPOS="234" WIDTH="64" HEIGHT="31" WC="0.96" CONTENT="ock"/><SP WIDTH="25" VPOS="234" HPOS="292"/>
							<String ID="string_7" HPOS="317" VPOS="233" WIDTH="172" HEIGHT="36" WC="0.95" CONTENT="förklara,"/><SP WIDTH="24" VPOS="233" HPOS="489"/>
							<String ID="string_8" HPOS="513" VPOS="234" WIDTH="54" HEIGHT="30" WC="0.96" CONTENT="att"/><SP WIDTH="24" VPOS="234" HPOS="567"/>
							<String ID="string_9" HPOS="591" VPOS="232" WIDTH="249" HEIGHT="36" WC="0.96" CONTENT="ändringarna"/><SP WIDTH="24" VPOS="232" HPOS="840"/>
							<String ID="string_10" HPOS="864" VPOS="231" WIDTH="101" HEIGHT="31" WC="0.96" CONTENT="skola"/><SP WIDTH="23" VPOS="231" HPOS="965"/>
							<String ID="string_11" HPOS="988" VPOS="230" WIDTH="105" HEIGHT="32" WC="0.96" CONTENT="träda"/><SP WIDTH="23" VPOS="230" HPOS="1093"/>
							<String ID="string_12" HPOS="1116" VPOS="230" WIDTH="13" HEIGHT="31" WC="0.96" CONTENT="i"/><SP WIDTH="23" VPOS="230" HPOS="1129"/>
							<String ID="string_13" HPOS="1152" VPOS="229" WIDTH="100" HEIGHT="31" WC="0.93" CONTENT="kraft"/><SP WIDTH="23" VPOS="229" HPOS="1252"/>
							<String ID="string_14" HPOS="1275" VPOS="230" WIDTH="21" HEIGHT="30" WC="0.88" CONTENT="å"/><SP WIDTH="26" VPOS="230" HPOS="1296"/>
							<String ID="string_15" HPOS="1322" VPOS="230" WIDTH="80" HEIGHT="35" WC="0.95" CONTENT="dag,"/><SP WIDTH="25" VPOS="230" HPOS="1402"/>
							<String ID="string_16" HPOS="1427" VPOS="238" WIDTH="73" HEIGHT="21" WC="0.93" CONTENT="som"/><SP WIDTH="24" VPOS="238" HPOS="1500"/>
							<String ID="string_17" HPOS="1524" VPOS="229" WIDTH="71" HEIGHT="30" WC="0.92" CONTENT="Ko-"/>
						</TextLine>
						<TextLine ID="line_2" HPOS="84" VPOS="285" WIDTH="397" HEIGHT="37">
							<String ID="string_18" HPOS="84" VPOS="294" WIDTH="150" HEIGHT="28" WC="0.88" CONTENT="nungen"/><SP WIDTH="22" VPOS="294" HPOS="234"/>
							<String ID="string_19" HPOS="256" VPOS="285" WIDTH="225" HEIGHT="31" WC="0.95" CONTENT="bestämmer."/>
						</TextLine>
					</TextBlock>
				</ComposedBlock>
				<ComposedBlock ID="cblock_2" HPOS="75" VPOS="437" WIDTH="1517" HEIGHT="869">
					<TextBlock ID="block_2" HPOS="81" VPOS="437" WIDTH="1511" HEIGHT="143">
						<TextLine ID="line_3" HPOS="125" VPOS="437" WIDTH="1466" HEIGHT="41">
							<String ID="string_20" HPOS="125" VPOS="440" WIDTH="53" HEIGHT="33" WC="0.95" CONTENT="De"/><SP WIDTH="25" VPOS="440" HPOS="178"/>
							<String ID="string_21" HPOS="203" VPOS="441" WIDTH="13" HEIGHT="31" WC="0.95" CONTENT="i"/><SP WIDTH="26" VPOS="441" HPOS="216"/>
							<String ID="string_22" HPOS="242" VPOS="441" WIDTH="249" HEIGHT="37" WC="0.96" CONTENT="föreliggande"/><SP WIDTH="27" VPOS="441" HPOS="491"/>
							<String ID="string_23" HPOS="518" VPOS="440" WIDTH="224" HEIGHT="38" WC="0.96" CONTENT="proposition"/><SP WIDTH="27" VPOS="440" HPOS="742"/>
							<String ID="string_24" HPOS="769" VPOS="440" WIDTH="207" HEIGHT="37" WC="0.96" CONTENT="föreslagna"/><SP WIDTH="26" VPOS="440" HPOS="976"/>
							<String ID="string_25" HPOS="1002" VPOS="439" WIDTH="248" HEIGHT="37" WC="0.96" CONTENT="ändringarna"/><SP WIDTH="24" VPOS="439" HPOS="1250"/>
							<String ID="string_26" HPOS="1274" VPOS="438" WIDTH="13" HEIGHT="31" WC="0.96" CONTENT="i"/><SP WIDTH="29" VPOS="438" HPOS="1287"/>
							<String ID="string_27" HPOS="1316" VPOS="437" WIDTH="167" HEIGHT="38" WC="0.93" CONTENT="gällande"/><SP WIDTH="25" VPOS="437" HPOS="1483"/>
							<String ID="string_28" HPOS="1508" VPOS="437" WIDTH="83" HEIGHT="31" WC="0.92" CONTENT="tull-"/>
						</TextLine>
						<TextLine ID="line_4" HPOS="85" VPOS="488" WIDTH="1507" HEIGHT="41">
							<String ID="string_29" HPOS="85" VPOS="494" WIDTH="90" HEIGHT="30" WC="0.96" CONTENT="taxa"/><SP WIDTH="29" VPOS="494" HPOS="175"/>
							<String ID="string_30" HPOS="204" VPOS="502" WIDTH="85" HEIGHT="22" WC="0.96" CONTENT="avse"/><SP WIDTH="32" VPOS="502" HPOS="289"/>
							<String ID="string_31" HPOS="321" VPOS="492" WIDTH="99" HEIGHT="32" WC="0.96" CONTENT="vissa"/><SP WIDTH="31" VPOS="492" HPOS="420"/>
							<String ID="string_32" HPOS="451" VPOS="492" WIDTH="163" HEIGHT="32" WC="0.96" CONTENT="kemiska"/><SP WIDTH="30" VPOS="492" HPOS="614"/>
							<String ID="string_33" HPOS="644" VPOS="493" WIDTH="181" HEIGHT="36" WC="0.96" CONTENT="preparat,"/><SP WIDTH="30" VPOS="493" HPOS="825"/>
							<String ID="string_34" HPOS="855" VPOS="491" WIDTH="183" HEIGHT="38" WC="0.96" CONTENT="nämligen"/><SP WIDTH="33" VPOS="491" HPOS="1038"/>
							<String ID="string_35" HPOS="1071" VPOS="490" WIDTH="75" HEIGHT="32" WC="0.93" CONTENT="dels"/><SP WIDTH="30" VPOS="490" HPOS="1146"/>
							<String ID="string_36" HPOS="1176" VPOS="488" WIDTH="416" HEIGHT="39" WC="0.92" CONTENT="hydreringsprodukter"/>
						</TextLine>
						<TextLine ID="line_5" HPOS="81" VPOS="543" WIDTH="889" HEIGHT="37">
							<String ID="string_37" HPOS="81" VPOS="555" WIDTH="51" HEIGHT="21" WC="0.95" CONTENT="av"/><SP WIDTH="22" VPOS="555" HPOS="132"/>
							<String ID="string_38" HPOS="154" VPOS="544" WIDTH="97" HEIGHT="32" WC="0.94" CONTENT="fenol"/><SP WIDTH="21" VPOS="544" HPOS="251"/>
							<String ID="string_39" HPOS="272" VPOS="544" WIDTH="87" HEIGHT="32" WC="0.93" CONTENT="eller"/><SP WIDTH="23" VPOS="544" HPOS="359"/>
							<String ID="string_40" HPOS="382" VPOS="544" WIDTH="118" HEIGHT="32" WC="0.93" CONTENT="kresol"/><SP WIDTH="21" VPOS="544" HPOS="500"/>
							<String ID="string_41" HPOS="521" VPOS="546" WIDTH="93" HEIGHT="30" WC="0.96" CONTENT="samt"/><SP WIDTH="22" VPOS="546" HPOS="614"/>
							<String ID="string_42" HPOS="636" VPOS="543" WIDTH="74" HEIGHT="33" WC="0.93" CONTENT="dels"/><SP WIDTH="21" VPOS="543" HPOS="710"/>
							<String ID="string_43" HPOS="731" VPOS="543" WIDTH="239" HEIGHT="37" WC="0.90" CONTENT="butylglykol."/>
						</TextLine>
					</TextBlock>
					<TextBlock ID="block_3" HPOS="79" VPOS="593" WIDTH="1512" HEIGHT="241">
						<TextLine ID="line_6" HPOS="124" VPOS="593" WIDTH="1465" HEIGHT="41">
							<String ID="string_44" HPOS="124" VPOS="596" WIDTH="427" HEIGHT="38" WC="0.92" CONTENT="Hydreringsprodukter"/><SP WIDTH="28" VPOS="596" HPOS="551"/>
							<String ID="string_45" HPOS="579" VPOS="607" WIDTH="47" HEIGHT="21" WC="0.96" CONTENT="av"/><SP WIDTH="27" VPOS="607" HPOS="626"/>
							<String ID="string_46" HPOS="653" VPOS="596" WIDTH="98" HEIGHT="31" WC="0.96" CONTENT="fenol"/><SP WIDTH="26" VPOS="596" HPOS="751"/>
							<String ID="string_47" HPOS="777" VPOS="595" WIDTH="87" HEIGHT="32" WC="0.93" CONTENT="eller"/><SP WIDTH="28" VPOS="595" HPOS="864"/>
							<String ID="string_48" HPOS="892" VPOS="595" WIDTH="118" HEIGHT="32" WC="0.91" CONTENT="kresol"/><SP WIDTH="25" VPOS="595" HPOS="1010"/>
							<String ID="string_49" HPOS="1035" VPOS="595" WIDTH="216" HEIGHT="31" WC="0.89" CONTENT="tulltaxeras"/><SP WIDTH="27" VPOS="595" HPOS="1251"/>
							<String ID="string_50" HPOS="1278" VPOS="594" WIDTH="57" HEIGHT="32" WC="0.96" CONTENT="för"/><SP WIDTH="27" VPOS="594" HPOS="1335"/>
							<String ID="string_51" HPOS="1362" VPOS="593" WIDTH="227" HEIGHT="32" WC="0.96" CONTENT="närvarande"/>
						</TextLine>
						<TextLine ID="line_7" HPOS="79" VPOS="644" WIDTH="1512" HEIGHT="41">
							<String ID="string_52" HPOS="79" VPOS="647" WIDTH="120" HEIGHT="38" WC="0.96" CONTENT="enligt"/><SP WIDTH="19" VPOS="647" HPOS="199"/>
							<String ID="string_53" HPOS="218" VPOS="658" WIDTH="42" HEIGHT="21" WC="0.96" CONTENT="nr"/><SP WIDTH="19" VPOS="658" HPOS="260"/>
							<String ID="string_54" HPOS="279" VPOS="649" WIDTH="61" HEIGHT="31" WC="0.93" CONTENT="223"/><SP WIDTH="17" VPOS="649" HPOS="340"/>
							<String ID="string_55" HPOS="357" VPOS="648" WIDTH="13" HEIGHT="31" WC="0.93" CONTENT="i"/><SP WIDTH="18" VPOS="648" HPOS="370"/>
							<String ID="string_56" HPOS="388" VPOS="648" WIDTH="183" HEIGHT="31" WC="0.74" CONTENT="tulltaxan"/><SP WIDTH="18" VPOS="648" HPOS="571"/>
							<String ID="string_57" HPOS="589" VPOS="649" WIDTH="117" HEIGHT="30" WC="0.96" CONTENT="såsom"/><SP WIDTH="18" VPOS="649" HPOS="706"/>
							<String ID="string_58" HPOS="724" VPOS="647" WIDTH="163" HEIGHT="32" WC="0.96" CONTENT="kemiska"/><SP WIDTH="18" VPOS="647" HPOS="887"/>
							<String ID="string_59" HPOS="905" VPOS="648" WIDTH="181" HEIGHT="36" WC="0.96" CONTENT="preparat,"/><SP WIDTH="16" VPOS="648" HPOS="1086"/>
							<String ID="string_60" HPOS="1102" VPOS="646" WIDTH="34" HEIGHT="37" WC="0.96" CONTENT="ej"/><SP WIDTH="20" VPOS="646" HPOS="1136"/>
							<String ID="string_61" HPOS="1156" VPOS="645" WIDTH="149" HEIGHT="32" WC="0.96" CONTENT="särskilt"/><SP WIDTH="19" VPOS="645" HPOS="1305"/>
							<String ID="string_62" HPOS="1324" VPOS="644" WIDTH="167" HEIGHT="37" WC="0.96" CONTENT="nämnda,"/><SP WIDTH="19" VPOS="644" HPOS="1491"/>
							<String ID="string_63" HPOS="1510" VPOS="644" WIDTH="81" HEIGHT="32" WC="0.96" CONTENT="med"/>
						</TextLine>
						<TextLine ID="line_8" HPOS="79" VPOS="696" WIDTH="1511" HEIGHT="40">
							<String ID="string_64" HPOS="79" VPOS="709" WIDTH="50" HEIGHT="22" WC="0.93" CONTENT="en"/><SP WIDTH="24" VPOS="709" HPOS="129"/>
							<String ID="string_65" HPOS="153" VPOS="699" WIDTH="144" HEIGHT="32" WC="0.91" CONTENT="tullsats"/><SP WIDTH="23" VPOS="699" HPOS="297"/>
							<String ID="string_66" HPOS="320" VPOS="710" WIDTH="47" HEIGHT="21" WC="0.96" CONTENT="av"/><SP WIDTH="24" VPOS="710" HPOS="367"/>
							<String ID="string_67" HPOS="391" VPOS="700" WIDTH="39" HEIGHT="31" WC="0.96" CONTENT="15"/><SP WIDTH="23" VPOS="700" HPOS="430"/>
							<String ID="string_68" HPOS="453" VPOS="701" WIDTH="148" HEIGHT="35" WC="0.93" CONTENT="procent"/><SP WIDTH="25" VPOS="701" HPOS="601"/>
							<String ID="string_69" HPOS="626" VPOS="700" WIDTH="21" HEIGHT="30" WC="0.91" CONTENT="å"/><SP WIDTH="24" VPOS="700" HPOS="647"/>
							<String ID="string_70" HPOS="671" VPOS="699" WIDTH="137" HEIGHT="36" WC="0.96" CONTENT="värdet,"/><SP WIDTH="23" VPOS="699" HPOS="808"/>
							<String ID="string_71" HPOS="831" VPOS="708" WIDTH="82" HEIGHT="22" WC="0.96" CONTENT="men"/><SP WIDTH="24" VPOS="708" HPOS="913"/>
							<String ID="string_72" HPOS="937" VPOS="698" WIDTH="115" HEIGHT="32" WC="0.96" CONTENT="skulle"/><SP WIDTH="25" VPOS="698" HPOS="1052"/>
							<String ID="string_73" HPOS="1077" VPOS="697" WIDTH="114" HEIGHT="38" WC="0.96" CONTENT="enligt"/><SP WIDTH="26" VPOS="697" HPOS="1191"/>
							<String ID="string_74" HPOS="1217" VPOS="697" WIDTH="175" HEIGHT="37" WC="0.96" CONTENT="förslaget"/><SP WIDTH="24" VPOS="697" HPOS="1392"/>
							<String ID="string_75" HPOS="1416" VPOS="696" WIDTH="174" HEIGHT="32" WC="0.96" CONTENT="hänföras"/>
						</TextLine>
						<TextLine ID="line_9" HPOS="82" VPOS="748" WIDTH="1508" HEIGHT="40">
							<String ID="string_76" HPOS="82" VPOS="751" WIDTH="61" HEIGHT="31" WC="0.96" CONTENT="till"/><SP WIDTH="25" VPOS="751" HPOS="143"/>
							<String ID="string_77" HPOS="168" VPOS="761" WIDTH="43" HEIGHT="21" WC="0.83" CONTENT="nr"/><SP WIDTH="25" VPOS="761" HPOS="211"/>
							<String ID="string_78" HPOS="236" VPOS="751" WIDTH="69" HEIGHT="37" WC="0.96" CONTENT="173,"/><SP WIDTH="26" VPOS="751" HPOS="305"/>
							<String ID="string_79" HPOS="331" VPOS="761" WIDTH="75" HEIGHT="21" WC="0.96" CONTENT="som"/><SP WIDTH="25" VPOS="761" HPOS="406"/>
							<String ID="string_80" HPOS="431" VPOS="751" WIDTH="110" HEIGHT="31" WC="0.96" CONTENT="bland"/><SP WIDTH="25" VPOS="751" HPOS="541"/>
							<String ID="string_81" HPOS="566" VPOS="752" WIDTH="112" HEIGHT="30" WC="0.93" CONTENT="annat"/><SP WIDTH="26" VPOS="752" HPOS="678"/>
							<String ID="string_82" HPOS="704" VPOS="751" WIDTH="179" HEIGHT="36" WC="0.92" CONTENT="upptager"/><SP WIDTH="25" VPOS="751" HPOS="883"/>
							<String ID="string_83" HPOS="908" VPOS="749" WIDTH="415" HEIGHT="38" WC="0.90" CONTENT="hydreringsprodukter"/><SP WIDTH="26" VPOS="749" HPOS="1323"/>
							<String ID="string_84" HPOS="1349" VPOS="759" WIDTH="48" HEIGHT="21" WC="0.93" CONTENT="av"/><SP WIDTH="25" VPOS="759" HPOS="1397"/>
							<String ID="string_85" HPOS="1422" VPOS="748" WIDTH="168" HEIGHT="32" WC="0.90" CONTENT="naftalin."/>
						</TextLine>
						<TextLine ID="line_10" HPOS="84" VPOS="801" WIDTH="965" HEIGHT="33">
							<String ID="string_86" HPOS="84" VPOS="802" WIDTH="117" HEIGHT="32" WC="0.96" CONTENT="Varor"/><SP WIDTH="26" VPOS="802" HPOS="201"/>
							<String ID="string_87" HPOS="227" VPOS="802" WIDTH="114" HEIGHT="32" WC="0.96" CONTENT="under"/><SP WIDTH="26" VPOS="802" HPOS="341"/>
							<String ID="string_88" HPOS="367" VPOS="802" WIDTH="226" HEIGHT="32" WC="0.96" CONTENT="sistnämnda"/><SP WIDTH="23" VPOS="802" HPOS="593"/>
							<String ID="string_89" HPOS="616" VPOS="811" WIDTH="163" HEIGHT="22" WC="0.96" CONTENT="nummer"/><SP WIDTH="27" VPOS="811" HPOS="779"/>
							<String ID="string_90" HPOS="806" VPOS="804" WIDTH="63" HEIGHT="29" WC="0.93" CONTENT="äro"/><SP WIDTH="26" VPOS="804" HPOS="869"/>
							<String ID="string_91" HPOS="895" VPOS="801" WIDTH="154" HEIGHT="32" WC="0.90" CONTENT="tullfria."/>
						</TextLine>
					</TextBlock>
					<TextBlock ID="block_4" HPOS="76" VPOS="851" WIDTH="1514" HEIGHT="247">
						<TextLine ID="line_11" HPOS="122" VPOS="851" WIDTH="1468" HEIGHT="40">
							<String ID="string_92" HPOS="122" VPOS="852" WIDTH="104" HEIGHT="34" WC="0.92" CONTENT="Även"/><SP WIDTH="22" VPOS="852" HPOS="226"/>
							<String ID="string_93" HPOS="248" VPOS="854" WIDTH="231" HEIGHT="37" WC="0.92" CONTENT="butylglykol"/><SP WIDTH="24" VPOS="854" HPOS="479"/>
							<String ID="string_94" HPOS="503" VPOS="854" WIDTH="169" HEIGHT="31" WC="0.91" CONTENT="hänföres"/><SP WIDTH="21" VPOS="854" HPOS="672"/>
							<String ID="string_95" HPOS="693" VPOS="863" WIDTH="50" HEIGHT="21" WC="0.96" CONTENT="nu"/><SP WIDTH="25" VPOS="863" HPOS="743"/>
							<String ID="string_96" HPOS="768" VPOS="853" WIDTH="58" HEIGHT="32" WC="0.93" CONTENT="till"/><SP WIDTH="23" VPOS="853" HPOS="826"/>
							<String ID="string_97" HPOS="849" VPOS="853" WIDTH="319" HEIGHT="32" WC="0.42" CONTENT="tulltaxenummer"/><SP WIDTH="24" VPOS="853" HPOS="1168"/>
							<String ID="string_98" HPOS="1192" VPOS="852" WIDTH="69" HEIGHT="37" WC="0.95" CONTENT="223,"/><SP WIDTH="23" VPOS="852" HPOS="1261"/>
							<String ID="string_99" HPOS="1284" VPOS="851" WIDTH="226" HEIGHT="33" WC="0.93" CONTENT="omfattande"/><SP WIDTH="23" VPOS="851" HPOS="1510"/>
							<String ID="string_100" HPOS="1533" VPOS="851" WIDTH="57" HEIGHT="32" WC="0.93" CONTENT="ke-"/>
						</TextLine>
						<TextLine ID="line_12" HPOS="82" VPOS="904" WIDTH="1508" HEIGHT="39">
							<String ID="string_101" HPOS="82" VPOS="906" WIDTH="119" HEIGHT="31" WC="0.96" CONTENT="miska"/><SP WIDTH="21" VPOS="906" HPOS="201"/>
							<String ID="string_102" HPOS="222" VPOS="907" WIDTH="182" HEIGHT="36" WC="0.96" CONTENT="preparat,"/><SP WIDTH="19" VPOS="907" HPOS="404"/>
							<String ID="string_103" HPOS="423" VPOS="906" WIDTH="13" HEIGHT="31" WC="0.93" CONTENT="i"/><SP WIDTH="21" VPOS="906" HPOS="436"/>
							<String ID="string_104" HPOS="457" VPOS="906" WIDTH="183" HEIGHT="31" WC="0.91" CONTENT="tulltaxan"/><SP WIDTH="22" VPOS="906" HPOS="640"/>
							<String ID="string_105" HPOS="662" VPOS="906" WIDTH="34" HEIGHT="36" WC="0.96" CONTENT="ej"/><SP WIDTH="23" VPOS="906" HPOS="696"/>
							<String ID="string_106" HPOS="719" VPOS="905" WIDTH="149" HEIGHT="31" WC="0.96" CONTENT="särskilt"/><SP WIDTH="22" VPOS="905" HPOS="868"/>
							<String ID="string_107" HPOS="890" VPOS="904" WIDTH="166" HEIGHT="37" WC="0.96" CONTENT="nämnda,"/><SP WIDTH="22" VPOS="904" HPOS="1056"/>
							<String ID="string_108" HPOS="1078" VPOS="904" WIDTH="81" HEIGHT="32" WC="0.96" CONTENT="med"/><SP WIDTH="20" VPOS="904" HPOS="1159"/>
							<String ID="string_109" HPOS="1179" VPOS="904" WIDTH="70" HEIGHT="31" WC="0.95" CONTENT="tull"/><SP WIDTH="21" VPOS="904" HPOS="1249"/>
							<String ID="string_110" HPOS="1270" VPOS="914" WIDTH="47" HEIGHT="21" WC="0.96" CONTENT="av"/><SP WIDTH="21" VPOS="914" HPOS="1317"/>
							<String ID="string_111" HPOS="1338" VPOS="904" WIDTH="40" HEIGHT="31" WC="0.95" CONTENT="15"/><SP WIDTH="21" VPOS="904" HPOS="1378"/>
							<String ID="string_112" HPOS="1399" VPOS="904" WIDTH="147" HEIGHT="37" WC="0.93" CONTENT="procent"/><SP WIDTH="22" VPOS="904" HPOS="1546"/>
							<String ID="string_113" HPOS="1568" VPOS="904" WIDTH="22" HEIGHT="30" WC="0.92" CONTENT="å"/>
						</TextLine>
						<TextLine ID="line_13" HPOS="81" VPOS="955" WIDTH="1508" HEIGHT="39">
							<String ID="string_114" HPOS="81" VPOS="958" WIDTH="138" HEIGHT="31" WC="0.96" CONTENT="värdet."/><SP WIDTH="38" VPOS="958" HPOS="219"/>
							<String ID="string_115" HPOS="257" VPOS="957" WIDTH="110" HEIGHT="32" WC="0.96" CONTENT="Detta"/><SP WIDTH="18" VPOS="957" HPOS="367"/>
							<String ID="string_116" HPOS="385" VPOS="960" WIDTH="104" HEIGHT="29" WC="0.96" CONTENT="ämne"/><SP WIDTH="19" VPOS="960" HPOS="489"/>
							<String ID="string_117" HPOS="508" VPOS="957" WIDTH="151" HEIGHT="32" WC="0.96" CONTENT="föreslås"/><SP WIDTH="16" VPOS="957" HPOS="659"/>
							<String ID="string_118" HPOS="675" VPOS="957" WIDTH="12" HEIGHT="31" WC="0.96" CONTENT="i"/><SP WIDTH="17" VPOS="957" HPOS="687"/>
							<String ID="string_119" HPOS="704" VPOS="956" WIDTH="269" HEIGHT="38" WC="0.96" CONTENT="propositionen"/><SP WIDTH="18" VPOS="956" HPOS="973"/>
							<String ID="string_120" HPOS="991" VPOS="956" WIDTH="101" HEIGHT="31" WC="0.96" CONTENT="skola"/><SP WIDTH="17" VPOS="956" HPOS="1092"/>
							<String ID="string_121" HPOS="1109" VPOS="956" WIDTH="13" HEIGHT="31" WC="0.96" CONTENT="i"/><SP WIDTH="15" VPOS="956" HPOS="1122"/>
							<String ID="string_122" HPOS="1137" VPOS="955" WIDTH="122" HEIGHT="32" WC="0.96" CONTENT="stället"/><SP WIDTH="18" VPOS="955" HPOS="1259"/>
							<String ID="string_123" HPOS="1277" VPOS="956" WIDTH="180" HEIGHT="37" WC="0.96" CONTENT="upptagas"/><SP WIDTH="18" VPOS="956" HPOS="1457"/>
							<String ID="string_124" HPOS="1475" VPOS="955" WIDTH="114" HEIGHT="32" WC="0.96" CONTENT="under"/>
						</TextLine>
						<TextLine ID="line_14" HPOS="78" VPOS="1006" WIDTH="1511" HEIGHT="39">
							<String ID="string_125" HPOS="78" VPOS="1019" WIDTH="47" HEIGHT="22" WC="0.93" CONTENT="nr"/><SP WIDTH="19" VPOS="1019" HPOS="125"/>
							<String ID="string_126" HPOS="144" VPOS="1009" WIDTH="58" HEIGHT="31" WC="0.95" CONTENT="215"/><SP WIDTH="21" VPOS="1009" HPOS="202"/>
							<String ID="string_127" HPOS="223" VPOS="1009" WIDTH="13" HEIGHT="31" WC="0.93" CONTENT="i"/><SP WIDTH="21" VPOS="1009" HPOS="236"/>
							<String ID="string_128" HPOS="257" VPOS="1009" WIDTH="185" HEIGHT="32" WC="0.31" CONTENT="tulltaxan"/><SP WIDTH="18" VPOS="1009" HPOS="442"/>
							<String ID="string_129" HPOS="460" VPOS="1009" WIDTH="110" HEIGHT="32" WC="0.95" CONTENT="bland"/><SP WIDTH="21" VPOS="1009" HPOS="570"/>
							<String ID="string_130" HPOS="591" VPOS="1009" WIDTH="65" HEIGHT="31" WC="0.96" CONTENT="där"/><SP WIDTH="22" VPOS="1009" HPOS="656"/>
							<String ID="string_131" HPOS="678" VPOS="1008" WIDTH="235" HEIGHT="37" WC="0.96" CONTENT="uppräknade"/><SP WIDTH="21" VPOS="1008" HPOS="913"/>
							<String ID="string_132" HPOS="934" VPOS="1007" WIDTH="276" HEIGHT="37" WC="0.96" CONTENT="lösningsmedel"/><SP WIDTH="19" VPOS="1007" HPOS="1210"/>
							<String ID="string_133" HPOS="1229" VPOS="1007" WIDTH="57" HEIGHT="31" WC="0.96" CONTENT="för"/><SP WIDTH="21" VPOS="1007" HPOS="1286"/>
							<String ID="string_134" HPOS="1307" VPOS="1006" WIDTH="132" HEIGHT="32" WC="0.95" CONTENT="lacker."/><SP WIDTH="22" VPOS="1006" HPOS="1439"/>
							<String ID="string_135" HPOS="1461" VPOS="1006" WIDTH="128" HEIGHT="32" WC="0.96" CONTENT="Tullen"/>
						</TextLine>
						<TextLine ID="line_15" HPOS="76" VPOS="1060" WIDTH="1057" HEIGHT="38">
							<String ID="string_136" HPOS="76" VPOS="1061" WIDTH="121" HEIGHT="32" WC="0.96" CONTENT="skulle"/><SP WIDTH="23" VPOS="1061" HPOS="197"/>
							<String ID="string_137" HPOS="220" VPOS="1061" WIDTH="162" HEIGHT="32" WC="0.96" CONTENT="härefter"/><SP WIDTH="24" VPOS="1061" HPOS="382"/>
							<String ID="string_138" HPOS="406" VPOS="1062" WIDTH="132" HEIGHT="36" WC="0.96" CONTENT="utgöra"/><SP WIDTH="22" VPOS="1062" HPOS="538"/>
							<String ID="string_139" HPOS="560" VPOS="1061" WIDTH="39" HEIGHT="31" WC="0.94" CONTENT="30"/><SP WIDTH="25" VPOS="1061" HPOS="599"/>
							<String ID="string_140" HPOS="624" VPOS="1061" WIDTH="131" HEIGHT="31" WC="0.96" CONTENT="kronor"/><SP WIDTH="25" VPOS="1061" HPOS="755"/>
							<String ID="string_141" HPOS="780" VPOS="1061" WIDTH="57" HEIGHT="31" WC="0.96" CONTENT="för"/><SP WIDTH="25" VPOS="1061" HPOS="837"/>
							<String ID="string_142" HPOS="862" VPOS="1060" WIDTH="59" HEIGHT="32" WC="0.96" CONTENT="100"/><SP WIDTH="25" VPOS="1060" HPOS="921"/>
							<String ID="string_143" HPOS="946" VPOS="1060" WIDTH="187" HEIGHT="37" WC="0.96" CONTENT="kilogram."/>
						</TextLine>
					</TextBlock>
					<TextBlock ID="block_5" HPOS="75" VPOS="1110" WIDTH="1512" HEIGHT="196">
						<TextLine ID="line_16" HPOS="119" VPOS="1110" WIDTH="1468" HEIGHT="39">
							<String ID="string_144" HPOS="119" VPOS="1112" WIDTH="240" HEIGHT="33" WC="0.96" CONTENT="Beträffande"/><SP WIDTH="28" VPOS="1112" HPOS="359"/>
							<String ID="string_145" HPOS="387" VPOS="1113" WIDTH="72" HEIGHT="31" WC="0.96" CONTENT="vad"/><SP WIDTH="31" VPOS="1113" HPOS="459"/>
							<String ID="string_146" HPOS="490" VPOS="1112" WIDTH="260" HEIGHT="37" WC="0.93" CONTENT="föredragande"/><SP WIDTH="32" VPOS="1112" HPOS="750"/>
							<String ID="string_147" HPOS="782" VPOS="1111" WIDTH="395" HEIGHT="37" WC="0.90" CONTENT="departementschefen"/><SP WIDTH="29" VPOS="1111" HPOS="1177"/>
							<String ID="string_148" HPOS="1206" VPOS="1111" WIDTH="63" HEIGHT="31" WC="0.96" CONTENT="vid"/><SP WIDTH="28" VPOS="1111" HPOS="1269"/>
							<String ID="string_149" HPOS="1297" VPOS="1110" WIDTH="168" HEIGHT="33" WC="0.93" CONTENT="ärendets"/><SP WIDTH="31" VPOS="1110" HPOS="1465"/>
							<String ID="string_150" HPOS="1496" VPOS="1111" WIDTH="91" HEIGHT="32" WC="0.92" CONTENT="före-"/>
						</TextLine>
						<TextLine ID="line_17" HPOS="75" VPOS="1162" WIDTH="1512" HEIGHT="40">
							<String ID="string_151" HPOS="75" VPOS="1165" WIDTH="185" HEIGHT="37" WC="0.96" CONTENT="dragning"/><SP WIDTH="20" VPOS="1165" HPOS="260"/>
							<String ID="string_152" HPOS="280" VPOS="1164" WIDTH="98" HEIGHT="32" WC="0.96" CONTENT="inför"/><SP WIDTH="19" VPOS="1164" HPOS="378"/>
							<String ID="string_153" HPOS="397" VPOS="1163" WIDTH="136" HEIGHT="39" WC="0.95" CONTENT="Kungl."/><SP WIDTH="18" VPOS="1163" HPOS="533"/>
							<String ID="string_154" HPOS="551" VPOS="1163" WIDTH="112" HEIGHT="38" WC="0.96" CONTENT="Maj:t"/><SP WIDTH="19" VPOS="1163" HPOS="663"/>
							<String ID="string_155" HPOS="682" VPOS="1164" WIDTH="122" HEIGHT="31" WC="0.96" CONTENT="anfört"/><SP WIDTH="20" VPOS="1164" HPOS="804"/>
							<String ID="string_156" HPOS="824" VPOS="1163" WIDTH="59" HEIGHT="32" WC="0.95" CONTENT="till"/><SP WIDTH="18" VPOS="1163" HPOS="883"/>
							<String ID="string_157" HPOS="901" VPOS="1163" WIDTH="219" HEIGHT="37" WC="0.96" CONTENT="motivering"/><SP WIDTH="20" VPOS="1163" HPOS="1120"/>
							<String ID="string_158" HPOS="1140" VPOS="1163" WIDTH="56" HEIGHT="31" WC="0.96" CONTENT="för"/><SP WIDTH="19" VPOS="1163" HPOS="1196"/>
							<String ID="string_159" HPOS="1215" VPOS="1162" WIDTH="283" HEIGHT="38" WC="0.93" CONTENT="ifrågavarande"/><SP WIDTH="19" VPOS="1162" HPOS="1498"/>
							<String ID="string_160" HPOS="1517" VPOS="1162" WIDTH="70" HEIGHT="32" WC="0.90" CONTENT="för-"/>
						</TextLine>
						<TextLine ID="line_18" HPOS="76" VPOS="1214" WIDTH="1511" HEIGHT="40">
							<String ID="string_161" HPOS="76" VPOS="1216" WIDTH="83" HEIGHT="38" WC="0.96" CONTENT="slag"/><SP WIDTH="17" VPOS="1216" HPOS="159"/>
							<String ID="string_162" HPOS="176" VPOS="1216" WIDTH="58" HEIGHT="32" WC="0.96" CONTENT="till"/><SP WIDTH="16" VPOS="1216" HPOS="234"/>
							<String ID="string_163" HPOS="250" VPOS="1216" WIDTH="200" HEIGHT="37" WC="0.96" CONTENT="ändringar"/><SP WIDTH="16" VPOS="1216" HPOS="450"/>
							<String ID="string_164" HPOS="466" VPOS="1216" WIDTH="14" HEIGHT="31" WC="0.93" CONTENT="i"/><SP WIDTH="16" VPOS="1216" HPOS="480"/>
							<String ID="string_165" HPOS="496" VPOS="1216" WIDTH="183" HEIGHT="31" WC="0.88" CONTENT="tulltaxan"/><SP WIDTH="19" VPOS="1216" HPOS="679"/>
							<String ID="string_166" HPOS="698" VPOS="1215" WIDTH="57" HEIGHT="31" WC="0.96" CONTENT="får"/><SP WIDTH="18" VPOS="1215" HPOS="755"/>
							<String ID="string_167" HPOS="773" VPOS="1215" WIDTH="177" HEIGHT="31" WC="0.96" CONTENT="utskottet"/><SP WIDTH="15" VPOS="1215" HPOS="950"/>
							<String ID="string_168" HPOS="965" VPOS="1214" WIDTH="154" HEIGHT="32" WC="0.96" CONTENT="hänvisa"/><SP WIDTH="16" VPOS="1214" HPOS="1119"/>
							<String ID="string_169" HPOS="1135" VPOS="1214" WIDTH="58" HEIGHT="32" WC="0.96" CONTENT="till"/><SP WIDTH="18" VPOS="1214" HPOS="1193"/>
							<String ID="string_170" HPOS="1211" VPOS="1214" WIDTH="254" HEIGHT="32" WC="0.93" CONTENT="ovannämnda"/><SP WIDTH="17" VPOS="1214" HPOS="1465"/>
							<String ID="string_171" HPOS="1482" VPOS="1215" WIDTH="105" HEIGHT="31" WC="0.92" CONTENT="stats-"/>
						</TextLine>
						<TextLine ID="line_19" HPOS="76" VPOS="1267" WIDTH="277" HEIGHT="39">
							<String ID="string_172" HPOS="76" VPOS="1267" WIDTH="277" HEIGHT="39" WC="0.88" CONTENT="rådsprotokoll."/>
						</TextLine>
					</TextBlock>
				</ComposedBlock>
				<ComposedBlock ID="cblock_3" HPOS="72" VPOS="1369" WIDTH="1512" HEIGHT="141">
					<TextBlock ID="block_6" HPOS="72" VPOS="1369" WIDTH="1512" HEIGHT="141">
						<TextLine ID="line_20" HPOS="117" VPOS="1369" WIDTH="1467" HEIGHT="38">
							<String ID="string_173" HPOS="117" VPOS="1370" WIDTH="77" HEIGHT="32" WC="0.95" CONTENT="Mot"/><SP WIDTH="22" VPOS="1370" HPOS="194"/>
							<String ID="string_174" HPOS="216" VPOS="1370" WIDTH="59" HEIGHT="32" WC="0.95" CONTENT="det"/><SP WIDTH="22" VPOS="1370" HPOS="275"/>
							<String ID="string_175" HPOS="297" VPOS="1370" WIDTH="14" HEIGHT="32" WC="0.95" CONTENT="i"/><SP WIDTH="23" VPOS="1370" HPOS="311"/>
							<String ID="string_176" HPOS="334" VPOS="1370" WIDTH="238" HEIGHT="32" WC="0.96" CONTENT="förevarande"/><SP WIDTH="23" VPOS="1370" HPOS="572"/>
							<String ID="string_177" HPOS="595" VPOS="1370" WIDTH="224" HEIGHT="37" WC="0.96" CONTENT="proposition"/><SP WIDTH="23" VPOS="1370" HPOS="819"/>
							<String ID="string_178" HPOS="842" VPOS="1370" WIDTH="205" HEIGHT="37" WC="0.96" CONTENT="framlagda"/><SP WIDTH="22" VPOS="1370" HPOS="1047"/>
							<String ID="string_179" HPOS="1069" VPOS="1370" WIDTH="174" HEIGHT="37" WC="0.96" CONTENT="förslaget"/><SP WIDTH="23" VPOS="1370" HPOS="1243"/>
							<String ID="string_180" HPOS="1266" VPOS="1370" WIDTH="59" HEIGHT="31" WC="0.96" CONTENT="till"/><SP WIDTH="24" VPOS="1370" HPOS="1325"/>
							<String ID="string_181" HPOS="1349" VPOS="1369" WIDTH="198" HEIGHT="38" WC="0.96" CONTENT="ändringar"/><SP WIDTH="24" VPOS="1369" HPOS="1547"/>
							<String ID="string_182" HPOS="1571" VPOS="1369" WIDTH="13" HEIGHT="31" WC="0.96" CONTENT="i"/>
						</TextLine>
						<TextLine ID="line_21" HPOS="77" VPOS="1420" WIDTH="1507" HEIGHT="40">
							<String ID="string_183" HPOS="77" VPOS="1422" WIDTH="167" HEIGHT="38" WC="0.93" CONTENT="gällande"/><SP WIDTH="28" VPOS="1422" HPOS="244"/>
							<String ID="string_184" HPOS="272" VPOS="1422" WIDTH="159" HEIGHT="32" WC="0.92" CONTENT="tulltaxa"/><SP WIDTH="25" VPOS="1422" HPOS="431"/>
							<String ID="string_185" HPOS="456" VPOS="1423" WIDTH="66" HEIGHT="31" WC="0.96" CONTENT="har"/><SP WIDTH="26" VPOS="1423" HPOS="522"/>
							<String ID="string_186" HPOS="548" VPOS="1422" WIDTH="176" HEIGHT="31" WC="0.96" CONTENT="utskottet"/><SP WIDTH="27" VPOS="1422" HPOS="724"/>
							<String ID="string_187" HPOS="751" VPOS="1422" WIDTH="78" HEIGHT="31" WC="0.49" CONTENT="icke"/><SP WIDTH="30" VPOS="1422" HPOS="829"/>
							<String ID="string_188" HPOS="859" VPOS="1421" WIDTH="123" HEIGHT="32" WC="0.96" CONTENT="funnit"/><SP WIDTH="27" VPOS="1421" HPOS="982"/>
							<String ID="string_189" HPOS="1009" VPOS="1421" WIDTH="195" HEIGHT="37" WC="0.96" CONTENT="anledning"/><SP WIDTH="27" VPOS="1421" HPOS="1204"/>
							<String ID="string_190" HPOS="1231" VPOS="1421" WIDTH="58" HEIGHT="31" WC="0.96" CONTENT="till"/><SP WIDTH="27" VPOS="1421" HPOS="1289"/>
							<String ID="string_191" HPOS="1316" VPOS="1421" WIDTH="158" HEIGHT="31" WC="0.91" CONTENT="erinran."/><SP WIDTH="46" VPOS="1421" HPOS="1474"/>
							<String ID="string_192" HPOS="1520" VPOS="1420" WIDTH="64" HEIGHT="32" WC="0.87" CONTENT="Ut-"/>
						</TextLine>
						<TextLine ID="line_22" HPOS="72" VPOS="1473" WIDTH="536" HEIGHT="37">
							<String ID="string_193" HPOS="72" VPOS="1474" WIDTH="138" HEIGHT="31" WC="0.96" CONTENT="skottet"/><SP WIDTH="22" VPOS="1474" HPOS="210"/>
							<String ID="string_194" HPOS="232" VPOS="1474" WIDTH="209" HEIGHT="31" WC="0.96" CONTENT="hemställer"/><SP WIDTH="21" VPOS="1474" HPOS="441"/>
							<String ID="string_195" HPOS="462" VPOS="1473" WIDTH="146" HEIGHT="37" WC="0.96" CONTENT="således,"/>
						</TextLine>
					</TextBlock>
				</ComposedBlock>
				<ComposedBlock ID="cblock_4" HPOS="477" VPOS="1575" WIDTH="1107" HEIGHT="398">
					<TextBlock ID="block_7" HPOS="481" VPOS="1575" WIDTH="1103" HEIGHT="89">
						<TextLine ID="line_23" HPOS="520" VPOS="1575" WIDTH="1064" HEIGHT="38">
							<String ID="string_196" HPOS="520" VPOS="1577" WIDTH="54" HEIGHT="30" WC="0.96" CONTENT="att"/><SP WIDTH="26" VPOS="1577" HPOS="574"/>
							<String ID="string_197" HPOS="600" VPOS="1575" WIDTH="195" HEIGHT="37" WC="0.96" CONTENT="riksdagen"/><SP WIDTH="24" VPOS="1575" HPOS="795"/>
							<String ID="string_198" HPOS="819" VPOS="1576" WIDTH="124" HEIGHT="36" WC="0.96" CONTENT="måtte,"/><SP WIDTH="26" VPOS="1576" HPOS="943"/>
							<String ID="string_199" HPOS="969" VPOS="1575" WIDTH="82" HEIGHT="32" WC="0.96" CONTENT="med"/><SP WIDTH="24" VPOS="1575" HPOS="1051"/>
							<String ID="string_200" HPOS="1075" VPOS="1575" WIDTH="108" HEIGHT="32" WC="0.95" CONTENT="bifall"/><SP WIDTH="24" VPOS="1575" HPOS="1183"/>
							<String ID="string_201" HPOS="1207" VPOS="1575" WIDTH="59" HEIGHT="32" WC="0.94" CONTENT="till"/><SP WIDTH="25" VPOS="1575" HPOS="1266"/>
							<String ID="string_202" HPOS="1291" VPOS="1575" WIDTH="136" HEIGHT="38" WC="0.94" CONTENT="Kungl."/><SP WIDTH="27" VPOS="1575" HPOS="1427"/>
							<String ID="string_203" HPOS="1454" VPOS="1575" WIDTH="130" HEIGHT="37" WC="0.96" CONTENT="Maj:ts"/>
						</TextLine>
						<TextLine ID="line_24" HPOS="481" VPOS="1626" WIDTH="672" HEIGHT="38">
							<String ID="string_204" HPOS="481" VPOS="1626" WIDTH="237" HEIGHT="33" WC="0.95" CONTENT="förevarande"/><SP WIDTH="33" VPOS="1626" HPOS="718"/>
							<String ID="string_205" HPOS="751" VPOS="1626" WIDTH="224" HEIGHT="38" WC="0.96" CONTENT="proposition"/><SP WIDTH="33" VPOS="1626" HPOS="975"/>
							<String ID="string_206" HPOS="1008" VPOS="1636" WIDTH="43" HEIGHT="22" WC="0.95" CONTENT="nr"/><SP WIDTH="33" VPOS="1636" HPOS="1051"/>
							<String ID="string_207" HPOS="1084" VPOS="1626" WIDTH="69" HEIGHT="37" WC="0.95" CONTENT="145,"/>
						</TextLine>
					</TextBlock>
					<TextBlock ID="block_8" HPOS="477" VPOS="1677" WIDTH="1107" HEIGHT="193">
						<TextLine ID="line_25" HPOS="519" VPOS="1677" WIDTH="1065" HEIGHT="38">
							<String ID="string_208" HPOS="519" VPOS="1677" WIDTH="32" HEIGHT="37" WC="0.96" CONTENT="1)"/><SP WIDTH="25" VPOS="1677" HPOS="551"/>
							<String ID="string_209" HPOS="576" VPOS="1678" WIDTH="150" HEIGHT="37" WC="0.95" CONTENT="besluta,"/><SP WIDTH="28" VPOS="1678" HPOS="726"/>
							<String ID="string_210" HPOS="754" VPOS="1680" WIDTH="56" HEIGHT="30" WC="0.96" CONTENT="att"/><SP WIDTH="26" VPOS="1680" HPOS="810"/>
							<String ID="string_211" HPOS="836" VPOS="1678" WIDTH="68" HEIGHT="32" WC="0.96" CONTENT="den"/><SP WIDTH="30" VPOS="1678" HPOS="904"/>
							<String ID="string_212" HPOS="934" VPOS="1678" WIDTH="62" HEIGHT="32" WC="0.91" CONTENT="vid"/><SP WIDTH="28" VPOS="1678" HPOS="996"/>
							<String ID="string_213" HPOS="1024" VPOS="1678" WIDTH="418" HEIGHT="37" WC="0.91" CONTENT="tulltaxeförordningen"/><SP WIDTH="27" VPOS="1678" HPOS="1442"/>
							<String ID="string_214" HPOS="1469" VPOS="1678" WIDTH="69" HEIGHT="32" WC="0.96" CONTENT="den"/><SP WIDTH="26" VPOS="1678" HPOS="1538"/>
							<String ID="string_215" HPOS="1564" VPOS="1679" WIDTH="20" HEIGHT="30" WC="0.96" CONTENT="4"/>
						</TextLine>
						<TextLine ID="line_26" HPOS="477" VPOS="1729" WIDTH="1106" HEIGHT="37">
							<String ID="string_216" HPOS="477" VPOS="1730" WIDTH="146" HEIGHT="32" WC="0.96" CONTENT="oktober"/><SP WIDTH="25" VPOS="1730" HPOS="623"/>
							<String ID="string_217" HPOS="648" VPOS="1730" WIDTH="78" HEIGHT="31" WC="0.96" CONTENT="1929"/><SP WIDTH="28" VPOS="1730" HPOS="726"/>
							<String ID="string_218" HPOS="754" VPOS="1729" WIDTH="57" HEIGHT="36" WC="0.96" CONTENT="(nr"/><SP WIDTH="26" VPOS="1729" HPOS="811"/>
							<String ID="string_219" HPOS="837" VPOS="1729" WIDTH="73" HEIGHT="36" WC="0.96" CONTENT="316)"/><SP WIDTH="28" VPOS="1729" HPOS="910"/>
							<String ID="string_220" HPOS="938" VPOS="1730" WIDTH="130" HEIGHT="36" WC="0.93" CONTENT="fogade"/><SP WIDTH="26" VPOS="1730" HPOS="1068"/>
							<String ID="string_221" HPOS="1094" VPOS="1730" WIDTH="183" HEIGHT="32" WC="0.90" CONTENT="tulltaxan"/><SP WIDTH="25" VPOS="1730" HPOS="1277"/>
							<String ID="string_222" HPOS="1302" VPOS="1730" WIDTH="94" HEIGHT="32" WC="0.96" CONTENT="skall"/><SP WIDTH="26" VPOS="1730" HPOS="1396"/>
							<String ID="string_223" HPOS="1422" VPOS="1730" WIDTH="13" HEIGHT="31" WC="0.96" CONTENT="i"/><SP WIDTH="23" VPOS="1730" HPOS="1435"/>
							<String ID="string_224" HPOS="1458" VPOS="1730" WIDTH="43" HEIGHT="32" WC="0.96" CONTENT="de"/><SP WIDTH="26" VPOS="1730" HPOS="1501"/>
							<String ID="string_225" HPOS="1527" VPOS="1730" WIDTH="56" HEIGHT="32" WC="0.96" CONTENT="uti"/>
						</TextLine>
						<TextLine ID="line_27" HPOS="477" VPOS="1781" WIDTH="1105" HEIGHT="38">
							<String ID="string_226" HPOS="477" VPOS="1781" WIDTH="268" HEIGHT="38" WC="0.95" CONTENT="propositionen"/><SP WIDTH="25" VPOS="1781" HPOS="745"/>
							<String ID="string_227" HPOS="770" VPOS="1781" WIDTH="161" HEIGHT="37" WC="0.96" CONTENT="angivna"/><SP WIDTH="27" VPOS="1781" HPOS="931"/>
							<String ID="string_228" HPOS="958" VPOS="1782" WIDTH="99" HEIGHT="31" WC="0.96" CONTENT="delar"/><SP WIDTH="27" VPOS="1782" HPOS="1057"/>
							<String ID="string_229" HPOS="1084" VPOS="1781" WIDTH="139" HEIGHT="33" WC="0.96" CONTENT="erhålla"/><SP WIDTH="25" VPOS="1781" HPOS="1223"/>
							<String ID="string_230" HPOS="1248" VPOS="1782" WIDTH="69" HEIGHT="32" WC="0.96" CONTENT="den"/><SP WIDTH="26" VPOS="1782" HPOS="1317"/>
							<String ID="string_231" HPOS="1343" VPOS="1782" WIDTH="161" HEIGHT="32" WC="0.90" CONTENT="ändrade"/><SP WIDTH="25" VPOS="1782" HPOS="1504"/>
							<String ID="string_232" HPOS="1529" VPOS="1782" WIDTH="53" HEIGHT="37" WC="0.90" CONTENT="ly-"/>
						</TextLine>
						<TextLine ID="line_28" HPOS="478" VPOS="1833" WIDTH="890" HEIGHT="37">
							<String ID="string_233" HPOS="478" VPOS="1833" WIDTH="104" HEIGHT="37" WC="0.96" CONTENT="delse,"/><SP WIDTH="24" VPOS="1833" HPOS="582"/>
							<String ID="string_234" HPOS="606" VPOS="1843" WIDTH="76" HEIGHT="22" WC="0.96" CONTENT="som"/><SP WIDTH="23" VPOS="1843" HPOS="682"/>
							<String ID="string_235" HPOS="705" VPOS="1833" WIDTH="12" HEIGHT="31" WC="0.96" CONTENT="i"/><SP WIDTH="23" VPOS="1833" HPOS="717"/>
							<String ID="string_236" HPOS="740" VPOS="1833" WIDTH="269" HEIGHT="37" WC="0.96" CONTENT="propositionen"/><SP WIDTH="23" VPOS="1833" HPOS="1009"/>
							<String ID="string_237" HPOS="1032" VPOS="1833" WIDTH="218" HEIGHT="37" WC="0.96" CONTENT="föreslagits,"/><SP WIDTH="23" VPOS="1833" HPOS="1250"/>
							<String ID="string_238" HPOS="1273" VPOS="1836" WIDTH="95" HEIGHT="29" WC="0.96" CONTENT="samt"/>
						</TextLine>
					</TextBlock>
					<TextBlock ID="block_9" HPOS="478" VPOS="1884" WIDTH="1104" HEIGHT="89">
						<TextLine ID="line_29" HPOS="516" VPOS="1884" WIDTH="1066" HEIGHT="37">
							<String ID="string_239" HPOS="516" VPOS="1884" WIDTH="33" HEIGHT="36" WC="0.96" CONTENT="2)"/><SP WIDTH="26" VPOS="1884" HPOS="549"/>
							<String ID="string_240" HPOS="575" VPOS="1884" WIDTH="171" HEIGHT="37" WC="0.96" CONTENT="förklara,"/><SP WIDTH="28" VPOS="1884" HPOS="746"/>
							<String ID="string_241" HPOS="774" VPOS="1886" WIDTH="55" HEIGHT="30" WC="0.96" CONTENT="att"/><SP WIDTH="27" VPOS="1886" HPOS="829"/>
							<String ID="string_242" HPOS="856" VPOS="1884" WIDTH="250" HEIGHT="37" WC="0.95" CONTENT="ändringarna"/><SP WIDTH="24" VPOS="1884" HPOS="1106"/>
							<String ID="string_243" HPOS="1130" VPOS="1885" WIDTH="101" HEIGHT="32" WC="0.96" CONTENT="skola"/><SP WIDTH="26" VPOS="1885" HPOS="1231"/>
							<String ID="string_244" HPOS="1257" VPOS="1885" WIDTH="108" HEIGHT="32" WC="0.96" CONTENT="träda"/><SP WIDTH="26" VPOS="1885" HPOS="1365"/>
							<String ID="string_245" HPOS="1391" VPOS="1885" WIDTH="13" HEIGHT="31" WC="0.96" CONTENT="i"/><SP WIDTH="27" VPOS="1885" HPOS="1404"/>
							<String ID="string_246" HPOS="1431" VPOS="1884" WIDTH="101" HEIGHT="33" WC="0.93" CONTENT="kraft"/><SP WIDTH="28" VPOS="1884" HPOS="1532"/>
							<String ID="string_247" HPOS="1560" VPOS="1886" WIDTH="22" HEIGHT="31" WC="0.91" CONTENT="å"/>
						</TextLine>
						<TextLine ID="line_30" HPOS="478" VPOS="1936" WIDTH="651" HEIGHT="37">
							<String ID="string_248" HPOS="478" VPOS="1936" WIDTH="80" HEIGHT="37" WC="0.96" CONTENT="dag,"/><SP WIDTH="23" VPOS="1936" HPOS="558"/>
							<String ID="string_249" HPOS="581" VPOS="1946" WIDTH="76" HEIGHT="22" WC="0.96" CONTENT="som"/><SP WIDTH="20" VPOS="1946" HPOS="657"/>
							<String ID="string_250" HPOS="677" VPOS="1936" WIDTH="206" HEIGHT="36" WC="0.96" CONTENT="Konungen"/><SP WIDTH="22" VPOS="1936" HPOS="883"/>
							<String ID="string_251" HPOS="905" VPOS="1936" WIDTH="224" HEIGHT="31" WC="0.96" CONTENT="bestämmer."/>
						</TextLine>
					</TextBlock>
				</ComposedBlock>
				<ComposedBlock ID="cblock_5" HPOS="110" VPOS="2029" WIDTH="1069" HEIGHT="140">
					<TextBlock ID="block_10" HPOS="110" VPOS="2029" WIDTH="1069" HEIGHT="140">
						<TextLine ID="line_31" HPOS="110" VPOS="2029" WIDTH="595" HEIGHT="33">
							<String ID="string_252" HPOS="110" VPOS="2029" WIDTH="211" HEIGHT="33" WC="0.93" CONTENT="Stockholm"/><SP WIDTH="24" VPOS="2029" HPOS="321"/>
							<String ID="string_253" HPOS="345" VPOS="2031" WIDTH="69" HEIGHT="31" WC="0.96" CONTENT="den"/><SP WIDTH="22" VPOS="2031" HPOS="414"/>
							<String ID="string_254" HPOS="436" VPOS="2030" WIDTH="38" HEIGHT="31" WC="0.96" CONTENT="13"/><SP WIDTH="23" VPOS="2030" HPOS="474"/>
							<String ID="string_255" HPOS="497" VPOS="2038" WIDTH="97" HEIGHT="22" WC="0.95" CONTENT="mars"/><SP WIDTH="24" VPOS="2038" HPOS="594"/>
							<String ID="string_256" HPOS="618" VPOS="2029" WIDTH="87" HEIGHT="31" WC="0.96" CONTENT="1931."/>
						</TextLine>
						<TextLine ID="line_32" HPOS="484" VPOS="2131" WIDTH="695" HEIGHT="38">
							<String ID="string_257" HPOS="484" VPOS="2131" WIDTH="52" HEIGHT="32" WC="0.93" CONTENT="På"/><SP WIDTH="29" VPOS="2131" HPOS="536"/>
							<String ID="string_258" HPOS="565" VPOS="2131" WIDTH="417" HEIGHT="38" WC="0.89" CONTENT="bevillningsutskottets"/><SP WIDTH="29" VPOS="2131" HPOS="982"/>
							<String ID="string_259" HPOS="1011" VPOS="2134" WIDTH="168" HEIGHT="35" WC="0.73" CONTENT="vägnar:-"/>
						</TextLine>
					</TextBlock>
				</ComposedBlock>
				<ComposedBlock ID="cblock_6" HPOS="662" VPOS="2231" WIDTH="327" HEIGHT="35">
					<TextBlock ID="block_11" HPOS="662" VPOS="2231" WIDTH="327" HEIGHT="35">
						<TextLine ID="line_33" HPOS="662" VPOS="2231" WIDTH="327" HEIGHT="35">
							<String ID="string_260" HPOS="662" VPOS="2233" WIDTH="98" HEIGHT="33" WC="0.93" CONTENT="JOH."/><SP WIDTH="24" VPOS="2233" HPOS="760"/>
							<String ID="string_261" HPOS="784" VPOS="2231" WIDTH="205" HEIGHT="35" WC="0.95" CONTENT="NILSSON."/>
						</TextLine>
					</TextBlock>
				</ComposedBlock>
				<ComposedBlock ID="cblock_7" HPOS="64" VPOS="2425" WIDTH="685" HEIGHT="27">
					<TextBlock ID="block_12" HPOS="64" VPOS="2425" WIDTH="685" HEIGHT="27">
						<TextLine ID="line_34" HPOS="64" VPOS="2425" WIDTH="685" HEIGHT="27">
							<String ID="string_262" HPOS="64" VPOS="2426" WIDTH="202" HEIGHT="25" WC="0.90" CONTENT="Närvarande:"/><SP WIDTH="19" VPOS="2426" HPOS="266"/>
							<String ID="string_263" HPOS="285" VPOS="2433" WIDTH="28" HEIGHT="17" WC="0.96" CONTENT="se"/><SP WIDTH="21" VPOS="2433" HPOS="313"/>
							<String ID="string_264" HPOS="334" VPOS="2425" WIDTH="92" HEIGHT="26" WC="0.96" CONTENT="under"/><SP WIDTH="17" VPOS="2425" HPOS="426"/>
							<String ID="string_265" HPOS="443" VPOS="2426" WIDTH="193" HEIGHT="26" WC="0.96" CONTENT="betänkandet"/><SP WIDTH="19" VPOS="2426" HPOS="636"/>
							<String ID="string_266" HPOS="655" VPOS="2434" WIDTH="34" HEIGHT="17" WC="0.96" CONTENT="nr"/><SP WIDTH="20" VPOS="2434" HPOS="689"/>
							<String ID="string_267" HPOS="709" VPOS="2427" WIDTH="40" HEIGHT="24" WC="0.96" CONTENT="19."/>
						</TextLine>
					</TextBlock>
				</ComposedBlock>
				<ComposedBlock ID="cblock_8" HPOS="1669" VPOS="471" WIDTH="97" HEIGHT="27">
					<TextBlock ID="block_13" HPOS="1669" VPOS="471" WIDTH="97" HEIGHT="27">
						<TextLine ID="line_35" HPOS="1669" VPOS="471" WIDTH="97" HEIGHT="27">
							<String ID="string_268" HPOS="1669" VPOS="471" WIDTH="97" HEIGHT="27" WC="0.93" CONTENT="tionen,"/>
						</TextLine>
					</TextBlock>
				</ComposedBlock>
				<ComposedBlock ID="cblock_9" HPOS="1639" VPOS="1372" WIDTH="142" HEIGHT="29">
					<TextBlock ID="block_14" HPOS="1639" VPOS="1372" WIDTH="142" HEIGHT="29">
						<TextLine ID="line_36" HPOS="1639" VPOS="1372" WIDTH="142" HEIGHT="29">
							<String ID="string_269" HPOS="1639" VPOS="1372" WIDTH="142" HEIGHT="29" WC="0.66" CONTENT="Utskottet,"/>
						</TextLine>
					</TextBlock>
				</ComposedBlock>
			</PrintSpace>
		</Page>
	</Layout>
</alto>
