1936 2828
82 1034 133 23 Utskottet.

274 148 40 31 60
763 155 231 27 Statsutskottets
1015 156 148 27 utlåtande
1186 157 48 27 Nr
1256 159 27 26 4.

274 226 100 39 ägnat
398 227 50 29 att
470 228 121 39 utgöra
614 238 42 20 en
680 227 110 40 grund
813 228 52 31 för
888 228 67 31 den
978 229 160 32 blivande
1162 231 413 42 ersättningsbyggnaden
1599 243 40 20 av
1662 233 117 41 ifråga-

273 267 148 31 varande
455 268 161 32 materiel.
663 269 202 32 Emellertid
898 282 102 20 anser
1031 272 56 41 jag
1116 272 60 31 det
1199 284 39 19 av
1262 273 222 32 ekonomiska
1507 274 73 31 skäl
1602 274 75 31 icke
1699 286 81 20 vara

274 310 49 29 att
355 309 139 32 tillråda
526 312 49 29 att
608 323 47 19 nu
689 312 188 31 bestämma
911 313 53 41 sig
986 314 52 31 för
1060 316 50 29 att
1132 314 94 31 inom
1250 315 64 31 den
1339 315 150 32 avsedda
1511 316 104 38 tiden,
1640 317 68 31 fem
1731 319 45 36 år,

273 351 198 40 genomföra
494 352 76 32 hela
592 356 239 38 programmet.
872 354 154 32 Sålunda
1049 367 104 30 synes
1177 356 59 32 det
1258 357 82 31 böra
1361 358 198 41 ytterligare
1582 360 194 39 övervägas,

272 392 169 32 huruvida
474 394 73 32 icke
580 395 93 32 vissa
703 407 39 19 av
766 396 40 32 de
829 396 11 31 i
863 401 231 37 programmet
1116 401 177 39 upptagna
1314 399 145 32 båtarna
1481 400 83 31 böra
1585 400 118 31 kunna
1725 412 54 20 an-

273 434 124 33 skaffas
431 436 87 31 först
550 437 57 31 vid
641 438 236 42 mobilisering
909 439 64 31 och
996 440 11 30 i
1031 442 37 30 så
1090 440 59 31 fall
1173 441 78 31 med
1274 441 175 32 anlitande
1472 453 40 20 av
1534 443 159 40 gällande
1715 443 63 31 för-

271 477 374 44 fogandelagstiftning.
692 480 104 31 Detta
827 481 195 32 föranleder
1055 483 53 30 till
1131 485 51 29 att
1205 483 58 31 det
1286 494 101 31 synes
1411 495 79 20 vara
1512 496 41 20 en
1577 485 200 41 lämpligare

271 520 62 40 väg
366 520 53 31 för
454 520 65 32 den
553 521 223 42 erforderliga
808 524 438 42 ersättningsbyggnadens
1279 526 225 41 fullföljande,
1528 529 50 29 att
1610 528 54 30 för
1685 527 91 41 varje

271 561 177 41 budgetår,
467 563 123 31 liksom
614 564 126 31 hittills
764 564 99 39 skett,
881 566 53 30 för
956 566 194 32 ändamålet
1173 568 135 31 anvisas
1332 570 49 29 ett
1404 570 105 38 något
1531 571 38 29 så
1584 571 62 29 när
1661 569 117 41 rikligt

271 603 141 32 tillmätt
436 605 277 43 anslagsbelopp,
731 607 52 31 för
804 618 76 20 vars
904 609 220 41 användning
1146 609 127 42 Kungl.
1291 610 97 41 Maj:t
1412 611 194 31 sedermera
1622 613 54 29 må
1692 611 85 32 efter

270 645 128 41 förslag
420 657 41 20 av
485 648 256 32 vederbörande
763 649 240 42 myndigheter
1025 651 172 32 fastställa
1219 663 42 20 en
1283 652 91 41 plan,
1392 653 219 41 upptagande
1628 653 43 32 de
1687 656 89 29 mest

270 687 150 32 aktuella
442 700 40 20 av
506 689 41 32 de
570 690 10 31 i
604 690 412 42 byggnadsprogrammet
1031 695 177 40 upptagna
1223 694 349 42 byggnadsarbetena.
1603 695 63 32 Att
1682 695 94 32 detta

269 730 267 42 anslagsbelopp
558 732 111 31 under
692 733 42 32 de
756 735 170 30 närmaste
950 734 213 42 budgetåren
1187 738 108 30 måste
1317 739 171 39 upptagas
1510 737 78 31 med
1608 739 50 29 ett
1679 738 12 30 i
1714 738 62 31 för-

269 771 159 33 hållande
461 773 53 31 till
547 774 64 31 vad
646 786 74 20 som
749 775 124 32 hittills
896 778 114 40 utgått
1031 778 212 41 väsentligen
1267 778 74 42 höjt
1364 744 138 81 belopp,
1526 790 103 30 synes
1652 791 122 30 genom

269 813 65 32 den
358 815 194 42 förebragta
574 817 229 41 utredningen
827 820 53 29 stå
902 818 98 33 klart.
1044 819 68 32 Vid
1136 820 233 42 övervägande
1393 832 39 20 av
1457 822 57 31 det
1536 821 139 41 belopp,
1700 833 74 20 som

270 856 145 32 sålunda
447 857 63 32 bör
543 858 137 32 anvisas
714 860 53 31 för
799 861 283 32 nästkommande
1116 862 178 41 budgetår,
1318 863 62 31 har
1405 863 57 41 jag
1485 866 137 29 stannat
1645 864 57 31 vid
1726 866 49 29 att

269 898 134 38 föreslå,
428 901 51 30 att
511 900 52 31 för
596 901 194 32 ändamålet
816 902 108 42 ifråga
946 905 105 30 måtte
1074 904 11 31 i
1108 904 187 32 riksstaten
1319 907 169 40 upptagas
1512 907 48 30 ett
1582 905 130 42 belopp
1735 917 40 20 av

268 940 136 39 600,000
426 941 134 32 kronor.

321 1033 188 39 Utskottet,
530 1046 73 20 som
622 1035 128 32 lämnat
769 1036 125 42 Kungl.
916 1037 119 42 Maj:ts
1056 1039 130 41 förslag
1206 1039 107 31 under
1334 1040 221 32 förevarande
1577 1041 109 41 punkt
1708 1042 62 30 och

273 1083 59 30 vad
359 1084 377 41 departementschefen
761 1087 10 30 i
796 1087 164 32 samband
987 1089 137 31 därmed
1150 1090 113 31 anfört
1288 1092 80 29 utan
1394 1091 144 37 erinran,
1564 1087 207 46 hemställer,

561 1155 49 29 att
639 1153 180 41 riksdagen
847 1156 55 29 må
930 1155 54 31 till
1012 1155 381 42 Ersättningsbyggnad
1422 1168 41 21 av
1491 1159 279 32 kustartilleriets

521 1203 212 32 båtmateriel
755 1205 52 30 för
826 1205 204 41 budgetåret
1052 1206 135 31 1940/41
1211 1208 116 31 anvisa
1349 1210 49 29 ett
1421 1209 348 41 reservationsanslag

519 1264 40 20 av
581 1254 136 37 600,000
740 1254 132 32 kronor.

317 1352 85 42 92:0)
426 1354 431 39 Brandskyddsanordningar.
897 1356 19 30 I
938 1356 150 41 enlighet
1108 1357 78 31 med
1207 1357 124 42 Kungl.
1354 1358 120 42 Maj:ts
1496 1359 128 42 förslag
1649 1359 121 42 (punkt

272 1403 67 37 105,
372 1404 64 31 sid.
471 1404 55 31 151
561 1405 63 31 och
658 1405 87 39 152),
777 1405 104 32 vilket
914 1417 98 20 avser
1043 1407 186 32 anvisande
1263 1419 39 20 av
1334 1409 112 31 medel
1479 1410 53 31 för
1563 1410 206 41 vidtagande

266 1465 39 19 av
322 1454 229 41 anordningar
566 1455 53 31 för
636 1455 256 41 nedbringande
909 1467 42 20 av
966 1456 227 33 brandrisken
1209 1458 92 31 inom
1318 1459 92 31 vissa
1427 1460 206 38 verkstäder,
1652 1461 115 32 förråd

266 1503 62 31 och
348 1504 107 31 andra
476 1504 164 42 viktigare
662 1505 205 42 byggnader,
889 1506 198 32 hemställer
1108 1508 176 38 utskottet,

559 1574 49 29 att
630 1572 181 41 riksdagen
834 1575 53 29 må
910 1573 54 31 till
986 1573 480 43 Brandskyddsanordningar
1489 1577 52 31 för
1563 1577 204 42 budgetåret

519 1622 134 31 1940/41
675 1622 116 32 anvisa
811 1625 49 30 ett
880 1624 350 42 reservationsanslag
1250 1636 40 20 av
1310 1626 114 37 40,000
1445 1627 131 31 kronor.

315 1712 85 41 93:0)
438 1714 174 38 Utrustning
645 1715 50 30 för
718 1716 116 30 central
858 1717 266 37 torpedverkstad.
1186 1717 48 31 På
1270 1718 114 31 därom
1422 1729 40 20 av
1498 1719 126 41 Kungl.
1663 1720 102 41 Maj:t

264 1763 98 40 gjord
383 1763 252 42 framställning
663 1764 120 42 (punkt
806 1766 68 37 106,
899 1766 63 31 sid.
988 1766 71 41 152)
1087 1767 63 31 och
1175 1768 108 31 under
1305 1769 135 31 erinran
1465 1771 48 29 att
1536 1770 229 33 innevarande

264 1815 53 29 års
338 1813 140 42 riksdag
498 1814 145 42 tidigare
665 1815 133 32 anvisat
818 1816 112 31 medel
951 1817 55 31 till
1027 1817 198 42 byggnader
1248 1819 52 31 för
1321 1820 129 31 central
1473 1821 290 41 torpedverkstad,

262 1864 198 32 hemställer
481 1865 176 38 utskottet,

556 1935 50 29 att
624 1933 181 41 riksdagen
822 1936 54 29 må
894 1934 54 31 till
971 1934 204 42 Utrustning
1192 1936 55 40 för
1264 1938 127 30 central
1411 1938 282 40 torpedverkstad
1712 1940 53 30 för

514 1982 203 41 budgetåret
755 1984 133 31 1940/41
927 1985 117 31 anvisa
1081 1988 48 29 ett
1156 1987 349 42 reservationsanslag
1531 1999 39 20 av
1599 1989 165 38 1,180,000

514 2032 133 32 kronor.

312 2131 84 42 94:0)
436 2133 153 31 Maskiner
613 2135 58 30 och
696 2135 121 39 verktyg
840 2137 49 30 för
911 2137 235 38 tygverkstaden
1172 2139 7 30 i
1204 2136 165 34 Fårösund.
1427 2139 82 33 Med
1524 2140 239 41 tillstyrkande

264 2192 39 19 av
317 2181 127 42 Kungl.
461 2182 117 42 Maj:ts
594 2184 130 42 förslag
744 2185 119 41 (punkt
879 2186 69 38 107,
966 2186 62 32 sid.
1047 2187 59 31 152
1121 2188 64 31 och
1202 2188 85 41 153),
1303 2189 106 32 vilket
1423 2190 142 32 innebär
1579 2192 186 31 anvisande

262 2243 39 19 av
327 2232 107 32 andra
460 2233 130 31 hälften
618 2245 41 20 av
687 2234 41 32 de
756 2235 52 31 för
834 2235 257 41 ifrågavarande
1120 2238 156 31 ändamål
1304 2239 192 33 beräknade
1524 2240 237 40 kostnaderna,

260 2282 198 32 hemställer
477 2283 175 39 utskottet,

555 2353 49 29 att
621 2351 182 42 riksdagen
820 2355 54 29 må
891 2353 54 31 till
962 2353 175 33 Maskiner
1156 2356 63 31 och
1237 2356 140 41 verktyg
1395 2357 55 40 för
1469 2359 262 39 tygverkstaden
1751 2361 11 30 i

513 2401 180 31 Fårösund
720 2402 53 31 för
797 2402 204 42 budgetåret
1029 2405 135 31 1940/41
1193 2406 117 32 anvisa
1337 2410 49 28 ett
1414 2409 349 42 reservationsanslag

513 2462 39 20 av
574 2451 114 38 22,000
710 2452 131 32 kronor.
