1916 2834
88 240 132 24 Utskottet.

276 162 20 29 4
742 165 263 29 Statsutskottets
1025 165 167 30 utlåtande
1212 168 44 27 Nr
1276 170 27 25 4.

323 238 77 31 Vad
436 238 108 31 under
575 239 222 31 förevarande
830 239 111 41 punkt
974 239 11 31 i
1019 239 112 32 skilda
1159 240 191 32 avseenden
1373 240 194 41 föreslagits
1591 241 111 31 finner
1725 241 50 41 sig

273 288 169 32 utskottet
464 288 83 32 böra
568 289 182 42 tillstyrka.

325 339 181 31 Utskottet
528 339 208 39 hemställer,

592 417 52 29 att
659 415 181 42 riksdagen
857 418 64 36 må,
946 416 77 32 med
1039 417 250 41 godkännande
1304 428 41 20 av
1360 417 59 31 vid
1435 417 145 31 berörda
1596 417 180 32 statsråds-

538 465 176 41 protokoll
735 466 93 41 fogat
851 466 128 42 förslag
1001 467 53 31 till
1077 469 70 29 stat
1169 467 53 31 för
1235 467 283 38 försvarsstaben,
1535 469 51 29 att
1601 467 174 42 tillämpas

539 515 111 32 under
683 516 205 42 budgetåret
919 518 146 39 1940/41,
1096 517 54 31 till
1183 518 285 32 Försvarsstaben:
1500 517 203 41 Avlöningar
1723 518 53 31 för

539 577 131 21 samma
691 567 168 41 budgetår
882 567 118 32 anvisa
1022 570 50 29 ett
1094 568 268 41 förslagsanslag
1383 579 41 20 av
1447 568 135 38 262,000
1596 568 137 31 kronor.

320 680 64 42 4:0)
409 681 274 31 Försvarsstaben:
713 680 231 31 Omkostnader.
990 678 81 32 Med
1095 678 240 42 tillstyrkande
1359 690 41 20 av
1422 678 127 42 Kungl.
1573 678 117 42 Maj:ts
1713 679 63 31 för-

269 731 72 41 slag
374 730 122 42 (punkt
527 731 29 37 4,
591 730 65 31 sid.
683 730 38 31 16
744 729 63 32 och
832 729 59 42 17),
915 729 105 32 vilket
1043 729 11 31 i
1077 729 213 31 förhållande
1313 729 54 31 till
1390 729 59 31 det
1471 729 52 31 för
1544 729 230 31 innevarande

271 781 168 42 budgetår
469 780 161 32 anvisade
654 780 154 41 anslaget
830 780 146 31 innebär
998 791 42 20 en
1063 779 145 42 höjning
1230 779 77 32 med
1329 780 96 38 4,000
1447 779 134 39 kronor,
1605 779 169 32 avseende

270 833 123 40 posten
418 831 53 32 till
494 841 177 31 expenser,
696 830 198 32 hemställer
916 830 178 38 utskottet,

590 909 51 29 att
664 907 181 41 riksdagen
868 908 56 30 må
947 906 52 32 till
1014 907 287 31 Försvarsstaben:
1321 906 231 32 Omkostnader
1566 906 54 31 för
1635 905 141 42 budget-

540 959 71 30 året
637 956 134 33 1940/41
795 956 120 32 anvisa
938 958 48 30 ett
1008 956 270 42 förslagsanslag
1300 968 40 19 av
1365 956 135 38 110,000
1521 956 136 32 kronor.

321 1059 64 42 5:0)
410 1060 274 31 Försvarsstaben:
709 1057 162 34 Underhåll
896 1060 58 30 och
979 1059 71 30 drift
1073 1067 36 22 av
1126 1059 216 30 motorfordon.
1380 1059 273 30 Försvarsstaben:
1688 1058 87 31 Vissa

273 1112 125 30 arbeten
435 1108 18 33 å
487 1110 340 38 mobiliseringsverket.
874 1110 274 30 Försvarsstaben:
1188 1109 221 37 Fältövningar.
1455 1108 18 31 I
1509 1108 152 41 enlighet
1698 1108 77 31 med

271 1161 125 41 Kungl.
431 1160 116 41 Maj:ts
579 1160 130 41 förslag
741 1159 204 42 (punkterna
975 1159 92 37 5—7,
1092 1158 64 32 sid.
1182 1159 37 31 17
1243 1158 63 31 och
1332 1158 59 41 18),
1414 1158 91 31 vilka
1527 1158 11 31 i
1560 1158 214 32 förhållande

273 1212 51 31 till
357 1211 43 31 de
434 1211 52 31 för
517 1210 231 32 innevarande
780 1209 171 42 budgetår
983 1208 163 32 anvisade
1179 1209 162 41 anslagen
1374 1208 165 32 innebära
1560 1208 214 32 beträffande

269 1261 237 32 förstnämnda
527 1260 90 32 båda
640 1260 118 41 anslag
780 1259 198 32 oförändrat
993 1259 128 41 belopp
1139 1259 64 30 och
1219 1259 11 30 i
1244 1259 94 40 fråga
1354 1270 56 20 om
1426 1258 215 32 sistnämnda
1656 1259 119 41 anslag

271 1323 40 21 en
334 1311 199 41 minskning
554 1310 80 32 med
656 1311 94 37 4,000
771 1310 137 38 kronor,
932 1309 199 32 hemställer
1154 1309 176 38 utskottet,

590 1388 52 29 att
664 1385 182 42 riksdagen
869 1386 56 30 må
946 1385 53 31 för
1020 1384 206 43 budgetåret
1249 1383 136 33 1940/41
1409 1384 118 32 anvisa

590 1436 29 41 a)
643 1436 54 31 till
723 1436 286 31 Försvarsstaben:
1041 1435 177 32 Underhåll
1241 1434 53 32 och
1316 1434 87 40 drift
1424 1446 40 21 av
1485 1435 218 40 motorfordon
1725 1436 49 30 ett

537 1486 352 41 reservationsanslag
912 1497 41 20 av
975 1486 94 37 3,000
1090 1485 140 38 kronor;

589 1536 34 42 b)
647 1536 54 32 till
733 1537 285 31 Försvarsstaben:
1050 1535 97 32 Vissa
1169 1536 127 31 arbeten
1318 1537 21 30 å
1361 1535 343 41 mobiliseringsverket
1724 1537 49 30 ett

537 1586 353 41 reservationsanslag
912 1597 41 20 av
977 1586 113 38 15,000
1112 1586 139 38 kronor;

590 1637 29 42 ce)
642 1637 54 32 till
717 1637 286 31 Försvarsstaben:
1025 1636 240 41 Fältövningar
1287 1637 49 30 ett
1358 1636 354 41 reservationsanslag
1733 1647 40 20 av

539 1689 93 34 1,000
654 1688 134 31 kronor.

321 1799 63 41 6:0)
421 1800 272 31 Försvarsstaben:
730 1799 221 31 Radioanstalt.
995 1797 127 42 Kungl.
1157 1797 98 41 Maj:t
1287 1797 62 31 har
1382 1796 176 42 föreslagit
1590 1796 182 42 riksdagen

270 1850 121 42 (punkt
425 1851 28 37 8,
489 1850 62 31 sid.
587 1848 136 41 18—21)
756 1850 49 30 att
828 1848 53 31 till
904 1847 305 33 Försvarsstaben:
1233 1847 241 32 Radioanstalt
1495 1847 53 31 för
1569 1847 204 41 budgetåret

272 1900 134 32 1940/41
431 1900 117 32 anvisa
571 1901 49 30 ett
643 1898 351 41 reservationsanslag
1016 1909 40 20 av
1079 1898 116 38 27,000
1216 1898 133 31 kronor.

322 2001 410 42 Departementschefens
764 2000 129 41 förslag
926 2000 144 31 innebär
1104 1999 217 42 utbyggande
1356 2010 40 20 av
1430 1998 270 32 radioanstalten
1724 2000 49 29 att

270 2052 216 42 genomföras
520 2051 190 32 successivt
736 2051 77 31 med
835 2051 122 41 början
980 2050 110 32 under
1110 2050 206 41 budgetåret
1340 2050 146 31 1940/41.
1530 2049 243 32 Kostnaderna

270 2104 51 31 för
353 2102 294 32 försvarsstabens
681 2101 226 32 radioanstalt
938 2101 53 31 för
1017 2100 205 41 budgetåret
1245 2099 135 33 1940/41
1405 2099 87 32 hava
1513 2099 184 32 beräknats
1720 2099 53 31 till

269 2172 39 4 —
329 2154 149 31 frånsett
498 2153 97 31 löner
618 2152 66 31 och
706 2152 104 31 andra
832 2151 172 32 förmåner
1025 2151 53 31 för
1100 2151 161 41 personal
1283 2152 44 40 på
1349 2150 93 31 aktiv
1465 2151 76 37 stat,
1565 2150 92 31 vilka
1672 2150 101 31 förut-

271 2206 85 29 satts
381 2203 98 32 skola
500 2203 134 31 belasta
655 2202 193 42 respektive
871 2201 120 41 anslag
1012 2201 110 31 under
1145 2203 115 29 armén
1283 2201 64 31 och
1370 2200 154 32 marinen
1547 2218 41 4 —
1608 2211 165 20 samman-

269 2255 70 40 lagt
361 2254 93 31 cirka
477 2254 113 36 27,000
612 2253 137 38 kronor,
772 2253 103 31 därav
897 2252 53 31 för
973 2251 81 32 drift
1076 2252 65 31 och
1164 2251 180 31 underhåll
1366 2262 43 20 m.
1434 2262 42 20 m.
1502 2251 112 38 15,000
1636 2251 135 38 kronor,

271 2305 51 31 för
355 2304 126 32 arvode
514 2306 34 29 åt
581 2314 43 21 en
648 2302 231 43 pensionerad
901 2302 228 31 underofficer
1152 2302 94 37 2,130
1267 2301 127 31 kronor
1417 2303 88 29 samt
1527 2301 52 31 till
1604 2301 168 31 särskilda

269 2354 228 42 ersättningar
530 2356 34 29 åt
597 2353 68 32 den
698 2353 52 31 till
783 2353 173 31 anstalten
989 2351 287 33 kommenderade
1308 2352 205 41 personalen
1537 2363 19 19 å
1579 2351 92 31 aktiv
1695 2353 76 36 stat,

269 2405 226 41 sammanlagt
516 2405 94 38 9,300
632 2404 135 31 kronor.

320 2454 352 33 Personalbeståndet
704 2454 52 32 för
788 2453 279 42 organisationen
1099 2453 53 32 för
1174 2454 98 30 nästa
1294 2452 169 42 budgetår
1485 2452 167 32 beräknas
1676 2452 53 31 till
1754 2454 14 28 1
