1914 2850
440 172 422 38 Bevillningsutskottets
888 167 225 34 betänkande
1139 165 53 32 Nr
1220 165 50 30 53.
1553 159 18 31 3

155 253 71 33 Till
249 252 219 36 behandling
493 251 12 30 i
533 248 174 33 samband
733 247 80 31 med
840 244 237 33 förevarande
1106 241 220 37 proposition
1351 238 66 32 har
1444 236 173 33 utskottet

117 305 122 32 funnit
264 303 166 37 lämpligt
455 303 162 34 upptaga
640 311 45 21 en
709 299 57 32 till
791 298 174 31 utskottet
990 294 187 36 hänvisad,
1202 294 95 30 inom
1324 293 112 30 första
1461 290 158 31 kamma-

115 367 64 21 ren
227 357 106 31 väckt
381 355 133 32 motion
535 363 45 21 nr
602 353 68 37 248,
698 354 11 30 i
739 351 122 32 vilken
886 350 83 31 herr
995 349 180 36 Bergman
1212 342 190 38 hemställt,
1432 343 73 31 »att
1531 340 88 32 riks-

117 410 115 36 dagen
260 410 110 31 måtte
396 408 139 32 besluta
560 406 121 31 åsätta
707 414 43 22 en
778 401 340 36 omsättningsskatt
1142 409 47 21 av
1217 401 53 29 tre
1296 397 130 30 kronor
1455 395 56 30 för
1537 393 84 31 liter

118 464 22 29 å
183 463 73 32 alla
280 461 102 33 viner
407 460 98 30 utom
526 459 44 32 de
596 456 228 36 alkoholfria,
850 456 54 32 att
929 453 97 37 gälla
1050 452 57 32 till
1131 452 183 35 utgången
1339 458 45 21 av
1409 446 212 36 budgetåret

118 514 172 36 1932/1933
311 515 83 32 från
411 512 68 32 den
498 511 72 38 dag
590 508 135 36 Kungl.
744 509 111 37 Maj:t
872 508 243 31 bestämmer.»

170 567 133 32 Tillika
334 567 67 31 har
432 564 224 32 motionären
687 560 193 38 hemställt,
912 561 54 31 att
999 555 394 37 bevillningsutskottet
1425 553 112 31 måtte
1566 552 55 30 ut-

121 618 117 34 forma
263 617 236 36 erforderliga
523 611 516 38 författningsbestämmelser.

160 695 285 32 Vidkommande
474 694 41 31 de
545 693 88 36 skäl,
663 691 223 32 motionären
914 688 123 32 anfört
1066 686 58 32 till
1152 685 77 32 stöd
1262 685 56 31 för
1349 683 41 32 de
1419 693 46 21 av
1495 681 128 31 honom

122 748 227 33 framställda
376 746 189 36 förslagen,
590 745 137 32 tillåter
752 743 55 36 sig
830 741 175 32 utskottet
1031 738 154 33 hänvisa
1208 737 57 32 till
1290 735 230 32 motionerna.

158 852 320 32 Bestämmelserna
504 849 184 37 angående
715 845 250 36 omsättnings-
992 844 64 31 och
1082 838 362 38 utskänkningsskatt
1471 838 20 30 å
1517 835 105 37 sprit-

119 905 162 37 drycker,
298 904 100 31 vilka
415 903 124 37 plägat
559 912 45 21 av
623 900 193 36 riksdagen
835 899 152 34 antagas
1007 896 152 31 allenast
1178 894 54 30 för
1252 894 50 30 ett
1321 892 40 31 år
1380 891 12 30 i
1411 889 128 32 sänder
1558 887 65 31 och

120 959 56 30 för
216 956 227 32 närvarande
480 955 95 36 gälla
617 952 97 32 intill
742 949 244 34 innevarande
1016 948 194 35 budgetårs
1239 945 82 35 slut,
1350 944 95 30 hava
1475 941 12 31 1
1519 941 102 31 stats-

117 1008 374 38 verkspropositionen
515 1006 57 31 till
595 1006 95 30 årets
713 1003 147 36 riksdag
886 1001 190 32 förutsatts
1100 999 108 35 skola,
1232 997 78 31 med
1333 995 73 31 viss
1430 992 156 36 ändring
1611 990 12 30 i

120 1063 106 35 fråga
247 1072 57 20 om
327 1060 205 36 grunderna
555 1059 55 30 för
633 1054 393 37 omsättningsskatten,
1050 1054 69 33 äga
1142 1047 230 38 tillämpning
1396 1049 92 29 även
1510 1044 113 32 under

119 1112 295 34 nästkommande
441 1111 186 36 budgetår.

160 1166 19 31 I
195 1162 465 38 statsverkspropositionen
677 1159 216 32 hänvisades
910 1157 56 32 till
983 1157 54 31 att
1054 1155 113 36 enligt
1185 1149 439 37 riksräkenskapsverkets

121 1217 199 36 beräkning
348 1227 46 20 av
420 1214 338 33 statsinkomsterna
785 1211 55 31 för
867 1207 294 34 nästkommande
1188 1205 174 36 budgetår
1390 1202 128 36 kunde,
1545 1200 81 31 med

121 1269 210 32 nuvarande
355 1268 241 35 skattesatser,
619 1266 11 30 i
655 1264 157 32 intäkter
838 1263 83 30 från
944 1256 480 40 rusdrycksmedelstitlarna
1444 1253 182 38 påräknas

122 1324 52 30 ett
203 1322 125 36 belopp
358 1331 46 20 av
433 1319 127 31 inalles
591 1317 94 31 103.2
715 1315 166 37 miljoner
910 1314 141 35 kronor,
1081 1312 112 31 därav
1225 1310 11 30 i
1266 1305 359 35 brännvinstillverk-

123 1374 204 37 ningsskatt
348 1373 75 30 16.2
442 1371 167 36 miljoner
629 1370 140 35 kronor,
786 1368 88 30 från
895 1363 389 39 partihandelsbolaget
1306 1361 37 30 10
1364 1359 166 36 miljoner
1548 1357 79 31 kro-

123 1437 75 26 nor,
222 1426 83 31 från
328 1422 415 38 detaljhandelsbolagen
766 1421 38 29 22
826 1419 165 36 miljoner
1014 1418 142 34 kronor,
1179 1415 11 30 i
1214 1412 250 36 omsättnings-
1487 1410 65 31 och
1574 1410 53 29 ut-

124 1477 322 36 skänkningsskatt
469 1476 38 30 38
530 1474 166 36 miljoner
721 1473 129 30 kronor
875 1471 92 31 samt
990 1470 12 29 i
1023 1468 187 31 maltskatt
1235 1467 37 29 17
1296 1464 165 36 miljoner
1487 1462 141 30 kronor.

124 1532 55 30 Då
200 1530 126 32 ehefen
347 1529 56 31 för
426 1526 404 36 finansdepartementet
852 1523 111 35 ansåg
986 1521 58 31 det
1064 1520 12 30 i
1099 1517 208 33 nuvarande
1329 1512 300 35 statsfinansiella

125 1583 80 36 läge
231 1592 88 21 vara
345 1579 229 36 erforderligt
601 1580 53 29 att
679 1596 41 4 —
745 1577 125 30 utöver
896 1574 71 31 vad
992 1568 423 37 riksräkenskapsverket
1442 1567 12 30 i
1477 1566 57 31 sin
1559 1565 70 31 för-

126 1633 297 38 slagsberäkning
444 1630 168 38 upptagit
631 1648 41 4 —
693 1629 83 30 från
798 1625 282 37 ifrågavarande
1101 1621 220 34 skattetitlar
1344 1618 137 33 erhålla
1503 1618 52 31 ett
1574 1617 55 31 be-

126 1688 83 35 lopp
235 1697 44 21 av
305 1684 211 37 ytterligare
541 1683 39 29 22
605 1680 166 37 miljoner
795 1680 131 30 kronor
950 1678 54 30 för
1032 1673 239 37 finansiering
1298 1683 44 21 av
1368 1670 179 37 budgeten
1575 1668 55 31 för

127 1737 295 33 nästkommande
453 1735 186 36 budgetår,
670 1732 215 32 anmodades
916 1727 332 37 kontrollstyrelsen
1281 1726 66 31 den
1379 1724 37 30 28
1448 1722 183 32 december

128 1791 78 31 1931
229 1790 54 31 att
304 1789 179 31 inkomma
505 1787 80 31 med
609 1784 203 36 utredning,
834 1783 95 31 huru
953 1782 97 31 detta
1073 1779 202 35 merbelopp
1299 1775 195 37 lämpligen
1517 1773 115 33 skulle

128 1843 124 30 kunna
273 1842 145 35 uttagas
440 1840 64 31 och
526 1838 157 31 fördelas
704 1839 21 29 å
745 1837 40 30 de
808 1835 97 32 olika
926 1829 480 39 rusdrycksmedelstitlarna
1427 1827 86 31 eller
1535 1825 98 31 vissa

129 1905 46 20 av
203 1895 78 30 dem
308 1896 167 28 ävensom
501 1891 79 30 med
609 1889 135 36 förslag
772 1887 56 31 till
857 1888 41 30 de
927 1882 438 37 författningsändringar
1393 1879 64 31 och
1483 1879 149 30 bestäm-

129 1946 127 31 melser
281 1945 11 30 i
316 1944 128 36 övrigt,
467 1953 74 20 som
566 1942 57 30 till
647 1939 181 32 vinnande
852 1949 45 20 av
922 1938 98 30 detta
1045 1936 95 36 syfte
1162 1933 234 32 erfordrades.
1437 1930 83 31 Med
1545 1928 88 32 skri-

129 1998 96 31 velse
250 1998 66 30 den
341 1996 18 30 3
382 1994 144 37 januari
552 1993 77 31 1932
654 2000 117 27 avgav
797 1987 332 37 kontrollstyrelsen
1153 1984 193 35 utredning
1372 1983 64 31 och
1461 1981 136 36 förslag
1622 1979 12 31 i

131 2051 129 30 ämnet.
308 2049 17 30 I
352 2045 350 33 överensstämmelse
728 2043 79 31 med
832 2039 351 36 kontrollstyrelsens
1212 2036 135 35 förslag
1375 2033 221 33 beräknades
1623 2031 12 30 i

133 2098 464 38 statsverkspropositionen
630 2106 43 21 en
706 2095 133 35 ökning
872 2093 78 31 med
982 2092 37 31 15
1052 2090 165 36 miljoner
1249 2089 130 30 kronor
1412 2097 44 20 av
1491 2085 144 31 omsätt-

132 2153 261 36 ningsskatten,
416 2151 78 31 med
520 2151 17 29 5
562 2148 166 36 miljoner
753 2147 130 30 kronor
908 2155 44 20 av
977 2143 234 32 maltskatten
1235 2141 62 30 och
1323 2139 79 31 med
1426 2139 17 29 2
1469 2137 167 35 miljoner

134 2206 130 31 kronor
290 2215 45 20 av
363 2202 238 32 vinstmedlen
632 2201 81 29 från
744 2197 239 35 aktiebolaget
1013 2196 85 31 Vin-
1128 2194 62 31 och
1222 2191 283 37 spriteentralen.
1556 2188 78 32 Vad

134 2257 146 31 särskilt
303 2256 113 35 angår
440 2252 251 35 omsältnings-
716 2251 63 30 och
804 2247 406 35 utskänkningsskatten
1235 2263 40 4 —
1298 2243 121 31 vilken
1442 2242 79 30 med
1546 2240 91 31 oför-

135 2308 159 31 ändrade
327 2306 232 31 skattesatser
591 2314 44 20 av
669 2299 424 36 riksriikenskapsverket
1125 2296 191 32 beräknats
1350 2295 119 29 limna
1502 2302 43 21 en
1578 2302 59 20 av-

135 2360 170 34 kastning
332 2369 45 20 av
404 2357 37 30 38
468 2355 166 36 miljoner
661 2354 130 30 kronor
816 2371 40 3 —
881 2352 153 35 upptogs
1059 2350 205 30 densamma
1293 2347 8 29 i
1330 2343 308 37 budgetförslaget

137 2412 56 31 till
218 2413 50 29 ett
293 2410 126 35 belopp
444 2419 44 20 av
513 2408 38 29 53
574 2405 167 36 miljoner
765 2405 140 29 kronor.

1676 837 145 27 Utskottet.

1669 891 159 25 Statsverks-

1642 926 210 32 propositionen,
