2176 2556
727 212 104 30 Stats-
840 211 170 31 Utskottets
1039 209 170 31 Utlåtande
1233 208 61 31 N:o
1317 209 51 30 61.
1799 209 17 27 3

236 302 76 36 fem
357 306 84 31 åren
486 301 96 35 hade
625 301 9 35 i
679 300 68 36 och
789 299 83 36 med
906 298 184 45 ökningen
1121 295 39 36 af
1186 295 299 36 materialförråd
1517 295 68 36 och
1615 294 244 48 kassaförlag,

237 367 77 23 som
358 352 123 35 under
522 351 102 35 tiden
672 350 247 36 1871—1876
964 354 89 28 växt
1094 346 81 36 från
1207 349 19 33 2
1255 348 59 34 till
1344 347 106 35 öfver
1479 349 19 32 6
1528 347 195 42 millioner,
1754 346 104 35 alltid

237 407 171 45 uppstått
438 416 43 21 en
512 401 56 35 för
597 402 328 46 statsregleringen
956 400 7 33 i
995 397 112 48 öfrigt
1138 404 76 29 rätt
1242 398 140 34 känbar
1412 397 95 35 brist
1534 398 8 33 i
1562 396 70 36 den
1650 396 35 36 af
1701 396 158 36 trafiken

237 453 214 37 beräknade
494 452 336 47 nettobehållning,
872 463 43 22 en
958 449 197 36 företeelse
1197 461 82 22 som
1313 448 108 35 äfven
1452 447 59 36 för
1539 450 78 32 året
1649 450 93 34 1877
1773 460 88 22 vore

238 505 142 47 synbar
409 504 53 33 uti
492 502 71 35 den
594 501 209 48 framlagda
832 501 255 45 beräkningen
1118 499 36 35 af
1183 499 174 35 behållna
1383 498 219 35 öfverskott.
1645 499 68 34 Att
1733 498 127 35 vidare

239 556 124 45 fortgå
404 557 48 44 på
493 553 124 35 denna
659 560 70 39 väg
770 557 126 43 syntes
939 551 80 35 icke
1061 550 106 35 lända
1211 550 55 34 till
1301 552 122 43 någon
1453 548 120 36 fördel
1605 549 166 35 hvarken
1803 548 58 36 för

239 604 331 47 statsregleringen
602 604 90 34 eller
719 602 59 36 för
807 601 228 48 öfversigten
1067 600 106 35 öfver
1197 600 358 48 jernvägstrafikens
1576 600 192 46 ställning,
1790 600 69 34 och

240 657 66 34 det
334 655 107 35 torde
471 655 79 34 icke
580 667 87 22 vara
695 653 58 36 för
783 653 152 48 mycket
964 651 168 47 begärdt,
1163 657 55 29 att
1246 652 226 33 åtminstone
1501 649 219 35 hädanefter
1747 656 115 29 sattes

239 720 43 22 en
313 714 111 39 gräns
453 705 58 34 för
540 703 328 48 skattebidragens
897 701 245 37 användande
1172 702 55 34 till
1258 701 141 46 ökning
1419 699 39 36 af
1466 701 225 46 jernvägens
1708 699 154 48 förlags-

240 757 154 47 kapital,
425 756 92 34 allra
545 755 93 35 helst
667 768 77 22 som
775 754 123 35 denna
928 751 223 37 hädanefter
1180 751 316 45 hufvudsakligen
1527 751 148 34 komme
1704 757 55 29 att
1775 752 87 34 bero

240 811 47 45 på
325 808 304 46 jernvägsnätets
673 805 128 35 vidare
834 804 262 46 utsträckning
1125 809 79 28 mot
1233 815 101 22 norr.
1391 801 79 35 Den
1501 801 168 36 enklaste
1699 807 161 42 utvägen

241 857 124 35 dertill
407 869 86 23 vore
536 862 54 29 att
631 859 19 31 å
695 855 372 46 Riksgäldskontoret
1103 853 127 35 anvisa
1271 858 53 30 ett
1366 852 137 46 anslag,
1545 851 232 47 begränsadt
1809 853 52 34 till

243 908 198 43 1,000,000
470 908 152 37 kronor,
652 906 133 34 hvaraf
811 906 97 46 finge
940 903 94 37 efter
1063 902 234 37 afslutandet
1316 902 39 35 af
1371 902 312 47 trafikstyrelsens
1700 902 162 35 hufvud-

240 960 74 34 bok
358 957 114 49 lyftas
507 957 208 46 ersättning
747 955 58 36 för
834 955 64 35 det
927 954 150 48 belopp,
1107 953 179 35 hvarmed
1311 954 223 45 jernvägens
1565 952 296 36 materialförråd

242 1009 68 35 och
342 1006 234 49 kassaförlag
605 1007 107 35 ökats
741 1005 119 36 under
888 1005 229 45 föregående
1147 1008 51 31 år.

376 1058 53 35 På
457 1059 117 43 grund
607 1057 39 35 af
672 1056 93 35 hvad
795 1056 155 35 sålunda
981 1054 156 42 anförts,
1167 1055 68 34 har
1263 1053 418 47 Departementschefen
1712 1052 83 46 (sid.
1816 1056 45 33 43

244 1109 39 36 af
309 1108 253 49 nyssnämnda
582 1104 411 49 statsrådsprotokoll),
1010 1105 82 35 med
1111 1104 197 42 förmälan,
1326 1109 55 29 att
1396 1116 44 22 en
1459 1103 104 49 dylik
1580 1105 211 46 ersättning
1806 1104 56 35 för

241 1160 187 45 ökningen
473 1158 120 35 under
633 1161 41 32 år
719 1158 92 35 1879
841 1157 32 46 ej
903 1155 156 36 behöfde
1089 1155 39 35 af
1154 1154 383 48 Riksgäldskontoret
1565 1154 188 36 utbetalas
1782 1154 79 36 före

241 1214 41 31 år
313 1211 95 34 1880
440 1209 68 35 och
538 1208 142 36 således
709 1208 32 45 ej
772 1208 112 34 borde
915 1212 185 42 upptagas
1130 1205 113 35 bland
1274 1204 83 35 dess
1386 1203 158 49 utgifter
1560 1204 118 35 under
1695 1208 40 32 år
1755 1206 107 41 1879,

242 1273 81 22 men
355 1265 54 29 att
437 1258 177 36 behofvet
643 1260 38 33 af
706 1271 43 21 en
779 1257 115 35 sådan
923 1257 56 34 till
1009 1256 87 35 reda
1126 1255 164 35 ledande
1315 1255 185 47 reglering
1526 1260 129 42 syntes
1676 1256 72 34 lika
1767 1262 97 28 stort

241 1311 108 35 äfven
392 1309 58 36 för
489 1308 310 36 nästkommande
842 1311 52 39 år,
936 1307 176 35 hemstält
1154 1319 61 21 om
1257 1304 183 36 aflåtande
1482 1305 55 34 till
1579 1305 216 49 Riksdagen
1826 1305 40 36 af

241 1359 276 37 ofvanberörda
545 1359 159 47 förslag;
734 1358 148 35 hvilken
912 1357 222 35 hemställan
1164 1356 68 35 ock
1262 1355 126 36 blifvit
1417 1356 9 34 i
1454 1355 115 35 nåder
1599 1355 161 36 bifailen.

378 1410 15 34 I
434 1409 393 36 öfverensstämmelse
871 1407 152 35 härmed
1066 1407 66 35 och
1176 1414 102 34 enär,
1313 1405 85 36 med
1429 1406 242 48 tillämpning
1699 1406 40 35 af
1764 1403 102 39 hvad

244 1461 158 35 sålunda
432 1461 126 34 blifvit
587 1460 216 46 föreslaget,
833 1458 59 36 för
920 1461 41 32 år
992 1458 93 35 1879
1117 1457 80 35 icke
1226 1456 160 36 behöfde
1404 1454 79 36 från
1503 1456 44 34 de
1575 1456 165 36 behållna
1758 1458 104 46 jern-

245 1510 355 48 vägstrafikmedlen
646 1510 171 34 afräknas
860 1507 278 36 ofvannämnda
1183 1507 114 46 utgift
1339 1506 40 35 af
1418 1508 161 41 777,250
1614 1507 152 44 kronor,
1796 1508 68 35 har

240 1561 362 48 jernvägstrafikens
645 1559 333 45 nettobehållning,
1015 1558 147 34 hvilken
1199 1558 37 33 af
1263 1556 282 36 Statskontoret
1573 1557 8 33 i
1613 1556 83 36 dess
1725 1557 138 47 förslag

244 1612 195 47 upptagits
481 1611 56 34 till
578 1611 200 44 4,000,000
820 1609 151 42 kronor,
1013 1609 99 33 såväl
1142 1607 39 35 af
1205 1606 134 47 Kongl.
1369 1607 105 47 Maj:t
1502 1620 77 22 som
1609 1607 40 35 af
1674 1607 190 37 Stats-Ut-

244 1663 143 34 skottet
428 1663 7 33 i
480 1661 82 35 dess
605 1660 38 36 af
682 1659 210 45 Riksdagen
937 1658 149 35 bifallna
1129 1658 193 34 utlåtande
1366 1657 69 35 N:o
1469 1659 42 34 15
1541 1656 27 46 (i
1599 1658 105 35 detta
1733 1671 131 23 senare

245 1712 223 45 visserligen
503 1710 120 36 under
651 1710 184 36 förbehåll
865 1708 37 36 af
928 1709 72 35 den
1031 1708 171 42 ändring,
1231 1721 79 22 som
1342 1707 38 36 af
1406 1707 232 47 Riksdagens
1668 1708 195 36 blifvande

245 1763 126 35 beslut
400 1761 123 36 kunde
552 1759 231 45 föranledas)
812 1759 202 37 beräknats
1045 1759 53 34 till
1122 1761 200 41 4,750,000
1339 1759 157 42 kronor;
1526 1758 204 47 hvarjemte
1747 1757 117 37 Stats-

245 1814 109 34 rådet
396 1812 70 35 och
510 1811 127 36 chefen
681 1811 57 34 för
778 1810 420 47 finansdepartementet
1227 1810 7 34 i
1268 1809 64 35 det
1360 1808 39 35 af
1424 1809 134 34 honom
1591 1809 225 48 uppgjorda,
1844 1813 21 32 å

245 1864 106 35 sidan
378 1864 46 33 46
455 1862 67 35 och
552 1864 45 33 47
628 1861 40 36 af
694 1860 112 36 ofvan
835 1860 214 48 åberopade
1071 1859 372 48 statsrådsprotokoll
1459 1858 310 37 förekommande
1790 1860 74 35 för-

245 1915 82 44 slag
367 1914 54 34 till
464 1918 73 30 stat
566 1913 57 34 för
652 1911 374 47 Riksgäldskontoret
1052 1909 57 36 för
1137 1914 41 31 år
1209 1911 94 34 1879
1333 1909 111 35 bland
1473 1909 84 36 dess
1589 1910 157 48 utgifter
1775 1924 90 34 upp-

246 1965 94 45 tagit
381 1969 54 29 ett
468 1964 129 45 anslag
625 1962 55 35 till
708 1961 232 36 betäckande
972 1961 40 35 af
1036 1961 139 45 ökning
1205 1961 121 35 under
1354 1963 41 32 år
1426 1962 94 34 1878
1550 1959 39 37 af
1614 1962 62 34 det
1705 1961 59 35 för
1793 1967 72 29 sta-

245 2021 82 29 tens
364 2013 291 48 jernvägstrafik
696 2012 188 47 behöfliga
927 2011 303 36 muaterialförråd
1273 2011 68 35 och
1373 2010 232 49 kassaförlag
1633 2012 56 34 till
1718 2018 50 28 ett
1799 2012 65 35 be-

245 2066 89 47 lopp
363 2064 40 36 af
428 2065 111 47 högst
571 2064 195 42 1,000,000
795 2063 147 34 kronor.

382 2115 130 36 Såsom
555 2114 114 34 kändt
697 2120 40 27 är
769 2113 65 35 och
866 2112 107 36 äfven
1006 2112 67 35 här
1101 2111 112 36 ofvan
1243 2110 218 44 meddelats,
1490 2111 111 35 hafva
1629 2112 142 46 ganska
1801 2113 64 36 be-

247 2166 149 47 tydliga
438 2166 137 47 belopp
617 2164 40 34 af
681 2168 139 31 statens
848 2162 320 36 trafikinkomster
1196 2162 174 47 nedlagts
1399 2163 8 33 i
1435 2162 245 46 jernvägarne
1711 2163 66 35 och
1808 2167 58 32 så-

247 2216 117 34 lunda
406 2217 287 46 kapitaliserats.
752 2214 54 35 En
850 2213 105 48 dylik
997 2213 288 46 kapitalisering
1327 2212 36 35 af
1404 2212 350 36 statsinkomsterna
1795 2215 69 35 kan

248 2266 210 36 emellertid
502 2267 30 46 ej
577 2278 68 34 ega
687 2278 79 22 rum
811 2270 86 29 utan
932 2277 42 22 en
1013 2263 264 35 motsvarande
1307 2261 98 37 ökad
1434 2262 251 49 beskattning,
1715 2264 150 39 hvilken
