1916 2840
311 179 18 27 2
493 177 103 27 Andra
619 176 197 28 kammarens
840 173 106 40 tredje
969 177 155 35 tillfälliga
1148 177 131 27 utskotts
1304 177 157 27 utlåtande
1485 177 44 27 Nr
1552 178 25 26 6.

311 257 119 39 längre
452 258 88 29 skall
560 267 84 20 vara
667 257 232 40 obligatorisk,
923 260 88 28 samt
1032 256 99 40 ingår
1153 257 11 30 i
1185 257 111 39 övrigt
1316 256 44 40 på
1382 260 46 27 ett
1448 257 208 30 bemötande
1679 256 10 30 1
1710 257 90 30 vissa

311 301 95 30 delar
423 311 42 20 av
482 301 65 31 den
565 311 42 20 av
624 301 256 31 motionärerna
897 301 146 31 anförda
1060 301 259 39 motiveringen.

356 362 154 31 Svenska
533 362 334 39 sjöfolksförbundet
888 363 171 31 förklarar
1082 363 60 39 sig,
1166 366 84 28 utan
1272 367 49 26 att
1343 363 10 30 i
1376 364 67 30 alla
1465 363 195 30 avseenden
1682 363 118 29 kunna

312 407 186 30 instämma
522 407 10 30 i
555 407 274 31 motionärernas
855 408 10 30 i
888 407 250 40 motiveringen
1162 408 162 30 använda
1346 407 235 39 uttryckssätt,
1606 407 90 31 dock
1718 407 82 39 vilja

311 451 230 39 understryka
562 454 50 28 att
632 451 94 40 varje
747 461 75 21 som
841 452 89 30 helst
950 451 179 31 föreskrift
1149 461 57 21 om
1227 451 333 40 segelfartygstjänst
1581 461 76 21 som
1677 451 123 30 villkor

312 496 54 29 för
385 495 199 31 erhållande
604 505 42 21 av
665 496 314 39 behörighetsbevis
1000 506 74 20 som
1094 496 226 38 fartygsbefäl
1341 505 143 21 numera
1503 496 77 30 icke
1599 496 96 30 torde
1714 497 85 29 kun-

312 549 44 20 na
373 549 100 21 anses
489 540 86 38 fylla
592 539 105 40 något
714 540 146 39 verkligt
874 541 120 29 behov.

134 616 146 24 Utskottet.
357 610 49 30 Av
424 610 315 40 kommerskollegii
757 620 90 21 ovan
864 610 176 40 återgivna
1057 610 178 32 utlåtande
1253 611 10 30 i
1281 610 125 40 frågan
1422 609 164 41 framgår,
1606 613 51 28 att
1672 610 129 38 förslag

312 664 48 29 till
386 674 47 29 ny
461 664 450 39 fartygsbefälsförordning
936 664 54 31 för
1017 664 217 31 närvarande
1260 664 105 39 ligger
1393 664 109 31 under
1531 664 123 39 Kungl.
1683 662 116 40 Maj:ts

311 716 171 41 prövning
498 721 91 27 samt
604 720 51 28 att
671 718 152 30 nämnda
841 718 128 39 förslag
986 717 198 40 tillgodoser
1201 718 56 30 det
1273 718 11 29 i
1301 717 228 31 förevarande
1546 717 132 31 motion
1695 716 105 31 fram-

311 770 102 32 förda
434 770 215 31 önskemålet
671 781 58 20 om
750 771 165 39 slopande
937 780 42 21 av
1000 772 121 30 kravet
1143 770 45 40 på
1209 771 69 30 viss
1301 770 423 40 segelfartygsutbildning
1746 770 54 30 för

311 823 200 32 erhållande
533 833 42 22 av
598 824 314 39 behörighetsbevis
935 823 114 32 såsom
1073 824 237 40 fartygsbefäl.
1346 824 65 31 Vid
1434 823 124 32 sådant
1581 822 219 32 förhållande

311 878 97 30 torde
428 878 187 39 anledning
636 878 126 30 saknas
782 877 55 31 för
856 877 184 40 riksdagen
1062 880 51 28 att
1132 886 49 22 nu
1200 877 51 31 till
1270 877 212 39 behandling
1502 880 152 37 upptaga
1675 875 124 40 ifråga-

310 931 154 30 varande
482 930 180 41 spörsmål,
681 931 117 31 varför
815 932 164 29 utskottet
997 930 55 31 får
1069 931 192 36 hemställa,

667 1041 48 27 att
736 1038 227 31 förevarande
983 1038 134 30 motion
1139 1038 75 30 icke
1235 1037 107 31 måtte
1364 1037 50 30 till
1436 1036 114 40 någon
1573 1037 110 30 andra
1705 1037 95 29 kam-

621 1101 136 20 marens
785 1091 121 39 åtgärd
933 1091 189 30 föranleda.

356 1199 202 29 Stockholm
579 1199 64 29 den
666 1200 38 28 27
728 1208 92 20 mars
844 1199 91 30 1936.

840 1305 49 30 På
913 1305 187 30 utskottets
1124 1305 144 38 vägnar:

846 1411 120 31 OLOF
990 1410 275 31 ANDERSSON.

355 1732 214 27 Närvarande:
590 1732 107 28 herrar
717 1732 176 27 Andersson
912 1732 9 26 i
941 1732 125 31 Malmö,
1087 1731 145 27 Hansson
1252 1731 8 26 i
1281 1731 176 33 Vännäsby,
1478 1728 172 35 Lindberg"
1671 1730 9 27 i
1699 1729 105 27 Stock-

314 1777 97 32 holm,
431 1777 177 27 Andersson
627 1777 10 27 i
657 1776 258 35 Munkaljungby,
935 1775 183 33 Jacobsson,
1139 1774 130 35 Ekman,
1291 1774 89 34 Lind,
1403 1774 126 27 Werner
1551 1775 8 26 i
1580 1774 112 33 Höjen,
1715 1773 89 27 Jons-

314 1830 58 19 son
392 1822 10 27 i
422 1821 180 36 Skedsbygd
624 1821 59 27 och
703 1820 211 27 Sundström”.

350 1902 13 14 +
385 1902 33 30 Ej
441 1902 180 24 närvarande
645 1901 46 25 vid
713 1900 183 31 justeringen.
