2234 2610
218 493 142 26 Fortsatta
378 502 45 18 an-

228 528 61 33 slag
307 529 43 26 till
370 530 35 25 lä-

234 565 171 26 rararvoden

238 608 36 18 m.
294 609 38 18 m.
351 601 48 26 vid

230 636 98 26 Lunds
347 637 58 25 uni-

256 672 123 26 versitet.

276 714 87 51 [80.]

207 1428 142 25 Fortsatta
373 1436 44 17 an-

216 1463 61 32 slag
296 1463 43 25 till
359 1471 54 18 ma-

237 1499 92 26 teriell
349 1499 43 26 för

213 1534 78 26 vissa
309 1535 109 25 institu-

206 1570 92 26 tioner
316 1579 37 17 m.
374 1579 36 17 m.

232 1605 48 27 vid
300 1606 97 26 Lunds

224 1642 175 26 universitet.

270 1685 87 50 [81.]

223 1980 175 33 Indragning

204 2024 36 17 av
260 2016 77 26 vissa
356 2024 50 24 pro

227 2051 166 33 fessorspre-

960 183 256 33 Statsutskottets
1240 184 167 33 utlåtande
1430 186 53 31 Nr
1505 189 30 29 8.

979 266 62 35 att
1069 265 215 48 riksdagen
1312 266 69 37 må
1407 267 15 36 i
1450 267 219 38 riksstaten
1696 271 183 47 upptaga
1898 271 68 37 det
1985 283 59 25 or-

872 317 154 38 dinarie
1054 318 357 50 förslagsanslaget
1438 320 64 37 till
1530 321 137 37 Lunds
1696 322 238 38 universitet
1952 325 94 35 med

873 372 117 44 5,000
1017 372 161 37 kronor.

551 490 104 51 80:0)
683 495 61 36 På
781 495 133 48 grund
942 508 51 24 av
1021 496 151 49 Kungl.
1202 497 135 49 Maj:ts
1365 498 151 49 förslag
1543 494 146 54 (punkt
1718 496 65 50 80)
1811 501 235 37 hemställer

976 605 63 35 att
1058 604 215 48 riksdagen
1287 605 69 36 må
1370 605 62 37 för
1445 606 228 37 beredande
1687 619 52 25 av
1755 607 288 50 avlöningsför-

869 656 141 37 måner
1038 657 63 37 för
1128 657 105 37 vissa
1259 659 115 36 extra
1392 659 202 37 ordinarie
1613 660 143 45 lärare,
1777 673 267 26 amanuenser

869 710 75 36 och
962 711 248 47 tjänstemän
1228 724 53 24 m.
1298 724 52 24 m.
1368 713 68 36 vid
1454 714 282 37 universitetet
1750 714 12 36 i
1770 714 119 37 Lund
1903 716 141 36 anvisa

868 762 62 38 för
943 763 243 49 budgetåret
1204 766 261 37 1923—1924
1480 768 61 35 ett
1552 769 117 35 extra
1678 768 143 49 anslag
1836 780 51 25 av
1899 770 145 43 73,750

869 817 159 45 kronor,
1074 819 62 35 att
1176 818 93 37 med
1296 819 267 49 iakttagande
1592 833 51 24 av
1670 821 49 37 de
1747 821 63 37 för
1837 822 105 37 vissa
1969 822 74 37 fall

869 883 51 23 av
956 871 442 48 departementschefen
1434 874 15 35 i
1477 874 437 48 statsrådsprotokollet
1947 880 96 33 över

868 924 433 38 ecklesiastikärenden
1343 926 76 37 den
1463 928 23 34 8
1528 928 160 47 januari
1729 929 101 36 1923
1864 930 178 47 angivna

868 978 177 47 grunder
1072 979 94 36 med
1193 980 197 36 särskilda
1417 981 143 48 belopp
1591 993 50 24 av
1668 982 153 48 Kungl.
1838 982 116 49 Maj:t
1970 995 70 24 an-

867 1031 152 37 vändas
1053 1031 62 37 för
1148 1045 50 23 av
1226 1033 444 48 departementschefen
1698 1036 14 36 i
1741 1048 156 24 samma
1925 1038 114 35 stats-

866 1084 296 49 rådsprotokoll
1188 1086 267 38 omförmälda
1479 1088 205 46 ändamål;
1706 1089 192 37 skolande
1912 1090 49 36 de
1975 1091 64 35 be-

866 1138 103 48 lopp,
1000 1150 88 25 som
1114 1152 50 23 ur
1188 1139 169 37 berörda
1375 1143 116 34 extra
1510 1142 143 48 anslag
1671 1142 200 37 anordnas
1889 1144 65 36 till
1972 1155 67 25 an-

866 1192 199 37 ställande
1095 1205 50 24 av
1173 1193 174 37 lektorer
1367 1195 14 35 i
1395 1195 130 48 tyska,
1555 1195 163 37 franska
1746 1196 76 37 och
1849 1197 191 48 engelska

866 1245 183 48 språken,
1080 1258 113 25 anses
1220 1247 102 48 utgå
1348 1260 50 24 ur
1424 1248 69 37 det
1517 1261 51 24 av
1591 1250 100 36 1919
1712 1249 64 37 års
1796 1250 163 49 riksdag
1978 1250 62 37 för

865 1298 113 37 detta
1005 1299 190 37 ändamål
1222 1301 197 48 beviljade
1448 1302 152 48 anslag.

545 1416 105 52 81:0)
678 1421 19 36 I
727 1424 399 37 överensstämmelse
1154 1425 93 36 med
1273 1425 152 49 Kungl.
1456 1426 136 48 Maj:ts
1621 1427 150 49 förslag
1800 1424 144 52 (punkt
1972 1425 66 50 81)

437 1473 234 38 hemställer
698 1476 211 44 utskottet,

973 1532 62 35 att
1063 1531 214 48 riksdagen
1305 1532 68 37 må
1400 1533 66 36 till
1493 1534 202 37 materiell
1724 1534 62 37 för
1804 1535 105 36 vissa
1926 1536 110 36 insti-

865 1584 179 36 tutioner
1071 1584 69 37 vid
1167 1585 280 38 universitetet
1472 1586 15 36 i
1514 1587 120 36 Lund
1661 1600 52 24 m.
1731 1601 53 23 m.
1815 1589 138 36 anvisa
1976 1588 63 37 för

864 1637 243 49 budgetåret
1137 1639 260 37 1923—1924
1417 1641 59 36 ett
1495 1642 116 35 extra
1629 1642 409 48 reservationsanslag

864 1702 52 25 av
958 1692 144 44 30,0235
1138 1692 158 45 kronor,
1336 1694 62 35 att
1426 1706 50 24 av
1503 1693 153 50 Kungl.
1686 1695 118 48 Maj:t
1831 1696 206 36 användas

864 1743 61 37 för
967 1757 51 24 av
1060 1744 441 49 departementschefen
1543 1748 16 36 i
1600 1748 437 49 statsrådsprotokollet

864 1801 95 33 över
1000 1798 431 39 ecklesiastikärenden
1469 1800 77 37 den
1581 1802 24 35 8
1633 1802 161 48 januari
1825 1803 99 36 1923
1954 1814 81 25 om-

864 1851 199 37 förmälda
1092 1852 198 37 ändamål.

543 1969 106 52 82:0)
675 1973 262 39 Beträffande
964 1976 80 36 vad
1072 1975 151 49 Kungl.
1253 1977 117 49 Maj:t
1397 1974 145 52 (punkt
1570 1976 67 50 82)
1664 1980 208 49 föreslagit
1890 1982 14 35 i
1918 1981 118 48 fråga

409 2031 93 32 "om
543 2027 248 49 indragning
828 2040 52 24 av
914 2028 105 37 vissa
1056 2030 445 49 professorsprebenden
1528 2045 54 24 m.
1603 2045 53 24 m.
1687 2033 70 37 vid
1784 2034 137 37 Lunds
1947 2035 87 36 uni-

204 2087 113 26 benden
328 2096 36 17 m.
379 2096 36 17 m.
435 2080 167 37 versitet
629 2081 184 38 kommer
840 2082 200 37 utskottet
1068 2084 63 35 att
1158 2083 214 38 framdeles
1399 2085 129 37 under
1555 2086 218 49 riksdagen
1803 2088 145 48 avgiva
1973 2090 60 34 ut-

230 2123 47 26 vid
297 2123 97 26 Lunds

221 2158 176 27 universitet.

264 2201 88 51 [82]

434 2133 178 45 låtande,
641 2134 129 38 vilket
796 2135 200 37 utskottet
1023 2136 237 49 härigenom
1290 2138 132 54 skolat
1450 2138 61 37 för
1539 2140 216 48 riksdagen

971 2190 174 37 anmäla.
