1876 2818
571 183 265 29 Stalsutskottets
859 182 167 28 utlåtande
1041 191 37 19 nr
1099 182 29 28 5.
1576 176 35 30 11

165 258 85 41 32:0)
284 258 135 40 Bidrag
440 258 58 31 till
520 258 217 40 sjukkassor.
783 256 216 40 Kristillägg
1020 255 58 33 till
1101 255 233 42 sjukkassor.
1364 253 248 39 Moderskaps-

114 309 162 41 penning.
322 307 221 32 Beträffande
565 306 255 42 ifrågavarande
843 306 120 40 anslag
978 304 204 42 (punkterna
1197 303 135 38 48—-50,
1350 302 64 32 sid.
1430 302 41 31 65
1487 301 64 32 och
1563 301 52 41 66)

112 370 100 31 avger
234 359 171 31 utskottet
428 369 119 21 senare
572 357 109 32 under
702 357 184 41 riksdagen
909 355 186 38 utlåtande,
1119 354 105 32 vilket
1247 353 141 32 härmed

711 433 163 32 anmäles.

169 537 85 42 33:0)
285 538 212 40 Ersättning
529 540 38 30 åt
599 538 121 32 blinda
752 547 45 22 m.
825 546 44 23 m.
914 536 19 31 I
967 534 152 42 enlighet
1153 533 76 32 med
1263 532 127 42 Kungl.
1415 531 116 42 Maj:ts
1553 531 64 31 för-

118 588 74 41 slag
213 588 122 41 (punkt
367 588 51 38 51,
453 587 63 32 sid.
541 588 40 31 66
605 587 63 32 och
691 586 51 42 67)
777 586 63 32 och
875 585 109 32 under
1017 585 145 37 erinran,
1186 585 50 30 att
1259 593 130 22 samma
1411 582 128 42 belopp
1562 593 56 19 an-

116 639 107 31 visats
245 639 53 31 för
320 638 231 32 innevarande
574 637 177 42 budgetår,
775 636 199 32 hemställer
996 635 178 37 utskottet,

434 716 49 30 att
512 714 184 41 riksdagen
719 714 55 30 må
796 712 53 32 till
871 712 199 39 Ersättning
1093 713 34 30 åt
1151 711 109 31 blinda
1283 721 40 20 m.
1340 720 40 21 m.
1404 708 52 32 för
1477 707 140 43 budget-

383 766 72 30 året
484 765 137 31 1943/44
643 764 118 31 anvisa
783 765 49 30 ett
854 761 268 42 förslagsanslag
1145 772 40 20 av
1209 759 167 40 1,600,000
1397 760 136 31 kronor.

171 867 85 42 34:0)
288 868 280 41 Dyrtidstillägg
601 866 22 33 å
656 866 199 40 ersättning
887 867 38 30 åt
947 865 130 33 blinda.
1122 862 221 33 Beträffande
1365 861 255 43 ifrågavarande

117 919 119 41 anslag
258 918 123 42 (punkt
403 918 50 38 52,
477 917 64 32 sid.
566 916 51 42 67)
639 927 101 31 avger
762 916 171 31 utskottet
955 926 120 21 senare
1098 914 109 32 under
1229 913 185 41 riksdagen
1429 911 187 38 utlåtande,

114 969 105 32 vilket
240 969 142 31 härmed

714 1008 162 32 anmäles.

166 1103 85 43 35:0)
284 1105 142 32 Driften
463 1113 41 23 av
543 1102 252 42 centraldepån
831 1103 56 31 för
923 1101 140 32 blindas
1100 1101 157 32 arbeten.
1312 1100 133 39 Bidrag
1480 1099 58 32 till
1575 1099 43 31 de

112 1156 139 32 blindas
283 1156 171 39 förening.
498 1154 19 31 I
541 1153 153 41 enlighet
715 1152 79 32 med
816 1152 127 42 Kungl.
967 1151 118 41 Maj:ts
1114 1150 128 41 förslag
1263 1149 205 42 (punkterna
1490 1149 41 31 53
1554 1148 63 32 och

113 1206 51 38 34,
199 1205 63 32 sid.
298 1205 137 41 67—70)
469 1204 64 32 och
567 1204 110 31 under
710 1203 146 38 erinran,
891 1204 50 30 att
975 1213 129 20 samma
1126 1201 128 41 belopp
1269 1199 161 33 -anvisats
1452 1199 53 32 för
1527 1199 91 31 inne-

113 1256 149 32 varande
284 1255 178 42 budgetår,
485 1255 200 32 hemställer
707 1254 179 37 utskottet,

436 1333 50 30 att
507 1331 183 41 riksdagen
714 1332 55 29 må
791 1330 53 31 för
866 1329 204 41 budgetåret
1095 1328 136 38 1943/44
1254 1326 119 32 anvisa

437 1382 30 41 a)
490 1382 53 31 till
577 1381 137 40 Driften
736 1392 41 20 av
798 1380 228 40 centraldepån
1040 1378 60 41 för
1123 1378 128 32 blindas
1273 1378 132 31 arbeten
1428 1378 49 30 ett
1499 1376 119 40 anslag

384 1444 39 20 av
446 1432 116 38 95,000
584 1432 139 38 kronor;

438 1482 33 42 b)
494 1483 54 31 till
583 1482 129 40 Bidrag
746 1481 49 32 till
828 1482 37 30 de
899 1480 130 32 blindas
1044 1479 158 41 förening
1226 1480 50 29 ett
1299 1478 120 41 anslag
1440 1488 41 20 av
1503 1477 116 38 65,000

384 1534 134 31 kronor.

169 1627 84 41 36:0)
287 1628 143 31 Statens
466 1625 386 42 tvångsarbetsanstalt
885 1626 21 29 å
940 1623 157 41 Svartsjö
1135 1623 64 32 och
1236 1625 135 29 statens
1408 1620 209 34 alkoholist-

117 1678 132 33 anstalt
281 1678 198 32 därstädes:
517 1677 230 39 Avlöningar.
804 1675 142 33 Statens
982 1673 386 41 tvångsarbetsanstalt
1404 1674 22 30 å
1462 1671 157 40 Svartsjö

115 1730 66 31 och
204 1732 135 29 statens
362 1727 328 33 alkoholistanstalt
719 1726 199 32 därstädes:
952 1724 265 34 Omkostnader.
1261 1721 220 33 Beträffande
1503 1721 117 41 ifråga-

115 1778 147 32 varande
286 1778 120 41 anslag
428 1777 206 42 (punkterna
655 1777 41 31 55
719 1776 63 32 och
805 1777 51 36 56,
881 1775 63 32 sid.
962 1776 40 31 70
1018 1774 64 32 och
1099 1774 49 41 71)
1175 1784 101 30 avger
1303 1772 169 32 utskottet
1499 1782 119 21 senare

114 1829 109 32 under
244 1829 184 41 riksdagen
451 1828 187 37 utlåtande,
661 1827 106 31 vilket
789 1826 142 31 härmed

714 1894 161 31 anmiäles.

168 1988 85 41 37:0)
291 1989 141 32 Statens
469 1987 387 41 tvångsarbetsanstalt
893 1987 12 31 i
943 1986 228 32 Landskrona
1204 1984 67 32 och
1304 1986 135 30 statens
1472 1982 146 32 alkoho-

115 2040 197 32 listanstalt
327 2039 197 32 därstädes:
542 2039 228 39 Avlöningar.
788 2036 126 41 Kungl.
928 2036 98 40 Maj:t
1038 2035 62 31 har
1111 2034 121 41 (punkt
1243 2034 50 38 57,
1308 2032 63 33 sid.
1386 2032 134 40 71—73)
1537 2034 82 31 före-

114 2091 103 40 slagit
239 2090 182 40 riksdagen
450 2091 50 29 att
523 2089 74 31 dels
620 2088 181 41 godkänna
820 2098 40 20 av
877 2085 378 42 departementschefen
1272 2084 160 32 förordad
1449 2084 171 42 personal-

114 2140 216 41 förteckning
363 2140 63 31 och
461 2139 251 41 avlöningsstat
737 2138 53 31 för
813 2140 132 28 statens
969 2135 369 42 tvångsarbetsanstalt
1360 2135 11 30 i
1394 2135 226 31 Landskrona

114 2191 66 31 och
214 2192 132 30 statens
380 2188 316 32 alkoholistanstalt
729 2188 190 36 därstädes,
954 2186 294 41 avlöningsstaten
1277 2187 51 29 att
1350 2185 174 41 tillämpas
1547 2185 72 31 tills

113 2241 117 31 vidare
253 2241 74 31 från
351 2240 64 31 och
440 2239 76 31 med
546 2238 206 41 budgetåret
777 2238 145 38 1943/44,
947 2237 74 31 dels
1045 2236 63 31 ock
1131 2236 52 30 till
1208 2234 140 32 Statens
1372 2234 249 41 tvångsarbets-

114 2291 128 31 anstalt
269 2290 3 31 i
295 2290 228 31 Landskrona
538 2289 64 31 och
626 2291 131 28 statens
780 2286 317 32 alkoholistanstalt
1119 2285 193 32 därstädes:
1337 2285 210 40 Avlöningar
1570 2285 51 30 för

116 2340 149 32 nämnda
287 2339 169 41 budgetår
478 2339 119 31 anvisa
619 2341 50 28 ett
691 2337 268 42 förslagsanslag
981 2348 41 19 av
1046 2336 113 38 18,400
1181 2335 135 31 kronor.

168 2415 29 40 Å
231 2424 188 31 riksstaten
452 2423 53 30 för
537 2421 231 32 innevarande
802 2421 169 41 budgetår
999 2422 36 29 är
1057 2418 256 42 ifrågavarande
1336 2418 119 41 anslag
1479 2418 141 41 uppfört

115 2474 77 32 med
214 2474 116 38 34,500
353 2473 134 31 kronor.
