1934 2814
630 178 264 29 Statsutskottets
917 177 167 29 utlåtande
1106 186 39 19 nr
1167 179 29 27 5.
1627 174 40 31 47

161 250 148 41 tagande
343 262 40 20 av
416 251 258 41 förhandlingar
706 251 110 31 under
838 251 205 32 medverkan
1066 262 41 20 av
1131 250 147 32 svenska
1299 250 371 32 vanföreanstalternas

162 301 310 32 centralkommitté
496 302 124 31 mellan
644 302 229 31 anstalternas
896 302 199 31 huvudmän
1120 301 64 32 och
1207 301 114 31 läkare
1344 301 11 31 i
1379 301 89 41 syfte
1491 302 51 30 att
1564 301 32 30 få
1618 300 53 31 till

163 351 101 32 stånd
298 363 42 20 en
373 352 142 42 lämplig
548 352 194 41 fördelning
768 363 41 20 av
831 352 236 32 inkomsterna
1089 352 127 31 mellan
1239 351 194 42 respektive
1456 351 128 32 anstalt
1606 350 65 32 och

161 402 123 32 läkare.
330 402 196 32 Resultatet
558 414 40 20 av
632 403 102 31 dessa
766 402 259 42 förhandlingar
1059 402 108 32 borde
1200 403 12 30 i
1236 402 112 32 sinom
1372 402 50 31 tid
1446 402 151 31 anmälas
1620 401 52 32 för

161 453 127 42 Kungl.
313 453 98 42 Maj:t
435 454 64 31 och
522 453 197 42 riksdagen.

214 503 76 33 Vad
313 506 105 40 angår
439 504 234 42 beräkningen
696 516 40 20 av
752 505 155 41 anslaget
922 505 53 31 för
992 506 100 30 nästa
1108 504 171 42 budgetår
1294 504 62 31 har
1372 505 49 30 ett
1436 503 81 32 ökat
1532 502 141 32 medels-

162 554 113 32 behov
298 557 133 30 ansetts
453 555 165 42 föreligga
632 556 53 30 för
701 555 121 41 bidrag
838 555 52 31 till
906 555 155 41 bandage
1078 555 65 31 och
1160 557 159 40 proteser
1334 556 89 29 samt
1439 554 53 31 till
1507 553 165 32 täckande

163 616 41 20 av
237 606 188 31 eventuellt
452 606 206 31 underskott
680 606 78 31 med
781 606 115 39 30,000
918 606 127 31 kronor
1067 605 196 42 respektive
1288 605 135 38 185,000
1445 605 136 38 kronor,
1605 615 69 20 var-

163 658 93 29 emot
278 656 53 31 till
355 656 120 41 bidrag
502 656 53 31 till
576 656 222 42 yrkesskolor
820 656 185 32 beräknats
1028 658 81 39 åtgå
1135 658 49 29 ett
1207 655 79 32 med
1311 655 113 39 15,000
1445 655 128 31 kronor
1595 654 78 32 ned-

164 708 70 30 satt
256 706 138 42 belopp.
438 706 282 42 Nettoökningen
743 707 62 31 har
828 706 144 32 sålunda
995 706 189 32 beräknats
1209 706 54 31 till
1286 706 137 38 200,000
1444 706 137 32 kronor.

216 809 77 31 Den
317 820 40 20 av
381 809 379 41 departementschefen
783 811 45 40 på
843 808 166 42 grundval
1025 820 41 20 av
1082 808 467 42 besparingsberedningens
1566 807 110 32 utred-

164 860 83 41 ning
280 859 183 32 förordade
486 859 304 42 undersökningen
813 859 146 32 rörande
982 859 274 42 möjligheterna
1279 861 50 29 att
1351 858 112 32 bättre
1486 860 43 30 än
1552 858 125 32 hittills

164 910 212 42 tillvarataga
390 910 339 42 sjukgymnasternas
742 910 205 32 arbetskraft
959 910 54 31 för
1025 910 236 31 anstalternas
1273 909 145 42 räkning
1430 911 37 29 är
1475 911 85 30 även
1570 909 107 41 enligt

164 962 189 31 utskottets
376 961 139 41 mening
538 972 40 20 av
593 961 260 31 förhållandena
869 961 169 41 påkallad.
1072 960 78 32 Vad
1168 960 381 42 departementschefen
1565 960 112 31 anfört

164 1011 147 32 rörande
344 1011 212 42 behandling
589 1022 39 20 av
662 1011 73 32 s.k.
769 1011 287 42 privatpatienter
1092 1011 96 32 inom
1212 1022 116 20 ramen
1352 1022 40 20 av
1415 1010 68 32 den
1506 1010 170 32 ordinarie

164 1062 214 32 arbetstiden
402 1062 64 31 och
487 1062 207 41 indragning
717 1073 40 20 av
780 1062 237 31 inkomsterna
1041 1073 41 20 av
1110 1062 109 31 sådan
1243 1061 213 42 behandling
1478 1061 54 31 till
1555 1061 122 31 anstal-

164 1115 107 36 terna,
295 1113 194 31 föranleder
511 1113 74 31 icke
608 1114 113 39 någon
744 1113 137 31 erinran
905 1113 75 31 från
1004 1113 192 31 utskottets
1221 1112 84 32 sida.

218 1163 84 32 Med
335 1163 240 42 tillstyrkande
606 1163 125 42 jämväl
764 1163 12 31 i
811 1163 121 42 övrigt,
955 1174 41 21 av
1029 1163 66 31 vad
1136 1163 110 31 under
1279 1163 114 32 denna
1426 1162 249 42 anslagspunkt

164 1214 196 42 föreslagits
383 1214 199 32 hemställer
603 1214 180 38 utskottet,

490 1293 50 29 att
562 1290 183 42 riksdagen
768 1292 56 30 må
846 1290 53 31 till
923 1290 129 41 Bidrag
1077 1290 50 32 till
1149 1289 296 41 vanföreanstalter
1467 1289 54 32 för
1535 1288 140 42 budget-

438 1343 73 30 året
535 1340 137 33 1943/44
695 1341 118 32 anvisa
837 1343 49 29 ett
907 1341 270 41 förslagsanslag
1200 1351 41 21 av
1264 1340 168 39 2,850,000
1455 1339 135 32 kronor.

221 1442 105 42 104:0)
358 1444 135 40 Bidrag
524 1444 58 31 till
614 1452 98 23 resor
744 1444 56 31 för
832 1443 147 32 vanföra
1011 1452 47 24 m.
1077 1452 45 23 m.
1161 1443 135 39 Bidrag
1318 1442 57 32 till
1397 1442 277 32 kuratorsverk-

165 1495 138 32 samhet
328 1495 62 31 vid
414 1494 378 32 vanföreanstalterna.
817 1493 19 31 I
859 1493 152 41 enlighet
1046 1492 79 32 med
1141 1492 128 41 Kungl.
1286 1492 117 41 Maj:ts
1415 1492 129 41 förslag
1560 1491 117 42 (punk-

166 1547 98 29 terna
288 1544 58 31 137
370 1544 64 31 och
459 1544 69 38 1388,
564 1543 62 32 sid.
651 1543 178 41 222—226)
852 1543 64 32 och
939 1543 111 32 under
1074 1543 147 37 erinran,
1245 1544 51 30 att
1319 1553 129 21 samma
1470 1542 128 42 belopp
1621 1553 55 20 an-

164 1595 108 32 visats
295 1594 53 32 för
370 1594 230 31 innevarande
623 1594 178 41 budgetår,
825 1593 200 32 hemställer
1051 1593 182 38 utskottet,

493 1672 51 30 att
565 1670 184 41 riksdagen
773 1672 55 29 må
850 1670 52 31 för
923 1669 205 42 budgetåret
1156 1668 140 33 1943/44
1318 1668 117 32 anvisa

491 1720 29 42 a)
544 1721 53 31 till
612 1721 131 40 Bidrag
767 1721 51 31 till
843 1731 87 21 resor
945 1720 60 41 för
1019 1720 142 41 vanföra
1177 1731 39 20 m.
1231 1731 38 20 m.
1288 1722 50 29 ett
1353 1719 268 41 förslagsanslag
1636 1730 40 20 av

440 1772 136 38 240,000
598 1771 140 38 kronor;
1481 1792 4 4 ;

491 1821 34 41 b)
558 1821 53 31 till
643 1820 130 42 Bidrag
807 1821 50 32 till
890 1820 350 33 kuratorsverksamhet
1262 1820 55 32 vid
1339 1819 337 41 vanföreanstalterna

439 1873 50 30 ett
511 1872 119 40 anslag
652 1882 40 20 av
714 1872 116 37 36,000
852 1872 134 31 kronor.

222 1973 104 41 105:o)
360 1974 135 40 Bidrag
527 1974 57 31 till
621 1974 323 39 Eugeniahemmet.
989 1972 125 41 Kungl.
1143 1971 99 41 Maj:t
1273 1972 62 31 har
1367 1971 122 41 (punkt
1518 1971 68 38 139,
1611 1970 63 32 sid.

168 2024 178 40 227—230)
368 2023 177 42 föreslagit
567 2023 182 41 riksdagen
774 2025 50 29 att
847 2023 74 31 dels
944 2023 186 41 godkänna
1155 2033 40 20 av
1219 2022 379 41 departementschefen
1614 2021 62 31 för-

168 2074 107 32 ordad
298 2074 146 41 ändring
466 2074 11 31 i
499 2073 195 42 grunderna
715 2074 54 31 för
793 2073 211 42 statsbidrag
1027 2073 54 31 till
1104 2073 317 41 Eugeniahemmet,
1435 2074 51 29 att
1501 2072 174 41 tillämpas

167 2126 74 30 från
265 2124 64 31 och
353 2124 78 31 med
454 2124 66 31 den
547 2125 13 30 1
585 2124 63 40 juli
673 2124 90 38 1943,
799 2123 74 32 dels
897 2124 63 31 ock
985 2124 52 30 till
1061 2123 130 41 Bidrag
1215 2123 53 31 till
1292 2123 309 41 Eugeniahemmet
1622 2122 52 31 för

167 2175 205 41 budgetåret
396 2175 137 38 1943/44
555 2174 118 31 anvisa
696 2176 49 29 ett
768 2174 269 41 förslagsanslag
1063 2184 39 21 av
1128 2174 137 37 135,000
1287 2173 134 31 kronor.

221 2266 262 42 Ifrågavarande
517 2267 120 40 anslag
669 2268 37 29 är
735 2266 12 31 i
770 2266 157 41 gällande
950 2266 142 31 riksstat
1116 2266 141 41 uppfört
1280 2265 78 32 med
1383 2266 135 36 130,000
1540 2265 135 31 kronor.

223 2318 119 40 Enligt
374 2317 157 41 gällande
565 2316 292 41 bidragsgrunder
890 2318 98 39 utgår
1016 2316 221 39 statsbidrag,
1262 2315 104 31 såvitt
1388 2326 98 20 avser
1508 2315 168 31 hemmets

171 2370 83 32 drift
275 2368 79 31 med
377 2369 18 29 2
419 2368 126 30 kronor
568 2367 52 31 för
643 2366 65 41 dag
731 2366 64 31 och
819 2366 141 41 patient,
989 2366 52 31 för
1075 2366 112 31 vilken
1221 2365 189 41 vårdavgift
1443 2365 74 31 icke
1541 2367 135 39 uttages

172 2420 77 32 med
283 2419 105 40 högre
411 2417 128 41 belopp
563 2418 42 29 än
631 2419 14 28 1
663 2417 107 31 krona
786 2417 52 30 för
854 2416 74 41 dag.
975 2416 113 41 Sagda
1104 2416 122 40 bidrag
1242 2416 144 31 föreslås
1402 2426 46 20 nu
1465 2415 211 31 beträffande

170 2471 104 41 högst
296 2469 40 31 35
360 2467 221 41 vårdplatser,
605 2467 90 31 vilka
718 2469 123 39 utgöra
863 2466 168 32 hemmets
1056 2465 264 42 sjukavdelning
1335 2465 251 42 (motsvarande
1602 2476 74 20 van-

1729 814 135 24 Utskottet.
