1907 2830
468 139 451 29 Konstitlutionsutskottets
936 139 178 29 utlåtande
1127 149 42 19 nr
1185 140 17 28 7
1216 140 39 29 år
1271 140 82 29 1967
1636 144 18 29 3

168 220 38 29 är
224 221 51 28 att
292 219 86 30 barn
397 220 12 29 i
428 220 195 39 äktenskap
641 220 155 29 inträder
814 221 10 29 i
843 220 137 39 kyrkan
998 220 57 30 vid
1074 220 156 31 födelsen
1250 230 57 21 om
1324 222 91 29 båda
1433 222 221 30 föräldrarna

167 274 119 29 tillhör
306 274 138 39 kyrkan
469 274 34 33 (7
528 273 48 37 $),
598 275 50 28 att
667 274 86 29 barn
774 276 97 27 utom
892 275 194 39 äktenskap
1106 275 156 29 inträder
1281 276 11 29 i
1312 276 137 39 kyrkan
1468 276 58 29 vid
1546 276 108 29 födel-

169 337 61 20 sen
256 337 57 20 om
339 328 146 29 modern
511 328 119 29 tillhör
656 328 136 39 kyrkan
824 327 36 34 (8
889 328 48 37 $),
966 330 50 28 att
1041 328 136 31 inträde
1203 330 11 29 i
1240 329 111 40 övrigt
1376 330 58 29 må
1461 330 102 30 sökas
1590 330 64 30 hos

167 384 119 37 pastor
311 383 11 28 i
346 382 574 40 kyrkobokföringsförsamlingen
950 383 57 33 (10
1035 383 34 37 8)
1099 383 64 29 och
1188 385 51 28 att
1262 384 138 29 utträde
1427 385 80 29 sker
1531 393 123 31 genom

168 436 165 30 anmälan
355 436 63 29 hos
440 437 118 38 pastor
580 437 11 28 i
612 436 582 40 kyrkobokföringsförsamlingen,
1218 438 127 29 endera
1367 439 220 38 personligen
1610 439 44 29 el-

167 490 49 29 ler
236 490 129 29 enskilt
385 491 11 29 i
416 490 232 40 egenhändigt
668 491 273 35 undertecknad,
963 501 42 19 av
1024 491 57 29 två
1101 500 166 30 personer
1286 492 178 30 bevittnad
1485 492 170 40 handling

173 544 55 34 (11
251 544 49 36 $).
320 543 68 30 Om
404 544 105 29 barns
528 545 166 39 ställning
712 545 138 39 stadgas
868 545 118 30 vidare
1010 544 56 34 (12
1087 545 34 37 $)
1144 547 50 28 att
1212 546 157 29 ansökan
1388 547 83 29 eller
1489 547 165 30 anmälan

168 598 55 30 för
241 598 66 30 den
326 607 74 20 som
419 598 71 30 står
507 599 113 29 under
637 608 134 20 annans
789 599 156 29 vårdnad
964 599 64 30 och
1046 600 29 39 ej
1097 599 79 40 fyllt
1196 599 38 30 18
1252 600 40 29 år
1309 600 77 39 görs
1405 610 42 19 av
1464 600 189 30 vårdnads-

168 651 164 34 havaren,
354 651 90 30 dock
465 652 49 28 att
535 652 140 29 barnets
699 653 177 38 samtycke
898 652 104 30 krävs
1025 662 57 20 om
1104 653 57 30 det
1182 652 78 40 fyllt
1286 653 36 29 15
1346 653 48 30 år.

212 705 114 40 Lagen
354 706 139 29 avviker
523 706 148 30 sålunda
698 706 44 39 på
768 707 215 39 väsentligen
1011 707 157 40 följande
1196 708 68 29 sätt
1292 707 79 30 från
1400 709 66 28 den
1495 709 159 39 ordning,

169 768 74 21 som
267 769 102 30 synes
394 760 140 39 åsyftad
558 761 11 28 i
593 761 66 28 den
683 770 48 19 nu
756 760 235 40 föreliggande
1015 761 178 30 motionen
1218 762 107 39 enligt
1349 762 78 29 dess
1453 772 89 20 ovan
1566 763 88 29 åter-

168 814 101 39 givna
297 814 221 29 hemställan.
547 814 93 29 Krav
666 814 45 39 på
738 817 50 27 att
815 815 158 29 ansökan
1001 824 58 20 om
1085 815 136 30 inträde
1250 816 10 28 i
1288 816 137 39 kyrkan
1455 817 88 29 skall
1571 826 83 20 vara

167 867 154 40 skriftlig
339 868 172 39 uppställs
530 868 71 29 inte
619 869 11 29 i
649 868 104 39 något
772 868 71 29 fall.
863 869 110 29 Barns
992 869 171 30 beroende
1182 879 42 20 av
1241 869 332 31 vårdnadshavaren
1592 870 62 30 bör

168 922 107 39 enligt
302 921 178 30 motionen
507 922 150 39 regleras
684 923 79 28 med
791 932 42 19 en
861 923 102 39 gräns
991 923 57 29 vid
1078 923 38 29 16
1145 923 47 34 år,
1221 924 125 29 medan
1374 924 100 39 lagen
1502 925 81 28 drar
1611 935 42 19 en

167 976 104 38 gräns
295 975 57 30 vid
379 975 38 30 15
442 975 37 30 år
504 976 64 29 och
592 985 43 19 en
656 976 57 30 vid
741 976 37 30 18
803 976 48 30 år.
876 977 126 30 Vidare
1026 977 146 29 innebär
1194 978 100 39 lagen
1318 979 50 28 att
1391 978 88 29 barn
1504 987 74 21 som
1603 979 50 28 in-

169 1030 82 28 trätt
274 1030 11 28 i
308 1030 137 38 kyrkan
469 1038 123 31 genom
615 1030 331 30 vårdnadshavaren
971 1030 122 30 förblir
1116 1031 150 29 medlem
1290 1040 57 20 om
1372 1032 56 29 det
1452 1032 71 30 inte
1549 1032 105 40 självt

166 1084 150 29 ansöker
342 1092 57 20 om
424 1084 149 34 utträde,
600 1085 126 28 medan
752 1084 218 30 motionären
995 1085 177 29 måhända
1198 1085 133 39 åsyftar
1357 1088 51 27 att
1433 1095 42 20 en
1502 1087 151 29 särskild

165 1137 282 39 viljeförklaring
469 1138 88 29 skall
579 1138 126 29 krävas
727 1138 54 29 för
802 1138 230 30 kvarstående
1055 1138 86 30 efter
1163 1138 109 40 fyllda
1296 1139 38 29 16
1357 1139 52 36 år;
1434 1140 219 30 motionären

167 1191 129 29 uttalar
312 1191 51 39 sig
377 1191 191 29 emellertid
583 1192 29 39 ej
631 1192 233 39 uttryckligen
878 1192 44 39 på
936 1193 115 29 denna
1064 1193 123 39 punkt.

213 1245 67 28 Till
309 1245 182 39 belysning
521 1255 42 19 av
592 1245 40 29 de
664 1245 171 39 spörsmål
866 1255 75 20 som
971 1246 232 30 aktualiseras
1233 1254 124 31 genom
1387 1248 177 28 motionen
1595 1248 58 28 må

166 1297 157 40 följande
341 1299 190 29 antecknas
549 1308 41 20 ur
607 1299 220 39 förarbetena
846 1300 52 29 till
915 1299 393 41 religionsfrihetslagen
1331 1300 113 40 (prop.
1466 1301 185 35 1951:100,

167 1351 73 31 Säl
263 1352 97 29 1951:
378 1352 48 33 1).
447 1352 67 30 Om
534 1353 285 39 övervägandena
838 1354 148 29 rörande
1007 1354 105 29 barns
1133 1355 135 29 inträde
1288 1355 10 28 i
1318 1355 137 39 kyrkan
1475 1355 177 30 inhämtas

166 1405 157 40 följande
338 1415 42 20 ur
394 1407 188 29 utskottets
597 1407 180 29 utlåtande
797 1407 42 33 (s.
856 1407 77 34 62):

208 1478 75 29 Vad
309 1478 142 29 särskilt
475 1478 108 39 angår
608 1478 123 39 frågan
756 1488 56 19 om
837 1479 104 29 barns
967 1480 136 29 inträde
1127 1480 11 29 i
1162 1480 137 38 kyrkan
1324 1480 63 29 har
1412 1481 11 28 i
1447 1480 108 40 några
1580 1490 71 20 mo-

164 1522 112 29 tioner
303 1523 66 28 den
396 1523 272 39 uppfattningen
694 1524 153 34 uttalats,
875 1525 50 28 att
951 1524 57 29 det
1033 1533 80 20 vore
1140 1524 112 30 bättre
1279 1524 163 40 förenligt
1469 1526 78 29 med
1575 1527 76 28 reli-

165 1567 218 39 gionsfrihet,
401 1577 57 20 om
475 1568 87 29 barn
580 1568 85 34 icke,
685 1568 115 30 såsom
818 1568 207 40 föreslagits,
1045 1569 109 40 följde
1172 1569 221 30 föräldrarna
1411 1571 107 39 enligt
1535 1572 10 28 i
1565 1573 86 27 stort

166 1614 66 27 sett
250 1613 229 29 automatiskt
496 1613 176 30 verkande
691 1614 119 38 regler.
830 1614 411 39 Departementschefens
1261 1615 218 39 ståndpunkt
1498 1617 37 28 är
1555 1616 96 29 däre-

165 1659 73 27 mot
256 1657 76 34 den,
351 1659 51 28 att
419 1658 57 29 det
493 1667 42 20 ur
552 1658 474 40 religionsfrihetssynpunkt
1044 1659 75 29 icke
1138 1660 37 28 är
1192 1660 11 29 i
1221 1660 65 29 och
1304 1660 54 29 för
1377 1660 50 39 sig
1445 1662 205 38 avgörande,

165 1710 58 20 om
248 1704 48 27 ett
322 1702 87 29 barn
434 1703 105 29 växer
565 1712 70 30 upp
661 1703 96 29 inom
784 1704 81 29 eller
892 1706 98 27 utom
1015 1704 147 39 kyrkan,
1190 1706 85 28 utan
1301 1707 50 28 att
1377 1706 57 29 det
1459 1707 193 38 väsentliga

165 1747 39 29 är
224 1749 50 27 att
295 1747 67 29 den
383 1748 160 29 enskilda
563 1748 222 34 människan,
808 1749 107 29 sedan
936 1749 70 29 hon
1027 1749 150 39 uppnått
1198 1759 42 20 en
1262 1750 109 29 sådan
1393 1751 95 29 ålder
1510 1753 49 27 att
1581 1752 70 28 hon

164 1792 65 29 har
251 1792 158 39 förmåga
431 1794 51 28 att
502 1794 79 38 taga
603 1793 218 39 ståndpunkt
843 1795 9 28 i
874 1793 161 40 religiösa
1057 1794 126 40 frågor,
1206 1795 75 29 icke
1303 1795 144 30 hindras
1470 1797 50 28 att
1542 1797 109 29 ändra

165 1837 54 28 sin
244 1837 166 40 ställning
434 1838 52 29 till
510 1838 147 39 kyrkan.
683 1838 64 30 Det
772 1839 97 29 torde
893 1838 188 30 härutöver
1104 1839 122 30 kunna
1250 1840 158 40 tilläggas
1434 1843 49 27 alt
1508 1850 41 20 ur
1574 1842 77 29 reli-

164 1882 410 40 gionsfrihetssynpunkt
594 1883 37 29 så
649 1883 138 39 mycket
805 1883 136 30 mindre
959 1884 70 29 kan
1046 1894 84 20 vara
1148 1887 50 27 att
1215 1885 153 30 invända
1386 1888 72 27 mot
1477 1887 66 28 den
1562 1887 88 29 före-

165 1927 121 39 slagna
308 1927 182 39 principen
515 1928 55 29 för
593 1928 105 29 barns
723 1928 219 30 förhållande
966 1930 52 28 till
1043 1930 146 39 kyrkan,
1215 1939 75 20 som
1315 1931 114 29 denna
1452 1931 136 40 princip
1614 1933 37 28 är

164 1972 219 30 konsekvent
401 1973 182 39 tillämpad
604 1974 86 29 även
710 1973 43 30 då
773 1974 57 29 det
849 1974 105 39 gäller
974 1974 97 35 barn,
1091 1975 111 29 vilkas
1223 1975 174 30 föräldrar
1416 1977 75 28 icke
1510 1977 142 29 tillhöra

165 2017 147 39 kyrkan.
339 2017 65 30 Det
430 2018 70 28 kan
525 2018 118 29 vidare
669 2019 76 29 icke
771 2018 133 30 bortses
931 2019 80 29 från
1037 2021 50 28 att
1113 2020 123 39 frågan
1263 2029 57 20 om
1345 2021 105 29 barns
1477 2022 136 29 inträde
1640 2023 10 28 i

165 2062 138 39 kyrkan
317 2062 76 30 icke
409 2062 122 30 enbart
547 2063 38 29 är
601 2072 42 20 en
659 2063 337 40 lämplighetsfråga;
1015 2064 93 30 olika
1123 2065 267 40 uppfattningar
1405 2067 148 29 rörande
1571 2068 79 28 den-

165 2115 46 20 na
227 2107 99 38 fråga
343 2116 103 30 synas
462 2109 125 37 ytterst
603 2108 121 29 bottna
741 2109 10 28 i
769 2108 152 39 religiöst
939 2109 212 30 motiverade
1170 2110 368 40 ställningstaganden,
1558 2113 94 28 vilka

167 2149 74 30 icke
260 2151 85 29 böra
363 2151 48 30 bli
431 2151 146 30 föremål
598 2152 54 29 för
672 2152 104 38 något
795 2152 216 30 bedömande
1031 2154 10 29 i
1063 2154 47 29 ett
1130 2154 378 39 lagstiftningsärende.
1529 2156 122 29 Denna

164 2196 258 39 omständighet
445 2197 101 39 utgör
568 2197 191 30 emellertid
783 2199 48 28 ett
851 2198 198 39 ytterligare
1073 2199 75 29 skäl
1171 2201 50 28 att
1241 2200 77 29 icke
1341 2200 124 40 frångå
1486 2202 66 29 vad
1576 2211 74 20 som

164 2250 43 19 av
227 2241 97 29 ålder
344 2242 90 28 varit
456 2242 57 29 det
534 2242 147 39 vanliga,
705 2243 176 39 nämligen
902 2244 51 28 att
973 2243 87 29 barn
1082 2244 10 29 i
1115 2245 87 28 stort
1224 2246 66 28 sett
1312 2246 229 30 automatiskt
1564 2246 87 40 följa

165 2285 77 30 sina
256 2285 174 30 föräldrar
445 2286 115 30 såsom
575 2287 228 29 medlemmar
817 2297 42 20 av
871 2288 147 39 kyrkan.

209 2376 75 29 Den
301 2375 105 35 ålder,
426 2376 88 30 efter
531 2376 117 30 vilken
666 2377 104 29 barns
790 2378 178 38 samtycke
986 2378 112 30 skulle
1117 2378 137 30 fordras
1274 2379 55 30 för
1347 2381 147 39 ändring
1513 2391 41 20 av
1573 2382 78 29 dess

167 2430 164 39 ställning
346 2430 53 29 till
415 2430 148 39 kyrkan,
581 2430 168 39 föreslogs
766 2431 10 28 i
793 2431 261 39 propositionen
1070 2432 158 30 bestämd
1245 2433 53 29 till
1319 2434 37 29 12
1375 2434 37 29 år
1430 2444 80 20 men
1528 2435 125 40 höjdes

168 2483 43 39 på
228 2484 188 29 ulskottets
434 2484 130 39 förslag
587 2484 42 33 (s.
650 2484 56 34 72)
729 2485 51 28 till
801 2485 37 29 15
858 2485 47 29 år.
