2208 2634
729 182 322 31 Jordbrulksutskottets
1073 185 149 29 utlåtande
1245 184 49 31 Nr
1317 186 51 30 58.
1843 186 15 30 1

950 569 69 43 Nr
1051 570 87 43 58.

859 726 108 26 Ankom
984 727 41 26 till
1043 728 164 34 Riksdagens
1224 729 86 27 kansli
1327 730 51 27 den
1398 731 30 26 17
1447 740 67 19 mars
1536 732 66 27 1911
1620 733 35 27 kl.
1674 734 15 26 7
1708 742 21 18 e.
1748 743 37 18 m.

446 861 205 46 Utlåtande,
687 863 15 36 i
735 864 198 49 anledning
967 866 48 48 af
1045 866 103 37 väckt
1178 868 131 37 motion
1337 881 57 25 om
1420 869 188 50 skrifvelse
1635 872 56 36 till
1716 872 135 49 Kungl.

639 929 109 50 Maj:t
774 932 190 47 angående
982 933 141 47 förbud
1139 935 68 48 för
1233 936 134 47 köpare
1395 936 49 50 af
1455 937 321 50 skogsegendomar
1798 947 53 30 att

630 997 84 49 före
752 999 181 49 utgången
973 1000 48 48 af
1051 1001 72 37 viss
1159 1002 54 36 tid
1248 1009 90 31 utan
1373 1004 170 51 utsyning
1578 1005 151 49 afverka
1764 1007 86 50 skog

638 1065 139 47 utöfver
803 1066 178 49 husbehof.

1546 1121 74 47 (2:a
1647 1124 100 44 Afd.)

334 1264 15 34 I
390 1277 45 22 en
472 1265 100 35 inom
609 1265 129 37 Andra
771 1267 215 37 kammaren
1008 1271 132 45 väckt,
1176 1271 58 36 till
1257 1271 385 47 jordbruksutskottet
1669 1276 178 37 hänvisad

231 1315 154 42 motion,
431 1327 45 23 nr
521 1316 83 43 200,
650 1316 66 35 har
758 1317 87 36 herr
888 1317 45 37 E.
978 1318 192 38 Åkerlund
1217 1322 200 46 hemställt,
1467 1323 62 37 det
1577 1324 211 50 Riksdagen
1832 1330 14 34 i

230 1363 194 37 skrifvelse
450 1364 60 36 till
545 1364 139 50 Kungl.
713 1366 107 48 Maj:t
855 1368 177 46 anhåller,
1060 1370 63 38 det
1142 1372 139 36 täcktes
1300 1372 138 50 Kungl.
1467 1374 106 49 Maj:t
1600 1377 74 35 låta
1701 1376 143 46 utreda,

230 1415 188 36 huruvida
457 1416 79 35 icke
573 1415 137 37 förbud
750 1415 57 38 för
847 1419 137 48 köpare
1020 1420 42 36 af
1085 1422 337 49 skogsegendomar
1457 1430 54 31 att
1536 1425 81 36 före
1655 1430 188 46 utgången

229 1464 41 36 af
311 1465 73 36 viss
437 1465 56 36 tid
546 1465 82 37 från
673 1468 128 48 köpets
855 1468 221 47 afslutande,
1122 1477 90 31 utan
1256 1475 182 48 utsyning
1481 1475 41 36 af
1563 1476 278 39 vederbörande

228 1516 349 48 skogstjänstemän,
619 1516 150 38 afverka
804 1520 92 48 skog
926 1524 21 32 å
978 1520 267 51 fastigheterna
1280 1524 148 37 utöfver
1445 1526 96 36 hvad
1558 1540 80 24 som
1657 1527 186 38 erfordras

229 1565 59 37 för
327 1566 197 44 husbehof,
561 1581 86 23 vore
680 1570 137 47 ägnadt
845 1575 55 31 att
927 1573 12 34 i
966 1572 209 49 betydande
1203 1577 85 33 mån
1317 1574 227 39 förekomma
1571 1574 273 58 skogssköfling

229 1620 22 31 å
286 1616 169 37 enskilda
496 1619 155 43 marker,
693 1620 67 35 och
801 1625 55 32 att
897 1621 136 49 Kungl.
1073 1623 106 48 Maj:t
1214 1625 209 37 sedermera
1461 1629 142 35 täcktes
1651 1627 191 51 förelägga

228 1667 213 47 Riksdagen
469 1667 45 36 de
542 1668 148 48 förslag,
718 1670 150 36 hvartill
896 1671 249 50 utredningen
1172 1675 70 35 kan
1270 1674 104 49 gifva
1400 1678 214 48 anledning.

329 1716 74 36 Till
430 1717 82 36 stöd
538 1718 127 36 härför
691 1720 65 35 har
784 1720 142 37 anförts
954 1722 179 47 följande:

332 1766 251 50 >Lyckligtvis
606 1768 125 49 börjar
757 1789 50 5 —
833 1776 82 31 sent
946 1773 161 36 omsider
1128 1793 50 5 —
1196 1775 124 36 vikten
1341 1775 41 36 af
1397 1790 46 22 en
1462 1777 121 37 bättre
1601 1775 242 58 hushållning

227 1824 47 28 än
310 1816 189 38 tillförene
531 1819 84 35 med
641 1823 82 32 vårt
749 1821 106 36 lands
884 1823 312 49 skogstillgångar
1223 1826 175 36 tillvinna
1424 1828 57 48 sig
1507 1829 68 35 allt
1602 1834 116 31 större
1746 1843 96 38 upp-

228 1868 258 44 märksamhet,
516 1870 66 34 och
611 1870 286 50 lagstiftningen
925 1873 67 35 har
1015 1874 44 47 ju
1088 1874 107 37 äfven
1215 1876 173 37 inskridit
1407 1878 58 35 till
1485 1877 301 40 förekommande
1804 1881 42 36 af

227 1918 113 35 sådan
378 1919 279 49 skogssköfling,
691 1933 77 24 som
796 1935 64 23 var
887 1923 120 48 ägnad
1035 1930 55 31 att
1116 1926 247 49 omöjliggöra
1390 1928 89 36 eller
1507 1930 11 34 i
1546 1930 74 48 hög
1644 1931 92 48 grad
1763 1931 78 37 för-

226 1971 105 32 svåra
367 1969 156 47 skogens
560 1973 177 34 återväxt.
800 1973 162 36 Därmed
989 1982 41 28 är
1052 1976 44 46 ju
1123 1977 217 48 visserligen
1368 1983 55 31 ett
1449 1978 285 39 beaktansvärdt
1762 1987 80 43 steg

226 2023 103 42 taget
356 2018 57 36 till
442 2019 206 37 bevarande
676 2021 40 35 af
739 2022 144 36 landets
910 2025 267 48 skogstillgång
1203 2027 13 35 i
1244 2026 212 46 framtiden,
1486 2042 84 23 men
1597 2030 99 36 huru
1715 2032 126 35 ställer

226 2067 63 36 det
329 2070 68 45 sig,
439 2082 60 22 om
535 2070 72 35 den
634 2084 51 22 nu
713 2084 134 35 genom
876 2074 286 47 skogshandlare
1189 2078 191 46 pågående
1407 2079 317 49 skogssköflingen
1751 2082 88 35 obe-

226 2117 158 36 hindrad
413 2118 58 35 får
497 2119 133 48 fortgå,
659 2122 52 34 låt
738 2135 84 22 vara
851 2123 84 35 med
961 2126 188 45 garantier
1175 2125 58 36 för
1260 2127 158 48 skogens
1446 2130 188 35 återväxt?
1661 2130 48 36 Vi
1729 2131 110 36 hafva

228 2167 118 36 under
373 2181 44 22 en
446 2168 87 49 lång
560 2169 94 48 följd
681 2170 40 36 af
743 2174 41 32 år
811 2172 141 44 erfarit,
981 2175 97 34 huru
1106 2175 62 36 det
1196 2189 67 22 ena
1290 2177 132 47 godset
1442 2178 93 36 efter
1554 2179 63 36 det
1636 2181 115 36 andra
1769 2182 70 35 och

225 2218 63 36 det
316 2231 69 22 ena
412 2218 234 37 hundratalet
674 2222 88 34 eller
789 2223 183 36 måhända
999 2227 198 34 tusentalet
1225 2227 171 36 hemman
1425 2228 93 36 efter
1545 2229 62 36 det
1631 2230 114 36 andra
1765 2231 74 37 för-

327 2280 111 35 Bihang
456 2282 43 26 till
516 2282 98 27 Riksd.
630 2287 71 30 prot.
725 2285 77 27 1911.
839 2286 18 26 8
876 2285 87 28 Saml.
999 2287 39 25 20
1057 2287 80 34 Häft.
1174 2289 58 32 (Nr
1249 2289 64 33 58.)
1723 2297 13 23 1
