1870 2784
478 163 403 41 Bevillningsutskottets
901 165 219 30 betänkande
1141 175 41 19 nr
1202 166 50 29 54.
1582 166 39 30 15

114 247 459 40 anskaffningskostnaden.
594 249 11 29 I
625 249 67 29 den
710 248 170 30 utskottet
899 249 305 30 tillhandakomna
1224 249 149 29 skriften
1392 250 63 28 har
1474 250 143 29 uttalats

115 299 50 28 att
186 297 183 30 förmånen
390 298 10 29 i
422 298 99 39 fråga
542 299 130 38 jämväl
694 299 104 29 borde
819 299 229 30 tillerkännas
1071 300 160 38 delägare
1253 309 73 20 som
1351 300 126 40 utköpt
1499 299 118 39 fastig-

115 348 57 29 het
193 348 73 30 före
286 348 37 30 år
345 349 94 32 1952.

160 398 175 30 Utskottet
354 399 59 29 vill
440 399 4 29 i
466 400 113 30 denna
600 400 52 29 del
675 400 114 29 erinra
810 409 56 20 om
888 401 50 28 att
960 401 66 29 den
1047 400 198 39 föreslagna
1268 401 244 39 utköpsrätten
1534 401 84 29 kon-

115 450 169 29 struerats
301 450 43 39 på
360 459 134 21 samma
514 451 65 29 sält
598 459 74 21 som
690 451 66 29 den
774 451 199 39 utköpsrätt
989 460 74 21 som
1082 452 163 38 medgavs
1262 452 159 38 delägare
1440 452 10 29 i
1468 451 150 40 familje-

113 498 145 40 företag,
281 500 110 30 vilkas
414 501 397 39 utdelningsinkomster
832 509 124 31 genom
980 502 220 39 lagstiftning
1221 503 37 29 år
1284 502 79 29 1951
1389 502 229 30 underkasta-

114 549 59 30 des
199 550 340 40 kedjebeskattning.
563 552 249 39 Utköpsrätten
835 552 233 38 begränsades
1092 553 44 30 då
1161 553 52 29 till
1237 555 49 29 att
1311 562 80 21 avse
1417 553 113 29 aktier
1553 553 64 30 och

114 601 144 29 andelar
283 611 73 20 som
381 602 56 29 vid
463 602 283 39 lagstiftningens
771 603 281 30 ikraftträdande
1077 604 67 29 den
1172 605 14 27 1
1211 604 141 38 januari
1380 604 83 29 1952
1488 604 128 29 befann

115 650 51 40 sig
184 652 11 28 i
213 652 41 29 de
274 661 41 20 av
332 652 375 40 kedjebeskattningen
726 653 151 30 träffade
897 654 197 38 företagens
1113 655 73 38 ägo.
1208 654 112 39 Några
1341 654 175 29 lättnader
1534 655 9 28 i
1563 654 55 29 be-

115 702 225 39 skattningen
368 703 79 29 med
476 703 136 40 hänsyn
640 704 52 29 till
721 704 106 29 redan
857 704 228 39 genomförda
1113 705 110 39 utköp
1251 705 125 38 ansågs
1408 705 147 29 sålunda
1584 704 30 39 ej

114 752 84 30 böra
220 752 267 39 ifrågakomma.
510 754 175 29 Utskottet
706 755 68 29 kan
796 755 75 29 icke
893 755 99 30 finna
1014 755 189 39 anledning
1224 755 167 39 föreligga
1414 756 52 29 att
1486 755 56 30 vid
1565 763 53 31 ge-

114 802 247 30 nomförandet
381 814 42 19 av
442 814 47 19 nu
511 804 265 39 ifrågavarande
797 805 221 39 lagstiftning
1038 805 158 40 tillämpa
1217 815 42 20 en
1280 815 119 20 annan
1417 805 136 42 princip
1573 806 43 29 än

114 862 75 20 som
213 854 146 30 sålunda
380 854 129 39 följdes
530 855 55 30 vid
606 856 210 38 antagandet
837 865 41 20 av
903 856 80 29 1951
1007 856 55 30 års
1086 856 229 39 lagstiftning.
1338 856 65 30 Det
1424 856 194 30 efterskän-

115 904 114 29 kande
250 913 42 21 av
312 905 104 33 skatt,
438 914 75 21 som
534 906 64 29 den
621 906 266 38 ifrågavarande
909 907 244 39 utköpsrätten
1174 907 154 34 innebär,
1351 907 61 29 bör
1434 907 9 29 i
1466 906 151 40 enlighet

114 955 145 29 härmed
284 955 188 38 begränsas
500 956 51 29 till
576 957 49 28 att
650 965 80 20 avse
754 957 109 39 utköp
889 966 41 20 av
957 957 169 39 egendom
1151 966 75 20 som
1251 957 57 29 vid
1333 957 284 39 lagstiftningens

115 1005 280 30 ikraftträdande
413 1006 160 29 befinner
591 1007 51 38 sig
661 1007 9 28 i
692 1007 195 38 företagens
907 1008 73 38 ägo.
1001 1007 73 29 Vad
1095 1008 143 28 särskilt
1255 1008 172 29 beträffar
1446 1007 41 30 de
1507 1008 110 29 under

114 1056 84 29 aren
220 1056 82 29 1952
321 1057 63 28 och
408 1057 83 29 1953
512 1057 211 29 verkställda
744 1058 350 39 fastighetsutköpen,
1116 1058 93 29 vilka
1229 1058 75 29 icke
1326 1058 97 29 torde
1444 1067 83 21 vara
1547 1059 71 28 sär-

115 1106 83 31 skilt
227 1107 125 38 många
379 1108 80 28 med
489 1108 136 38 hänsyn
654 1107 52 30 till
735 1110 50 27 att
815 1108 82 29 1952
926 1108 56 30 års
1012 1109 345 38 fastighetstaxering
1385 1109 11 28 i
1426 1108 191 30 allmänhet

114 1156 153 30 medfört
293 1157 108 39 höjda
428 1158 317 39 taxeringsvärden,
772 1158 56 30 må
854 1158 207 30 framhållas
1088 1160 50 28 att
1166 1159 114 39 någon
1309 1159 271 39 särbehandling
1606 1159 10 29 i

114 1206 261 40 propositionen
397 1207 77 30 icke
496 1208 197 39 föreslagits
717 1209 63 29 och
804 1218 41 20 av
866 1208 260 31 motionärerna
1149 1209 30 39 ej
1206 1209 106 30 heller
1335 1209 203 39 ifrågasatts
1562 1210 56 29 för

114 1258 57 28 det
195 1257 61 30 fall
281 1259 49 28 att
355 1258 110 40 utköp
491 1259 90 29 skett
608 1259 87 29 efter
721 1260 171 38 utgången
918 1269 42 20 av
984 1260 37 30 år
1051 1260 79 29 1951
1159 1269 80 20 men
1264 1261 170 38 företaget
1458 1260 159 40 upplösts

114 1310 118 27 senast
250 1308 109 29 under
378 1309 37 29 år
438 1308 93 31 1953.
551 1310 65 28 För
635 1309 119 39 dylika
773 1310 290 30 likvidationsfall
1082 1311 97 29 torde
1197 1311 86 29 även
1302 1310 107 40 enligt
1428 1311 188 29 utskottets

114 1358 142 40 mening
273 1358 112 39 någon
405 1359 247 29 skattelättnad
670 1360 31 36 ej
720 1369 80 20 vara
819 1360 147 29 tänkbar
986 1360 43 30 då
1046 1360 54 30 det
1119 1361 74 29 icke
1211 1361 68 29 kan
1299 1360 251 37 ifrågakomma
1569 1362 48 28 att

114 1408 74 30 riva
206 1418 69 28 upp
291 1410 194 36 taxeringar
502 1419 72 20 som
591 1410 123 29 vunnit
732 1410 72 37 laga
821 1410 104 29 kraft.
942 1410 172 30 Utskottet
1130 1411 69 29 kan
1216 1411 11 28 i
1246 1410 106 30 likhet
1368 1411 79 29 med
1464 1411 154 36 departe-

114 1458 234 30 mentschefen
377 1459 75 30 icke
482 1460 95 29 finna
610 1460 185 37 anledning
823 1460 166 37 föreligga
1018 1462 50 28 att
1098 1461 172 29 behandla
1303 1461 238 39 utköpsfallen
1571 1461 44 39 på

112 1511 109 27 annat
244 1511 67 28 sätt
334 1510 53 29 för
410 1510 65 29 den
500 1510 164 30 händelse
689 1510 205 30 likvidation
918 1511 29 38 ej
975 1511 290 30 mellankommit.
1290 1512 46 29 På
1361 1511 112 39 grund
1497 1521 40 20 av
1559 1511 57 29 det

113 1559 149 30 anförda
283 1561 182 38 avstyrker
487 1561 168 29 utskottet
674 1561 41 29 de
735 1560 236 39 föreliggande
993 1561 219 30 motionerna
1231 1562 131 38 jämväl
1385 1562 10 29 i
1417 1562 114 29 denna
1550 1562 65 29 del.

159 1611 12 28 I
192 1610 261 40 propositionen
475 1611 145 29 föreslås
641 1612 50 28 att
714 1612 143 38 företag,
880 1620 75 20 som
977 1612 130 29 önskar
1129 1612 153 39 begagna
1304 1612 51 40 sig
1375 1621 42 20 av
1438 1612 67 30 den
1526 1612 10 29 i
1557 1612 18 29 2
1599 1611 16 37 8

116 1661 217 29 föreskrivna
350 1662 112 29 rätten
481 1663 50 28 att
548 1662 158 38 frivilligt
722 1662 47 29 bli
787 1662 202 39 inbegripen
1008 1662 109 29 under
1136 1662 295 40 skattskyldighet
1449 1663 52 28 till
1517 1662 99 30 fond-

114 1710 104 34 skatt,
241 1711 87 29 skall
352 1710 115 40 ingiva
489 1712 164 29 anmälan
675 1713 50 28 till
748 1712 257 30 vederbörande
1028 1713 360 38 taxeringsintendent
1411 1718 117 27 senast
1549 1713 66 29 den

114 1760 37 29 31
176 1770 93 20 mars
291 1762 110 28 under
421 1762 262 38 taxeringsåret,
704 1763 149 28 varefter
874 1762 107 30 sådan
1004 1763 288 37 skattskyldighet
1312 1763 108 29 åvilar
1441 1763 175 37 företaget.

116 1812 7 28 J
154 1811 218 30 motionerna
400 1812 28 29 I:
445 1812 63 29 540
535 1813 63 28 och
627 1813 124 29 11:680
777 1813 62 29 har
865 1813 11 28 i
901 1813 96 29 detta
1022 1814 198 29 hänseende
1246 1814 120 38 yrkats
1395 1815 50 28 att
1472 1813 144 39 avgiven

113 1861 219 29 deklaration
352 1862 52 28 till
425 1862 182 29 fondskatt
628 1863 89 29 skall
739 1863 229 29 tillerkännas
989 1872 134 21 samma
1143 1864 174 38 betydelse
1338 1873 75 20 som
1436 1873 42 20 en
1498 1865 118 28 anmä-

115 1911 67 32 lan.
202 1911 66 29 Till
288 1912 75 29 stöd
385 1912 54 29 för
459 1912 171 38 yrkandet
651 1913 63 28 har
737 1912 211 30 framhållits
970 1915 50 27 att
1039 1914 56 28 det
1116 1913 117 29 kunde
1253 1914 125 29 tänkas
1399 1915 51 28 att
1472 1915 144 37 företag,

114 1970 74 20 som
208 1962 9 28 i
237 1961 236 38 verkligheten
494 1962 74 29 icke
587 1972 79 20 vore
688 1962 255 39 skattskyldiga
962 1963 51 29 till
1034 1963 192 34 fondskatt,
1247 1964 120 38 ingåve
1386 1964 228 29 deklaration.

113 2012 55 28 Ett
192 2011 120 29 sådant
336 2011 132 38 föreiag
492 2012 103 29 borde
621 2013 74 29 icke
718 2013 144 29 berövas
885 2014 111 28 rätten
1020 2013 50 29 till
1095 2013 143 38 frivillig
1261 2014 355 36 fondskattetaxering

113 2062 44 38 på
185 2062 66 29 den
281 2063 110 38 grund
420 2064 48 27 att
499 2062 168 38 företaget
694 2063 188 30 underlåtit
910 2063 113 39 ingiva
1053 2064 165 29 anmälan
1247 2064 50 28 till
1327 2064 288 39 taxeringsinten-

113 2112 137 29 denten.

159 2162 170 28 Utskottet
357 2163 54 28 får
438 2163 214 28 härutinnan
681 2163 184 29 framhålla
892 2164 50 28 att
966 2164 56 29 det
1049 2164 74 29 icke
1151 2165 96 28 torde
1273 2174 81 20 vara
1383 2165 156 39 lämpligt
1565 2166 51 28 att

115 2213 82 26 utan
216 2212 116 28 vidare
351 2212 154 29 likställa
524 2221 41 21 en
583 2213 219 29 deklaration
819 2213 78 29 med
915 2213 143 39 frivillig
1075 2215 175 28 anmälan.
1271 2214 229 29 Rättsförlust
1519 2215 97 29 torde

115 2261 173 36 nämligen
311 2262 118 28 kunna
450 2262 146 29 inträffa
617 2263 85 28 även
725 2263 75 28 med
822 2264 46 28 ett
890 2263 125 29 sådant
1035 2265 140 36 system.
1199 2264 154 38 Företag,
1376 2273 74 20 som
1474 2264 141 37 oriktigt

114 2312 71 27 Iror
202 2310 51 38 sig
270 2320 79 19 vara
371 2312 246 38 skattskyldigt
639 2312 49 29 till
710 2312 175 29 fondskatt
901 2312 105 36 enligt
1027 2313 12 28 1
1063 2313 15 35 8
1098 2314 62 28 och
1181 2323 74 19 som
1273 2314 119 28 därför
1411 2314 130 37 ingiver
1560 2315 56 28 de-

115 2361 183 32 klaration,
322 2361 112 29 skulle
459 2362 172 37 nämligen
657 2363 151 28 därefter
832 2362 178 29 betraktas
1035 2363 114 29 såsom
1176 2363 249 39 skattskyldigt
1449 2365 82 28 även
1559 2374 56 19 om

115 2411 177 37 företaget,
313 2411 104 28 sedan
439 2412 55 28 det
518 2413 85 28 rätta
626 2412 230 29 förhållandet
880 2412 98 30 blivit
999 2412 156 36 klarlagt,
1177 2413 171 29 förklarar
1368 2413 51 36 sig
1439 2413 73 29 icke
1533 2414 81 35 vilja

115 2460 248 35 ifrågakomma
385 2461 49 28 till
458 2461 141 35 frivillig
621 2460 163 38 taxering.
806 2462 168 29 Utskottet
997 2462 113 29 finner
1130 2463 188 29 emellertid
1341 2465 45 27 att
1409 2464 64 28 vad
1496 2464 121 28 motio-
