2206 2610
714 183 253 31 Statsutskottets
989 183 166 31 utlåtande
1179 183 52 31 Nr
1253 186 69 28 126.
1796 184 19 29 3

322 267 193 37 Utskottet
555 268 67 41 har
664 267 123 36 funnit
827 281 45 22 en
915 268 421 48 avlöningsförhöjning
1372 268 56 36 för
1457 269 146 35 arméns
1632 268 182 49 manskap

221 332 87 22 vara
349 333 47 21 av
438 319 160 37 behovet
639 319 183 48 påkallad.
879 319 58 36 Då
977 319 184 37 utskottet
1197 320 142 48 jämväl
1383 333 108 23 anser
1524 319 123 37 denna
1676 320 139 47 förhöj-

220 371 92 47 ning
341 372 57 35 för
416 371 235 36 närvarande
670 371 91 36 böra
780 371 10 35 i
824 371 165 48 enlighet
1008 371 85 36 med
1115 371 141 48 Kungl.
1277 371 125 48 Maj:ts
1428 371 142 46 förslag
1590 371 225 36 inskränkas

219 427 53 30 att
300 436 87 22 avse
415 422 306 49 dagavlöningen
750 422 70 36 och
848 422 46 36 då
922 423 183 35 utskottet
1135 423 123 35 funnit
1288 422 44 37 de
1360 436 47 22 av
1434 422 144 48 Kungl.
1608 423 106 47 Maj:t
1733 423 82 35 här-

219 474 155 35 utinnan
412 474 214 48 föreslagna
663 474 186 47 beloppen
878 474 60 35 väl
968 474 183 48 avvägda,
1182 474 68 35 har
1278 474 182 35 utskottet
1488 479 123 30 ansett
1639 474 59 47 sig
1725 475 92 35 böra

218 525 10 34 1
270 525 198 36 huvudsak
508 525 188 48 tillstyrka
733 525 142 47 Kungl.
905 525 125 47 Maj:ts
1059 526 154 46 förslag.
1270 525 217 36 Emellertid
1516 525 67 35 bör
1612 526 118 46 enligt
1757 531 58 30 ut-

219 576 159 36 skottets
420 576 154 48 mening
603 575 72 36 den
703 575 285 48 ifrågavarande
1017 576 269 48 förhöjningen
1314 589 46 22 av
1390 576 306 48 dagavlöningen
1725 579 90 45 utgå

219 627 209 37 oberoende
457 641 47 22 av
533 627 70 37 den
631 627 190 48 tillfälliga
854 626 315 49 löneförbättring
1200 640 47 23 av
1278 629 71 34 120
1379 628 151 46 kronor,
1560 641 79 22 som
1664 627 152 48 jämlikt

218 678 121 37 beslut
380 693 46 22 av
467 681 95 34 1918
605 681 59 34 års
706 679 154 48 lagtima
887 678 167 49 riksdag,
1082 679 108 36 blivit
1220 679 89 36 furir
1337 693 47 21 av
1415 681 30 33 1.
1475 679 150 36 klassen
1653 679 162 49 beviljad

219 730 67 36 för
303 733 39 33 år
372 733 109 34 1919.
538 730 204 48 Utskottet,
773 744 81 23 som
882 731 11 35 i
921 731 64 36 sitt
1012 730 193 37 utlåtande
1234 744 44 22 nr
1308 733 71 34 128
1409 730 123 37 denna
1552 730 76 49 dag
1647 731 166 47 föreslår,

218 787 54 31 att
313 783 167 48 tillfällig
524 782 316 49 löneförbättring
881 786 58 33 må
981 787 95 31 även
1104 783 118 36 under
1253 784 97 34 1920
1380 785 92 46 utgå
1500 782 57 36 till
1585 782 91 36 furir
1705 796 46 22 av
1782 785 32 33 1.

217 833 149 37 klassen
394 835 84 36 med
508 834 219 37 oförändrat
755 834 149 48 belopp,
938 834 132 46 finner,
1100 839 55 31 att
1183 834 547 49 dagavlöningsförhöjningen
1759 834 58 36 för

219 885 91 36 furir
352 900 45 22 av
429 888 31 34 1.
490 886 150 36 klassen
669 885 208 37 oberoende
905 885 116 36 härav
1049 885 68 37 bör
1144 886 118 36 under
1290 888 39 33 år
1360 887 97 35 1920
1485 888 93 45 utgå
1610 885 206 37 oavkortad

218 936 92 37 med:
331 938 47 35 50
408 943 62 31 öre
498 951 61 23 om
588 937 135 48 dagen.
763 936 230 49 Härigenom
1013 936 208 37 bibehållas
1241 937 288 48 ifrågavarande
1549 937 266 48 beställnings-

217 989 138 36 havare
383 989 63 36 vid
476 989 71 36 den
576 989 118 48 enligt
721 989 206 36 utskottets
956 989 155 48 mening
1138 989 85 36 med
1252 989 148 49 hänsyn
1419 989 57 35 till
1496 989 107 36 deras
1622 989 194 48 betydelse

218 1041 58 35 för
314 1041 382 49 utbildningsarbetet
736 1040 61 36 vid
840 1041 128 35 armén
1000 1041 61 36 väl
1089 1040 230 37 motiverade
1348 1041 181 48 ställning
1557 1041 12 35 i
1598 1041 217 49 avlönings-

217 1093 223 47 hänseende,
470 1106 80 23 som
579 1092 47 37 de
654 1106 51 23 nu
732 1092 141 49 intaga.

320 1144 237 37 Beträffande
585 1144 259 37 utbetalandet
876 1158 47 22 av
951 1145 269 48 anställnings-
1248 1144 69 37 och
1345 1144 470 50 rekapitulationspremier

218 1203 178 30 ävensom
438 1202 111 31 sättet
590 1197 59 36 för
690 1197 268 36 kostnadernas
999 1196 240 37 bestridande
1277 1196 67 36 har
1370 1197 185 37 utskottet
1583 1196 81 37 icke
1693 1196 123 36 funnit

218 1249 204 48 anledning
449 1249 57 35 till
534 1249 147 37 erinran
709 1253 79 32 mot
814 1248 140 49 Kungl.
984 1248 126 49 Maj:ts
1140 1248 152 49 förslag.

320 1301 193 37 Utskottet
540 1301 225 47 hemställer,

721 1409 53 31 att
800 1403 202 49 riksdagen
1030 1406 60 34 må
1118 1403 188 48 medgiva,

724 1455 71 50 1:0)
837 1460 53 32 att
931 1454 167 49 tillfällig
1133 1454 220 50 förhöjning
1380 1454 13 36 i
1421 1453 306 50 dagavlöningen
1755 1457 60 33 må

616 1508 188 38 utbetalas
831 1508 56 36 till
918 1507 289 37 nedannämnda
1234 1507 182 48 manskap
1443 1506 63 36 vid
1536 1506 144 36 armén:

720 1560 58 36 för
818 1560 101 36 tiden
956 1560 71 36 den
1059 1561 17 34 1
1107 1559 203 37 november
1341 1558 224 37 1919—den
1595 1560 45 34 31
1672 1558 142 37 decem-

616 1613 67 36 ber
713 1613 97 35 1920
844 1612 54 36 till
927 1612 92 36 furir
1046 1625 47 22 av
1124 1613 32 34 1.
1187 1611 70 37 och
1285 1613 34 34 2.
1358 1611 150 36 klassen
1538 1610 178 49 (likställd
1752 1611 63 36 be-

616 1665 301 48 ställningsman,
959 1663 218 36 musikfurir
1214 1677 46 22 av
1288 1665 34 34 2.
1352 1662 164 49 klassen)
1545 1662 83 37 med
1659 1664 47 35 30
1734 1668 79 39 öre;

615 1717 56 36 till
699 1717 148 49 korpral
873 1716 221 49 (konstapel,
1119 1715 166 37 likställd
1304 1715 350 48 beställningsman,
1675 1715 139 36 musik-

616 1769 165 49 korpral,
810 1768 322 50 musikkonstapel
1160 1773 97 31 samt
1285 1767 161 49 korpral,
1480 1766 132 49 indelt)
1654 1766 84 38 med
1767 1768 46 35 35

616 1826 77 39 öre;
731 1821 55 35 till
823 1820 227 49 vicekorpral
1080 1819 180 49 (likställd
1290 1819 348 49 beställningsman,
1672 1819 141 36 musik-

616 1873 248 49 vicekorpral,
898 1872 406 49 musikvicekonstapel
1332 1876 96 32 samt
1456 1871 82 37 vice
1570 1871 161 49 korpral,
1759 1871 56 36 in-

617 1924 89 50 delt)
747 1925 85 37 med
862 1927 47 34 20
937 1929 78 41 öre;
1045 1924 57 36 till
1131 1924 129 48 menig
1287 1923 341 49 beställningsman
1656 1922 159 50 (menigt

616 1977 309 50 musikmanskap
950 1982 96 31 samt
1065 1976 128 49 menig
1211 1976 347 48 beställningsman,
1580 1975 130 49 indelt)
1730 1975 84 37 med

618 2031 48 35 20
712 2035 74 40 öre;
820 2029 70 37 och
926 2029 55 36 till
1017 2028 127 49 menig
1180 2028 174 37 volontär
1391 2027 152 50 (menig,
1572 2026 130 51 indelt)
1730 2027 83 37 med

618 2083 48 35 30
696 2086 74 42 öre,

722 2132 73 50 2:0)
823 2139 55 31 att
906 2133 254 37 kostnaderna
1189 2132 57 37 för
1273 2132 158 37 berörda
1454 2131 220 50 förhöjning
1693 2132 12 36 i
1725 2131 90 49 dag-

617 2186 232 48 avlöningen
889 2188 60 34 må
985 2188 93 46 utgå
1115 2185 59 36 för
1201 2184 103 37 tiden
1333 2184 120 37 den
1428 2180 34 58 1
1483 2184 332 36 november—den

618 2240 45 35 31
708 2238 195 37 december
947 2239 95 35 1919
1085 2237 83 36 från
1211 2237 170 49 anslaget
1422 2237 57 36 till
1521 2236 179 49 avlöning
1745 2236 70 37 och

616 2290 239 50 rekrytering
886 2304 48 22 m.
963 2303 48 22 m.
1042 2294 96 32 samt
1165 2289 59 37 för
1251 2292 41 34 år
1322 2289 97 36 1920
1449 2289 82 36 från
1559 2289 172 48 anslaget
1758 2288 55 36 till

617 2343 180 49 avlöning
823 2342 56 37 till
902 2342 172 50 personal
1092 2341 62 37 vid
1176 2341 124 37 staber
1320 2341 69 37 och
1404 2341 274 50 truppförband
1698 2355 47 22 m.
1762 2341 50 47 f.,

1864 280 147 22 Utskottets

1874 315 128 28 yttrande.
