1890 2808
279 132 17 29 2
682 135 378 30 Jordbruksutskottets
1088 134 175 31 utlåtande
1288 144 43 21 nr
1357 136 49 29 40.

283 219 261 37 igångsättande
560 229 41 20 av
619 228 42 21 en
679 220 46 29 all
742 218 161 37 åkerjord
921 219 214 30 omfattande
1153 218 527 36 markkarteringsverksamhet,
1697 222 83 26 utan

283 266 48 26 att
350 262 115 30 denna
486 262 217 29 verksamhet
723 261 123 30 liksom
867 261 144 35 tidigare
1031 261 106 30 borde
1158 261 158 30 bedrivas
1338 264 84 26 utan
1443 260 167 31 särskilda
1633 260 148 30 forcera-

283 305 41 29 de
349 303 159 36 åtgärder
531 303 77 31 från
631 304 56 30 det
710 304 194 29 allmännas
928 303 83 36 sida,
1036 304 87 29 helst
1146 313 75 20 som
1246 312 42 21 en
1310 303 44 29 all
1381 302 162 35 åkerjord
1566 302 216 30 omfattande

283 346 277 36 markkartering
584 346 75 30 icke
685 346 115 30 kunde
825 345 37 31 få
887 345 113 36 någon
1026 345 156 35 praktisk
1208 344 204 31 ekonomisk
1437 344 172 37 betydelse
1636 344 55 30 för
1717 345 65 29 den

283 389 153 30 aktuella
464 388 413 30 livsmedelssituationen.
907 388 170 36 Styrelsen
1105 387 170 30 betonade
1304 387 190 30 emellertid
1521 386 184 37 samtidigt,
1734 389 49 27 att

284 431 65 30 den
367 431 109 30 funne
494 431 54 30 det
564 431 186 35 angeläget,
769 434 48 26 att
836 430 124 36 frågan
979 439 55 20 om
1055 430 54 29 det
1127 427 194 32 allmännas
1340 429 211 29 medverkan
1570 428 49 30 till
1638 437 42 21 en
1698 428 85 30 efter

283 476 91 27 stora
399 472 101 36 linjer
524 473 205 36 genomförd
750 472 278 35 markkartering
1050 472 151 35 ägnades
1224 472 156 29 alllmera
1404 471 92 30 ökad
1518 471 263 35 uppmärksam-

283 516 65 30 het.
372 516 79 29 Icke
471 515 103 30 minst
593 515 120 36 viktigt
735 524 77 20 vore
832 515 56 29 det
909 514 130 35 därvid,
1061 518 48 26 att
1130 514 66 30 den
1216 523 41 20 av
1278 513 441 36 hushållningssällskapen
1739 512 43 36 på

283 557 265 36 ifrågavarande
570 557 142 30 område
733 557 166 30 bedrivna
924 557 263 29 verksamheten
1209 557 167 28 anknötes
1403 555 50 30 till
1477 556 64 29 den
1566 555 116 30 lokala
1706 555 75 29 fält-

283 599 413 37 försöksverksamheten,
720 599 54 30 för
795 599 116 30 vilken
934 599 220 29 markkartor
1177 608 79 20 vore
1279 597 219 36 nödvändiga
1522 597 73 30 icke
1619 597 88 29 blott
1729 597 54 29 för

283 652 42 20 en
347 642 104 36 riktig
473 642 153 36 tolkning
647 651 42 21 av
711 641 325 30 försöksresultaten
1056 644 83 26 utan
1161 641 86 29 även
1269 640 54 30 för
1344 639 364 35 sammanställningar
1729 639 54 29 för

283 684 290 36 försöksresultat,
599 684 151 30 avsedda
775 687 48 27 att
848 683 97 36 tjäna
972 693 73 20 som
1069 682 206 36 vägledning
1300 682 54 29 för
1380 691 42 20 en
1448 683 106 28 större
1583 682 198 29 allmänhet.

283 727 272 30 Verksamheten
575 727 108 29 borde
704 726 10 30 i
735 726 108 36 övrigt
863 725 160 31 bedrivas
1045 725 10 30 i
1075 727 86 28 nära
1183 724 192 31 samarbete
1397 725 80 29 med
1496 723 180 36 befintliga
1697 724 84 29 lant-

283 769 267 30 brukskemiska
579 769 327 35 kontrollstationer,
939 768 92 30 vilka
1060 768 80 29 med
1173 768 111 29 ökade
1314 768 234 29 erfarenheter
1578 776 58 20 om
1668 767 113 29 mark-

284 813 219 35 analysering
532 812 64 30 och
626 812 147 29 behovet
806 821 41 20 av
878 810 170 31 successiv
1081 810 196 36 utveckling
1308 819 42 20 av
1383 810 264 29 verksamheten
1677 808 106 30 borde

283 854 230 30 tillförsäkras
535 854 126 36 nödiga
683 853 368 31 laboratorieresurser.

328 897 132 30 Genom
487 897 110 30 beslut
624 897 67 29 den
719 897 40 29 26
788 895 154 30 februari
974 896 81 29 1943
1082 895 158 35 uppdrog
1268 894 122 36 Kungl.
1422 893 100 36 Maj:t
1549 893 34 30 åt
1609 892 174 36 professor

284 939 228 30 Torstensson
533 943 48 26 att
604 939 185 29 verkställa
815 938 184 35 utredning
1021 938 148 29 rörande
1196 936 280 36 organiserandet
1501 945 41 20 av
1568 936 214 29 markkarte-

283 982 359 35 ringsverksamheten
666 980 85 30 efter
774 980 53 30 för
851 981 80 29 hela
954 980 114 30 landet
1091 979 181 30 ensartade
1295 978 183 36 principer,
1502 978 64 29 och
1590 977 105 36 enligt
1718 977 66 30 vad

283 1024 349 36 lantbruksstyrelsen
653 1024 110 29 under
784 1023 94 29 hand
901 1022 169 30 inhämtat
1091 1022 97 29 torde
1209 1020 266 37 ifrågavarande
1498 1020 284 35 utredningsupp-

285 1067 83 35 drag
389 1076 83 20 vara
492 1066 136 30 slutfört
648 1065 96 30 inom
764 1066 66 29 den
849 1066 175 28 närmaste
1044 1064 102 30 tiden.

329 1109 256 30 Motionärerna
610 1108 91 30 hava
728 1107 202 35 framhållit,
958 1110 48 26 att
1032 1110 45 26 ett
1103 1106 233 35 avhjälpande
1363 1114 43 20 av
1432 1104 128 30 bristen
1587 1103 45 36 på
1659 1103 123 30 fosfor-

285 1161 78 26 syra
391 1152 66 29 och
486 1151 81 29 kalk
594 1150 9 30 i
631 1151 41 29 de
699 1149 127 37 jordar,
856 1150 62 29 där
946 1149 235 29 underskottet
1209 1157 41 20 av
1280 1148 98 29 dessa
1405 1146 269 36 näringsämnen
1705 1155 79 20 vore

285 1194 111 35 störst,
421 1193 110 30 skulle
556 1193 76 29 leda
656 1192 51 30 till
730 1191 157 36 jämnare
911 1191 144 29 skördar
1080 1191 65 29 och
1171 1190 142 30 därmed
1335 1189 159 36 jämnare
1517 1188 191 29 inkomster
1731 1187 53 30 för

284 1234 438 37 jordbruksbefolkningen
752 1238 87 26 samt
869 1237 49 26 att
948 1243 42 20 en
1019 1232 269 36 grundgödsling
1317 1232 80 29 med
1426 1232 64 28 här
1519 1230 265 35 ifrågavarande

285 1279 126 28 ämnen
431 1287 79 20 vore
533 1286 41 20 en
593 1275 336 37 beredskapsåtgärd
950 1274 44 36 på
1014 1274 469 35 livsmedelsproduktionens
1504 1272 141 31 område
1666 1282 42 20 av
1730 1272 54 29 det

284 1324 87 25 mest
393 1318 153 37 pålitliga
568 1319 81 35 slag.

328 1362 53 29 En
406 1362 130 29 utökad
561 1359 516 36 markkarteringsverksamhet
1100 1358 110 30 skulle
1234 1357 198 36 visserligen
1455 1357 107 35 skapa
1586 1356 198 30 kännedom

285 1413 56 21 om
366 1404 42 30 de
433 1402 175 34 områden,
634 1403 63 29 där
723 1402 40 30 de
788 1403 125 28 största
938 1401 246 29 underskotten
1209 1400 8 29 i
1244 1399 336 35 näringshänseende
1608 1398 175 35 föreligga,

285 1455 78 21 men
384 1446 116 30 såsom
523 1444 348 36 lantbruksstyrelsen
891 1453 90 20 ovan
1002 1442 114 31 anfört
1138 1442 110 30 skulle
1270 1442 55 29 det
1347 1442 108 29 kräva
1476 1450 41 21 en
1538 1441 167 29 avsevärd
1726 1439 57 35 tid,

285 1488 107 30 innan
411 1497 95 21 mera
525 1487 214 30 omfattande
757 1486 143 30 resultat
917 1485 109 30 skulle
1045 1485 118 29 kunna
1181 1483 61 31 nås
1260 1483 44 36 på
1321 1484 93 29 detta
1435 1482 150 33 område.
1606 1483 64 29 Det
1690 1482 95 29 torde

286 1530 171 36 därjämte
484 1530 84 29 böra
595 1528 215 35 framhållas,
839 1531 49 27 att
916 1527 333 35 förutsättningarna
1277 1526 54 28 för
1359 1525 286 36 genomförandet
1673 1534 42 20 av
1743 1533 41 20 en

285 1571 269 36 grundgödsling
579 1574 81 26 utav
685 1570 11 30 i
720 1570 175 29 motionen
922 1572 107 27 avsett
1055 1569 71 35 slag
1152 1568 55 29 för
1231 1567 217 30 närvarande
1472 1567 73 29 icke
1573 1575 103 27 synas
1703 1575 81 20 vara

285 1614 54 30 för
365 1614 142 30 handen
531 1613 10 30 i
569 1613 66 30 vad
660 1622 98 21 avser
782 1612 203 36 fosforsyra.

329 1681 174 37 Styrelsen
524 1681 54 37 för
600 1679 377 36 lantbrukshögskolan
999 1679 62 29 har
1084 1677 165 36 åberopat
1270 1676 175 37 professor
1469 1676 243 30 Torstenssons
1735 1678 49 27 ut-

285 1731 139 32 låtande
445 1741 74 21 som
540 1735 72 32 eget
632 1731 168 36 yttrande.
823 1730 14 30 I
861 1729 215 30 sistnämnda
1097 1728 160 37 yttrande
1280 1729 63 28 har
1363 1726 175 38 professor
1560 1727 225 29 Torstensson

286 1783 157 35 avstyrkt
463 1782 99 30 bifall
584 1781 50 30 till
654 1781 217 30 motionerna
895 1784 90 26 samt
1007 1779 114 30 anfört
1143 1779 167 35 följande:

326 1837 47 34 Är
397 1842 81 29 1941
502 1841 45 29 lät
567 1844 127 26 statens
717 1838 422 31 livsmedelskommission
1161 1846 123 27 genom
1306 1838 211 28 Tortensson
1538 1835 185 30 verkställa
1744 1844 40 20 en

284 1884 183 36 utredning
488 1885 79 28 över
587 1883 124 36 frågan
734 1882 91 30 vilka
846 1881 169 36 åtgärder,
1039 1890 73 20 som
1136 1879 185 36 lämpligen
1342 1880 108 29 borde
1472 1879 162 35 vidtagas,
1660 1877 54 30 för
1738 1880 47 27 ait

285 1927 35 31 få
348 1928 51 29 till
429 1926 101 30 stånd
557 1935 41 20 en
626 1934 95 21 mera
748 1925 129 29 allmän
905 1923 203 36 genomförd
1135 1921 277 36 markkartering
1441 1930 42 21 av
1512 1921 152 35 Sveriges
1693 1919 91 36 jord-

284 1969 198 36 bruksjord.
508 1969 179 29 Närmaste
711 1967 101 36 syftet
833 1967 80 29 med
936 1966 111 30 denna
1069 1964 184 36 utredning
1277 1973 70 27 var,
1372 1967 49 27 att
1443 1973 81 20 man
1545 1964 110 28 under
1679 1972 104 20 nuva-

283 2013 107 30 rande
412 2011 226 47 avspärrning
658 2019 123 27 genom
803 2008 321 36 markkarteringen
1144 2007 110 30 skulle
1275 2006 35 31 få
1332 1985 174 61 möjligast
1527 2006 114 29 säkert
1662 2004 121 30 under-

284 2057 53 34 lag
357 2055 55 30 för
432 2064 41 20 en
494 2055 82 28 efter
596 2053 182 36 jordarnas
799 2052 112 29 behov
933 2051 172 36 anpassad
1126 2049 194 35 fördelning
1342 2058 42 20 av
1404 2047 237 37 gödselmedel.
1665 2047 48 28 Av
1734 2049 50 26 ut-

284 2098 190 35 redningen
505 2096 169 35 framgick
703 2094 197 35 emellertid,
929 2097 49 26 att
1006 2093 53 29 det
1088 2092 109 30 måste
1227 2094 76 33 taga
1332 2091 133 35 ganska
1494 2089 77 36 lång
1601 2089 50 29 tid
1679 2089 106 29 innan

284 2139 320 36 markkarteringen
627 2138 117 30 kunde
770 2137 122 30 tänkas
918 2135 37 31 få
979 2135 106 30 sådan
1111 2134 217 35 omfattning,
1355 2136 49 27 att
1427 2133 185 29 resultaten
1637 2141 43 20 av
1705 2131 79 30 den-

285 2193 134 20 samma
443 2183 107 29 skulle
571 2182 119 29 kunna
712 2180 94 36 tjäna
827 2178 150 36 angivna
997 2177 96 36 syfte.

328 2225 51 30 Då
403 2222 464 33 livsmedelskommissionen
891 2220 186 31 emellertid
1100 2218 107 36 ansåg
1228 2218 40 30 de
1289 2217 196 36 föreslagna
1507 2216 205 36 åtgärderna
1732 2215 54 30 för

284 2267 337 35 markkarteringens
659 2264 251 35 intensifiering
948 2262 272 37 betydelsefulla,
1257 2260 260 30 överlämnades
1546 2259 164 35 förslaget
1736 2257 50 30 till

284 2310 348 36 Jantbruksstyrelsen
657 2308 56 30 för
739 2306 206 36 vidtagande
970 2315 41 20 av
1037 2305 40 30 de
1102 2304 158 36 åtgärder
1287 2303 166 36 styrelsen
1478 2302 115 30 kunde
1619 2310 83 21 anse
1726 2299 58 37 på-

284 2353 147 31 kallade.

328 2396 97 30 Efter
445 2394 197 30 inhämtade
659 2392 183 37 yttranden
862 2392 82 28 över
962 2390 160 35 förslaget
1142 2388 78 30 från
1239 2387 457 35 hushållningssällskapens
1714 2394 70 21 om-

283 2439 80 35 bud,
397 2436 455 36 hushållningssällskapens
883 2432 370 35 förvaltningsutskolt,
1285 2433 128 27 statens
1446 2427 338 32 lantbrukskemiska
