1898 2834
288 173 18 26 4
496 172 99 28 Andra
616 175 182 26 kammarens
830 175 131 26 andra
992 174 145 36 tillfäuiga
1158 176 126 27 utskotts
1307 176 150 27 utlåtande
1479 176 43 28 Nr
1543 177 24 26 7.

331 262 217 39 Obestridligt
576 264 46 37 är,
649 267 50 27 att
723 264 91 30 såväl
838 274 42 22 en
907 265 53 31 hel
986 275 109 29 grupp
1122 276 40 20 av
1187 266 115 37 buller,
1328 267 167 38 nämligen
1523 267 63 39 det,
1614 278 68 20 som
1707 278 71 28 per-

288 317 93 29 sonal
401 316 11 30 i
433 316 109 31 fabrik
562 318 103 31 måste
685 318 144 32 uthärda
849 319 11 30 i
882 323 72 34 eget
974 319 118 41 arbete,
1114 324 84 27 samt
1220 320 167 39 åtskilliga
1410 321 70 38 slag
1502 331 40 21 av
1562 321 116 39 buller,
1700 322 78 31 hän-

285 370 122 38 förliga
433 371 53 30 till
510 372 113 37 övriga
648 382 84 20 ovan
759 373 145 38 angivna
930 383 155 28 grupper,
1113 374 30 38 ej
1169 374 96 32 blivit
1293 374 139 31 föremål
1459 375 53 30 för
1539 375 198 39 ingripande
1764 377 10 30 i

287 424 302 39 lagstiftningsväg.
622 425 245 33 Erfarenheten
888 427 62 30 har
969 427 93 31 också
1080 428 95 37 visat,
1197 432 49 28 att
1267 428 54 32 det
1349 429 4 29 i
1372 429 121 38 många
1511 430 70 36 fall,
1602 429 62 31 där
1683 430 95 38 skyd-

287 477 108 33 dande
423 479 210 32 föreskrifter
661 480 190 39 visserligen
877 481 142 32 existera
1047 482 42 37 på
1115 487 170 34 papperet,
1315 482 159 38 erbjuder
1502 484 179 34 avsevärda
1708 485 69 30 svå-

286 532 148 38 righeter
454 538 49 27 att
524 534 156 32 effektivt
700 535 128 31 komma
849 535 55 31 till
923 536 90 31 rätta
1032 536 73 31 med
1127 536 262 38 olägenheterna.
1423 537 68 30 Vid
1513 537 85 31 olika
1619 538 157 31 tillfällen

286 587 85 31 hava
398 588 181 31 emellertid
606 589 156 38 åtgärder
788 590 162 38 vidtagits
976 591 11 30 i
1013 591 54 32 det
1093 602 41 21 av
1162 592 204 31 motionären
1393 593 145 38 angivna
1564 594 113 37 syftet.
1715 594 62 31 Att

287 641 39 31 de
352 642 97 31 blivit
472 642 194 38 sporadiska
690 644 59 30 och
774 644 116 32 endast
917 645 131 32 erhållit
1074 656 40 21 en
1136 646 186 38 begränsad
1347 647 162 31 räckvidd
1533 648 94 32 torde
1653 648 87 39 ligga
1768 650 8 29 i

286 696 116 31 sakens
428 706 81 28 egen
533 701 110 27 natur.
682 697 76 31 Som
783 699 138 31 svenska
946 699 349 34 landskommunernas
1322 701 148 31 förbund
1495 702 128 32 erinrat
1650 713 60 26 om,
1741 704 36 30 är

285 750 150 31 området
461 752 37 29 så
527 751 158 39 ofantligt
712 756 82 28 stort
822 753 60 31 och
911 754 188 38 oenhetligt,
1131 759 50 28 att
1206 766 41 21 en
1276 757 59 31 allt
1365 758 239 37 övergripande
1634 759 142 38 lagstift-

285 804 83 38 ning
398 805 43 38 på
471 806 148 32 området
651 807 86 31 lärer
757 817 80 22 vara
856 808 172 31 otänkbar.
1063 809 110 31 Bland
1193 810 38 31 de
1253 810 165 40 åtgärder,
1441 822 68 20 som
1529 813 43 37 på
1592 822 115 23 senare
1727 814 51 30 tid

285 859 161 38 vidtagits
485 860 11 29 i
535 860 88 38 syfte
661 865 49 27 att
748 862 169 32 motverka
955 863 116 38 buller,
1111 864 61 31 vill
1209 865 161 32 utskottet
1410 866 60 30 här
1510 866 179 33 framhålla
1727 868 50 31 be-

284 916 213 37 stämmelser,
536 926 68 21 som
641 918 169 32 utfärdats
850 919 169 38 angående
1054 921 201 37 sjötrafiken
1291 922 10 30 i
1340 921 205 34 Stockholms
1582 923 99 31 hamn
1719 924 58 30 och

285 979 67 20 som
388 970 80 31 böra
503 971 112 32 kunna
650 973 97 37 tjäna
783 973 54 31 till
871 974 167 32 föredöme
1073 975 44 38 på
1155 980 97 33 orter,
1290 976 61 31 där
1387 976 113 38 dylika
1535 977 243 32 bestämmelser

285 1024 142 31 behövas
461 1035 72 21 men
568 1027 92 29 ännu
693 1027 127 31 saknas.
866 1028 125 32 Vidare
1015 1030 53 30 må
1091 1029 62 31 här
1177 1030 127 32 erinras
1330 1041 52 21 om
1407 1035 51 28 att
1482 1031 124 38 Kungl.
1633 1032 104 38 Maj:t
1763 1032 11 30 i

285 1079 206 37 proposition
514 1080 52 30 till
587 1081 225 32 innevarande
835 1083 56 31 års
912 1083 133 38 riksdag
1067 1084 167 32 hemställt
1258 1095 51 20 om
1333 1085 157 38 åtgärder
1512 1086 54 30 för
1590 1086 186 38 införande,

282 1133 194 39 visserligen
499 1135 90 30 ännu
610 1136 36 30 så
666 1136 95 38 länge
782 1146 90 22 mera
893 1137 44 38 på
959 1137 120 39 försök,
1103 1149 40 20 av
1172 1138 88 38 ”tyst
1281 1139 135 31 trafik”
1440 1140 73 31 med
1535 1140 238 31 motorfordon.

284 1186 141 39 Förslag
449 1188 11 30 i
486 1187 91 33 detta
601 1190 96 31 ämne
721 1190 61 31 har
807 1191 137 38 nyligen
969 1191 174 39 framlagts
1171 1202 40 22 av
1236 1192 106 32 andra
1369 1193 226 38 lagutskottet.
1658 1194 118 31 Andra

285 1241 173 39 tillfälliga
483 1243 160 32 utskottet
669 1244 61 31 har
758 1244 165 38 därjämte
949 1246 172 40 inhämtat,
1150 1252 49 27 att
1225 1249 195 37 spörsmålet
1449 1260 51 20 om
1526 1250 157 38 åtgärder
1710 1255 66 27 mot

283 1296 108 31 buller
414 1297 88 30 inom
523 1296 149 32 fabriker
693 1299 38 29 är
751 1299 140 31 föremål
913 1300 53 30 för
987 1301 291 37 uppmärksamhet
1301 1303 79 30 från
1403 1303 279 39 socialstyrelsens
1705 1306 71 30 sida

284 1356 83 26 samt
393 1370 42 3 —
457 1351 11 30 i
491 1351 65 31 vad
579 1362 95 21 avser
698 1353 232 31 förhållanden
956 1365 40 20 av
1018 1365 91 21 mera
1133 1355 248 33 internationell
1404 1358 158 31 karaktär
1586 1378 42 3 —
1653 1360 122 37 jämväl

284 1403 78 32 från
389 1405 213 33 nationernas
627 1407 156 31 förbund.
845 1408 98 32 Vissa
966 1419 91 22 mera
1083 1411 142 37 positiva
1250 1413 140 32 resultat
1422 1414 120 38 (såsom
1568 1416 208 37 utprovande

284 1469 40 20 av
345 1460 163 32 effektiva
527 1461 202 38 öronskydd)
755 1462 84 32 hava
860 1464 59 30 ock
936 1464 97 32 blivit
1052 1475 41 20 en
1114 1465 88 38 följd
1221 1466 111 32 härav.

326 1514 168 32 Utskottet
515 1515 136 32 beaktar
675 1516 53 31 till
750 1516 84 32 fullo
858 1517 39 32 de
920 1518 208 39 olägenheter
1152 1530 41 21 av
1214 1521 64 31 vitt
1301 1522 108 31 skilda
1429 1522 81 39 slag,
1534 1524 43 37 på
1600 1524 90 31 vilka
1711 1534 65 21 mo-

277 1568 152 32 tionären
464 1571 83 37 tagit
582 1571 83 31 sikte
701 1571 11 30 i
737 1571 220 33 förevarande
980 1574 131 39 motion,
1137 1575 151 31 ävensom
1311 1576 39 31 de
1373 1577 214 39 svårigheter,
1613 1589 67 20 som
1703 1579 72 31 med

281 1623 196 32 nuvarande
500 1625 185 38 oenhetliga
707 1625 214 40 lagstiftning
943 1627 162 39 föreligga
1126 1628 54 32 för
1202 1629 95 32 deras
1319 1630 256 39 undanröjande
1598 1633 80 31 eller
1699 1633 77 31 ned-

282 1677 186 38 bringande
485 1678 52 31 till
554 1679 129 32 mindre
700 1680 180 31 kännbara.
899 1681 76 31 Men
993 1693 40 20 av
1051 1683 80 38 skäl,
1150 1693 68 22 som
1237 1694 83 21 ovan
1337 1685 155 38 angivits,
1505 1686 98 38 hyser
1615 1688 161 31 utskottet

284 1731 82 31 dock
401 1732 63 31 den
499 1733 273 39 uppfattningen,
808 1739 49 28 att
893 1737 209 36 spörsmålets
1136 1738 242 38 mångsidighet
1403 1741 59 36 gör
1487 1740 55 32 det
1566 1741 129 32 mindre
1722 1743 53 30 väl

283 1787 102 37 ägnat
408 1787 54 30 för
486 1788 144 38 enhetlig
653 1789 166 38 reglering
840 1790 11 30 i
875 1790 303 40 lagstiftningsväg.
1214 1793 167 32 Utskottet
1404 1794 106 31 håller
1533 1795 80 39 före,
1639 1800 49 28 att
1713 1795 61 32 den

284 1840 53 31 för
358 1842 210 32 närvarande
590 1842 94 32 bästa
705 1844 58 30 och
786 1849 83 27 mest
891 1844 233 40 framkomliga
1143 1847 106 37 vägen
1271 1847 54 31 för
1348 1848 164 32 ernående
1535 1860 40 20 av
1598 1854 47 27 ett
1666 1850 108 32 bättre

283 1896 157 30 sakernas
463 1897 151 31 tillstånd
639 1898 37 30 är
699 1902 51 27 att
776 1908 116 28 genom
917 1899 176 32 domstolar
1119 1901 60 30 och
1202 1901 232 38 myndigheter
1458 1903 139 32 tillfullo
1622 1905 152 37 utnyttja

280 1949 39 32 de
343 1960 157 28 resurser,
522 1962 67 20 som
611 1951 103 32 redan
738 1952 112 31 finnas
873 1954 10 29 i
906 1954 121 31 allmän
1051 1955 212 38 lagstiftning
1285 1957 59 30 och
1368 1957 210 32 kommunala
1600 1959 171 30 föreskrif-

283 2008 59 33 ter,
367 2010 86 27 samt
477 2009 58 34 att,
560 2005 61 31 där
645 2005 94 32 dessa
762 2007 30 37 ej
818 2007 86 32 visat
929 2008 49 38 sig
1002 2006 111 42 förslå,
1138 2010 195 38 ytterligare
1358 2011 218 38 komplettera
1602 2012 74 31 dem
1700 2013 73 30 med

284 2058 108 31 lokala
413 2059 250 32 bestämmelser.

324 2122 116 31 Under
466 2122 206 39 åberopande
696 2135 40 20 av
760 2123 38 33 de
823 2125 217 41 synpunkter,
1067 2135 67 21 som
1158 2127 336 39 medicinalstyrelsen
1521 2129 169 38 framfört,
1716 2130 58 31 och

282 2176 75 30 med
385 2177 132 31 särskilt
542 2177 183 33 beaktande
751 2189 41 20 av
815 2179 67 30 vad
908 2180 137 31 svenska
1069 2180 274 34 stadsförbundet
1370 2183 11 30 i
1407 2183 58 31 sitt
1491 2183 61 31 här
1579 2194 86 21 ovan
1691 2185 83 30 åter-

283 2230 101 38 givna
405 2231 171 32 uttalande
597 2232 123 38 anfört,
742 2232 114 33 finner
873 2234 51 38 sig
944 2234 160 32 utskottet
1125 2254 42 3 —
1187 2246 67 20 som
1275 2237 100 37 utgår
1397 2237 78 31 från
1498 2242 49 28 att
1569 2239 90 30 såväl
1679 2243 95 27 stats-

282 2285 173 32 makterna
476 2296 68 20 som
564 2286 244 33 vederbörande
831 2288 210 32 kommunala
1062 2289 230 39 myndigheter
1314 2292 291 37 uppmärksamma
1628 2294 11 29 i
1662 2293 111 30 motio-

282 2349 65 22 nen
373 2339 142 33 berörda
537 2341 211 38 olägenheter
773 2343 59 30 och
861 2343 11 30 i
899 2342 63 31 den
987 2343 77 30 mån
1089 2344 37 30 så
1152 2344 152 32 befinnes
1331 2345 152 39 lämpligt
1510 2346 60 31 och
1597 2347 175 38 behövligt,

281 2393 138 39 vidtaga
443 2395 156 38 åtgärder
624 2395 54 31 för
703 2395 95 32 deras
823 2397 223 38 avhjälpande
1069 2398 81 31 eller
1176 2398 174 32 lindrande
1375 2418 43 3 —
1442 2400 68 32 icke
1536 2400 80 32 böra
1641 2401 132 31 biträda

283 2448 167 32 motionen
472 2453 81 27 utan
575 2449 196 41 hemställer,
