2198 2663
708 199 251 33 Stalsutskottets
990 199 172 33 Utlåtande
1185 199 64 31 N:o
1274 199 74 31 152.
1793 197 19 32 3

220 287 62 36 des
309 286 65 36 hos
402 283 369 49 kammarkollegium.
829 284 57 35 Då
914 282 198 37 emellertid
1142 283 117 35 denna
1286 280 225 49 granskning
1539 281 81 35 med
1648 280 167 36 afseende

218 343 46 45 på
296 340 102 36 tiden
425 340 56 35 för
510 337 490 49 markegångssättningarna
1028 337 130 36 hittills
1186 336 80 36 icke
1294 335 233 36 medhunnits
1555 335 123 36 förrän
1704 335 14 35 i
1746 335 67 36 slu-

218 398 53 34 tet
299 395 40 36 af
365 397 87 42 året,
483 396 123 46 syntes
635 394 59 35 det
722 394 87 35 böra
827 395 101 45 tagas
952 393 114 34 under
1086 391 273 47 öfvervägande,
1381 390 179 36 huruvida
1578 389 81 37 icke
1678 389 136 36 marke-

217 449 366 47 gångssättningarna
610 448 124 34 kunde
761 447 154 46 tidigare
943 446 179 44 slutföras,
1152 448 46 44 på
1217 446 60 34 det
1297 448 53 32 att
1369 444 317 47 utbetalningarna
1705 446 111 33 måtte

219 504 126 35 kunna
372 503 179 47 företagas
579 501 62 37 vid
669 501 361 48 uppbördsstämman
1059 512 134 24 samma
1221 502 49 42 år,
1302 498 290 48 ersättningarna
1619 497 133 48 afsåge.

326 612 86 35 Med
441 610 196 47 anledning
665 609 40 36 af
730 610 95 36 hvad
854 609 274 36 ämbetsverken
1157 608 150 36 sålunda
1334 607 119 35 anfört
1478 607 215 35 anmodades
1719 606 97 34 kam-
1836 611 171 43 Indelnings-

220 665 273 47 markollegium
535 667 53 33 att
617 664 13 35 i
658 665 148 34 ärendet
847 663 136 47 afgifva
1011 662 241 47 underdånigt
1282 662 195 35 utlåtande.
1534 659 283 37 Kammarkolle-
1826 645 193 65 ersättningar.

218 720 99 47 gium
360 720 110 35 hörde
512 718 90 36 först
644 719 114 35 Eders
800 717 133 48 Kungl.
978 717 124 48 Maj:ts
1131 716 166 47 samtliga
1323 714 401 48 befallningshafvande
1752 714 66 35 och

218 774 124 36 inkom
387 773 157 36 därefter
585 773 82 35 med
709 773 196 43 utlåtande,
949 771 139 36 hvilket
1130 776 39 30 är
1211 770 242 47 dagtecknadt
1481 770 70 34 den
1581 771 47 33 22
1658 768 161 36 februari

222 831 112 32 1907.
392 828 118 34 Innan
548 827 63 48 jag
639 827 149 46 redogör
815 826 133 44 härför,
979 825 160 35 anhåller
1164 825 63 48 jag
1255 827 53 32 att
1335 824 38 34 få
1400 823 13 35 i
1441 823 145 35 korthet
1615 822 119 35 erinra
1761 834 56 23 om

218 882 199 36 innehållet
444 881 14 35 i
487 881 198 47 åberopade
712 879 258 48 förordningen
999 880 70 35 den
1099 882 46 32 23
1173 878 70 49 juli
1274 881 112 42 1869,
1408 877 118 36 såvidt
1544 889 51 23 nu
1614 882 38 30 är
1671 876 14 35 i
1703 876 112 47 fråga.

325 936 220 48 Därigenom
578 935 199 48 stadgades,
822 937 54 33 att
916 937 103 33 ränta
1048 933 38 36 af
1112 934 167 35 hemman
1307 933 66 35 och
1401 932 217 48 lägenheter,
1641 943 74 24 som
1735 943 84 24 vore

218 992 164 35 bestämd
410 990 13 35 i
450 990 95 36 vissa
573 990 182 47 persedlar
783 992 53 32 att
864 989 92 35 lösas
984 988 91 35 efter
1104 986 324 48 markegångspris,
1460 989 38 33 så
1517 986 68 35 ock
1603 986 71 34 den
1693 985 126 35 krono-

218 1044 323 48 tiondespannmål,
571 1043 151 36 hvilken
750 1043 172 35 likaledes
950 1042 110 36 borde
1088 1042 92 35 lösas
1208 1041 91 36 efter
1328 1041 128 36 sådant
1475 1040 85 47 pris,
1587 1039 126 45 skulle,
1735 1051 84 24 vare

217 1099 55 48 sig
299 1100 157 34 nämnda
482 1102 103 32 ränta
605 1098 65 35 och
689 1097 123 36 tionde
830 1109 84 24 vore
933 1096 140 36 kronan
1092 1096 167 35 behållen
1278 1095 86 36 eller
1383 1094 55 36 för
1458 1094 177 36 särskilda
1654 1093 166 36 ändamål

216 1154 115 35 indelt
373 1154 65 34 och
467 1153 195 38 anordnad,
694 1154 169 33 omsättas
890 1151 14 35 i
932 1151 202 46 penningar
1163 1150 91 35 efter
1282 1149 203 47 beräkning
1514 1148 39 35 af
1577 1148 243 36 medelvärdet

217 1208 153 35 emellan
403 1209 259 33 1834—1853
693 1209 104 32 årens
825 1205 195 47 medelpris
1049 1208 92 32 samt
1171 1206 100 33 1862
1302 1207 57 32 års
1388 1201 432 48 medelmarkegångspris

217 1263 66 35 och
312 1262 81 35 med
422 1262 97 35 detta
548 1261 109 35 värde
686 1260 180 47 framgent
894 1263 155 43 utgöras.
1107 1259 143 35 Indelta
1277 1258 65 35 och
1371 1257 205 36 anordnade
1604 1259 122 32 räntor
1755 1256 65 35 och

216 1315 260 47 tiondeanslag,
508 1315 82 35 med
619 1315 185 46 undantag
832 1313 40 36 af
897 1313 159 45 militär-,
1087 1312 96 36 civil-
1212 1313 65 35 och
1297 1310 424 37 ecklesiastikboställens
1740 1315 79 29 rän-

215 1373 56 33 tor
313 1372 92 34 samt
434 1369 39 36 af
500 1370 143 43 sådana,
675 1380 74 24 som
791 1380 84 23 vore
917 1367 148 47 påförda
1093 1368 167 34 hemman
1288 1366 66 35 och
1382 1365 217 47 lägenheter,
1630 1364 39 35 af
1695 1363 126 36 hvilka

216 1427 109 45 något
353 1424 129 35 besvär
509 1423 14 35 i
551 1423 119 35 stället
698 1422 194 48 utgjordes,
924 1421 116 36 skulle
1067 1420 169 48 indragas
1263 1420 58 35 till
1347 1419 216 36 statsverket
1583 1421 94 32 emot
1696 1420 124 33 ersätt-

216 1478 91 47 ning
348 1478 135 35 medels
525 1476 216 48 statsanslag
769 1476 14 35 i
811 1475 210 48 penningar.
1079 1477 115 34 Dessa
1235 1474 216 47 statsanslag
1484 1473 127 45 skulle,
1641 1472 179 35 intilldess

218 1532 226 36 annorlunda
485 1531 120 36 blefve
648 1531 209 35 förordnadt
891 1530 86 35 eller
1004 1529 237 35 innehafvare
1269 1528 40 35 af
1334 1531 116 32 ränte-
1478 1528 66 35 och
1571 1526 250 47 tiondeanslag

218 1586 205 36 förklarade
452 1585 55 47 sig
535 1585 85 48 nöjd
649 1585 81 35 med
758 1584 224 47 godtgörelse
1010 1583 91 36 efter
1128 1583 246 48 nyssnämnda
1401 1581 237 44 medelvärde,
1662 1583 84 44 utgå
1765 1579 56 36 till

218 1641 141 47 belopp,
403 1640 252 36 motsvarande
697 1639 43 35 de
782 1638 137 36 indelta
947 1638 63 36 och
1040 1637 206 36 anordnade
1273 1639 189 33 räntornas
1491 1636 65 35 och
1583 1634 238 37 tiondeansla-

218 1707 89 35 gens
349 1695 136 35 värden
527 1693 92 36 efter
662 1693 107 47 årligt
804 1691 442 48 medelmarkegångspris.
1304 1690 136 36 Vidare
1467 1689 196 36 föreskrefs
1691 1689 13 34 i
1732 1689 22 45 8
1786 1691 33 41 3,

220 1751 54 34 att
316 1748 224 48 godtgörelse
577 1747 56 36 för
662 1748 134 35 sådana
823 1746 177 47 indragna
1029 1748 122 33 räntor
1180 1746 65 35 och
1273 1744 260 47 tiondeanslag,
1564 1756 75 23 som
1668 1743 155 48 åtnjötes

218 1803 14 35 i
262 1803 66 36 och
355 1802 56 37 för
440 1802 226 47 fullgörande
695 1801 38 36 af
759 1804 109 44 något
895 1801 128 35 besvär
1052 1800 86 36 eller
1166 1812 75 24 som
1267 1812 84 23 vore
1371 1798 205 36 anordnade
1594 1797 57 36 till
1671 1799 151 45 präster-

221 1857 145 47 skapets
394 1856 159 47 aflöning
582 1856 85 35 eller
696 1856 54 35 till
780 1855 154 47 kyrkors
963 1854 200 45 underhåll,
1195 1853 117 36 skulle
1341 1852 178 36 utbetalas
1547 1851 61 36 vid
1627 1851 195 47 uppbörds-

221 1914 179 34 stämman
427 1911 13 35 i
469 1912 71 34 den
581 1913 66 42 ort,
692 1911 63 34 där
798 1910 215 43 hemmanet,
1053 1908 141 36 hvilket
1221 1908 166 35 besväret
1415 1907 110 46 ålåge,
1556 1918 84 24 vore
1668 1905 151 47 beläget,

221 1966 108 35 lönen
357 1965 150 47 utginge
536 1965 85 35 eller
650 1963 262 49 kyrkomedlen
940 1963 191 47 uppbures.

330 2019 138 36 Genom
513 2018 242 47 kungörelsen
799 2018 70 34 den
899 2020 20 32 5
950 2017 149 35 oktober
1144 2018 98 33 1871
1288 2014 226 36 meddelades
1542 2019 164 29 närmare
1733 2012 90 35 före-

224 2073 149 36 skrifter
415 2073 185 47 angående
642 2071 276 47 utbetalningen
959 2070 40 35 af
1028 2070 103 48 dylik
1158 2069 234 48 godtgörelse.
1449 2068 87 35 Med
1563 2066 196 47 anledning
1787 2066 40 35 af

224 2128 45 35 de
297 2128 152 35 sålunda
476 2126 218 47 förefintliga
721 2125 317 36 bestämmelserna
1066 2126 105 45 utgår
1199 2123 224 36 fortfarande
1451 2121 61 37 vid
1536 2122 287 46 uppbördsstäm-

224 2193 124 24 morna
389 2180 224 48 godtgörelse
654 2179 58 36 till
752 2178 356 48 indelningshafvare
1149 2177 56 36 för
1240 2177 178 47 indragna
1445 2179 122 32 räntor
1595 2175 65 36 och
1689 2174 134 36 tionde-

224 2235 125 47 anslag
390 2235 86 35 eller
519 2237 38 33 så
599 2234 122 35 kallad
762 2232 420 48 indelningsersättning,
1213 2231 151 36 hvilken
1390 2230 179 36 beräknas
1598 2229 90 35 efter
1718 2228 106 47 årligt
