2214 2622
435 174 18 30 2
919 171 239 34 Statsutskottets
1180 173 162 32 utlåtande
1363 177 49 28 Nr
1434 174 50 31 83.

394 267 71 30 stat
493 261 59 36 för
579 265 40 32 år
650 264 92 34 1916
772 267 53 30 ett
852 263 127 45 anslag
1006 275 43 22 av
1078 264 133 42 33,709
1240 263 144 35 kronor.
1439 262 79 35 Den
1538 262 59 35 del
1617 275 43 23 av
1679 263 160 36 nämnda
1857 265 135 47 anslag,

393 325 77 22 som
511 316 110 44 avsåg
657 316 40 32 år
727 314 107 42 1916,
863 312 172 48 utgjorde
1065 314 133 43 28,784
1227 313 134 36 kronor
1388 313 67 35 och
1483 313 192 48 grundade
1702 314 56 46 sig
1785 316 20 33 å
1832 313 162 48 följande

392 363 220 48 beräkning:

525 455 58 37 för
611 457 301 36 kammarrättens
939 457 377 48 domstolsavdelning:

391 541 57 35 till
478 542 19 34 2
539 540 247 49 adjungerade
826 540 200 36 ledamöter
1065 541 157 36 arvoden
1263 540 20 36 å
1324 542 108 43 2,500

591 592 135 35 kronor
769 619 6 7 .
819 619 7 6 .
919 619 7 7 «co.
1019 619 6 7 oc.
1119 619 7 7 os
1175 619 1 7 c
1269 619 6 7 oo.
1324 587 27 52 vo
1370 619 6 6 «
1420 591 80 35 "kr.
1557 593 186 42 5,000:—-

416 654 13 18 >»
482 642 159 36 arvoden
669 645 36 33 åt
731 642 157 35 vikarier
915 641 56 36 för
998 642 44 35 de
1070 642 249 48 adjungerade
1343 641 98 36 leda-

589 698 193 30 möÖterna.
825 720 7 7 .
926 720 6 7 ..
981 720 1 7 .
1025 720 358 7 ........
1473 704 13 18 >
1559 694 183 42 1,200:—

415 757 12 19 >
482 744 19 34 2
530 756 242 23 amanuenser
823 771 7 6 .
873 771 7 7 .
973 770 408 7 ..........
1425 770 6 7 .
1472 758 13 18 >
1555 745 186 42 3,000:—

415 805 13 18 >»
481 793 436 49 renskrivningskostnad
972 821 7 7 .
1022 821 6 7 .
1072 821 7 6 -
1173 821 7 7 sc
1223 821 6 7 sc
1273 821 56 7 sc
1373 821 7 7 so
1423 821 7 7 >
1470 808 13 18 >
1594 796 147 34 650:—
1807 804 120 43 9.850:
1943 823 48 4 —

522 895 57 36 för
607 895 302 36 kammarrättens
936 894 381 49 revisionsavdelning:

390 981 58 35 till
480 982 22 33 4
530 986 106 29 extra
663 981 175 35 revisorer
865 979 20 36 å
913 981 108 42 3,000
1050 980 133 35 kronor
1217 1007 7 6 .
1267 1007 7 6 .
1317 1006 7 7 .
1367 1006 7 7 .
1417 1006 7 7 .
1448 979 52 35 kr.
1532 981 209 43 12,000:
1711 975 34 53 —

415 1044 13 18 >
482 1033 21 33 4
532 1036 106 30 extra
666 1030 277 36 räknebiträden
972 1029 20 36 å
1022 1032 108 41 1,500
1158 1031 135 34 kronor
1324 1057 6 6 .
1374 1057 6 7 .
1423 1057 7 7 .
1471 1044 13 18 >
1556 1032 120 42 -6,000:
1694 1050 46 4 —

414 1097 13 18 >
480 1082 329 35 semestervikarier
836 1080 58 37 för
922 1083 20 33 4
971 1081 177 35 revisorer
1175 1080 20 36 å
1216 1082 68 34 133
1304 1081 135 34 kronor

589 1133 47 35 I3
666 1139 59 29 Öre
775 1160 4 7 .
828 1127 102 50 oc...
973 1159 157 7 sor.
1185 1127 63 50 oo.
1281 1159 49 7 ov
1373 1158 57 7 vv
1470 1143 13 18 2
1593 1132 83 35 533:
1701 1133 38 34 33

415 1198 12 18 >»
481 1183 333 35 semestervikarier
853 1181 59 37 för
951 1184 21 33 4
1008 1182 280 35 räknebiträden
1318 1181 20 35 a
1370 1183 68 34 100
1763 1196 4 9 :

588 1235 135 34 kronor
973 1261 56 6 er
1124 1260 155 7 er
1374 1260 56 6 ve
1470 1247 13 18 Dh
1592 1233 149 35 400:
1708 1229 27 60 —
1784 1243 143 42 18,933:
1945 1244 44 33 33

1440 1307 151 37 Summa
1618 1309 134 36 kronor
1781 1310 145 43 28,783:
1943 1311 46 34 33

523 1427 80 37 Den
639 1427 57 37 för
722 1427 246 36 innevarande
995 1429 40 33 år
1062 1426 196 48 medgivna
1286 1426 297 48 förstärkningen
1612 1439 44 24 av
1683 1426 308 36 arbetskrafterna

389 1482 20 32 å
449 1480 305 35 kammarrättens
794 1478 362 48 domstolsavdelning
1189 1478 65 35 bar
1282 1482 136 31 ansetts
1446 1490 85 22 vara
1558 1477 173 49 behövlig
1757 1485 89 28 även
1876 1478 116 35 under

389 1533 39 32 år
457 1532 106 33 1917.
597 1528 232 36 Beträffande
869 1529 217 47 avlöningen
1127 1528 57 36 för
1215 1528 43 35 de
1286 1531 61 32 två
1374 1528 249 47 adjungerade
1650 1528 247 36 ledamöterna
1925 1529 66 35 har

390 1580 212 36 densamma
630 1593 43 22 av
700 1580 286 35 kammarrätten
1015 1578 207 46 föreslagits
1250 1580 57 34 till
1336 1578 132 35 arvode
1496 1581 20 32 å
1544 1579 110 43 3,000
1674 1579 137 35 kronor
1830 1578 58 36 för
1907 1579 81 35 dem

388 1631 158 35 vardera.
602 1630 535 48 Löneregleringskommittén,
1179 1642 75 23 som
1295 1629 12 35 i
1348 1629 152 35 ärendet
1537 1630 137 46 avgivit
1713 1629 182 48 yttrande,
1925 1629 66 35 har

388 1681 204 35 emellertid
634 1682 79 34 icke
752 1682 142 34 kunnat
922 1680 142 36 biträda
1092 1680 100 36 detta
1220 1679 137 47 förslag
1384 1680 66 34 och
1479 1681 12 33 i
1520 1679 129 36 sådant
1676 1680 177 35 avseende
1880 1679 110 36 fram-

388 1732 116 43 hållit,
546 1736 54 30 att
640 1731 201 36 detsamma
881 1731 179 48 grundats
1101 1734 45 44 på
1177 1731 68 35 den
1275 1729 329 48 förutsättningen,
1635 1736 52 29 att
1714 1730 93 35 båda
1834 1730 155 46 adjunk-

388 1781 397 36 tionsförordnandena
812 1782 117 35 skulle
955 1781 160 36 tilldelas
1142 1781 183 36 ordinarie
1353 1781 221 46 tjänstemän
1604 1781 12 34 i
1636 1781 113 35 andra
1767 1781 221 47 lönegraden

386 1833 101 35 inom
516 1834 295 34 kammarrätten.
868 1832 225 35 Kommittén
1121 1832 67 35 har
1216 1832 163 35 däremot
1406 1836 119 30 ansett
1552 1831 71 35 den
1651 1831 240 47 möjligheten
1910 1831 79 34 icke

386 1896 86 23 vara
501 1885 195 42 utesluten,
726 1889 53 30 att
807 1886 45 45 på
879 1883 117 47 grund
1019 1896 43 22 av
1081 1881 221 36 inträffande
1322 1881 428 48 personalförändringar
1769 1882 89 34 eller
1876 1880 113 36 andra

388 1933 238 36 oförutsedda
663 1934 315 47 omständigheter
1015 1932 539 48 adjunktionsförordnandena
1582 1932 89 35 eller
1697 1934 112 46 något
1836 1945 42 22 av
1905 1931 81 36 dem

387 1984 123 35 kunde
551 1985 146 35 komma
738 1989 52 30 att
829 1983 181 37 anförtros
1051 1987 37 32 åt
1128 1984 220 47 tjänstemän
1389 1984 12 33 i
1442 1982 114 36 första
1587 1982 221 47 lönegraden
1836 1984 87 34 eller
1950 1985 38 32 åt

387 2040 103 30 extra
516 2034 185 36 ordinarie
728 2036 234 46 tjänstemän.
1016 2034 15 35 I
1060 2034 230 35 sistnämnda
1319 2033 63 35 fall
1411 2052 48 4 —
1487 2046 57 22 om
1575 2032 229 49 adjungerad
1827 2032 161 36 ledamot

385 2085 79 35 icke
501 2098 87 22 vore
625 2085 221 36 innehavare
878 2098 44 23 av
950 2085 184 35 ordinarie
1161 2085 113 47 tjänst
1303 2103 38 5 -—
1369 2084 112 35 borde
1509 2083 70 35 han
1608 2085 115 46 enligt
1750 2083 237 36 kommitténs

387 2137 150 46 mening
577 2136 146 35 komma
762 2137 11 33 i
814 2135 216 48 åtnjutande
1076 2148 43 22 av
1159 2148 139 22 samma
1337 2135 214 47 ersättning,
1587 2135 110 42 5,000
1736 2134 144 43 kronor,
1909 2146 76 23 som

388 2187 185 48 uppbures
613 2200 44 22 av
697 2187 69 35 den
808 2186 248 48 adjungerade
1097 2186 160 35 ledamot
1297 2187 11 33 i
1350 2184 86 36 Svea
1466 2185 155 43 hovrätt,
1651 2184 140 35 vilkens
1818 2184 168 35 arvodes-
