2216 2644
604 202 16 16 +
656 200 395 36 Konstitutionsutskottets
1081 203 171 34 Utlåtande
1275 204 64 35 N:o
1362 206 53 32 12.
1779 211 19 29 9

232 278 180 48 ständiga
452 279 197 37 utskotten
691 281 95 37 eller
819 281 163 38 insattes
1010 283 11 36 i
1050 283 47 36 de
1126 283 194 49 tillfälliga
1347 285 210 49 utskotten,
1586 300 86 23 men
1700 287 139 38 fördel-

231 328 143 48 ningen
414 329 42 36 af
485 330 151 37 arbetet
668 331 128 38 blefve
824 333 13 36 i
865 333 74 37 alla
966 333 67 37 fall
1060 334 35 49 ej
1124 334 371 50 tillfredsställande,
1524 336 160 49 hvilket,
1714 338 125 49 enligt

232 380 261 37 motionärens
522 381 111 49 åsigt,
662 383 35 48 ej
727 383 127 37 kunde
883 397 91 24 vara
1001 384 58 37 till
1088 384 64 37 det
1179 385 109 38 helas
1316 386 174 38 fromma.

365 430 133 37 Under
538 433 219 37 nuvarande
798 433 266 39 förhållanden
1097 435 102 48 finge
1228 450 87 23 man
1338 438 45 48 ju
1412 438 117 37 också
1551 438 285 49 jemförelsevis

231 479 83 37 litet
353 486 143 33 uträtta
537 483 65 36 vid
642 483 222 46 kamrarnes
892 485 117 49 plena
1036 486 122 36 under
1186 487 229 48 riksdagens
1444 488 121 38 första
1591 495 141 31 tvenne
1760 495 76 33 må-

231 530 129 37 nader.
414 532 221 49 Utskotten,
663 537 49 46 på
738 535 133 37 hvilka
897 536 86 48 låge
1012 537 64 36 det
1102 542 170 43 tyngsta,
1301 539 213 48 vigtigaste
1544 540 72 37 och
1637 547 99 30 mest
1752 547 83 30 ton-

230 580 182 48 gifvande
452 583 160 49 arbetet,
641 584 128 38 hunne
797 586 197 48 nemligen
1022 587 34 49 ej
1087 587 144 37 bereda
1259 589 194 37 ärendena
1481 593 53 43 så,
1564 596 55 31 att
1646 591 46 37 de
1721 591 113 49 tidigt

230 645 77 35 nog
334 633 129 37 kunde
493 634 59 37 för
579 635 147 38 besluts
754 636 171 38 fattande
961 637 226 49 föredragas
1206 638 12 37 i
1238 639 212 38 kamrarne.
1504 641 80 37 Mot
1607 641 228 49 riksdagens

230 681 77 38 slut
347 684 152 38 komme
540 685 173 38 deremot
742 686 47 37 de
817 687 112 38 flesta
956 688 193 37 ärendena
1176 689 89 37 med
1293 703 46 24 en
1368 691 179 48 brådska,
1576 705 81 24 som
1685 693 150 49 gjorde,

230 737 55 32 att
324 734 11 36 i
364 738 140 46 många
533 736 67 37 fall
628 737 170 37 hvarken
824 739 160 48 utskott,
1014 740 33 47 ej
1078 739 123 37 heller
1227 740 172 49 Riksdag
1426 742 129 37 hunne
1585 743 92 36 eller
1705 744 127 37 kunde

230 783 191 39 behandla
455 786 88 37 dem
576 787 87 37 med
691 788 75 37 den
795 802 167 36 omsorg,
991 803 83 24 som
1104 790 112 37 deras
1244 792 85 48 vigt
1356 792 72 37 och
1456 793 204 49 betydelse
1688 794 145 37 kräfde.

362 835 17 36 I
419 840 129 44 någon
588 841 87 34 mån
715 839 123 37 skulle
878 839 107 38 detta
1025 840 347 49 missförhållande,
1414 843 122 48 enligt
1577 845 257 37 motionärens

228 885 169 49 mening,
439 887 207 50 afhjelpas,
687 902 61 23 om
789 904 87 23 man
916 890 168 38 ändrade
1125 891 107 37 tiden
1272 892 59 37 för
1371 894 104 36 valet
1515 894 41 36 af
1581 895 46 36 de
1657 896 177 48 ständiga

228 937 197 36 utskotten
454 941 52 44 så,
536 944 55 31 att
618 939 47 36 de
693 940 123 37 skulle
844 941 122 48 väljas
994 942 103 36 inom
1126 955 68 23 sex
1214 942 121 49 dagar
1355 944 98 37 efter
1477 944 242 50 Riksdagens
1739 951 94 44 öpp-

230 986 124 37 nande
393 987 12 36 i
445 988 129 38 stället
605 989 68 48 för,
706 1004 82 23 som
815 1005 50 22 nu
894 996 42 32 är
963 992 192 49 stadgadt,
1183 993 104 37 inom
1316 997 76 34 åtta
1420 995 129 48 dagar,
1579 1002 97 31 samt
1703 997 129 37 vidare

231 1037 133 37 delade
392 1038 47 37 de
472 1039 159 49 utskott,
665 1054 81 24 som
774 1055 50 23 nu
852 1042 99 37 hade
981 1049 100 30 mest
1108 1049 55 31 att
1189 1049 106 43 göra,
1323 1044 11 36 i
1362 1048 65 34 två
1454 1047 148 36 utskott
1616 1047 215 48 hvartdera,

231 1087 34 37 d.
310 1102 31 22 v.
381 1102 29 24 s.
451 1090 159 38 tillsatte
642 1091 91 37 flera
761 1092 159 49 utskott,
949 1098 46 31 än
1025 1107 81 23 som
1135 1108 51 23 nu
1215 1095 100 37 sker.
1370 1096 84 37 Den
1484 1098 347 48 omständigheten,

230 1143 56 32 att
326 1139 148 38 arbetet
512 1141 12 36 i
566 1141 221 50 Riksdagen
815 1144 154 48 tycktes
998 1145 86 36 med
1112 1145 135 49 hvarje
1277 1149 40 33 år
1344 1147 106 48 ökas,
1478 1148 125 37 talade
1631 1149 116 36 äfven
1774 1150 59 36 för

230 1194 55 31 att
326 1203 87 23 man
454 1204 80 24 mer
560 1197 48 32 än
635 1192 135 37 hittills
798 1194 119 37 borde
946 1194 145 38 fördela
1119 1195 106 37 detta
1254 1197 129 36 arbete
1410 1201 50 45 på
1488 1198 47 37 de
1565 1199 154 46 krafter,
1749 1214 81 22 som

228 1240 223 49 ytterligare
484 1242 128 37 kunde
646 1243 128 38 derför
802 1244 207 37 användas.
1063 1245 56 37 De
1147 1246 160 48 utskott,
1336 1260 82 24 som
1447 1262 50 22 nu
1526 1249 98 37 hade
1652 1256 97 30 mest
1778 1256 54 31 att

229 1295 107 43 göra,
368 1305 92 23 vore
494 1294 297 47 statsutskottet,
825 1294 257 49 lagutskottet
1110 1297 71 36 och
1208 1297 437 49 bevillningsutskottet,
1673 1301 48 36 då
1748 1301 84 36 der-

230 1347 101 30 emot
357 1341 318 39 bankoutskottet
702 1345 72 36 och
804 1345 469 39 konstitutionsutskottet
1292 1348 33 48 ej
1347 1355 133 42 syntes
1500 1363 90 24 vara
1605 1353 41 33 så
1661 1351 170 37 särdeles

229 1391 231 49 betungade,
504 1393 228 38 åtminstone
773 1395 120 49 enligt
925 1396 101 37 hvad
1060 1410 81 23 som
1171 1397 215 49 framginge
1415 1400 41 36 af
1481 1400 44 36 de
1543 1398 165 51 tryckta
1736 1402 96 35 riks-

229 1441 388 50 dagshandlingarna.
685 1445 49 37 Så
773 1446 99 37 hade
915 1449 40 34 år
997 1449 95 35 1898
1135 1448 47 36 de
1224 1449 177 48 ständiga
1440 1451 197 36 utskotten
1680 1452 152 47 afgifvit

228 1491 167 49 följande
436 1495 102 36 antal
578 1495 221 38 utlåtanden
840 1497 94 36 eller
965 1498 212 37 memorial:
1207 1498 466 40 konstitutionsutskottet
1703 1505 42 34 11
1775 1508 57 31 ut-

227 1542 193 49 låtanden,
461 1545 234 38 omfattande
736 1547 12 36 i
789 1548 110 48 tryck
941 1550 46 35 96
1029 1548 120 46 sidor;
1179 1550 288 38 statsutskottet
1496 1554 70 35 108
1595 1553 234 46 utlåtanden,

228 1593 234 38 omfattande
508 1595 250 39 tillsammans
804 1600 111 45 2,060
956 1599 115 48 sidor,
1100 1600 72 36 och
1213 1600 193 38 dessutom
1447 1602 253 38 tillsammans
1742 1605 87 36 med

228 1643 253 48 lagutskottet
523 1648 44 35 12
608 1647 232 48 utlåtanden,
874 1649 236 37 omfattande
1142 1663 82 23 mer
1253 1656 47 31 än
1331 1653 70 35 100
1430 1652 120 46 sidor;
1579 1654 251 49 bevillnings-

226 1695 188 36 utskottet
454 1697 48 36 34
539 1697 235 47 utlåtanden,
817 1699 235 37 omfattande
1093 1702 72 34 326
1200 1701 119 45 sidor;
1348 1702 319 38 bankoutskottet
1697 1707 43 34 15
1769 1711 60 29 ut-

228 1744 189 49 låtanden,
459 1746 233 38 omfattande
733 1751 118 45 något
891 1750 111 36 öfver
1035 1752 72 34 300
1135 1750 121 45 sidor;
1286 1758 98 30 samt
1411 1753 258 48 lagutskottet
1696 1757 45 33 87
1773 1761 56 30 ut-

227 1794 188 49 låtanden,
458 1796 234 38 omfattande
734 1800 70 35 637
835 1799 114 47 sidor,
984 1800 73 36 och
1090 1800 196 37 dessutom
1319 1802 253 38 tillsammans
1600 1805 86 36 med
1717 1811 112 30 stats-

226 1846 186 36 utskottet
444 1849 44 34 12
518 1848 233 47 utlåtanden,
781 1849 235 38 omfattande
1046 1853 118 45 något
1192 1864 80 24 mer
1300 1857 47 31 än
1379 1855 69 35 100
1477 1854 117 37 sidor.

360 1896 17 36 I
417 1897 89 37 herr
547 1898 236 49 Ljungmans
823 1901 144 36 motion
1002 1905 65 32 äro
1096 1901 173 37 deremot
1296 1903 84 36 icke
1408 1907 120 45 några
1556 1905 80 36 skäl
1667 1906 159 37 anförda

227 1946 55 36 till
312 1947 206 48 styrkande
546 1949 42 36 af
611 1949 181 37 behofvet
819 1951 84 37 utaf
925 1965 50 22 nu
1002 1951 305 48 ifrågavarande,
1336 1953 80 37 deri
1447 1955 219 48 föreslagna
1686 1957 141 47 grund-

227 1996 306 50 lagsändringar.

359 2147 73 36 Det
464 2148 41 36 af
527 2148 98 37 båda
653 2150 282 37 motionärerna
963 2152 215 47 framlagda
1205 2152 182 48 förslaget
1414 2154 143 47 derom,
1586 2161 54 31 att
1669 2156 75 36 den
1774 2157 54 36 tid

228 2196 79 36 från
348 2197 157 47 lagtima
546 2199 178 48 riksdags
766 2201 217 48 öppnande,
1025 2202 102 36 inom
1169 2202 155 37 hvilken
1366 2204 46 36 de
1458 2205 179 47 ständiga
1679 2207 151 36 utskot-

225 2253 63 30 ten
330 2248 108 36 skola
478 2248 193 47 tillsättas,
713 2250 117 37 borde
872 2252 192 36 förkortas
1105 2253 84 35 från
1231 2256 76 34 åtta
1340 2254 118 48 dagar
1494 2255 55 36 till
1589 2269 65 23 sex
1694 2257 131 47 dagar,

310 2303 75 31 Bih.
409 2304 48 31 till
481 2304 112 33 Riksd.
618 2305 86 32 Prot.
729 2308 98 29 1899.
874 2311 20 26 3
919 2308 101 32 Saml.
1049 2311 44 28 12
1119 2308 96 41 Häft.
1771 2315 18 27 2
