2210 2638
434 200 21 29 4
814 198 397 31 Konstitutionsutskottets
1241 197 171 32 Utlåtande
1435 197 64 31 N:o
1521 199 52 30 12.

531 280 28 33 1.
623 276 70 37 Till
714 279 115 46 första
856 278 215 48 lagutskottet
1098 278 165 35 hänvisas
1283 278 142 48 förslag
1454 277 55 36 till
1534 277 179 49 stiftande,
1741 276 166 47 ändring,
1915 275 79 48 för-

401 329 142 47 klaring
574 329 83 35 eller
683 329 254 47 upphäfvande
964 329 44 48 af
1031 327 103 37 civil-
1158 327 72 37 och
1258 326 260 49 kriminallag;
1546 325 168 38 börande
1742 325 120 37 under
1890 324 105 37 civil-

397 378 72 36 och
510 377 242 49 kriminallag
791 378 113 36 äfven
945 378 137 37 förstås
1111 377 46 37 de
1186 377 105 37 delar
1319 377 41 37 af
1386 377 215 48 krigslagar
1629 376 71 37 och
1728 375 270 49 författningar

398 429 163 36 rörande
616 428 307 48 krigsväsendet,
976 442 80 23 som
1096 441 74 35 ega
1213 428 245 49 tillämpning
1497 427 55 36 till
1594 426 252 49 medborgare
1892 431 105 31 utom

396 479 245 47 krigsstaten.

530 532 34 34 2.
622 531 68 36 Till
712 532 118 34 andra
859 531 217 46 lagutskottet
1102 530 165 35 hänvisas
1286 530 144 48 förslag
1457 530 55 35 till
1539 530 178 49 stiftande,
1734 528 164 49 ändring,
1911 528 84 48 för-

397 581 140 47 klaring
564 581 83 36 eller
674 582 255 48 upphäfvande
955 581 45 47 af
1021 579 233 36 kommunal-
1283 579 71 36 och
1383 578 199 50 kyrkolag.

531 632 128 43 Andra
687 632 214 48 lagutskottet
928 630 98 36 skall
1055 629 70 37 ock
1143 630 167 47 granska
1326 629 505 48 justitieombudsmannens
1851 627 146 48 afgifna

399 681 259 48 redogörelse,
701 681 196 37 äfvensom
940 681 94 36 hans
1074 680 290 37 embetsdiarier
1403 680 73 36 och
1517 679 238 49 registratur,
1784 686 99 29 samt
1911 678 86 36 med

399 731 195 38 utlåtande
624 732 176 37 deröfver
826 731 58 37 till
907 731 223 48 Riksdagen
1156 731 204 36 inkomma.

532 832 99 37 Herr
657 833 237 47 Ljungmans
923 832 155 46 motion,
1106 831 108 37 hvari
1241 831 124 36 blifvit
1393 830 284 37 sammanförda
1704 829 193 49 åtskilliga
1926 829 73 36 för-

400 884 84 47 slag
511 883 56 37 till
597 884 207 47 ändringar
831 883 11 35 i
871 882 351 48 regeringsformen
1251 882 71 36 och
1347 880 411 49 riksdagsordningen,
1786 880 72 36 och
1885 880 114 35 hvars

400 933 247 49 hufvudsyfte
687 934 108 36 torde
835 946 91 24 vara
965 933 215 37 inrättande
1222 932 40 37 af
1285 945 47 23 en
1361 931 279 37 administrativ
1669 931 137 48 högsta
1834 930 166 36 domstol

400 985 94 36 eller
519 987 41 33 så
588 984 128 37 kallad
741 983 293 49 regeringsrätt,
1066 984 80 45 har,
1183 983 4 36 i
1215 982 99 37 hvad
1343 982 72 37 den
1445 984 118 45 angår
1590 981 236 37 sistberörda
1854 980 147 48 förslag

400 1036 72 36 och
501 1035 102 36 vissa
631 1034 155 37 dermed
815 1033 375 48 sammanhängande
1218 1033 141 48 frågor,
1388 1032 192 37 allaredan
1609 1032 125 36 blifvit
1754 1032 41 36 af
1813 1032 189 36 utskottet

400 1085 56 36 uti
495 1085 163 49 afgifvet
698 1084 195 37 utlåtande
935 1098 62 23 n:o
1036 1087 44 34 10
1108 1083 307 37 slutbehandlad.
1470 1082 55 37 De
1553 1081 448 50 grundlagsparagrafer,

401 1136 130 36 hvilka
559 1135 124 37 skulle
711 1135 153 36 beröras
896 1135 42 36 af
963 1135 65 36 det
1055 1148 49 22 nu
1132 1133 303 48 ifrågavarande,
1463 1133 10 36 i
1502 1133 195 36 motionen
1725 1132 111 37 äfven
1863 1132 139 36 väckta

402 1187 186 48 förslaget
627 1200 60 22 om
722 1185 216 37 inrättande
974 1185 41 37 af
1036 1188 65 33 två
1128 1184 214 49 lagutskott
1377 1183 73 37 och
1479 1196 58 23 om
1567 1183 267 49 lagfrågornas
1862 1182 141 37 fördel-

401 1238 94 47 ning
535 1237 84 36 dem
651 1236 164 37 emellan
843 1241 65 31 äro
938 1232 45 50 $$
1012 1238 58 44 53,
1100 1237 59 44 87,
1193 1237 47 34 88
1268 1234 71 37 och
1368 1236 47 35 89
1444 1233 354 49 regeringsformen
1828 1239 99 30 samt
1959 1230 44 49 $$

402 1290 46 34 37
492 1288 68 36 och
602 1289 47 34 42
684 1286 408 48 riksdagsordningen;
1126 1285 71 37 och
1224 1284 224 37 hemställes
1476 1284 12 36 i
1516 1284 207 47 motionen,
1748 1288 55 33 att
1834 1283 168 49 följande

404 1338 145 48 förslag
589 1338 56 36 till
683 1337 144 37 ändrad
855 1336 148 49 lydelse
1032 1336 41 37 af
1096 1336 113 36 dessa
1236 1335 221 49 paragrafer
1485 1336 116 35 måtte
1630 1340 160 42 antagas
1818 1339 55 31 att
1901 1333 102 37 hvila

403 1389 59 36 till
489 1388 130 37 vidare
648 1387 322 49 grundlagsenlig
999 1386 247 48 behandling:

1026 1515 362 42 Regeringsformen.

1141 1601 21 50 $
1192 1606 57 35 53.

542 1696 26 33 1.
623 1691 177 49 Lagtima
827 1689 173 48 Riksdag
1027 1689 96 36 skall
1151 1688 58 37 för
1237 1688 213 37 ärendenas
1477 1687 215 48 beredning
1711 1685 158 37 tillsätta
1891 1686 116 36 dessa

406 1744 165 36 utskott:
614 1748 60 33 ett
697 1740 436 45 konstitutionsutskott,
1162 1744 54 32 att
1244 1739 121 36 väcka
1393 1738 72 37 och
1493 1743 170 43 upptaga
1686 1737 131 47 frågor
1844 1736 161 37 rörande

406 1793 265 48 förändringar
711 1792 10 36 i
761 1790 286 50 grundlagarne
1077 1790 71 36 och
1176 1789 206 49 yttranden
1411 1788 177 37 deröfver
1616 1787 60 37 till
1702 1786 222 49 Riksdagen
1954 1786 53 36 af-

405 1845 119 47 gifva,
549 1849 98 31 samt
675 1848 55 31 att
756 1841 169 49 granska
953 1841 47 36 de
1028 1841 12 36 i
1068 1840 205 37 statsrådet
1300 1839 111 37 förda
1438 1838 208 50 protokoll;
1676 1843 55 31 ett
1750 1837 257 47 statsutskott,

406 1900 56 32 att
488 1894 135 37 utreda
652 1893 72 37 och
752 1893 58 36 för
836 1891 222 48 Riksdagen
1085 1890 187 50 uppgifva
1290 1890 254 36 statsverkets
1565 1889 73 36 och
1659 1887 347 49 riksgäldsverkets

406 1945 184 47 tillstånd,
619 1943 236 48 förvaltning
883 1942 72 37 och
982 1941 130 45 behof;
1142 1946 55 31 ett
1222 1939 393 49 bevillningsutskott,
1643 1944 56 31 att
1721 1938 193 37 behandla
1941 1937 67 37 be-

408 1995 330 48 villningsfrågor;
780 2000 53 30 ett
861 1992 289 43 bankoutskott,
1180 1997 54 31 att
1262 1991 151 36 öfverse
1441 1990 171 37 bankens
1642 1989 162 48 styrelse
1832 1989 73 36 och
1933 1988 75 36 till-

409 2046 111 37 stånd
549 2051 98 31 samt
676 2043 239 39 föreskrifter
932 2057 61 23 om
1013 2041 412 49 bankoförvaltningen
1444 2040 120 49 gifva;
1586 2045 98 31 samt
1703 2040 60 36 tvd
1780 2039 227 48 lagutskott,

408 2102 56 31 att
503 2096 175 37 utarbeta
706 2095 46 36 de
788 2094 82 36 från
898 2094 199 36 kamrarne
1126 2092 243 37 remitterade
1398 2091 146 48 förslag
1570 2090 57 37 till
1658 2089 116 47 civil-,
1802 2089 206 47 kriminal-,

408 2146 239 38 kommunal-
672 2146 72 37 och
772 2145 304 49 kyrkolagarnes
1099 2142 241 48 förbättring.

543 2199 34 35 2.
632 2188 35 45 Å
693 2196 138 36 urtima
863 2194 158 49 riksdag
1049 2194 109 37 skola
1186 2193 33 49 ej
1250 2193 93 36 flera
1369 2192 149 36 utskott
1544 2190 192 46 tillsättas,
1765 2195 48 31 än
1841 2203 82 24 som
1952 2203 57 23 er-

411 2248 149 37 fordras
588 2248 58 36 för
673 2245 217 48 beredning
918 2245 42 37 af
983 2245 133 37 dervid
1143 2242 311 39 förekommande
1478 2241 177 38 ärenden.
