1876 2808
270 165 40 29 20

409 247 145 40 (Kungl.
574 247 124 40 Maj:ts
719 246 169 40 förslag:)

319 316 37 34 b)
382 316 211 39 fiskefartyg
612 316 44 30 då
675 316 58 29 det
754 315 177 30 användes
954 315 52 29 så-

277 376 74 21 som
375 367 135 33 sådant,
533 366 82 30 eller
636 366 117 39 fartyg
775 375 75 21 som
872 365 135 40 nyttjas

275 417 52 30 till
341 417 223 30 verksamhet
581 416 213 30 omedelbart
809 416 197 30 förbunden

277 468 78 29 med
373 467 102 34 fiske,

321 517 34 35 c)
387 518 167 39 isbrytar-
580 517 82 30 eller
689 517 208 38 räddnings-
924 516 83 29 eller

277 568 307 39 bärgningsfartyg
606 568 44 30 då
673 568 58 29 det
754 566 177 31 användes
955 566 53 30 så-

279 628 74 20 som
376 619 135 33 sådant,

321 668 38 34 d)
389 669 199 39 lustfartyg,

321 719 34 33 e)
386 719 195 39 skolfartyg
612 728 74 20 som
717 718 78 30 icke
834 718 12 29 i
877 718 130 29 allmän

277 769 109 30 trafik
415 769 182 30 befordrar
626 769 83 39 gods
738 768 83 30 eller
848 775 161 32 passage-

278 829 87 24 rare,

321 870 31 33 f)
391 869 210 40 segelfartyg
633 871 86 28 utan
755 868 253 40 hjälpmaskin,

279 920 123 30 sådant
429 920 209 39 segelfartyg
663 919 80 30 med
767 918 242 41 hjälpmaskin

277 980 79 21 vars
371 970 320 39 bruttodräktighet
709 969 220 39 understiger
948 968 61 31 100

278 1021 217 39 registerton,
532 1021 82 29 eller
648 1020 66 30 ock
750 1021 108 28 annat
893 1019 117 39 fartyg

279 1080 74 21 som
373 1071 64 30 har
456 1080 43 21 en
520 1070 297 39 nettodräktighet
837 1069 173 30 understi-

279 1122 109 39 gande
417 1121 41 30 20
485 1121 217 39 registerton,
731 1120 120 30 såvida
878 1120 30 39 ej
943 1119 67 30 Ko-

278 1179 141 32 nungen
441 1181 58 20 om
522 1171 115 39 fartyg
658 1180 122 21 varom
802 1179 48 21 nu
873 1171 38 28 är
935 1171 74 38 sagt

279 1222 222 30 annorlunda
520 1222 193 30 förordnat.

668 163 120 30 Andra
806 162 245 39 lagutskottets
1070 161 180 31 utlåtande
1267 171 44 20 nr
1327 161 51 30 54.

1193 246 213 35 (Utskottets
1426 245 168 40 förstag:)

1091 315 37 34 b)
1154 314 211 39 fiskefartyg
1385 314 45 30 då
1449 314 57 30 det
1527 314 178 30 användes
1728 313 52 30 så-

1048 374 74 21 som
1146 365 136 33 sådant,
1305 364 82 30 eller
1408 364 117 39 fartyg
1547 373 75 21 som
1644 363 135 40 nyttjas

1046 416 52 29 till
1112 415 225 30 verksamhet
1353 415 213 29 omedelbart
1581 414 199 30 förbunden

1047 466 79 30 med
1144 466 103 33 fiske,

1092 516 34 34 ce)
1158 516 168 39 isbrytar-
1352 515 83 30 eller
1463 515 207 38 räddnings-
1697 514 83 30 eller

1048 566 308 40 bärgningsfartyg
1379 566 44 30 då
1446 566 58 29 det
1526 564 178 31 användes
1728 564 53 30 så-

1049 626 74 21 som
1146 617 136 33 sådant,

1093 667 38 34 d)
1161 667 200 39 lustfartyg,

1092 717 34 34 e)
1158 717 196 39 skolfartyg
1385 726 74 20 som
1490 717 76 29 icke
1607 716 11 29 i
1649 716 132 29 allmän

1048 768 110 30 trafik
1186 767 184 30 befordrar
1398 767 84 39 gods
1510 767 83 29 eller
1620 772 162 33 passage-

1049 827 87 25 rare,
1329 827 4 2 |

1093 868 30 34 f)
1163 868 210 39 segelfartyg
1405 869 87 28 utan
1528 866 253 40 hjälpmaskin,

1050 919 124 30 sådant
1201 918 209 40 segelfartyg
1435 918 80 29 med
1539 916 243 40 hjälpmaskin

1049 978 79 21 vars
1143 968 321 39 bruttodräktighet
1482 967 220 39 understiger
1720 966 62 30 100

1049 1020 218 39 registerton,
1304 1018 82 30 eller
1421 1018 66 29 ock
1522 1019 109 28 annat
1666 1017 117 38 fartyg

1051 1079 74 21 som
1145 1070 65 30 har
1229 1079 43 20 en
1292 1068 298 39 nettodräktighet
1609 1067 174 30 understi-

1051 1121 109 38 gande
1189 1120 41 30 20
1258 1119 217 39 registerton,
1504 1118 119 30 såvida
1651 1118 30 39 ej
1716 1117 67 30 Ko-

1051 1178 140 32 nungen
1214 1179 58 21 om
1294 1170 116 38 fartyg
1431 1178 121 21 varom
1575 1177 48 21 nu
1646 1168 38 29 är
1708 1169 74 37 sagt

1051 1221 223 30 annorlunda
1293 1220 194 30 förordnat.

323 1273 20 29 3
359 1282 105 20 mom.
481 1272 71 29 När
569 1271 199 39 synnerliga
785 1271 75 29 skäl
878 1270 117 30 därtill
1012 1271 70 33 äro,
1100 1270 58 30 må
1174 1270 195 39 Konungen
1387 1270 82 29 eller
1486 1269 203 39 myndighet
1708 1278 74 21 som

279 1321 195 40 Konungen
497 1321 185 30 förordnar
704 1320 161 40 medgiva
886 1320 181 39 undantag
1088 1319 132 39 jämväl
1243 1320 11 29 i
1277 1319 111 39 övrigt
1411 1319 81 30 från
1514 1319 269 39 tillämpningen

281 1382 42 21 av
341 1373 114 29 denna
474 1373 66 38 lag.

993 1452 74 37 28.

327 1524 14 29 1
364 1533 105 20 mom.
491 1523 14 29 I
526 1523 113 29 denna
660 1522 55 38 lag
735 1521 131 30 förstås
886 1520 80 30 med

321 1573 259 40 skeppstjänst:
601 1572 115 30 arbete
735 1580 122 21 varom
875 1570 12 29 i
908 1570 15 29 1
947 1570 15 37 8
993 1570 7 29 1
1022 1578 105 21 mom.
1149 1569 94 39 sägs;

324 1624 156 39 sjöman:
505 1633 42 20 en
570 1632 61 21 var
654 1631 75 21 som
752 1621 169 30 förrättar
945 1620 241 40 skeppstjänst
1209 1619 85 30 varå
1316 1619 100 39 lagen
1440 1619 80 38 äger
1543 1617 239 40 tillämpning;

324 1676 174 38 styrman:
524 1682 117 21 annan
664 1673 53 29 till
742 1671 265 40 fartygsbefälet
1031 1670 154 29 hörande
1209 1678 129 31 person
1362 1670 44 28 än
1429 1668 264 34 befälhavaren;

326 1724 341 40 ekonomipersonal:
689 1722 164 40 personal
875 1730 74 21 som
971 1722 37 28 är
1031 1720 151 30 anställd
1203 1720 55 29 för
1280 1718 262 39 besättningens
1563 1717 82 30 eller
1666 1726 119 31 passa-

283 1784 163 32 gerarnas
467 1774 222 41 förplägning
709 1773 83 30 eller
813 1771 217 41 uppassning
1050 1770 82 30 eller
1152 1770 111 29 andra
1284 1768 129 40 sysslor
1435 1777 75 21 som
1530 1769 63 37 äga
1615 1766 170 31 samband

282 1827 79 30 med
380 1827 113 39 dylikt
513 1825 125 34 arbete,
659 1824 83 30 eller
762 1823 55 30 för
837 1820 375 41 expeditionsgöromål
1232 1819 83 30 eller
1336 1827 117 21 annan
1472 1817 167 30 liknande
1659 1817 127 38 tjänst-

283 1877 134 40 göring;

327 1928 167 38 dagman:
521 1926 137 39 sjöman
682 1924 137 30 vilkens
845 1922 241 40 skeppstjänst
1109 1920 77 30 icke
1211 1920 39 29 är
1274 1918 140 30 indelad
1437 1918 12 29 i
1474 1917 121 30 vakter
1620 1916 64 30 och
1711 1924 74 21 som

282 1979 30 39 ej
337 1979 119 29 tillhör
479 1974 388 41 ekonomipersonalen;

323 2027 338 42 passagerarfartyg:
683 2025 118 38 fartyg
820 2024 55 29 för
894 2022 108 30 vilket
1023 2020 158 40 gällande
1201 2015 523 44 passagerarfartygscertifikat
1746 2015 38 29 är

282 2080 173 34 utfärdat;

327 2130 191 30 oavbruten
540 2128 105 40 gång:
670 2126 152 30 färdsätt
843 2123 260 31 kännetecknat
1125 2121 108 30 därav
1257 2121 50 29 att
1329 2119 76 30 icke
1428 2118 83 29 land
1534 2117 146 38 angöres
1703 2115 83 30 eller

284 2181 100 39 eljest
405 2179 162 39 beröring
587 2177 79 30 med
687 2176 84 30 land
793 2176 79 38 äger
893 2183 79 20 rum
993 2173 112 29 under
1125 2172 120 38 längre
1267 2170 50 29 tid
1340 2170 44 29 än
1406 2168 18 30 2
1446 2167 143 29 timmar
1610 2166 58 30 vid
1689 2164 97 39 varje

283 2231 153 34 tillfälle;

329 2282 107 39 dygn:
454 2280 97 30 tiden
566 2279 80 29 från
662 2277 153 30 klockan
821 2267 19 58 0
867 2275 53 30 till
935 2274 152 30 klockan
1104 2271 56 36 24;

327 2331 164 40 helgdag:
511 2330 93 39 dygn
621 2328 84 30 varå
725 2326 132 39 söndag
875 2324 83 30 eller
976 2324 64 29 här
1060 2323 11 29 i
1090 2322 90 30 riket
1199 2319 140 39 bruklig
1357 2317 147 39 helgdag
1523 2315 155 34 infaller;

329 2382 235 39 nordsjöfart:
596 2379 69 30 fart
696 2378 117 29 väster
843 2384 57 21 om
930 2374 112 39 linjen
1073 2368 450 34 Hanstholm—Lindesnäs
1555 2366 64 30 och
1649 2364 137 29 bortom

285 2432 187 32 Cuxhaven
496 2431 92 30 intill
612 2428 111 40 linjen
750 2425 186 32 Shetlands
961 2417 609 45 nordpynt—Trondheimsfjorden,
1599 2415 37 29 11
1665 2412 123 40 grader

285 2483 124 39 västlig
428 2481 158 40 longitud
610 2478 154 35 (Irlands
782 2474 178 34 västkust)
984 2473 65 30 och
1068 2472 41 29 48
1129 2471 123 40 grader
1272 2467 136 39 nordlig
1426 2466 127 31 latitud
1577 2461 148 37 (Brest).
