1906 2804
276 149 37 29 18
759 150 231 28 Statsutskottets
1013 150 152 27 utlåtande
1187 151 44 26 Nr
1254 153 48 25 81.

276 233 77 35 toge
368 230 183 37 järnvägen
568 230 12 31 i
598 229 108 39 fråga,
725 229 116 32 varför
859 229 215 40 fullmäktige
1092 230 29 38 ej
1140 230 79 32 ville
1237 233 158 29 motsätta
1413 230 61 39 sig,
1494 234 49 28 att
1562 230 129 38 förslag
1707 231 73 31 här-

278 284 50 20 om
348 272 178 32 framlades
546 272 53 32 för
618 272 189 39 riksdagen.

324 315 69 32 Mot
413 315 53 32 det
486 315 229 38 föreliggande
737 315 162 39 förslaget
917 315 53 32 till
990 315 159 33 kontrakt
1170 316 169 38 angående
1359 316 200 38 järnvägens
1581 316 202 38 försäljning

278 357 83 32 hade
386 357 216 38 fullmäktige
627 358 29 37 ej
682 358 99 37 något
807 362 49 27 att
880 358 119 31 erinra.

323 399 53 31 Då
405 411 38 19 en
471 399 160 37 tredjedel
661 411 41 20 av
731 399 150 38 bolagets
911 400 142 31 statslån
1082 400 105 37 enligt
1214 400 155 37 gällande
1397 400 247 32 bestämmelser
1673 400 107 32 skulle

278 441 147 37 åtnjutas
444 440 172 32 räntefritt
635 441 59 31 och
712 441 242 38 amorteringen
973 442 82 31 därå
1071 441 93 38 börja
1183 441 85 32 först
1287 441 100 32 sedan
1407 442 40 31 60
1467 442 37 31 år
1525 442 152 31 förflutit
1696 443 85 30 efter

278 483 53 31 det
355 483 108 37 någon
489 483 52 31 del
566 495 41 19 av
630 483 176 32 statslånet
830 483 97 32 blivit
952 483 124 38 lyftad,
1101 483 78 32 ville
1205 483 214 38 fullmäktige
1442 483 216 38 ifrågasätta,
1682 484 99 31 huru-

275 524 80 32 vida
382 525 30 38 ej
442 528 124 29 statens
594 525 200 38 järnvägars
823 525 233 38 kapitalkonto
1084 525 86 32 efter
1198 525 200 38 järnvägens
1428 526 222 38 övertagande
1681 525 98 33 borde

275 567 139 37 påföras
433 567 114 32 endast
566 567 37 32 de
623 568 56 31 två
696 567 200 38 tredjedelar
913 580 40 19 av
973 568 98 38 lånet,
1091 579 68 20 som
1180 567 108 33 skulle
1308 567 179 39 förräntas,
1507 568 72 32 med
1599 568 122 38 tillägg
1739 580 40 20 av

279 609 61 31 den
363 609 206 32 återstående
592 609 218 37 tredjedelens
833 609 186 32 beräknade
1042 609 225 38 nutidsvärde,
1291 610 58 30 och
1374 610 55 31 det
1450 610 255 36 överskjutande
1730 610 50 31 be-

278 650 111 38 loppet
411 650 186 32 avskrivas.
630 650 67 31 Till
718 651 121 37 frågan
859 663 51 20 om
931 651 43 37 på
994 651 65 31 vad
1080 654 67 29 sätt
1167 651 186 37 ersättning
1372 651 108 31 skulle
1500 651 136 32 beredas
1657 652 53 31 för
1731 652 49 30 så-

277 692 103 32 lunda
400 692 168 32 avskrivet
590 692 118 38 belopp
730 693 90 31 torde
843 692 214 39 fullmäktige
1080 692 177 32 tramdeles
1281 693 36 31 få
1339 692 139 32 tillfälle
1503 693 213 32 återkomma.

322 780 97 36 Även
440 784 327 39 järnvägsstyrelsen
788 785 61 32 har
867 785 13 32 i
901 785 174 33 utlåtande
1094 786 61 33 den
1179 786 40 32 18
1242 797 88 21 mars
1355 786 83 31 1927
1460 785 170 39 tillstyrkt
1652 786 131 38 järnvä-

277 849 80 26 gens
382 837 136 32 inlösen.

321 893 372 38 Departementschefen
716 894 60 31 har
799 895 11 31 i
832 895 136 32 ärendet
989 895 115 32 anfört
1126 895 101 32 bland
1252 899 101 28 annat
1377 895 163 38 följande:

322 952 94 33 »Den
434 953 152 38 järnväg,
606 965 77 20 vars
704 953 223 32 förvärvande
947 953 54 32 för
1019 957 125 28 statens
1165 953 144 38 räkning
1330 965 44 20 nu
1393 953 152 38 föreslås,
1565 953 61 32 har
1645 965 39 20 en
1705 953 77 32 ban-

275 995 103 39 längd
400 1008 40 20 av
460 996 41 32 98
522 995 185 34 kilometer.
751 995 213 39 Järnvägens
988 996 160 38 spårvidd
1171 996 60 32 och
1252 995 258 33 normalsektion
1536 1001 56 27 äro
1614 996 71 32 lika
1708 996 71 32 med

276 1042 125 29 statens
427 1038 211 40 järnvägars,
665 1039 60 31 och
749 1039 73 32 dess
849 1038 249 39 byggnadssätt
1123 1039 146 32 kommer
1296 1042 50 29 att
1372 1038 155 39 medgiva
1553 1039 228 32 framförande

277 1093 42 20 av
343 1085 126 28 statens
496 1081 198 39 järnvägars
720 1093 129 27 vagnar
873 1082 72 32 med
973 1083 40 30 14
1038 1085 74 29 tons
1140 1081 176 39 axeltryck
1341 1081 60 32 och
1428 1081 215 39 användning
1669 1093 41 21 av
1735 1085 47 28 ett

275 1124 115 32 flertal
418 1136 40 20 av
483 1124 95 32 deras
605 1124 292 38 lokomotivtyper.
946 1124 55 31 Av
1026 1124 151 38 bolagets
1205 1124 320 38 styrelseberättelse
1553 1124 53 32 för
1633 1125 37 31 år
1697 1125 84 31 1926

274 1167 178 37 inhämtas,
477 1170 51 28 att
551 1178 42 20 av
616 1167 108 31 banan
748 1168 41 30 90
813 1166 66 33 km.
903 1171 57 27 äro
986 1167 342 38 färdigterrasserade
1352 1166 60 32 och
1435 1171 84 27 nära
1543 1167 39 31 89
1607 1166 67 32 km.
1699 1166 81 32 räls-

275 1209 101 38 lagda
395 1211 85 29 samt
496 1212 50 29 att
565 1209 149 32 flertalet
731 1208 263 39 husbyggnader
1012 1208 105 32 under
1135 1209 69 31 året
1222 1208 183 39 påbörjats.

319 1251 63 32 Att
400 1251 184 39 järnvägen
605 1250 403 34 Limedsforsen—Särna
1029 1251 107 33 skulle
1156 1251 86 32 efter
1262 1251 298 39 färdigställandet
1580 1251 131 32 komma
1732 1254 49 28 att

274 1294 182 32 trafikeras
480 1306 41 20 av
542 1298 126 28 statens
690 1294 184 39 järnvägar
895 1306 98 26 synes
1017 1294 101 32 redan
1141 1295 77 31 från
1240 1294 117 38 början
1380 1294 87 32 hava
1492 1295 191 31 förutsatts.
1727 1292 55 34 Då

275 1337 107 32 banan
401 1341 101 34 utgör
520 1349 37 20 en
576 1337 152 39 naturlig
748 1337 222 39 fortsättning
988 1349 42 19 av
1051 1337 272 37 statsbanelinjen
1343 1336 438 33 Brintbodarne—Limeds-

276 1379 111 32 forsen
405 1380 59 31 och
483 1379 123 32 saknar
624 1379 202 32 förbindelse
843 1380 73 33 med
934 1391 110 20 annan
1063 1379 131 33 enskild
1213 1379 154 39 järnväg,
1386 1379 92 32 torde
1498 1379 91 32 detta
1607 1391 40 19 ur
1665 1379 116 32 ekono-

274 1421 87 32 misk
385 1421 172 39 synpunkt
580 1422 126 37 jämväl
729 1434 81 20 vara
837 1422 55 32 det
914 1422 264 38 förmånligaste.

321 1464 75 32 Men
413 1469 82 27 även
512 1476 51 20 om
580 1464 108 32 banan
704 1464 184 33 trafikeras
906 1476 114 27 genom
1040 1468 125 28 statens
1183 1464 201 38 järnvägars
1402 1464 144 38 försorg,
1562 1464 127 38 nödgas
1706 1475 76 19 man

277 1506 198 33 åtminstone
491 1507 105 31 under
612 1507 191 32 nuvarande
820 1506 244 38 konjunkturer
1081 1506 106 32 räkna
1205 1506 73 32 med
1296 1509 50 29 att
1365 1506 124 32 driften
1507 1518 42 19 av
1568 1506 107 32 banan
1693 1505 88 32 kom-

276 1561 69 20 mer
362 1553 51 28 att
428 1549 113 32 utvisa
558 1549 133 32 förlust.
724 1549 121 38 Någon
865 1549 214 38 förräntning
1098 1549 80 32 eller
1195 1548 204 39 amortering
1416 1560 42 20 av
1478 1549 54 31 det
1550 1549 12 30 i
1581 1548 107 32 banan
1706 1548 76 32 ned-

276 1591 101 39 lagda
403 1591 239 39 lånekapitalet
665 1592 88 32 lärer
778 1591 141 33 sålunda
941 1591 73 33 icke
1039 1592 86 32 inom
1152 1591 215 38 överskådlig
1390 1591 50 32 tid
1464 1591 113 31 kunna
1603 1590 179 39 påräknas.

275 1634 197 32 Emellertid
491 1634 166 38 föreligga
677 1634 128 32 ändock
824 1634 91 32 vissa
934 1634 74 32 skäl
1027 1634 55 32 för
1100 1637 46 29 ett
1168 1634 236 32 statsförvärv.
1425 1633 116 32 Redan
1561 1633 125 32 banans
1705 1633 76 38 läge

275 1681 62 34 gör
353 1680 47 29 ett
417 1677 225 32 införlivande
660 1677 73 32 med
754 1680 125 29 statens
898 1677 183 38 järnvägar
1099 1677 176 38 naturligt.
1294 1676 66 32 Det
1379 1676 93 32 torde
1490 1676 115 33 vidare
1624 1688 83 20 vara
1724 1687 57 27 up-

273 1719 151 43 penbart,
446 1723 49 29 att
515 1731 37 20 en
573 1719 88 33 bana
680 1731 42 20 av
744 1721 37 32 så
802 1719 172 39 obetydlig
994 1719 102 39 längd
1118 1719 59 32 och
1198 1723 80 29 utan
1300 1718 144 33 utsikter
1464 1722 51 29 att
1534 1719 128 32 erhålla
1683 1718 98 38 livlig

274 1762 108 32 trafik
397 1762 72 33 icke
486 1762 72 32 med
575 1762 107 33 fördel
699 1762 67 32 kan
783 1762 240 39 självständigt
1039 1762 194 32 trafikeras.
1264 1761 54 33 Då
1334 1761 236 39 utvecklingen
1588 1762 87 31 inom
1692 1761 88 38 järn-

274 1805 244 38 vägsväsendet
534 1805 132 32 alltmer
682 1805 63 38 går
761 1805 11 31 i
791 1805 151 38 riktning
959 1808 66 29 mot
1044 1804 303 39 sammanslutning
1366 1816 42 20 av
1428 1804 38 33 de
1485 1804 126 32 mindre
1630 1804 150 32 enskilda

275 1848 226 38 järnvägarna
525 1848 54 31 för
597 1847 165 32 vinnande
784 1859 43 20 av
847 1847 109 32 bättre
977 1847 158 38 ekonomi,
1158 1847 89 32 lärer
1269 1850 107 29 staten
1399 1847 169 38 svårligen
1590 1847 113 31 kunna
1724 1858 57 19 un-

276 1890 130 32 derlåta
428 1893 49 29 att
498 1890 112 31 lämna
632 1890 50 31 sin
705 1889 200 33 medverkan
927 1889 12 31 i
963 1890 39 32 de
1026 1889 74 38 fall,
1124 1889 59 32 där
1206 1889 255 38 inkorporering
1481 1889 12 31 1
1518 1889 263 32 statsbanenätet

275 1936 100 34 utgör
394 1932 61 32 den
476 1932 82 32 enda
579 1935 146 35 utvägen
747 1935 51 29 att
818 1932 228 32 åstadkomma
1069 1935 104 29 större
1195 1931 371 39 förvaltningsenheter.
1609 1931 90 32 Från
1722 1931 58 32 all-

275 1980 76 27 män
377 1974 172 39 synpunkt
573 1974 189 33 önskvärda
787 1979 57 27 äro
869 1975 144 38 givetvis
1039 1975 39 32 de
1104 1974 246 39 förbättringar
1375 1974 11 32 i
1412 1974 274 38 taxehänseende,
1713 1985 68 21 som

273 2018 73 32 med
365 2021 126 29 statens
510 2017 223 39 övertagande
752 2029 43 20 av
813 2017 107 32 banan
941 2017 108 32 skulle
1068 2017 95 32 ernås
1183 2017 55 32 för
1255 2016 258 38 trafikanterna,
1533 2018 103 37 något
1656 2028 67 21 som
1744 2021 36 27 är

275 2064 102 35 ägnat
400 2064 51 28 att
475 2060 170 32 stimulera
669 2060 222 38 näringslivet
914 2060 88 32 inom
1028 2060 126 32 banans
1180 2059 243 32 trafikområde
1449 2059 60 32 och
1535 2059 134 32 därmed
1694 2059 87 32 efter

274 2103 89 31 hand
383 2103 63 32 öka
467 2102 161 34 trafiken,
666 2102 65 32 Det
752 2102 188 38 avgörande
962 2102 107 32 skälet
1089 2107 38 27 är
1148 2101 93 39 dock,
1264 2105 50 28 att
1334 2102 201 38 järnvägens
1559 2101 221 39 övertagande

275 2157 42 20 av
335 2149 107 28 staten
459 2145 116 32 endast
592 2145 67 31 kan
677 2156 83 20 vara
777 2156 39 20 en
835 2144 185 39 tidsfråga;
1041 2144 62 32 allt
1122 2144 97 38 tyder
1238 2144 166 38 nämligen
1422 2144 43 38 på
1485 2147 50 29 att
1555 2144 37 32 så
1611 2144 71 31 förr
1701 2143 80 33 eller

276 2199 114 20 senare
410 2188 105 31 måste
534 2187 91 32 bliva
648 2187 97 32 fallet
765 2187 54 31 till
841 2186 85 38 följd
948 2199 41 20 av
1009 2186 150 39 bolagets
1180 2186 174 39 oförmåga
1378 2190 50 28 att
1448 2186 148 38 fullgöra
1618 2186 72 32 sina
1713 2186 65 32 för-

274 2230 166 32 bindelser
455 2230 55 32 till
529 2232 108 30 staten
656 2230 43 38 på
720 2229 108 39 grund
847 2241 42 20 av
908 2229 188 32 statslånet.
1132 2229 90 32 Intet
1241 2229 87 32 talar
1347 2229 53 31 för
1419 2232 49 29 att
1489 2232 47 29 ett
1554 2228 225 33 införlivande

273 2285 42 19 av
339 2273 108 32 banan
471 2273 73 32 med
569 2272 262 32 statsbanenätet
855 2272 115 39 längre
995 2272 87 32 fram
1109 2271 107 33 skulle
1240 2271 93 32 bliva
1356 2271 254 39 förmånligare;
1635 2274 142 29 tvärtom

274 2316 114 32 vinnes
409 2327 115 27 genom
548 2319 125 28 statens
696 2314 223 33 förvärvande
941 2327 42 20 av
1003 2314 183 39 järnvägen
1209 2314 200 32 omedelbart
1434 2314 41 32 då
1499 2314 188 32 densamma
1712 2314 67 32 fär-

275 2358 171 41 digställts
467 2358 60 32 den
547 2357 199 39 ytterligare
765 2357 159 39 fördelen,
941 2360 51 29 att
1009 2358 110 37 någon
1137 2357 53 31 för
1208 2356 127 32 banans
1355 2356 124 33 skötsel
1498 2357 59 32 och
1576 2356 204 39 trafikering

276 2401 147 32 anställd
446 2401 153 38 personal
622 2400 72 32 icke
716 2399 142 32 behöver
881 2403 209 35 övertagas.»
