2201 2743
421 171 39 30 48
792 167 219 41 Bevillnings-
1022 167 169 33 Utskottets
1214 167 219 32 Belänkande
1456 166 65 33 N:o
1547 168 28 30 6.

380 257 110 31 såsom
527 259 21 28 t.
574 266 48 21 ex.
651 254 10 32 i
686 254 167 33 Danmark
879 254 63 33 och
979 255 176 42 Tyskland,
1183 255 104 32 tullen
1311 255 19 32 å
1355 253 172 33 oberedda
1551 253 153 42 pelsverk
1728 253 106 32 blifvit
1857 253 127 33 bortta-

380 319 73 30 gen.
508 306 173 33 Utskottet
704 306 60 33 har
786 306 205 33 fördenskull
1016 307 107 32 funnit
1147 308 49 40 sig
1220 307 82 32 böra
1326 306 123 33 föreslå
1472 305 162 33 tullfrihet
1656 305 52 32 för
1728 306 66 32 alla
1808 309 87 29 ännu
1910 306 76 32 tull-

379 359 139 42 pligtiga
542 359 71 41 slag
642 358 35 33 af
698 358 173 33 oberedda
893 359 163 41 pelsverk.

511 411 15 32 I
554 411 159 33 afseende
739 412 19 31 å
782 410 150 33 beredda
955 411 153 41 pelsverk
1133 413 84 30 samt
1240 409 192 41 fullfärdiga
1454 409 175 41 persedlar
1652 409 76 33 med
1756 409 154 41 pelsverk
1935 409 50 32 till

381 463 148 42 öfvertyg
553 463 60 32 har
635 462 174 33 Utskottet
831 462 73 33 icke
929 462 106 33 funnit
1062 463 181 40 anledning
1267 461 124 32 föreslå
1415 472 110 21 annan
1538 460 205 41 förändring,
1758 464 40 29 än
1813 464 48 29 att
1875 462 109 31 såsom

380 527 40 21 en
444 515 81 42 följd
549 515 35 32 af
603 514 189 33 Utskottets
816 514 126 41 förslag
961 515 9 31 i
993 514 94 41 fråga
1100 525 52 21 om
1168 514 39 32 de
1223 517 86 29 ännu
1322 513 200 41 tullpligtiga
1536 512 115 41 slagen
1667 513 35 32 af
1712 513 172 32 oberedda
1898 513 86 41 pels-

379 567 77 33 verk
473 567 189 32 nuvarande
683 565 186 42 stadgande
884 566 142 32 rörande
1044 566 237 40 förtullningen
1294 565 34 32 af
1341 565 150 33 beredda
1506 565 151 41 pelsverk
1674 565 85 32 alla
1773 567 105 30 andra
1893 566 90 40 slag"

379 619 61 32 bör
475 618 138 41 ändras;
645 619 62 32 och
744 618 61 33 har
837 618 172 33 Utskottet
1046 621 111 29 ansett
1186 618 103 32 tullen
1323 617 51 32 för
1403 617 98 32 dessa
1526 617 71 41 slag
1622 616 149 42 skäligen
1794 617 112 32 kunna
1929 617 57 32 be-

380 674 156 30 stämmas
561 671 49 32 till
635 673 38 30 20
700 674 55 29 öre
781 681 59 31 per
868 669 172 43 skålpund.
1095 670 86 32 Herr
1207 669 174 32 Hedlunds
1407 669 166 41 uppgifter
1597 669 124 39 derom,
1746 673 49 28 att
1822 668 164 42 pelsverk,

381 723 160 39 beredda,
568 726 99 38 "get-,
691 726 93 29 ren-"
811 725 62 29 etc.
899 722 63 32 och
989 721 123 33 "andra
1139 722 102 41 slag",
1268 721 170 33 äfvensom
1462 720 130 42 färdiga
1610 721 184 42 persedlar,
1809 721 75 32 med
1900 721 85 41 pels-

380 775 79 31 verk
483 775 49 30 till
557 774 158 40 öfvertyg,
741 774 27 40 ej
795 774 104 30 skulle
929 773 93 39 gifvit
1045 775 110 38 någon
1179 773 206 31 tullinkomst
1408 773 105 31 under
1537 775 37 29 år
1600 775 88 35 1872,
1712 773 109 38 torde,
1838 772 54 32 vid
1911 776 76 28 när-

379 836 90 21 mare
486 824 214 42 granskning,
717 823 150 34 befinnas
884 823 27 43 ej
927 823 98 33 hafva
1037 824 103 40 något
1156 822 75 33 stöd
1255 823 2 31 i
1272 822 325 42 Kommers-kollegii
1613 822 182 33 berättelse
1812 822 173 41 angående

379 877 125 33 utrikes
529 876 146 33 handeln
700 876 62 33 och
787 875 161 43 sjöfarten
972 875 224 43 nyssnämnda
1220 876 54 39 år;
1300 875 141 41 viljande
1465 874 173 34 Utskottet
1657 874 11 32 i
1685 875 92 33 detta
1792 874 193 33 hänseende

380 929 119 32 endast
535 929 156 41 påminna
716 928 124 39 derom,
871 930 49 29 att
943 927 51 32 för
1019 928 36 31 år
1081 929 77 30 1872
1184 930 80 37 get-,
1283 938 85 28 ren-,
1393 930 85 29 samt
1502 927 106 40 öfriga
1630 927 11 31 i
1666 938 42 20 nu
1733 921 155 47 gällande
1914 926 73 32 tull-

379 983 78 29 taxa
481 979 135 33 dermed
641 979 247 33 sammanförda
912 978 95 33 skinn
1032 982 87 29 ännu
1144 978 28 42 ej
1198 989 79 22 voro
1301 977 73 33 från
1400 978 86 33 "alla
1510 978 105 33 andra
1629 978 90 42 slag"
1735 977 150 34 beredda
1900 978 88 41 pels-

379 1031 78 33 verk
485 1031 153 33 åtskilda.

512 1082 77 33 Med
618 1082 178 41 anledning
821 1081 33 33 af
875 1081 88 33 hvad
987 1081 141 32 sålunda
1150 1080 107 33 blifvit
1280 1082 10 31 i
1312 1080 95 43 fråga
1432 1092 51 22 om
1507 1081 157 33 rubriken
1688 1080 108 34 hudar
1815 1081 62 32 och
1893 1080 95 33 skinn

379 1135 143 39 anfördt,
546 1135 194 32 hemställer
762 1133 187 33 Utskottet:

1149 1238 80 29 34:0.

782 1323 32 41 a)
845 1323 49 31 att
918 1321 103 32 tullen
1048 1321 102 31 måtte
1175 1320 103 32 varda
1301 1319 135 33 nedsatt
1460 1321 19 31 å
1502 1319 146 33 sulläder
1677 1319 62 32 och
1758 1319 230 32 bindsulläder

845 1375 85 30 samt
963 1371 228 41 hvitgarfvade
1228 1371 210 45 (alunerade)
1474 1371 169 32 äfvensom
1675 1371 176 32 sämskade
1882 1371 106 32 hudar

846 1424 62 33 och
936 1424 96 32 skinn
1056 1423 71 32 från
1154 1426 37 29 10
1218 1423 50 31 till
1292 1426 15 29 6
1334 1427 75 36 öre;

782 1492 37 43 b)
844 1495 48 30 att
929 1494 18 30 å
984 1491 124 33 "andra
1149 1491 90 41 slag"
1277 1491 35 33 af
1345 1491 160 40 beredda,
1541 1491 48 31 till
1618 1490 154 41 pelsverk
1800 1490 189 41 hänförliga

844 1544 108 32 hudar
983 1543 63 32 och
1085 1542 95 33 skinn
1215 1542 200 41 tullafgiften
1450 1544 102 30 måtte
1578 1542 173 32 nedsättas
1779 1542 71 32 från
1876 1544 39 30 20
1939 1542 49 31 till

847 1598 36 29 15
909 1599 72 36 öre;
1009 1595 60 32 allt
1096 1605 58 31 per
1178 1594 178 42 skålpund;

783 1661 31 49 c)
844 1667 49 30 att
915 1662 162 34 tullfrihet
1101 1664 102 32 måtte
1228 1662 183 42 medgifvas
1435 1662 52 32 för
1511 1662 28 42 ej
1565 1662 127 32 mindre
1711 1662 140 39 bäfver-,
1866 1661 122 40 hiller-,

843 1715 162 39 kinkilla-,
1040 1715 119 39 mård-,
1206 1718 119 36 närtz-,
1383 1714 120 39 sobel-,
1554 1714 156 32 svarträf-
1752 1714 62 32 och
1853 1713 134 39 blåräf-,

848 1769 85 30 samt
968 1766 186 32 utterskinn
1188 1769 41 29 än
1265 1766 93 32 äfven
1395 1765 52 32 för
1487 1765 125 33 "andra
1641 1765 88 41 slag"
1761 1765 36 32 af
1818 1765 171 31 oberedda

844 1817 172 43 pelsverk
1002 1813 17 52 ;

783 1887 18 32 d)
848 1889 58 36 att,
931 1886 74 32 med
1030 1885 107 40 afslag
1166 1886 18 31 å
1208 1884 77 33 herr
1312 1883 175 34 Hedlunds
1511 1884 125 31 motion
1659 1884 10 31 i
1693 1883 86 32 hvad
1809 1883 63 32 den
1901 1882 88 33 afser

844 1937 166 32 tullfrihet
1049 1936 51 32 för
1128 1936 160 38 beredda,
1311 1936 73 32 lösa
1409 1935 83 32 eller
1514 1935 176 41 hopsydda
1717 1934 162 41 pelsverk,
1904 1937 85 29 samt

844 1989 53 31 för
931 1988 192 40 fullfärdiga
1152 1987 175 42 persedlar
1350 1986 74 32 med
1448 1982 154 45 pelsverk
1626 1986 48 31 till
1704 1986 157 41 öfvertyg,
1885 1985 103 32 tullen

846 2042 20 29 å
894 2039 159 38 beredda,
1081 2039 74 32 lösa
1184 2038 80 32 eller
1290 2037 176 42 hopsydda
1489 2036 163 43 pelsverk,
1678 2036 86 32 "alla
1779 2036 105 32 andra
1897 2036 89 41 slag"

845 2092 102 31 måtte
971 2090 202 32 bestämmas
1197 2090 50 31 till
1271 2092 39 30 20
1335 2092 56 29 öre
1417 2099 58 31 per
1499 2088 181 41 skålpund;
1706 2087 62 33 och

806 1884 11 49 Ne

783 2156 32 49 e)
846 2162 48 29 att
925 2159 9 31 i
968 2158 83 42 följd
1086 2158 34 32 af
1152 2157 99 33 dessa
1285 2158 10 31 i
1323 2168 97 21 mom.
1455 2158 35 41 a)
1524 2154 34 42 b)
1586 2154 31 45 c)
1647 2156 62 32 och
1739 2156 34 43 d)
1797 2155 192 41 föreslagna

844 2210 245 40 förändringar,
1113 2208 156 33 rubriken
1296 2208 135 32 "Hudar
1445 2208 62 32 och
1523 2207 122 32 Skinn"
1667 2209 101 30 måtte
1784 2207 127 32 erhålla
1925 2207 63 31 den

844 2261 138 42 lydelse,
1008 2261 136 41 bilagda
1171 2260 205 40 taxeförslag
1399 2260 133 32 utvisar.

1608 2308 246 40 Handskskinn,
