2205 2737
439 145 38 30 78
804 140 224 41 Bevillnings-
1040 138 166 33 Utskottets
1242 138 205 31 Betänkande
1476 137 60 31 N:o
1562 138 28 29 6.

398 247 82 32 visar
507 247 47 40 sig
582 248 155 38 nogsamt,
779 246 57 35 att,
877 254 50 21 om
955 246 40 28 än
1024 241 249 41 förbrukningen
1303 240 34 32 af
1357 241 53 33 thé
1437 241 41 41 på
1505 249 112 22 senare
1644 237 83 33 tider
1754 238 141 41 tilltagit,
1925 238 75 31 den-

397 309 121 22 samma
541 297 81 33 dock
649 297 10 32 i
683 296 181 43 jemförelse
892 294 70 32 med
990 293 254 41 förbrukningen
1273 292 34 32 af
1331 292 83 33 kaffe
1443 295 36 28 är
1501 290 200 43 synnerligen
1732 289 170 42 obetydlig.
1947 290 56 31 Att

401 351 88 32 detta
512 350 10 32 i
549 350 62 31 viss
641 351 72 30 mån
741 352 37 28 är
805 346 159 33 beroende
992 348 41 40 på
1059 356 113 21 varans
1199 344 132 32 relativa
1359 344 123 43 dyrhet,
1512 346 34 28 är
1575 345 89 29 utom
1687 341 57 32 allt
1770 341 118 32 tvifvel.
1933 341 68 32 Och

400 403 82 31 huru
523 401 170 40 väsentligt
727 400 60 32 den
827 398 182 33 nuvarande
1037 397 168 32 tullsatsen
1245 396 149 41 bidrager
1428 398 47 29 att
1502 394 129 42 fördyra
1658 393 98 39 théet,
1785 393 84 31 inses
1893 392 107 33 klarli-

400 465 71 31 gen,
509 464 51 22 om
600 463 72 22 man
713 450 156 34 betänker
904 451 10 31 i
954 449 121 32 hvilket
1113 448 200 32 förhållande
1336 448 185 32 tullsatsens
1550 446 126 41 belopp,
1707 447 39 31 60
1773 448 64 35 öre,
1863 446 66 30 står
1952 444 49 31 till

399 506 101 42 priset
525 506 42 41 på
594 504 38 32 de
659 503 145 41 billigare
832 502 60 33 och
920 501 125 32 derföre
1073 500 197 32 allmännare
1298 498 194 33 förbrukade
1520 498 173 39 théslagen.
1748 496 49 33 Då
1820 507 53 28 nu,
1902 496 100 40 enligt

401 557 181 33 Utskottets
610 556 92 41 åsigt,
732 555 54 32 det
808 554 103 32 skulle
939 564 74 21 vara
1040 552 49 32 till
1117 562 93 31 gagn,
1240 562 50 22 om
1306 550 240 42 ifrågavarande
1562 548 125 40 artikel,
1704 559 112 30 genom
1832 559 38 21 en
1885 547 118 32 minsk-

401 610 76 40 ning
505 609 9 31 i
542 608 111 42 priset,
683 607 102 32 blefve
813 616 87 22 mera
927 605 134 32 allmänt
1088 603 178 42 tillgänglig
1289 603 117 42 jemväl
1433 603 50 31 för
1510 601 38 32 de
1576 600 123 34 mindre
1726 599 198 39 bemedlade,
1947 599 58 32 har

400 661 167 33 Utskottet
600 659 98 33 redan
739 658 35 33 af
812 658 105 31 denna
954 656 172 41 anledning
1160 655 107 32 funnit
1304 655 48 41 sig
1380 654 130 33 manadt
1537 657 48 29 att
1611 652 159 43 tillstyrka
1797 663 39 21 en
1864 651 140 32 nedsätt-

400 714 77 40 ning
514 712 34 32 af
586 711 101 33 tullen
726 712 18 31 å
784 710 63 33 thé.
914 709 56 31 Ett
1004 708 185 42 ytterligare
1227 706 69 32 skäl
1324 707 49 31 för
1401 707 88 32 detta
1511 704 221 43 tillstyrkande
1756 704 60 32 har
1843 703 164 32 Utskottet

403 768 80 28 trott
519 765 48 38 sig
604 763 87 31 finna
730 763 10 30 i
781 762 60 31 den
869 760 171 41 betydelse,
1070 760 86 32 théet
1182 759 58 31 har
1267 760 104 30 såsom
1400 756 279 43 proviant-artikel
1706 756 49 32 för
1790 754 129 34 svenskt
1945 755 60 41 sjö-

400 815 75 32 folk.
519 814 110 40 Enligt
669 813 60 32 den
764 822 112 31 genom
917 810 114 41 Kongl.
1062 809 211 41 kungörelsen
1302 809 59 31 den
1391 812 17 29 3
1435 808 157 32 Februari
1624 809 78 30 1865
1731 806 169 33 faststälda
1927 806 79 40 spis-

401 866 136 41 ordning
577 865 49 32 för
666 864 222 41 besättningar
915 864 18 31 å
960 862 134 32 svenska
1130 860 250 43 handelsfartyg,
1413 860 81 32 skall
1521 859 78 32 hvar
1628 870 72 20 man
1728 858 33 32 af
1782 857 224 40 besättningen

401 919 10 32 i
440 918 107 41 hvarje
574 916 98 33 vecka
700 916 121 32 erhålla
848 915 61 32 viss
937 914 158 41 qvantitet
1121 913 68 39 thé;
1227 912 71 40 och,
1334 912 81 32 efter
1447 911 79 32 hvad
1557 910 163 33 Utskottet
1747 910 167 37 inhemtat,
1940 909 68 31 lära

400 972 43 40 på
469 972 66 30 rätt
562 971 113 38 många
703 967 135 33 svenska
875 965 240 41 handelsfartyg
1154 944 274 65 besättningarne,
1467 963 99 40 enligt
1593 972 78 40 egen
1700 961 134 39 önskan,
1863 961 11 31 i
1901 960 107 32 stället

402 1023 49 30 för
484 1021 83 32 vissa
601 1020 101 31 andra
728 1019 193 33 födoämnen
947 1017 169 32 bekomma
1143 1016 27 41 ej
1199 1015 161 43 obetydlig
1388 1014 189 43 myckenhet
1600 1004 52 43 thé
1676 1012 127 33 utöfver
1830 1012 54 33 det
1911 1022 94 32 qvan-

402 1076 79 37 tum,
509 1072 129 32 hvartill
662 1071 39 31 de
728 1074 56 29 äro
812 1069 137 42 lagligen
977 1067 209 41 berättigade.

536 1124 44 31 På
603 1123 103 39 grund
731 1123 34 31 af
787 1121 83 33 hvad
897 1120 165 33 Utskottet
1089 1131 42 20 nu
1158 1118 115 40 anfört,
1302 1117 186 33 hemställer
1515 1116 174 39 Utskottet,

1167 1275 80 28 70:0.

804 1363 48 28 att
891 1359 99 31 tullen
1031 1360 18 30 å
1078 1358 52 32 thé
1157 1359 98 30 måtte
1283 1356 97 32 varda
1409 1356 128 32 nedsatt
1562 1356 70 30 från
1662 1356 39 30 60
1730 1354 47 31 till
1805 1357 38 29 30
1875 1357 53 28 öre
1955 1365 56 29 per

803 1410 168 42 skålpund.

199 1601 131 29 Tidningar
356 1600 42 22 och
543 1599 241 34 Taxerubriken
809 1599 163 40 tidningar
996 1598 59 31 och
1081 1597 174 39 tidskrifter
1279 1595 57 32 har
1363 1594 140 43 följande
1526 1593 133 43 lydelse:

246 1635 126 21 dskrifter.
659 1651 5 5 oa
717 1650 4 5 os
953 1649 94 5 ords
1179 1649 8 7 o
1295 1648 8 7 o
1404 1650 12 4 Vv
1664 1645 59 10 SS
1932 1645 8 7 o

226 1634 124 29 föskriflte
610 1650 195 41 «Tidningar
833 1650 60 32 och
921 1648 203 40 Tidskrifter,
1153 1652 91 28 äfven
1269 1646 40 32 då
1336 1646 38 31 de
1402 1657 55 20 äro
1486 1645 124 42 tryckta
1636 1656 41 30 på
1705 1644 140 32 Svenska
1872 1643 140 41 språket,

660 1703 35 30 så
718 1702 97 31 framt
841 1702 10 30 i
880 1700 88 32 detta
995 1700 57 31 fall
1079 1700 49 39 de,
1149 1697 207 34 adresserade
1381 1697 49 31 till
1446 1696 129 32 svenskt
1590 1696 199 85 Sr
1805 1695 71 32 med
1896 1694 119 32 allmän

658 1755 73 39 post
752 1752 163 32 inkomma
960 1778 6 5 .
1014 1777 7 7 .
1069 1777 6 7 .
1714 1772 60 7 oo
1821 1772 7 6 «
1876 1772 7 7 .
1928 1745 86 39 Fria,

660 1814 66 21 som
755 1803 162 32 inkomma
944 1777 195 57 annorlunda
1176 1777 7 6 ä
1172 1805 39 28 än
1230 1775 81 56 Ne
1337 1774 169 57 NER
1528 1774 139 66 posten;
1684 1809 32 20 se
1744 1797 155 32 Böcker".

545 1856 105 32 Sedan
679 1866 133 20 numera
838 1854 63 32 alla
924 1853 125 42 tryckta
1076 1852 118 33 böcker
1221 1856 55 28 äro
1305 1851 70 32 från
1397 1851 58 31 tull
1476 1851 70 38 fria,
1576 1849 91 33 torde
1682 1851 103 39 någon
1802 1848 172 39 anledning
1989 1848 26 41 ej

410 1908 108 32 vidare
561 1906 174 33 förefinnas
773 1909 47 29 att
859 1905 162 32 bibehålla
1060 1907 70 30 2:ne
1157 1902 157 34 särskilda
1342 1902 200 40 afdelningar
1565 1901 34 32 af
1623 1900 241 40 ifrågavarande
1892 1898 122 39 rubrik,

411 1959 72 32 med
512 1958 189 41 hänvisning
729 1957 49 32 för
805 1958 59 31 den
890 1967 60 22 ena
976 1956 48 32 till
1052 1955 152 32 rubriken
1236 1954 175 39 "Böcker";
1438 1952 232 33 hemställande
1706 1951 164 33 Utskottet
1897 1950 117 39 derför,

1177 2111 79 30 71:0.

813 2200 49 29 att
901 2195 242 42 ifrågavarande
1184 2193 113 34 rubrik
1324 2194 99 31 måtte
1451 2192 121 33 erhålla
1599 2192 139 42 följande
1765 2190 185 33 förenklade
1973 2190 44 42 ly-

801 2248 101 32 delse:
930 2248 193 40 "Tidningar
1150 2247 59 32 och
1234 2244 192 32 Tidskrifter
1471 2271 6 6 .
1525 2271 6 6 .
1578 2270 6 7 .s
1633 2269 7 7 so
1686 2269 61 7 so.
1795 2268 6 7 «
1849 2269 6 6 «
1911 2242 105 31 Fria"
