2209 2679
682 204 277 32 Stats-Utskottets
987 204 168 32 Utlåtande
1179 204 63 32 N:o
1266 206 47 30 10.
1719 207 34 27 21

596 292 69 37 den
697 293 83 35 med
810 293 273 48 granskningen
1100 293 39 36 af
1155 293 394 47 Riksgäldskontorets
1565 292 234 49 förvaltning

596 357 87 33 eger
712 323 279 69 sammanhang,
1013 322 99 58 "icke
1148 347 59 33 må
1240 346 54 34 till
1325 348 123 44 någon
1480 344 232 47 Riksdagens
1742 347 55 32 åt-

597 377 91 65 gärd
718 390 201 58 föranleda.

956 497 95 35 10:0.

234 581 201 49 Angående
464 589 44 29 ett
529 583 223 44 förändradt
781 586 67 32 sätt
877 583 60 44 för
956 582 165 48 förande
1150 582 44 48 af
1219 580 339 38 Ombudsmannens
1586 583 172 35 diarium.

631 665 162 38 (Rev.-ber.
820 666 53 28 sid.
900 667 67 27 129.
1008 666 105 28 Fullm.
1140 666 49 27 utl.
1214 666 52 28 sid.
1294 665 83 39 159.)

332 750 73 36 Vid
434 752 277 48 granskningen
740 750 36 37 af
803 751 63 37 det
894 751 170 45 diarium,
1095 764 78 23 som
1203 751 64 36 det
1303 752 114 47 enligt
1456 751 173 46 gällande
1671 753 127 47 tjenst-

196 783 319 68 göringsordning
544 803 141 46 åligger
715 803 322 35 ombudsmannen
1079 808 54 30 att
1174 802 77 36 föra
1281 780 116 57 öfver
1413 783 71 53 alla
1512 802 57 35 för
1598 802 119 47 någon
1747 807 52 30 åt-

196 832 132 66 gärds
335 834 229 66 vidtagande
594 831 57 57 till
680 853 137 35 honom
847 853 277 36 öfverlemnade
1155 853 231 47 handlingar,
1430 851 107 36 hafva
1568 854 230 35 revisorerne

196 881 139 64 funnit,
365 909 53 29 att
447 904 46 35 de
522 903 225 37 föreskrifna
777 904 424 46 diariianteckningarne
1230 902 122 36 blifvit
1381 905 38 33 år
1447 901 81 37 från
1558 907 39 31 år
1624 903 175 36 fortsatta

197 953 8 34 1
235 966 137 23 samma
414 954 84 36 bok.
553 953 85 37 Som
681 954 73 44 det,
797 954 84 36 med
923 932 186 58 afseende
1125 958 20 31 å
1173 954 72 36 den
1287 954 106 46 årliga
1443 955 277 46 granskningen
1763 954 39 35 af

197 1003 102 35 detta
329 1004 168 44 diarium,
528 1010 105 43 synts
661 1006 231 34 revisorerne
908 1018 87 22 vara
1024 1005 164 35 särdeles
1208 1005 173 47 lämpligt
1398 983 66 56 och
1480 1012 80 27 änd:
1555 984 245 68 amålsenligt,

196 1060 54 30 att
279 1059 54 31 ett
362 1061 83 42 nytt
474 1055 161 36 diarium
664 1054 57 36 för
750 1056 126 46 hvarje
907 1059 39 32 år
974 1056 181 47 upplades
1184 1055 65 36 och
1281 1055 55 35 dit
1365 1054 234 37 öfverfördes
1641 1057 72 34 alla
1749 1034 51 57 de

197 1104 177 45 ärenden,
416 1119 78 22 som
524 1106 80 35 från
645 1104 224 49 föregående
912 1110 38 31 år
991 1107 132 35 funnes
1165 1106 207 47 oafgjorda,
1415 1105 111 37 hafva
1566 1107 234 35 revisorerne

197 1156 116 48 härpå
340 1155 114 37 fästat
498 1136 254 67 fullmäktiges
781 1157 343 58 uppmärksamhet.

330 1207 248 48 Fullmäktige
609 1187 107 56 hafva
744 1208 10 35 i
784 1209 64 34 sitt
877 1208 191 35 utlåtande
1098 1208 84 36 med
1211 1208 203 48 anledning
1455 1207 109 37 häraf
1595 1208 203 44 meddelat,

196 1263 54 31 att
279 1257 45 36 de
353 1238 267 56 inkommande
651 1259 186 36 ärendena
860 1260 114 46 jemte
1003 1259 44 35 de
1076 1260 57 34 till
1163 1259 188 35 desamma
1379 1237 166 57 hörande
1579 1237 222 70 handlingar

197 1309 8 34 1
236 1308 133 36 diariet
397 1308 252 37 antecknades
678 1309 121 36 under
826 1323 50 35 ny
905 1309 265 48 nummerföljd
1197 1309 57 37 för
1283 1310 128 47 hvarje
1432 1309 39 35 år
1493 1311 66 34 och
1583 1317 54 29 att
1658 1311 142 36 således

198 1361 9 34 i
237 1359 133 48 sjelfva
398 1361 129 35 verket
557 1366 83 43 nytt
670 1360 159 35 diarium
859 1360 56 36 för
943 1361 128 47 hvarje
1101 1364 39 32 år
1167 1361 192 48 upplades,
1390 1373 58 22 om
1479 1361 67 35 ock
1576 1360 55 36 för
1646 1362 88 35 flera
1763 1365 39 32 år

198 1411 10 35 1
237 1416 52 29 ett
321 1411 68 35 och
414 1424 140 22 samma
570 1410 111 44 band,
711 1411 140 36 hvilket
879 1411 186 47 betydligt
1087 1411 263 36 underlättade
1372 1411 151 36 diariets
1552 1413 248 46 användning,

199 1461 59 41 då,
286 1464 122 33 såsom
431 1461 77 36 ofta
524 1475 88 22 vore
640 1461 117 43 fallet,
787 1462 263 46 anteckningar
1079 1461 57 37 för
1164 1463 70 34 den
1251 1462 176 35 förflutna
1450 1462 99 35 tiden
1572 1463 117 35 skulle
1708 1476 94 35 upp-

198 1513 103 43 letas,
344 1513 95 35 helst
468 1519 88 28 enär
591 1512 101 36 detta
728 1513 211 35 diariiband
969 1525 87 23 vore
1085 1513 141 36 försedt
1254 1513 83 36 med
1366 1512 216 37 alfabetiskt
1610 1514 155 47 register
1792 1515 10 34 i

200 1563 132 46 början
360 1562 39 36 af
424 1563 216 43 detsamma,
669 1564 9 34 i
710 1564 138 34 hvilket
876 1564 156 45 register
1061 1564 185 35 ärendena
1274 1576 100 31 vore,
1413 1564 138 46 jemväl
1592 1565 107 34 hvart
1732 1565 67 35 och

200 1618 54 30 ett
281 1613 120 35 under
429 1614 64 35 sitt
521 1614 181 35 särskilda
733 1616 51 41 år,
813 1613 240 36 antecknade.
1107 1615 140 35 Diariet
1276 1627 86 23 vore
1391 1627 49 22 nu
1469 1613 98 36 fördt
1597 1616 10 34 i
1636 1615 167 47 enlighet

200 1663 86 36 med
315 1664 223 47 stadgandet
567 1665 10 34 i
606 1664 500 49 tjenstgöringsordningens
1137 1666 44 34 10
1202 1662 30 48 $,
1263 1670 54 30 att
1345 1664 202 36 detsamma
1575 1665 117 36 skulle
1713 1679 89 23 vara

200 1717 39 32 så
268 1714 192 45 inrättadt,
490 1721 54 29 att
573 1714 62 36 det
656 1715 57 47 på
742 1721 43 29 ett
814 1715 100 36 ställe
942 1715 183 36 innehölle
1155 1716 228 48 upplysning
1417 1729 58 22 om
1511 1716 45 34 all
1586 1716 70 36 den
1686 1717 117 35 hand-

201 1766 190 47 läggning,
423 1766 123 46 hvarje
575 1765 175 35 särskildt
780 1767 72 34 mål
882 1765 156 36 erhållit.
1092 1766 67 36 Att
1200 1766 118 35 under
1351 1779 73 35 nya
1459 1780 170 22 nummer
1657 1768 51 33 in-
1737 1768 65 35 och

200 1816 241 35 utbalansera
471 1816 178 35 ärendena
680 1816 83 36 med
794 1816 83 35 dem
906 1816 222 36 tillhörande
1158 1818 102 35 akter
1296 1817 92 35 hade
1418 1817 30 47 ej
1479 1824 105 40 synts
1626 1817 177 36 fullmäk-

203 1867 77 46 tige
310 1867 186 48 lämpligt;
527 1880 84 22 men
640 1866 58 36 för
726 1872 54 30 att
808 1867 214 35 underlätta
1051 1867 72 36 den
1152 1869 116 46 årliga
1296 1868 275 46 granskningen
1606 1868 38 36 af
1670 1868 133 36 diariet

200 1917 93 35 hade
338 1917 246 47 fullmäktige,
615 1917 81 35 med
726 1918 200 47 anledning
955 1917 39 36 af
1020 1919 247 36 revisorernes
1296 1896 301 72 framställning,
1640 1920 163 36 beslutat

201 1968 69 35 den
299 1968 159 46 ändring
486 1969 11 34 i
527 1969 43 34 de
601 1968 132 36 hittills
761 1969 173 48 gällande
962 1968 281 38 föreskrifterna
1271 1983 58 22 om
1358 1975 114 30 sättet
1500 1969 58 36 för
1585 1970 154 36 förande
1768 1969 39 36 af

199 2018 282 49 ifrågavarande
512 2019 165 45 diarium,
708 2025 54 30 att
792 2019 43 36 de
864 2019 172 45 ärenden,
1067 2020 125 36 hvilka
1221 2020 61 36 vid
1311 2024 187 44 utgången
1542 2021 38 36 af
1619 2027 52 30 ett
1703 2025 39 31 år
1770 2023 30 45 ej

199 2068 120 37 blifvit
362 2070 127 47 bragta
522 2070 55 35 till
607 2071 84 42 slut,
720 2071 129 43 skulle,
878 2071 94 34 dock
1001 2071 83 35 med
1113 2072 263 35 bibehållande
1406 2071 39 36 af
1482 2072 79 35 sina
1604 2085 198 35 ursprung-

200 2121 75 46 liga
317 2120 294 44 diariinummer,
652 2120 131 37 främst
823 2121 57 35 för
909 2121 59 35 det
999 2120 161 49 följande
1190 2126 79 32 året
1298 2123 9 34 i
1338 2122 136 36 diariet
1504 2124 200 35 antecknas
1733 2124 68 34 och

202 2170 141 36 således
373 2172 135 35 diariet
537 2170 54 36 för
620 2172 126 47 hvarje
775 2176 39 31 år
841 2172 188 36 innehålla
1057 2173 222 48 anteckning
1320 2186 60 22 om
1422 2174 32 47 ej
1490 2174 94 35 blott
1612 2174 44 34 de
1685 2174 117 35 under

203 2224 79 33 året
310 2222 186 44 inkomna,
525 2227 89 30 utan
644 2222 104 35 äfven
779 2223 45 35 de
856 2222 118 36 under
1001 2222 223 48 föregående
1253 2227 39 32 år
1308 2224 186 44 inkomna,
1524 2238 83 22 men
1624 2225 62 35 vid
1704 2228 96 33 årets

200 2272 131 47 början
352 2274 32 46 ej
414 2273 56 35 till
499 2273 75 36 slut
602 2273 129 46 bragta
758 2273 174 36 ärenden.
