1884 2852
570 143 263 29 Statsutskottets
857 141 164 29 utlåtande
1047 141 48 28 Nr
1117 145 48 26 72.
1599 137 15 29 1

797 558 60 40 Nr
884 558 59 40 02.

522 694 118 28 Ankom
662 693 47 28 till
732 693 176 33 riksdagens
931 692 98 28 kansli
1052 692 58 27 den
1134 692 38 27 22
1197 691 74 33 april
1296 692 81 27 1932
1401 690 39 28 kl.
1468 692 37 25 11
1529 689 22 28 f.
1577 699 38 18 m.

321 804 178 33 Utlåtande
521 806 12 30 i
558 803 176 38 anledning
758 814 41 21 av
821 802 129 39 Kungl.
975 802 116 39 Maj:ts
1114 802 200 38 proposition
1337 800 167 39 angående
1528 801 85 31 bere-

520 866 105 33 dande
648 878 40 20 av
714 868 66 29 rätt
805 865 52 32 till
879 877 26 20 s.
929 865 31 32 k.
985 864 289 32 rekreationsresor
1298 863 51 39 för
1373 865 68 30 viss
1463 862 150 39 personal

520 929 57 32 vid
603 928 301 39 försvarsväsendet
929 927 73 32 med
1028 928 288 38 tjänstgöringsort
1340 928 12 29 i
1379 925 111 32 Boden
1514 925 99 39 jämte

522 993 56 31 två
597 993 12 30 i
627 993 108 30 ämnet
754 991 121 32 väckta
892 992 167 30 motioner.

1407 1055 64 33 (1:a
1494 1053 80 34 avd.)

165 1142 59 33 Uti
245 1154 39 20 en
305 1141 54 32 till
381 1141 176 38 riksdagen
579 1139 140 40 avlåten,
742 1140 61 32 den
826 1141 40 31 16
888 1151 86 21 mars
999 1140 83 31 1932
1105 1138 205 39 dagtecknad
1331 1137 201 39 proposition
1558 1136 57 40 (nr

121 1195 96 41 229),
238 1195 113 32 vilken
369 1194 172 32 hänvisats
563 1193 53 33 till
638 1193 260 33 statsutskottets
920 1192 233 33 förberedande
1174 1190 211 39 behandling,
1406 1191 61 31 har
1487 1189 127 39 Kungl.

120 1248 109 38 Maj:t,
255 1248 104 32 under
381 1247 204 38 åberopande
609 1258 41 21 av
673 1246 57 33 vid
754 1246 242 39 propositionen
1021 1245 93 39 fogat
1136 1245 123 38 utdrag
1281 1256 42 20 av
1347 1243 265 39 statsrådsproto-

114 1301 103 32 kollet
240 1306 76 27 över
339 1300 288 33 försvarsärenden
652 1300 52 32 för
728 1311 125 21 samma
877 1299 73 39 dag,
977 1298 172 39 föreslagit
1172 1298 176 38 riksdagen
1372 1297 161 38 medgiva,
1558 1299 49 29 att

116 1358 66 28 rätt
207 1354 54 32 till
288 1353 212 40 företagande
527 1365 41 20 av
592 1353 89 32 vissa
709 1353 289 32 rekreationsresor
1024 1356 68 28 mot
1118 1351 130 33 nedsatt
1272 1351 112 39 avgift
1408 1350 104 39 enligt
1536 1361 72 21 ena-

117 1407 109 32 handa
246 1407 153 39 grunder,
419 1419 69 20 som
508 1407 148 38 stadgats
676 1407 12 31 i
710 1406 128 39 Kungl.
859 1406 116 38 Maj:ts
994 1406 78 32 brev
1092 1405 61 32 den
1175 1406 17 30 1
1214 1405 173 32 november
1408 1405 84 31 1929
1512 1404 98 38 angå-

118 1460 80 32 ende
219 1460 102 32 sådan
343 1463 66 29 rätt
431 1460 53 32 för
504 1460 68 32 viss
600 1460 6 31 i
627 1459 111 33 Boden
760 1459 247 38 tjänstgörande
1027 1458 160 39 personal,
1211 1459 55 31 må
1288 1458 133 32 beredas
1444 1457 68 32 dels
1536 1468 76 27 pen-

119 1513 149 32 sionerad
292 1512 150 39 personal
467 1513 12 31 i
504 1512 327 39 arvodesbefattning
855 1512 57 32 vid
938 1511 302 33 försvarsväsendet
1263 1511 73 31 med
1361 1510 251 39 tjänstgörings-

119 1570 51 28 ort
196 1566 12 31 i
234 1566 121 38 Boden,
383 1565 68 33 dels
478 1566 60 32 ock
564 1565 204 38 underbefäl,
798 1577 67 21 som
893 1565 121 32 räknar
1041 1565 101 32 minst
1169 1565 80 37 fyra
1273 1563 259 39 anställningsår
1556 1562 58 32 vid

120 1619 243 38 truppförband
383 1618 12 32 i
414 1618 123 33 Boden.

164 1671 219 33 Beträffande
403 1671 218 39 utredningen
642 1672 12 31 i
676 1672 132 32 ärendet
830 1672 53 32 får
902 1672 161 32 utskottet
1082 1671 141 32 hänvisa
1244 1670 53 33 till
1320 1670 179 39 åberopade
1520 1673 95 29 stats-

122 1724 282 39 rådsprotokollet.

166 1831 18 32 I
203 1832 158 32 samband
380 1832 73 32 med
474 1831 127 39 Kungl.
622 1832 117 38 Maj:ts
760 1832 214 32 förevarande
994 1831 127 40 förslag
1140 1832 61 31 har
1221 1832 161 32 utskottet
1400 1831 54 32 till
1475 1831 140 32 behand-

119 1884 72 39 ling
208 1885 147 31 förehaft
370 1885 70 32 dels
458 1897 39 20 en
513 1885 88 32 inom
618 1886 103 31 andra
736 1886 190 31 kammaren
944 1897 42 20 av
1002 1885 113 32 herrar
1129 1885 46 32 H.
1191 1885 200 32 Lundström
1409 1884 58 32 och
1484 1884 42 32 RB.
1543 1884 69 32 Sel-

123 1938 76 37 berg
218 1938 101 31 väckt
337 1938 122 31 motion
484 1938 58 39 (nr
563 1938 94 40 180),
678 1938 74 32 vari
771 1938 195 38 hemställts,
988 1942 50 28 att
1058 1938 61 32 den
1139 1949 116 26 genom
1276 1937 116 38 kungl.
1414 1937 78 31 brev
1513 1937 60 31 den
1596 1938 15 29 1

120 1990 174 32 november
316 1991 83 31 1929
422 1991 52 31 för
492 1991 68 32 viss
580 1991 150 38 personal
751 1991 11 31 i
784 1991 110 32 Boden
915 1990 163 38 beviljade
1099 1993 106 29 rätten
1224 1990 53 31 till
1298 2002 26 20 s.
1344 1990 33 32 k.
1399 1990 213 31 rekreations-

123 2054 87 20 resor
229 2043 101 31 måtte
349 2043 187 32 utsträckas
557 2046 50 29 att
627 2043 141 32 omfatta
788 2048 81 28 även
890 2043 12 32 i
923 2042 116 39 kungl.
1062 2043 79 32 brev
1162 2043 60 32 den
1245 2044 42 30 24
1306 2042 64 38 juli
1393 2043 83 32 1919
1499 2043 117 32 omför-

123 2095 110 33 mälda
257 2096 128 31 förmän
407 2096 58 32 och
487 2096 187 38 likställda;

164 2151 70 32 dels
253 2151 57 32 ock
330 2162 39 20 en
388 2150 87 32 inom
497 2162 124 20 samma
638 2150 169 32 kammare
826 2162 41 20 av
886 2150 75 32 herr
980 2150 42 32 E.
1042 2150 190 32 Andersson
1264 2149 11 31 1
1296 2149 189 33 Stockholm
1514 2149 100 31 väckt

124 2203 120 32 motion
276 2203 56 39 (nr
358 2202 95 41 506),
478 2202 73 32 vari
575 2202 195 38 hemställts,
797 2206 50 28 att
871 2202 175 38 riksdagen
1071 2203 100 31 måtte
1195 2202 138 38 besluta,
1360 2206 49 28 att
1433 2206 106 28 rätten
1566 2202 52 31 för

122 2255 337 38 befattningshavare,
480 2255 164 33 anställda
662 2255 56 32 vid
739 2255 302 32 försvarsväsendet
1060 2255 11 31 i
1089 2255 121 38 Boden,
1231 2255 53 31 till
1303 2267 25 20 s.
1347 2255 33 32 k.
1401 2255 211 31 rekreations-

121 2320 87 20 resor
226 2308 86 32 skall
331 2308 140 31 omfatta
491 2312 81 27 även
592 2308 38 31 de
651 2308 168 32 därstädes
839 2308 164 31 anställda
1022 2308 182 37 arbetarna,
1224 2307 93 32 vilka
1336 2307 104 38 enligt
1459 2307 153 38 gällande

125 2360 243 32 bestämmelser
390 2365 55 27 äro
467 2359 204 39 berättigade
695 2363 49 29 att
766 2360 130 38 åtnjuta
918 2363 162 29 semester.

169 2412 74 32 Med
269 2413 70 32 stöd
365 2424 42 20 av
433 2411 19 39 $
478 2413 42 31 46
548 2412 333 39 riksdagsordningen
905 2412 61 32 har
990 2412 161 32 utskottet
1175 2412 164 32 inhämtat
1364 2413 153 38 yttrande
1543 2413 73 31 från

123 2465 336 38 arméförvaltningen
485 2469 76 28 över
586 2465 162 32 motionen
776 2465 52 32 1T:
845 2466 61 32 180
936 2465 170 40 (Bilaga).

158 2526 126 36 Bihang
306 2527 51 29 till
378 2527 185 34 riksdagens
584 2527 158 35 protokoll
763 2529 87 29 1922.
886 2533 17 25 6
926 2531 83 28 saml.
1035 2533 39 26 39
1100 2530 76 34 häft.
1201 2531 58 35 (Nr
1276 2531 150 29 72-—7175.)
1567 2528 8 29 1

1657 1833 148 27 Motioner
