1876 2808
251 143 42 31 60
692 150 264 29 Statsutskottets
979 152 167 28 utlåtande
1168 162 38 18 nr
1227 153 70 28 192.

254 219 62 31 och
341 219 201 44 flygtillägg.
580 222 108 32 Dessa
715 223 167 32 förmåner
906 225 43 31 ha
974 225 122 32 liksom
1121 226 53 31 för
1197 226 227 33 innevarande
1449 228 168 42 budgetår
1640 229 113 32 beräk-

252 272 77 30 nats
354 271 102 41 draga
478 283 42 20 en
543 272 145 32 kostnad
712 285 40 20 av
776 275 155 41 omkring
953 276 62 31 950
1028 277 61 30 000
1112 277 132 31 kronor.

305 321 18 30 I
342 321 149 42 enlighet
511 323 77 31 med
606 324 64 31 vad
687 324 11 30 i
719 325 56 31 det
795 325 204 41 föregående
1019 327 130 31 anförts
1167 327 61 32 har
1247 328 100 31 alltså
1365 329 222 32 förevarande
1606 331 146 42 anslags-

251 374 79 37 post
361 372 53 31 för
443 372 202 42 budgetåret
677 375 134 31 1946/47
843 376 181 32 beräknats
1056 377 53 31 till
1144 378 51 40 (46
1208 378 63 31 500
1283 379 60 30 000
1361 384 29 29 +
1408 380 39 30 39
1461 380 60 31 000
1540 386 29 29 +
1588 381 38 31 10
1639 382 62 31 000
1718 387 29 28 +

249 422 62 31 400
324 423 62 31 000
404 429 29 28 +
453 424 39 31 73
506 424 61 31 000
588 430 29 29 +
636 424 60 32 950
709 426 61 30 000
783 425 51 41 =)
855 427 38 30 47
908 426 61 31 972
983 427 61 31 000
1058 427 124 31 kronor
1197 428 84 31 eller
1295 429 11 30 i
1321 429 165 31 avrundat
1501 430 47 31 tal
1563 431 40 30 48
1616 431 61 31 000
1691 432 60 31 000

248 472 134 32 kronor.
421 473 241 34 Motsvarande
688 475 184 32 kostnader
898 477 246 41 uppskattades
1171 478 53 31 för
1251 479 227 32 innevarande
1505 480 168 42 budgetår
1698 482 53 31 till

248 523 40 31 48
301 523 61 32 500
375 524 61 31 000
458 524 134 32 kronor.

449 618 31 32 2.
525 618 146 34 Arvoden
694 620 48 33 till
768 621 214 40 pensionerad
1009 623 149 41 personal
1184 623 7 32 i
1216 623 333 43 arvodesbefattning.

301 674 69 31 För
395 675 149 33 centrala
568 677 297 43 värnpliktsbyrån
890 681 62 30 har
977 681 195 42 föreslagits
1199 682 192 32 inrättande
1418 694 40 20 av
1484 695 41 20 en
1552 684 197 32 arvodesbe-

248 725 150 43 fattning
418 727 53 31 för
491 728 450 41 expeditionsunderofficer
961 732 11 30 i
994 732 170 32 löneklass
1186 733 65 31 UO
1265 734 28 30 7.

302 775 120 33 Såsom
446 788 40 21 av
510 778 59 32 det
593 779 202 42 föregående
820 781 146 42 framgår
989 782 62 31 har
1074 783 373 41 departementschefen
1472 785 154 32 förordat
1650 786 99 32 inrät-

247 827 103 32 tande
367 828 73 31 från
456 829 63 31 och
535 830 75 31 med
625 830 203 41 budgetåret
844 832 134 32 1946/47
996 844 40 20 av
1052 845 41 19 en
1109 834 194 42 befattning
1319 835 52 31 för
1386 836 228 40 pensionerad
1631 837 117 31 under-

248 877 121 32 officer
392 879 76 31 med
494 880 124 32 arvode
644 882 106 40 enligt
775 882 170 33 löneklass
972 883 65 32 UO
1051 885 27 36 7,
1105 885 127 31 avsedd
1257 885 54 31 för
1336 886 156 41 adjutant
1517 886 59 31 vid
1600 887 148 32 hemvär-

245 930 77 30 nets
342 929 211 33 stridsskola.
582 931 386 42 Departementschefen
985 934 144 33 föreslår
1147 936 11 30 i
1176 936 153 41 enlighet
1345 937 77 30 med
1441 937 130 42 förslag
1586 949 43 20 av
1647 941 101 29 armé-

246 978 121 33 chefen
387 982 49 29 att
455 980 147 33 berörda
620 982 194 43 befattning
833 983 112 33 tillika
964 985 78 31 med
1063 985 40 32 de
1125 985 53 31 för
1197 987 209 31 närvarande
1428 987 12 31 i
1461 988 287 32 arvodesförteck-

244 1029 127 42 ningen
405 1031 108 31 under
545 1032 160 32 rubriken
739 1034 315 33 Hemvärnsstaben
1078 1038 172 40 upptagna
1272 1037 277 42 befattningarna
1571 1039 12 31 i
1607 1040 140 32 förteck-

244 1080 128 42 ningen
387 1082 53 31 för
455 1084 99 30 nästa
569 1083 167 42 budgetår
751 1087 166 39 upptagas
934 1086 109 33 under
1059 1087 159 31 rubriken
1236 1088 316 32 Hemvärnsstaben
1568 1091 75 30 med
1659 1091 87 31 hem-

243 1133 137 29 värnets
402 1131 214 34 stridsskola.

296 1181 314 35 Militärområdena
646 1196 40 20 m.
714 1197 41 20 m.
793 1187 69 30 För
896 1186 627 36 infanteribefälhavarstaben
1560 1191 12 31 i
1608 1192 138 32 Karls-

242 1232 130 33 krona
391 1234 61 31 har
471 1235 54 31 för
543 1237 97 30 nästa
660 1235 168 42 budgetår
846 1240 130 29 ansetts
997 1238 83 31 böra
1100 1239 189 32 tillkomma
1310 1251 40 20 en
1370 1240 195 43 befattning
1585 1242 54 32 för
1657 1243 88 31 hem-

242 1284 225 32 värnsofficer
486 1286 11 30 i
518 1285 171 33 löneklass
711 1287 51 31 Oa
775 1288 47 37 10,
844 1288 117 31 varvid
982 1300 42 20 en
1043 1289 194 42 befattning
1257 1291 55 30 för
1331 1291 202 33 biträdande
1554 1293 191 33 hemvärns-

242 1335 122 32 officer
392 1336 11 31 i
432 1347 128 21 samma
588 1337 180 39 löneklass,
798 1339 127 31 avsedd
953 1340 56 31 för
1036 1339 155 43 Uppsala
1219 1341 298 40 försvarsområde,
1548 1344 196 42 föreslagits

242 1386 96 32 skola
354 1389 79 39 utgå
449 1399 40 19 ur
505 1388 216 42 vederbörlig
736 1389 384 43 personalförteckning.
1148 1391 54 31 Då
1218 1392 211 32 sistnämnda
1446 1394 196 42 befattning
1655 1395 88 32 kom-

238 1449 53 20 me
315 1440 49 29 att
385 1438 93 32 bliva
499 1439 126 31 vakant
646 1439 76 32 från
746 1440 63 31 och
832 1440 76 31 med
933 1441 66 31 den
1025 1442 15 30 1
1066 1441 86 41 april
1177 1443 90 37 1946,
1292 1443 61 31 har
1377 1443 126 42 Kungl.
1529 1445 101 41 Maj:t
1654 1447 89 31 med-

240 1485 95 42 givit,
360 1490 49 29 att
431 1487 237 42 befattningen
692 1489 75 31 från
792 1490 61 31 och
878 1491 76 31 med
977 1492 146 31 nämnda
1147 1492 65 41 dag
1234 1492 92 32 intill
1350 1496 170 40 utgången
1545 1506 41 20 av
1610 1496 133 33 inneva-

240 1538 104 31 rande
370 1538 166 42 budgetår
562 1542 53 29 må
640 1541 167 41 utnyttjas
834 1541 53 31 för
911 1541 213 33 anställande
1151 1554 39 20 av
1216 1555 42 19 en
1284 1544 305 33 hemvärnsofficer
1613 1547 58 31 vid
1696 1548 46 31 in-

239 1588 454 35 fanteribefälhavarstaben.

292 1639 82 32 Med
397 1640 133 42 hänsyn
553 1641 54 31 till
631 1643 174 40 pågående
830 1643 184 42 utredning
1038 1655 53 20 om
1115 1644 185 33 försvarets
1326 1647 232 40 organisation
1583 1648 88 32 efter
1694 1652 47 29 ut-

238 1692 132 40 gången
392 1702 41 20 av
453 1703 47 20 nu
522 1692 146 41 löpande
690 1693 245 41 femårsperiod
956 1694 93 38 böra,
1074 1695 194 32 framhåller
1291 1696 383 42 departementschefen,
1699 1700 42 32 de

238 1742 11 30 i
274 1742 257 41 förteckningen
557 1744 54 30 för
634 1744 227 40 pensionerad
885 1746 160 39 personal
1069 1746 12 30 i
1105 1747 339 43 arvodesbefattning
1468 1749 109 33 under
1606 1750 21 31 IL
1630 1750 109 32 —VTI.

238 1792 340 33 militärbefälen
601 1797 172 39 upptagna
794 1795 277 42 befattningarna
1093 1797 54 30 för
1166 1797 217 42 inspektörer
1404 1799 53 31 för
1479 1800 262 34 lokalförsvaret

237 1841 73 33 icke
332 1843 224 33 återbesättas
577 1846 12 30 i
611 1845 65 31 den
696 1848 77 29 mån
796 1847 41 31 de
858 1847 93 32 bliva
971 1848 121 41 lediga.
1125 1849 232 42 Anmärkning
1377 1850 118 32 härom
1515 1851 63 31 har
1598 1851 140 42 intagits

236 1892 12 30 i
272 1893 165 42 förslaget
458 1895 55 31 till
537 1897 383 42 personalförteckning.

290 1945 385 41 Departementschefen
700 1947 62 31 har
787 1948 77 31 med
889 1949 133 41 hänsyn
1048 1950 54 31 till
1128 1950 64 31 vad
1217 1951 68 31 han
1312 1952 112 31 anfört
1451 1952 109 31 under
1585 1953 109 41 punkt
1719 1953 20 31 2

237 1995 178 42 föreslagit
443 1998 50 30 att
520 1997 12 30 i
561 1998 418 43 personalförteckningen
1008 1999 133 43 intages
1171 2012 41 20 en
1241 2002 177 34 föreskrift
1447 2003 126 38 därom,
1603 2006 49 29 att
1681 2004 57 31 vid

236 2046 271 41 uppkommande
535 2047 153 42 ledighet
714 2051 20 29 å
760 2049 194 43 befattning
980 2052 113 30 såsom
1121 2052 525 33 försvarsområdesbefälhavare
1676 2055 62 31 frå-

235 2107 65 30 gan
320 2108 54 20 om
394 2097 77 33 dess
492 2098 274 33 återbesättande
786 2100 86 32 skall
892 2101 228 32 underställas
1139 2102 126 42 Kungl.
1286 2103 119 42 Maj:ts
1424 2105 178 41 prövning.
1632 2105 105 32 Detta

234 2146 107 33 borde
360 2168 42 3 —
419 2149 12 30 i
451 2149 65 31 den
536 2152 78 28 mån
633 2152 37 29 så
687 2150 168 32 befunnes
877 2152 217 42 erforderligt
1111 2172 43 3 —
1172 2153 89 41 gälla
1281 2156 84 29 även
1385 2155 96 41 övrig
1499 2156 159 41 personal
1679 2156 58 32 vid

235 2198 432 34 försvarsområdesstaber.

287 2249 119 32 Under
424 2250 161 32 rubriken
606 2252 292 40 truppförbanden
918 2265 41 19 m.
979 2265 42 20 m.
1043 2254 143 32 föreslås
1207 2255 161 42 följande.

285 2300 77 32 Vad
396 2300 280 35 infanteriets
713 2303 316 42 truppförband
1064 2305 166 32 beträffar
1264 2306 62 31 har
1361 2307 374 41 departementschefen

233 2351 119 32 räknat
368 2353 76 30 med
462 2353 18 30 2
497 2364 68 30 nya
582 2354 375 42 arvodesbefattningar
973 2355 13 31 i
1003 2356 171 31 löneklass
1192 2356 65 32 UO
1271 2358 28 37 7,
1319 2358 216 41 tillsynsmän
1554 2359 58 31 vid
1629 2359 106 32 stabs-

232 2401 431 43 mobiliseringscentraler,
683 2405 149 31 avsedda
851 2406 65 31 den
934 2417 63 21 ena
1017 2407 54 31 för
1089 2407 191 32 Jämtlands
1300 2408 352 43 fältjägarregemente
1672 2410 63 31 och

233 2452 66 32 den
321 2453 105 32 andra
445 2454 54 31 för
519 2455 228 32 Norrbottens
769 2459 201 39 regemente.
