1880 2808
259 149 40 31 62
706 154 263 28 Statsutskottets
992 154 165 28 utlåtande
1180 163 38 19 nr
1245 156 67 28 192.

260 224 53 31 för
333 227 97 30 nästa
452 226 166 41 budgetår
640 228 185 40 uppfördes
848 240 41 20 en
911 229 338 42 arvodesbefattning
1270 230 11 30 i
1303 230 170 31 löneklass
1497 230 50 31 Oa
1561 231 48 37 10,
1632 231 128 31 avsedd

260 274 53 32 för
337 276 350 41 förvaltningsofficer
711 278 57 31 vid
792 278 144 32 berörda
960 279 392 42 mobiliseringscentral.

315 325 98 32 Vissa
440 326 390 42 utbildningsanstalter.
870 330 131 30 Genom
1028 330 114 31 beslut
1170 342 40 19 av
1239 331 80 30 1944
1347 333 53 29 års
1430 331 137 42 riksdag
1594 332 86 32 skall
1708 332 53 31 in-

260 376 229 33 fanteriets
512 379 73 30 och
605 379 281 32 kavalleriets
908 380 271 32 kadettskola
1202 382 169 41 förläggas
1393 382 53 30 till
1467 382 119 31 Rådan
1608 385 19 28 å
1647 383 114 31 Järva-

259 426 105 32 fältet.
399 428 127 32 Skolan
548 441 96 20 avses
665 431 12 30 i
699 430 420 42 förvaltningshänseende
1141 432 96 31 skola
1256 433 226 31 underställas
1505 433 256 32 sekundchefen

260 478 53 32 för
340 478 88 32 Svea
453 479 150 42 livgarde
631 481 63 31 och
721 482 169 40 förläggas
917 482 12 30 i
956 484 48 29 ett
1031 482 204 41 friliggande
1261 483 382 32 kasernetablissement
1668 485 92 31 intill

259 532 225 38 regementets
506 531 159 31 kaserner
687 532 10 30 i
721 531 196 42 Sörentorp.
950 533 274 41 Förläggningen
1245 534 61 32 har
1327 534 180 31 beräknats
1529 534 115 32 kunna
1664 537 96 40 tagas

258 580 13 30 i
294 580 85 31 bruk
404 581 65 31 den
495 583 15 29 1
537 582 142 31 oktober
704 583 88 31 1946.
828 583 120 31 Under
971 583 204 42 hänvisning
1198 584 116 31 härtill
1338 585 62 31 har
1424 585 119 31 chefen
1568 586 53 30 för
1645 588 115 29 armén

259 630 53 31 till
336 630 210 43 behandling
570 633 157 41 upptagit
752 634 117 41 frågan
894 645 54 20 om
972 635 308 40 personalbehovet
1303 635 58 31 vid
1384 635 129 32 skolan.
1550 636 210 33 Personalen

258 681 62 32 har
339 685 96 38 synts
456 683 213 32 arméchefen
690 684 84 31 böra
792 685 174 31 redovisas
988 685 106 31 under
1115 685 87 31 Svea
1223 686 160 41 livgarde.
1416 686 344 43 Civilförvaltningen

260 732 151 32 däremot
426 734 62 30 har
503 737 113 28 ansett
632 735 58 31 det
706 735 196 41 lämpligare
920 747 40 19 ur
975 736 423 42 redovisningssynpunkt,
1415 739 49 29 att
1482 738 65 30 den
1564 738 53 31 för
1632 738 128 32 kadett-

260 783 118 31 skolan
403 784 221 42 erforderliga
648 785 203 41 personalen
875 795 165 32 upptages
1066 787 53 30 för
1142 788 53 41 sig
1219 788 108 31 under
1350 788 146 31 särskild
1520 788 117 32 rubrik
1663 789 63 31 och
1749 789 11 31 i

259 834 236 42 vederbörliga
522 836 413 42 personalförteckningar
963 837 174 33 redovisas
1167 838 108 31 under
1301 839 328 41 samlingsrubriken
1657 840 104 31 Vissa

260 885 388 42 utbildningsanstalter.

311 936 68 31 För
405 947 84 31 egen
515 937 54 31 del
594 938 62 30 har
683 937 372 42 departementschefen
1081 939 144 32 anslutit
1250 940 53 41 sig
1327 940 54 31 till
1408 940 352 43 civilförvaltningens

260 986 128 43 förslag
410 987 215 33 beträffande
651 989 263 41 redovisningen
939 1000 40 20 av
1003 991 203 40 personalen
1231 991 55 31 vid
1312 991 127 31 skolan.

311 1038 155 31 Behovet
486 1050 40 20 av
546 1039 227 41 pensionerad
794 1041 159 39 personal
973 1041 11 30 i
1005 1041 339 42 arvodesbefattning
1363 1042 58 31 vid
1441 1042 239 32 kadettskolan
1699 1044 63 31 har

260 1089 214 31 arméchefen
500 1089 129 41 angivit
655 1089 54 31 till
736 1092 56 29 två
817 1090 231 42 befattningar
1074 1091 11 30 i
1112 1091 171 32 löneklass
1311 1092 65 31 UO
1390 1093 27 37 7,
1447 1093 65 31 den
1539 1105 63 20 ena
1629 1094 54 31 för
1710 1105 50 20 ex-

260 1140 407 40 peditionsunderofficer
695 1141 62 31 och
786 1141 64 31 den
878 1142 105 30 andra
1010 1142 53 30 för
1089 1142 107 31 väbel.
1237 1143 53 30 Då
1318 1143 57 31 det
1403 1144 194 41 föreslagits
1626 1147 48 28 att
1702 1145 59 31 vid

260 1190 119 31 skolan
401 1190 109 32 skulle
531 1191 197 38 tillkomma,
751 1194 118 29 utöver
891 1193 40 30 de
953 1204 45 20 nu
1020 1193 146 31 nämnda
1186 1193 284 42 befattningarna,
1493 1197 85 29 även
1599 1197 49 29 ett
1669 1195 92 42 bety-

261 1241 109 31 dande
398 1242 91 30 antal
520 1244 92 29 extra
641 1242 170 31 ordinarie
840 1243 144 41 tjänster
1012 1243 61 31 och
1102 1244 42 30 då
1174 1244 56 31 det
1259 1246 96 39 synts
1385 1245 376 41 departementschefen

259 1291 171 42 vanskligt
462 1295 50 29 att
542 1292 144 32 bedöma
720 1294 306 40 personalbehovet
1058 1294 57 31 vid
1149 1295 111 31 denna
1292 1296 134 37 anstalt,
1460 1296 60 31 har
1552 1297 67 31 han
1654 1297 66 31 den
1741 1298 20 31 4

260 1342 149 32 februari
436 1344 80 31 1946
542 1344 185 41 uppdragit
752 1346 32 29 åt
810 1347 129 29 statens
966 1345 378 41 organisationsnämnd
1369 1349 49 29 att
1443 1347 183 33 verkställa
1651 1349 110 31 utred-

260 1393 83 43 ning
357 1395 11 30 i
385 1396 120 29 ämnet.
533 1395 18 30 I
567 1397 124 29 väntan
708 1397 44 39 på
768 1396 110 30 denna
893 1396 183 42 utredning
1090 1396 62 31 har
1167 1397 77 37 han,
1261 1397 63 31 vad
1343 1398 40 30 de
1400 1398 256 41 ifrågavarande
1672 1399 90 31 båda

260 1444 189 41 tjänsterna
470 1444 174 39 beträffar,
670 1445 151 32 förordat
845 1449 50 28 att
918 1447 120 31 endast
1061 1447 150 40 tjänsten
1235 1448 53 30 för
1313 1449 449 40 expeditionsunderofficer

260 1495 151 32 inrättas.

312 1596 421 42 Avlöningskostnaderna
758 1598 53 31 för
834 1599 71 31 helt
929 1598 166 42 budgetår
1120 1600 54 31 för
1198 1600 65 31 den
1288 1600 11 31 i
1325 1600 164 42 förslaget
1512 1601 54 31 till
1591 1602 171 41 personal-

261 1646 214 43 förteckning
493 1650 173 39 upptagna
685 1649 202 40 personalen
907 1650 11 30 i
938 1649 339 43 arvodesbefattning
1295 1650 61 31 har
1374 1651 180 31 beräknats
1576 1654 113 39 uppgå
1707 1653 54 31 till

261 1697 11 30 i
295 1701 79 28 runt
396 1699 47 30 tal
465 1698 92 31 5900
570 1699 60 31 000
654 1699 134 38 kronor,
812 1700 77 30 med
912 1700 106 34 vilket
1038 1700 128 42 belopp
1188 1701 256 41 ifrågavarande
1468 1702 218 42 anslagspost
1708 1715 53 20 an-

262 1750 84 30 setts
367 1748 85 32 böra
470 1751 166 39 upptagas
657 1750 55 30 för
731 1752 98 29 nästa
847 1750 168 41 budgetår
1038 1751 58 40 (nu
1116 1751 19 31 5
1149 1751 60 31 850
1222 1751 62 32 000
1302 1752 151 41 kronor).

313 1799 52 31 De
392 1800 285 40 pensionsmedel,
707 1811 72 20 som
806 1801 375 32 arvodesinnehavarna
1207 1802 45 31 ha
1277 1805 49 29 att
1353 1806 96 29 avstå
1475 1804 62 31 och
1565 1816 73 20 som
1665 1805 97 32 skola

262 1851 165 40 upptagas
452 1852 113 29 såsom
592 1850 169 31 särskilda
786 1851 286 41 uppbördsmedel
1099 1854 19 29 å
1144 1852 301 42 avlöningsstaten,
1472 1854 87 32 hava
1584 1855 54 31 för
1664 1858 99 29 nästa

260 1900 166 41 budgetår
447 1900 181 32 beräknats
651 1900 55 31 till
728 1899 92 33 4400
833 1902 60 30 000
915 1901 133 32 kronor.

406 2029 29 30 3.
480 2029 135 30 Arvoden
640 2029 58 31 och
723 2029 151 31 särskilda
897 2030 217 38 ersättningar,
1140 2031 160 31 bestämda
1324 2039 35 23 av
1384 2032 103 38 Kungl.
1513 2033 94 38 Maj:t.

315 2087 90 31 Från
430 2087 258 42 ifrågavarande
715 2087 217 42 anslagspost
958 2088 96 32 skola
1081 2088 106 42 enligt
1215 2089 41 31 de
1284 2101 40 20 av
1352 2090 81 32 1945
1460 2092 53 30 års
1542 2091 139 42 riksdag
1707 2092 54 32 be-

263 2137 133 32 slutade
420 2137 148 32 ändrade
591 2137 193 42 grunderna
807 2138 53 31 för
882 2138 279 42 uppställningen
1185 2150 41 20 av
1249 2140 110 41 fjärde
1382 2140 237 34 huvudtitelns
1643 2143 119 42 anslag

263 2187 169 32 bestridas
458 2188 230 31 kostnaderna
714 2188 54 31 för
794 2188 73 32 dels
893 2189 149 32 arvoden
1069 2190 63 31 och
1159 2190 117 41 övriga
1303 2191 227 41 ersättningar
1556 2194 121 30 utöver
1703 2193 58 32 lön

258 2237 55 31 till
336 2238 169 31 ordinarie
528 2238 217 41 tjänstemän,
770 2239 73 31 dels
867 2239 61 31 ock
952 2240 92 31 vissa
1066 2240 104 31 andra
1194 2241 148 31 arvoden
1367 2242 62 31 och
1453 2242 168 32 särskilda
1647 2245 117 30 ersätt-

263 2288 129 41 ningar.

562 2355 125 28 Arvoden
709 2356 94 28 utöver
822 2356 42 27 lön
884 2357 41 26 till
947 2357 100 27 militär
1067 2358 48 26 och
1136 2357 170 28 civilmilitär
1326 2360 140 32 personal.

316 2407 52 31 De
390 2407 157 38 arvoden,
570 2418 73 21 som
664 2408 55 31 för
739 2408 227 32 innevarande
987 2409 168 41 budgetår
1175 2412 55 29 må
1251 2412 81 39 utgå
1353 2410 55 32 till
1430 2410 170 34 ordinarie
1623 2411 139 42 tjänste-

264 2459 86 36 män,
374 2458 58 30 äro
455 2458 171 41 uppförda
647 2459 13 30 i
684 2469 42 21 en
750 2458 54 32 till
827 2458 126 42 Kungl.
978 2459 118 42 Maj:ts
1119 2460 83 32 brev
1227 2460 65 32 den
1318 2461 39 31 15
1381 2461 75 41 juni
1481 2461 81 32 1945
1586 2461 176 42 angående
