1882 2808
262 154 60 31 130
720 158 263 30 Statsutskottets
1006 160 166 29 utlåtande
1193 169 39 20 nr
1257 161 69 29 192.

259 230 192 32 ändamålet
468 231 194 31 överskrida
678 231 190 42 respektive
885 232 119 42 anslag
1020 233 76 31 med
1112 233 100 41 högst
1228 233 134 42 belopp,
1381 235 236 31 motsvarande
1634 235 122 32 sådant

258 280 127 42 tillägg.

311 331 67 31 För
397 332 226 41 provisoriskt
645 333 200 42 lönetillägg
865 333 53 31 till
938 333 335 43 befattningshavare
1294 335 77 31 med
1391 336 161 41 avlöning
1573 337 74 30 från
1668 337 87 31 avlö-

258 381 222 43 ningsanslag
498 383 60 31 har
578 384 52 30 för
650 385 98 30 nästa
767 384 166 41 budgetår
952 384 180 32 beräknats
1154 388 47 28 ett
1222 386 267 42 förslagsanslag
1507 398 41 20 av
1568 387 40 30 24
1619 387 62 31 000
1693 388 61 31 000

257 432 132 38 kronor,
413 433 120 32 därvid
556 434 188 37 förutsatts,
768 437 49 29 att
838 435 228 31 kostnaderna
1088 436 53 30 för
1162 436 210 41 provisorisk
1394 437 286 42 löneförbättring
1700 438 54 31 till

258 483 157 40 personal
432 484 78 31 med
525 484 158 42 avlöning
699 486 75 30 från
789 485 336 42 avvecklingsanslag
1140 486 109 32 skulle
1264 486 170 32 bestridas
1452 489 74 30 från
1543 487 211 33 sistnämnda

258 533 125 42 anslag.
419 534 165 32 Häremot
606 535 61 31 har
688 535 168 32 utskottet
877 536 72 31 icke
973 537 114 32 funnit
1108 538 102 40 något
1231 548 80 20 vara
1332 539 49 29 att
1404 538 119 31 erinra.

309 583 227 44 Åberopande
563 587 57 31 det
646 588 142 31 anförda
814 588 51 31 får
893 588 167 32 utskottet
1086 588 188 39 hemställa,

549 664 48 30 att
622 662 181 41 riksdagen
828 665 53 30 må

549 711 30 41 a)
607 711 53 31 till
687 712 229 32 Provisoriskt
944 713 198 42 lönetillägg
1168 714 53 31 för
1245 714 201 42 budgetåret
1474 715 133 31 1946/47
1636 715 117 31 anvisa

508 764 49 30 ett
582 762 265 42 förslagsanslag
872 774 40 20 av
938 764 114 31 24000
1065 764 60 31 000
1151 764 132 38 kronor,

549 812 33 41 b)
610 812 143 40 besluta,
788 816 50 29 att
871 814 108 31 under
1012 814 200 32 riksstatens
1236 815 108 41 fjärde
1367 816 194 31 huvudtitel
1584 816 170 41 uppförda

507 863 117 41 anslag
649 863 53 31 till
729 863 219 43 anskaffning
974 864 84 32 eller
1083 865 177 32 underhåll
1286 877 40 20 av
1352 866 153 32 materiel
1531 878 41 19 m.
1599 878 52 26 m.,
1677 867 76 31 från

507 913 89 32 vilka
614 914 364 41 avlöningskostnader
997 917 80 39 utgå
1094 915 54 32 till
1166 915 344 42 befattningshavare,
1531 927 73 21 som
1623 919 57 29 äro
1699 916 54 32 be-

507 964 165 41 rättigade
693 964 55 32 till
769 965 226 41 provisoriskt
1015 965 207 42 lönetillägg,
1245 966 95 32 skola
1360 977 80 21 vara
1461 967 149 31 avsedda
1629 967 123 41 jämväl

507 1015 54 31 för
581 1014 109 42 dylikt
711 1015 128 42 tillägg,

548 1065 28 41 c)
603 1065 206 42 bemyndiga
827 1066 125 41 Kungl.
974 1066 101 41 Maj:t
1094 1069 50 29 att
1162 1068 11 30 i
1193 1067 149 41 enlighet
1362 1068 76 30 med
1459 1067 64 32 vad
1543 1068 11 30 i
1574 1067 178 32 statsråds-

506 1116 205 41 protokollet
734 1117 81 30 över
836 1117 299 31 försvarsärenden
1159 1118 53 30 för
1234 1117 65 32 den
1324 1119 15 29 1
1364 1129 89 20 mars
1478 1118 80 31 1946
1581 1118 170 31 förordats

506 1166 153 42 medgiva
680 1167 264 31 överskridande
964 1167 109 32 under
1091 1167 203 42 budgetåret
1314 1168 134 31 1946/47
1470 1179 40 20 av
1530 1179 121 30 genom
1672 1168 78 31 riks-

506 1217 125 41 dagens
655 1217 116 32 beslut
794 1217 224 32 maximerade
1042 1218 126 41 anslag,
1193 1229 72 20 som
1289 1230 81 30 nyss
1396 1221 102 39 sagts.

307 1275 198 32 Stockholm
531 1277 64 31 den
622 1278 36 30 11
684 1277 76 41 juni
787 1278 88 31 1946.

749 1361 48 31 På
821 1361 272 32 statsutskottets
1117 1364 134 39 vägnar:

798 1437 31 32 J.
853 1437 38 32 B.
916 1438 290 32 JOHANSSON.

307 1600 61 29 Vid
393 1600 202 28 förestående
619 1601 133 27 ärendes
777 1601 261 37 slutbehandling
1061 1602 85 27 inom
1172 1602 157 28 utskottet
1352 1602 83 28 hava
1458 1603 145 27 närvarit

307 1650 72 28 från
402 1651 131 28 första
555 1651 194 28 kammaren:
774 1651 108 28 herrar
905 1652 105 28 Johan
1033 1652 164 28 Bernhard
1220 1653 189 34 Johansson,
1433 1653 102 34 Pauli,
1558 1653 191 35 Lindström,

256 1691 153 35 Gränebo,
439 1692 140 35 Andrén,
608 1693 78 29 Karl
714 1693 193 35 Andersson,
935 1693 150 37 Heiding,
1114 1694 130 35 Boman,
1273 1695 192 34 Ekströmer,
1495 1696 168 28 Petersson
1691 1696 58 28 och

253 1733 187 29 Hesselbom
462 1738 84 25 samt

305 1792 71 29 från
396 1794 126 28 andra
540 1794 195 28 kammaren:
757 1794 110 28 herrar
885 1795 182 36 Törnkvist,
1087 1795 152 29 Eriksson
1258 1796 10 27 i
1288 1796 192 34 Stockholm,
1505 1797 104 34 Ward,
1629 1797 119 29 Rubbe-

253 1834 82 34 stad,
360 1835 212 35 Mårtensson,
597 1836 177 34 Lindholm,
800 1837 102 35 Sefve,
927 1838 123 27 Boman
1074 1838 9 27 i
1109 1838 128 36 Kieryd,
1262 1839 155 35 Thapper,
1445 1839 108 36 Onsjö,
1579 1840 137 27 Persson
1739 1840 10 26 i

254 1877 138 37 Vinberg
414 1878 59 27 och
497 1878 102 28 Birke.

861 1968 289 38 Reservationer:

305 2025 57 31 vid
399 2026 153 39 punkten
591 2027 71 39 2:o)
706 2025 152 41 (Ändrad
886 2026 324 32 militärterritoriell
1239 2027 188 42 indelning)
1461 2039 40 20 av
1530 2028 78 31 herr
1634 2030 112 30 Johan

251 2075 177 32 Bernhard
454 2076 210 40 Johansson;

305 2142 55 31 vid
380 2143 154 40 punkten
552 2144 71 40 3:0)
648 2144 64 40 (De
733 2144 244 42 värnpliktigas
998 2145 228 42 tjänstgöring
1245 2146 107 31 under
1371 2146 202 42 budgetåret
1594 2147 147 41 1946/47)

250 2203 41 20 av
310 2192 78 32 herr
410 2193 121 40 Onsjö;

303 2259 56 31 vid
380 2260 152 40 punkten
555 2262 91 39 29:0)
674 2261 301 41 (Sjökarteverket:
1000 2262 219 42 Avlöningar)
1247 2274 40 20 av
1308 2264 78 31 herr
1408 2265 166 32 Eriksson
1597 2264 11 31 i
1632 2264 114 32 Stock-

249 2309 100 32 holm.

692 2475 130 18 Stockholm
837 2475 58 19 1946.
917 2476 27 18 K.
959 2476 24 19 L.
998 2476 127 19 Beckmans
1137 2477 158 23 Boktryckeri.
