1886 2790
62 931 129 24 Utskottet.

239 139 17 29 bo

671 146 304 30 Bankoutskottets
1000 146 177 31 utlåtande
1200 157 41 20 nr
1268 149 47 28 2/7.

284 227 13 29 I
319 237 43 20 en
386 228 66 29 den
475 228 39 29 27
539 228 137 36 januari
701 230 83 29 1944
808 230 216 36 dagtecknad
1050 230 101 30 skrift
1177 231 117 30 anhöll
1317 231 150 31 änkefru
1492 232 165 31 Karlsson
1680 233 63 31 hos

240 277 120 36 Kungl.
384 277 103 36 Maj:t
504 287 57 21 om
580 279 155 35 pension.

281 328 199 30 Försvarets
504 327 288 40 civilförvaltning
815 330 165 30 framhöll
1003 330 10 30 i
1035 331 147 31 häröver
1204 332 133 35 avgivet
1359 331 178 32 utlåtande
1558 333 45 31 bl.
1627 343 40 25 a.,
1694 336 48 28 att

240 378 147 30 änkefru
416 378 164 30 Karlsson
607 378 131 38 åtnjöte
765 380 44 30 fri
836 381 123 30 bostad
987 380 11 30 i
1027 390 41 20 en
1099 391 42 20 av
1170 382 195 30 stärbhuset
1393 384 66 34 ägd
1487 382 254 37 villafastighet,

239 431 88 27 samt
347 428 148 31 anförde
518 429 125 36 vidare,
666 433 48 28 att
738 431 79 29 med
839 431 137 36 hänsyn
997 431 51 29 till
1071 432 173 30 storleken
1265 441 42 21 av
1330 433 97 30 boets
1452 432 198 37 behållning
1676 435 66 29 och

237 478 10 29 i
270 479 228 30 betraktande
520 490 42 20 av
587 483 47 27 att
658 490 106 21 sonen
786 481 153 31 befunne
963 481 48 36 sig
1033 482 10 29 i
1069 482 135 30 relativt
1226 483 89 35 goda
1340 483 227 30 ekonomiska
1591 485 150 28 omstän-

239 528 152 37 digheter
417 530 251 30 ämbetsverket
695 530 126 37 ansåge
847 531 50 37 sig
924 532 76 30 icke
1027 532 120 30 kunna
1176 532 170 37 tillstyrka
1375 534 67 29 den
1467 533 122 36 gjorda
1617 535 123 29 ansök-

238 579 134 36 ningen.

281 629 250 32 Statskontoret
550 630 199 32 förklarade
766 632 50 37 sig
834 633 80 29 med
933 632 136 37 hänsyn
1088 633 51 30 till
1160 633 67 30 vad
1245 632 186 32 försvarets
1451 634 290 36 civilförvaltning

237 682 103 33 yttrat
359 679 171 38 svårligen
548 682 119 32 kunna
687 682 56 30 för
763 682 56 30 det
838 681 197 32 dåvarande
1053 683 171 36 tillstyrka
1242 683 98 31 bifall
1359 683 51 31 till
1431 684 309 37 framställningen.

282 730 129 30 Genom
437 731 112 30 beslut
571 732 67 30 den
660 733 19 29 9
704 732 75 36 juni
806 733 85 29 1944
912 734 161 29 lämnade
1097 733 124 37 Kungl.
1246 734 111 37 Maj:t,
1384 744 74 20 som
1481 734 56 31 för
1560 735 55 30 det
1638 734 102 31 dåva-

237 780 105 31 rande
363 781 77 30 icke
459 781 86 30 fann
566 783 74 29 skäl
660 782 128 37 bevilja
810 783 149 30 änkefru
980 783 163 31 Karlsson
1164 783 100 37 årligt
1283 784 198 36 understöd,
1503 785 239 37 ansökningen

237 834 82 27 utan
339 831 109 31 bifall.

282 931 113 36 Enligt
417 932 181 30 utskottets
623 932 139 38 mening
784 934 60 29 äro
869 933 148 30 änkefru
1043 934 181 30 Karlssons
1248 935 226 31 ekonomiska
1498 934 244 31 förhållanden

237 980 77 31 icke
336 981 141 37 sådana,
501 985 48 28 att
575 983 41 30 de
639 983 11 29 i
674 984 64 29 och
762 983 55 31 för
842 984 50 36 sig
917 984 84 30 böra
1024 985 158 37 utesluta,
1207 988 49 27 att
1278 985 146 36 pension
1447 985 144 36 beviljas
1617 986 123 31 henne.

243 1032 169 31 Utskottet
434 1033 60 30 vill
517 1033 54 30 för
591 1034 53 29 sin
666 1034 53 30 del
741 1034 181 36 tillstyrka,
945 1039 49 26 att
1014 1035 148 30 änkefru
1185 1035 173 36 Karlsson,
1382 1036 116 30 vilken
1518 1037 51 29 till
1590 1036 90 36 följd
1700 1046 42 21 av

240 1083 163 36 sjukdom
425 1085 40 29 är
482 1084 201 36 oförmögen
703 1085 50 29 till
772 1085 284 36 förvärvsarbete,
1078 1095 43 21 av
1142 1087 196 29 statsmedel
1358 1087 221 30 tillerkännes
1600 1097 42 20 en
1660 1097 81 26 pen-

242 1134 74 30 sion
340 1135 111 30 under
470 1135 55 30 sin
547 1134 214 32 återstående
783 1136 125 37 livstid,
934 1136 38 31 så
994 1137 99 35 länge
1115 1137 72 29 hon
1210 1137 122 29 förblir
1355 1138 102 30 änka.
1482 1138 79 29 Med
1580 1137 161 37 utgångs-

239 1186 111 35 punkt
376 1185 80 31 från
484 1187 170 29 storleken
682 1196 42 20 av
751 1187 66 30 den
845 1187 165 30 Karlsson
1037 1187 172 36 beviljade
1235 1188 348 36 riksdagspensionen
1609 1188 55 31 får
1690 1192 50 26 ut-

239 1237 124 29 skottet
383 1236 137 36 föreslå,
541 1241 48 26 att
608 1237 325 37 pensionsbeloppet
951 1238 56 30 för
1028 1238 149 30 änkefru
1197 1238 163 31 Karlsson
1379 1239 207 30 bestämmes
1606 1240 51 29 till
1677 1239 63 30 444

240 1287 128 30 kronor
386 1287 57 30 för
462 1287 48 31 år.

280 1338 171 30 Utskottet
471 1339 197 31 hemställer
687 1338 101 38 förty,

587 1408 49 27 att
656 1405 193 37 riksdagen,
870 1405 11 31 i
900 1405 186 39 anledning
1104 1416 42 21 av
1168 1406 228 31 förevarande
1415 1407 133 30 motion
1567 1407 28 31 I:
1613 1408 48 37 18,
1683 1407 57 31 må

543 1456 167 37 medgiva,
733 1459 49 28 att
800 1456 94 31 förre
913 1457 252 36 skogvaktaren
1185 1457 90 30 Emil
1295 1457 160 37 Hjalmar
1477 1458 130 30 Rudolf
1626 1458 113 30 Karls-

544 1515 80 22 sons
646 1507 94 30 änka
761 1506 137 32 Teresia
924 1506 123 31 Cecilia
1071 1507 174 37 Karlsson,
1272 1507 86 31 född
1381 1508 174 36 Karlsson,
1579 1507 58 31 må
1660 1507 81 31 från

543 1558 64 29 och
627 1558 79 29 med
725 1558 66 30 den
815 1559 14 28 1
853 1558 137 36 januari
1014 1558 82 30 1945
1116 1559 112 29 under
1247 1558 53 30 sin
1321 1557 217 32 återstående
1557 1558 124 36 livstid,
1703 1558 37 31 så

543 1607 100 36 länge
667 1607 72 30 hon
765 1607 124 31 förblir
913 1608 102 36 änka,
1040 1606 81 32 från
1145 1608 154 36 anslaget
1323 1608 50 30 till
1402 1608 132 31 diverse
1557 1608 184 37 pensioner

548 1659 64 29 och
629 1658 188 30 understöd
835 1667 44 21 m.
899 1668 44 21 m.
962 1658 157 36 uppbära
1137 1668 43 21 en
1197 1658 85 37 årlig
1297 1658 146 36 pension
1461 1668 42 21 av
1520 1659 63 29 444
1599 1659 139 30 kronor.

949 1759 67 30 2:0.

277 1823 108 31 Förre
403 1823 323 31 musikdirektören
743 1824 121 31 Victor
883 1824 142 31 Alberto
1044 1824 149 31 Fredrik
1210 1825 152 31 Brandts
1383 1824 199 32 frånskilda
1602 1826 137 30 hustru.

234 1874 14 30 I
266 1874 223 36 likalydande
506 1874 215 32 motionerna
739 1875 28 30 I:
783 1876 62 29 185
864 1876 66 30 och
950 1875 44 30 II:
1009 1876 72 36 290,
1103 1876 124 31 väckta
1248 1877 65 29 den
1333 1876 95 31 förra
1447 1886 43 21 av
1508 1877 81 30 herr
1605 1876 134 31 Boman

233 1926 66 30 och
320 1925 67 32 den
411 1934 121 22 senare
555 1935 42 21 av
620 1925 57 31 fru
701 1925 196 40 Gustafson,
921 1926 206 36 hemställes,
1156 1930 68 26 »att
1245 1926 185 37 riksdagen
1452 1926 58 31 må
1533 1927 133 31 besluta
1690 1930 49 27 att

235 1975 49 31 till
312 1975 58 31 fru
396 1975 119 32 Hilma
541 1976 129 30 Brandt
697 1976 168 30 utbetalas
892 1977 145 35 pension
1063 1986 42 22 ur
1131 1977 139 30 arméns
1298 1978 103 29 änke-
1431 1978 65 29 och
1523 1977 216 36 pupillkassa

234 2025 86 31 efter
339 2026 42 31 de
397 2026 154 36 grunder
570 2026 184 37 riksdagen
772 2026 115 31 finner
909 2026 163 37 skäliga».

276 2118 49 30 Av
344 2118 254 37 handlingarna
618 2119 184 36 inhämtas,

277 2171 49 27 att
345 2168 133 31 Brandt
498 2179 61 20 var
578 2169 84 31 född
685 2168 40 31 år
748 2170 83 29 1878
852 2170 66 29 och
940 2169 98 31 avled
1061 2168 39 32 år
1122 2170 97 35 1940;

277 2221 48 28 att
341 2219 71 31 han
431 2218 39 32 år
490 2220 83 30 1900
592 2219 114 37 ingick
725 2220 192 36 äktenskap
939 2220 80 30 med
1038 2219 117 31 Hilma
1175 2220 108 32 Maria
1303 2220 166 31 Fredrika
1490 2221 110 38 Pegel,
1622 2220 116 30 vilken

232 2270 39 29 är
292 2268 84 32 född
396 2270 68 31 den
488 2270 39 30 13
548 2269 138 37 januari
709 2270 96 36 1877;

278 2323 88 26 samt
390 2323 49 27 att
466 2321 185 29 makarnas
679 2320 192 37 äktenskap
898 2321 67 29 den
989 2321 41 29 22
1057 2320 64 37 juli
1151 2321 83 30 1935
1259 2321 176 36 upplöstes
1460 2329 124 29 genom
1610 2320 81 31 dom
1717 2320 20 31 å

233 2370 371 36 äktenskapsskillnad.

275 2446 14 29 I
309 2455 42 20 en
372 2446 68 31 den
460 2447 42 29 20
520 2446 152 30 februari
696 2447 82 29 1942
801 2446 215 36 dagtecknad
1037 2446 101 30 skrift
1159 2447 117 30 anhöll
1296 2446 57 31 fru
1376 2447 131 30 Brandt
1527 2447 63 31 hos
1612 2447 123 35 Kungl.

232 2496 99 36 Maj:t
352 2499 48 27 att
424 2505 44 22 av
490 2496 69 31 nåd
580 2496 129 32 erhålla
731 2496 235 36 änkepension
989 2506 41 20 ur
1053 2497 136 31 arméns
1211 2498 102 29 änke-
1337 2498 65 30 och
1425 2498 225 36 pupillkassa.
