1882 2838
125 1915 149 29 Utskottet.

315 154 40 30 12
767 158 277 27 Bankoutskottets
1064 158 157 27 utlåtande
1240 159 44 28 Nr
1301 159 48 29 37.

361 236 222 31 Direktionen
603 238 79 29 över
701 236 145 38 flottans
864 238 268 38 pensionskassa
1151 239 63 30 har
1233 238 127 36 anfört,
1380 239 106 30 bland
1506 243 117 32 annat,
1642 243 58 33 att,
1721 243 84 29 enär

315 290 230 30 Wahlströms
567 290 176 38 tjänstetid
764 290 116 31 såsom
901 290 161 31 båtsman
1084 291 74 31 icke
1179 292 172 39 uppginge
1373 292 50 30 till
1446 293 37 30 15
1504 292 49 37 år,
1575 293 71 30 han
1666 293 137 31 författ-

315 343 205 39 ningsenligt
540 343 76 31 icke
636 353 80 21 vore
735 344 194 39 berättigad
948 344 50 30 till
1016 344 337 40 båtsmanspension.
1385 345 42 39 Ej
1449 346 106 30 heller
1577 345 114 32 såsom
1711 347 92 30 artil-

315 396 94 31 lerist
424 397 56 30 vid
500 397 211 30 Karlskrona
729 397 206 30 artillerikår
953 399 117 29 kunde
1088 399 71 29 han
1177 398 145 31 tilldelas
1342 399 151 39 pension,
1514 398 44 32 då
1576 399 122 31 härför
1714 400 90 30 hade

315 449 198 37 erfordrats,
540 453 50 27 att
614 451 70 29 han
710 450 113 39 tjänat
847 451 135 30 kronan
1009 452 40 30 20
1077 451 38 30 år
1140 451 79 31 från
1244 453 40 29 20
1311 451 57 31 års
1394 451 103 31 ålder.
1537 452 54 31 Då
1616 453 189 31 emellertid

315 503 230 30 Wahlströms
571 504 264 39 sammanlagda
861 504 175 39 tjänstetid
1061 504 158 39 utgjorde
1244 507 81 28 över
1354 506 37 29 15
1417 505 38 30 år
1479 506 65 30 och
1570 507 87 29 hans
1683 506 122 39 tjänst-

315 555 121 40 göring
456 555 84 32 efter
563 556 178 40 avgången
764 556 116 31 såsom
900 557 161 31 båtsman
1085 559 56 29 väl
1161 559 95 30 torde
1277 560 121 29 kunna
1420 558 169 40 jämföras
1612 560 79 30 med
1711 559 92 31 båts-

314 609 218 39 manstjänst,
557 610 183 39 tillstyrkte
763 610 224 36 direktionen,
1014 614 51 27 att
1089 612 223 35 Wahlström,
1337 612 130 39 jämväl
1491 613 80 30 med
1593 613 137 39 hänsyn
1754 613 51 30 till

313 663 131 30 honom
469 663 202 30 meddelade
697 664 88 39 goda
810 664 138 36 vitsord,
975 665 88 30 hans
1090 674 42 20 av
1158 665 216 30 motionären
1399 665 195 31 vitsordade
1619 666 184 39 fattigdom

313 719 91 27 samt
424 726 41 20 av
486 716 203 40 läkarbetyg
710 718 144 38 styrkta,
878 727 42 20 av
940 717 87 31 flera
1047 718 92 30 olika
1163 718 204 39 sjukdomar
1388 719 169 30 orsakade
1578 719 225 40 fullständiga

313 768 181 40 oförmåga
517 769 51 31 till
591 771 125 34 arbete,
741 769 108 32 måtte
871 770 145 31 tilldelas
1042 771 144 39 pension
1210 779 124 31 genom
1358 772 141 30 flottans
1525 772 277 39 pensionskassa,

313 821 117 31 såsom
452 832 57 21 om
532 823 73 30 han
630 823 152 39 uppfyllt
806 823 55 31 för
886 823 342 40 båtsmanspensions
1254 824 200 31 erhållande
1479 826 165 38 stadgade
1668 826 134 34 villkor,

313 875 116 32 vilken
449 876 144 39 pension
615 880 114 35 syntes
750 877 156 39 skäligen
925 878 84 30 böra
1031 877 84 40 utgå
1133 878 80 30 från
1232 879 66 29 och
1320 879 79 30 med
1421 879 65 30 den
1510 880 14 29 1
1547 879 138 38 januari
1709 880 93 29 1934.

313 928 15 30 I
347 929 163 30 händelse
528 939 43 21 av
590 929 98 31 bifall
704 930 118 30 härtill
840 931 109 30 skulle
967 932 215 29 Wahlström
1200 931 132 31 erhålla
1350 932 10 29 i
1377 931 84 40 årlig
1479 933 145 38 pension
1644 933 62 29 200
1725 933 77 29 kro-

315 991 64 21 nor
399 983 64 30 och
481 983 281 40 pensionstillägg
781 984 42 30 50
844 985 137 35 kronor,
1002 985 81 30 eller
1104 985 143 39 tillhopa
1268 986 63 29 250
1353 986 137 30 kronor.

359 1035 368 40 Marinförvaltningen
749 1037 65 30 har
837 1037 117 30 biträtt
976 1038 233 30 direktionens
1232 1038 139 39 förslag.

359 1098 252 30 Statskontoret
629 1099 63 30 har
711 1099 118 30 anfört
847 1099 168 39 följande:

355 1150 50 30 Av
422 1150 255 40 handlingarna
694 1151 204 39 framginge,
918 1155 48 27 att
982 1152 172 30 Svensson
1173 1153 214 30 Wahlström
1405 1153 115 30 kunde
1538 1154 110 29 räkna
1668 1153 50 39 sig
1735 1152 65 30 till-

314 1204 89 39 godo
421 1205 144 30 allenast
584 1205 104 40 något
706 1207 81 29 över
806 1207 17 28 7
844 1206 38 30 år
901 1205 114 32 såsom
1032 1206 163 31 båtsman
1213 1208 65 29 och
1299 1209 19 28 8
1337 1207 38 30 år
1392 1208 10 29 i
1421 1209 173 38 egenskap
1612 1217 43 21 av
1673 1208 131 30 värvad

313 1257 58 31 vid
389 1258 212 31 Karlskrona
619 1259 215 36 artillerikår,
853 1263 89 27 samt
959 1263 49 27 att
1024 1261 72 30 han
1114 1261 56 30 vid
1187 1261 130 30 avsked
1335 1260 79 31 från
1431 1261 215 30 sistnämnda
1663 1262 140 29 anställ-

313 1310 84 40 ning
418 1311 66 30 den
504 1312 42 30 30
568 1312 88 39 april
681 1313 80 30 1897
785 1312 149 40 uppnått
955 1323 43 21 en
1018 1313 98 31 ålder
1135 1323 42 21 av
1200 1314 146 30 allenast
1368 1315 40 29 34
1430 1313 47 32 år.
1513 1314 68 30 För
1603 1314 201 31 erhållande

312 1373 45 21 av
380 1364 142 39 pension
547 1364 115 31 såsom
686 1365 163 31 båtsman
872 1366 218 31 erfordrades
1113 1366 137 39 jämlikt
1272 1367 113 31 beslut
1409 1377 41 21 av
1477 1368 81 30 1931
1584 1367 56 31 års
1663 1367 141 40 riksdag

318 1416 315 40 (bankoutskottets
653 1418 179 32 utlåtande
852 1429 41 21 nr
918 1419 48 40 10)
993 1429 43 21 en
1057 1420 177 39 tjänstetid
1255 1430 43 21 av
1319 1421 105 30 minst
1447 1422 38 29 15
1507 1420 40 31 år
1567 1422 65 29 och
1651 1430 43 21 en
1715 1430 87 30 upp-

312 1469 96 32 nådd
425 1471 239 32 levnadsålder
683 1482 41 20 av
743 1473 42 30 55
804 1472 49 31 år.
884 1473 115 40 Enligt
1016 1474 307 30 bestämmelserna
1342 1474 10 30 i
1370 1475 116 38 kungl.
1506 1475 84 29 brev
1608 1475 66 29 den
1692 1475 20 30 6
1729 1474 73 39 maj

314 1524 83 30 1881
416 1525 116 30 kunde
549 1525 52 30 till
617 1527 120 29 värvat
754 1527 173 38 manskap
943 1526 82 40 utgå
1041 1527 244 30 motsvarande
1304 1526 139 31 förmån
1461 1527 87 31 efter
1565 1537 43 21 en
1625 1527 179 39 tjänstetid

312 1585 44 22 av
378 1577 105 30 minst
504 1578 42 30 20
568 1576 39 32 år
628 1578 64 30 och
715 1587 42 21 en
781 1577 239 32 levnadsålder
1043 1588 44 21 av
1110 1580 41 29 40
1174 1578 46 32 år.
1245 1579 52 30 Då
1321 1578 171 31 Svensson
1515 1578 214 32 Wahlström
1751 1578 52 31 så-

311 1630 108 32 lunda
440 1631 73 31 icke
533 1632 172 31 innehade
726 1633 55 31 för
803 1632 199 32 erhållande
1023 1644 43 20 av
1088 1634 142 39 pension
1251 1633 116 31 såsom
1388 1633 161 32 båtsman
1571 1635 80 30 eller
1671 1635 132 30 värvad

311 1684 173 31 artillerist
505 1685 218 40 erforderligt
748 1687 97 30 antal
868 1686 166 39 tjänsteår
1060 1691 89 27 samt
1174 1688 176 30 dessutom
1374 1686 115 40 avgått
1513 1687 81 31 från
1619 1688 52 30 sin
1695 1688 108 38 tjänst

311 1736 97 41 långt
429 1738 73 31 före
522 1739 296 39 pensionsåldern,
842 1740 125 40 ansåge
990 1741 49 39 sig
1061 1741 255 35 statskontoret,
1342 1742 78 29 med
1441 1742 138 38 hänsyn
1601 1741 130 39 jämväl
1752 1741 50 30 till

311 1791 314 37 konsekvenserna,
645 1793 73 30 icke
736 1794 123 30 kunna
875 1793 169 40 tillstyrka
1062 1794 100 31 bifall
1178 1794 49 30 till
1244 1794 234 40 föreliggande
1496 1795 142 30 motion.

357 1915 93 31 Enär
475 1916 172 31 Svensson
673 1917 215 30 Wahlström
915 1917 63 30 har
1006 1927 42 21 en
1078 1918 241 38 sammanlagd
1345 1917 278 39 anställningstid
1651 1926 43 22 av
1721 1917 82 30 över

316 1971 38 30 15
373 1970 39 31 år
427 1970 114 31 såsom
557 1970 162 32 båtsman
735 1972 66 30 och
819 1971 355 40 fästningsartillerist,
1193 1973 64 30 har
1273 1973 174 35 utskottet,
1466 1972 45 40 på
1528 1982 43 21 av
1587 1972 215 32 direktionen

311 2024 83 30 över
413 2023 142 32 flottans
576 2024 269 40 pensionskassa
865 2026 65 30 och
950 2025 371 40 marinförvaltningen
1342 2025 148 31 anförda
1510 2026 86 36 skäl,
1617 2026 75 31 icke
1712 2026 91 31 velat

310 2078 164 30 motsätta
497 2077 50 40 sig
570 2080 51 29 att
642 2078 130 31 honom
795 2078 147 31 tilldelas
964 2078 326 40 båtsmanspension
1313 2087 124 32 genom
1458 2078 144 32 flottans
1625 2079 176 40 pensions-

311 2130 115 31 kassa.
458 2131 193 31 Pensionen
670 2141 101 30 synes
790 2132 87 31 böra
896 2132 81 40 utgå
996 2132 81 31 från
1099 2133 64 30 och
1184 2133 78 30 med
1282 2133 68 30 den
1355 2126 23 51 1
1407 2132 62 39 juli
1494 2133 93 31 1934.

357 2193 171 31 Utskottet
547 2194 199 31 hemställer
767 2194 111 37 alltså,

665 2331 49 28 att
739 2328 194 40 riksdagen,
959 2329 10 30 i
993 2328 187 40 anledning
1204 2338 41 21 av
1271 2328 175 31 motionen
1469 2329 44 30 II:
1529 2330 73 34 274,
1627 2327 57 31 må
1707 2328 94 30 med-

621 2382 85 39 giva,
726 2385 49 27 att
795 2382 248 31 förutvarande
1060 2381 232 32 båtsmannen
1311 2382 58 31 vid
1385 2381 163 39 Blekinge
1566 2381 109 31 första
1694 2381 107 31 indel-

621 2435 278 39 ningskompani,
923 2435 248 31 förutvarande
1194 2435 217 31 artilleristen
1433 2436 57 30 vid
1513 2435 213 30 Karlskrona
1747 2444 54 22 ar-

619 2486 165 32 tillerikår
806 2487 131 39 August
958 2487 171 31 Emanuel
1148 2487 171 31 Svensson
1341 2487 212 31 Wahlström
1573 2485 58 32 må
1652 2485 148 31 tilldelas
