1888 2794
268 166 18 29 4
684 168 377 30 Jordbruksutskottets
1090 167 175 30 utlåtande
1293 177 39 20 nr
1352 167 50 29 35.

948 456 61 40 Nr
1034 456 63 40 39.

496 576 182 30 Utlåtande
703 577 80 29 med
806 574 190 39 anledning
1019 585 43 20 av
1087 574 121 30 väckta
1233 573 173 30 motioner
1430 581 55 20 om
1512 570 193 31 beredande
1732 577 42 22 av

713 625 183 40 möjlighet
917 625 57 40 för
995 623 448 39 hushållningssällskapen
1467 624 51 28 att
1539 630 123 30 genom
1687 619 89 30 lant-

716 676 347 30 bruksnämndernas
1092 673 212 41 förmedling
1334 672 131 31 erhålla
1495 672 57 30 lån
1581 673 56 39 för
1667 670 108 38 inköp

714 736 42 20 av
775 725 126 41 gårdar
919 727 51 29 att
988 725 116 30 drivas
1122 734 74 21 som
1217 723 227 31 ekonomiska
1464 721 312 31 demonstrations-

713 776 183 40 jordbruk.

316 896 13 28 I
359 896 57 30 två
446 895 96 30 inom
572 894 186 39 riksdagen
788 894 134 34 väckta,
952 893 54 29 till
1035 892 365 40 jordbruksutskottet
1430 889 191 30 hänvisade
1652 888 123 38 likaly-

270 946 112 30 dande
401 945 183 35 motioner,
603 945 175 38 nämligen
797 945 28 29 I:
842 944 39 30 67
903 953 43 22 av
962 944 82 29 herr
1063 942 168 31 Sundelin
1252 942 64 30 och
1335 942 45 29 II:
1398 941 50 35 72,
1468 950 42 20 av
1528 940 81 29 herr
1627 939 145 29 Ahlsten

270 1006 45 21 m.
338 996 50 40 fl.,
411 996 65 30 har
500 995 206 35 hemställts,
730 997 51 28 att
805 994 188 39 riksdagen
1019 994 107 29 måtte
1150 993 136 30 besluta

317 1048 34 32 1)
377 1048 50 29 att
450 1047 133 39 jämväl
603 1044 450 39 hushållningssällskapen
1075 1044 98 30 skola
1193 1044 38 29 få
1251 1043 70 28 rätt
1342 1043 50 28 att
1413 1041 133 30 erhålla
1567 1040 58 29 lån
1649 1047 124 31 genom

271 1096 423 30 lantbruksnämndernas
718 1094 210 39 förmedling
952 1093 107 39 enligt
1082 1095 41 28 de
1145 1092 263 30 bestämmelser
1432 1100 75 21 som
1531 1092 60 29 äro
1614 1089 159 40 gällande

271 1148 54 29 för
342 1147 160 30 enskilda
519 1146 243 40 jordbrukare,
781 1146 115 29 därest
915 1144 174 39 gårdarna
1106 1143 149 39 inköpas
1272 1143 55 29 för
1346 1144 50 29 att
1414 1141 117 31 drivas
1553 1149 74 21 som
1647 1140 127 29 ekono-

271 1198 112 31 miska
402 1195 471 40 demonstrationsjordbruk
890 1195 80 29 med
986 1195 102 38 högst
1106 1194 40 30 20
1166 1194 47 30 ha
1229 1193 103 30 odlad
1349 1192 94 40 jord;

316 1249 35 33 2)
379 1249 50 28 att
454 1245 448 40 hushållningssällskapen
924 1245 109 30 måtte
1055 1243 150 30 tilldelas
1228 1244 49 29 ett
1300 1241 212 40 statsbidrag
1532 1251 43 21 av
1597 1241 67 30 den
1688 1241 87 28 stor-

272 1298 66 36 lek,
356 1307 76 21 som
450 1299 195 29 motsvarar
664 1298 65 29 vad
748 1305 42 22 en
808 1295 166 30 medellös
991 1294 234 40 jordbrukare
1243 1294 71 29 kan
1331 1292 133 30 erhålla
1482 1293 11 28 i
1510 1290 122 39 bidrag
1651 1298 124 31 genom

272 1349 380 33 lantbruksnämnden;

316 1398 36 31 3)
382 1400 51 28 att
462 1396 459 40 hushållningssällskapen,
952 1395 112 29 under
1093 1392 253 40 förutsättning
1376 1394 50 28 att
1455 1392 76 29 icke
1562 1391 131 31 driften
1721 1390 59 30 vid

273 1447 507 39 demonstrationsjordbruket
808 1446 119 30 täcker
957 1445 161 39 samtliga
1145 1444 201 34 kostnader,
1377 1442 151 31 tilldelas
1557 1443 48 29 ett
1634 1443 142 29 demon-

275 1499 291 38 strationsanslag
586 1499 53 29 för
658 1497 98 39 varje
777 1497 85 39 gård
881 1505 42 22 av
941 1497 103 37 högst
1066 1496 17 29 2
1099 1495 62 30 000
1181 1496 141 33 kronor,
1346 1495 90 28 samt

318 1549 37 35 4)
384 1551 51 28 att
460 1551 48 28 ett
533 1548 120 41 anslag
677 1549 20 30 å
722 1547 118 30 20000
865 1548 131 28 kronor
1021 1547 55 29 för
1101 1545 107 38 sagda
1234 1543 163 31 ändamål
1423 1543 119 30 ställes
1568 1542 53 30 till
1648 1542 127 38 Kungl.

275 1599 124 40 Maj:ts
420 1598 208 40 disposition
650 1598 111 29 under
783 1596 204 38 budgetåret
1014 1595 159 36 1950/51.

319 1649 88 31 Över
430 1649 220 30 motionerna
670 1649 45 28 ha
736 1647 188 39 yttranden
944 1646 193 30 inhämtats
1159 1654 42 21 av
1223 1643 357 39 lantbruksstyrelsen
1602 1643 65 29 och
1688 1642 90 29 Hus-

275 1699 397 40 hållningssällskapens
695 1697 163 31 förbund.

320 1752 14 29 I
353 1750 168 32 skrivelse
541 1750 66 29 den
626 1750 38 29 21
686 1748 156 30 februari
864 1747 82 30 1950
967 1747 64 28 har
1054 1743 354 40 lantbruksstyrelsen
1430 1743 118 30 anfört
1569 1742 168 39 följande.

320 1809 136 39 Frågan
478 1818 57 21 om
560 1806 226 31 anordnande
808 1816 42 20 av
871 1802 471 40 demonstrationsjordbruk
1364 1811 42 20 av
1426 1802 68 29 den
1515 1803 71 37 typ,
1609 1809 75 21 som
1705 1808 73 20 mo-

276 1851 201 30 tionärerna
507 1848 189 39 föreslagit,
727 1848 64 29 har
820 1847 110 30 delvis
958 1846 208 30 behandlats
1197 1854 42 21 av
1273 1844 83 31 1949
1388 1845 57 30 års
1476 1843 302 38 försöksgårdsut-

276 1893 147 40 redning
440 1894 12 29 i
470 1893 79 30 dess
567 1891 220 30 betänkande
805 1891 67 29 den
890 1889 40 30 20
950 1888 181 31 december
1151 1887 83 30 1949
1261 1886 248 34 (stencilerat).
1530 1884 248 38 Utredningen,

277 1944 76 21 som
377 1934 205 38 visserligen
607 1932 128 35 funnit,
761 1933 51 28 att
836 1932 115 29 denna
975 1930 102 38 fråga
1099 1929 216 38 väsentligen
1340 1928 55 38 låg
1419 1927 144 30 utanför
1588 1927 78 29 dess
1692 1934 87 31 upp-

275 1978 96 39 drag,
392 1976 150 30 föreslår
562 1977 50 28 att
635 1974 125 39 frågan
780 1982 57 21 om
857 1972 216 30 inrättandet
1094 1982 42 20 av
1157 1969 424 39 demonstrationsgårdar
1603 1968 90 30 skall
1717 1967 62 30 bli-

277 2028 43 21 va
338 2018 148 31 föremål
507 2018 55 29 för
582 2016 150 31 särskild
752 2014 197 40 utredning,
971 2013 188 31 eventuellt
1185 2014 4 29 i
1210 2012 256 37 sammanhang
1485 2013 80 29 med
1585 2021 43 20 en
1648 2010 133 30 allmän

275 2062 150 39 översyn
453 2069 44 21 av
526 2060 67 31 den
621 2059 115 30 lokala
765 2056 428 31 försöksverksamhetens
1223 2053 296 40 arbetsuppgifter
1549 2054 65 29 och
1644 2051 136 40 organi-

277 2103 124 31 sation.

323 2144 176 40 Styrelsen
531 2151 110 27 anser,
671 2144 50 28 att
749 2140 215 31 inrättandet
993 2149 43 21 av
1063 2137 424 39 demonstrationsgårdar
1517 2136 111 31 skulle
1658 2137 122 29 kunna

277 2186 92 31 bliva
394 2196 43 22 av
463 2185 175 40 betydelse
665 2185 54 29 för
746 2181 501 41 upplysningsverksamheten
1274 2180 106 30 bland
1405 2179 272 40 jordbrukarna.
1706 2178 75 38 Sty-

279 2230 112 29 relsen
415 2229 72 29 kan
512 2226 191 31 emellertid
727 2226 75 30 icke
827 2226 101 29 finna
952 2225 67 30 den
1044 2234 42 20 av
1109 2222 260 31 motionärerna
1394 2221 199 38 föreslagna
1618 2220 162 30 metoden

275 2273 54 29 att
354 2270 195 30 finansiera
574 2269 174 29 förvärvet
776 2276 42 22 av
843 2268 64 28 och
933 2264 441 39 förbättringsåtgärderna
1398 2264 45 39 på
1469 2261 312 31 demonstrations-

274 2313 223 39 jordbruken
517 2311 168 30 innebära
705 2310 108 38 några
833 2307 193 39 väsentliga
1047 2307 162 31 fördelar.
1232 2304 466 40 Hushållningssällskapen,
1720 2299 62 47 vil-

279 2356 64 29 kas
365 2354 225 30 verksamhet
615 2352 152 39 regleras
789 2360 42 22 av
854 2350 151 39 stadgar,
1031 2348 183 40 godkända
1238 2357 42 21 av
1302 2348 126 38 Kungl.
1455 2346 115 39 Maj:t,
1595 2347 64 30 och
1682 2348 12 28 i
1717 2345 64 29 hu-

279 2397 136 30 vudsak
442 2395 211 31 finansieras
680 2395 79 29 med
788 2392 212 34 statsmedel,
1028 2392 84 29 böra
1137 2391 175 39 knappast
1338 2390 152 30 tillföras
1517 2390 112 29 medel
1656 2388 56 30 för
1739 2388 41 29 de

279 2448 49 20 nu
364 2438 200 38 föreslagna
598 2433 516 40 demonstrationsjordbruken
1149 2434 168 37 omvägen
1355 2433 81 29 över
1471 2430 310 30 lantbruksnämn-

278 2482 110 30 derna
406 2481 87 30 utan
512 2479 10 29 i
541 2479 114 30 stället
673 2477 115 31 direkt
806 2477 79 30 från
903 2475 203 30 riksstaten.
