2192 2646
432 171 18 30 6
848 177 344 38 Jordbruksutskottets
1214 186 165 33 utlåtande
1401 187 53 33 Nr
1475 192 53 30 65.

516 250 193 41 Utskottet
750 255 211 41 förklarade
1002 261 61 49 sig
1104 262 163 39 därefter
1308 266 191 50 tillstyrka
1540 270 64 37 det
1631 285 46 22 av
1708 271 139 52 Kungl.
1878 275 108 50 Maj:t

386 301 211 51 framlagda
638 305 182 51 förslaget
862 311 83 37 med
988 313 157 38 allenast
1185 318 117 47 några
1338 324 143 34 smärre
1510 322 207 50 ändringar
1750 325 234 42 beträffande

385 353 267 51 lagförslagets
680 358 167 51 detaljer.

510 458 57 36 Då
595 461 182 37 utskottet
805 463 57 37 för
890 466 59 35 sin
978 467 59 37 del
1066 469 57 36 till
1152 471 72 36 alla
1251 471 105 38 delar
1384 474 220 39 instämmer
1631 478 12 36 i
1664 479 72 36 vad
1754 480 225 48 jordbruks-

381 508 184 38 utskottet
593 513 176 37 nästlidet
798 517 40 34 år
865 517 9 35 i
905 519 154 37 ärendet
1087 521 125 37 anfört
1238 531 100 30 samt
1366 527 183 37 utskottet
1577 529 81 37 icke
1686 530 82 38 haft
1787 535 119 47 något
1925 542 55 30 att

380 560 122 37 erinra
544 569 77 30 mot
661 564 141 50 Kungl.
839 568 127 48 Maj:ts
995 571 246 39 förevarande
1269 576 154 50 förslag,
1453 579 12 34 i
1492 580 119 37 vilket
1640 582 44 36 de
1713 596 46 23 av
1791 586 95 35 1913
1916 589 61 35 års

373 611 353 48 jordbruksutskott
753 618 194 48 påkallade
976 628 141 32 smärre
1145 625 205 50 ändringar
1376 629 108 36 blivit
1503 630 191 50 beaktade,
1716 635 58 36 får
1792 636 185 38 utskottet

378 661 209 51 hemställa,

904 782 54 31 att
998 778 204 50 riksdagen
1243 784 70 46 må,
1342 784 86 37 med
1456 785 106 38 bifall
1591 788 55 37 till
1677 791 138 52 Kungl.
1846 797 126 49 Maj:ts

773 826 290 48 ifrågavarande
1090 833 246 48 proposition,
1365 843 142 42 antaga
1531 851 96 26 ovan
1647 843 158 49 intagna
1828 848 144 50 förslag

775 877 56 36 till
859 879 65 48 lag
952 893 60 23 om
1042 882 501 55 hingstbesiktningstvång.

502 972 218 41 Stockholm
748 978 71 37 den
851 981 20 35 9
895 981 73 49 juli
999 984 108 37 1914.

828 1083 52 37 På
902 1085 410 47 jordbruksutskottets
1340 1098 163 42 vägnar:

881 1187 45 36 D.
971 1189 226 39 PERSSON
1226 1192 10 36 i
1266 1193 189 52 Tällberg.

494 1401 54 28 Vid
576 1403 172 39 behandling
776 1408 74 26 inom
879 1410 138 29 utskottet
1044 1423 36 17 av
1107 1413 175 29 förestående
1311 1417 102 27 ärende
1440 1418 75 28 hava
1542 1425 139 25 närvarit:
1709 1425 97 29 herrar
1832 1425 128 43 Persson,

361 1442 138 35 Eriesson,
528 1444 147 39 Odelberg,
704 1449 74 29 Pers,
808 1451 145 37 Lindblad,
982 1455 126 34 Lundell,
1137 1451 100 43 Öberg,
1266 1458 153 35 Kronlund,
1447 1471 83 27 greve
1552 1464 224 38 Wachtmeister,
1796 1467 163 46 Ingeström,

359 1485 130 35 Jonsson,
508 1489 62 27 frih.
591 1490 215 37 Gyllenstierna,
826 1495 152 37 Berglund,
996 1499 119 33 Bosson,
1134 1501 114 28 Nilsson
1268 1504 8 25 i
1295 1503 104 28 Linnås
1418 1505 52 27 och
1489 1507 95 29 Norin.

486 1679 292 45 Reservation:
808 1699 46 24 av
883 1688 85 37 herr
995 1692 167 46 Lundell,
1192 1707 80 23 som
1302 1701 122 32 ansett
1451 1703 55 31 att
1532 1701 183 39 utskottet
1742 1704 84 39 bort
1852 1707 102 38 hem-

356 1729 106 37 ställa
490 1744 61 24 om
580 1733 105 38 bifall
713 1737 56 36 till
797 1738 141 51 Kungl.
969 1742 125 50 Maj:ts
1122 1745 153 50 förslag,
1305 1746 96 38 dock
1429 1751 85 37 med
1543 1754 237 40 uteslutande
1810 1772 46 24 av
1880 1760 73 38 den

355 1780 59 37 del
443 1796 46 23 av
516 1784 119 38 första
663 1790 148 47 stycket
838 1791 12 36 i
874 1791 24 50 $
928 1796 34 45 2,
992 1808 81 24 som
1102 1797 125 50 börjar
1254 1801 85 36 med
1368 1801 116 37 orden
1511 1806 90 36 »och
1629 1807 33 49 ej
1693 1808 136 39 heller»
1855 1819 98 31 samt

353 1833 118 37 slutar
497 1837 85 36 med
611 1839 118 37 orden
759 1845 152 47 »någon
941 1859 46 23 av
1015 1847 84 37 dem
1129 1850 170 37 enskilt».

960 2298 137 42 ÖRA
1117 2324 623 12 rör

588 2318 218 34 STOCKBOLM,
825 2325 103 25 ISAAC
947 2328 149 26 MARCUS?
1116 2328 492 51 BOKTRYCKERI-AKTIEBOLAG,
1629 2347 75 27 1914,
