1914 2830
297 168 17 28 2
695 171 380 30 Jordbruksutskottets
1100 170 174 30 utlåtande
1299 170 49 30 Nr
1378 172 47 29 43.

304 256 114 30 vilken
448 256 303 36 fordringsägaren
781 257 108 29 skulle
919 256 163 30 förbinda
1111 256 49 36 sig
1191 258 48 27 att
1269 256 75 29 icke
1373 255 136 30 indriva
1538 254 196 31 återstoden
1763 265 41 20 av

302 307 210 35 fordringen,
536 307 194 29 bestämdes
752 307 50 29 till
824 310 49 26 tre
897 307 9 29 i
931 307 111 29 stället
1065 306 53 30 för
1141 306 70 30 fem
1233 306 48 35 år,
1304 309 49 26 att
1376 306 96 36 dylik
1497 306 210 30 förbindelse
1733 306 73 30 icke

302 358 109 29 skulle
433 357 184 35 erfordras,
638 356 44 31 då
702 356 98 37 fråga
822 366 79 20 vore
922 366 57 20 om
1002 356 57 30 lån
1080 357 78 29 med
1180 356 172 30 fastställd
1374 356 321 37 amorteringsplan,
1719 359 88 27 samt

303 411 49 26 att
373 427 43 3 —
436 411 86 27 utan
544 408 122 30 hinder
690 417 42 21 av
754 409 265 29 bestämmelsen
1042 411 47 27 att
1112 408 301 36 fordringsägaren
1436 408 110 29 skulle
1568 406 136 37 åtnöjas
1726 407 79 30 med

304 458 123 37 belopp
453 458 31 37 ej
509 458 237 36 överstigande
771 459 40 30 30
836 461 142 34 procent
1002 468 42 20 av
1068 458 200 36 fordringen
1292 461 89 27 samt
1404 458 229 37 nyssberörda
1658 459 146 29 bestäm-

304 510 104 30 melse
430 512 50 27 att
502 509 302 36 fordringsägaren
828 510 109 30 skulle
960 510 117 29 lämna
1100 509 209 30 förbindelse
1333 512 49 27 att
1403 509 110 30 under
1536 509 68 30 viss
1627 509 50 30 tid
1699 508 31 37 ej
1756 509 48 29 in-

304 561 96 29 driva
421 559 195 31 återstoden
635 570 41 20 av
696 560 200 37 fordringen
913 580 45 4 —
976 560 162 30 förfallen
1157 561 99 29 ränta
1275 561 66 29 och
1360 560 210 36 amortering
1589 559 20 31 å
1628 559 58 30 lån
1705 560 99 30 även-

304 620 73 21 som
400 611 250 37 växelskulder,
674 611 166 30 förfallna
860 611 179 37 utskylder
1060 612 65 29 och
1146 611 109 30 andra
1276 612 73 29 lösa
1371 611 150 36 skulder,
1543 611 62 29 där
1627 611 178 30 desamma

304 661 115 31 kunde
442 663 164 35 äventyra
628 662 226 35 gäldenärens
876 662 161 30 fortsatta
1058 662 180 30 brukande
1261 671 42 21 av
1326 661 217 36 fastigheten,
1567 661 93 37 finge
1683 670 123 27 genom

304 712 265 37 ifrågavarande
588 712 57 30 lån
664 714 72 29 helt
755 714 80 29 eller
855 713 106 30 delvis
982 713 136 29 inlösas.

350 763 98 30 Inom
465 764 309 29 centralnämnden
790 764 63 29 har
868 773 42 20 en
927 764 9 29 i
953 764 69 29 viss
1037 762 81 31 mån
1135 763 177 36 skiljaktig
1328 764 139 35 mening
1483 764 140 29 uttalats
1640 773 42 20 av
1698 764 108 29 bank-

306 813 197 31 direktören
522 814 38 30 N.
583 813 29 30 S.
635 815 37 28 V.
692 813 134 31 Brolén.
848 813 118 31 Denne
984 815 65 29 har
1068 817 118 30 ansett,
1208 817 48 26 att
1277 814 193 30 nämndens
1492 814 128 36 förslag
1641 814 166 30 innebure

305 873 40 20 en
369 864 118 30 alltför
511 867 68 27 stor
602 864 258 36 uppmjukning
883 874 42 20 av
950 863 247 31 lånevillkoren
1220 863 102 31 såvitt
1345 864 146 36 anginge
1515 864 89 30 vissa
1629 873 42 21 av
1694 864 112 36 gälde-

306 916 124 29 närens
456 915 73 30 lösa
554 914 197 37 fordringar
777 913 113 32 såsom
917 916 112 29 växel-
1055 916 65 29 och
1146 915 288 30 handelsskulder
1459 915 65 29 och
1550 915 127 36 dylika.
1726 915 79 30 Bro-

306 965 53 29 lén
382 963 156 38 föreslår,
563 968 49 27 att
635 966 305 29 bestämmelserna
963 964 177 37 angående
1163 966 167 30 villkoren
1356 965 55 30 för
1434 964 218 31 exekutivlån
1677 965 10 30 i
1711 966 19 30 6
1754 963 20 39 &
1798 965 9 29 i

304 1015 231 30 förenämnda
554 1016 205 35 kungörelse
778 1025 56 20 om
853 1014 58 31 lån
930 1016 51 30 till
1000 1016 228 36 jordbrukare
1247 1016 55 30 för
1322 1015 272 37 genomförande
1613 1025 42 20 av
1677 1016 129 30 ackord

304 1075 45 20 m.
368 1076 45 19 m.
433 1067 111 29 skulle
562 1066 127 30 ändras
708 1065 156 38 sålunda,
882 1069 49 27 att
950 1067 67 29 den
1035 1067 9 29 i
1063 1066 207 37 paragrafen
1289 1077 47 19 nu
1354 1069 178 34 upptagna
1549 1067 177 30 allmänna
1745 1076 60 20 un-

305 1116 411 37 dantagsbestämmelsen
741 1118 159 29 uteslötes
923 1120 91 27 samt
1038 1121 48 26 att
1108 1118 66 29 den
1197 1118 59 35 tid,
1280 1117 303 36 fordringsägaren
1606 1118 110 29 skulle
1738 1117 68 30 för-

304 1167 106 31 binda
429 1168 51 36 sig
499 1171 49 27 att
566 1168 75 30 icke
660 1168 135 30 indriva
813 1167 195 31 återstoden
1031 1177 41 21 av
1090 1168 211 37 fordringen,
1320 1168 10 29 i
1352 1168 108 30 likhet
1480 1168 78 30 med
1577 1168 66 30 vad
1661 1168 143 30 central-

306 1218 175 30 nämnden
501 1218 175 36 föreslagit
695 1219 194 30 bestämdes
909 1219 50 30 till
979 1222 49 27 tre
1047 1218 46 30 år.
1135 1218 179 36 Därjämte
1333 1219 107 29 borde
1458 1219 52 30 till
1530 1219 207 36 paragrafen
1757 1219 48 30 fo-

305 1276 58 29 gas
380 1272 47 27 ett
447 1272 74 34 nytt
539 1270 117 36 stycke
675 1279 42 20 av
736 1268 161 36 innehåll,
915 1272 50 27 att
981 1287 45 3 —
1042 1272 83 27 utan
1142 1269 123 30 hinder
1283 1279 42 20 av
1344 1269 226 37 paragrafens
1589 1270 215 29 bestämmel-

306 1328 51 21 ser
375 1329 58 21 om
452 1320 231 36 delbetalning
705 1329 42 20 av
766 1320 78 37 gäld
863 1321 65 29 och
947 1318 214 32 återstående
1181 1320 96 36 gälds
1295 1320 177 30 bindande
1489 1337 45 3 —
1553 1320 71 30 dels
1643 1319 163 31 förfallen

304 1371 110 34 ränta,
435 1371 141 36 utskyld
597 1371 65 29 och
685 1370 254 36 arrendeavgift
960 1371 164 29 ävensom
1145 1370 163 31 förfallen
1330 1370 211 37 amortering
1561 1380 41 20 av
1626 1370 112 35 skuld,
1753 1369 54 30 för

306 1420 114 30 vilken
437 1420 313 37 amorteringsplan
767 1430 79 21 vore
862 1421 182 35 fastställd,
1062 1421 71 30 dels
1152 1421 74 37 ock,
1245 1421 86 29 intill
1349 1423 46 28 ett
1412 1421 127 36 belopp
1556 1429 41 21 av
1618 1421 94 34 1,000
1729 1420 76 30 kro-

305 1480 62 21 nor
388 1471 82 30 eller
487 1471 86 31 efter
590 1472 326 30 centralnämndens
936 1472 55 30 för
1009 1470 95 37 varje
1124 1472 137 30 särskilt
1280 1472 60 30 fall
1360 1471 201 30 inhämtade
1580 1470 226 37 medgivande

306 1522 86 29 intill
412 1523 97 34 2,000
528 1522 137 35 kronor,
687 1531 119 21 annan
824 1522 167 30 förfallen
1011 1523 102 29 skuld
1131 1522 95 36 finge
1245 1530 126 28 genom
1391 1521 94 31 lånet
1503 1522 72 29 helt
1594 1522 83 29 eller
1698 1520 108 31 delvis

305 1572 129 36 gäldas.

350 1622 388 39 Departementschefen
762 1625 62 30 har
848 1625 9 29 i
882 1626 141 30 ärendet
1046 1625 113 30 anfört
1183 1624 164 37 följande.

352 1674 68 29 »Av
444 1675 226 36 utredningen
692 1675 10 30 i
727 1676 138 30 ärendet
889 1675 163 37 framgår,
1074 1679 48 27 att
1144 1675 223 37 möjligheten
1381 1679 49 28 att
1443 1676 130 31 erhålla
1587 1677 56 30 lån
1657 1677 51 30 till
1722 1676 85 31 före-

306 1725 213 30 kommande
543 1734 41 21 av
608 1725 159 31 exekutiv
792 1726 206 37 försäljning
1023 1726 74 31 icke
1121 1727 10 29 i
1155 1726 114 37 någon
1296 1729 108 29 större
1429 1727 209 37 omfattning
1662 1728 147 30 kommit

306 1775 50 30 till
374 1776 233 36 användning.
649 1776 132 31 Endast
800 1780 45 27 ett
863 1777 154 37 fyrtiotal
1037 1777 57 31 lån
1114 1787 101 27 synas
1235 1779 89 29 hava
1344 1778 167 37 beviljats.
1555 1778 157 31 Orsaken
1731 1779 76 29 här-

306 1826 48 30 till
391 1827 99 30 torde
525 1827 11 30 i
572 1830 69 27 stor
678 1827 237 37 utsträckning
941 1837 84 21 vara
1051 1832 47 26 att
1124 1830 83 29 söka
1234 1828 11 30 i
1270 1829 67 30 den
1362 1829 203 36 avfattning,
1592 1829 216 31 bestämmel-

307 1887 99 21 serna
431 1878 147 30 rörande
599 1878 169 30 villkoren
791 1878 53 30 för
866 1878 197 37 beviljande
1085 1889 41 20 av
1148 1879 58 30 lån
1230 1879 53 31 för
1306 1880 146 30 berörda
1476 1879 164 31 ändamål
1663 1879 144 31 erhållit.

307 1928 56 30 Ett
383 1930 133 35 strängt
537 1929 221 36 iakttagande
779 1938 42 21 av
842 1929 158 37 samtliga
1022 1930 42 30 de
1085 1930 215 30 föreskrivna
1321 1930 167 30 villkoren
1511 1940 100 27 synes
1632 1930 11 30 i
1664 1931 144 30 allmän-

307 1979 56 30 het
391 1979 76 30 icke
495 1980 88 29 hava
611 1979 88 31 varit
728 1980 141 37 möjligt.
922 1980 65 30 Det
1016 1981 235 36 övervägande
1280 1981 127 30 antalet
1436 1980 248 31 lånenämnder
1713 1981 96 30 torde

307 2030 189 31 emellertid
522 2031 88 29 hava
637 2030 135 30 fordrat
798 2031 90 30 detta
915 2031 65 30 och
1007 2031 10 30 i
1044 2031 87 37 följd
1157 2031 106 30 därav
1289 2031 132 30 avvisat
1448 2031 146 31 flertalet
1623 2031 185 30 framställ-

306 2080 123 37 ningar
451 2090 58 21 om
530 2080 67 31 lån.
644 2081 50 30 De
715 2080 250 32 lånenämnder
987 2081 82 36 åter,
1093 2091 74 21 som
1189 2081 11 30 i
1223 2081 114 37 någon
1362 2083 108 29 större
1493 2081 237 37 utsträckning
1753 2082 55 30 be-

304 2130 96 37 viljat
426 2130 68 35 Jån,
523 2132 89 29 hava
637 2132 131 29 använt
794 2132 48 36 sig
868 2141 42 21 av
938 2132 473 37 undantagsbestämmelsen,
1439 2142 74 21 som
1540 2132 182 37 medgiver,
1751 2135 58 31 att,

304 2181 43 31 då
368 2183 172 29 särskilda
560 2183 293 36 omständigheter
873 2183 176 37 föreligga,
1071 2183 171 30 avvikelse
1265 2182 57 31 må
1344 2184 59 29 ske
1425 2182 79 32 från
1528 2184 41 29 de
1590 2183 9 30 i
1621 2183 188 30 allmänhet

307 2234 158 36 gällande
488 2233 257 31 lånevillkoren.

350 2285 66 30 Till
440 2286 56 29 det
518 2285 55 30 vid
594 2285 260 36 propositionen
875 2285 11 30 i
908 2285 92 30 detta
1022 2286 100 29 ämne
1143 2285 48 30 till
1219 2286 81 29 1935
1325 2284 54 30 års
1403 2284 139 37 riksdag
1565 2284 123 37 fogade
1711 2287 96 27 stats-

306 2335 270 37 rådprotokollet
598 2336 180 35 uttalades,
803 2339 48 27 att
872 2346 47 20 nu
941 2336 225 30 förevarande
1189 2336 71 36 slag
1284 2345 42 21 av
1348 2336 57 30 lån
1430 2336 75 30 icke
1527 2335 106 30 borde
1654 2334 153 37 beviljas,

306 2396 56 20 om
384 2387 286 36 förutsättningar
691 2386 54 31 för
768 2387 198 30 erhållande
989 2396 41 21 av
1053 2387 127 29 ackord
1202 2386 159 37 förelåge,
1382 2387 57 30 för
1461 2386 103 30 vilket
1586 2386 61 30 fall
1667 2386 11 30 i
1698 2386 111 30 stället

308 2438 208 30 ackordslån
538 2438 105 30 borde
668 2438 184 30 meddelas.
900 2437 72 30 Mot
998 2438 91 29 detta
1116 2437 185 33 uttalande,
1326 2438 104 29 vilket
1455 2437 57 37 jag
1538 2437 148 37 alltjämt
1711 2446 99 21 anser

308 2489 81 30 böra
417 2498 83 22 vara
524 2489 211 37 vägledande
759 2489 54 30 vid
838 2488 351 37 låneverksamheten,
1215 2488 119 37 gjorde
1359 2488 184 36 riksdagen
1566 2488 30 37 ej
1620 2488 115 36 någon
1759 2497 49 21 er-
