2170 2622
640 136 366 41 Bevillningsutskottets
1030 135 196 33 betänkande
1253 132 49 32 Nr
1325 135 30 30 5.
1781 128 20 31 vå

931 518 67 40 Nr
1029 517 48 40 3.

815 677 113 25 Ankom
949 676 42 26 till
1011 675 169 32 riksdagens
1201 673 91 26 kansli
1313 672 55 26 den
1388 672 15 25 9
1425 670 125 26 februari
1572 667 67 28 1915
1657 667 39 26 11.
1718 667 33 26 12
1771 676 36 17 m.

530 769 390 44 Bevillningsutskottets
964 765 223 43 betänkande,
1226 765 14 33 i
1269 763 185 43 anledning
1484 773 43 23 av
1555 761 100 34 väckt
1683 753 125 54 motion

634 843 52 23 om
717 830 64 36 tull
809 831 20 34 å
857 841 27 23 s.
916 830 30 34 k.
980 827 264 37 cellulosavadd.
1558 825 72 38 (l:a
1660 821 95 45 avd.)

313 991 198 28 Närvarande:
539 991 100 25 herrar
668 990 33 25 K.
732 989 32 25 G.
794 988 148 31 Karlsson,
972 986 115 25 Nilsson
1116 985 9 25 i
1156 985 124 31 Bonarp,
1310 983 66 25 frih,
1396 981 30 27 C.
1446 982 25 25 J.
1491 980 170 32 Beck-Friis,
1682 979 77 26 Ollas
1779 979 31 24 A.

368 1028 143 31 Ericsson,
544 1025 166 34 Lyckholm,
748 1025 177 29 Antonsson,
956 1022 174 32 Bergström,
1165 1019 68 27 frib.
1265 1018 138 32 Fleming,
1436 1018 177 29 Bäckström,
1646 1015 165 33 Jesperson,

369 1063 98 33 Röing,
488 1061 224 31 Christiernson,
740 1059 125 30 Sandler,
885 1058 144 26 Jeansson
1049 1057 8 25 i
1077 1056 128 31 Kalmar,
1225 1054 143 32 Källman,
1387 1053 124 26 Jonsson
1531 1052 9 26 i
1560 1051 139 30 Hökhult,
1719 1050 93 26 Forss

373 1107 75 23 man,
473 1098 119 32 Roman,
615 1097 125 25 Jönsson
759 1096 9 24 i
787 1095 127 32 Revinge
934 1094 54 26 och
1008 1091 183 33 Uddenberg.

316 1244 18 34 [
364 1256 45 22 en
438 1242 95 36 inom
564 1240 112 36 andra
711 1240 212 34 kammaren
952 1250 45 23 av
1025 1237 125 35 herrar
1179 1235 223 36 Hildebrand
1428 1233 69 35 och
1530 1231 138 36 Liibeck
1705 1229 111 37 väckt

211 1297 146 43 motion,
401 1309 44 22 nr
490 1298 58 42 75,
594 1293 125 37 vilken
764 1291 187 37 hänvisats
979 1290 57 36 till
1065 1287 412 48 bevillningsutskottet,
1508 1286 66 35 har
1601 1279 214 52 hemställts,

216 1354 74 32 »att
331 1350 197 46 riksdagen
571 1350 110 33 måtte
721 1346 151 43 besluta,
913 1347 54 33 att
996 1356 26 23 s.
1055 1343 35 35 k.
1123 1341 264 37 cellulosavadd
1415 1339 94 36 skall
1537 1338 169 47 beläggas
1736 1336 81 35 med

210 1418 46 22 en
286 1404 67 36 tull
382 1416 45 22 av
461 1404 44 33 12
537 1407 58 31 öre
624 1401 84 46 kg.»

318 1510 234 36 Beträffande
582 1506 265 47 motiveringen
876 1505 54 35 för
959 1505 98 35 detta
1088 1502 136 47 förslag
1253 1501 171 36 hänvisas
1454 1499 57 37 till
1539 1498 195 36 motionen.

320 1672 51 34 På
414 1674 71 32 sätt
528 1668 267 37 motionärerna
836 1664 211 44 framhållit,
1091 1662 189 38 tillverkas
1310 1674 43 23 av
1384 1660 164 36 helblekt
1577 1659 169 35 cellulosa
1775 1669 45 23 en

214 1738 96 32 vara,
355 1724 182 36 benämnd
579 1720 275 44 cellulosavadd,
899 1731 75 24 som
1013 1716 295 47 huvudsakligen
1339 1714 183 37 användes
1551 1713 57 35 för
1636 1711 185 37 förbands-

216 1779 167 36 ändamål
411 1778 13 34 i
453 1777 120 36 stället
611 1775 56 36 för
703 1773 260 38 bomullsvadd.
1024 1770 276 37 Cellulosavadd
1343 1768 169 36 hänföres
1554 1766 14 35 i
1595 1765 227 37 tullbehand-

215 1831 319 49 lingshänseende,
565 1829 116 46 enligt
709 1827 199 46 anvisning
936 1826 13 35 i
976 1824 373 45 varuförteckningen
1377 1821 57 36 till
1461 1821 166 48 gällande
1655 1819 165 42 tulltaxa,

217 1887 56 36 till
301 1885 177 37 rubriken
510 1886 74 33 303
615 1882 13 36 i
656 1882 157 36 nämnda
850 1884 97 40 taxa,
980 1878 223 37 omfattande
1232 1876 97 37 olika
1358 1876 77 47 slag
1464 1887 43 24 av
1536 1883 284 38 pappersmassa,

218 1941 67 35 och
315 1946 39 29 är
383 1939 139 35 således
550 1936 127 37 tullfri.
735 1936 89 35 Med
850 1933 204 37 betonande
1084 1945 43 23 av
1157 1930 292 37 önskvärdheten
1477 1932 53 32 att
1553 1928 67 35 här
1639 1927 12 35 i
1671 1926 98 36 riket
1788 1925 36 35 få

218 1995 55 35 till
302 1994 108 35 stånd
440 2005 44 23 en
522 1990 248 48 regelbunden
799 1986 241 48 tillverkning
1077 1999 44 23 av
1151 1998 46 23 en
1226 1985 56 35 till
1311 1984 153 36 förband
1493 1981 150 47 lämplig
1674 1992 86 24 vara
1780 1991 43 24 av

218 2047 185 36 inhemskt
442 2044 216 45 råmaterial,
692 2044 91 35 hava
811 2042 268 36 motionärerna
1108 2038 199 47 föreslagit,
1339 2040 54 33 att
1422 2035 264 37 cellulosavadd
1715 2036 110 33 måtte

220 2105 133 32 åsättas
383 2113 46 23 en
457 2100 145 35 tullsats
632 2110 43 23 av
704 2097 75 36 tolv
809 2101 58 31 öre
897 2095 56 36 för
981 2093 187 48 kilogram.

327 2154 126 47 Enligt
483 2153 69 36 vad
582 2151 177 36 utskottet
787 2149 180 37 inhämtat
996 2148 66 35 har
1091 2160 46 22 en
1163 2145 134 37 svensk
1317 2143 243 47 tillverkning
1579 2155 43 23 av
1643 2141 183 36 cellulosa-

219 2209 96 37 vadd
346 2219 153 24 numera
528 2205 153 37 kommit
709 2204 57 36 till
795 2204 116 36 stånd.
971 2202 158 35 Sålunda
1158 2201 65 34 har
1245 2200 103 34 Stora
1368 2197 259 47 Kopparbergs
1642 2195 185 48 bergslags

221 2262 209 46 aktiebolag
459 2262 129 35 hösten
621 2261 100 33 1914
751 2256 169 48 upptagit
950 2255 104 48 dylik
1084 2253 222 38 fabrikation
1336 2252 61 36 vid
1428 2251 79 36 sina
1536 2250 90 37 verk
1647 2248 181 38 Skutskär

1870 1665 146 31 Utskottet.
