2212 2672
377 198 40 30 10
846 195 379 31 Konstitutionsulskottets
1255 193 152 31 Utlåtande
1431 193 60 29 N:o
1516 193 28 29 5.

492 282 88 27 Klart
616 283 42 32 är,
695 283 42 25 att
773 281 50 26 det
857 280 164 33 föreligger
1050 288 36 18 en
1112 278 141 28 frestelse
1277 277 50 27 för
1352 277 180 33 folketinget
1557 278 42 25 att
1623 276 78 27 söka
1726 275 30 27 få
1781 275 31 27 in
1837 275 131 27 bestäm-

372 329 115 27 melser
518 336 51 18 om
594 326 238 34 skattegrunder
857 326 59 26 och
942 325 98 34 dylikt
1064 325 9 26 i
1098 324 110 34 själfva
1235 323 200 33 finanslagen,
1461 322 87 27 öfver
1573 322 126 27 hvilken
1725 320 181 34 folketinget
1929 320 40 34 på

372 374 101 33 grund
508 373 33 27 af
573 373 48 27 sin
650 371 233 28 ofvannämnda
908 370 237 28 företrädesrätt
1169 370 60 26 har
1254 369 50 26 det
1329 367 228 34 öfvervägande
1582 366 192 35 inflytandet.
1825 366 69 27 Men
1919 365 51 28 det

372 420 96 33 ligger
492 419 18 26 å
534 418 98 27 andra
656 417 89 27 sidan
770 417 9 26 i
805 416 83 27 såväl
914 416 203 33 landstingets
1142 423 68 18 som
1229 414 182 33 konungens
1429 413 131 27 intresse
1578 415 43 24 ati
1638 413 147 26 motsätta
1799 411 46 34 sig
1861 412 109 33 hvarje

373 465 111 27 sådant
508 463 117 33 försök,
650 471 66 18 som
740 463 34 33 ju
799 462 99 27 skulle
924 460 141 28 medföra
1089 460 171 33 väsentliga
1284 458 264 33 inskränkningar
1565 458 9 26 i
1592 458 90 27 deras
1706 457 87 33 eljest
1810 456 58 27 fria
1887 456 84 34 pröf-

372 511 154 32 ningsrätt
550 508 71 27 med
646 507 145 28 afseende
815 507 40 34 på
879 505 327 34 beskattningsfrågor.

485 555 58 26 Om
568 553 120 28 således
713 560 111 26 genom
850 552 58 27 den
935 551 95 34 årliga
1056 550 191 33 finanslagen
1270 549 139 27 hvarken
1428 557 60 26 nya
1505 548 117 27 skatter
1639 547 119 27 införas
1776 547 75 27 eller
1867 547 104 33 gamla

373 601 115 34 slopas,
524 599 34 28 så
593 600 59 26 har
688 598 58 27 den
783 597 173 28 emellertid
990 597 9 26 i
1035 596 146 27 afseende
1210 595 40 35 på
1274 595 158 27 skatterna
1458 594 59 27 den
1542 593 190 34 betydelsen,
1758 594 43 25 att
1825 592 37 27 de
1887 592 25 34 ej
1939 592 31 27 få

375 645 235 35 »uppkräfvas»,
635 644 95 27 innan
755 643 191 33 finanslagen
972 644 34 25 är
1048 642 176 32 »vedtagen»>.
1258 640 197 27 Innebörden
1482 639 33 27 af
1536 639 83 26 detta
1644 638 171 34 stadgande
1840 639 33 25 är
1890 637 80 27 före-

373 692 63 26 mål
461 691 50 26 för
534 690 79 26 tvist.
663 690 11 25 I
699 688 163 34 praktiken
889 689 57 25 har
971 696 71 18 man
1068 686 173 28 emellertid
1266 685 109 27 hittills
1401 685 8 26 i
1435 693 37 18 en
1491 684 75 27 eller
1583 692 103 18 annan
1704 683 82 27 form
1804 683 56 26 fått
1877 683 93 33 något

373 736 82 34 slags
490 734 153 33 finanslag
677 733 46 27 till
759 732 88 28 stånd
879 733 59 26 och
964 731 130 28 därmed
1119 733 99 25 ansett
1243 730 45 33 sig
1313 729 173 33 berättigad
1511 730 43 25 att
1579 731 135 31 upptaga
1740 728 37 26 de
1802 727 168 27 bestaende

373 782 167 26 skatterna.

486 827 12 26 I
522 825 133 35 Belgien,
681 825 95 27 hvars
801 824 182 32 författning
1008 823 9 26 i
1044 822 110 34 många
1180 821 127 34 stycken
1332 821 98 33 tjänat
1454 820 43 26 till
1525 821 141 25 mönster
1691 818 49 27 för
1765 818 59 27 den
1842 818 127 33 danska,

374 874 35 25 är
433 871 151 34 stadgadt,
609 872 43 25 att
675 870 169 26 kamrarna
868 869 109 33 hvarje
1001 868 34 26 år
1060 868 87 26 skola
1172 869 107 24 votera
1304 866 154 33 budgeten
1483 865 60 26 och
1569 867 43 24 att
1636 864 40 34 på
1698 864 59 26 den
1776 864 59 26 alla
1853 865 116 25 statens

374 918 174 26 inkomster
583 916 60 27 och
678 915 125 33 utgifter
839 914 88 27 skola
963 913 160 34 uppföras.
1172 913 68 26 Men
1277 912 40 33 på
1353 919 120 19 samma
1503 910 78 33 gång
1611 909 112 34 bjuder
1748 909 59 27 den
1832 908 139 34 belgiska

374 962 192 34 grundlagen
602 961 103 33 också,
734 962 44 25 att
805 960 159 26 skatterna
988 959 88 26 skola
1101 958 190 27 bestämmas
1316 956 130 34 årligen;
1472 955 37 27 de
1533 955 94 33 lagar,
1652 963 67 18 som
1747 954 119 33 reglera
1890 954 81 33 dem,

374 1007 149 28 förblifva
547 1006 68 27 icke
638 1006 9 27 i
672 1006 83 26 krafl
779 1013 67 19 mer
871 1006 37 25 än
934 1006 42 25 elt
1000 1003 43 34 år,
1068 1012 51 18 om
1145 1003 37 26 de
1207 1003 25 33 cj
1259 1002 136 33 förnyas.
1429 1001 11 26 I
1466 1000 110 34 själfva
1601 1000 107 27 verket
1732 999 81 26 finns
1831 999 140 27 emeiler-

374 1053 46 27 tid
454 1053 68 26 icke
551 1052 9 26 i
586 1051 123 34 Belgien
735 1059 36 18 en
798 1050 79 27 enda
904 1049 159 33 finanslag,
1088 1047 212 28 innefattande
1326 1047 59 26 alla
1411 1048 116 25 statens
1552 1045 174 27 inkomster
1750 1045 60 26 och
1835 1043 133 34 utgifter.

376 1099 71 26 Man
472 1098 106 33 skiljer
602 1097 115 26 mellan
742 1095 158 27 ordinarie
925 1095 60 26 och
1010 1093 247 28 extraordinarie
1281 1091 125 34 utgifter
1430 1091 60 27 och
1515 1091 180 26 inkomster.
1742 1090 45 26 De
1811 1089 159 27 ordinarie

375 1143 167 33 utgifterna
577 1142 50 27 för
661 1141 183 33 budgetåret
873 1140 190 27 bestämmas
1092 1145 111 27 genom
1234 1138 76 26 fDMera
1335 1136 154 27 särskilda
1512 1136 95 33 lagar,
1631 1137 18 25 t
1676 1143 43 19 ex.
1746 1143 37 18 en
1808 1134 49 27 för
1882 1136 88 25 slats-

376 1188 140 31 skulden,
552 1187 165 26 civillistan
748 1186 60 26 och
838 1183 364 34 riksdagskostnaderna,
1227 1191 37 18 en
1290 1182 50 26 för
1364 1181 279 33 krigsministeriet,
1669 1188 36 18 en
1731 1179 49 27 för
1801 1180 168 32 järnvägs-,

376 1235 83 32 post-
495 1232 57 26 och
588 1229 316 35 telegrafministeriet
929 1237 25 18 o.
980 1237 22 18 s.
1027 1237 25 18 v.
1101 1228 44 26 De
1170 1226 159 28 ordinarie
1358 1226 214 26 inkomsterna
1602 1224 168 27 fastställas
1795 1230 111 27 genom
1932 1231 38 19 en

376 1277 135 27 särskild
534 1277 61 32 lag:
621 1276 115 32 budget
760 1275 53 27 des
838 1274 85 27 voies
949 1276 29 25 ct
1002 1281 139 26 moyens,
1163 1273 10 26 i
1197 1271 83 27 kraft
1304 1271 33 27 af
1359 1271 126 26 hvilken
1510 1270 37 27 de
1571 1276 112 27 genom
1708 1268 155 28 särskilda
1884 1269 87 33 lagar

377 1322 140 27 ordnade
547 1321 215 27 inkomsterna
787 1319 30 28 få
842 1321 159 32 upptagas.
1051 1319 92 27 Utom
1168 1317 90 27 dessa
1283 1317 86 33 lagar
1394 1324 51 18 om
1471 1315 37 27 de
1533 1314 159 27 ordinarie
1716 1313 167 34 utgifterna
1908 1314 60 26 och

376 1368 214 26 inkomsterna
615 1373 51 26 ges
693 1365 116 33 årligen
835 1373 36 18 en
897 1364 167 34 speciallag
1089 1371 51 18 om
1166 1363 38 26 de
1228 1361 254 27 extraordinarie.

488 1412 118 27 Genom
631 1411 101 26 denna
758 1409 174 33 anordning
956 1409 61 26 blir
1042 1408 179 33 regeringen
1244 1406 188 32 fullkomligt
1449 1404 157 28 beroende
1624 1404 33 27 af
1672 1403 296 35 representationen.

380 1458 85 26 Inom
503 1457 101 26 denna
639 1456 144 26 kommer
818 1456 127 25 senaten
974 1453 181 33 visserligen
1184 1452 8 27 i
1223 1460 36 19 en
1285 1450 122 27 mindre
1431 1457 152 27 gynnsam
1608 1449 146 33 ställning
1779 1448 190 33 därigenom,

378 1505 43 25 att
445 1502 77 28 efter
546 1501 139 34 engelskt
709 1502 139 25 mönster
872 1499 108 33 hvarje
1003 1499 50 33 lag
1077 1498 135 27 rörande
1236 1496 251 27 statsinkomster
1511 1495 76 27 eller
1611 1493 203 34 staisutgifter
1838 1493 9 26 i
1871 1493 99 27 första

377 1548 86 26 hand
487 1547 78 27 skall
590 1546 127 34 pröfvas
742 1546 60 26 och
828 1544 123 33 afgöras
976 1544 33 26 af
1030 1544 309 33 representanternas
1364 1541 170 32 kammare,
1560 1548 70 18 men
1655 1540 59 26 har
1737 1539 8 26 i
1764 1539 117 26 olikhet
1898 1538 72 27 med

378 1592 157 34 Englands
561 1591 149 27 öfverhus
735 1592 60 25 rätt
820 1592 43 24 att
887 1589 71 27 med
983 1588 168 33 ändringar
1176 1589 110 31 antaga
1310 1585 176 27 finansiella
1509 1585 94 33 lagar,
1629 1592 67 19 som
1722 1583 70 27 från
1809 1591 161 26 represen-

376 1640 160 25 tanternas
560 1637 162 26 kammare
746 1634 203 28 öfversändas
975 1634 50 26 dit.
1074 1633 108 33 Någon
1208 1634 91 31 utväg
1324 1633 43 25 att
1390 1637 112 27 genom
1526 1637 179 26 gemensam
1729 1628 142 33 votering
1896 1628 75 27 eller

378 1683 40 34 på
443 1684 94 25 annat
561 1683 59 25 sätt
645 1681 70 27 slita
740 1680 114 27 mellan
879 1679 167 27 kamrarna
1072 1678 182 34 uppkomna
1280 1675 389 34 meningsskiljaktigheter
1693 1674 82 26 finns
1799 1673 76 27 icke.
1916 1673 54 26 Re-

377 1729 274 32 presentanternas
676 1726 161 26 kammare
861 1725 59 25 har
944 1723 173 27 emellertid
1142 1722 127 27 faktiskt
1293 1730 37 18 en
1356 1720 181 33 obestridlig
1562 1719 162 33 öfvervikt,
1741 1718 118 27 hvilket
1875 1717 95 27 också

378 1781 90 19 anses
493 1772 281 27 öfverensstämma
798 1769 72 27 med
894 1768 239 33 författningens
1159 1767 88 27 anda.

490 1818 11 26 I
538 1816 135 27 Holland
709 1817 34 25 är
779 1815 51 26 det
865 1814 67 26 icke
959 1814 79 26 blott
1062 1812 218 33 finansfrågor,
1306 1819 67 19 som
1401 1810 32 27 af
1455 1810 181 33 regeringen
1662 1808 78 27 först
1765 1808 88 26 skola
1877 1807 94 26 fram-

377 1863 104 33 läggas
517 1862 10 26 i
563 1861 98 27 andra
696 1860 192 32 kammaren,
924 1861 74 24 utan
1028 1858 34 26 så
1086 1857 98 27 måste
1210 1857 54 26 ske
1288 1856 72 27 med
1385 1856 60 26 alla
1469 1853 284 34 regeringsförslag.
1802 1853 91 26 Först
1917 1860 52 18 om

379 1908 102 26 denna
516 1907 161 26 kammare
712 1905 10 26 i
758 1904 185 27 förändradt
973 1903 75 27 eller
1072 1901 207 28 oförändradt
1303 1901 87 26 skick
1415 1900 116 32 antagit
1555 1901 42 25 ett
1621 1898 198 33 regeringens
1844 1897 125 33 förslag,

378 1953 144 26 kommer
558 1951 50 27 det
642 1950 101 27 under
767 1948 191 33 behandling
992 1948 10 26 i
1038 1947 98 27 första
1171 1947 192 32 kammaren,
1389 1945 59 27 och
1474 1944 101 27 denna
1600 1944 59 26 har
1684 1943 38 26 då
1747 1943 76 26 bara
1847 1943 44 25 att
1920 1949 50 19 »en

378 1998 86 26 bloc»
504 1999 111 30 antaga
644 1995 75 27 eller
743 1994 139 27 förkasta
908 1994 56 26 det.
1014 1992 38 27 Så
1077 1992 90 27 äfven
1191 1992 10 26 i
1226 1991 86 33 fråga
1337 1999 51 18 om
1413 1991 116 26 statens
1554 1989 174 26 inkomster
1752 1988 60 26 och
1837 1986 132 33 utgifter.

381 2043 115 33 Hvarje
521 2041 34 27 år
579 2041 99 26 måste
703 2040 179 33 regeringen
909 2038 170 33 framlägga
1104 2037 116 32 förslag
1243 2036 46 27 fill
1314 2036 121 32 budget.
1476 2035 68 26 Men
1570 2034 101 26 denna
1696 2033 185 32 framlägges
1903 2031 68 27 icke

380 2088 60 26 och
465 2088 125 31 antages
616 2086 24 33 cj
667 2085 99 26 heller
790 2084 105 27 såsom
920 2091 35 18 en
980 2083 57 33 lag,
1062 2085 74 23 utan
1161 2081 152 34 uppdelas
1339 2080 8 26 i
1372 2080 83 27 flera.
1490 2080 44 25 De
1558 2079 46 26 till
1628 2078 109 33 hvarje
1754 2077 217 32 förvaltnings-

380 2133 215 33 departement
618 2129 143 28 hörande
785 2128 167 34 utgifterna
976 2127 85 27 bilda
1086 2127 189 26 åtminstone
1299 2133 35 19 en
1360 2124 195 35 själfständig
1580 2124 55 33 lag.
1674 2123 12 26 I
1712 2123 38 26 de
1774 2122 96 33 årliga
1895 2121 76 27 bud-

379 2177 195 34 getslagarna
602 2175 87 27 skola
719 2174 60 27 alla
803 2173 125 34 utgifter
952 2175 159 31 upptagas.
1160 2172 64 26 Och
1251 2171 9 26 i
1285 2179 37 18 en
1348 2169 135 27 särskild
1506 2169 49 33 lag
1579 2168 124 27 anvisas
1729 2168 37 26 de
1790 2167 181 32 inkomster,

380 2231 69 18 som
475 2224 54 24 äro
555 2220 128 27 afsedda
707 2219 45 27 till
776 2219 147 32 täckning
947 2218 33 26 af
1002 2217 173 33 utgifterna.
1224 2216 69 27 Men
1319 2215 51 27 det
1394 2217 34 24 är
1452 2214 68 27 icke
1545 2222 67 18 som
1638 2213 9 26 i
1673 2212 132 33 Belgien,
1831 2214 42 24 att
1891 2211 81 27 skat-

378 2270 90 25 terna
503 2266 145 35 påläggas
685 2264 49 27 för
770 2265 42 26 ett
846 2263 35 27 år
909 2263 9 27 i
947 2262 121 28 sänder.
1117 2262 44 26 De
1186 2263 54 25 äro
1265 2262 135 25 tvärtom
1426 2258 140 28 ordnade
1589 2265 112 27 genom
1726 2256 127 28 stående
1877 2256 94 33 lagar.

382 2313 97 26 Dessa
499 2312 106 26 kunna
627 2310 68 27 icke
717 2309 114 27 ändras
854 2309 74 26 eller
945 2307 177 34 upphäfvas
1139 2313 112 27 genom
1269 2305 132 33 ensidigt
1418 2305 102 26 beslut
1537 2303 33 27 af
1584 2302 177 34 någondera
1779 2302 191 26 kammaren.
