2206 2632
240 753 119 23 Lärarnas

222 786 152 31 kompetens.

401 215 61 29 206
939 215 229 28 Statsutskottets
1195 215 153 28 Utlåtande
1371 215 56 28 N:o
1451 216 30 28 9.

397 291 198 46 förmåner,
623 296 55 31 att
704 292 160 44 verkligt
891 291 154 46 dugliga
1070 292 122 35 lärare
1220 292 140 35 lockats
1388 297 54 29 att
1469 292 90 35 söka
1579 292 229 45 anställning
1826 292 62 35 vid
1908 292 109 36 dessa

399 344 133 35 skolor.
584 342 220 44 Isynnerhet
829 342 70 35 har
925 342 71 35 den
1016 342 332 45 omständigheten,
1369 347 55 30 att
1442 347 120 30 staten
1580 342 80 36 icke
1677 343 143 35 lämnat
1839 343 175 35 särskildt

397 394 133 45 bidrag
568 393 61 35 till
669 392 252 45 ålderstillägg
960 392 37 35 åt
1031 393 160 42 lärarna,
1224 393 6 34 i
1257 392 164 36 nämnda
1456 393 208 35 hänseende
1691 393 130 35 verkat
1847 394 166 44 menligt.

398 444 73 36 För
510 444 71 35 den
618 444 113 44 högre
765 442 231 36 folkskolans
1024 443 216 45 utveckling
1265 443 108 35 torde
1400 443 61 36 det
1488 442 126 36 därför
1640 456 91 22 vara
1758 443 41 35 af
1823 444 193 44 synnerlig

398 496 89 43 vikt,
515 499 56 30 att
598 493 170 46 åtgärder
786 493 181 45 vidtagas,
985 492 59 37 för
1064 498 56 31 att
1137 494 202 44 tillräcklig
1357 494 165 45 aflöning
1539 493 62 36 må
1619 494 128 35 kunna
1765 493 250 37 tillförsäkras

398 547 150 34 lärarna
587 544 65 35 vid
692 544 105 36 dessa
835 544 136 44 skolor,
1012 544 69 35 och
1108 544 107 35 torde
1242 544 103 35 detta
1371 544 215 46 lämpligast
1613 544 63 36 ske
1703 544 227 46 därigenom,
1958 549 55 31 att

399 595 120 36 såsom
545 595 140 36 villkor
710 594 58 36 för
794 594 241 46 statsbidrags
1064 594 219 46 åtnjutande
1311 595 157 44 stadgas,
1497 599 55 31 att
1579 596 150 34 lärarna
1747 595 106 35 skola
1870 595 145 46 åtnjuta

399 659 45 22 en
470 647 74 34 viss
571 645 292 46 begynnelselön
892 646 68 34 och
986 645 98 35 vissa
1111 645 262 45 ålderstillägg,
1401 645 67 35 och
1496 650 55 30 att
1579 650 120 31 staten
1718 646 145 35 lämnar
1881 645 136 45 bidrag

399 697 60 35 till
486 696 102 36 såväl
615 696 338 45 begynnelselönen
980 708 80 23 som
1088 695 311 46 ålderstilläggen.

500 746 58 36 Då
598 747 185 35 storleken
819 745 41 36 af
892 746 44 35 de
964 745 381 46 aflöningsförmåner,
1372 759 79 22 som
1478 746 93 36 böra
1597 746 242 36 tillerkännas
1867 747 149 35 lärarna

400 797 64 36 vid
498 797 117 45 högre
650 796 216 44 folkskolor,
906 797 238 45 naturligtvis
1184 796 116 36 måste
1340 798 221 34 bestämmas
1601 797 84 35 med
1714 797 144 44 hänsyn
1884 797 59 35 till
1971 796 48 36 de

400 846 442 48 kompetensfordringar,
879 859 79 23 som
989 847 107 35 skola
1122 848 206 45 uppställas
1355 846 59 36 för
1440 847 220 45 behörighet
1686 848 59 34 till
1772 847 106 36 dessa
1904 847 114 36 lärar-

400 897 264 46 befattningar,
704 897 191 36 äfvensom
935 898 70 35 den
1045 897 66 45 tid,
1152 897 313 45 undervisningen
1496 897 65 36 vid
1588 897 107 36 dessa
1721 898 126 35 skolor
1874 897 141 46 ärligen

401 949 200 44 meddelas,
629 948 167 36 anhåller
818 948 67 45 jag
911 953 55 30 att
990 947 38 36 få
1054 948 189 35 behandla
1270 948 106 36 dessa
1401 948 63 35 två
1490 947 137 46 frågor,
1655 949 115 34 innan
1795 949 64 46 jag
1880 948 139 36 inlåter

401 1000 77 44 mig
497 999 55 46 på
578 998 131 46 frågan
737 1012 61 22 om
826 999 165 35 lärarnas
1019 999 175 45 aflöning.

501 1049 74 36 För
603 1055 55 29 att
684 1049 312 45 undervisningen
1023 1049 64 35 vid
1115 1048 73 36 den
1215 1049 113 45 högre
1355 1048 213 36 folkskolan
1596 1049 96 34 skall
1719 1048 101 45 gifva
1847 1052 53 32 ett
1926 1048 91 46 godt

401 1101 166 43 resultat,
602 1107 40 28 är
669 1100 61 35 det
756 1099 169 48 tydligen
952 1098 40 36 af
1015 1099 72 35 den
1115 1100 96 34 allra
1237 1104 135 30 största
1397 1098 200 47 betydelse,
1625 1104 55 29 att
1705 1099 58 35 till
1792 1100 119 34 lärare
1938 1099 82 35 där-

401 1151 120 35 städes
549 1150 159 36 erhållas
734 1162 187 33 personer,
947 1150 61 35 väl
1035 1149 261 35 kvalificerade
1316 1148 59 36 för
1394 1149 61 35 det
1473 1149 183 35 särskilda
1675 1148 104 46 syfte,
1797 1148 60 36 för
1875 1150 142 35 hvilket

402 1201 69 36 den
500 1202 117 44 högre
644 1199 212 37 folkskolan
885 1200 156 35 arbetar.
1095 1198 129 37 Såsom
1245 1200 67 45 jag
1338 1199 115 36 redan
1479 1205 143 39 nämnt,
1648 1198 145 37 fordras
1821 1200 117 45 enligt
1964 1214 53 21 nu

402 1252 173 45 gällande
602 1250 229 36 föreskrifter
856 1249 59 36 för
942 1255 54 30 att
1022 1250 131 35 kunna
1179 1255 154 40 antagas
1360 1250 59 35 till
1446 1250 120 35 lärare
1593 1250 63 35 vid
1684 1250 114 45 högre
1829 1250 189 36 folkskola

403 1307 54 30 att
495 1315 93 22 vara
627 1303 61 34 väl
728 1300 191 36 vitsordad
955 1300 57 36 för
1047 1300 142 36 studier
1222 1300 136 36 idkade
1390 1300 63 35 vid
1480 1300 218 36 universitet
1725 1301 68 35 och
1821 1306 55 30 att
1902 1300 116 36 hafva

401 1352 85 36 med
513 1352 92 46 godt
632 1351 141 37 vitsord
800 1351 216 48 genomgått
1043 1350 71 36 den
1141 1351 193 46 praktiska
1361 1350 287 45 öfningskursen
1665 1351 65 36 vid
1749 1356 52 30 ett
1819 1351 201 36 folkskole-

403 1403 249 35 seminarium.
706 1401 172 37 Sökande
918 1400 189 41 behöfver.
1136 1401 139 36 således
1302 1401 80 35 icke
1409 1402 87 42 visa,
1525 1406 56 30 att
1608 1402 74 34 han
1709 1401 64 36 vid
1800 1402 218 35 universitet

404 1454 113 45 aflagt
543 1453 125 47 någon
696 1465 157 24 examen
881 1453 89 34 eller
997 1464 62 24 ens
1087 1452 124 45 någon
1237 1457 199 30 tentamen.
1474 1451 169 36 Fordran
1669 1452 48 46 på
1736 1465 156 23 examen
1911 1453 110 35 torde

402 1505 79 35 icke
520 1504 129 35 kunna
689 1503 216 46 uppställas.
958 1502 142 36 Hittills
1141 1502 110 36 hafva
1293 1502 130 36 endast
1462 1503 119 34 sällan
1622 1502 120 36 såsom
1769 1503 163 36 sökande
1959 1504 60 34 till

402 1553 312 46 lärarbefattning
753 1553 63 36 vid
858 1554 113 44 högre
1011 1552 188 36 folkskola
1226 1554 141 35 anmält
1393 1554 55 46 sig
1474 1566 187 32 personer,
1689 1566 79 22 som
1796 1553 113 46 aflagt
1935 1554 86 35 full-

404 1605 148 45 ständig
579 1618 156 22 examen
763 1604 63 35 vid
855 1604 225 44 universitet,
1108 1611 89 28 enär
1223 1603 106 36 dessa
1356 1603 115 36 hellre
1499 1609 113 39 ägnat
1635 1604 56 45 sig
1709 1603 37 35 åt
1764 1604 46 36 de
1829 1604 192 36 allmänna

404 1656 219 35 läroverken
660 1655 67 35 och
753 1654 462 43 folkskoleseminarierna,
1243 1655 68 35 och
1338 1654 123 45 någon
1490 1654 141 45 ökning
1658 1653 41 36 af
1722 1655 141 34 antalet
1891 1654 129 45 dylika

405 1706 162 35 sökande
607 1706 107 35 torde
752 1705 82 35 icke
865 1717 90 23 vara
982 1709 55 30 att
1063 1704 184 45 förvänta,
1275 1705 113 35 sedan
1415 1717 134 33 genom
1578 1704 71 36 den
1677 1704 40 35 år
1746 1706 97 34 1904
1871 1718 151 31 genom-

403 1755 108 37 förda
550 1756 319 45 löneregleringen
910 1754 59 36 för
1007 1756 322 45 lärarpersonalen
1356 1755 63 35 vid
1447 1754 104 36 dessa
1578 1756 261 35 läroanstalter
1865 1756 159 35 lönerna

404 1806 57 36 för
488 1806 123 36 denna
637 1807 173 45 personal
838 1804 124 37 blifvit
988 1806 202 46 väsentligt
1215 1805 240 36 förbättrade.
1508 1804 73 37 Om
1608 1804 158 37 sålunda
1791 1804 154 37 fordran
1972 1806 49 46 på

405 1857 123 45 aflagd
556 1857 215 35 akademisk
799 1868 157 23 examen
982 1856 80 35 icke
1089 1856 75 35 kan
1183 1857 216 46 uppställas,
1419 1868 106 31 synes
1544 1856 78 44 mig
1641 1856 94 35 dock
1753 1856 93 35 böra
1863 1855 158 46 fordras,

406 1913 54 30 att
499 1907 166 36 sökande
704 1908 95 34 skall
840 1919 133 33 genom
1008 1906 215 36 företeende
1250 1906 41 36 af
1312 1907 108 47 intyg
1447 1919 60 23 om
1534 1906 282 46 genomgången
1843 1906 181 46 pröfning

405 1959 138 44 styrka,
572 1963 56 30 att
654 1959 73 34 han
755 1964 41 28 är
823 1958 62 34 väl
912 1957 192 35 vitsordad
1131 1956 59 36 för
1217 1957 139 36 studier
1382 1957 63 35 vid
1472 1957 226 35 universitet.

505 2008 72 36 Det
613 2008 106 36 torde
755 2007 207 36 emellertid
989 2021 91 21 vara
1107 2007 234 46 nödvändigt
1368 2013 54 29 att
1449 2007 39 36 så
1514 2007 180 36 förändra
1720 2008 302 45 kompetensvill-

405 2059 125 44 koren,
560 2064 55 30 att
642 2058 163 36 sökande
831 2059 60 34 till
918 2058 290 46 lärarplatserna
1234 2058 61 35 må
1322 2059 127 34 kunna
1476 2058 160 36 erhållas
1663 2057 110 36 äfven
1800 2056 84 37 från
1904 2058 118 35 andra

405 2108 87 44 håll,
528 2117 48 28 än
613 2121 80 23 som
720 2108 93 36 afses
840 2108 85 35 med
953 2108 218 36 nuvarande
1198 2109 285 35 bestämmelser.
1535 2107 74 37 Att
1635 2120 185 34 personer,
1848 2120 80 24 som
1955 2116 65 28 äro

406 2159 179 46 behöriga
621 2165 55 30 att
703 2160 90 35 söka
820 2158 388 46 adjunktsbefattning
1232 2159 64 36 vid
1325 2160 157 34 allmänt
1508 2159 172 35 läroverk
1707 2158 90 35 eller
1823 2157 200 37 folkskole-

407 2209 250 46 seminarium,
697 2210 108 36 äfven
847 2211 92 34 böra
978 2222 90 23 vara
1100 2210 241 45 kompetenta
1367 2209 59 36 för
1451 2210 69 34 här
1544 2208 286 46 ifrågavarande
1856 2210 167 45 tjänster,

407 2272 106 32 synes
549 2260 79 45 mig
659 2273 89 22 vara
774 2260 219 46 uppenbart.
1045 2259 86 36 Men
1154 2261 66 44 jag
1247 2272 116 32 anser,
1391 2264 54 31 att
1472 2259 62 36 det
1561 2259 109 36 äfven
1698 2259 119 35 skulle
1843 2272 91 23 vara
1960 2259 59 35 till
