2200 2636
733 187 228 31 Statsutskottets
989 189 153 30 Utlåtande
1164 191 57 28 N:o
1244 193 27 27 9.
1752 191 60 30 27

196 260 431 48 undervisningskurser,
664 263 157 49 afgifvas
857 266 205 47 graderade
1097 267 123 46 betyg,
1255 281 80 23 som
1375 269 120 36 skulle
1521 269 146 48 intagas
1694 270 12 35 i
1734 283 81 23 exa-

197 313 341 44 mensprotokollet.
592 313 218 39 Skillnaden
837 318 138 35 mellan
1003 323 142 31 ämnets
1172 319 218 37 nuvarande
1418 320 70 35 och
1506 319 216 46 ifrågasatta
1740 334 75 34 nya

199 362 178 48 ställning
416 364 121 37 skulle
577 365 107 36 alltså
723 380 90 23 vara
853 367 82 46 den,
977 373 55 31 att
1065 369 112 46 ingen
1204 370 55 35 tid
1288 369 95 37 efter
1410 371 154 36 kursens
1591 372 75 35 slut
1693 372 121 35 skuile

198 412 158 38 dehöfva
383 421 114 39 ägnas
524 415 38 36 åt
588 419 366 45 tentamensläsning,
981 424 97 31 samt
1104 425 55 30 att
1185 420 63 36 vid
1276 420 227 48 pröfningen
1530 423 11 34 i
1570 427 124 31 ämnet
1719 423 95 35 intet

197 463 119 36 skulle
342 463 243 49 förekomma,
612 480 80 23 som
720 468 30 45 ej
779 469 146 36 läraren
953 469 120 37 under
1099 471 137 36 kursen
1264 472 228 45 genomgått.
1547 472 74 36 Till
1648 473 81 35 stöd
1754 472 60 36 för

199 513 100 36 detta
334 514 141 48 förslag
502 516 131 37 anföra
661 518 44 36 de
732 519 210 37 tillkallade
969 521 243 46 sakkunnige,
1240 527 54 30 att
1323 523 223 45 histologien
1573 531 41 28 är
1641 529 52 30 ett
1720 524 93 35 läro-

198 571 106 30 ämne
332 565 41 36 af
397 566 72 37 den
497 574 68 39 art,
592 574 54 30 att
673 569 61 36 det
758 569 290 50 hufvudsakliga
1074 572 130 36 värdet
1231 572 59 36 för
1316 573 243 46 lärjungarna
1582 573 81 47 låge
1681 575 11 35 i
1711 574 102 36 hvad

196 615 45 36 de
281 616 125 37 kunde
446 618 168 36 inhämta
653 632 134 33 genom
828 633 91 33 egen
958 622 218 46 iakttagelse
1208 623 119 37 under
1353 624 138 36 kursen
1519 625 69 35 och
1616 625 31 47 ej
1676 625 63 36 vid
1768 638 45 23 en

196 665 89 47 lång
307 670 358 46 tentamensläsning
686 670 92 37 efter
805 671 226 37 densamma.
1068 673 161 36 Landets
1261 675 173 45 samtliga
1461 676 120 35 lärare
1608 676 11 35 i
1641 676 173 46 histologi

196 717 96 36 hade
319 719 68 35 ock
414 720 185 36 vitsordat
625 721 225 48 riktigheten
879 722 41 36 af
943 723 123 36 denna
1093 723 252 49 uppfattning,
1365 726 11 34 i
1397 725 62 36 det
1483 726 40 35 de
1535 727 278 45 samstämmigt

195 766 216 47 framhållit,
452 776 55 30 att
546 772 93 35 intet
675 771 162 37 fordrats
865 774 60 35 till
952 779 190 32 tentamen
1169 775 148 37 utöfver
1344 776 100 36 hvad
1471 789 80 23 som
1579 773 233 55 genomgåtts

195 818 49 46 på
270 819 146 36 kursen.
469 821 73 36 Det
576 822 118 36 andra
720 824 119 35 skälet
864 823 59 37 för
950 824 46 37 de
1022 826 209 36 tillkallade
1259 827 250 46 sakkunniges
1536 827 141 46 förslag
1704 827 108 48 angå-

197 868 92 37 ende
316 870 225 47 histologien
569 872 96 37 hade
692 875 98 34 varit
817 875 71 35 den
916 875 301 47 uppfattningen,
1246 884 54 29 att
1323 882 53 31 ett
1403 883 144 41 strängt
1570 879 242 45 särskiljande

195 920 139 36 mellan
362 921 223 47 histologien
613 924 68 35 och
709 925 71 35 den
809 924 120 47 öfriga
957 928 215 35 anatomien
1199 928 181 36 innebure
1404 942 45 22 en
1468 928 82 36 fara
1568 930 12 34 i
1599 930 213 46 vetenskap-

195 971 70 46 ligt
305 970 183 49 afseende,
529 973 151 38 hvilken
716 976 12 34 i
764 976 120 36 sinom
924 977 56 35 tid
1015 977 117 37 måste
1165 983 152 40 antagas
1344 979 171 36 medföra
1542 992 270 33 ogynnsamma

195 1021 273 38 konsekvenser
508 1023 108 37 äfven
656 1024 59 37 för
743 1026 325 48 undervisningen.
1115 1027 71 38 Om
1223 1030 190 46 nämligen
1441 1030 102 36 detta
1570 1030 242 46 särskiljande

195 1072 140 36 mellan
375 1073 223 47 histologien
639 1077 68 35 och
747 1079 230 35 anatomiens
1018 1078 120 47 öfriga
1175 1080 103 35 delar
1309 1080 124 37 blefve
1460 1081 89 36 fullt
1575 1081 237 46 genomfördt

197 1123 68 35 och
305 1123 102 36 detta
447 1124 108 37 äfven
596 1127 85 36 med
714 1126 170 39 afseende
911 1129 47 47 på
985 1130 216 45 grunderna
1226 1130 59 36 för
1312 1131 224 37 hithörande
1563 1131 249 47 befordrings-

194 1172 144 48 frågors
379 1174 212 47 afgörande,
632 1177 39 36 så
711 1178 124 36 kunde
873 1179 103 36 detta
1003 1180 146 36 befaras
1176 1181 179 46 medföra,
1383 1187 55 31 att
1464 1188 347 41 representanterna

193 1222 60 37 för
280 1224 72 36 den
379 1226 308 48 makroskopiska
715 1231 211 35 anatomien
954 1231 69 35 och
1051 1232 224 46 histologien
1302 1233 119 36 skulle
1445 1233 117 36 blifva
1579 1233 233 36 främmande

193 1273 59 36 för
278 1274 230 38 hvarandras
536 1277 405 48 forskningsområden.
987 1281 92 36 Lika
1105 1282 90 36 visst
1222 1295 79 23 som
1330 1296 45 22 en
1394 1283 106 48 dylik
1519 1283 207 46 ensidighet
1744 1284 67 35 hos

192 1325 150 35 lärarna
368 1339 89 24 vore
485 1333 54 30 att
566 1329 158 46 beklaga
751 1343 44 22 ur
821 1332 259 46 vetenskaplig
1107 1334 202 46 synpunkt,
1328 1334 77 35 lika
1423 1335 62 34 väl
1504 1335 118 35 skulle
1641 1335 63 35 det
1721 1348 91 22 vara

194 1375 51 35 all
259 1376 124 44 grund
398 1382 56 31 att
473 1377 137 47 frukta,
630 1385 55 30 att
703 1380 71 36 den
793 1381 121 36 skulle
933 1383 153 35 inverka
1106 1389 224 40 ogynnsamt
1348 1384 48 47 på
1412 1385 104 35 deras
1532 1385 277 46 undervisning.

294 1426 238 39 Beträffande
559 1429 296 48 farmakologien
883 1432 136 36 föreslå
1047 1433 45 36 de
1114 1433 210 37 tillkallade
1352 1436 243 47 sakkunnige,
1615 1441 52 30 att
1687 1443 123 29 ämnet

193 1476 95 35 skall
323 1478 91 47 utgå
445 1492 46 23 ur
521 1480 182 37 medicine
730 1482 342 37 kandidatexamen
1100 1485 68 35 och
1195 1484 188 47 förläggas
1411 1487 58 35 till
1496 1486 180 36 medicine
1703 1487 106 35 licen-

193 1528 228 37 tiatexamen
449 1529 49 47 på
525 1530 39 36 så
591 1536 83 41 sätt,
703 1538 54 30 att
784 1533 46 36 de
857 1534 226 37 studerande
1110 1536 120 35 skulle
1258 1535 77 37 dels
1365 1537 119 36 under
1503 1537 71 36 den
1593 1536 217 47 ifrågasatta

193 1578 290 47 propedeutiska
511 1582 424 48 undervisningskursen
963 1586 64 35 vid
1056 1587 282 36 universitetens
1357 1587 229 37 medicinska
1605 1588 67 35 och
1692 1589 117 34 kirur-

193 1628 105 44 giska
324 1630 162 37 kliniker
513 1632 140 36 erhålla
681 1647 45 22 en
754 1634 178 36 öfversikt
959 1635 105 37 öfver
1090 1636 45 36 de
1162 1638 183 44 viktigare
1364 1638 232 36 läkemedlen
1616 1639 69 35 och
1704 1638 105 36 deras

193 1679 237 47 verkningar,
458 1682 77 35 dels
564 1683 68 35 ock
660 1683 92 36 efter
778 1685 123 45 någon
929 1686 74 35 tids
1031 1687 249 47 tjänstgöring
1307 1687 21 36 å
1367 1689 214 35 karolinska
1607 1689 203 35 institutets

195 1728 161 37 kliniker
399 1733 185 45 genomgå
624 1747 44 21 en
709 1733 258 48 föreläsnings-
1009 1737 69 34 och
1124 1737 414 46 demonstrationskurs,
1580 1738 230 37 omfattande

194 1778 353 47 farmakodynamik
584 1784 68 35 och
688 1785 114 45 nödig
833 1786 172 46 kunskap
1034 1788 12 34 i
1074 1788 157 35 svenska
1257 1787 257 49 farmakopén,
1542 1789 150 36 hvilken
1720 1790 89 35 kurs

195 1830 120 35 skulle
356 1831 155 37 afslutas
552 1834 84 35 med
676 1836 173 35 särskildt
885 1836 139 36 förhör.
1077 1838 73 36 Till
1187 1838 82 36 stöd
1296 1837 59 37 för
1382 1839 103 36 detta
1511 1839 141 46 förslag
1679 1839 131 36 anföra

195 1879 45 36 de
267 1881 241 47 sakkunnige,
536 1889 55 30 att
618 1885 103 36 läran
750 1899 60 22 om
838 1887 232 36 läkemedlen
1094 1889 68 35 och
1183 1888 105 37 deras
1308 1890 181 35 inverkan
1507 1890 48 47 på
1574 1891 235 45 organismen

192 1929 94 37 först
313 1931 46 36 då
386 1933 75 36 kan
488 1935 85 35 med
599 1934 197 48 framgång
822 1938 178 45 studeras,
1028 1946 67 28 när
1122 1939 378 37 läkarkandidaterna
1519 1941 148 36 erhållit
1686 1941 122 45 någon

195 1981 137 36 klinisk
352 1983 218 37 erfarenhet.
616 1986 81 35 Den
725 1989 280 46 vetenskapliga
1032 1989 255 46 förklaringen
1315 1990 104 36 öfver
1440 1992 247 35 läkemedlens
1707 1992 102 34 verk-

196 2032 141 45 ningar,
379 2034 152 36 hvilken
565 2035 62 36 det
658 2037 127 35 tillhör
812 2037 400 49 farmakodynamiken
1240 2045 54 31 att
1321 2041 179 43 meddela,
1527 2043 99 44 finge
1654 2047 51 30 ett
1733 2042 76 35 helt

196 2088 113 29 annat
346 2084 112 35 värde
497 2086 69 34 och
596 2086 164 45 intresse,
788 2100 60 23 om
877 2095 124 29 ämnet
1028 2088 164 37 förlades
1220 2091 57 34 till
1305 2090 223 47 tidpunkten
1556 2092 91 35 efter
1675 2092 62 36 det
1764 2092 45 35 de

196 2131 222 55 studerande
456 2134 148 36 erhållit
635 2135 122 46 någon
784 2137 211 36 kännedom
1024 2152 61 23 om
1113 2140 45 35 de
1186 2141 99 34 olika
1313 2141 266 44 sjukdomarna
1606 2143 69 35 och
1703 2143 106 35 deras

195 2189 120 30 natur.
368 2188 34 32 Å
439 2185 117 35 andra
593 2186 105 36 sidan
734 2188 98 44 finge
869 2188 45 35 de
951 2189 224 36 studerande
1204 2190 78 36 icke
1310 2191 116 36 sakna
1454 2192 127 46 hvarje
1608 2194 113 34 insikt
1748 2206 61 21 om
