2204 2646
758 194 230 30 Statsutskottets
1016 196 153 30 Utlåtande
1191 197 58 30 N:o
1274 199 27 27 9.
1771 200 61 30 209

214 266 158 36 berörda
408 268 123 37 städer
566 269 102 37 såväl
695 271 340 48 begynnelselönen
1063 286 80 23 som
1170 273 300 48 ålderstilläggen
1498 276 90 46 utgå
1614 277 85 36 med
1727 279 100 45 lägre

213 316 136 48 belopp
376 325 47 29 än
449 318 59 37 för
535 321 158 45 lärarna,
721 321 206 47 hvarjämte
954 323 110 37 äfven
1090 324 68 36 bör
1179 325 268 47 ihågkommas,
1467 332 55 30 att
1539 327 13 35 i
1572 327 44 36 de
1635 328 193 36 bestämda

212 367 183 37 kontanta
421 370 423 46 aflöningsförmånerna
869 373 107 47 ingår
1004 376 204 46 ersättning
1233 376 59 36 för
1317 377 135 36 bostad
1480 378 69 36 och
1575 378 158 37 bränsle.

314 417 71 38 Om
415 421 67 45 jag
517 421 158 37 sålunda
702 436 107 23 anser
836 423 45 37 de
907 425 13 35 i
947 426 191 36 motionen
1166 426 235 38 framställda
1427 427 142 48 förslag
1594 429 232 37 beträffande

211 469 422 47 aflöningsförmånerna
658 473 59 36 för
744 475 148 35 lärarna
919 476 64 36 vid
1010 476 46 36 de
1083 478 114 45 högre
1223 477 258 38 folkskolorna
1502 480 80 35 icke
1601 494 91 22 vara
1710 480 116 37 öfver-

212 519 133 47 drifna,
386 522 74 36 kan
489 523 68 46 jag
591 524 95 36 dock
712 525 80 35 icke
817 526 13 34 i
858 526 75 35 allo
962 528 149 35 ansluta
1137 529 77 45 mig
1240 529 59 35 till
1326 542 143 23 samma
1494 530 149 47 förslag.
1697 530 129 38 Såsom

210 570 211 48 Riksdagen
447 574 13 34 i
488 574 56 35 sin
584 574 190 37 skrifvelse
810 574 216 48 framhållit,
1063 578 144 46 åtnjuta
1233 578 324 48 folkskollärarna,
1583 582 87 36 med
1697 583 129 36 hvilka

210 622 149 36 lärarna
394 623 64 36 vid
494 624 44 36 de
575 625 114 46 högre
715 625 259 39 folkskolorna
1001 634 146 30 snarast
1174 637 63 28 äro
1266 635 54 30 att
1341 630 173 47 jämföra,
1541 633 80 35 icke
1648 646 102 23 mera
1777 640 48 29 än

210 674 20 34 3
273 673 266 47 älderstillägg;
580 677 68 35 och
689 677 76 35 lika
804 677 136 47 många
980 687 64 28 äro
1085 679 108 37 äfven
1222 680 300 48 ålderstilläggen
1550 682 59 36 för
1635 685 189 35 lärarna
1804 669 25 63 i

209 724 189 36 läsämnen
426 725 63 36 vid
517 725 470 40 Tfolkskoleseminariernas
1021 729 285 47 öfningsskolor.
1335 732 75 36 Vid
1437 733 133 36 sådant
1587 733 237 38 förhållande

208 787 108 24 anser
354 776 69 45 jag,
465 782 54 29 att
555 777 109 36 äfven
691 777 59 37 för
776 780 148 35 lärarna
951 780 65 36 vid
1043 781 72 35 den
1142 782 114 45 högre
1282 782 213 37 folkskolan
1523 784 301 48 ålderstilläggen

207 825 93 36 böra
327 839 91 22 vara
446 829 19 33 3
495 828 59 34 till
581 830 151 43 antalet,
761 835 55 29 att
842 831 89 45 utgå
959 830 92 37 efter
1078 833 205 45 respektive
1312 836 32 42 5,
1375 836 45 34 10
1449 835 68 35 och
1548 837 43 33 15
1622 835 57 36 års
1698 837 126 45 tjänst-

207 877 142 45 göring.
404 877 341 46 Begynnelselönen
784 880 107 36 torde
932 882 168 36 däremot
1139 883 92 36 böra
1270 889 112 31 sättas
1423 885 115 46 något
1577 886 125 46 högre,
1737 887 86 35 än
1801 873 25 63 i

206 928 190 35 motionen
422 927 219 48 föreslagits,
668 931 91 35 eller
785 931 59 35 till
874 933 107 42 1,500
1008 933 153 45 kronor;
1182 934 102 36 detta
1303 936 175 35 särskildt
1496 936 85 36 med
1600 937 145 44 hänsyn
1764 938 59 35 till

206 977 45 36 de
286 977 342 48 begynnelselöner,
665 994 79 22 som
770 982 13 35 i
811 994 45 23 en
883 983 138 46 mängd
1049 984 123 36 städer
1199 998 154 23 numera
1380 986 90 46 utgå
1496 987 59 35 till
1582 988 151 35 lärarna
1758 988 65 36 vid

206 1028 72 36 den
306 1030 186 45 egentliga
517 1029 224 38 folkskolan.
794 1032 73 36 För
894 1033 122 37 denna
1044 1035 114 45 högre
1185 1035 292 48 begynnelselön
1505 1039 97 35 talar
1621 1037 109 38 äfven
1750 1039 72 36 den

206 1079 332 47 omständigheten,
579 1087 65 39 att,
686 1096 60 22 om
786 1083 101 36 hvad
921 1085 67 47 jag
1024 1086 129 45 längre
1192 1085 96 37 fram
1324 1088 169 36 kommer
1520 1093 55 31 att
1601 1088 138 37 föreslå
1764 1089 59 36 be-

204 1129 185 37 träffande
415 1132 307 47 pensionsfrågan
749 1134 134 36 varder
909 1136 205 45 godkändt,
1133 1138 149 35 lärarna
1301 1138 64 36 vid
1384 1138 71 36 den
1475 1140 114 45 högre
1607 1138 214 38 folkskolan

204 1181 151 35 komma
382 1187 55 30 att
463 1182 37 36 få
527 1183 207 37 vidkännas
762 1184 102 37 såväl
891 1185 149 47 afgifter
1058 1188 59 34 till
1136 1188 56 35 sin
1211 1201 89 32 egen
1321 1190 263 47 pensionering
1602 1203 79 23 som
1702 1191 119 36 ökade

203 1230 148 47 afgifter
377 1233 59 35 till
464 1233 111 36 änke-
603 1235 68 35 och
697 1235 268 47 pupillkassan.
1011 1237 146 36 Varder
1182 1238 338 46 begynnelselönen
1540 1246 73 30 satt
1630 1242 60 34 till
1712 1243 107 44 1,500

202 1282 149 45 kronor,
380 1283 67 35 och
474 1283 117 37 blifva
618 1284 300 47 ålderstilläggen
945 1287 192 36 bestämda
1163 1288 59 36 till
1250 1291 32 43 3,
1310 1290 201 36 hvartdera
1533 1291 21 35 å
1578 1293 72 34 300
1669 1292 149 44 kronor,

200 1333 13 35 i
240 1333 143 36 hvilket
421 1333 67 36 fall
528 1335 188 36 slutlönen
744 1336 147 36 komme
920 1342 55 31 att
1001 1338 126 46 uppgå
1152 1339 59 35 till
1239 1341 107 42 2,400
1374 1341 150 45 kronor,
1552 1342 116 45 torde,
1697 1342 122 36 därest

200 1383 12 35 i
239 1383 246 37 betraktande
512 1389 112 41 tages,
654 1391 55 30 att
735 1386 193 37 förmånen
957 1387 41 36 af
1022 1389 132 36 bostad
1182 1390 68 35 och
1277 1390 147 36 bränsle
1452 1391 107 36 torde
1581 1393 128 35 kunna
1727 1406 90 34 upp-

202 1434 140 35 skattas
371 1435 60 35 till
464 1440 52 31 ett
542 1436 114 36 värde
683 1436 42 36 af
749 1439 199 35 300—400
976 1439 148 44 kronor,
1152 1446 96 30 samt
1275 1446 54 30 att
1356 1441 462 38 lefnadsomkostnaderna

200 1485 13 34 i
241 1485 206 36 allmänhet
474 1493 64 29 äro
566 1486 171 47 billigare
765 1488 20 35 å
812 1489 261 48 landsbygden
1101 1498 47 28 än
1165 1491 12 35 i
1197 1491 182 46 städerna,
1400 1492 45 36 de
1466 1492 42 36 af
1522 1494 76 44 mig
1616 1493 200 37 förordade

201 1534 325 38 löneförmånerna
553 1537 57 36 stå
636 1539 11 34 i
674 1539 173 46 lämpligt
873 1539 236 38 förhållande
1134 1541 59 36 till
1213 1542 324 37 löneförmånerna
1555 1543 58 36 för
1632 1545 44 35 de
1695 1545 121 36 bättre

201 1586 169 36 aflönade
396 1586 117 37 bland
539 1586 321 39 folkskollärarna.
904 1591 74 45 Jag
1004 1592 68 35 vill
1099 1592 163 46 tillägga,
1290 1599 54 30 att
1370 1594 86 35 med
1484 1595 71 35 den
1575 1594 41 36 af
1630 1595 76 46 mig
1724 1594 92 37 före-

202 1637 129 44 slagna
357 1637 183 36 kontanta
568 1639 212 46 aflöningen
808 1653 44 23 en
876 1642 120 35 lärare
1016 1642 148 36 komme
1183 1648 54 30 att
1256 1643 118 37 under
1393 1644 69 36 den
1485 1645 165 46 30-åriga
1669 1647 147 45 tjänste-

200 1686 65 45 tid,
293 1700 78 23 som
397 1687 147 37 fordras
571 1688 59 37 för
658 1695 53 30 att
738 1691 151 35 komma
914 1692 13 35 i
955 1692 219 46 åtnjutande
1201 1693 41 35 af
1265 1694 60 35 hel
1351 1696 166 44 pension,
1536 1696 170 45 uppbära
1724 1710 91 22 sam-

200 1738 193 46 manlagdt
419 1738 135 46 precist
581 1752 142 23 samma
749 1741 147 46 belopp,
925 1755 79 22 som
1032 1743 75 35 han
1125 1743 119 36 under
1262 1756 142 24 samma
1422 1746 56 34 tid
1497 1746 119 35 skulle
1635 1746 179 46 uppbära,

201 1802 60 22 om
289 1789 92 35 hans
408 1789 165 45 aflöning
599 1791 153 45 utginge
778 1791 12 35 i
811 1792 163 45 enlighet
991 1793 87 35 med
1097 1793 99 36 hvad
1215 1795 11 34 i
1245 1795 190 35 motionen
1455 1795 219 46 föreslagits.
1702 1796 113 36 Detta

199 1839 162 45 framgår
388 1838 41 36 af
452 1838 165 47 följande
643 1841 118 36 tablå:

1009 1927 53 23 Den
1083 1928 25 22 af
1125 1928 50 30 mig
1195 1928 137 31 föreslagna
1409 1930 54 23 Den
1484 1930 6 22 i
1511 1931 124 22 motionen
1657 1931 121 30 föreslagna
1801 1915 13 40 |

1068 1961 209 31 löneregleringen
1496 1964 215 31 löneregleringen

1093 2027 7 6 a
1188 2020 94 16 summa
1302 2015 75 22 under
1513 2029 8 9 o
1599 2013 106 25 |summa
1725 2016 76 22 under

1028 2036 43 23 per
1091 2036 26 15 ar
1262 2046 46 23 riod
1449 2038 44 23 per
1511 2039 26 14 är
1693 2048 38 23 iod

1056 2062 27 22 kr
1225 2054 116 22 perioden
1478 2064 27 22 kr
1647 2056 118 22 perioden

1086 2079 4 5 ”
1266 2079 35 23 kr.
1508 2082 5 5 "
1690 2081 35 23 kr.

1037 2134 74 29 1,500
1256 2135 74 30 7,500
1460 2138 73 30 1,400
1682 2138 75 30 7,000

1039 2168 72 30 1,300
1255 2169 74 30 2,000
1459 2171 74 31 1,700
1680 2172 76 30 8,500

1036 2201 74 30 2,100
1241 2203 88 30 10,500
1458 2205 74 30 2,000
1664 2205 91 31 10,000

1036 2234 75 30 2,400
1239 2237 90 23 12,000
1458 2239 75 27 2,300
1664 2239 91 30 11,500

282 2285 3 3 ,
1037 2268 74 29 2,400
1238 2270 91 29 24,000
1458 2273 75 28 2,600
1662 2273 92 27 26,000

219 2320 32 23 30
270 2317 26 25 år
840 2318 117 23 Summa:
1238 2321 91 31 63,000
1382 2313 6 41 I
1661 2323 93 31 63,000

294 2358 64 26 Bih.
377 2358 44 26 till
438 2358 99 26 Riked.
558 2357 73 27 Prot.
656 2357 82 26 1907.
776 2358 16 25 4
812 2358 82 26 Saml.
934 2360 14 24 1
969 2358 69 34 Afd.
1075 2361 19 24 9
1114 2360 78 33 Hiäift.
1680 2365 31 25 27
