2200 2632
391 207 62 30 260
929 209 228 29 Statsutskottets
1186 209 154 28 Utlåtande
1363 209 60 28 N:o
1447 210 27 27 9.

394 285 198 44 studierna,
636 285 67 35 har
741 285 224 36 kommittén
992 284 201 49 föreslagit,
1221 290 54 30 att
1302 284 397 37 medicinsk-filosofisk
1727 296 156 24 examen
1911 282 98 37 skall

393 335 185 45 afskaffas,
620 341 55 30 att
714 335 59 36 för
811 335 226 47 inskrifning
1066 337 13 34 i
1106 336 202 36 medicinsk
1334 335 162 36 fakultet
1522 336 97 35 skall
1647 334 184 37 erfordras
1859 338 55 31 att
1941 333 64 36 vid

393 386 124 46 aflagd
555 386 376 46 mogenhetsexamen
968 387 89 36 eller
1082 385 346 49 fyllnadspröfning
1453 387 59 34 till
1540 399 142 22 samma
1709 397 155 24 examen
1892 383 114 37 hafva

393 437 148 35 erhållit
579 437 144 36 vitsord
758 450 60 22 om
857 438 115 35 minst
1010 436 198 46 godkända
1247 437 155 35 insikter
1429 437 12 35 i
1468 436 305 36 naturalhistoria
1800 435 68 36 och
1895 433 111 48 fysik,

394 486 190 37 äfvensom
623 486 132 37 sådant
794 487 142 36 vitsord
977 489 12 34 i
1028 488 216 35 matematik
1284 487 21 35 å
1342 487 210 46 latinlinjen
1578 487 30 35 B
1637 487 90 35 eller
1753 486 21 35 å
1799 486 213 45 reallinjen,

392 538 195 35 hvaremot
613 538 143 36 vitsord
784 551 61 23 om
871 538 156 36 insikter
1054 539 11 34 i
1092 539 92 34 latin
1213 538 29 47 ej
1271 537 130 37 vidare
1428 538 119 35 skulle
1566 536 184 37 erfordras
1768 536 59 36 för
1845 535 162 36 idkande

394 587 42 36 af
458 588 226 36 medicinska
711 588 149 44 studier,
890 594 95 30 samt
1013 594 53 30 att
1094 588 42 36 af
1158 589 73 35 den
1258 588 230 36 medicinska
1513 587 207 36 fakulteten
1748 587 104 35 skola
1878 587 60 34 till
1957 598 51 23 er-

394 639 164 46 sättning
596 638 60 36 för
694 638 399 37 medicinsk-filosofisk
1125 652 155 23 examen
1308 639 188 35 anordnas
1522 639 60 35 till
1610 638 45 36 de
1681 637 228 36 medicinska
1935 641 74 34 stu-

393 689 130 36 dierna
547 688 270 37 förberedande
843 690 131 36 kurser
1000 690 12 34 i
1038 689 98 45 fysik
1164 690 68 35 och
1259 690 109 43 kemi,
1398 688 152 37 afsedda
1578 694 55 30 att
1650 689 247 35 tillsammans
1916 700 92 35 upp-

392 745 88 42 taga
507 753 45 22 en
579 740 201 35 lästermin.

496 790 16 35 I
539 790 106 46 fråga
673 803 61 23 om
760 791 150 35 latinets
936 790 188 44 betydelse
1152 789 58 37 för
1234 790 370 45 läkarutbildningen
1633 788 109 36 anför
1773 789 242 43 kommittén,

395 846 56 30 att
490 840 59 36 för
587 841 46 35 de
669 841 227 36 medicinska
925 841 172 36 examina
1123 840 115 46 något
1264 840 166 35 studium
1459 840 41 35 af
1524 840 163 46 arbeten,
1715 839 142 36 skrifna
1884 838 49 47 på
1959 839 54 34 la-

394 891 124 35 tinska
558 891 160 46 språket,
758 904 157 23 numera
947 891 150 36 alldeles
1125 892 80 35 icke
1230 891 106 36 torde
1362 890 241 36 förekomma.
1656 888 129 38 Afven
1813 902 61 23 om
1903 889 105 35 dessa

395 942 151 35 arbeten
586 941 59 36 för
685 943 55 34 sin
781 942 54 35 tid
877 942 98 35 varit
1014 941 41 36 af
1091 946 77 31 stor
1194 941 201 48 betydelse,
1422 941 125 36 kunde
1574 941 189 46 nämligen
1791 941 28 44 ej
1849 952 46 22 ur
1923 939 85 35 dem

395 992 143 35 hämtas
577 992 119 45 några
735 993 273 47 upplysningar
1046 991 41 36 af
1123 992 185 46 praktiskt
1346 991 125 45 värde,
1503 1004 79 23 som
1609 992 81 34 icke
1716 990 126 36 blifvit
1870 989 41 36 af
1936 989 73 36 den

394 1042 180 36 moderna
600 1043 227 36 medicinska
853 1043 250 45 vetenskapen
1130 1041 292 47 tillgodogjorda
1449 1042 68 35 och
1544 1041 125 36 kunde
1688 1042 12 34 i
1719 1040 202 37 bearbetad
1940 1040 70 35 och

395 1092 210 36 förbättrad
633 1092 99 36 form
758 1093 185 35 inhämtas
962 1106 45 22 ur
1025 1093 71 35 den
1114 1092 179 36 moderna
1311 1092 282 45 vetenskapliga
1611 1092 246 35 litteraturen.
1898 1090 112 36 Hvad

394 1143 148 35 latinets
582 1143 190 48 betydelse
812 1142 59 37 för
911 1143 71 36 den
1017 1143 228 36 medicinska
1279 1142 285 45 terminologien
1597 1142 169 46 anginge,
1795 1146 124 39 syntes
1947 1140 64 36 det

397 1194 214 45 visserligen
644 1195 80 34 icke
750 1194 92 35 böra
870 1193 183 42 förnekas,
1081 1198 55 30 att
1162 1194 155 34 insikter
1344 1194 10 33 i
1382 1193 162 35 latinska
1580 1192 150 46 språket
1766 1191 125 36 kunde
1918 1203 91 24 vara

394 1245 59 34 till
480 1257 98 33 gagn
605 1244 64 36 vid
697 1244 137 36 studiet
861 1243 42 36 af
926 1243 204 37 medicinsk
1157 1244 194 42 litteratur,
1379 1256 87 22 men
1494 1243 101 36 detta
1622 1255 98 34 gagn
1748 1247 125 39 syntes
1892 1242 118 35 likväl

395 1294 107 47 långt
527 1295 98 35 ifrån
652 1301 189 30 motsvara
867 1295 72 35 den
966 1294 55 36 tid
1049 1295 68 34 och
1145 1294 62 36 det
1234 1295 134 43 arbete,
1397 1306 79 23 som
1495 1293 232 36 erfordrades
1745 1291 59 37 för
1821 1291 194 37 vinnande

397 1344 41 36 af
470 1346 111 46 betyg
607 1346 13 34 i
647 1346 92 35 latin
766 1358 88 23 vare
883 1346 55 45 sig
965 1346 11 34 i
1003 1345 377 45 mogenhetsexamen
1409 1345 89 35 eller
1524 1344 63 35 vid
1614 1344 178 48 flyttning
1817 1342 85 36 från
1931 1342 86 36 öfre

397 1397 107 44 sjätte
542 1396 57 35 till
635 1395 115 37 nedre
781 1395 131 46 sjunde
939 1396 155 35 klassen.
1148 1395 171 35 Likasom
1348 1395 45 35 de
1420 1393 183 37 medicine
1631 1393 234 44 studerande,
1894 1394 116 44 enligt

397 1447 99 35 hvad
536 1446 254 36 erfarenheten
830 1447 106 43 visat,
976 1446 124 35 kunde
1140 1451 92 30 utan
1271 1445 208 35 nämnvärd
1512 1445 197 44 olägenhet
1735 1443 58 36 för
1819 1443 192 36 studierna

396 1497 171 35 undvara
593 1497 158 36 insikter
777 1498 12 34 i
816 1497 173 45 grekiska
1015 1496 158 46 språket,
1200 1495 83 36 från
1310 1496 145 35 hvilket
1482 1495 69 36 den
1581 1495 228 36 medicinska
1835 1495 176 35 termino-

396 1548 125 45 logien
555 1547 94 36 dock
677 1548 58 35 till
762 1553 117 30 större
907 1547 107 36 delen
1040 1547 106 35 torde
1173 1559 90 23 vara
1288 1546 164 44 hämtad,
1479 1545 115 36 borde
1623 1545 45 36 de
1696 1546 115 44 enligt
1837 1545 176 35 kommit-

395 1599 82 34 téns
506 1597 94 36 åsikt
627 1598 109 35 också
762 1611 91 22 vara
880 1598 12 35 i
920 1597 108 36 stånd
1055 1602 55 30 att
1136 1602 91 30 utan
1255 1596 180 36 särskilda
1462 1595 201 36 förstudier
1689 1597 13 35 i
1726 1596 93 35 latin
1837 1595 175 45 tillgodo-

397 1656 92 39 göra
516 1649 58 46 sig
602 1649 71 35 den
700 1648 227 36 medicinska
953 1649 235 34 litteraturen
1216 1648 68 35 och
1312 1646 111 37 äfven
1450 1647 78 35 lära
1556 1647 55 46 sig
1638 1647 171 45 begagna
1836 1645 71 36 den
1926 1645 85 36 från

396 1699 162 35 latinska
598 1699 149 46 språket
786 1698 175 36 hämtade
995 1698 279 46 vetenskapliga
1313 1698 321 35 nomenklaturen.
1688 1696 220 37 Kännedom
1950 1709 61 22 om

396 1749 251 37 läkemedlens
673 1750 163 35 latinska
862 1762 115 22 namn
1005 1749 68 35 och
1098 1748 169 47 förmåga
1294 1753 55 30 att
1375 1748 105 35 tolka
1498 1748 161 35 latinska
1676 1752 125 43 recept
1817 1746 199 36 fordrades

397 1799 111 36 äfven
536 1799 40 35 af
601 1800 207 46 apotekare,
835 1805 93 30 utan
956 1805 54 30 att
1035 1798 59 36 för
1121 1799 84 35 dem
1232 1798 123 47 någon
1384 1798 158 36 särskild
1567 1797 179 47 pröfning
1771 1798 13 35 i
1811 1798 92 34 latin
1922 1810 89 22 vore

397 1849 255 37 föreskrifven.
704 1850 72 35 För
816 1850 114 46 öfrigt
970 1863 87 22 vore
1097 1849 245 48 farmakopén
1381 1862 156 23 numera
1577 1848 170 48 utgifven
1778 1848 48 47 på
1853 1848 159 35 svenska

399 1901 158 48 språket,
597 1902 69 35 och
705 1900 115 46 något
859 1901 133 45 lagligt
1030 1900 133 36 hinder
1199 1905 54 30 att
1279 1899 64 36 vid
1370 1899 311 48 receptskrifning
1709 1898 173 36 använda
1910 1898 102 36 detta

399 1951 111 48 språk
548 1951 213 37 förefunnes
796 1952 89 35 icke.
939 1950 74 36 Vid
1040 1950 248 36 bedömandet
1324 1948 40 37 af
1395 1950 46 36 de
1468 1949 285 46 ifrågavarande
1780 1949 233 36 bestämmel-

399 2014 124 24 sernas
551 2002 361 47 ändamålsenlighet
940 2001 114 36 borde
1082 2001 109 36 äfven
1217 2001 163 42 beaktas,
1409 2006 55 30 att
1490 2000 190 36 studierna
1708 1999 48 47 på
1773 2000 243 35 läroverkens

397 2053 167 45 reallinje
603 2053 13 35 i
656 2058 93 30 stort
788 2052 81 36 sedt
908 2052 115 36 måste
1058 2064 104 23 anses
1192 2052 87 35 vida
1305 2052 122 35 bättre
1455 2058 46 28 än
1529 2051 191 36 studierna
1745 2049 47 47 på
1820 2049 71 37 den
1919 2050 95 35 klas-

400 2103 98 35 giska
524 2104 117 45 linjen
667 2116 90 23 vara
784 2102 144 47 ägnade
956 2108 54 30 att
1036 2107 132 40 utgöra
1195 2102 183 47 underlag
1404 2101 59 36 för
1480 2102 229 36 medicinska
1727 2100 149 36 studier.
1932 2100 81 35 Den

400 2153 239 48 grundligare
667 2154 224 44 utbildning,
919 2165 78 23 som
1024 2153 242 47 lärjungarna
1291 2152 49 46 på
1366 2153 194 45 reallinjen
1589 2152 139 36 erhölle
1761 2151 7 35 i
1794 2149 218 37 matematik

401 2204 69 35 och
509 2202 108 48 fysik,
658 2205 68 35 och
766 2204 45 36 de
849 2204 166 44 insikter,
1055 2216 79 22 som
1175 2203 40 35 af
1240 2203 82 36 dem
1350 2202 252 37 förvärfvades
1630 2203 11 34 i
1669 2202 109 43 kemi,
1804 2214 89 22 vore
1921 2206 90 30 utan

400 2253 132 37 tvifvel
568 2254 42 35 af
633 2253 39 36 så
699 2260 94 30 stort
819 2254 123 45 värde,
971 2254 225 47 exempelvis
1223 2253 62 36 vid
1313 2253 138 36 studiet
1478 2252 40 36 af
1542 2252 231 46 fysiologien,
1802 2250 212 37 oftalmolo-

400 2306 85 46 gien
526 2304 69 36 och
636 2304 71 36 den
747 2304 229 36 medicinska
1015 2305 155 44 kemien,
1199 2309 54 31 att
1280 2304 81 45 den,
1389 2316 79 23 som
1496 2304 113 45 aflagt
1635 2302 378 46 mogenhetsexamen
