<?xml version="1.0" encoding="UTF-8"?>
<alto xmlns="http://www.loc.gov/standards/alto/ns-v3#" xmlns:xlink="http://www.w3.org/1999/xlink" xmlns:xsi="http://www.w3.org/2001/XMLSchema-instance" xsi:schemaLocation="http://www.loc.gov/standards/alto/ns-v3# http://www.loc.gov/alto/v3/alto-3-0.xsd">
	<Description>
		<MeasurementUnit>pixel</MeasurementUnit>
		<sourceImageInformation>
			<fileName>/tmp/tess_c8teweq7_input.PNG</fileName>
		</sourceImageInformation>
		<OCRProcessing ID="OCR_0">
			<ocrProcessingStep>
				<processingSoftware>
					<softwareName>tesseract 5.3.0</softwareName>
				</processingSoftware>
			</ocrProcessingStep>
		</OCRProcessing>
	</Description>
	<Layout>
		<Page WIDTH="2208" HEIGHT="2648" PHYSICAL_IMG_NR="0" ID="page_0">
			<PrintSpace HPOS="0" VPOS="0" WIDTH="2208" HEIGHT="2648">
				<ComposedBlock ID="cblock_0" HPOS="698" VPOS="192" WIDTH="1077" HEIGHT="39">
					<TextBlock ID="block_0" HPOS="698" VPOS="192" WIDTH="1077" HEIGHT="39">
						<TextLine ID="line_0" HPOS="698" VPOS="192" WIDTH="1077" HEIGHT="39">
							<String ID="string_0" HPOS="698" VPOS="201" WIDTH="232" HEIGHT="30" WC="0.71" CONTENT="Statsutskottets"/><SP WIDTH="29" VPOS="201" HPOS="930"/>
							<String ID="string_1" HPOS="959" VPOS="200" WIDTH="154" HEIGHT="30" WC="0.96" CONTENT="Utlåtande"/><SP WIDTH="21" VPOS="200" HPOS="1113"/>
							<String ID="string_2" HPOS="1134" VPOS="199" WIDTH="60" HEIGHT="29" WC="0.96" CONTENT="N:o"/><SP WIDTH="23" VPOS="199" HPOS="1194"/>
							<String ID="string_3" HPOS="1217" VPOS="200" WIDTH="28" HEIGHT="27" WC="0.91" CONTENT="9."/><SP WIDTH="474" VPOS="200" HPOS="1245"/>
							<String ID="string_4" HPOS="1719" VPOS="192" WIDTH="56" HEIGHT="31" WC="0.91" CONTENT="111"/>
						</TextLine>
					</TextBlock>
				</ComposedBlock>
				<ComposedBlock ID="cblock_1" HPOS="164" VPOS="271" WIDTH="1625" HEIGHT="2076">
					<TextBlock ID="block_1" HPOS="164" VPOS="271" WIDTH="1610" HEIGHT="154">
						<TextLine ID="line_1" HPOS="164" VPOS="271" WIDTH="1610" HEIGHT="55">
							<String ID="string_5" HPOS="164" VPOS="282" WIDTH="106" HEIGHT="32" WC="0.92" CONTENT="tetets"/><SP WIDTH="28" VPOS="282" HPOS="270"/>
							<String ID="string_6" HPOS="298" VPOS="278" WIDTH="314" HEIGHT="48" WC="0.91" CONTENT="byggnadskassa,"/><SP WIDTH="27" VPOS="278" HPOS="612"/>
							<String ID="string_7" HPOS="639" VPOS="291" WIDTH="80" HEIGHT="24" WC="0.96" CONTENT="som"/><SP WIDTH="27" VPOS="291" HPOS="719"/>
							<String ID="string_8" HPOS="746" VPOS="280" WIDTH="59" HEIGHT="35" WC="0.96" CONTENT="till"/><SP WIDTH="28" VPOS="280" HPOS="805"/>
							<String ID="string_9" HPOS="833" VPOS="279" WIDTH="62" HEIGHT="36" WC="0.96" CONTENT="det"/><SP WIDTH="26" VPOS="279" HPOS="895"/>
							<String ID="string_10" HPOS="921" VPOS="278" WIDTH="83" HEIGHT="37" WC="0.96" CONTENT="med"/><SP WIDTH="28" VPOS="278" HPOS="1004"/>
							<String ID="string_11" HPOS="1032" VPOS="290" WIDTH="140" HEIGHT="24" WC="0.96" CONTENT="samma"/><SP WIDTH="27" VPOS="290" HPOS="1172"/>
							<String ID="string_12" HPOS="1199" VPOS="277" WIDTH="108" HEIGHT="35" WC="0.93" CONTENT="kassa"/><SP WIDTH="28" VPOS="277" HPOS="1307"/>
							<String ID="string_13" HPOS="1335" VPOS="273" WIDTH="150" HEIGHT="37" WC="0.91" CONTENT="afsedda"/><SP WIDTH="28" VPOS="273" HPOS="1485"/>
							<String ID="string_14" HPOS="1513" VPOS="271" WIDTH="174" HEIGHT="37" WC="0.96" CONTENT="ändamål"/><SP WIDTH="20" VPOS="271" HPOS="1687"/>
							<String ID="string_15" HPOS="1707" VPOS="271" WIDTH="67" HEIGHT="36" WC="0.96" CONTENT="och"/>
						</TextLine>
						<TextLine ID="line_2" HPOS="165" VPOS="323" WIDTH="1608" HEIGHT="52">
							<String ID="string_16" HPOS="165" VPOS="329" WIDTH="13" HEIGHT="35" WC="0.96" CONTENT="i"/><SP WIDTH="27" VPOS="329" HPOS="178"/>
							<String ID="string_17" HPOS="205" VPOS="328" WIDTH="84" HEIGHT="37" WC="0.96" CONTENT="mån"/><SP WIDTH="27" VPOS="328" HPOS="289"/>
							<String ID="string_18" HPOS="316" VPOS="329" WIDTH="41" HEIGHT="36" WC="0.93" CONTENT="af"/><SP WIDTH="24" VPOS="329" HPOS="357"/>
							<String ID="string_19" HPOS="381" VPOS="329" WIDTH="123" HEIGHT="46" WC="0.91" CONTENT="behof,"/><SP WIDTH="27" VPOS="329" HPOS="504"/>
							<String ID="string_20" HPOS="531" VPOS="343" WIDTH="84" HEIGHT="23" WC="0.95" CONTENT="men"/><SP WIDTH="29" VPOS="343" HPOS="615"/>
							<String ID="string_21" HPOS="644" VPOS="329" WIDTH="91" HEIGHT="38" WC="0.93" CONTENT="efter"/><SP WIDTH="27" VPOS="329" HPOS="735"/>
							<String ID="string_22" HPOS="762" VPOS="331" WIDTH="192" HEIGHT="35" WC="0.92" CONTENT="kanslerns"/><SP WIDTH="27" VPOS="331" HPOS="954"/>
							<String ID="string_23" HPOS="981" VPOS="327" WIDTH="231" HEIGHT="39" WC="0.96" CONTENT="föreskrifter"/><SP WIDTH="25" VPOS="327" HPOS="1212"/>
							<String ID="string_24" HPOS="1237" VPOS="328" WIDTH="12" HEIGHT="35" WC="0.96" CONTENT="i"/><SP WIDTH="29" VPOS="328" HPOS="1249"/>
							<String ID="string_25" HPOS="1278" VPOS="327" WIDTH="45" HEIGHT="35" WC="0.96" CONTENT="de"/><SP WIDTH="27" VPOS="327" HPOS="1323"/>
							<String ID="string_26" HPOS="1350" VPOS="325" WIDTH="78" HEIGHT="44" WC="0.95" CONTENT="fall,"/><SP WIDTH="28" VPOS="325" HPOS="1428"/>
							<String ID="string_27" HPOS="1456" VPOS="324" WIDTH="67" HEIGHT="36" WC="0.96" CONTENT="där"/><SP WIDTH="27" VPOS="324" HPOS="1523"/>
							<String ID="string_28" HPOS="1550" VPOS="323" WIDTH="137" HEIGHT="37" WC="0.91" CONTENT="sådana"/><SP WIDTH="23" VPOS="323" HPOS="1687"/>
							<String ID="string_29" HPOS="1710" VPOS="330" WIDTH="63" HEIGHT="28" WC="0.96" CONTENT="äro"/>
						</TextLine>
						<TextLine ID="line_3" HPOS="166" VPOS="379" WIDTH="419" HEIGHT="46">
							<String ID="string_30" HPOS="166" VPOS="379" WIDTH="110" HEIGHT="46" WC="0.92" CONTENT="gifna,"/><SP WIDTH="26" VPOS="379" HPOS="276"/>
							<String ID="string_31" HPOS="302" VPOS="379" WIDTH="58" HEIGHT="38" WC="0.96" CONTENT="får"/><SP WIDTH="27" VPOS="379" HPOS="360"/>
							<String ID="string_32" HPOS="387" VPOS="381" WIDTH="198" HEIGHT="37" WC="0.96" CONTENT="användas."/>
						</TextLine>
					</TextBlock>
					<TextBlock ID="block_2" HPOS="166" VPOS="425" WIDTH="1615" HEIGHT="463">
						<TextLine ID="line_4" HPOS="268" VPOS="425" WIDTH="1508" HEIGHT="55">
							<String ID="string_33" HPOS="268" VPOS="434" WIDTH="55" HEIGHT="34" WC="0.93" CONTENT="14."/><SP WIDTH="53" VPOS="434" HPOS="323"/>
							<String ID="string_34" HPOS="376" VPOS="432" WIDTH="245" HEIGHT="48" WC="0.92" CONTENT="Besparingar"/><SP WIDTH="39" VPOS="432" HPOS="621"/>
							<String ID="string_35" HPOS="660" VPOS="431" WIDTH="48" HEIGHT="48" WC="0.92" CONTENT="på"/><SP WIDTH="40" VPOS="431" HPOS="708"/>
							<String ID="string_36" HPOS="748" VPOS="432" WIDTH="307" HEIGHT="46" WC="0.91" CONTENT="aflöningsstaten"/><SP WIDTH="41" VPOS="432" HPOS="1055"/>
							<String ID="string_37" HPOS="1096" VPOS="429" WIDTH="89" HEIGHT="48" WC="0.96" CONTENT="ingå"/><SP WIDTH="39" VPOS="429" HPOS="1185"/>
							<String ID="string_38" HPOS="1224" VPOS="430" WIDTH="59" HEIGHT="35" WC="0.93" CONTENT="till"/><SP WIDTH="40" VPOS="430" HPOS="1283"/>
							<String ID="string_39" HPOS="1323" VPOS="426" WIDTH="274" HEIGHT="44" WC="0.86" CONTENT="reservfonden,"/><SP WIDTH="27" VPOS="426" HPOS="1597"/>
							<String ID="string_40" HPOS="1624" VPOS="425" WIDTH="152" HEIGHT="36" WC="0.96" CONTENT="hvilken"/>
						</TextLine>
						<TextLine ID="line_5" HPOS="166" VPOS="476" WIDTH="1611" HEIGHT="54">
							<String ID="string_41" HPOS="166" VPOS="482" WIDTH="75" HEIGHT="36" WC="0.96" CONTENT="står"/><SP WIDTH="26" VPOS="482" HPOS="241"/>
							<String ID="string_42" HPOS="267" VPOS="483" WIDTH="119" HEIGHT="36" WC="0.93" CONTENT="under"/><SP WIDTH="27" VPOS="483" HPOS="386"/>
							<String ID="string_43" HPOS="413" VPOS="485" WIDTH="191" HEIGHT="35" WC="0.90" CONTENT="kanslerns"/><SP WIDTH="29" VPOS="485" HPOS="604"/>
							<String ID="string_44" HPOS="633" VPOS="483" WIDTH="218" HEIGHT="47" WC="0.96" CONTENT="disposition"/><SP WIDTH="27" VPOS="483" HPOS="851"/>
							<String ID="string_45" HPOS="878" VPOS="483" WIDTH="59" HEIGHT="36" WC="0.96" CONTENT="för"/><SP WIDTH="28" VPOS="483" HPOS="937"/>
							<String ID="string_46" HPOS="965" VPOS="483" WIDTH="271" HEIGHT="36" WC="0.94" CONTENT="universitetets"/><SP WIDTH="19" VPOS="483" HPOS="1236"/>
							<String ID="string_47" HPOS="1255" VPOS="479" WIDTH="281" HEIGHT="46" WC="0.96" CONTENT="vetenskapliga"/><SP WIDTH="19" VPOS="479" HPOS="1536"/>
							<String ID="string_48" HPOS="1555" VPOS="477" WIDTH="70" HEIGHT="36" WC="0.93" CONTENT="och"/><SP WIDTH="20" VPOS="477" HPOS="1625"/>
							<String ID="string_49" HPOS="1645" VPOS="476" WIDTH="132" HEIGHT="36" WC="0.90" CONTENT="ekono-"/>
						</TextLine>
						<TextLine ID="line_6" HPOS="166" VPOS="526" WIDTH="1610" HEIGHT="56">
							<String ID="string_50" HPOS="166" VPOS="534" WIDTH="116" HEIGHT="36" WC="0.93" CONTENT="miska"/><SP WIDTH="32" VPOS="534" HPOS="282"/>
							<String ID="string_51" HPOS="314" VPOS="534" WIDTH="123" HEIGHT="46" WC="0.92" CONTENT="behof,"/><SP WIDTH="33" VPOS="534" HPOS="437"/>
							<String ID="string_52" HPOS="470" VPOS="535" WIDTH="6" HEIGHT="35" WC="0.96" CONTENT="i"/><SP WIDTH="32" VPOS="535" HPOS="476"/>
							<String ID="string_53" HPOS="508" VPOS="534" WIDTH="71" HEIGHT="36" WC="0.96" CONTENT="den"/><SP WIDTH="38" VPOS="534" HPOS="579"/>
							<String ID="string_54" HPOS="617" VPOS="534" WIDTH="163" HEIGHT="48" WC="0.92" CONTENT="ordning"/><SP WIDTH="33" VPOS="534" HPOS="780"/>
							<String ID="string_55" HPOS="813" VPOS="534" WIDTH="440" HEIGHT="37" WC="0.90" CONTENT="universitetsstatuterna"/><SP WIDTH="29" VPOS="534" HPOS="1253"/>
							<String ID="string_56" HPOS="1282" VPOS="530" WIDTH="140" HEIGHT="46" WC="0.94" CONTENT="stadga."/><SP WIDTH="54" VPOS="530" HPOS="1422"/>
							<String ID="string_57" HPOS="1476" VPOS="528" WIDTH="128" HEIGHT="46" WC="0.54" CONTENT="Enligt"/><SP WIDTH="26" VPOS="528" HPOS="1604"/>
							<String ID="string_58" HPOS="1630" VPOS="526" WIDTH="71" HEIGHT="37" WC="0.95" CONTENT="den"/><SP WIDTH="29" VPOS="526" HPOS="1701"/>
							<String ID="string_59" HPOS="1730" VPOS="527" WIDTH="46" HEIGHT="35" WC="0.95" CONTENT="29"/>
						</TextLine>
						<TextLine ID="line_7" HPOS="166" VPOS="578" WIDTH="1611" HEIGHT="55">
							<String ID="string_60" HPOS="166" VPOS="586" WIDTH="71" HEIGHT="45" WC="0.96" CONTENT="maj"/><SP WIDTH="45" VPOS="586" HPOS="237"/>
							<String ID="string_61" HPOS="282" VPOS="586" WIDTH="95" HEIGHT="35" WC="0.96" CONTENT="1863"/><SP WIDTH="42" VPOS="586" HPOS="377"/>
							<String ID="string_62" HPOS="419" VPOS="585" WIDTH="41" HEIGHT="36" WC="0.96" CONTENT="af"/><SP WIDTH="34" VPOS="585" HPOS="460"/>
							<String ID="string_63" HPOS="494" VPOS="585" WIDTH="135" HEIGHT="48" WC="0.94" CONTENT="Kungl."/><SP WIDTH="28" VPOS="585" HPOS="629"/>
							<String ID="string_64" HPOS="657" VPOS="585" WIDTH="101" HEIGHT="46" WC="0.93" CONTENT="Maj:t"/><SP WIDTH="26" VPOS="585" HPOS="758"/>
							<String ID="string_65" HPOS="784" VPOS="584" WIDTH="205" HEIGHT="37" WC="0.91" CONTENT="fastställdt"/><SP WIDTH="26" VPOS="584" HPOS="989"/>
							<String ID="string_66" HPOS="1015" VPOS="584" WIDTH="222" HEIGHT="46" WC="0.96" CONTENT="reglemente"/><SP WIDTH="27" VPOS="584" HPOS="1237"/>
							<String ID="string_67" HPOS="1264" VPOS="581" WIDTH="58" HEIGHT="36" WC="0.91" CONTENT="för"/><SP WIDTH="26" VPOS="581" HPOS="1322"/>
							<String ID="string_68" HPOS="1348" VPOS="578" WIDTH="429" HEIGHT="49" WC="0.91" CONTENT="pensionsinrättningen"/>
						</TextLine>
						<TextLine ID="line_8" HPOS="167" VPOS="628" WIDTH="1612" HEIGHT="53">
							<String ID="string_69" HPOS="167" VPOS="635" WIDTH="58" HEIGHT="37" WC="0.96" CONTENT="för"/><SP WIDTH="34" VPOS="635" HPOS="225"/>
							<String ID="string_70" HPOS="259" VPOS="636" WIDTH="127" HEIGHT="37" WC="0.96" CONTENT="Lunds"/><SP WIDTH="37" VPOS="636" HPOS="386"/>
							<String ID="string_71" HPOS="423" VPOS="636" WIDTH="234" HEIGHT="37" WC="0.93" CONTENT="universitets"/><SP WIDTH="33" VPOS="636" HPOS="657"/>
							<String ID="string_72" HPOS="690" VPOS="636" WIDTH="154" HEIGHT="36" WC="0.91" CONTENT="ämbets-"/><SP WIDTH="28" VPOS="636" HPOS="844"/>
							<String ID="string_73" HPOS="872" VPOS="636" WIDTH="69" HEIGHT="35" WC="0.93" CONTENT="och"/><SP WIDTH="27" VPOS="636" HPOS="941"/>
							<String ID="string_74" HPOS="968" VPOS="636" WIDTH="240" HEIGHT="45" WC="0.90" CONTENT="tjänstemäns"/><SP WIDTH="29" VPOS="636" HPOS="1208"/>
							<String ID="string_75" HPOS="1237" VPOS="633" WIDTH="118" HEIGHT="35" WC="0.96" CONTENT="änkor"/><SP WIDTH="27" VPOS="633" HPOS="1355"/>
							<String ID="string_76" HPOS="1382" VPOS="632" WIDTH="70" HEIGHT="35" WC="0.96" CONTENT="och"/><SP WIDTH="26" VPOS="632" HPOS="1452"/>
							<String ID="string_77" HPOS="1478" VPOS="631" WIDTH="92" HEIGHT="36" WC="0.96" CONTENT="barn"/><SP WIDTH="28" VPOS="631" HPOS="1570"/>
							<String ID="string_78" HPOS="1598" VPOS="629" WIDTH="96" HEIGHT="36" WC="0.94" CONTENT="skall"/><SP WIDTH="26" VPOS="629" HPOS="1694"/>
							<String ID="string_79" HPOS="1720" VPOS="628" WIDTH="59" HEIGHT="36" WC="0.94" CONTENT="till"/>
						</TextLine>
						<TextLine ID="line_9" HPOS="166" VPOS="680" WIDTH="1615" HEIGHT="54">
							<String ID="string_80" HPOS="166" VPOS="688" WIDTH="427" HEIGHT="46" WC="0.91" CONTENT="pensionsinrättningen"/><SP WIDTH="35" VPOS="688" HPOS="593"/>
							<String ID="string_81" HPOS="628" VPOS="687" WIDTH="86" HEIGHT="47" WC="0.96" CONTENT="ingå"/><SP WIDTH="28" VPOS="687" HPOS="714"/>
							<String ID="string_82" HPOS="742" VPOS="700" WIDTH="45" HEIGHT="23" WC="0.96" CONTENT="en"/><SP WIDTH="27" VPOS="700" HPOS="787"/>
							<String ID="string_83" HPOS="814" VPOS="686" WIDTH="179" HEIGHT="48" WC="0.96" CONTENT="tredjedel"/><SP WIDTH="28" VPOS="686" HPOS="993"/>
							<String ID="string_84" HPOS="1021" VPOS="685" WIDTH="41" HEIGHT="37" WC="0.96" CONTENT="af"/><SP WIDTH="23" VPOS="685" HPOS="1062"/>
							<String ID="string_85" HPOS="1085" VPOS="686" WIDTH="75" HEIGHT="35" WC="0.96" CONTENT="alla"/><SP WIDTH="26" VPOS="686" HPOS="1160"/>
							<String ID="string_86" HPOS="1186" VPOS="683" WIDTH="49" HEIGHT="48" WC="0.96" CONTENT="på"/><SP WIDTH="26" VPOS="683" HPOS="1235"/>
							<String ID="string_87" HPOS="1261" VPOS="682" WIDTH="271" HEIGHT="38" WC="0.93" CONTENT="universitetets"/><SP WIDTH="26" VPOS="682" HPOS="1532"/>
							<String ID="string_88" HPOS="1558" VPOS="680" WIDTH="223" HEIGHT="47" WC="0.91" CONTENT="löningsstat"/>
						</TextLine>
						<TextLine ID="line_10" HPOS="167" VPOS="729" WIDTH="1614" HEIGHT="56">
							<String ID="string_89" HPOS="167" VPOS="739" WIDTH="174" HEIGHT="46" WC="0.95" CONTENT="möjligen"/><SP WIDTH="40" VPOS="739" HPOS="341"/>
							<String ID="string_90" HPOS="381" VPOS="738" WIDTH="315" HEIGHT="47" WC="0.95" CONTENT="uppkommande,"/><SP WIDTH="40" VPOS="738" HPOS="696"/>
							<String ID="string_91" HPOS="736" VPOS="739" WIDTH="60" HEIGHT="35" WC="0.93" CONTENT="till"/><SP WIDTH="39" VPOS="739" HPOS="796"/>
							<String ID="string_92" HPOS="835" VPOS="736" WIDTH="265" HEIGHT="38" WC="0.90" CONTENT="reservfonden"/><SP WIDTH="39" VPOS="736" HPOS="1100"/>
							<String ID="string_93" HPOS="1139" VPOS="734" WIDTH="182" HEIGHT="47" WC="0.96" CONTENT="ingående"/><SP WIDTH="30" VPOS="734" HPOS="1321"/>
							<String ID="string_94" HPOS="1351" VPOS="733" WIDTH="241" HEIGHT="47" WC="0.96" CONTENT="besparingar"/><SP WIDTH="26" VPOS="733" HPOS="1592"/>
							<String ID="string_95" HPOS="1618" VPOS="730" WIDTH="58" HEIGHT="37" WC="0.96" CONTENT="för"/><SP WIDTH="26" VPOS="730" HPOS="1676"/>
							<String ID="string_96" HPOS="1702" VPOS="729" WIDTH="79" HEIGHT="37" WC="0.96" CONTENT="året"/>
						</TextLine>
						<TextLine ID="line_11" HPOS="166" VPOS="780" WIDTH="1615" HEIGHT="55">
							<String ID="string_97" HPOS="166" VPOS="788" WIDTH="82" HEIGHT="37" WC="0.96" CONTENT="från"/><SP WIDTH="41" VPOS="788" HPOS="248"/>
							<String ID="string_98" HPOS="289" VPOS="789" WIDTH="67" HEIGHT="36" WC="0.96" CONTENT="och"/><SP WIDTH="41" VPOS="789" HPOS="356"/>
							<String ID="string_99" HPOS="397" VPOS="789" WIDTH="86" HEIGHT="37" WC="0.95" CONTENT="med"/><SP WIDTH="40" VPOS="789" HPOS="483"/>
							<String ID="string_100" HPOS="523" VPOS="789" WIDTH="40" HEIGHT="36" WC="0.96" CONTENT="år"/><SP WIDTH="42" VPOS="789" HPOS="563"/>
							<String ID="string_101" HPOS="605" VPOS="790" WIDTH="106" HEIGHT="44" WC="0.96" CONTENT="1863,"/><SP WIDTH="35" VPOS="790" HPOS="711"/>
							<String ID="string_102" HPOS="746" VPOS="789" WIDTH="60" HEIGHT="36" WC="0.97" CONTENT="till"/><SP WIDTH="27" VPOS="789" HPOS="806"/>
							<String ID="string_103" HPOS="833" VPOS="788" WIDTH="81" HEIGHT="37" WC="0.93" CONTENT="dess"/><SP WIDTH="27" VPOS="788" HPOS="914"/>
							<String ID="string_104" HPOS="941" VPOS="786" WIDTH="448" HEIGHT="49" WC="0.91" CONTENT="pensionsinrättningens"/><SP WIDTH="27" VPOS="786" HPOS="1389"/>
							<String ID="string_105" HPOS="1416" VPOS="783" WIDTH="92" HEIGHT="37" WC="0.96" CONTENT="fond"/><SP WIDTH="28" VPOS="783" HPOS="1508"/>
							<String ID="string_106" HPOS="1536" VPOS="795" WIDTH="105" HEIGHT="24" WC="0.96" CONTENT="anses"/><SP WIDTH="27" VPOS="795" HPOS="1641"/>
							<String ID="string_107" HPOS="1668" VPOS="780" WIDTH="113" HEIGHT="38" WC="0.95" CONTENT="hafva"/>
						</TextLine>
						<TextLine ID="line_12" HPOS="166" VPOS="840" WIDTH="523" HEIGHT="48">
							<String ID="string_108" HPOS="166" VPOS="840" WIDTH="134" HEIGHT="37" WC="0.96" CONTENT="vunnit"/><SP WIDTH="26" VPOS="840" HPOS="300"/>
							<String ID="string_109" HPOS="326" VPOS="841" WIDTH="200" HEIGHT="47" WC="0.96" CONTENT="tillräcklig"/><SP WIDTH="26" VPOS="841" HPOS="526"/>
							<String ID="string_110" HPOS="552" VPOS="840" WIDTH="137" HEIGHT="45" WC="0.96" CONTENT="styrka."/>
						</TextLine>
					</TextBlock>
					<TextBlock ID="block_3" HPOS="166" VPOS="884" WIDTH="1615" HEIGHT="359">
						<TextLine ID="line_13" HPOS="270" VPOS="884" WIDTH="1510" HEIGHT="53">
							<String ID="string_111" HPOS="270" VPOS="892" WIDTH="55" HEIGHT="35" WC="0.91" CONTENT="15."/><SP WIDTH="53" VPOS="892" HPOS="325"/>
							<String ID="string_112" HPOS="378" VPOS="891" WIDTH="133" HEIGHT="36" WC="0.90" CONTENT="Därest"/><SP WIDTH="27" VPOS="891" HPOS="511"/>
							<String ID="string_113" HPOS="538" VPOS="890" WIDTH="21" HEIGHT="36" WC="0.92" CONTENT="å"/><SP WIDTH="27" VPOS="890" HPOS="559"/>
							<String ID="string_114" HPOS="586" VPOS="891" WIDTH="177" HEIGHT="46" WC="0.96" CONTENT="anslagen"/><SP WIDTH="28" VPOS="891" HPOS="763"/>
							<String ID="string_115" HPOS="791" VPOS="891" WIDTH="58" HEIGHT="35" WC="0.91" CONTENT="till"/><SP WIDTH="28" VPOS="891" HPOS="849"/>
							<String ID="string_116" HPOS="877" VPOS="889" WIDTH="231" HEIGHT="36" WC="0.91" CONTENT="materiellen"/><SP WIDTH="18" VPOS="889" HPOS="1108"/>
							<String ID="string_117" HPOS="1126" VPOS="887" WIDTH="59" HEIGHT="37" WC="0.96" CONTENT="för"/><SP WIDTH="18" VPOS="887" HPOS="1185"/>
							<String ID="string_118" HPOS="1203" VPOS="887" WIDTH="45" HEIGHT="36" WC="0.96" CONTENT="de"/><SP WIDTH="18" VPOS="887" HPOS="1248"/>
							<String ID="string_119" HPOS="1266" VPOS="886" WIDTH="182" HEIGHT="36" WC="0.96" CONTENT="särskilda"/><SP WIDTH="18" VPOS="886" HPOS="1448"/>
							<String ID="string_120" HPOS="1466" VPOS="884" WIDTH="314" HEIGHT="43" WC="0.96" CONTENT="institutionerna,"/>
						</TextLine>
						<TextLine ID="line_14" HPOS="166" VPOS="934" WIDTH="1615" HEIGHT="54">
							<String ID="string_121" HPOS="166" VPOS="942" WIDTH="60" HEIGHT="36" WC="0.95" CONTENT="till"/><SP WIDTH="35" VPOS="942" HPOS="226"/>
							<String ID="string_122" HPOS="261" VPOS="941" WIDTH="199" HEIGHT="37" WC="0.96" CONTENT="underhåll"/><SP WIDTH="27" VPOS="941" HPOS="460"/>
							<String ID="string_123" HPOS="487" VPOS="942" WIDTH="69" HEIGHT="35" WC="0.96" CONTENT="och"/><SP WIDTH="27" VPOS="942" HPOS="556"/>
							<String ID="string_124" HPOS="583" VPOS="942" WIDTH="253" HEIGHT="46" WC="0.96" CONTENT="reparationer"/><SP WIDTH="26" VPOS="942" HPOS="836"/>
							<String ID="string_125" HPOS="862" VPOS="939" WIDTH="43" HEIGHT="37" WC="0.96" CONTENT="af"/><SP WIDTH="23" VPOS="939" HPOS="905"/>
							<String ID="string_126" HPOS="928" VPOS="939" WIDTH="270" HEIGHT="37" WC="0.96" CONTENT="universitetets"/><SP WIDTH="27" VPOS="939" HPOS="1198"/>
							<String ID="string_127" HPOS="1225" VPOS="936" WIDTH="220" HEIGHT="49" WC="0.96" CONTENT="byggnader"/><SP WIDTH="27" VPOS="936" HPOS="1445"/>
							<String ID="string_128" HPOS="1472" VPOS="936" WIDTH="90" HEIGHT="36" WC="0.95" CONTENT="eller"/><SP WIDTH="26" VPOS="936" HPOS="1562"/>
							<String ID="string_129" HPOS="1588" VPOS="934" WIDTH="59" HEIGHT="36" WC="0.96" CONTENT="till"/><SP WIDTH="28" VPOS="934" HPOS="1647"/>
							<String ID="string_130" HPOS="1675" VPOS="938" WIDTH="106" HEIGHT="32" WC="0.96" CONTENT="extra"/>
						</TextLine>
						<TextLine ID="line_15" HPOS="168" VPOS="984" WIDTH="1613" HEIGHT="56">
							<String ID="string_131" HPOS="168" VPOS="991" WIDTH="154" HEIGHT="48" WC="0.96" CONTENT="utgifter"/><SP WIDTH="26" VPOS="991" HPOS="322"/>
							<String ID="string_132" HPOS="348" VPOS="992" WIDTH="121" HEIGHT="36" WC="0.96" CONTENT="under"/><SP WIDTH="26" VPOS="992" HPOS="469"/>
							<String ID="string_133" HPOS="495" VPOS="992" WIDTH="115" HEIGHT="46" WC="0.96" CONTENT="något"/><SP WIDTH="27" VPOS="992" HPOS="610"/>
							<String ID="string_134" HPOS="637" VPOS="992" WIDTH="39" HEIGHT="36" WC="0.96" CONTENT="år"/><SP WIDTH="27" VPOS="992" HPOS="676"/>
							<String ID="string_135" HPOS="703" VPOS="991" WIDTH="136" HEIGHT="49" WC="0.96" CONTENT="uppstå"/><SP WIDTH="26" VPOS="991" HPOS="839"/>
							<String ID="string_136" HPOS="865" VPOS="991" WIDTH="251" HEIGHT="46" WC="0.96" CONTENT="besparingar,"/><SP WIDTH="19" VPOS="991" HPOS="1116"/>
							<String ID="string_137" HPOS="1135" VPOS="993" WIDTH="60" HEIGHT="32" WC="0.96" CONTENT="må"/><SP WIDTH="19" VPOS="993" HPOS="1195"/>
							<String ID="string_138" HPOS="1214" VPOS="989" WIDTH="105" HEIGHT="35" WC="0.95" CONTENT="dessa"/><SP WIDTH="18" VPOS="989" HPOS="1319"/>
							<String ID="string_139" HPOS="1337" VPOS="986" WIDTH="206" HEIGHT="38" WC="0.96" CONTENT="bibehållas"/><SP WIDTH="18" VPOS="986" HPOS="1543"/>
							<String ID="string_140" HPOS="1561" VPOS="984" WIDTH="60" HEIGHT="38" WC="0.96" CONTENT="för"/><SP WIDTH="19" VPOS="984" HPOS="1621"/>
							<String ID="string_141" HPOS="1640" VPOS="997" WIDTH="141" HEIGHT="24" WC="0.96" CONTENT="samma"/>
						</TextLine>
						<TextLine ID="line_16" HPOS="169" VPOS="1035" WIDTH="1612" HEIGHT="50">
							<String ID="string_142" HPOS="169" VPOS="1042" WIDTH="174" HEIGHT="37" WC="0.96" CONTENT="ändamål"/><SP WIDTH="38" VPOS="1042" HPOS="343"/>
							<String ID="string_143" HPOS="381" VPOS="1043" WIDTH="121" HEIGHT="36" WC="0.96" CONTENT="under"/><SP WIDTH="38" VPOS="1043" HPOS="502"/>
							<String ID="string_144" HPOS="540" VPOS="1043" WIDTH="225" HEIGHT="36" WC="0.96" CONTENT="kommande"/><SP WIDTH="27" VPOS="1043" HPOS="765"/>
							<String ID="string_145" HPOS="792" VPOS="1042" WIDTH="49" HEIGHT="37" WC="0.96" CONTENT="år."/><SP WIDTH="54" VPOS="1042" HPOS="841"/>
							<String ID="string_146" HPOS="895" VPOS="1041" WIDTH="128" HEIGHT="38" WC="0.68" CONTENT="Skulle"/><SP WIDTH="27" VPOS="1041" HPOS="1023"/>
							<String ID="string_147" HPOS="1050" VPOS="1041" WIDTH="63" HEIGHT="35" WC="0.96" CONTENT="det"/><SP WIDTH="27" VPOS="1041" HPOS="1113"/>
							<String ID="string_148" HPOS="1140" VPOS="1039" WIDTH="119" HEIGHT="36" WC="0.96" CONTENT="under"/><SP WIDTH="27" VPOS="1039" HPOS="1259"/>
							<String ID="string_149" HPOS="1286" VPOS="1051" WIDTH="45" HEIGHT="24" WC="0.96" CONTENT="en"/><SP WIDTH="27" VPOS="1051" HPOS="1331"/>
							<String ID="string_150" HPOS="1358" VPOS="1037" WIDTH="93" HEIGHT="48" WC="0.96" CONTENT="följd"/><SP WIDTH="28" VPOS="1037" HPOS="1451"/>
							<String ID="string_151" HPOS="1479" VPOS="1036" WIDTH="40" HEIGHT="37" WC="0.96" CONTENT="af"/><SP WIDTH="25" VPOS="1036" HPOS="1519"/>
							<String ID="string_152" HPOS="1544" VPOS="1035" WIDTH="40" HEIGHT="37" WC="0.96" CONTENT="år"/><SP WIDTH="26" VPOS="1035" HPOS="1584"/>
							<String ID="string_153" HPOS="1610" VPOS="1036" WIDTH="79" HEIGHT="36" WC="0.96" CONTENT="visa"/><SP WIDTH="27" VPOS="1036" HPOS="1689"/>
							<String ID="string_154" HPOS="1716" VPOS="1036" WIDTH="65" HEIGHT="45" WC="0.96" CONTENT="sig,"/>
						</TextLine>
						<TextLine ID="line_17" HPOS="168" VPOS="1086" WIDTH="1613" HEIGHT="54">
							<String ID="string_155" HPOS="168" VPOS="1100" WIDTH="55" HEIGHT="31" WC="0.93" CONTENT="att"/><SP WIDTH="33" VPOS="1100" HPOS="223"/>
							<String ID="string_156" HPOS="256" VPOS="1094" WIDTH="352" HEIGHT="46" WC="0.91" CONTENT="materiellanslaget"/><SP WIDTH="26" VPOS="1094" HPOS="608"/>
							<String ID="string_157" HPOS="634" VPOS="1093" WIDTH="58" HEIGHT="37" WC="0.96" CONTENT="för"/><SP WIDTH="27" VPOS="1093" HPOS="692"/>
							<String ID="string_158" HPOS="719" VPOS="1107" WIDTH="46" HEIGHT="24" WC="0.96" CONTENT="en"/><SP WIDTH="26" VPOS="1107" HPOS="765"/>
							<String ID="string_159" HPOS="791" VPOS="1092" WIDTH="214" HEIGHT="38" WC="0.96" CONTENT="institution"/><SP WIDTH="27" VPOS="1092" HPOS="1005"/>
							<String ID="string_160" HPOS="1032" VPOS="1092" WIDTH="75" HEIGHT="36" WC="0.96" CONTENT="kan"/><SP WIDTH="27" VPOS="1092" HPOS="1107"/>
							<String ID="string_161" HPOS="1134" VPOS="1090" WIDTH="115" HEIGHT="48" WC="0.96" CONTENT="något"/><SP WIDTH="27" VPOS="1090" HPOS="1249"/>
							<String ID="string_162" HPOS="1276" VPOS="1089" WIDTH="174" HEIGHT="44" WC="0.96" CONTENT="minskas,"/><SP WIDTH="27" VPOS="1089" HPOS="1450"/>
							<String ID="string_163" HPOS="1477" VPOS="1086" WIDTH="135" HEIGHT="38" WC="0.96" CONTENT="medan"/><SP WIDTH="27" VPOS="1086" HPOS="1612"/>
							<String ID="string_164" HPOS="1639" VPOS="1099" WIDTH="142" HEIGHT="24" WC="0.96" CONTENT="samma"/>
						</TextLine>
						<TextLine ID="line_18" HPOS="168" VPOS="1136" WIDTH="1613" HEIGHT="57">
							<String ID="string_165" HPOS="168" VPOS="1146" WIDTH="130" HEIGHT="47" WC="0.96" CONTENT="anslag"/><SP WIDTH="39" VPOS="1146" HPOS="298"/>
							<String ID="string_166" HPOS="337" VPOS="1144" WIDTH="59" HEIGHT="37" WC="0.96" CONTENT="för"/><SP WIDTH="32" VPOS="1144" HPOS="396"/>
							<String ID="string_167" HPOS="428" VPOS="1158" WIDTH="45" HEIGHT="23" WC="0.96" CONTENT="en"/><SP WIDTH="37" VPOS="1158" HPOS="473"/>
							<String ID="string_168" HPOS="510" VPOS="1158" WIDTH="125" HEIGHT="23" WC="0.96" CONTENT="annan"/><SP WIDTH="27" VPOS="1158" HPOS="635"/>
							<String ID="string_169" HPOS="662" VPOS="1145" WIDTH="212" HEIGHT="36" WC="0.93" CONTENT="institution"/><SP WIDTH="26" VPOS="1145" HPOS="874"/>
							<String ID="string_170" HPOS="900" VPOS="1142" WIDTH="179" HEIGHT="38" WC="0.92" CONTENT="behöfver"/><SP WIDTH="27" VPOS="1142" HPOS="1079"/>
							<String ID="string_171" HPOS="1106" VPOS="1142" WIDTH="100" HEIGHT="44" WC="0.96" CONTENT="ökas,"/><SP WIDTH="27" VPOS="1142" HPOS="1206"/>
							<String ID="string_172" HPOS="1233" VPOS="1148" WIDTH="87" HEIGHT="40" WC="0.96" CONTENT="äger"/><SP WIDTH="27" VPOS="1148" HPOS="1320"/>
							<String ID="string_173" HPOS="1347" VPOS="1140" WIDTH="175" HEIGHT="36" WC="0.96" CONTENT="kanslern"/><SP WIDTH="27" VPOS="1140" HPOS="1522"/>
							<String ID="string_174" HPOS="1549" VPOS="1138" WIDTH="68" HEIGHT="36" WC="0.96" CONTENT="hos"/><SP WIDTH="26" VPOS="1138" HPOS="1617"/>
							<String ID="string_175" HPOS="1643" VPOS="1136" WIDTH="138" HEIGHT="47" WC="0.91" CONTENT="Kungl."/>
						</TextLine>
						<TextLine ID="line_19" HPOS="167" VPOS="1193" WIDTH="1083" HEIGHT="50">
							<String ID="string_176" HPOS="167" VPOS="1195" WIDTH="101" HEIGHT="48" WC="0.96" CONTENT="Maj:t"/><SP WIDTH="27" VPOS="1195" HPOS="268"/>
							<String ID="string_177" HPOS="295" VPOS="1203" WIDTH="91" HEIGHT="39" WC="0.96" CONTENT="göra"/><SP WIDTH="26" VPOS="1203" HPOS="386"/>
							<String ID="string_178" HPOS="412" VPOS="1195" WIDTH="276" HEIGHT="46" WC="0.96" CONTENT="framställning"/><SP WIDTH="27" VPOS="1195" HPOS="688"/>
							<String ID="string_179" HPOS="715" VPOS="1209" WIDTH="62" HEIGHT="22" WC="0.96" CONTENT="om"/><SP WIDTH="21" VPOS="1209" HPOS="777"/>
							<String ID="string_180" HPOS="798" VPOS="1195" WIDTH="199" HEIGHT="46" WC="0.96" CONTENT="jämkning"/><SP WIDTH="27" VPOS="1195" HPOS="997"/>
							<String ID="string_181" HPOS="1024" VPOS="1194" WIDTH="12" HEIGHT="35" WC="0.96" CONTENT="i"/><SP WIDTH="27" VPOS="1194" HPOS="1036"/>
							<String ID="string_182" HPOS="1063" VPOS="1193" WIDTH="187" HEIGHT="45" WC="0.96" CONTENT="anslagen."/>
						</TextLine>
					</TextBlock>
					<TextBlock ID="block_4" HPOS="168" VPOS="1238" WIDTH="1614" HEIGHT="156">
						<TextLine ID="line_20" HPOS="273" VPOS="1238" WIDTH="1508" HEIGHT="56">
							<String ID="string_183" HPOS="273" VPOS="1248" WIDTH="55" HEIGHT="35" WC="0.92" CONTENT="16."/><SP WIDTH="52" VPOS="1248" HPOS="328"/>
							<String ID="string_184" HPOS="380" VPOS="1246" WIDTH="247" HEIGHT="47" WC="0.91" CONTENT="Besparingar"/><SP WIDTH="39" VPOS="1246" HPOS="627"/>
							<String ID="string_185" HPOS="666" VPOS="1246" WIDTH="21" HEIGHT="36" WC="0.89" CONTENT="å"/><SP WIDTH="40" VPOS="1246" HPOS="687"/>
							<String ID="string_186" HPOS="727" VPOS="1245" WIDTH="254" HEIGHT="49" WC="0.89" CONTENT="utgiftsstaten"/><SP WIDTH="39" VPOS="1245" HPOS="981"/>
							<String ID="string_187" HPOS="1020" VPOS="1245" WIDTH="13" HEIGHT="35" WC="0.96" CONTENT="i"/><SP WIDTH="40" VPOS="1245" HPOS="1033"/>
							<String ID="string_188" HPOS="1073" VPOS="1243" WIDTH="116" HEIGHT="36" WC="0.96" CONTENT="andra"/><SP WIDTH="39" VPOS="1243" HPOS="1189"/>
							<String ID="string_189" HPOS="1228" VPOS="1241" WIDTH="69" HEIGHT="36" WC="0.96" CONTENT="fall"/><SP WIDTH="37" VPOS="1241" HPOS="1297"/>
							<String ID="string_190" HPOS="1334" VPOS="1249" WIDTH="47" HEIGHT="28" WC="0.96" CONTENT="än"/><SP WIDTH="28" VPOS="1249" HPOS="1381"/>
							<String ID="string_191" HPOS="1409" VPOS="1240" WIDTH="113" HEIGHT="37" WC="0.93" CONTENT="ofvan"/><SP WIDTH="28" VPOS="1240" HPOS="1522"/>
							<String ID="string_192" HPOS="1550" VPOS="1238" WIDTH="231" HEIGHT="38" WC="0.91" CONTENT="omförmälts"/>
						</TextLine>
						<TextLine ID="line_21" HPOS="170" VPOS="1289" WIDTH="1612" HEIGHT="55">
							<String ID="string_193" HPOS="170" VPOS="1298" WIDTH="104" HEIGHT="37" WC="0.96" CONTENT="skola"/><SP WIDTH="39" VPOS="1298" HPOS="274"/>
							<String ID="string_194" HPOS="313" VPOS="1297" WIDTH="89" HEIGHT="47" WC="0.96" CONTENT="ingå"/><SP WIDTH="29" VPOS="1297" HPOS="402"/>
							<String ID="string_195" HPOS="431" VPOS="1298" WIDTH="61" HEIGHT="35" WC="0.93" CONTENT="till"/><SP WIDTH="27" VPOS="1298" HPOS="492"/>
							<String ID="string_196" HPOS="519" VPOS="1297" WIDTH="316" HEIGHT="45" WC="0.89" CONTENT="akademikassan,"/><SP WIDTH="26" VPOS="1297" HPOS="835"/>
							<String ID="string_197" HPOS="861" VPOS="1296" WIDTH="59" HEIGHT="36" WC="0.96" CONTENT="till"/><SP WIDTH="26" VPOS="1296" HPOS="920"/>
							<String ID="string_198" HPOS="946" VPOS="1295" WIDTH="112" HEIGHT="36" WC="0.96" CONTENT="hvars"/><SP WIDTH="27" VPOS="1295" HPOS="1058"/>
							<String ID="string_199" HPOS="1085" VPOS="1292" WIDTH="258" HEIGHT="37" WC="0.96" CONTENT="förstärkande"/><SP WIDTH="28" VPOS="1292" HPOS="1343"/>
							<String ID="string_200" HPOS="1371" VPOS="1291" WIDTH="108" HEIGHT="37" WC="0.96" CONTENT="äfven"/><SP WIDTH="27" VPOS="1291" HPOS="1479"/>
							<String ID="string_201" HPOS="1506" VPOS="1290" WIDTH="61" HEIGHT="37" WC="0.96" CONTENT="må"/><SP WIDTH="27" VPOS="1290" HPOS="1567"/>
							<String ID="string_202" HPOS="1594" VPOS="1289" WIDTH="188" HEIGHT="37" WC="0.96" CONTENT="användas"/>
						</TextLine>
						<TextLine ID="line_22" HPOS="168" VPOS="1344" WIDTH="1225" HEIGHT="50">
							<String ID="string_203" HPOS="168" VPOS="1347" WIDTH="191" HEIGHT="47" WC="0.96" CONTENT="tillfälliga"/><SP WIDTH="28" VPOS="1347" HPOS="359"/>
							<String ID="string_204" HPOS="387" VPOS="1348" WIDTH="69" HEIGHT="36" WC="0.96" CONTENT="och"/><SP WIDTH="27" VPOS="1348" HPOS="456"/>
							<String ID="string_205" HPOS="483" VPOS="1349" WIDTH="11" HEIGHT="35" WC="0.92" CONTENT="i"/><SP WIDTH="26" VPOS="1349" HPOS="494"/>
							<String ID="string_206" HPOS="520" VPOS="1348" WIDTH="287" HEIGHT="36" WC="0.91" CONTENT="inkomststaten"/><SP WIDTH="28" VPOS="1348" HPOS="807"/>
							<String ID="string_207" HPOS="835" VPOS="1347" WIDTH="80" HEIGHT="35" WC="0.96" CONTENT="icke"/><SP WIDTH="28" VPOS="1347" HPOS="915"/>
							<String ID="string_208" HPOS="943" VPOS="1344" WIDTH="211" HEIGHT="38" WC="0.96" CONTENT="beräknade"/><SP WIDTH="26" VPOS="1344" HPOS="1154"/>
							<String ID="string_209" HPOS="1180" VPOS="1344" WIDTH="213" HEIGHT="36" WC="0.96" CONTENT="inkomster."/>
						</TextLine>
					</TextBlock>
					<TextBlock ID="block_5" HPOS="168" VPOS="1389" WIDTH="1616" HEIGHT="148">
						<TextLine ID="line_23" HPOS="273" VPOS="1389" WIDTH="1511" HEIGHT="54">
							<String ID="string_210" HPOS="273" VPOS="1400" WIDTH="57" HEIGHT="35" WC="0.96" CONTENT="17."/><SP WIDTH="55" VPOS="1400" HPOS="330"/>
							<String ID="string_211" HPOS="385" VPOS="1397" WIDTH="72" HEIGHT="38" WC="0.96" CONTENT="Om"/><SP WIDTH="40" VPOS="1397" HPOS="457"/>
							<String ID="string_212" HPOS="497" VPOS="1399" WIDTH="254" HEIGHT="36" WC="0.95" CONTENT="inkomsterna"/><SP WIDTH="40" VPOS="1399" HPOS="751"/>
							<String ID="string_213" HPOS="791" VPOS="1398" WIDTH="116" HEIGHT="45" WC="0.92" CONTENT="något"/><SP WIDTH="39" VPOS="1398" HPOS="907"/>
							<String ID="string_214" HPOS="946" VPOS="1396" WIDTH="41" HEIGHT="36" WC="0.95" CONTENT="år"/><SP WIDTH="38" VPOS="1396" HPOS="987"/>
							<String ID="string_215" HPOS="1025" VPOS="1396" WIDTH="82" HEIGHT="36" WC="0.96" CONTENT="icke"/><SP WIDTH="40" VPOS="1396" HPOS="1107"/>
							<String ID="string_216" HPOS="1147" VPOS="1394" WIDTH="88" HEIGHT="36" WC="0.96" CONTENT="fullt"/><SP WIDTH="31" VPOS="1394" HPOS="1235"/>
							<String ID="string_217" HPOS="1266" VPOS="1399" WIDTH="189" HEIGHT="31" WC="0.96" CONTENT="motsvara"/><SP WIDTH="27" VPOS="1399" HPOS="1455"/>
							<String ID="string_218" HPOS="1482" VPOS="1390" WIDTH="213" HEIGHT="48" WC="0.96" CONTENT="utgifterna,"/><SP WIDTH="29" VPOS="1390" HPOS="1695"/>
							<String ID="string_219" HPOS="1724" VPOS="1389" WIDTH="60" HEIGHT="36" WC="0.86" CONTENT="må"/>
						</TextLine>
						<TextLine ID="line_24" HPOS="170" VPOS="1441" WIDTH="1613" HEIGHT="55">
							<String ID="string_220" HPOS="170" VPOS="1451" WIDTH="150" HEIGHT="45" WC="0.96" CONTENT="bristen,"/><SP WIDTH="36" VPOS="1451" HPOS="320"/>
							<String ID="string_221" HPOS="356" VPOS="1449" WIDTH="93" HEIGHT="36" WC="0.96" CONTENT="efter"/><SP WIDTH="35" VPOS="1449" HPOS="449"/>
							<String ID="string_222" HPOS="484" VPOS="1449" WIDTH="221" HEIGHT="37" WC="0.96" CONTENT="hemställan"/><SP WIDTH="28" VPOS="1449" HPOS="705"/>
							<String ID="string_223" HPOS="733" VPOS="1450" WIDTH="67" HEIGHT="35" WC="0.96" CONTENT="hos"/><SP WIDTH="28" VPOS="1450" HPOS="800"/>
							<String ID="string_224" HPOS="828" VPOS="1448" WIDTH="175" HEIGHT="36" WC="0.96" CONTENT="kanslern"/><SP WIDTH="28" VPOS="1448" HPOS="1003"/>
							<String ID="string_225" HPOS="1031" VPOS="1447" WIDTH="70" HEIGHT="35" WC="0.96" CONTENT="och"/><SP WIDTH="28" VPOS="1447" HPOS="1101"/>
							<String ID="string_226" HPOS="1129" VPOS="1446" WIDTH="116" HEIGHT="45" WC="0.96" CONTENT="enligt"/><SP WIDTH="26" VPOS="1446" HPOS="1245"/>
							<String ID="string_227" HPOS="1271" VPOS="1444" WIDTH="94" HEIGHT="36" WC="0.96" CONTENT="hans"/><SP WIDTH="27" VPOS="1444" HPOS="1365"/>
							<String ID="string_228" HPOS="1392" VPOS="1441" WIDTH="192" HEIGHT="39" WC="0.96" CONTENT="föreskrift"/><SP WIDTH="27" VPOS="1441" HPOS="1584"/>
							<String ID="string_229" HPOS="1611" VPOS="1443" WIDTH="11" HEIGHT="35" WC="0.96" CONTENT="i"/><SP WIDTH="28" VPOS="1443" HPOS="1622"/>
							<String ID="string_230" HPOS="1650" VPOS="1446" WIDTH="133" HEIGHT="39" WC="0.95" CONTENT="ämnet,"/>
						</TextLine>
						<TextLine ID="line_25" HPOS="168" VPOS="1499" WIDTH="491" HEIGHT="38">
							<String ID="string_231" HPOS="168" VPOS="1501" WIDTH="127" HEIGHT="36" WC="0.96" CONTENT="täckas"/><SP WIDTH="28" VPOS="1501" HPOS="295"/>
							<String ID="string_232" HPOS="323" VPOS="1499" WIDTH="40" HEIGHT="37" WC="0.93" CONTENT="af"/><SP WIDTH="22" VPOS="1499" HPOS="363"/>
							<String ID="string_233" HPOS="385" VPOS="1499" WIDTH="274" HEIGHT="38" WC="0.90" CONTENT="reservfonden."/>
						</TextLine>
					</TextBlock>
					<TextBlock ID="block_6" HPOS="169" VPOS="1542" WIDTH="1615" HEIGHT="151">
						<TextLine ID="line_26" HPOS="273" VPOS="1542" WIDTH="1511" HEIGHT="54">
							<String ID="string_234" HPOS="273" VPOS="1552" WIDTH="56" HEIGHT="35" WC="0.94" CONTENT="18."/><SP WIDTH="53" VPOS="1552" HPOS="329"/>
							<String ID="string_235" HPOS="382" VPOS="1550" WIDTH="59" HEIGHT="37" WC="0.95" CONTENT="Af"/><SP WIDTH="25" VPOS="1550" HPOS="441"/>
							<String ID="string_236" HPOS="466" VPOS="1551" WIDTH="45" HEIGHT="36" WC="0.95" CONTENT="de"/><SP WIDTH="27" VPOS="1551" HPOS="511"/>
							<String ID="string_237" HPOS="538" VPOS="1550" WIDTH="84" HEIGHT="46" WC="0.91" CONTENT="fyra"/><SP WIDTH="26" VPOS="1550" HPOS="622"/>
							<String ID="string_238" HPOS="648" VPOS="1551" WIDTH="247" HEIGHT="36" WC="0.91" CONTENT="lärostolarna"/><SP WIDTH="27" VPOS="1551" HPOS="895"/>
							<String ID="string_239" HPOS="922" VPOS="1550" WIDTH="10" HEIGHT="34" WC="0.96" CONTENT="i"/><SP WIDTH="22" VPOS="1550" HPOS="932"/>
							<String ID="string_240" HPOS="954" VPOS="1552" WIDTH="174" HEIGHT="39" WC="0.95" CONTENT="statsrätt,"/><SP WIDTH="21" VPOS="1552" HPOS="1128"/>
							<String ID="string_241" HPOS="1149" VPOS="1546" WIDTH="334" HEIGHT="47" WC="0.93" CONTENT="förvaltningsrätt,"/><SP WIDTH="19" VPOS="1546" HPOS="1483"/>
							<String ID="string_242" HPOS="1502" VPOS="1544" WIDTH="195" HEIGHT="45" WC="0.92" CONTENT="kyrkorätt"/><SP WIDTH="19" VPOS="1544" HPOS="1697"/>
							<String ID="string_243" HPOS="1716" VPOS="1542" WIDTH="68" HEIGHT="36" WC="0.96" CONTENT="och"/>
						</TextLine>
						<TextLine ID="line_27" HPOS="169" VPOS="1594" WIDTH="1615" HEIGHT="52">
							<String ID="string_244" HPOS="169" VPOS="1602" WIDTH="164" HEIGHT="44" WC="0.96" CONTENT="folkrätt,"/><SP WIDTH="19" VPOS="1602" HPOS="333"/>
							<String ID="string_245" HPOS="352" VPOS="1602" WIDTH="12" HEIGHT="35" WC="0.96" CONTENT="i"/><SP WIDTH="20" VPOS="1602" HPOS="364"/>
							<String ID="string_246" HPOS="384" VPOS="1602" WIDTH="343" HEIGHT="36" WC="0.96" CONTENT="nationalekonomi"/><SP WIDTH="20" VPOS="1602" HPOS="727"/>
							<String ID="string_247" HPOS="747" VPOS="1601" WIDTH="68" HEIGHT="36" WC="0.93" CONTENT="och"/><SP WIDTH="25" VPOS="1601" HPOS="815"/>
							<String ID="string_248" HPOS="840" VPOS="1601" WIDTH="206" HEIGHT="43" WC="0.92" CONTENT="finansrätt,"/><SP WIDTH="18" VPOS="1601" HPOS="1046"/>
							<String ID="string_249" HPOS="1064" VPOS="1599" WIDTH="12" HEIGHT="35" WC="0.96" CONTENT="i"/><SP WIDTH="19" VPOS="1599" HPOS="1076"/>
							<String ID="string_250" HPOS="1095" VPOS="1598" WIDTH="149" HEIGHT="46" WC="0.96" CONTENT="speciell"/><SP WIDTH="18" VPOS="1598" HPOS="1244"/>
							<String ID="string_251" HPOS="1262" VPOS="1597" WIDTH="199" HEIGHT="48" WC="0.96" CONTENT="privaträtt"/><SP WIDTH="18" VPOS="1597" HPOS="1461"/>
							<String ID="string_252" HPOS="1479" VPOS="1595" WIDTH="121" HEIGHT="36" WC="0.87" CONTENT="samti"/><SP WIDTH="19" VPOS="1595" HPOS="1600"/>
							<String ID="string_253" HPOS="1619" VPOS="1594" WIDTH="165" HEIGHT="36" WC="0.96" CONTENT="romersk"/>
						</TextLine>
						<TextLine ID="line_28" HPOS="170" VPOS="1646" WIDTH="1408" HEIGHT="47">
							<String ID="string_254" HPOS="170" VPOS="1658" WIDTH="74" HEIGHT="31" WC="0.96" CONTENT="rätt"/><SP WIDTH="27" VPOS="1658" HPOS="244"/>
							<String ID="string_255" HPOS="271" VPOS="1653" WIDTH="68" HEIGHT="35" WC="0.96" CONTENT="och"/><SP WIDTH="28" VPOS="1653" HPOS="339"/>
							<String ID="string_256" HPOS="367" VPOS="1652" WIDTH="248" HEIGHT="36" WC="0.96" CONTENT="rättshistoria"/><SP WIDTH="28" VPOS="1652" HPOS="615"/>
							<String ID="string_257" HPOS="643" VPOS="1660" WIDTH="63" HEIGHT="28" WC="0.96" CONTENT="äro"/><SP WIDTH="28" VPOS="1660" HPOS="706"/>
							<String ID="string_258" HPOS="734" VPOS="1651" WIDTH="63" HEIGHT="37" WC="0.96" CONTENT="två"/><SP WIDTH="28" VPOS="1651" HPOS="797"/>
							<String ID="string_259" HPOS="825" VPOS="1651" WIDTH="185" HEIGHT="36" WC="0.96" CONTENT="ordinarie"/><SP WIDTH="28" VPOS="1651" HPOS="1010"/>
							<String ID="string_260" HPOS="1038" VPOS="1649" WIDTH="67" HEIGHT="36" WC="0.96" CONTENT="och"/><SP WIDTH="28" VPOS="1649" HPOS="1105"/>
							<String ID="string_261" HPOS="1133" VPOS="1648" WIDTH="63" HEIGHT="37" WC="0.93" CONTENT="två"/><SP WIDTH="27" VPOS="1648" HPOS="1196"/>
							<String ID="string_262" HPOS="1223" VPOS="1662" WIDTH="28" HEIGHT="22" WC="0.89" CONTENT="e."/><SP WIDTH="28" VPOS="1662" HPOS="1251"/>
							<String ID="string_263" HPOS="1279" VPOS="1661" WIDTH="31" HEIGHT="22" WC="0.91" CONTENT="o."/><SP WIDTH="28" VPOS="1661" HPOS="1310"/>
							<String ID="string_264" HPOS="1338" VPOS="1646" WIDTH="240" HEIGHT="47" WC="0.96" CONTENT="professurer."/>
						</TextLine>
					</TextBlock>
					<TextBlock ID="block_7" HPOS="171" VPOS="1696" WIDTH="1618" HEIGHT="651">
						<TextLine ID="line_29" HPOS="273" VPOS="1696" WIDTH="1513" HEIGHT="53">
							<String ID="string_265" HPOS="273" VPOS="1703" WIDTH="56" HEIGHT="36" WC="0.96" CONTENT="Då"/><SP WIDTH="37" VPOS="1703" HPOS="329"/>
							<String ID="string_266" HPOS="366" VPOS="1716" WIDTH="45" HEIGHT="22" WC="0.96" CONTENT="en"/><SP WIDTH="28" VPOS="1716" HPOS="411"/>
							<String ID="string_267" HPOS="439" VPOS="1702" WIDTH="42" HEIGHT="36" WC="0.96" CONTENT="af"/><SP WIDTH="23" VPOS="1702" HPOS="481"/>
							<String ID="string_268" HPOS="504" VPOS="1703" WIDTH="105" HEIGHT="36" WC="0.96" CONTENT="dessa"/><SP WIDTH="27" VPOS="1703" HPOS="609"/>
							<String ID="string_269" HPOS="636" VPOS="1703" WIDTH="188" HEIGHT="35" WC="0.96" CONTENT="ordinarie"/><SP WIDTH="27" VPOS="1703" HPOS="824"/>
							<String ID="string_270" HPOS="851" VPOS="1700" WIDTH="230" HEIGHT="49" WC="0.96" CONTENT="professurer"/><SP WIDTH="26" VPOS="1700" HPOS="1081"/>
							<String ID="string_271" HPOS="1107" VPOS="1698" WIDTH="124" HEIGHT="37" WC="0.96" CONTENT="blifvit"/><SP WIDTH="27" VPOS="1698" HPOS="1231"/>
							<String ID="string_272" HPOS="1258" VPOS="1698" WIDTH="110" HEIGHT="44" WC="0.95" CONTENT="ledig,"/><SP WIDTH="27" VPOS="1698" HPOS="1368"/>
							<String ID="string_273" HPOS="1395" VPOS="1697" WIDTH="61" HEIGHT="36" WC="0.96" CONTENT="må"/><SP WIDTH="25" VPOS="1697" HPOS="1456"/>
							<String ID="string_274" HPOS="1481" VPOS="1696" WIDTH="207" HEIGHT="36" WC="0.96" CONTENT="fakulteten"/><SP WIDTH="29" VPOS="1696" HPOS="1688"/>
							<String ID="string_275" HPOS="1717" VPOS="1701" WIDTH="69" HEIGHT="39" WC="0.96" CONTENT="äga"/>
						</TextLine>
						<TextLine ID="line_30" HPOS="171" VPOS="1745" WIDTH="1615" HEIGHT="54">
							<String ID="string_276" HPOS="171" VPOS="1760" WIDTH="75" HEIGHT="30" WC="0.96" CONTENT="rätt"/><SP WIDTH="35" VPOS="1760" HPOS="246"/>
							<String ID="string_277" HPOS="281" VPOS="1758" WIDTH="64" HEIGHT="40" WC="0.92" CONTENT="att,"/><SP WIDTH="27" VPOS="1758" HPOS="345"/>
							<String ID="string_278" HPOS="372" VPOS="1754" WIDTH="11" HEIGHT="34" WC="0.92" CONTENT="i"/><SP WIDTH="30" VPOS="1754" HPOS="383"/>
							<String ID="string_279" HPOS="413" VPOS="1753" WIDTH="71" HEIGHT="35" WC="0.96" CONTENT="den"/><SP WIDTH="32" VPOS="1753" HPOS="484"/>
							<String ID="string_280" HPOS="516" VPOS="1753" WIDTH="161" HEIGHT="46" WC="0.96" CONTENT="ordning"/><SP WIDTH="27" VPOS="1753" HPOS="677"/>
							<String ID="string_281" HPOS="704" VPOS="1750" WIDTH="38" HEIGHT="49" WC="0.96" CONTENT="$$"/><SP WIDTH="29" VPOS="1750" HPOS="742"/>
							<String ID="string_282" HPOS="771" VPOS="1754" WIDTH="44" HEIGHT="34" WC="0.96" CONTENT="67"/><SP WIDTH="31" VPOS="1754" HPOS="815"/>
							<String ID="string_283" HPOS="846" VPOS="1752" WIDTH="68" HEIGHT="36" WC="0.96" CONTENT="och"/><SP WIDTH="29" VPOS="1752" HPOS="914"/>
							<String ID="string_284" HPOS="943" VPOS="1752" WIDTH="47" HEIGHT="35" WC="0.95" CONTENT="80"/><SP WIDTH="28" VPOS="1752" HPOS="990"/>
							<String ID="string_285" HPOS="1018" VPOS="1749" WIDTH="40" HEIGHT="36" WC="0.93" CONTENT="af"/><SP WIDTH="26" VPOS="1749" HPOS="1058"/>
							<String ID="string_286" HPOS="1084" VPOS="1749" WIDTH="444" HEIGHT="36" WC="0.91" CONTENT="universitetsstatuterna"/><SP WIDTH="27" VPOS="1749" HPOS="1528"/>
							<String ID="string_287" HPOS="1555" VPOS="1745" WIDTH="142" HEIGHT="46" WC="0.93" CONTENT="stadga,"/><SP WIDTH="29" VPOS="1745" HPOS="1697"/>
							<String ID="string_288" HPOS="1726" VPOS="1758" WIDTH="60" HEIGHT="22" WC="0.92" CONTENT="an-"/>
						</TextLine>
						<TextLine ID="line_31" HPOS="171" VPOS="1795" WIDTH="1615" HEIGHT="54">
							<String ID="string_289" HPOS="171" VPOS="1806" WIDTH="98" HEIGHT="34" WC="0.90" CONTENT="mäla"/><SP WIDTH="35" VPOS="1806" HPOS="269"/>
							<String ID="string_290" HPOS="304" VPOS="1803" WIDTH="241" HEIGHT="37" WC="0.92" CONTENT="innehafvare"/><SP WIDTH="37" VPOS="1803" HPOS="545"/>
							<String ID="string_291" HPOS="582" VPOS="1803" WIDTH="41" HEIGHT="36" WC="0.96" CONTENT="af"/><SP WIDTH="31" VPOS="1803" HPOS="623"/>
							<String ID="string_292" HPOS="654" VPOS="1804" WIDTH="123" HEIGHT="45" WC="0.96" CONTENT="någon"/><SP WIDTH="29" VPOS="1804" HPOS="777"/>
							<String ID="string_293" HPOS="806" VPOS="1801" WIDTH="39" HEIGHT="37" WC="0.96" CONTENT="af"/><SP WIDTH="26" VPOS="1801" HPOS="845"/>
							<String ID="string_294" HPOS="871" VPOS="1802" WIDTH="46" HEIGHT="36" WC="0.96" CONTENT="de"/><SP WIDTH="27" VPOS="1802" HPOS="917"/>
							<String ID="string_295" HPOS="944" VPOS="1801" WIDTH="96" HEIGHT="36" WC="0.90" CONTENT="båda"/><SP WIDTH="28" VPOS="1801" HPOS="1040"/>
							<String ID="string_296" HPOS="1068" VPOS="1813" WIDTH="27" HEIGHT="23" WC="0.89" CONTENT="e."/><SP WIDTH="29" VPOS="1813" HPOS="1095"/>
							<String ID="string_297" HPOS="1124" VPOS="1813" WIDTH="31" HEIGHT="23" WC="0.91" CONTENT="o."/><SP WIDTH="27" VPOS="1813" HPOS="1155"/>
							<String ID="string_298" HPOS="1182" VPOS="1798" WIDTH="278" HEIGHT="48" WC="0.91" CONTENT="professurerna"/><SP WIDTH="27" VPOS="1798" HPOS="1460"/>
							<String ID="string_299" HPOS="1487" VPOS="1797" WIDTH="57" HEIGHT="36" WC="0.96" CONTENT="till"/><SP WIDTH="28" VPOS="1797" HPOS="1544"/>
							<String ID="string_300" HPOS="1572" VPOS="1795" WIDTH="214" HEIGHT="37" WC="0.96" CONTENT="erhållande"/>
						</TextLine>
						<TextLine ID="line_32" HPOS="173" VPOS="1846" WIDTH="1613" HEIGHT="54">
							<String ID="string_301" HPOS="173" VPOS="1855" WIDTH="40" HEIGHT="36" WC="0.95" CONTENT="af"/><SP WIDTH="37" VPOS="1855" HPOS="213"/>
							<String ID="string_302" HPOS="250" VPOS="1855" WIDTH="61" HEIGHT="36" WC="0.95" CONTENT="det"/><SP WIDTH="40" VPOS="1855" HPOS="311"/>
							<String ID="string_303" HPOS="351" VPOS="1854" WIDTH="123" HEIGHT="46" WC="0.96" CONTENT="lediga"/><SP WIDTH="40" VPOS="1854" HPOS="474"/>
							<String ID="string_304" HPOS="514" VPOS="1855" WIDTH="161" HEIGHT="35" WC="0.96" CONTENT="ämbetet"/><SP WIDTH="39" VPOS="1855" HPOS="675"/>
							<String ID="string_305" HPOS="714" VPOS="1853" WIDTH="85" HEIGHT="37" WC="0.96" CONTENT="med"/><SP WIDTH="32" VPOS="1853" HPOS="799"/>
							<String ID="string_306" HPOS="831" VPOS="1850" WIDTH="260" HEIGHT="39" WC="0.95" CONTENT="bibehållande"/><SP WIDTH="28" VPOS="1850" HPOS="1091"/>
							<String ID="string_307" HPOS="1119" VPOS="1850" WIDTH="40" HEIGHT="36" WC="0.96" CONTENT="af"/><SP WIDTH="24" VPOS="1850" HPOS="1159"/>
							<String ID="string_308" HPOS="1183" VPOS="1850" WIDTH="61" HEIGHT="36" WC="0.96" CONTENT="det"/><SP WIDTH="27" VPOS="1850" HPOS="1244"/>
							<String ID="string_309" HPOS="1271" VPOS="1850" WIDTH="90" HEIGHT="36" WC="0.96" CONTENT="eller"/><SP WIDTH="28" VPOS="1850" HPOS="1361"/>
							<String ID="string_310" HPOS="1389" VPOS="1849" WIDTH="45" HEIGHT="35" WC="0.93" CONTENT="de"/><SP WIDTH="27" VPOS="1849" HPOS="1434"/>
							<String ID="string_311" HPOS="1461" VPOS="1849" WIDTH="224" HEIGHT="41" WC="0.92" CONTENT="läroämnen,"/><SP WIDTH="28" VPOS="1849" HPOS="1685"/>
							<String ID="string_312" HPOS="1713" VPOS="1846" WIDTH="73" HEIGHT="35" WC="0.96" CONTENT="han"/>
						</TextLine>
						<TextLine ID="line_33" HPOS="172" VPOS="1898" WIDTH="1614" HEIGHT="52">
							<String ID="string_313" HPOS="172" VPOS="1906" WIDTH="101" HEIGHT="36" WC="0.96" CONTENT="förut"/><SP WIDTH="38" VPOS="1906" HPOS="273"/>
							<String ID="string_314" HPOS="311" VPOS="1905" WIDTH="180" HEIGHT="36" WC="0.92" CONTENT="innehaft."/><SP WIDTH="55" VPOS="1905" HPOS="491"/>
							<String ID="string_315" HPOS="546" VPOS="1905" WIDTH="130" HEIGHT="36" WC="0.89" CONTENT="Därest"/><SP WIDTH="41" VPOS="1905" HPOS="676"/>
							<String ID="string_316" HPOS="717" VPOS="1919" WIDTH="27" HEIGHT="22" WC="0.81" CONTENT="e"/><SP WIDTH="41" VPOS="1919" HPOS="744"/>
							<String ID="string_317" HPOS="785" VPOS="1918" WIDTH="31" HEIGHT="22" WC="0.45" CONTENT="o."/><SP WIDTH="36" VPOS="1918" HPOS="816"/>
							<String ID="string_318" HPOS="852" VPOS="1903" WIDTH="185" HEIGHT="47" WC="0.96" CONTENT="professor"/><SP WIDTH="28" VPOS="1903" HPOS="1037"/>
							<String ID="string_319" HPOS="1065" VPOS="1901" WIDTH="84" HEIGHT="36" WC="0.96" CONTENT="med"/><SP WIDTH="28" VPOS="1901" HPOS="1149"/>
							<String ID="string_320" HPOS="1177" VPOS="1900" WIDTH="203" HEIGHT="46" WC="0.96" CONTENT="anledning"/><SP WIDTH="28" VPOS="1900" HPOS="1380"/>
							<String ID="string_321" HPOS="1408" VPOS="1898" WIDTH="39" HEIGHT="37" WC="0.96" CONTENT="af"/><SP WIDTH="25" VPOS="1898" HPOS="1447"/>
							<String ID="string_322" HPOS="1472" VPOS="1898" WIDTH="113" HEIGHT="36" WC="0.96" CONTENT="sådan"/><SP WIDTH="29" VPOS="1898" HPOS="1585"/>
							<String ID="string_323" HPOS="1614" VPOS="1898" WIDTH="172" HEIGHT="35" WC="0.96" CONTENT="anmälan"/>
						</TextLine>
						<TextLine ID="line_34" HPOS="173" VPOS="1948" WIDTH="1614" HEIGHT="53">
							<String ID="string_324" HPOS="173" VPOS="1957" WIDTH="133" HEIGHT="36" WC="0.91" CONTENT="varder"/><SP WIDTH="28" VPOS="1957" HPOS="306"/>
							<String ID="string_325" HPOS="334" VPOS="1955" WIDTH="41" HEIGHT="36" WC="0.96" CONTENT="af"/><SP WIDTH="24" VPOS="1955" HPOS="375"/>
							<String ID="string_326" HPOS="399" VPOS="1956" WIDTH="135" HEIGHT="44" WC="0.95" CONTENT="Kungl."/><SP WIDTH="28" VPOS="1956" HPOS="534"/>
							<String ID="string_327" HPOS="562" VPOS="1955" WIDTH="102" HEIGHT="46" WC="0.93" CONTENT="Maj:t"/><SP WIDTH="26" VPOS="1955" HPOS="664"/>
							<String ID="string_328" HPOS="690" VPOS="1955" WIDTH="183" HEIGHT="36" WC="0.69" CONTENT="utnärnd"/><SP WIDTH="28" VPOS="1955" HPOS="873"/>
							<String ID="string_329" HPOS="901" VPOS="1955" WIDTH="57" HEIGHT="35" WC="0.96" CONTENT="till"/><SP WIDTH="29" VPOS="1955" HPOS="958"/>
							<String ID="string_330" HPOS="987" VPOS="1952" WIDTH="185" HEIGHT="36" WC="0.96" CONTENT="ordinarie"/><SP WIDTH="27" VPOS="1952" HPOS="1172"/>
							<String ID="string_331" HPOS="1199" VPOS="1951" WIDTH="195" HEIGHT="48" WC="0.96" CONTENT="professor,"/><SP WIDTH="28" VPOS="1951" HPOS="1394"/>
							<String ID="string_332" HPOS="1422" VPOS="1950" WIDTH="171" HEIGHT="36" WC="0.96" CONTENT="tillsättes"/><SP WIDTH="25" VPOS="1950" HPOS="1593"/>
							<String ID="string_333" HPOS="1618" VPOS="1948" WIDTH="71" HEIGHT="36" WC="0.93" CONTENT="den"/><SP WIDTH="20" VPOS="1948" HPOS="1689"/>
							<String ID="string_334" HPOS="1709" VPOS="1948" WIDTH="78" HEIGHT="35" WC="0.92" CONTENT="där-"/>
						</TextLine>
						<TextLine ID="line_35" HPOS="172" VPOS="1999" WIDTH="1616" HEIGHT="53">
							<String ID="string_335" HPOS="172" VPOS="2008" WIDTH="149" HEIGHT="44" WC="0.93" CONTENT="igenom"/><SP WIDTH="28" VPOS="2008" HPOS="321"/>
							<String ID="string_336" HPOS="349" VPOS="2005" WIDTH="221" HEIGHT="46" WC="0.90" CONTENT="ledigblifna"/><SP WIDTH="27" VPOS="2005" HPOS="570"/>
							<String ID="string_337" HPOS="597" VPOS="2019" WIDTH="28" HEIGHT="23" WC="0.90" CONTENT="e."/><SP WIDTH="29" VPOS="2019" HPOS="625"/>
							<String ID="string_338" HPOS="654" VPOS="2020" WIDTH="30" HEIGHT="22" WC="0.90" CONTENT="o."/><SP WIDTH="27" VPOS="2020" HPOS="684"/>
							<String ID="string_339" HPOS="711" VPOS="2005" WIDTH="238" HEIGHT="47" WC="0.96" CONTENT="professuren"/><SP WIDTH="28" VPOS="2005" HPOS="949"/>
							<String ID="string_340" HPOS="977" VPOS="2005" WIDTH="11" HEIGHT="34" WC="0.96" CONTENT="i"/><SP WIDTH="29" VPOS="2005" HPOS="988"/>
							<String ID="string_341" HPOS="1017" VPOS="2003" WIDTH="63" HEIGHT="35" WC="0.96" CONTENT="det"/><SP WIDTH="27" VPOS="2003" HPOS="1080"/>
							<String ID="string_342" HPOS="1107" VPOS="2004" WIDTH="89" HEIGHT="34" WC="0.95" CONTENT="eller"/><SP WIDTH="28" VPOS="2004" HPOS="1196"/>
							<String ID="string_343" HPOS="1224" VPOS="2003" WIDTH="44" HEIGHT="35" WC="0.96" CONTENT="de"/><SP WIDTH="29" VPOS="2003" HPOS="1268"/>
							<String ID="string_344" HPOS="1297" VPOS="2009" WIDTH="145" HEIGHT="34" WC="0.96" CONTENT="ämnen,"/><SP WIDTH="28" VPOS="2009" HPOS="1442"/>
							<String ID="string_345" HPOS="1470" VPOS="2013" WIDTH="80" HEIGHT="23" WC="0.96" CONTENT="som"/><SP WIDTH="19" VPOS="2013" HPOS="1550"/>
							<String ID="string_346" HPOS="1569" VPOS="1999" WIDTH="103" HEIGHT="36" WC="0.96" CONTENT="förut"/><SP WIDTH="18" VPOS="1999" HPOS="1672"/>
							<String ID="string_347" HPOS="1690" VPOS="1999" WIDTH="98" HEIGHT="35" WC="0.96" CONTENT="varit"/>
						</TextLine>
						<TextLine ID="line_36" HPOS="173" VPOS="2050" WIDTH="1616" HEIGHT="54">
							<String ID="string_348" HPOS="173" VPOS="2058" WIDTH="83" HEIGHT="35" WC="0.95" CONTENT="med"/><SP WIDTH="42" VPOS="2058" HPOS="256"/>
							<String ID="string_349" HPOS="298" VPOS="2057" WIDTH="71" HEIGHT="35" WC="0.94" CONTENT="den"/><SP WIDTH="42" VPOS="2057" HPOS="369"/>
							<String ID="string_350" HPOS="411" VPOS="2057" WIDTH="184" HEIGHT="35" WC="0.92" CONTENT="ordinarie"/><SP WIDTH="41" VPOS="2057" HPOS="595"/>
							<String ID="string_351" HPOS="636" VPOS="2056" WIDTH="235" HEIGHT="48" WC="0.96" CONTENT="professuren"/><SP WIDTH="36" VPOS="2056" HPOS="871"/>
							<String ID="string_352" HPOS="907" VPOS="2054" WIDTH="186" HEIGHT="36" WC="0.95" CONTENT="förenade."/><SP WIDTH="53" VPOS="2054" HPOS="1093"/>
							<String ID="string_353" HPOS="1146" VPOS="2053" WIDTH="77" HEIGHT="35" WC="0.90" CONTENT="Har"/><SP WIDTH="27" VPOS="2053" HPOS="1223"/>
							<String ID="string_354" HPOS="1250" VPOS="2053" WIDTH="106" HEIGHT="43" WC="0.96" CONTENT="dylik"/><SP WIDTH="28" VPOS="2053" HPOS="1356"/>
							<String ID="string_355" HPOS="1384" VPOS="2052" WIDTH="173" HEIGHT="34" WC="0.95" CONTENT="anmälan"/><SP WIDTH="27" VPOS="2052" HPOS="1557"/>
							<String ID="string_356" HPOS="1584" VPOS="2050" WIDTH="80" HEIGHT="35" WC="0.95" CONTENT="icke"/><SP WIDTH="28" VPOS="2050" HPOS="1664"/>
							<String ID="string_357" HPOS="1692" VPOS="2050" WIDTH="97" HEIGHT="34" WC="0.96" CONTENT="skett"/>
						</TextLine>
						<TextLine ID="line_37" HPOS="173" VPOS="2098" WIDTH="1616" HEIGHT="54">
							<String ID="string_358" HPOS="173" VPOS="2109" WIDTH="102" HEIGHT="35" WC="0.96" CONTENT="inom"/><SP WIDTH="38" VPOS="2109" HPOS="275"/>
							<String ID="string_359" HPOS="313" VPOS="2107" WIDTH="71" HEIGHT="35" WC="0.96" CONTENT="den"/><SP WIDTH="29" VPOS="2107" HPOS="384"/>
							<String ID="string_360" HPOS="413" VPOS="2108" WIDTH="9" HEIGHT="33" WC="0.93" CONTENT="i"/><SP WIDTH="29" VPOS="2108" HPOS="422"/>
							<String ID="string_361" HPOS="451" VPOS="2104" WIDTH="18" HEIGHT="47" WC="0.92" CONTENT="$"/><SP WIDTH="30" VPOS="2104" HPOS="469"/>
							<String ID="string_362" HPOS="499" VPOS="2108" WIDTH="44" HEIGHT="33" WC="0.96" CONTENT="67"/><SP WIDTH="30" VPOS="2108" HPOS="543"/>
							<String ID="string_363" HPOS="573" VPOS="2107" WIDTH="178" HEIGHT="45" WC="0.96" CONTENT="stadgade"/><SP WIDTH="27" VPOS="2107" HPOS="751"/>
							<String ID="string_364" HPOS="778" VPOS="2106" WIDTH="55" HEIGHT="35" WC="0.96" CONTENT="tid"/><SP WIDTH="29" VPOS="2106" HPOS="833"/>
							<String ID="string_365" HPOS="862" VPOS="2106" WIDTH="98" HEIGHT="42" WC="0.96" CONTENT="eller,"/><SP WIDTH="28" VPOS="2106" HPOS="960"/>
							<String ID="string_366" HPOS="988" VPOS="2104" WIDTH="66" HEIGHT="35" WC="0.96" CONTENT="där"/><SP WIDTH="28" VPOS="2104" HPOS="1054"/>
							<String ID="string_367" HPOS="1082" VPOS="2103" WIDTH="70" HEIGHT="35" WC="0.96" CONTENT="den"/><SP WIDTH="28" VPOS="2103" HPOS="1152"/>
							<String ID="string_368" HPOS="1180" VPOS="2104" WIDTH="105" HEIGHT="42" WC="0.95" CONTENT="skett,"/><SP WIDTH="28" VPOS="2104" HPOS="1285"/>
							<String ID="string_369" HPOS="1313" VPOS="2102" WIDTH="80" HEIGHT="36" WC="0.96" CONTENT="icke"/><SP WIDTH="27" VPOS="2102" HPOS="1393"/>
							<String ID="string_370" HPOS="1420" VPOS="2102" WIDTH="135" HEIGHT="35" WC="0.96" CONTENT="vunnit"/><SP WIDTH="27" VPOS="2102" HPOS="1555"/>
							<String ID="string_371" HPOS="1582" VPOS="2099" WIDTH="130" HEIGHT="45" WC="0.93" CONTENT="nådigt"/><SP WIDTH="27" VPOS="2099" HPOS="1712"/>
							<String ID="string_372" HPOS="1739" VPOS="2098" WIDTH="50" HEIGHT="36" WC="0.92" CONTENT="af-"/>
						</TextLine>
						<TextLine ID="line_38" HPOS="174" VPOS="2149" WIDTH="1615" HEIGHT="53">
							<String ID="string_373" HPOS="174" VPOS="2158" WIDTH="141" HEIGHT="44" WC="0.96" CONTENT="seende,"/><SP WIDTH="42" VPOS="2158" HPOS="315"/>
							<String ID="string_374" HPOS="357" VPOS="2157" WIDTH="94" HEIGHT="35" WC="0.95" CONTENT="skall"/><SP WIDTH="41" VPOS="2157" HPOS="451"/>
							<String ID="string_375" HPOS="492" VPOS="2156" WIDTH="71" HEIGHT="36" WC="0.96" CONTENT="den"/><SP WIDTH="37" VPOS="2156" HPOS="563"/>
							<String ID="string_376" HPOS="600" VPOS="2157" WIDTH="185" HEIGHT="35" WC="0.96" CONTENT="ordinarie"/><SP WIDTH="28" VPOS="2157" HPOS="785"/>
							<String ID="string_377" HPOS="813" VPOS="2155" WIDTH="234" HEIGHT="46" WC="0.96" CONTENT="professuren"/><SP WIDTH="28" VPOS="2155" HPOS="1047"/>
							<String ID="string_378" HPOS="1075" VPOS="2154" WIDTH="171" HEIGHT="34" WC="0.96" CONTENT="tillsättas"/><SP WIDTH="27" VPOS="2154" HPOS="1246"/>
							<String ID="string_379" HPOS="1273" VPOS="2154" WIDTH="12" HEIGHT="33" WC="0.97" CONTENT="i"/><SP WIDTH="29" VPOS="2154" HPOS="1285"/>
							<String ID="string_380" HPOS="1314" VPOS="2152" WIDTH="62" HEIGHT="36" WC="0.96" CONTENT="det"/><SP WIDTH="28" VPOS="2152" HPOS="1376"/>
							<String ID="string_381" HPOS="1404" VPOS="2153" WIDTH="88" HEIGHT="34" WC="0.96" CONTENT="eller"/><SP WIDTH="28" VPOS="2153" HPOS="1492"/>
							<String ID="string_382" HPOS="1520" VPOS="2151" WIDTH="44" HEIGHT="35" WC="0.96" CONTENT="de"/><SP WIDTH="29" VPOS="2151" HPOS="1564"/>
							<String ID="string_383" HPOS="1593" VPOS="2149" WIDTH="84" HEIGHT="36" WC="0.93" CONTENT="med"/><SP WIDTH="29" VPOS="2149" HPOS="1677"/>
							<String ID="string_384" HPOS="1706" VPOS="2149" WIDTH="83" HEIGHT="35" WC="0.90" CONTENT="den-"/>
						</TextLine>
						<TextLine ID="line_39" HPOS="176" VPOS="2199" WIDTH="1613" HEIGHT="50">
							<String ID="string_385" HPOS="176" VPOS="2223" WIDTH="141" HEIGHT="22" WC="0.90" CONTENT="samma"/><SP WIDTH="37" VPOS="2223" HPOS="317"/>
							<String ID="string_386" HPOS="354" VPOS="2207" WIDTH="100" HEIGHT="35" WC="0.93" CONTENT="förut"/><SP WIDTH="28" VPOS="2207" HPOS="454"/>
							<String ID="string_387" HPOS="482" VPOS="2207" WIDTH="173" HEIGHT="36" WC="0.96" CONTENT="förenade"/><SP WIDTH="28" VPOS="2207" HPOS="655"/>
							<String ID="string_388" HPOS="683" VPOS="2215" WIDTH="144" HEIGHT="27" WC="0.93" CONTENT="ämnen."/><SP WIDTH="59" VPOS="2215" HPOS="827"/>
							<String ID="string_389" HPOS="886" VPOS="2205" WIDTH="140" HEIGHT="36" WC="0.92" CONTENT="Varder"/><SP WIDTH="28" VPOS="2205" HPOS="1026"/>
							<String ID="string_390" HPOS="1054" VPOS="2217" WIDTH="44" HEIGHT="23" WC="0.96" CONTENT="en"/><SP WIDTH="29" VPOS="2217" HPOS="1098"/>
							<String ID="string_391" HPOS="1127" VPOS="2203" WIDTH="38" HEIGHT="35" WC="0.96" CONTENT="af"/><SP WIDTH="27" VPOS="2203" HPOS="1165"/>
							<String ID="string_392" HPOS="1192" VPOS="2204" WIDTH="43" HEIGHT="35" WC="0.91" CONTENT="de"/><SP WIDTH="28" VPOS="2204" HPOS="1235"/>
							<String ID="string_393" HPOS="1263" VPOS="2217" WIDTH="28" HEIGHT="21" WC="0.89" CONTENT="e."/><SP WIDTH="29" VPOS="2217" HPOS="1291"/>
							<String ID="string_394" HPOS="1320" VPOS="2217" WIDTH="31" HEIGHT="20" WC="0.91" CONTENT="o."/><SP WIDTH="31" VPOS="2217" HPOS="1351"/>
							<String ID="string_395" HPOS="1382" VPOS="2202" WIDTH="281" HEIGHT="47" WC="0.91" CONTENT="professurerna"/><SP WIDTH="27" VPOS="2202" HPOS="1663"/>
							<String ID="string_396" HPOS="1690" VPOS="2199" WIDTH="99" HEIGHT="45" WC="0.96" CONTENT="ledig"/>
						</TextLine>
						<TextLine ID="line_40" HPOS="176" VPOS="2251" WIDTH="1611" HEIGHT="52">
							<String ID="string_397" HPOS="176" VPOS="2260" WIDTH="40" HEIGHT="35" WC="0.96" CONTENT="af"/><SP WIDTH="37" VPOS="2260" HPOS="216"/>
							<String ID="string_398" HPOS="253" VPOS="2272" WIDTH="121" HEIGHT="22" WC="0.95" CONTENT="annan"/><SP WIDTH="43" VPOS="2272" HPOS="374"/>
							<String ID="string_399" HPOS="417" VPOS="2257" WIDTH="202" HEIGHT="46" WC="0.96" CONTENT="anledning"/><SP WIDTH="37" VPOS="2257" HPOS="619"/>
							<String ID="string_400" HPOS="656" VPOS="2266" WIDTH="45" HEIGHT="27" WC="0.96" CONTENT="än"/><SP WIDTH="35" VPOS="2266" HPOS="701"/>
							<String ID="string_401" HPOS="736" VPOS="2257" WIDTH="68" HEIGHT="36" WC="0.95" CONTENT="den"/><SP WIDTH="30" VPOS="2257" HPOS="804"/>
							<String ID="string_402" HPOS="834" VPOS="2257" WIDTH="68" HEIGHT="34" WC="0.96" CONTENT="här"/><SP WIDTH="28" VPOS="2257" HPOS="902"/>
							<String ID="string_403" HPOS="930" VPOS="2255" WIDTH="110" HEIGHT="36" WC="0.93" CONTENT="ofvan"/><SP WIDTH="30" VPOS="2255" HPOS="1040"/>
							<String ID="string_404" HPOS="1070" VPOS="2253" WIDTH="256" HEIGHT="44" WC="0.91" CONTENT="omförmälda,"/><SP WIDTH="27" VPOS="2253" HPOS="1326"/>
							<String ID="string_405" HPOS="1353" VPOS="2253" WIDTH="95" HEIGHT="35" WC="0.96" CONTENT="skall"/><SP WIDTH="30" VPOS="2253" HPOS="1448"/>
							<String ID="string_406" HPOS="1478" VPOS="2252" WIDTH="69" HEIGHT="36" WC="0.94" CONTENT="den"/><SP WIDTH="31" VPOS="2252" HPOS="1547"/>
							<String ID="string_407" HPOS="1578" VPOS="2251" WIDTH="171" HEIGHT="35" WC="0.94" CONTENT="tillsättas"/><SP WIDTH="30" VPOS="2251" HPOS="1749"/>
							<String ID="string_408" HPOS="1779" VPOS="2251" WIDTH="8" HEIGHT="33" WC="0.96" CONTENT="i"/>
						</TextLine>
						<TextLine ID="line_41" HPOS="174" VPOS="2303" WIDTH="1221" HEIGHT="44">
							<String ID="string_409" HPOS="174" VPOS="2322" WIDTH="141" HEIGHT="25" WC="0.95" CONTENT="samma"/><SP WIDTH="27" VPOS="2322" HPOS="315"/>
							<String ID="string_410" HPOS="342" VPOS="2316" WIDTH="107" HEIGHT="28" WC="0.95" CONTENT="ämne"/><SP WIDTH="29" VPOS="2316" HPOS="449"/>
							<String ID="string_411" HPOS="478" VPOS="2308" WIDTH="87" HEIGHT="36" WC="0.95" CONTENT="eller"/><SP WIDTH="28" VPOS="2308" HPOS="565"/>
							<String ID="string_412" HPOS="593" VPOS="2316" WIDTH="144" HEIGHT="29" WC="0.94" CONTENT="ämnen,"/><SP WIDTH="30" VPOS="2316" HPOS="737"/>
							<String ID="string_413" HPOS="767" VPOS="2319" WIDTH="79" HEIGHT="25" WC="0.96" CONTENT="som"/><SP WIDTH="27" VPOS="2319" HPOS="846"/>
							<String ID="string_414" HPOS="873" VPOS="2306" WIDTH="101" HEIGHT="36" WC="0.96" CONTENT="förut"/><SP WIDTH="27" VPOS="2306" HPOS="974"/>
							<String ID="string_415" HPOS="1001" VPOS="2304" WIDTH="145" HEIGHT="37" WC="0.96" CONTENT="tillhört"/><SP WIDTH="27" VPOS="2304" HPOS="1146"/>
							<String ID="string_416" HPOS="1173" VPOS="2303" WIDTH="222" HEIGHT="37" WC="0.96" CONTENT="densamma."/>
						</TextLine>
					</TextBlock>
				</ComposedBlock>
			</PrintSpace>
		</Page>
	</Layout>
</alto>
