2234 2650
741 198 229 29 Statsutskottets
997 199 153 29 Utlåtande
1172 200 60 29 N:o
1257 201 26 26 9.
1781 199 41 30 53

211 269 16 35 I
267 271 123 37 stället
429 272 59 37 för
527 274 177 36 rubriken
747 275 306 36 »universiteten>
1093 277 13 34 i
1132 276 199 37 riksstaten
1359 277 119 36 skulle
1505 277 140 37 således
1672 278 151 36 komma

212 325 54 31 att
299 321 67 37 där
391 323 141 37 införas
558 324 64 37 två
648 325 171 37 rubriker
850 327 275 36 »universitetet
1160 328 3 34 i
1190 327 185 46 Uppsala»
1409 328 68 36 och
1509 329 275 36 »universitetet
1809 329 13 35 i

213 370 143 39 Lund>.

313 423 130 39 Redan
484 425 41 36 af
557 427 100 35 hvad
686 428 67 45 jag
779 441 52 22 nu
858 427 123 37 anfört
1007 427 175 46 framgår,
1210 434 54 30 att
1292 430 284 36 statskontorets
1603 430 142 46 förslag
1770 430 53 35 III

213 473 70 35 och
322 474 64 47 IV,
426 476 58 37 för
523 478 129 35 hvilka
690 477 98 37 båda
822 485 41 29 är
897 485 238 39 gemensamt,
1163 484 55 30 att
1243 478 338 48 förslagsanslagen
1608 481 215 45 bibehållas,

212 523 80 37 icke
320 532 103 41 synts
450 528 77 46 mig
552 528 95 36 böra
672 529 127 46 läggas
826 529 59 35 till
912 529 122 45 grund
1060 528 59 37 för
1146 531 259 45 uppställning
1432 530 41 36 af
1492 531 45 36 de
1555 544 77 35 nya
1650 536 173 31 staterna.

213 572 17 36 I
263 574 112 49 öfrigt
402 591 107 31 synes
536 579 78 45 mig
639 578 179 47 förslaget
843 579 54 36 III
923 593 79 22 mer
1028 587 47 28 än
1103 581 164 45 önskligt
1295 582 149 35 ansluta
1470 582 55 45 sig
1551 582 60 35 till
1638 582 45 36 de
1710 595 113 23 nuva-

212 626 116 36 rande
355 633 173 32 staterna.
580 629 191 46 Förslaget
797 630 54 36 IV
878 630 107 36 torde
1012 631 31 47 ej
1070 631 117 36 heller
1210 631 169 36 medföra
1397 632 245 46 väsentligare
1660 632 164 37 fördelar

213 675 43 35 af
280 690 45 24 en
351 678 219 48 förändring
595 681 13 35 i
636 686 172 31 staterna.

315 728 54 37 De
408 729 141 48 förslag
582 732 59 35 till
677 737 114 30 stater
816 731 59 36 för
902 732 45 35 de
973 731 97 36 båda
1097 732 275 46 universiteten,
1400 746 79 23 som
1505 734 85 35 med
1616 734 145 36 biträde
1788 733 32 36 af
1845 738 145 31 .Förslags-

213 776 268 41 förutnämnda
516 782 236 45 sakkunniga
776 783 103 35 inom
907 782 294 47 departementet
1228 789 220 41 upprättats,
1475 784 90 46 utgå
1591 768 371 73 fördenskull,vytande
1979 780 46 50 mot

212 827 84 38 från
336 844 45 23 en
420 833 161 45 fixering
613 832 41 36 af
676 832 346 47 förslagsanslagen.
1075 833 96 36 Från
1199 835 254 35 universitetet
1490 836 2 34 i
1520 835 167 46 Uppsala
1713 835 112 36 hafva
1865 839 125 25 bestämda

213 885 102 31 stora
349 881 176 47 farhågor
560 888 80 31 mot
667 896 45 23 en
740 883 130 46 åtgärd
896 885 12 34 i
936 883 114 36 sådan
1078 884 167 46 riktning
1271 886 165 35 uttalats.
1491 884 127 37 Såsom
1646 887 180 35 statskon-
1882 874 91 31 "8

213 935 98 32 toret
350 933 130 46 riktigt
518 934 167 45 invändt,
725 935 109 35 beror
874 934 94 35 dock
1007 934 274 46 berättigandet
1308 935 41 36 af
1372 950 45 21 en
1446 936 113 36 sådan
1586 936 156 46 farhåga
1767 936 58 47 på,

212 981 99 36 huru
338 983 207 47 fixeringen
572 991 116 39 göres.
741 985 67 36 Att
835 985 225 46 densamma,
1088 986 123 35 därest
1238 986 71 36 den
1336 987 64 35 vid
1428 993 51 29 ett
1505 987 223 46 föregående
1754 988 71 35 till-

214 1030 90 38 fälle
331 1034 177 46 vidtagits
534 1034 49 47 på
610 1035 46 36 då
683 1035 198 46 föreslaget
905 1041 81 39 sätt,
1006 1037 120 35 skulle
1144 1037 97 35 varit
1259 1037 60 35 till
1338 1037 116 36 skada
1471 1037 58 36 för
1547 1038 278 36 vederbörande

214 1083 218 37 universitet
471 1086 145 36 bevisar
656 1086 106 45 blott,
803 1086 120 36 såsom
963 1087 62 35 det
1061 1088 199 43 anmärkts,
1289 1093 54 30 att
1370 1088 71 36 den
1468 1088 358 47 beräkningsgrund,

214 1132 93 37 efter
346 1136 153 36 hvilken
537 1137 207 45 fixeringen
774 1137 46 36 då
847 1151 67 22 var
941 1138 166 35 tilltänkt
1135 1143 55 30 att
1217 1139 73 44 ske,
1318 1139 29 45 ej
1378 1152 67 22 var
1471 1138 354 38 tillfredsställande.

214 1183 103 37 Efter
356 1199 152 23 vunnen
546 1187 88 46 lång
659 1187 74 36 tids
761 1187 209 37 erfarenhet
996 1189 74 34 kan
1098 1202 86 22 man
1212 1202 156 23 numera
1394 1190 85 35 med
1507 1195 117 31 större
1652 1191 174 45 trygghet

213 1235 69 35 och
310 1236 219 47 lämpligare
557 1239 205 34 bestämma
789 1239 122 35 denna
938 1239 356 45 beräkningsgrund.

315 1286 71 36 Det
426 1292 41 30 är
506 1288 132 36 härvid
679 1288 363 47 spannmålsvärdets
1073 1289 216 46 beräkning,
1317 1290 142 46 hvarpå
1486 1291 61 35 det
1574 1292 168 35 kommer
1769 1304 58 22 an.

214 1334 17 35 I
258 1336 62 36 det
345 1336 83 37 från
455 1339 257 36 universitetet
744 1340 5 35 i
777 1339 167 48 Uppsala
969 1338 212 47 framlagda
1207 1339 178 46 förslaget
1411 1341 59 35 till
1497 1354 51 34 ny
1576 1347 73 30 stat
1668 1349 40 28 är
1727 1342 101 35 detta

213 1387 114 35 värde
368 1389 206 35 beräknadt
612 1390 60 35 till
714 1392 19 33 7
775 1391 139 34 kronor
956 1392 44 33 25
1038 1397 62 28 öre
1128 1389 59 37 för
1215 1391 207 36 hektoliter.
1475 1391 71 36 Det
1572 1391 142 46 förslag
1741 1392 87 45 åter,

214 1449 81 24 som
328 1439 68 45 jag
435 1438 83 37 låtit
544 1445 178 41 upprätta
747 1439 59 37 för
832 1441 164 35 nämnda
1023 1441 227 45 universitet,
1278 1442 109 45 utgår
1413 1441 82 36 från
1523 1448 53 30 ett
1603 1443 225 46 spannmåls-

215 1488 113 36 värde
356 1488 42 36 af
423 1492 18 33 7
470 1491 141 35 kronor
640 1493 45 33 18
714 1498 62 29 öre
803 1490 58 37 för
888 1492 207 35 hektoliter.
1150 1492 112 35 Detta
1289 1493 113 35 värde
1426 1500 40 28 är
1484 1493 136 36 mediet
1640 1493 41 35 af
1695 1494 134 35 medel-

214 1539 115 45 priset
368 1539 58 36 för
467 1541 45 36 de
545 1542 89 35 sista
663 1543 45 35 20
737 1542 97 45 åren,
864 1544 259 34 1887--1906.
1177 1543 73 35 För
1278 1543 44 36 de
1350 1544 88 35 sista
1467 1545 18 34 5
1516 1546 86 33 åren
1631 1545 69 34 har
1727 1544 102 36 detta

214 1590 166 36 medium
420 1592 141 45 utgjort
603 1594 19 33 7
652 1593 139 35 kronor
823 1595 45 33 41
899 1600 72 38 öre,
998 1592 59 36 för
1084 1593 45 35 de
1157 1594 89 35 sista
1275 1596 45 34 10
1349 1594 87 35 åren
1465 1596 19 33 7
1514 1595 139 35 kronor
1681 1597 46 33 57
1756 1602 73 38 öre,

214 1638 60 37 för
313 1641 46 35 de
393 1642 88 35 sista
510 1644 44 34 15
584 1642 87 36 åren
702 1645 18 32 7
750 1644 138 35 kronor
916 1646 47 32 44
992 1650 62 29 öre
1082 1644 68 35 och
1177 1643 59 36 för
1264 1644 44 36 de
1336 1646 88 34 sista
1452 1646 44 34 25
1526 1645 87 35 åren
1643 1647 19 33 7
1692 1646 138 35 kronor

216 1691 47 34 33
305 1698 72 29 öre.
428 1691 73 37 Det
540 1705 107 31 synes
688 1693 138 36 således
867 1707 91 22 vara
985 1694 167 35 bestämd
1181 1695 202 45 anledning
1410 1700 54 29 att
1491 1701 146 39 antaga,
1665 1701 54 29 att
1745 1696 85 35 med

216 1742 254 42 nyssnämnda
505 1744 206 44 beräkning
738 1743 41 35 af
796 1743 361 47 spannmålsvärdet,
1187 1747 18 32 7
1235 1746 139 34 kronor
1404 1747 43 33 18
1477 1752 72 38 öre,
1576 1746 253 35 universitetet

215 1792 30 43 ej
280 1792 96 35 skall
408 1792 114 36 blifva
549 1793 272 36 lidande.
746 1788 22 56 —
795 1788 22 56 ÅA
849 1794 118 35 andra
994 1794 105 35 sidan
1127 1795 106 35 torde
1262 1795 70 36 den
1362 1795 140 45 ökning
1529 1795 41 36 af
1594 1801 138 31 statens
1759 1797 71 35 till-

217 1842 110 45 skott,
354 1842 147 37 utöfver
533 1844 97 35 hvad
659 1845 191 44 verkligen
878 1845 122 45 utgått
1027 1844 40 36 af
1090 1844 348 47 förslagsanslagen,
1466 1859 79 22 som
1573 1846 85 36 med
1686 1847 143 43 hänsyn

216 1892 58 35 till
301 1906 87 30 nyss
417 1893 246 37 omförmälda
690 1895 206 45 beräkning
921 1894 207 47 påfordras,
1157 1897 28 44 ej
1216 1897 129 34 kunna
1372 1909 104 23 anses
1505 1897 38 35 så
1571 1896 181 46 afsevärd,
1776 1903 55 29 att

216 1956 87 22 man
331 1942 128 37 därför
485 1944 69 36 bör
581 1944 95 36 afstå
702 1944 82 37 från
811 1946 216 45 fixeringen.

315 1993 74 36 För
429 1995 255 36 universitetet
722 1996 13 34 i
766 1995 108 36 Lund
902 2004 40 27 är
970 1996 403 47 arrendespannmålen
1400 1997 12 34 i
1441 1997 61 35 det
1529 2011 50 22 nu
1608 1998 222 45 upprättade

215 2041 176 48 förslaget
431 2045 59 35 till
530 2051 73 29 stat
643 2052 189 40 upptagen
871 2047 59 34 till
958 2047 196 35 enahanda
1182 2047 112 35 värde
1322 2060 79 22 som
1429 2048 11 34 i
1467 2048 272 35 universitetets
1767 2049 64 34 sist

216 2092 142 46 afgifna
392 2094 149 46 förslag.
593 2095 133 46 Någon
762 2097 75 34 risk
869 2096 57 35 för
954 2096 101 35 detta
1083 2097 215 35 universitet
1327 2097 41 35 af
1390 2097 354 46 förslagsanslagens
1781 2111 51 23 er-

216 2144 169 35 sättande
421 2145 84 35 med
532 2158 45 22 en
604 2146 167 35 bestämd
800 2147 294 44 anslagssumma
1121 2160 108 30 synes
1257 2147 29 44 ej
1316 2160 91 22 vara
1433 2153 55 29 att
1514 2147 137 36 befara.
1705 2148 127 36 Tvärt-

216 2207 61 21 om
305 2195 133 35 önskas
466 2195 122 35 denna
615 2196 211 45 anordning
853 2196 41 36 af
918 2197 271 35 universitetets
1217 2197 269 47 myndigheter.

313 2244 120 46 Utgår
472 2258 87 23 man
600 2244 82 37 från
724 2259 50 22 nu
816 2245 39 36 af
893 2247 77 44 mig
1001 2246 219 46 ifrågasatta
1246 2247 198 46 medelpris
1472 2247 20 36 å
1522 2248 270 35 universitetets
1819 2248 13 35 i
