1911 2830
502 158 114 39 Tredje
634 158 213 38 lagutskottets
863 157 161 29 utlåtande
1042 168 36 18 nr
1098 158 35 28 18
1151 156 33 29 år
1204 156 76 29 1967
1617 157 17 28 5

151 241 174 29 bestämma
342 240 290 39 avverkningstiden
651 250 65 29 upp
733 239 45 30 till
796 239 64 29 fem
877 238 34 30 år
928 239 66 29 icke
1010 238 151 30 beskäras.
1181 237 109 31 Såsom
1307 237 138 39 framgår
1463 248 38 19 av
1519 237 61 29 den
1598 236 36 30 ti-

152 285 106 39 digare
276 285 224 39 redogörelsen,
518 285 59 29 har
593 284 10 29 i
621 284 276 39 lagberedningens
915 283 113 39 förslag
1046 283 45 29 till
1109 294 40 28 ny
1167 282 163 39 jordabalk
1348 281 160 40 upptagits
1526 292 40 19 en
1583 282 51 28 be-

152 331 174 29 stämmelse
340 330 73 30 med
427 341 120 18 samma
561 329 138 30 innehåll
714 339 66 20 som
795 329 61 29 den
870 340 44 18 nu
928 328 153 40 gällande.
1097 327 104 40 Enligt
1216 327 125 40 uppgift
1356 327 59 30 har
1429 327 206 29 förevarande

152 375 149 40 spörsmål
318 375 66 30 icke
400 375 305 39 uppmärksammats
722 374 10 29 i
749 374 38 30 de
805 376 72 27 över
893 374 145 38 förslaget
1056 373 133 39 avgivna
1205 372 301 40 remissyttrandena.
1524 371 111 39 Jorda-

152 420 232 39 balksförslaget
398 422 148 37 övervägs
560 419 20 30 f.
594 430 30 19 n.
640 419 86 30 inom
740 419 117 39 Kungl.
875 419 112 38 Maj:ts
1001 418 107 30 kansli.
1126 418 78 29 Med
1220 418 119 38 hänsyn
1354 417 46 29 till
1416 417 52 29 det
1484 416 151 30 moderna

151 465 212 40 skogsbrukets
383 465 118 30 snabba
519 464 177 39 utveckling
714 464 10 29 i
742 464 84 29 olika
844 464 183 36 avseenden,
1047 463 59 30 och
1126 462 41 30 då
1186 462 163 39 riksdagen
1367 462 118 39 jämväl
1505 461 130 39 tidigare

152 511 126 29 tillmätt
298 510 237 30 bestämmelsen
555 520 53 19 om
627 509 176 29 maximitid
823 509 60 29 viss
901 509 154 38 betydelse
1076 507 70 30 från
1167 507 345 39 skogsvårdssynpunkt,
1534 507 102 28 finner

152 556 148 29 utskottet
320 561 46 24 att
386 555 162 39 riksdagen
568 555 10 29 i
598 554 140 30 skrivelse
758 554 45 29 till
823 554 117 39 Kungl.
963 553 98 39 Maj:t
1080 553 58 29 bör
1156 552 80 30 fästa
1256 552 317 39 uppmärksamheten
1595 550 40 40 på

151 601 53 29 det
219 611 113 28 genom
347 600 196 30 motionerna
558 611 42 18 nu
616 599 66 30 åter
697 599 225 29 aktualiserade
938 598 189 39 spörsmålet.

193 691 14 28 I
224 690 53 29 det
293 690 44 29 till
352 689 141 40 lagrådet
508 690 60 29 den
587 690 32 28 11
637 689 137 29 februari
793 689 75 29 1966
885 687 198 30 remitterade
1098 686 146 39 förslaget
1260 686 45 30 till
1320 697 39 28 ny
1375 685 164 40 jordabalk
1556 685 78 29 före-

151 744 57 29 slås
226 744 9 30 i
253 743 303 30 överensstämmelse
574 743 72 29 med
664 743 61 29 vad
744 753 66 19 som
827 742 20 30 f.
861 753 29 18 n.
910 742 96 39 gäller
1023 747 45 24 att
1086 741 83 30 avtal
1188 740 162 39 angående
1368 739 182 40 upplåtelse,
1570 750 65 19 som

151 798 109 29 endast
281 798 74 29 eller
374 797 246 39 huvudsakligen
642 807 87 19 avser
749 798 61 27 rätt
832 802 45 23 att
898 795 134 30 avverka
1052 795 73 38 skog
1145 794 49 29 för
1215 800 97 23 annat
1333 792 148 30 ändamål
1503 795 40 27 än
1564 793 70 29 hus-

152 852 111 36 behov,
279 851 28 39 ej
325 851 74 30 skall
415 861 75 19 vara
506 850 159 30 bindande
682 850 105 38 längre
806 851 38 28 än
860 849 64 29 fem
941 848 42 30 år.

656 1003 244 40 Skogspolitiska
919 1002 209 39 utredningen

193 1090 219 38 Utredningen
426 1090 58 29 har
498 1090 156 29 tillkallats
669 1088 95 39 enligt
778 1088 116 39 Kungl.
911 1088 112 38 Maj:ts
1036 1087 250 39 bemyndigande
1301 1087 61 29 den
1377 1088 16 28 3
1409 1087 68 39 juni
1495 1088 75 28 1965
1587 1087 48 29 för

151 1151 46 22 att
217 1144 113 29 utreda
348 1143 195 39 riktlinjerna
562 1143 49 29 för
630 1143 61 29 den
712 1142 149 29 framtida
881 1141 237 39 skogspolitiken
1145 1140 185 39 (direktiven
1353 1140 160 39 återgivna
1532 1141 10 29 i
1563 1140 71 30 riks-

151 1197 262 39 dagsberättelsen
427 1196 35 30 år
480 1197 75 29 1966
570 1208 20 18 s.
607 1197 58 29 320
680 1196 64 38 ff.).
760 1196 14 29 I
790 1195 172 30 direktiven
976 1195 49 30 för
1038 1195 206 39 utredningen
1259 1194 104 30 anförs
1377 1194 40 30 bl.
1431 1205 27 19 a.
1474 1194 156 39 följande:

194 1306 99 39 Syftet
311 1306 9 29 i
338 1311 75 24 stort
430 1305 73 29 med
521 1305 61 29 den
601 1316 37 18 av
658 1304 63 39 mig
740 1304 167 30 förordade
926 1304 206 39 utredningen
1151 1304 56 29 bör
1224 1314 76 19 vara
1320 1309 45 23 att
1383 1303 175 29 undersöka
1576 1303 60 29 hur

152 1351 239 29 statsmakterna
409 1350 118 30 utifrån
546 1350 38 29 de
602 1349 259 39 förutsättningar
879 1349 49 29 för
945 1349 199 39 skogsbruket
1162 1359 66 19 som
1245 1359 44 18 nu
1306 1348 63 29 kan
1387 1348 189 30 överblickas
1595 1347 41 40 på

154 1396 194 39 lämpligaste
363 1397 60 28 sätt
437 1395 57 30 bör
508 1395 169 29 medverka
693 1395 44 29 till
753 1405 39 19 en
808 1405 37 18 ur
860 1393 324 30 samhällsekonomisk
1201 1393 59 29 och
1277 1393 93 29 social
1386 1393 155 39 synpunkt
1557 1392 78 30 sund

154 1441 177 38 utveckling
346 1451 39 19 av
400 1440 207 39 skogsbruket.
624 1440 48 29 De
688 1439 192 39 sakkunniga
894 1439 58 29 bör
967 1438 107 30 därför
1088 1438 100 30 såsom
1203 1449 39 18 en
1257 1438 234 39 utgångspunkt
1506 1438 50 29 för
1571 1438 66 29 sina

154 1486 239 39 överväganden
407 1485 73 30 söka
494 1485 159 38 klarlägga
666 1484 83 30 vilka
763 1484 75 29 krav
853 1494 66 19 som
934 1484 61 29 den
1009 1483 169 30 inträffade
1193 1483 60 29 och
1267 1483 137 29 väntade
1420 1482 216 39 utvecklingen

154 1531 103 29 ställer
273 1530 42 40 på
331 1531 53 29 det
400 1530 128 30 svenska
544 1530 199 38 skogsbruket
760 1529 9 29 i
786 1529 177 29 framtiden.
983 1528 78 30 Med
1078 1528 119 38 hänsyn
1212 1528 41 29 bl.
1267 1538 27 19 a.
1313 1527 46 30 till
1376 1534 45 23 att
1439 1528 198 38 skogsbruket

154 1577 92 37 utgör
264 1575 168 30 råvarubas
451 1575 49 29 för
519 1585 38 19 en
577 1585 39 19 av
636 1574 119 29 landets
775 1573 161 39 viktigaste
956 1573 258 39 exportnäringar
1233 1574 35 27 är
1288 1573 52 29 det
1359 1572 166 39 självfallet
1545 1583 91 28 ange-

156 1621 81 38 läget
254 1626 45 23 att
316 1620 111 29 därvid
443 1620 74 29 söka
532 1619 136 30 bedöma
684 1619 61 29 den
761 1618 251 30 internationella
1029 1618 187 29 situationen
1233 1617 42 39 på
1291 1617 57 29 sikt
1365 1617 10 29 i
1392 1616 88 40 fråga
1497 1627 53 19 om
1566 1627 70 29 pro-

155 1666 131 29 duktion
302 1665 60 30 och
378 1665 199 29 konsumtion
595 1675 38 19 av
650 1664 266 39 skogsprodukter.
935 1662 112 30 Likaså
1063 1663 57 29 bör
1136 1662 290 39 uppmärksammas
1444 1662 192 39 skogsbruks-

155 1711 184 29 metoderna
352 1710 10 29 i
375 1710 109 29 främst
498 1710 117 35 länder,
631 1719 65 19 som
709 1709 62 29 kan
784 1709 127 28 komma
925 1714 45 23 att
984 1708 190 29 konkurrera
1188 1707 72 29 med
1275 1707 123 39 Sverige
1413 1706 42 40 på
1469 1707 60 29 den
1544 1707 92 29 inter-

156 1755 169 29 nationella
340 1755 202 29 marknaden.

197 1800 47 29 Av
263 1805 63 24 stor
343 1799 155 39 betydelse
517 1799 88 29 torde
625 1809 76 18 vara
720 1797 109 40 frågan
849 1808 52 19 om
921 1798 60 29 den
1002 1798 111 29 storlek
1132 1798 59 29 och
1211 1798 83 29 form
1312 1798 41 39 på
1373 1799 38 29 de
1431 1798 136 39 skogliga
1586 1799 51 29 be-

155 1844 277 39 handlingsytorna
451 1854 65 19 som
537 1843 120 30 fordras
677 1843 49 29 för
745 1849 45 23 att
811 1849 43 23 ett
874 1843 156 30 rationellt
1050 1843 166 39 skogsbruk
1236 1843 75 29 skall
1330 1843 107 30 kunna
1458 1843 110 30 drivas.
1590 1844 48 29 De

156 1889 192 39 sakkunniga
362 1890 58 29 bör
434 1889 107 29 därför
556 1888 73 30 söka
644 1888 85 29 bilda
745 1888 44 39 sig
803 1899 39 18 en
857 1888 204 39 uppfattning
1076 1888 119 29 härom.
1213 1888 93 30 Givet
1322 1890 35 27 är
1372 1894 46 24 att
1434 1888 109 30 därvid
1561 1889 76 29 hän-

156 1945 53 28 syn
227 1935 57 29 bör
302 1941 45 22 tas
366 1934 46 29 till
430 1934 39 29 de
487 1934 98 29 skilda
603 1933 206 29 driftsformer
827 1943 65 19 som
911 1933 62 29 kan
992 1933 126 29 komma
1137 1933 9 29 i
1165 1932 89 40 fråga
1272 1933 86 29 inom
1377 1933 262 39 storskogsbruket

155 1980 60 29 och
233 1986 44 23 ett
295 1979 72 29 med
384 1979 151 38 jordbruk
552 1978 196 30 kombinerat
766 1978 174 39 skogsbruk.
959 1978 60 38 Jag
1036 1988 88 19 anser
1142 1978 52 30 det
1211 1977 92 30 också
1319 1988 77 19 vara
1413 1978 162 39 angeläget
1593 1985 46 23 att

156 2025 38 29 de
215 2024 192 39 sakkunniga
427 2025 168 37 överväger
614 2023 61 29 hur
694 2033 38 19 en
753 2023 275 39 skogsbruksenhet
1049 2023 57 29 bör
1125 2033 75 19 vara
1220 2023 163 29 beskaffad
1404 2023 49 29 för
1473 2029 45 23 att
1540 2023 100 29 under

156 2070 82 29 olika
252 2069 184 39 betingelser
449 2069 111 38 medge
575 2079 39 18 en
629 2068 142 29 rationell
787 2068 83 29 drift.
888 2067 126 30 Särskilt
1029 2068 57 29 bör
1099 2068 116 38 belysas
1229 2068 117 29 kraven
1361 2067 41 40 på
1417 2079 38 18 en
1471 2068 168 29 fristående

156 2114 328 38 skogsbruksfastighet
501 2113 49 29 för
567 2119 45 23 att
629 2113 60 29 den
707 2112 177 39 långsiktigt
902 2112 74 30 skall
993 2113 108 28 kunna
1117 2112 115 29 bereda
1249 2112 155 30 brukaren
1421 2113 78 29 hans
1516 2113 122 29 huvud-

156 2159 116 39 sakliga
286 2158 226 40 sysselsättning
526 2158 59 29 och
600 2168 35 29 ge
651 2158 117 29 honom
782 2168 38 19 en
835 2157 104 39 skälig,
955 2157 239 39 stadigvarande
1209 2157 141 29 inkomst.

198 2204 109 30 Såsom
321 2204 84 29 förut
420 2204 116 29 berörts
553 2205 34 27 är
602 2204 38 28 de
656 2202 182 30 nuvarande
854 2202 365 39 skogsbruksenheternas
1235 2202 111 30 storlek
1361 2203 60 28 och
1438 2202 202 39 arrondering

156 2249 67 29 ofta
237 2248 172 39 bristfällig.
425 2249 71 28 Den
512 2247 209 30 reformerade
737 2246 444 40 jordförvärvslagstiftningen
1198 2257 53 28 ger
1265 2247 101 29 bättre
1382 2247 259 39 förutsättningar

156 2296 40 27 än
222 2294 131 38 tidigare
378 2293 50 29 för
451 2293 125 29 förvärv
601 2293 10 29 i
636 2292 293 38 arronderingssyfte
954 2292 59 29 och
1039 2292 48 29 för
1112 2298 46 22 att
1182 2292 96 29 utöka
1303 2292 336 38 skogsmarksinnehav.

158 2338 103 40 Enligt
280 2338 65 29 min
363 2337 128 40 mening
507 2338 57 29 bör
581 2337 72 29 med
671 2337 119 38 hänsyn
810 2336 43 30 till
872 2337 60 29 den
951 2342 82 24 stora
1049 2336 106 30 vikten
1173 2347 39 18 av
1230 2336 119 30 snabba
1366 2336 145 39 åtgärder
1528 2336 49 30 för
1596 2343 44 23 att

157 2384 127 29 komma
305 2383 45 29 till
372 2385 83 27 rätta
474 2383 73 29 med
568 2383 38 29 de
627 2382 302 29 otillfredsställande
951 2381 240 29 förhållandena
1211 2383 166 37 övervägas
1398 2382 176 38 ytterligare
1596 2381 44 30 åt-

158 2428 110 38 gärder
287 2428 49 29 för
355 2434 45 23 att
420 2427 179 30 underlätta
619 2426 404 39 arronderingsförbättring
1042 2426 59 29 och
1122 2425 380 40 storleksrationalisering.
1525 2427 115 29 Utred-

158 2474 114 38 ningen
293 2474 58 28 bör
372 2473 107 29 därför
500 2472 175 29 undersöka
697 2471 239 39 möjligheterna
959 2478 45 22 att
1027 2471 158 29 stimulera
1206 2471 93 38 byten
1323 2482 38 18 av
1383 2471 176 38 skogsmark
1582 2472 59 28 och

159 2517 472 40 fastighetsregleringsåtgärder
651 2516 48 29 för
719 2522 45 24 att
784 2515 41 30 nå
845 2516 175 29 förbättrad
1041 2515 210 39 arrondering.
1273 2516 46 28 Av
1341 2515 126 30 särskild
1487 2516 154 39 betydelse
