1894 2852
507 149 109 29 Andra
639 149 221 35 lagutskottets
883 149 164 30 utlåtande
1071 150 47 29 Nr
1143 154 49 26 38.
1565 150 39 30 13

137 237 30 31 1.
213 235 119 33 Denna
355 234 198 40 förordning
575 235 88 33 skall
684 235 98 33 träda
804 235 11 32 i
838 235 97 34 kraft
957 236 61 32 den
1043 238 16 31 1
1083 236 133 38 januari
1240 237 97 33 1933.

138 287 30 32 2.
214 287 18 32 TI
251 286 74 39 fall,
345 286 42 33 då
405 285 106 39 enligt
529 286 107 33 denna
655 286 198 39 förordning
872 286 155 33 tillstånd
1045 286 170 34 erfordras
1235 287 54 32 för
1308 286 143 33 innehav
1470 298 43 21 av
1531 286 69 34 viss

91 336 200 39 myckenhet
309 336 87 39 film,
416 336 131 39 åligger
566 336 55 33 det
639 336 71 39 den,
730 348 68 22 som
817 336 58 33 vid
895 336 255 39 förordningens
1170 336 273 34 ikraftträdande
1462 336 140 33 innehar

93 387 96 39 dylik
208 387 202 39 myckenhet
429 387 60 33 och
508 387 61 32 vill
590 387 134 33 därmed
744 388 172 38 fortsätta,
938 391 51 29 att
1008 387 88 33 inom
1116 390 50 30 tre
1186 387 159 33 månader
1365 387 88 33 efter
1473 387 127 33 förord-

91 439 139 39 ningens
254 438 275 34 ikraftträdande
553 438 117 39 ingiva
693 438 188 39 ansökning
905 438 114 33 därom
1044 438 106 39 enligt
1173 437 262 34 föreskrifterna
1458 438 13 32 i
1495 437 105 34 denna

93 489 208 39 förordning.

136 542 30 32 3.
212 540 138 34 Vadi2
367 552 97 21 mom.
480 540 154 39 stadgats
651 539 87 35 skall
754 545 65 34 äga
834 539 235 34 motsvarande
1084 539 217 40 tillämpning
1317 539 13 33 i
1346 539 74 39 fall,
1438 539 42 34 då
1495 539 107 39 enligt

92 592 105 33 denna
214 591 199 39 förordning
430 591 156 33 anmälan
604 591 169 34 erfordras
792 591 55 32 för
863 591 143 33 innehav
1023 603 43 21 av
1082 591 68 33 viss
1167 590 202 39 myckenhet
1386 590 87 33 film.

137 645 32 31 4.
215 643 178 40 Byggnad,
412 644 122 33 avsedd
551 644 54 32 för
621 655 67 21 mer
707 648 41 27 än
767 643 96 38 3,000
880 643 165 39 kilogram
1063 642 75 33 film
1156 643 58 32 och
1232 654 67 22 som
1318 642 195 33 tillkommit
1531 642 71 32 före

93 695 255 38 förordningens
364 694 285 39 ikraftträdande,
666 693 208 39 undantages
893 694 77 32 från
989 693 216 39 tillämpning
1224 705 43 20 av
1284 693 62 32 den
1363 693 12 32 i
1392 693 18 32 9
1431 692 18 39 $
1468 694 17 31 1
1504 703 97 21 mom.

90 745 149 39 punkten
262 744 36 40 a)
325 744 193 34 meddelade
539 744 404 33 avståndsbestämmelse.

136 797 31 32 5.
212 795 19 33 I
253 795 102 39 fråga
377 807 51 21 om
452 795 38 34 de
511 794 57 33 vid
591 794 256 39 förordningens
870 793 273 33 ikraftträdande
1166 793 101 33 redan
1289 792 183 39 befintliga
1492 791 108 40 bygg-

91 847 113 39 nader,
225 847 169 38 lagerrum
416 846 61 33 och
497 846 106 33 andra
623 845 127 47 lokaler
771 846 55 31 må
846 845 75 32 med
942 844 276 39 genomförandet
1238 856 42 20 av
1303 843 39 33 de
1365 843 235 38 anordningar,

92 909 68 22 som
179 898 113 33 kunna
312 897 192 33 föranledas
524 909 42 21 av
586 896 293 33 bestämmelserna
898 896 12 31 i
931 896 106 32 6—11
1059 894 52 40 $$,
1134 896 38 31 17
1196 894 18 39 $
1236 896 18 31 3
1276 894 60 33 och
1356 895 21 31 4
1396 905 97 21 mom.
1515 896 87 30 samt

92 950 40 33 21
156 948 19 40 8
197 950 17 31 1
237 949 60 32 och
319 949 17 31 2
359 960 97 21 mom.
477 948 97 32 anstå
595 947 101 39 högst
716 950 49 30 tre
788 948 38 31 år
847 947 87 32 efter
955 946 256 38 förordningens
1233 944 284 38 ikraftträdande,
1541 944 60 32 och

91 1000 54 32 må
168 999 217 33 beträffande
408 999 145 32 nämnda
575 998 199 39 byggnader
797 998 61 32 och
881 997 129 33 lokaler
1033 996 60 33 den
1117 996 208 39 myndighet,
1351 1007 69 21 som
1445 1000 79 33 äger
1548 995 52 32 be-

90 1050 85 39 vilja
189 1050 156 33 tillstånd
361 1050 55 32 till
431 1049 144 33 innehav
591 1061 42 20 av
649 1049 85 38 film,
752 1052 51 29 att
818 1048 12 32 i
846 1047 269 39 undantagsfall,
1132 1052 61 27 när
1211 1046 195 39 synnerliga
1423 1045 75 33 skäl
1515 1045 84 32 före-

91 1101 105 39 ligga,
218 1101 157 38 medgiva
398 1100 158 39 eftergift
578 1100 78 32 från
679 1099 106 33 denna
808 1098 214 39 förordnings
1047 1097 224 39 föreskrifter,
1297 1098 36 31 så
1357 1097 105 33 framt
1484 1108 116 27 genom

91 1152 198 39 eftergiften
307 1150 156 41 påtaglig
481 1151 76 32 fara
575 1151 55 32 för
647 1150 224 32 människoliv
889 1149 73 33 icke
980 1149 152 38 uppstår.

669 1417 32 39 2)
748 1416 276 39 Förordning

158 1497 82 32 med
264 1496 98 33 vissa
385 1495 282 33 bestämmelser
691 1494 187 40 angående
901 1492 191 41 biografer
1114 1492 69 33 och
1206 1491 323 39 filmförevisning.

770 1588 17 31 1
812 1586 110 33 KAP.

582 1663 206 32 Allmänna
811 1661 302 33 bestämmelser.

805 1740 20 31 1
850 1737 31 40 8.

137 1802 29 30 1.
210 1800 78 33 Med
308 1799 137 39 biograf
467 1799 125 33 förstås
614 1799 12 32 i
648 1799 104 32 denna
776 1797 198 39 förordning
992 1796 102 39 lokal,
1117 1808 69 21 som
1208 1796 169 33 användes
1399 1795 54 33 för
1474 1795 124 32 offent-

91 1851 49 38 lig
165 1850 207 39 förevisning
396 1862 42 21 av
460 1849 241 39 biografbilder
725 1848 73 32 med
823 1847 215 39 begagnande
1065 1859 42 20 av
1133 1846 241 38 lättantändlig
1400 1845 85 38 film,
1511 1845 89 32 inne-

90 1900 156 33 hållande
267 1899 261 33 nitrocellulosa.

135 1952 30 31 2.
208 1947 52 36 Är
281 1950 102 38 lokal,
406 1961 113 21 varom
539 1950 12 31 i
574 1950 17 31 1
614 1960 96 21 mom.
734 1949 168 37 förmäles,
925 1948 149 32 inrättad
1095 1947 125 38 jämväl
1244 1947 54 32 för
1319 1950 102 29 annat
1444 1946 155 33 ändamål

92 2007 41 27 än
155 2002 61 32 där
237 2005 90 34 sägs,
350 1999 95 33 skola
466 1999 118 32 härför
605 1998 222 38 erforderliga
849 2000 189 36 utrymmen
1062 1997 59 32 och
1144 1996 237 38 anordningar,
1405 1996 12 31 i
1440 1996 62 32 den
1524 1996 75 31 mån

92 2053 38 32 de
151 2052 29 38 ej
202 2051 172 33 användas
396 2050 54 32 för
470 2048 401 40 biografverksamheten,
893 2059 82 21 vara
995 2047 219 38 undantagna
1236 2047 78 31 från
1337 2046 230 38 stadgandena
1589 2045 11 32 i

92 2103 106 33 denna
218 2101 208 39 förordning.
1561 2129 4 2 |

136 2155 31 31 3.
212 2153 179 33 Anordnas
416 2151 217 38 förevisning,
657 2162 68 21 som
749 2151 12 32 i
786 2152 17 30 1
828 2162 98 20 mom.
949 2161 107 26 avses,
1079 2150 12 32 i
1115 2150 65 32 tält
1203 2149 80 32 eller
1306 2148 12 32 i
1341 2148 161 33 samband
1525 2160 50 21 me

93 2202 293 34 statsunderstödd
421 2201 238 38 föreläsnings-
694 2200 81 32 eller
809 2198 442 40 upplysningsverksamhet
1282 2198 62 32 och
1378 2197 221 33 förekommer

92 2254 118 32 därvid
229 2253 118 33 endast
368 2253 52 32 för
442 2252 145 32 nämnda
604 2250 213 33 verksamhet
835 2250 123 32 avsedd
979 2249 85 38 film,
1087 2249 104 38 skola,
1212 2248 117 32 oaktat
1352 2248 247 38 förevisningen

91 2310 38 28 är
152 2304 172 38 offentlig,
349 2302 261 33 föreskrifterna
632 2302 11 31 i
668 2302 17 30 2
709 2301 78 38 kap.
811 2301 73 31 icke
908 2305 64 33 äga
996 2299 216 38 tillämpning
1234 2302 81 29 utan
1339 2299 12 31 i
1376 2299 114 32 stället
1514 2299 84 31 före-

91 2355 183 34 skrifterna
293 2354 12 31 i
325 2354 19 31 3
363 2353 81 38 kap.
463 2352 12 32 i
493 2351 206 39 tillämpliga
719 2351 92 31 delar
830 2351 100 32 lända
950 2350 54 32 till
1024 2349 237 32 efterrättelse.

135 2408 31 30 4.
213 2404 61 33 Om
298 2401 289 38 filmförevisning
608 2401 11 31 i
642 2399 314 33 filmlaboratorium
979 2399 80 31 eller
1082 2398 162 38 filmbyrå
1268 2398 106 37 gäller
1396 2398 65 31 vad
1485 2397 113 32 därom

92 2462 37 27 är
152 2455 139 34 särskilt
314 2453 146 38 stadgat.
