1860 2778
231 150 18 29 4
662 152 312 32 Bankoutskottets
997 156 184 30 memorial
1204 166 42 20 nr
1270 158 29 29 2.

791 237 163 45 Rörliga
977 240 193 34 krediter.

277 312 12 29 I
315 312 157 40 följande
498 314 327 41 sammanställning
851 316 136 30 lämnas
1013 325 42 22 en
1080 318 216 40 redogörelse
1322 320 55 30 för
1403 330 42 22 av
1470 321 261 40 riksgäldskon-

233 363 88 29 toret
343 362 55 31 för
420 363 90 31 vissa
532 364 242 40 myndigheter
794 365 143 39 jämlikt
958 366 206 41 riksdagens
1187 368 112 31 beslut
1322 371 158 40 öppnade
1503 372 128 40 rörliga
1655 375 75 29 kre-

233 412 97 30 diter.

1231 478 41 26 2:a
1290 481 126 24 halvåret
1435 480 65 26 1953

996 507 166 39 Utestående
1564 517 166 26 Utestående

516 559 4 6 .
806 526 143 41 Medgiven
979 522 8 59 =
1029 546 42 23 ”bel
1222 548 123 23 tbetalda
1393 550 115 23 Återbetal

428 555 160 55 Myndighet
831 562 97 58 öga
995 580 51 23 den
1060 553 29 50 30
1101 549 60 66 juni
1197 547 122 65 Ilorp
1364 540 28 78 ÅA
1405 550 98 64 belopp
1511 551 35 23 a
1563 552 51 57 den
1632 551 26 57 BL
1673 547 57 73 ileA

852 598 70 22 redit
1044 611 67 26 1953
1615 616 65 27 1958

814 647 67 29 Milj.
900 647 40 23 kr.
1017 647 66 31 Milj.
1103 648 40 23 kr.
1207 649 65 29 Milj.
1292 650 39 23 kr.
1392 650 68 30 Milj.
1479 652 38 23 kr.
1584 652 66 30 Milj.
1670 654 40 23 kr.

224 690 569 32 Lelestyrelsen.................ssosrsra
849 695 75 26 35:00
1041 695 76 27 30:00
1235 696 73 27 10:00
1445 699 57 26 5:00
1622 701 75 26 35:00

223 733 263 31 Järnvägsstyrelsen
501 753 289 10 .........ssssssres
831 737 91 26 10000
1041 737 74 27 65:00
1234 738 73 28 90:00
1411 742 90 25 145-00
1622 743 73 26 10:00

224 775 295 32 Vattenfallsstyrelsen
534 797 256 9 ................
847 780 75 26 75:00
1040 780 75 25 45:00
1233 781 74 26 20:00
1469 798 32 4 —
1622 785 73 26 65:00

224 817 240 31 Domänstyrelsen
481 836 307 11 ...................
842 817 78 41 50:00
1038 821 76 27 31:00
1232 823 74 26 58:00
1426 825 73 26 89:00
1662 842 32 4 —

324 867 11 14 3
478 880 306 10 eeeeesers
630 857 59 41 sees
696 857 55 41 esse
760 857 27 41 sa
842 863 76 26 20:00
1074 859 37 42 -—
1228 865 74 26 39:00
1427 868 72 25 19:00
1621 869 74 25 20:00

328 910 9 13 Foo
484 922 107 8 Sense:
614 925 175 8 NNE
848 906 73 26 10:00
1081 922 34 3 —
1228 904 78 39 30:00
1427 910 72 26 20:00
1622 912 72 26 10:00

223 943 267 32 Luftfartsstyrelsen
501 966 290 8 ..................
863 948 59 26 300
1081 964 33 3 —
1272 965 34 4 —
1467 967 32 3 —
1661 969 32 3 -—

223 985 105 25 Statens
346 988 441 29 reproduktionsanstalt........
860 986 59 40 0:60
1054 991 59 26 0:85
1248 993 57 26 0:15
1442 994 57 26 0:10
1636 996 58 25 0:40

222 1028 158 25 Försvarets
398 1030 215 31 fabriksstyrelse
633 1051 155 8 ..........
847 1033 73 25 15:00
1077 1030 35 39 -—
1466 1051 32 5 —
1659 1053 33 4 —

222 1070 286 26 Marinverkstäderna
526 1091 258 9 ................
841 1075 76 25 13:00
1052 1076 57 26 7:00
1245 1077 57 25 250
1439 1078 58 26 3:00
1635 1080 57 26 650

222 1112 206 25 Riksnämnden
441 1114 42 24 för
491 1115 161 25 ekonomisk
661 1117 128 25 försvars-

254 1154 150 31 beredskap
431 1173 356 12 .........sseossssrerrorr
827 1158 91 26 74000
1020 1159 91 27 52600
1271 1175 33 5 —
1465 1177 31 5 —
1599 1163 93 27 526:00

220 1196 121 24 Svenska
359 1198 260 31 tobaksmonopolet
633 1218 155 9 ..........
846 1200 74 26 10:00
1080 1216 33 5 —
1272 1218 32 3 —
1466 1220 32 3 —
1661 1221 31 3 =

221 1238 118 25 Svenska
352 1239 436 34 spannmålsaktiebolaget......
828 1243 92 26 12500
1034 1240 79 41 80:00
1232 1246 72 26 10:00
1466 1262 32 4 —
1618 1248 74 26 90:00

221 1280 48 24 AB
287 1281 68 24 Vin-
372 1282 50 23 och
442 1283 208 29 spritcentralen
668 1302 121 9 ........
847 1285 73 26 10:00
1082 1301 30 4 —
1273 1302 31 5 —
1467 1304 32 3 2
1660 1305 32 4 —

678 1336 111 25 Summa
798 1335 15 26 1
822 1334 94 28 206:60
1019 1336 90 27 78435
1211 1337 91 27 20965
1405 1339 91 27 28110
1600 1340 91 27 76290

268 1405 26 30 Å
314 1406 133 40 lyftade
466 1408 241 42 kreditbelopp
728 1411 118 39 gäldas
867 1413 102 29 ränta
989 1413 87 30 efter
1098 1423 43 21 en
1161 1415 161 35 räntefot,
1345 1425 74 21 som
1441 1426 41 21 av
1502 1412 221 49 fullmäktige

225 1456 10 29 i
261 1456 349 40 riksgäldskontoret,
636 1460 87 29 efter
749 1462 140 30 samråd
915 1464 79 29 med
1018 1464 257 31 vederbörande
1302 1466 245 40 kredittagare,
1575 1467 149 31 bestäm-

223 1515 72 22 mes
314 1508 80 29 med
414 1508 135 40 hänsyn
571 1509 53 30 till
644 1511 41 30 de
704 1511 20 30 å
743 1512 66 29 den
828 1512 178 31 allmänna
1024 1514 374 40 penningmarknaden
1419 1517 152 31 rådande
1592 1517 130 31 förhål-

224 1556 158 31 landena.
401 1558 179 32 Alltsedan
598 1561 67 29 den
685 1561 13 29 1
717 1561 66 40 juli
803 1562 84 30 1940
904 1563 65 31 har
986 1563 192 41 tillämpats
1197 1575 132 22 samma
1348 1568 173 31 räntesats
1539 1577 76 21 som
1634 1568 87 30 riks-

222 1606 158 31 bankens
400 1608 110 40 lägsta
529 1611 174 30 räntesats
729 1611 105 34 (exkl.
856 1612 126 40 avgift)
1004 1614 57 30 för
1081 1615 116 30 kredit
1215 1616 11 29 i
1246 1616 269 41 checkräkning.
1537 1618 79 31 Med
1637 1618 85 31 hän-

224 1666 61 30 syn
308 1659 192 31 emellertid
522 1660 52 30 till
598 1662 51 29 att
671 1661 150 33 flertalet
843 1672 45 21 av
911 1664 42 30 de
976 1664 127 40 rörliga
1126 1665 199 32 krediterna
1347 1668 12 29 i
1381 1666 339 41 riksgäldskontoret

221 1709 110 29 under
353 1709 43 29 de
421 1718 119 22 senare
564 1711 85 30 åren
672 1713 156 29 tenderat
852 1715 51 28 att
926 1714 47 29 bli
997 1714 138 31 alltmer
1159 1716 228 40 långfristiga,
1412 1718 64 30 har
1499 1717 221 42 fullmäktige

221 1760 114 28 ansett
358 1768 45 20 en
428 1760 214 31 automatisk
667 1763 220 40 anknytning
912 1773 43 22 av
978 1766 126 29 räntan
1131 1766 20 30 å
1176 1767 127 39 rörliga
1327 1768 154 30 krediter
1506 1768 52 30 till
1583 1770 70 29 den
1678 1779 42 21 av

221 1808 214 31 riksbanken
455 1812 164 29 noterade
640 1812 109 39 lägsta
770 1814 220 31 räntesatsen
1009 1815 54 30 för
1084 1816 115 30 kredit
1218 1816 12 29 i
1249 1817 261 41 checkräkning
1529 1819 76 31 icke
1626 1820 94 40 läng-

220 1867 35 21 re
275 1859 122 31 kunna
416 1860 202 31 bibehållas.
640 1862 231 41 Fullmäktige
893 1865 64 29 har
976 1865 130 35 därför,
1128 1866 87 30 efter
1235 1867 56 30 det
1312 1869 51 28 att
1384 1869 138 30 samråd
1544 1871 11 30 i
1577 1871 141 30 ärendet

220 1910 56 38 ägt
296 1918 80 21 rum
398 1911 78 30 med
497 1912 257 31 vederbörande
777 1914 244 40 kredittagare,
1044 1916 67 30 den
1135 1916 18 30 3
1176 1917 178 31 december
1378 1918 83 30 1953
1484 1920 162 36 beslutat,
1669 1922 50 28 att

218 1960 127 29 räntan
365 1960 19 29 å
404 1961 40 29 de
463 1961 129 40 rörliga
610 1962 200 32 krediterna
829 1965 99 35 skall,
949 1966 126 29 räknat
1094 1966 43 30 fr.
1157 1977 29 21 o.
1206 1977 44 20 m.
1270 1968 67 30 den
1356 1968 41 30 20
1417 1970 185 30 november
1625 1971 92 34 1953,

219 2008 191 32 tillsvidare
435 2012 81 38 utgå
540 2012 89 30 efter
654 2013 69 39 3!/,
752 2014 30 33 Z&
812 2014 83 30 eller
920 2024 133 22 samma
1075 2017 115 37 ränta,
1216 2026 73 21 som
1314 2018 191 41 tillämpats
1529 2020 76 30 före
1630 2021 88 29 riks-

218 2059 157 31 bankens
394 2060 341 43 diskontosänkning
754 2066 241 37 nyssnämnda
1013 2066 76 39 dag.
1111 2067 138 31 Räntan
1266 2069 20 30 å
1303 2069 323 41 domänstyrelsens
1647 2072 71 28 rör-

218 2109 68 40 liga
301 2110 116 31 kredit
433 2111 20 30 å
472 2112 38 29 10
525 2112 91 40 milj.
633 2113 63 35 kr.,
715 2113 115 31 vilken
847 2115 111 40 jämte
974 2116 161 30 krediten
1152 2118 20 30 å
1190 2118 40 30 20
1247 2118 89 40 milj.
1354 2120 52 30 kr.
1425 2119 291 32 tillhandahållits

219 2160 169 39 styrelsen
412 2161 54 30 för
490 2163 49 30 att
563 2163 95 30 förse
683 2163 56 30 AB
764 2165 137 30 Statens
928 2166 295 40 skogsindustrier
1247 2170 79 30 med
1352 2170 275 42 rörelsekapital,
1653 2172 63 29 har

217 2210 87 30 dock
326 2210 186 32 fastställts
534 2214 51 29 att
606 2213 190 31 tillsvidare
817 2216 84 38 utgå
923 2216 86 30 efter
1031 2216 71 42 3!/>
1129 2217 46 34 96.

310 2311 426 45 Riksgäldskontorets
759 2316 219 45 upplåning
999 2318 132 34 under
1153 2320 127 33 andra
1303 2320 184 36 halvåret
1510 2323 99 34 1953.

260 2396 50 31 Av
338 2398 259 31 nedanstående
628 2402 330 40 sammanställning
985 2402 156 41 framgår
1169 2404 292 42 förändringarna
1489 2407 10 30 i
1530 2409 184 29 statsskul-

216 2446 83 30 dens
320 2450 319 39 sammansättning
658 2451 109 30 under
786 2452 112 30 andra
916 2452 156 31 halvåret
1094 2454 94 30 1953.
