2232 2636
439 199 19 31 4
892 207 249 35 Statsutskottets
1169 210 168 34 Utlåtande
1360 212 61 34 N:o
1445 214 72 34 126.

397 290 79 23 som
506 278 86 36 från
622 279 379 54 kammarkollegium
1031 285 12 36 i
1063 286 107 49 fråga
1190 300 59 24 om
1270 288 332 51 kammararkivet;
1626 295 69 36 och
1715 295 124 39 blefvo
1860 299 128 50 dylika

399 329 198 49 uppgifter
624 331 57 37 till
708 333 427 52 finansdepartementet
1161 339 291 52 vederbörligen
1480 345 223 38 aflämnade.

523 381 223 40 Emellertid
774 385 97 38 hade
899 388 118 37 redan
1045 389 102 37 förut
1175 390 80 38 dels
1284 394 210 39 statistiska
1522 398 265 50 centralbyrån
1816 401 11 36 i
1849 404 138 37 under-

396 432 115 50 dånig
539 434 200 38 skrifvelse
768 437 74 37 den
873 440 45 35 12
946 440 167 38 februari
1145 444 93 35 1901
1270 445 167 50 anhållit,
1469 453 55 32 att
1552 450 180 48 åtgärder
1760 455 117 35 måtte
1904 456 81 36 vid-

394 489 110 43 tagas
532 485 12 36 i
573 486 99 49 syfte
714 493 55 32 att
810 503 124 25 annan
976 493 71 36 och
1075 494 206 50 rymligare
1311 498 251 40 ämbetslokal
1590 507 49 31 än
1667 503 72 36 den
1766 508 219 36 nuvarande

394 538 115 36 måtte
552 538 282 40 ämbetsverket
876 544 163 48 anvisas,
1082 546 78 36 dels
1197 547 69 36 ock
1301 549 377 53 kammarkollegium
1707 555 12 36 i
1747 556 238 52 underdånig

392 587 200 39 skrifvelse
633 591 71 37 den
748 594 45 35 15
834 595 95 49 april
964 598 100 35 1904
1092 598 103 48 gjort
1223 599 285 54 framställning
1536 618 62 24 om
1626 605 212 40 beredande
1867 610 42 36 af
1932 624 53 36 ny

391 639 100 37 lokal
519 641 60 37 för
607 642 328 53 kammararkivet,
964 648 212 50 hvarjämte
1203 657 150 43 patent-
1381 655 68 37 och
1478 657 408 51 registreringsverket
1905 662 13 36 i
1937 676 46 24 en

391 691 57 36 till
494 692 136 38 chefen
674 695 58 37 för
772 697 427 52 finansdepartementet
1240 704 74 37 den
1357 708 46 35 12
1445 709 215 49 september
1704 713 96 36 1903
1843 714 141 38 aflåten

392 743 201 39 skrifvelse
634 747 115 49 bragt
789 752 21 33 å
851 750 96 38 bane
988 752 138 50 frågan
1168 768 60 23 om
1271 757 245 40 anskaffande
1552 761 61 37 för
1640 763 85 37 dess
1753 764 167 51 räkning
1948 767 40 37 af

393 795 162 50 lämplig
581 798 258 39 ämbetslokal.

517 848 75 37 Till
632 851 429 51 finansdepartementet
1102 858 298 41 öfverlämnades
1443 864 126 38 vidare
1612 866 70 37 den
1724 870 21 34 2
1775 870 207 37 november

391 901 97 35 1904
518 913 46 24 en
594 901 55 38 till
676 903 582 55 landtförsvarsdepartementet
1277 912 220 49 inkommen
1515 919 255 47 promemoria
1791 921 40 36 af
1846 921 135 37 chefen

388 950 57 37 för
485 952 324 51 krigshögskolan
852 960 199 48 angående
1094 961 214 40 beredande
1350 966 41 36 af
1424 968 246 51 erforderligt
1703 977 190 44 utrymme
1921 974 59 37 för

387 1002 143 38 skolan.

513 1056 88 37 Med
647 1059 308 41 öfverlämnande
999 1064 42 36 af
1078 1066 155 37 sålunda
1273 1068 179 39 inkomna
1492 1072 231 51 handlingar
1765 1076 213 39 anbefallde

386 1107 139 50 Kungl.
568 1109 108 51 Maj:t
717 1112 120 49 enligt
877 1115 136 50 nådigt
1054 1116 124 38 beslut
1216 1119 72 37 den
1324 1123 20 34 6
1373 1135 100 25 mars
1504 1126 98 35 1905
1632 1127 344 40 öfverintendents-

385 1159 166 38 ämbetet
580 1167 55 31 att
663 1164 205 38 verkställa
895 1167 220 51 utredning,
1144 1169 236 41 beträffande
1401 1174 130 38 hvilka
1552 1177 42 36 af
1609 1177 101 38 förut
1731 1180 247 39 omförmälda

385 1210 90 37 eller
504 1212 118 38 andra
650 1216 239 38 ämbetsverk
917 1219 70 37 och
1017 1220 199 51 offentliga
1243 1223 260 41 institutioner
1530 1228 208 51 lämpligen
1767 1232 127 37 kunde
1918 1233 57 37 in-

383 1276 166 35 rymmas
578 1265 13 36 i
619 1266 63 37 det
722 1269 127 47 gamla
888 1270 290 50 riksdagshuset
1219 1278 20 33 å
1280 1276 306 52 Riddarholmen,
1616 1282 70 36 och
1728 1283 131 38 därvid
1888 1290 88 44 taga

382 1314 119 38 under
528 1316 296 52 öfvervägande,
854 1321 187 39 huruvida
1065 1325 59 37 för
1143 1326 215 39 ändamålet
1377 1330 244 52 erforderligt
1639 1339 190 45 utrymme
1850 1336 125 38 kunde

382 1366 134 38 vinnas
544 1382 140 36 genom
712 1371 245 51 tillbyggnad
986 1378 21 33 å
1035 1381 158 45 tomten,
1223 1385 97 31 samt
1348 1381 58 37 till
1433 1382 142 51 Kungl.
1608 1385 108 50 Maj:t
1745 1388 147 49 afgifva
1911 1389 63 37 det

382 1417 154 52 förslag,
566 1421 154 38 hvartill
747 1425 258 50 utredningen
1033 1428 228 40 föranledde.

508 1472 76 37 För
613 1479 54 32 att
695 1480 108 44 tagas
831 1478 120 37 under
979 1482 247 50 ompröfning
1254 1484 64 37 vid
1342 1485 257 50 fullgörandet
1619 1489 41 37 af
1676 1490 103 38 detta
1798 1494 177 49 uppdrag

380 1522 300 41 öfverlämnades
722 1528 212 39 sedermera
974 1545 143 35 genom
1157 1535 185 38 särskilda
1368 1538 140 50 nådiga
1536 1541 178 38 remisser
1742 1544 79 37 dels
1849 1545 74 37 den
1952 1547 21 35 5

374 1574 73 49 Juli
478 1577 97 36 1905
605 1590 47 23 en
681 1579 40 36 af
746 1580 298 51 öfverstyrelsen
1073 1585 59 37 för
1158 1587 117 37 rikets
1305 1589 188 38 allmänna
1521 1592 177 38 läroverk
1725 1596 114 48 gjord
1858 1596 113 38 fram-

380 1626 183 51 ställning
591 1629 12 36 i
632 1630 108 50 fråga
782 1645 61 24 om
884 1634 58 37 för
982 1637 188 47 styrelsen
1201 1638 167 52 behöflig
1402 1643 260 49 ämbetslokal,
1692 1647 80 37 dels
1801 1648 69 37 ock
1899 1650 72 37 den

381 1680 44 35 19
468 1681 217 48 september
728 1685 97 36 1905
868 1699 47 23 en
947 1687 42 37 af
1016 1688 350 52 bankinspektören
1394 1694 12 35 i
1434 1695 201 38 skrifvelse
1664 1698 57 36 till
1749 1700 135 37 chefen
1912 1702 58 37 för

377 1731 429 51 finansdepartementet
846 1737 211 40 framställd
1096 1742 174 37 anhållan
1300 1758 61 23 om
1389 1745 217 40 beredande
1636 1749 42 37 af
1701 1764 51 36 ny
1781 1752 100 36 lokal
1910 1754 58 36 för

380 1782 321 50 departementets
730 1786 204 52 bankbyrå.

502 1835 76 38 För
617 1838 240 49 fullgörande
901 1842 41 36 af
980 1843 65 38 det
1086 1845 492 43 öfverintendentsämbetet
1610 1853 157 37 sålunda
1793 1856 174 38 lämnade

377 1887 177 49 uppdrag
582 1890 208 38 anmodade
819 1893 167 38 ämbetet
1006 1908 31 24 e.
1059 1909 32 24 o.
1114 1898 215 38 arkitekten
1352 1901 69 37 hos
1440 1903 168 38 ämbetet
1627 1905 105 38 Aron
1751 1907 216 38 Johansson

375 1943 67 42 att,
471 1940 121 37 under
620 1942 285 40 öfverinseende
926 1946 42 37 af
983 1948 187 38 ämbetets
1189 1950 174 39 tekniske
1382 1953 176 50 ledamot,
1580 1957 118 37 förste
1717 1958 249 40 intendenten

373 1989 29 36 IL
446 1990 44 37 G.
536 1991 150 48 Clason,
729 1996 206 38 verkställa
964 1998 73 37 den
1064 2000 291 51 ifrågavarande
1383 2007 255 50 utredningen
1668 2016 96 31 samt
1791 2012 175 38 utarbeta

374 2041 46 36 de
447 2042 190 51 ritningar
665 2046 70 37 och
763 2048 224 39 föranstalta
1016 2064 59 25 om
1097 2056 270 47 upprättandet
1387 2058 40 37 af
1443 2059 45 37 de
1508 2059 455 54 kostnadsberäkningar,

375 2106 79 24 som
483 2095 111 37 däraf
618 2097 126 39 kunde
773 2100 224 39 föranledas.

499 2146 88 38 Med
616 2149 441 48 tjänstememorial:
995 2142 70 69 den
1088 2159 47 35 24
1162 2159 159 37 oktober
1352 2163 95 36 1905
1478 2163 304 40 öfverlämnades
1808 2167 41 37 af
1865 2169 97 36 arki-

371 2197 129 37 tekten
541 2199 219 40 Johansson
800 2204 58 37 till
899 2206 499 44 öfverintendentsämbetet
1430 2220 55 31 ett
1514 2216 41 35 af
1579 2216 139 38 honom
1747 2219 215 38 utarbetadt

371 2248 143 52 förslag
555 2253 161 37 rörande
758 2257 297 50 användningen
1098 2261 41 36 af
1174 2262 72 37 den
1287 2265 129 47 gamla
1447 2266 413 51 riksdagshustomten;
1890 2272 71 36 och

371 2301 152 39 anförde
545 2304 212 40 arkitekten
777 2308 218 40 Johansson
1014 2311 12 37 i
1047 2311 157 39 berörda
1223 2317 195 39 memorial
1437 2318 322 53 hufvudsakligen
1778 2323 180 49 följande.
