1890 2776
231 167 38 30 32
487 167 452 31 Konstitutionsutskoltets
963 168 183 30 memorial
1168 179 42 19 nr
1233 171 26 27 B
1285 171 14 27 1
1326 170 39 29 år
1390 171 83 29 1958

229 252 44 25 att
293 252 79 25 även
393 251 78 27 efter
493 252 52 26 det
564 252 110 26 Florin
696 252 61 27 den
780 252 35 26 14
838 252 131 27 oktober
990 253 75 27 1953
1087 252 127 27 erhållit
1236 253 115 34 nyckel
1373 254 47 26 till
1441 253 211 35 avdelningen
1675 263 55 18 un-

229 292 57 27 der
305 293 74 35 lång
397 294 46 26 tid
465 295 10 25 i
497 294 84 27 olika
602 294 172 27 skrivelser
796 294 144 27 fortsätta
961 302 183 27 angreppen
1167 297 64 24 mot
1253 296 119 25 honom
1395 296 81 27 hade
1499 296 118 34 Selling
1637 297 93 26 hind-

229 337 48 24 rat
296 335 61 27 och
376 336 158 26 hindrade
553 336 131 34 alltjämt
702 337 111 25 Florin
833 339 43 24 att
894 337 133 26 bedriva
1046 337 295 35 forskningsarbete
1360 338 17 27 å
1396 338 222 34 avdelningen,
1638 339 92 26 Detta

228 376 156 28 innebure
408 377 128 35 förfång
558 377 50 27 för
631 377 86 28 såväl
741 378 110 27 Florin
875 387 66 18 som
966 380 51 26 det
1041 379 169 29 allmänna.
1233 381 124 25 Ansvar
1380 380 136 35 yrkades
1539 381 15 26 å
1580 381 118 34 Selling
1720 382 10 25 i

228 418 100 28 första
349 419 86 27 hand
456 419 50 28 för
527 420 288 34 tjänstemissbruk,
837 422 9 25 i
868 421 100 27 andra
989 421 87 27 hand
1099 422 49 26 för
1170 424 90 32 grovt
1280 422 169 34 tjänstefel.
1473 423 119 27 Genom
1614 425 43 25 att
1680 423 50 27 för

229 461 38 27 de
288 469 153 27 personer
462 470 67 19 som
550 462 126 27 erhållit
697 463 142 27 tillstånd
861 466 43 24 att
924 464 171 34 uppehålla
1117 465 47 34 sig
1185 465 9 25 i
1215 465 264 33 paleobotaniska
1500 465 230 35 avdelningens

227 502 123 28 lokaler
375 504 79 27 efter
478 504 222 34 tjänstetidens
727 505 61 27 slut
814 505 104 27 såsom
943 506 117 26 villkor
1086 506 49 27 för
1161 506 176 27 tillståndet
1364 507 158 35 uppställa
1549 508 181 34 skyldighet

228 548 44 24 att
300 546 134 33 anmäla,
463 555 50 18 om
542 547 108 26 Florin
679 548 172 34 uppehölle
880 548 47 34 sig
954 549 10 25 i
993 549 231 34 avdelningens
1250 549 122 26 lokaler
1401 549 79 27 efter
1508 550 222 34 tjänstetidens

228 587 71 33 slut,
324 588 82 27 hade
432 588 118 35 Selling
574 589 110 27 vidare
710 590 82 34 gjort
816 590 48 34 sig
888 590 127 35 skyldig
1037 591 48 26 till
1109 590 169 35 tjänstefel.
1310 591 218 31 (Sistnämnda
1553 592 116 26 villkor
1696 593 34 26 är

233 630 117 33 intaget
371 631 10 26 i
404 630 50 28 det
475 631 221 33 meddelande,
717 640 69 18 som
808 632 161 34 återgivits
991 641 81 18 ovan
1096 641 22 20 s.
1141 633 40 30 4.)

269 671 118 36 Selling
413 673 165 34 genmälde
606 673 40 27 bl.
675 682 40 18 a.:
746 674 119 27 Genom
894 676 42 25 att
964 674 172 28 åsidosätta
1165 675 50 26 för
1243 675 213 34 avdelningen
1484 676 146 34 gällande
1658 676 72 26 ord-

228 713 298 35 ningsföreskrifter
549 715 82 27 hade
655 716 110 26 Florin
791 716 193 27 missbrukat
1007 716 198 28 förtroendet
1230 719 44 25 att
1297 718 119 26 inneha
1441 718 123 34 nyckel.
1591 718 139 27 Sålunda

228 755 82 28 hade
337 757 109 26 Florin
474 757 138 27 bortfört
638 766 38 18 en
705 759 214 34 avdelningen
945 759 145 34 tillhörig
1117 759 196 27 omfattande
1342 760 216 34 brevsamling
1585 763 80 24 samt
1693 769 37 18 ur

228 798 178 35 samlingen
428 799 228 28 undanskaffat
678 799 98 35 några
799 800 77 27 brev
899 803 79 24 samt
1001 801 178 34 bortklippt
1202 802 88 26 delar
1314 810 38 18 av
1375 802 109 27 andra.
1508 802 117 27 Vidare
1647 803 83 26 hade

228 840 64 27 han
321 841 63 27 fört
412 841 71 29 bort
510 842 118 27 böcker
657 843 61 26 och
748 842 260 28 herbarieväxter
1036 845 75 25 utan
1140 845 43 25 att
1212 844 106 27 lämna
1347 844 132 27 kvitton.
1508 845 110 26 Florin
1647 845 83 26 hade

228 882 112 28 vidare
361 884 10 26 i
395 883 63 27 fem
480 892 39 18 av
541 884 229 34 avdelningens
794 885 88 34 skåp,
904 893 68 19 som
995 886 63 25 han
1083 886 224 33 disponerade,
1329 887 96 26 insatt
1448 886 212 28 individuella
1684 887 46 27 lås

228 926 61 25 och
313 925 163 28 uraktlåtit
500 928 42 25 att
565 927 105 26 lämna
695 926 243 27 föreståndaren
963 928 115 34 nyckel
1101 928 48 26 till
1173 928 130 34 skåpen.
1330 928 118 35 Selling
1470 929 83 27 hade
1578 929 79 27 först
1682 937 48 26 ge-

227 974 75 20 nom
328 967 204 28 akademiens
559 968 125 35 försorg
709 968 59 28 fått
794 969 122 34 nyckel.
944 970 125 34 Skåpen
1096 970 162 27 innehölle
1285 971 155 32 material,
1466 979 68 19 som
1558 972 41 27 bl.
1626 980 26 18 a.
1678 972 52 26 be-

227 1010 96 26 rörde
354 1010 133 35 Sellings
517 1014 67 31 eget
613 1011 116 27 arbete.
761 1011 118 35 Selling
908 1012 149 27 erinrade
1086 1013 110 26 vidare
1227 1021 51 18 om
1308 1013 59 26 vad
1399 1021 67 19 som
1496 1013 153 27 förevarit
1679 1014 51 26 be-

227 1051 162 28 träffande
411 1052 59 27 den
492 1052 169 28 förkomna
682 1053 129 28 stuffen.
833 1054 223 27 Meddelandet
1077 1055 63 26 den
1159 1055 36 26 28
1218 1063 84 18 mars
1325 1055 74 27 1953
1420 1056 71 26 med
1514 1055 51 28 det
1587 1064 38 18 av
1647 1056 83 26 åkla-

227 1099 95 27 garen
349 1094 137 27 berörda
511 1095 148 27 villkoret
686 1103 76 19 vore
790 1097 140 25 närmast
954 1096 150 27 föranlett
1131 1105 37 18 av
1195 1097 127 26 Florins
1349 1098 211 33 inträngande
1587 1098 10 26 i
1624 1098 105 27 avdel-

227 1135 135 35 ningens
381 1136 121 27 lokaler
524 1138 61 26 den
606 1138 35 27 26
663 1146 86 19 mars
769 1138 84 27 1953.

267 1177 173 28 Hovrätten
462 1179 139 27 uttalade
623 1180 10 26 i
656 1180 70 27 sina
750 1180 144 27 domskäl
915 1182 43 25 att
979 1181 111 26 Florin
1113 1181 81 27 varit
1217 1181 214 27 oförhindrad
1455 1181 108 27 forska
1586 1181 17 27 å
1625 1182 105 27 avdel-

227 1221 129 34 ningen,
384 1220 93 28 såvitt
507 1222 25 34 ej
563 1222 70 26 med
663 1222 52 34 fog
745 1222 122 27 kunnat
895 1224 91 33 göras
1016 1223 155 34 gällande,
1199 1226 43 25 att
1271 1224 63 26 han
1365 1224 193 28 missbrukat
1587 1225 48 26 sin
1666 1225 63 26 för-

227 1263 296 35 troendeställning.
554 1264 174 27 Hovrätten
758 1264 77 27 fann
865 1265 110 27 vidare
1005 1267 44 25 att
1077 1266 109 26 Florin
1218 1266 98 33 enligt
1345 1266 132 34 stadgad
1508 1267 109 33 praxis
1647 1267 82 26 varit

226 1303 179 36 berättigad
430 1305 124 35 förfoga
580 1307 75 26 över
678 1306 257 35 brevsamlingen
961 1307 33 27 så
1018 1307 90 35 länge
1132 1308 64 26 han
1222 1308 143 34 sysslade
1390 1309 72 26 med
1486 1309 245 34 paleobotanisk

225 1346 179 36 forskning,
430 1349 43 26 att
499 1347 119 36 Selling
643 1348 26 35 ej
696 1348 123 28 kunnat
842 1349 67 28 visa
936 1349 61 27 den
1023 1349 156 35 påstådda
1205 1349 273 35 förvanskningen
1505 1359 39 18 av
1569 1351 160 27 brevsam-

227 1388 118 35 lingen,
372 1392 42 24 att
439 1390 126 28 Florins
592 1390 245 28 underlåtenhet
864 1393 43 25 att
933 1392 124 26 anmäla
1085 1392 193 35 flyttningen
1304 1393 49 26 till
1381 1392 119 35 Selling
1525 1393 85 34 finge
1637 1401 92 19 anses

225 1431 186 35 oväsentlig,
437 1434 43 25 att
506 1432 119 35 Selling
650 1433 25 34 ej
704 1433 119 34 påtalat
849 1433 192 35 flyttningen
1068 1434 98 27 innan
1194 1434 321 35 uppehållsförbudet
1541 1435 50 27 för
1617 1435 109 27 Florin

227 1473 167 33 utfärdats,
422 1477 43 24 att
495 1474 118 35 Selling
640 1475 25 34 ej
697 1475 69 27 före
795 1484 84 18 mars
908 1476 75 27 1953
1011 1477 146 26 anmärkt
1185 1477 41 34 på
1256 1478 91 25 sättet
1376 1477 50 26 för
1454 1477 127 28 Florins
1610 1477 53 27 lån
1691 1486 37 18 av

226 1514 119 28 böcker
369 1517 62 26 och
453 1516 262 28 herbarieväxter
740 1520 80 25 samt
844 1520 43 25 att
913 1518 119 35 Selling
1055 1519 25 34 ej
1106 1518 101 27 heller
1231 1519 69 26 före
1326 1519 96 34 sagda
1446 1520 151 33 tidpunkt
1622 1528 107 18 anmo-

227 1557 52 27 dat
302 1557 109 28 Florin
436 1561 43 24 att
503 1559 140 27 utlämna
669 1560 60 26 den
755 1568 62 26 nya
841 1560 228 35 skåpnyckeln,
1094 1560 174 27 Hovrätten
1293 1561 77 27 fann
1395 1561 122 27 således
1542 1564 43 24 att
1611 1561 118 34 Selling

227 1600 25 34 ej
276 1600 69 27 haft
365 1600 106 36 rimlig
493 1601 174 35 anledning
687 1604 44 24 att
754 1602 111 34 betaga
884 1602 110 27 Florin
1018 1603 61 26 den
1101 1603 97 27 frihet
1221 1605 43 26 att
1287 1606 87 24 utom
1396 1604 162 34 tjänstetid
1582 1603 108 28 forska
1712 1604 17 26 å

226 1641 223 36 avdelningen,
475 1651 68 18 som
569 1643 118 35 Selling
712 1644 78 34 givit
817 1644 99 28 andra
943 1645 57 26 där
1025 1645 199 27 verksamma
1251 1645 154 28 forskare,
1432 1646 173 26 Hovrätten
1632 1646 97 34 ansåg

228 1684 109 27 vidare
359 1688 43 24 att
423 1685 119 35 Selling
563 1686 69 27 icke
654 1686 122 27 kunnat
798 1687 71 33 giva
891 1686 103 35 någon
1015 1687 124 27 hållbar
1161 1687 180 35 förklaring
1361 1688 47 26 till
1431 1688 236 34 uppställandet
1690 1697 39 17 av

228 1726 147 28 villkoret
396 1727 50 27 för
466 1727 110 27 Florin
599 1737 51 18 om
672 1728 183 34 deposition
876 1737 38 18 av
935 1736 121 28 pengar
1077 1730 50 26 för
1149 1730 185 26 erhållande
1356 1738 38 18 av
1416 1731 123 34 nyckel.
1561 1730 107 27 Behov
1691 1739 37 18 av

227 1769 115 34 nyckel
372 1770 48 26 till
449 1770 193 34 Bergianska
672 1770 211 35 trädgårdens
913 1771 156 27 bibliotek
1098 1772 82 26 hade
1212 1772 71 26 icke
1314 1772 152 34 förelegat
1497 1772 49 27 för
1578 1772 103 35 någon
1712 1772 17 27 å

227 1811 261 33 paleobotaniska
517 1812 222 35 avdelningen.
769 1813 164 26 Villkoren
962 1814 83 26 hade
1075 1814 89 27 alltså
1193 1815 82 25 varit
1305 1815 194 33 otillbörliga
1528 1815 61 26 och
1617 1815 111 27 Florin

226 1852 82 27 hade
327 1854 72 26 med
418 1854 125 34 hänsyn
562 1854 108 27 härtill
688 1855 25 34 ej
735 1855 83 27 varit
837 1855 126 35 skyldig
982 1858 43 24 att
1043 1856 71 34 foga
1135 1856 48 34 sig
1201 1857 9 26 i
1231 1857 81 25 dem.

265 1894 173 29 Hovrätten
462 1896 149 27 erinrade
634 1896 142 27 härefter
799 1905 50 19 om
872 1900 43 24 att
937 1898 110 26 Florin
1071 1898 61 26 den
1156 1898 35 26 14
1215 1899 133 25 oktober
1372 1899 74 26 1953
1470 1899 58 26 fått
1552 1900 114 33 nyckel
1690 1907 38 18 av

225 1936 189 28 akademien
442 1939 61 25 och
531 1938 131 27 därmed
690 1939 144 27 tillstånd
863 1941 43 25 att
932 1940 98 27 vistas
1058 1940 16 26 å
1102 1940 213 34 avdelningen
1344 1943 86 24 utom
1456 1941 163 33 tjänstetid
1648 1943 80 25 samt

225 1978 77 27 fann
324 1982 43 24 att
390 1979 118 36 Selling
528 1981 50 26 väl
601 1980 79 27 efter
700 1982 62 25 den
786 1982 35 26 14
844 1982 133 27 oktober
999 1982 75 27 1953
1096 1983 10 25 i
1129 1983 87 26 olika
1238 1983 172 26 skrivelser
1430 1982 63 35 gått
1514 1983 48 26 till
1584 1991 142 27 angrepp

227 2023 63 25 mot
311 2021 111 27 Florin
445 2030 71 19 men
539 2025 43 24 att
605 2022 111 28 enbart
739 2023 187 34 härigenom
949 2023 119 36 Selling
1091 2025 82 26 dock
1195 2024 71 27 icke
1291 2025 106 26 kunde
1420 2033 91 19 anses
1532 2025 41 28 ha
1596 2026 132 26 hindrat

225 2063 110 28 Florin
363 2066 43 24 att
432 2064 134 28 bedriva
593 2065 170 35 forskning
789 2065 17 27 å
833 2065 221 35 avdelningen.
1083 2066 173 27 Hovrätten
1284 2067 98 34 ansåg
1408 2068 110 26 vidare
1547 2070 43 25 att
1616 2068 111 26 Florin

226 2105 70 27 icke
315 2106 120 27 kunnat
454 2107 70 34 giva
543 2107 81 28 klart
640 2108 119 26 besked
779 2116 51 18 om
849 2109 60 26 den
928 2109 161 34 tidpunkt,
1107 2109 39 26 då
1165 2109 63 26 han
1247 2110 135 26 ämnade
1401 2109 206 35 återupptaga
1626 2110 102 26 forsk-

224 2147 226 34 ningsarbetet,
475 2150 44 25 att
543 2149 120 32 Florin,
688 2158 52 18 om
766 2150 64 27 han
854 2150 68 27 haft
947 2151 135 34 verkligt
1108 2151 104 27 behov
1238 2159 37 18 av
1301 2153 43 25 att
1370 2151 117 28 besöka
1513 2152 212 34 avdelningen

225 2189 79 28 efter
324 2190 222 34 tjänstetidens
567 2192 70 32 slut,
658 2192 101 26 skulle
780 2192 41 27 ha
842 2192 57 27 hos
920 2193 188 26 akademien
1131 2194 109 34 begärt
1262 2194 148 34 nyckeln,
1431 2194 98 27 sedan
1550 2194 104 27 denna
1677 2194 50 27 väl

225 2231 192 34 deponerats
442 2233 59 27 hos
529 2233 199 34 akademien,
757 2237 79 24 samt
864 2237 42 24 att
932 2235 120 33 Florin,
1080 2236 101 26 under
1210 2236 61 26 den
1301 2236 45 26 tid
1375 2236 60 34 maj
1466 2236 261 27 1954—februari

225 2273 86 34 1955,
334 2274 40 27 då
397 2275 118 34 Selling
537 2275 71 27 icke
630 2276 82 28 varit
735 2277 10 25 i
769 2277 105 33 tjänst,
896 2277 111 27 besökt
1031 2278 212 34 avdelningen
1268 2278 111 27 endast
1402 2277 54 27 vid
1480 2277 93 35 något
1596 2279 130 26 enstaka

222 2316 136 27 tillfälle.
379 2317 174 27 Hovrätten
575 2318 76 26 fann
674 2318 51 27 det
747 2318 111 27 därför
877 2319 26 34 ej
925 2320 81 26 visat
1027 2322 43 24 att
1091 2320 134 34 Sellings
1247 2320 147 34 åtgärder
1415 2320 163 26 inneburit
1598 2320 129 35 förfång

223 2357 50 28 för
297 2358 109 27 Florin
431 2360 60 26 och
514 2360 107 27 kunde
645 2360 119 35 Selling
788 2360 198 35 följaktligen
1011 2362 71 26 icke
1106 2362 110 27 dömas
1241 2362 50 27 för
1314 2362 286 34 tjänstemissbruk.
1624 2363 102 26 Emel-

224 2400 95 27 lertid
348 2401 82 27 hade
460 2401 119 35 Selling
606 2409 112 27 genom
749 2403 38 26 de
816 2404 10 26 i
854 2403 109 27 brevet
992 2404 61 26 den
1082 2405 17 26 5
1128 2412 84 19 mars
1243 2405 74 26 1953
1348 2404 181 34 uppställda
1558 2405 168 31 villkoren,

223 2448 114 27 genom
357 2443 49 26 sin
427 2444 118 34 vägran
567 2446 42 25 att
630 2444 70 34 giva
721 2445 110 27 Florin
853 2446 140 26 tillträde
1016 2446 48 26 till
1086 2447 213 34 avdelningen
1322 2446 79 27 efter
1421 2446 221 34 tjänstetidens
1664 2448 61 26 slut

223 2485 60 26 och
302 2492 113 28 genom
434 2486 206 27 föreskriften
660 2495 51 18 om
731 2488 285 34 anmälningsplikt
1040 2489 4 25 i
1063 2489 225 26 meddelandet
1308 2488 61 27 den
1390 2488 35 27 28
1445 2496 84 20 mars
1549 2489 75 27 1953
1643 2490 82 25 visat
