2212 2616
387 178 19 27 6
544 175 116 31 Andra
685 175 218 32 Kammarens
931 176 183 41 Tulfälliga
1147 177 136 32 Utskotts
1308 177 77 40 (N:o
1411 177 36 38 3)
1480 176 169 33 Utlåtande
1673 177 62 32 N:o
1760 180 53 29 48.

386 255 260 36 tuberkulosen
687 256 67 35 har
795 269 45 23 en
882 258 237 47 synnerligen
1148 262 74 32 stor
1250 258 224 47 utbredning
1502 258 13 35 i
1543 260 130 45 många
1701 259 136 35 länder.
1896 261 83 35 Den

384 315 40 29 är
465 312 88 33 utan
585 309 131 36 tvifvel
744 310 71 35 den
844 315 93 31 mest
966 311 147 47 spridda
1141 312 110 35 bland
1280 312 68 35 alla
1375 312 456 48 nötkreaturssjukdomar.
1890 314 87 35 Med

384 363 188 47 undantag
600 363 41 35 af
665 364 328 46 polarregionerna,
1022 365 223 47 nordligaste
1275 365 286 44 Skandinavien,
1591 377 107 24 norra
1717 365 146 46 Afrika,
1886 370 91 45 step-

384 428 113 35 perna
539 420 92 32 samt
672 417 97 35 vissa
810 418 83 35 utaf
932 418 238 36 samfärdseln
1203 419 83 46 föga
1314 419 154 35 berörda
1497 424 69 37 öar,
1598 419 240 36 förekommer
1867 421 69 35 den
1966 421 12 35 i

383 482 77 23 mer
488 471 86 34 eller
606 470 141 35 mindre
775 472 90 46 grad
894 471 13 35 i
936 471 69 35 alla
1034 473 125 34 länder
1188 472 65 35 och
1281 472 235 36 världsdelar.
1575 472 19 35 I
1623 472 189 48 Tyskland
1841 479 61 30 äro
1931 477 45 44 på

384 525 129 44 många
541 524 129 35 ställen
699 524 94 35 ända
820 525 57 35 till
907 526 49 34 80
986 529 148 43 procent
1154 526 40 34 af
1209 525 263 36 nötkreaturen
1493 526 179 46 angripna
1691 526 40 35 af
1747 526 228 48 sjukdomen.

382 576 19 35 I
443 577 160 35 Holland
646 582 38 30 är
727 578 69 35 den
838 578 185 47 vanligare
1060 579 13 35 i
1116 580 44 34 de
1189 579 104 35 södra
1322 579 147 35 delarne
1498 585 46 29 än
1573 579 12 35 i
1614 580 43 34 de
1686 592 118 32 norra,
1835 580 143 36 hvilket

383 630 184 36 sannolikt
609 633 75 33 står
716 631 12 35 i
757 631 175 36 samband
961 633 82 34 med
1072 633 70 34 den
1171 632 13 35 i
1213 633 43 34 de
1285 633 104 35 södra
1417 632 237 47 provinserna
1683 645 97 23 mera
1809 635 168 35 använda

382 683 307 47 stallfordringen.
746 684 19 35 I
806 685 200 44 Danmark,
1051 686 64 35 där
1157 685 215 48 sjukdomen
1414 686 195 46 uppgifves
1644 687 110 35 hafva
1782 687 195 36 inkommit

381 737 83 35 med
484 737 150 47 angler-,
661 738 205 37 schweizer-
894 739 66 35 och
987 739 293 48 korthornsdjur,
1305 739 240 35 förekommer
1564 740 70 35 den
1653 743 46 43 på
1719 740 96 36 vissa
1835 741 142 35 trakter

381 790 66 35 hos
476 793 50 32 40
555 792 20 34 å
606 793 47 33 60
683 796 159 42 procent,
873 793 129 34 medan
1032 793 113 35 andra
1174 798 60 30 äro
1258 792 266 48 jämförelsevis
1544 792 80 36 fria.
1655 793 19 35 I
1694 793 282 36 Storbrittanien

381 855 108 36 synes
517 844 259 36 tuberkulosen
805 845 156 48 alltjämt
988 846 111 35 vinna
1127 850 163 42 terräng,
1321 845 13 36 i
1363 846 190 47 sydvästra
1574 846 203 46 Skottland,
1798 848 178 46 ayrshire-

381 897 149 48 djurens
559 898 180 44 hemland,
770 904 39 29 är
838 899 71 35 den
938 899 113 35 redan
1078 900 140 46 ganska
1246 900 166 35 utbredd.
1450 899 254 36 Sammalunda
1724 905 39 30 är
1784 901 191 35 förhållan-

381 951 62 35 det
472 950 13 36 i
512 951 205 36 Frankrike
746 953 66 34 och
842 952 13 35 i
884 953 106 34 södra
1018 952 155 48 Europa.

487 1003 201 48 Angående
730 1005 140 47 frågan,
915 1006 180 35 huruvida
1123 1006 258 35 tuberkulosen
1409 1006 14 35 i
1452 1006 195 35 allmänhet
1675 1006 73 35 kan
1777 1007 198 36 öfverföras

380 1057 80 35 från
504 1057 211 37 människor
756 1059 57 35 till
855 1059 84 48 djur
967 1060 66 34 och
1061 1063 169 41 tvärtom,
1260 1060 85 34 råda
1374 1060 65 35 hos
1470 1060 379 46 vetenskapsmännen
1878 1061 98 35 olika

379 1111 199 46 meningar.
637 1112 73 35 Det
743 1112 125 48 dröjde
897 1113 115 47 länge,
1042 1113 113 35 innan
1183 1125 83 23 man
1295 1112 83 36 kom
1408 1113 56 35 till
1493 1113 69 35 den
1591 1113 154 44 åsikten,
1776 1117 52 32 att
1856 1115 119 34 tuber-

380 1164 151 36 kulosen
573 1165 66 35 hos
682 1165 211 35 människor
935 1167 66 34 och
1043 1166 259 35 tuberkulosen
1331 1167 64 35 hos
1425 1166 83 47 djur
1536 1179 65 23 var
1630 1179 134 23 samma
1793 1167 180 48 sjukdom.

379 1211 115 42 Ännu
533 1221 38 32 så
612 1218 103 48 långt
757 1219 92 35 fram
892 1219 13 35 i
937 1219 101 35 tiden
1067 1232 75 23 som
1177 1222 97 33 1855
1304 1220 181 35 bestrider
1513 1220 170 36 Virchow
1714 1222 98 34 detta
1840 1223 45 45 på
1915 1222 60 35 det

377 1271 260 46 bestämdaste;
667 1284 84 23 men
780 1272 95 36 elfva
904 1275 40 32 år
972 1285 136 32 senare,
1144 1276 111 41 1866,
1287 1273 205 35 förklarade
1521 1273 175 36 Villemin
1725 1276 45 44 på
1798 1275 121 46 grund
1939 1276 40 34 af

376 1337 46 23 en
464 1337 117 23 massa
624 1302 40 58 af
702 1326 129 35 honom
876 1326 145 35 utförda
1049 1303 136 67 försök,
1216 1304 52 58 att
1298 1327 94 47 djur-
1422 1328 67 34 och
1519 1327 455 36 människotuberkulosen

376 1390 86 24 vore
492 1391 134 22 samma
655 1378 178 48 sjukdom.

484 1432 17 34 I
530 1444 136 23 samma
694 1433 168 47 riktning
890 1433 136 35 uttalar
1055 1433 55 46 sig
1138 1434 180 46 professor
1338 1434 41 35 B.
1402 1434 107 47 Bang
1529 1434 12 35 i
1561 1434 159 48 följande
1741 1435 80 35 ord:
1860 1434 113 35 »Allt-

376 1485 114 35 sedan
518 1498 82 22 man
625 1486 84 35 kom
738 1486 56 35 till
823 1486 208 36 erfarenhet
1058 1499 69 32 om,
1158 1490 52 33 att
1238 1487 212 36 tuberkulos
1479 1488 64 35 hos
1574 1488 81 47 djur
1675 1488 66 35 och
1762 1488 212 35 människor

376 1551 64 22 var
470 1550 135 24 samma
634 1539 179 48 sjukdom,
844 1540 13 35 i
887 1540 60 35 det
975 1543 53 33 att
1056 1541 70 35 den
1157 1541 173 35 härledde
1360 1541 55 46 sig
1444 1541 81 35 från
1554 1554 135 22 samma
1709 1541 119 44 orsak,
1850 1542 118 35 tuber-

375 1591 228 47 kelbacillen,
648 1595 66 33 har
755 1606 83 22 man
881 1594 119 35 städse
1029 1606 74 23 som
1133 1594 287 47 hufvudsakliga
1449 1595 80 35 skäl
1558 1596 55 33 för
1641 1594 266 47 bekämpandet
1936 1595 40 35 af

374 1645 214 36 tuberkulos
630 1647 66 35 hos
739 1647 83 48 djur
864 1647 215 47 framdragit
1121 1648 71 35 den
1226 1648 87 43 fara,
1358 1659 75 24 som
1463 1661 63 22 var
1555 1648 223 47 förknippad
1807 1649 83 34 med
1920 1653 52 31 att

375 1698 216 48 sjukdomen
633 1700 147 46 kunde,
798 1700 199 37 öfverföras
1039 1701 81 35 från
1155 1702 103 34 dessa
1286 1701 56 35 till
1370 1701 229 35 människan.
1657 1701 70 36 Att
1756 1714 45 22 en
1830 1701 142 48 verklig

374 1752 79 35 fara
477 1753 223 35 härutinnan
729 1754 195 35 förefinnes
953 1759 39 30 är
1020 1755 123 35 ställdt
1172 1758 97 32 utom
1290 1755 66 34 allt
1375 1754 142 45 tvifvel,
1539 1755 175 36 ehuruväl
1734 1754 237 47 meningarne

373 1807 153 34 rörande
555 1806 182 36 storleken
766 1807 40 35 af
831 1808 210 35 densamma
1069 1813 99 30 ännu
1197 1814 59 29 äro
1286 1808 145 47 mycket
1459 1808 161 35 delade.»

482 1860 81 35 Den
606 1860 97 36 förut
730 1861 156 35 nämnde
914 1861 182 46 professor
1124 1862 116 44 Koch,
1271 1861 151 36 hvilken
1451 1874 74 23 som
1555 1862 136 35 bekant
1720 1867 39 30 är
1788 1862 182 35 tuberkel-

373 1912 175 36 bacillens
577 1914 233 47 upptäckare,
840 1915 68 34 har
937 1914 201 36 emellertid
1167 1919 88 43 gent
1283 1919 96 31 emot
1408 1915 154 44 åsikten,
1594 1919 53 32 att
1674 1915 214 36 tuberkulos
1904 1916 65 35 hos

374 1966 212 36 människor
627 1968 66 34 och
736 1967 83 48 djur
852 1980 86 23 vore
967 1968 40 35 af
1027 1980 135 24 samma
1191 1972 107 32 natur
1326 1969 66 35 och
1421 1972 54 32 att
1502 1969 229 48 följaktligen
1760 1969 114 47 mjölk
1903 1970 66 34 och

373 2019 81 36 kött
490 2020 40 35 af
554 2020 237 36 tuberkulösa
819 2021 215 36 nötkreatur
1062 2034 84 24 vore
1175 2025 130 44 ytterst
1334 2021 126 48 farligt
1489 2022 55 35 för
1572 2022 220 35 människan
1820 2026 53 32 att
1901 2023 67 34 för-

372 2078 90 39 tära,
494 2073 55 36 för
577 2074 81 35 icke
687 2077 38 32 så
753 2075 105 46 länge
888 2075 112 35 sedan
1029 2076 173 46 uppträdt
1232 2076 79 34 med
1341 2076 61 35 det
1431 2077 221 45 påståendet,
1683 2079 52 32 att
1762 2076 206 35 människo-

373 2126 259 36 tuberkulosen
675 2140 84 23 vore
786 2130 110 44 något
924 2129 77 35 helt
1029 2132 112 32 annat
1169 2134 46 29 än
1244 2129 279 35 nötkreaturens
1551 2129 212 35 tuberkulos
1793 2129 173 47 (pärlsot),

372 2180 68 35 och
483 2184 52 32 att
577 2181 70 35 den
676 2181 105 35 alltså
810 2182 30 47 ej
871 2182 125 35 kunde
1025 2182 197 36 öfverföras
1251 2185 44 44 på
1324 2183 272 35 nötkreaturen.
1655 2183 109 36 Hvad
1792 2185 77 33 åter
1898 2184 70 34 den

373 2233 127 47 frågan
529 2237 123 43 angår,
684 2234 180 36 huruvida
893 2236 180 47 pärlsoten
1102 2236 74 35 kan
1205 2236 195 36 öfverföras
1429 2239 46 43 på
1503 2236 229 44 människan,
1763 2236 205 35 förklarade
