1874 2846
528 151 275 32 Statsutskottets
829 149 177 32 utlåtande
1030 149 49 30 Nr
1107 150 28 29 3.
1543 140 39 30 19

118 241 74 30 Den
213 248 125 28 genom
360 235 439 37 förbundsförsamlingens
821 234 112 31 beslut
955 234 66 30 den
1047 234 39 29 10
1109 233 143 30 oktober
1278 232 84 30 1936
1387 229 194 32 fastställda

75 281 292 37 utgiftsbudgeten
392 280 54 30 för
470 279 38 31 år
530 279 81 30 1937
638 279 107 30 slutar
770 277 45 38 på
840 277 197 35 29,184,128
1061 274 224 32 schweiziska
1311 274 124 29 francs.
1486 272 95 30 Sam-

76 324 162 31 manförd
261 323 110 31 under
395 321 280 32 huvudrubriker
698 323 50 28 ter
772 319 50 37 sig
847 318 221 37 utgiftssidan
1092 327 42 21 av
1159 317 114 30 denna
1297 316 127 35 budget
1448 314 45 36 på
1518 314 63 30 föl-

75 367 104 37 jande
197 367 78 30 sätt:

1290 413 175 25 Schweiziska
1484 413 100 23 francs.

141 472 23 29 I.
210 470 235 31 Sekretariatet
466 486 868 13 ........-.-sssoscssrasrrtrrr
991 463 52 45 rss
1056 463 52 45 rt
1118 463 52 45 rr
1191 463 43 45 RR
1245 463 29 45 RR
1284 463 54 45 RA
1388 460 187 38 14,842,103

126 515 39 29 I.
211 514 71 29 Den
305 512 263 31 internationella
592 509 374 40 arbetsorganisationen.
975 529 363 8 ........ss---++e>
1411 502 166 39 7,603,662

112 557 54 29 III.
212 556 71 30 Den
305 555 87 30 fasta
414 553 253 39 mellanfolkliga
689 552 183 30 domstolen
890 571 446 9 .........sss-oosees
1247 547 93 49 ere:
1409 544 167 40 2,561,333

112 599 52 29 IV.
210 599 71 29 Den
305 597 151 38 ständiga
479 595 144 31 centrala
646 594 689 40 opiekommittén.......s..s.e-see
1244 590 31 49 rs
1284 590 56 49 es
1440 587 136 37 124,508

127 642 37 28 V.
210 641 72 29 Den
305 638 264 31 internationella
590 636 746 40 flyktingeinstitutionen..........s--->--:
1440 630 134 36 394,197

111 683 52 29 VI.
209 682 208 38 Fastigheter
437 681 12 29 i
472 681 128 30 Geneve
617 698 720 10 ..s.seeeessrer
913 674 54 50 ere
972 674 14 50 r
994 674 54 50 rer
1060 674 51 50 oto
1119 674 13 50 r
1144 674 51 50 ter
1207 674 29 50 tr
1247 674 95 50 tera
1410 672 167 39 1,584,000

95 725 69 30 VII.
209 724 177 30 Pensioner
408 740 930 12 .....s-ssereessssseerrereora
975 716 56 47 rer
1039 716 51 47 rer
1101 716 42 47 rr
1163 716 54 47 rer
1227 716 31 47 RR
1268 716 75 47 RKA
1411 715 166 38 1,686,825

75 768 84 29 VIII.
204 766 208 39 Assyriernas
434 765 72 29 från
529 764 75 29 Irak
626 763 564 38 bosättning.......--e-sesess0s
1206 782 132 6 scenens
1441 757 137 40 300,000

105 810 56 29 IX.
206 807 290 32 Kommissariatet
517 806 51 29 för
589 805 188 39 flyktingar,
802 803 197 31 kommande
1021 802 71 30 från
1115 801 224 39 Tyskland...
1463 799 115 32 82.500

852 863 134 30 Summa
1008 861 208 31 schweiziska
1239 860 107 30 francs
1391 859 187 36 29,184,128

125 971 263 36 Församlingen
407 970 106 37 ansåg
533 970 57 30 det
608 969 31 37 ej
661 968 134 37 möjligt
815 971 49 29 att
883 967 179 31 omarbeta
1083 967 187 36 budgetens
1291 965 196 36 utgiftssida
1509 964 80 31 med

82 1016 136 36 hänsyn
237 1017 101 33 tagen
358 1013 50 30 till
428 1013 66 30 den
513 1012 111 30 under
642 1010 179 38 pågående
840 1011 92 30 möte
952 1009 188 31 inträffade
1161 1007 351 36 värdeminskningen
1535 1007 55 30 för

82 1058 42 30 de
143 1056 90 31 båda
252 1056 146 35 valutor,
414 1055 67 31 den
500 1053 223 32 schweiziska
743 1053 66 31 och
830 1053 67 30 den
916 1051 264 35 nederländska,
1201 1050 11 31 1
1233 1050 93 31 vilka
1348 1050 242 35 huvudparten

82 1108 43 21 av
146 1099 204 30 förbundets
371 1097 140 36 utgifter
533 1098 60 29 äro
614 1096 188 30 bestämda.
849 1095 14 30 I
885 1095 111 29 stället
1019 1094 108 30 beslöt
1151 1092 259 36 församlingen,
1434 1094 48 28 att
1504 1090 87 32 bud-

85 1145 116 34 getens
218 1141 241 35 inkomstsida,
479 1140 116 31 vilken
611 1140 125 30 liksom
754 1139 145 36 tidigare
917 1137 209 31 fastställdes
1143 1136 10 31 i
1169 1136 213 36 guldfranes,
1400 1135 88 31 skall
1505 1136 86 29 mot-

83 1193 101 22 svara
211 1183 205 36 utgifternas
445 1182 10 30 i
483 1180 223 32 schweiziska
736 1180 116 30 francs
875 1180 174 36 uttryckta
1079 1178 221 36 totalbelopp,
1330 1176 152 31 minskat
1512 1176 79 30 med

83 1225 99 38 tjugu
202 1228 152 35 procent,
377 1225 32 30 d.
430 1234 30 20 v.
482 1233 25 21 s.
527 1222 237 38 ungefärligen
786 1222 71 30 lika
878 1222 138 36 mycket
1036 1230 75 21 som
1133 1221 66 30 den
1220 1219 254 31 nederländska
1496 1219 95 30 valu-

83 1272 77 27 tans
184 1266 308 37 värdeminskning
515 1266 67 31 den
605 1266 20 30 6
648 1265 144 30 oktober
818 1265 94 30 1936.
959 1263 92 31 Från
1076 1263 67 30 den
1166 1262 147 31 sålunda
1337 1261 180 31 bestämda
1541 1260 50 31 in-

84 1312 291 33 komstsumman,
390 1309 195 35 23,347,302
603 1307 210 37 guldfrancs,
832 1306 89 31 skall
939 1305 170 37 därjämte
1126 1304 85 37 avgå
1230 1307 46 28 ett
1293 1304 125 36 belopp
1437 1313 42 21 av
1495 1303 97 36 guld-

84 1354 117 30 francs
216 1351 189 37 2,062,479:
422 1352 51 34 70,
500 1350 191 36 utgörande
705 1350 176 30 överskott
896 1348 80 31 från
990 1347 38 31 år
1048 1348 93 30 1935.
1181 1347 64 31 Det
1260 1347 136 35 belopp,
1413 1355 74 21 som
1503 1345 90 31 skall

84 1396 130 31 betalas
238 1404 43 21 av
304 1393 447 31 förbundsmedlemmarna
776 1392 54 30 för
854 1390 38 31 år
918 1391 94 35 1937,
1036 1389 134 38 uppgår
1193 1388 101 32 alltså
1316 1388 52 32 till
1392 1388 200 37 guldfrancs

85 1438 209 36 21,284,822:
310 1437 52 30 30.

128 1480 66 31 Vid
216 1478 58 31 sitt
298 1480 135 29 senaste
453 1478 93 29 möte
568 1476 182 37 godkände
773 1473 421 37 förbundsförsamlingen
1217 1473 119 31 vidare
1359 1483 42 20 en
1424 1482 48 27 ny
1495 1473 98 30 skala

85 1522 55 31 för
162 1520 240 37 fördelningen
425 1529 42 21 av
488 1519 233 30 kostnaderna
744 1518 55 30 för
821 1517 197 35 förbundet,
1041 1519 48 27 att
1112 1516 89 36 gälla
1223 1516 111 30 under
1357 1514 81 31 åren
1464 1515 131 30 1937—

88 1564 93 30 1939.
221 1563 116 36 Enligt
356 1563 113 29 denna
489 1562 64 29 har
573 1559 135 37 Sverige
727 1563 49 27 att
796 1560 136 35 erlägga
952 1554 79 41 "”/s,
1051 1558 11 30 i
1082 1558 111 30 stället
1212 1557 55 31 för
1287 1557 144 36 tidigare
1450 1552 80 40 "/s,
1551 1566 43 21 av

85 1606 204 31 förbundets
311 1604 152 37 utgifter,
488 1613 42 21 en
554 1602 129 36 ökning
706 1605 72 27 mot
802 1601 115 31 vilken
941 1609 166 28 gensagor
1131 1600 210 30 framfördes
1366 1599 78 31 från
1468 1599 125 30 svensk

87 1649 84 30 sida.
213 1647 154 36 Sveriges
385 1646 122 36 bidrag
524 1644 51 33 till
593 1644 186 31 förbundet
798 1644 55 30 för
870 1643 39 31 år
930 1644 81 29 1937
1032 1642 133 37 uppgår
1184 1642 11 30 i
1213 1641 150 37 enlighet
1381 1642 79 30 med
1481 1642 114 30 denna

86 1689 324 36 beräkningsgrund
448 1687 51 31 till
534 1687 200 36 guldfrancs
773 1686 155 35 438,149:
947 1686 49 35 10,
1024 1685 244 30 motsvarande
1289 1694 42 21 en
1357 1683 201 36 minskning
1584 1683 11 30 i

86 1731 219 32 förhållande
326 1730 51 31 till
399 1730 38 31 år
463 1730 83 30 1936
568 1730 80 29 med
669 1729 200 36 guldfrancs
893 1728 131 35 79,838:
1040 1728 51 29 25.
1136 1727 66 30 Till
1224 1727 170 30 täckande
1416 1736 41 20 av
1480 1727 114 29 denna

86 1773 101 37 utgift
207 1774 97 30 torde
324 1773 80 30 med
425 1773 137 36 hänsyn
582 1771 48 31 till
653 1781 47 21 nu
720 1771 160 36 gällande
900 1770 183 30 växelkurs
1105 1770 83 30 böra
1209 1770 171 29 beräknas
1402 1771 45 28 ett
1468 1768 126 36 belopp

87 1825 41 22 av
147 1816 142 35 570,000
308 1816 141 34 kronor,
467 1814 105 31 vilket
591 1814 96 30 torde
706 1814 101 30 äskas
826 1813 115 30 såsom
961 1812 277 36 förslagsanslag.

132 1916 180 34 Utskottet,
332 1924 75 21 som
424 1914 75 31 icke
517 1913 116 31 funnit
651 1913 187 37 anledning
856 1913 52 30 till
925 1912 138 31 erinran
1082 1915 71 27 mot
1174 1911 121 36 Kungl.
1317 1910 118 36 Maj:ts
1454 1911 139 35 förslag,

88 1965 207 36 hemställer,

442 2026 49 28 att
510 2023 184 36 riksdagen
715 2021 58 32 må
795 2022 56 30 för
870 2021 171 37 gäldande
1064 2030 42 21 av
1127 2020 153 36 Sveriges
1301 2019 102 30 andel
1424 2020 10 29 i
1454 2019 141 30 kostna-

399 2073 107 31 derna
527 2073 56 37 för
604 2072 228 31 Nationernas
854 2071 152 38 förbund
1029 2071 54 30 för
1105 2069 201 38 budgetåret
1330 2064 182 40 1937/1938
1535 2078 59 21 an-

398 2124 73 30 visa
488 2126 46 28 ett
550 2123 267 36 förslagsanslag
835 2132 42 21 av
893 2123 141 34 570,000
1050 2122 138 29 kronor.

133 2224 87 39 15:0)
271 2224 158 36 Sveriges
461 2224 209 35 deltagande
707 2223 10 29 i
755 2221 286 31 internationella
1080 2220 243 30 konferenser.
1363 2218 235 31 Permanenta

86 2274 324 35 skiljedomstolens
431 2272 284 30 internationella
733 2271 87 37 byrå
842 2272 10 30 i
876 2272 110 35 Haag.
1021 2272 14 29 I
1054 2271 152 36 enlighet
1229 2271 80 29 med
1333 2270 122 35 Kungl.
1479 2269 119 36 Maj:ts

89 2326 126 35 förslag
240 2324 210 38 (punkterna
472 2325 38 28 15
530 2324 65 30 och
615 2324 48 35 16,
685 2323 61 29 sid.
763 2322 54 39 34)
845 2322 198 30 hemställer
1063 2322 174 33 utskottet,

441 2402 48 27 att
512 2398 182 36 riksdagen
718 2397 57 30 må

1644 1915 130 25 Utskottet.
