2133 2593
693 137 102 29 Stats-
809 133 171 47 Utskottets
996 137 164 30 Utlåtande
1182 139 57 29 N:o
1262 140 49 28 18.
1729 144 38 27 95

1260 227 202 49 Transport
1552 230 169 44 365,495:
1751 233 58 36 40.

347 324 134 34 Rikets
505 326 249 33 ekonomiska
776 327 217 33 karteverk.

214 400 74 37 Till
321 402 45 36 de
399 403 484 51 ekonomiskt-geografiska
910 405 229 37 karte-arbe-

348 460 81 30 tena
459 455 11 35 i
499 454 249 39 Norrbottens
776 457 357 36 läl...........o0c.o....
1228 459 144 44 25,000:
1401 478 48 4 —

238 516 15 19 »
311 505 44 37 de
397 506 241 37 ekonomiska
682 508 401 37 stomkarte-arbetena
1127 510 10 35 i

347 556 119 51 öfriga
495 558 106 37 delar
628 558 39 37 af
690 560 99 36 riket...
806 591 326 5 moms
1225 563 144 42 37,600:
1399 581 47 4 —
1575 572 145 44 62,600:
1749 592 47 4 —

344 701 154 33 Statens
517 702 314 39 jernvägstrafik.

210 792 70 37 Till
309 794 230 49 uppförande
581 795 37 37 af
655 797 175 37 bostäder
863 801 37 33 åt
927 799 204 37 banvakter

344 846 67 35 och
438 847 319 49 stationsbetjente
773 880 358 7 .......vhkb>asssssssssssaa
1201 853 168 43 285,000:
1399 873 47 4 —

235 911 14 18 »
303 896 238 38 anskaffande
570 897 39 38 af
632 899 117 48 rörlig
776 901 169 35 materiel
974 933 159 5 ..........
1164 904 205 43 3,000,000:
1398 924 48 3 —
1513 915 203 43 —3,285,000:
1745 937 49 4 —

344 1040 150 33 Skiften
517 1041 73 32 och
612 1041 255 40 afvittringar.

210 1117 71 37 Till
309 1118 234 50 fullföljande
588 1119 39 37 af
669 1120 228 38 storskiftes-
948 1122 69 36 och
1063 1121 393 51 afvittringsarbetena

342 1170 191 37 äfvensom
560 1172 57 36 till
649 1172 376 51 arvodesförhöjning
1057 1176 38 33 åt
1133 1174 98 37 vissa
1258 1176 64 37 vid
1351 1183 98 30 stor-

341 1221 146 38 skiftes-
508 1223 69 36 och
603 1222 346 49 afvittringsverket
976 1225 182 37 anställde
1187 1227 220 47 tjenstemän
1426 1261 24 3 ..
1503 1217 20 61 —
1546 1232 169 42 170,600:
1743 1253 49 4 —

342 1339 492 41 Undervisningsanstalter
846 1342 59 33 för
913 1342 185 40 jordbruk
1109 1343 74 33 och
1194 1345 257 34 landtmanna-

408 1384 190 39 näringar.

211 1459 73 35 Till
312 1461 186 47 gäldande
533 1461 39 37 af
602 1461 142 38 Ultuna
764 1462 392 39 landtbruksinstituts
1185 1465 271 38 räntebärande

342 1512 108 35 [5458
425 1508 15 54 EG
457 1544 994 9 UR
1571 1520 144 42 80,000:
1744 1539 47 5 —

355 1628 268 40 Befrämjande
634 1629 14 33 i
660 1630 208 33 allmänhet
881 1630 37 33 af
924 1630 184 41 jordbruk
1120 1633 73 32 och
1204 1633 257 35 landtmanna-

406 1671 188 39 näringar.

209 1748 74 36 Till
310 1749 298 50 prisbelöningar
628 1752 63 37 vid
713 1753 188 37 allmänna
923 1753 347 38 landtbruksmöten
1290 1754 58 38 för
1368 1755 86 37 hus-

342 1800 94 48 djur,
463 1802 174 49 redskap,
667 1805 186 36 maskiner
881 1818 47 23 m.
958 1818 48 22 m.
1037 1838 92 3 ......
1250 1808 116 42 6,000:
1397 1826 48 6 —

234 1863 14 18 »
301 1851 78 37 dito
411 1853 60 35 vid
505 1854 275 48 täflingsmöten
813 1855 57 37 för
903 1856 227 50 gödboskap,

343 1911 109 38 smör,
480 1911 68 38 ost,
576 1906 91 36 fläsk
696 1907 68 36 och
793 1907 82 36 kött
905 1939 225 5 ..............
1250 1911 121 43 5,000:
1399 1930 47 4 —

210 1951 217 39 Understöd
454 1958 36 33 åt
511 1955 166 39 Svenska
697 1958 434 49 trädgårdsföreningens

343 2002 25 57 [2
366 2006 167 37 (ETF
538 2039 594 8 VN
1250 2014 120 43 4,500:
1398 2031 49 6 —

211 2054 72 37 För
311 2055 248 39 fortsättande
600 2059 39 36 af
668 2060 46 36 de
749 2061 218 47 geologiska
998 2062 133 36 under-

339 2108 249 48 sökningarne
617 2111 67 35 och
718 2112 57 35 till
813 2112 319 49 aflöningsförhöj-

344 2159 90 47 ning
453 2159 57 36 för
526 2160 71 36 den
613 2161 130 37 dervid
760 2163 184 36 anställda
960 2166 172 45 personal
1224 2167 145 44 69,100:
1396 2188 49 4 —
1573 2177 145 43 84,600:
1744 2198 50 6 —

1252 2233 203 50 Transport
1507 2237 209 43 4,048,295:
1745 2239 57 33 40.
