2151 2604
363 172 16 27 8
803 163 270 32 Stats-Utskottets
1106 161 165 29 Utlåtande
1297 160 56 29 N:o
1378 159 47 29 18.

323 270 60 24 om
407 253 341 53 jernvägsafgifter,
778 253 237 42 hamntaxor,
1044 246 319 50 kanalumgälder,
1382 242 345 55 byggnadsföretag
1746 243 59 37 för
1821 243 94 37 han-

320 310 105 37 delns
466 306 268 51 befrämjande,
775 301 306 46 införselförbud,
1127 300 143 37 städers
1310 299 241 37 kommunala
1591 296 323 51 angelägenheter,

320 361 224 38 marknader
572 359 85 37 med
684 371 101 24 mera
813 357 134 49 dylikt,
975 355 12 35 i
1008 354 124 37 stället
1160 352 119 37 skulle
1308 349 201 54 afgifvasaf
1524 348 392 50 Jernvägstrafiksty-

321 415 133 44 relsen,
484 412 190 51 Styrelsen
703 409 105 37 öfver
834 416 91 41 väg-
941 407 70 36 och
1031 404 360 50 vattenbyggnader,
1407 400 510 44 Öfverintendentsembetet,

322 464 447 50 General-tullstyrelsen,
800 458 408 49 Sundhetskollegium,
1236 453 472 45 Landtbruksakademien,
1725 452 194 37 städernas

323 516 400 50 kommunalstyrelser
751 514 70 36 och
849 510 281 38 vederbörande
1159 507 475 49 landshöfdingeembeten,
1670 511 50 30 att
1748 504 172 36 Utrikes-

324 571 297 49 departementet
661 567 121 36 skulle
823 564 148 47 besörja
998 561 165 49 Kollegii
1191 559 110 37 andel
1328 560 12 35 i
1368 558 315 49 skriftvexlingen
1712 556 85 37 med
1825 556 96 36 kon-

323 624 148 35 sulerne
512 621 70 36 och
622 616 309 40 handhafvandet
971 613 39 37 af
1046 614 176 47 anslagen
1251 612 78 36 dels
1357 612 60 35 till
1444 610 194 36 nödstäldt
1666 608 153 36 svenskt
1847 608 75 46 sjö-

323 673 94 44 folk,
445 673 79 35 dels
563 672 61 35 till
663 667 231 38 betäckande
928 665 39 37 af
990 666 99 35 vissa
1115 663 84 36 utaf
1223 664 245 35 konsulernes
1496 659 157 51 utgifter
1681 659 58 36 för
1767 658 157 37 svenska

323 724 233 45 undersåtar,
584 728 50 31 att
663 720 163 37 cirkulär
854 718 70 37 och
952 716 246 50 kungörelser
1226 714 191 50 angående
1443 710 105 53 fyrar
1563 713 69 36 och
1650 712 275 36 smittosamma

326 776 229 50 sjukdomar,
585 787 80 24 som
693 771 169 37 utfärdas
891 769 84 36 med
1004 768 202 47 anledning
1234 766 39 37 af
1297 766 245 36 konsulernes
1569 768 209 45 rapporter,
1804 762 121 36 skulle

326 829 171 35 utställas
525 826 39 37 af
588 823 484 49 Utrikes-departementet,
1090 824 95 32 samt
1200 825 51 29 att
1270 818 262 49 inspektionen
1550 815 104 37 öfver
1668 814 258 49 navigations-

327 881 177 36 skolorna
536 878 70 36 och
640 877 45 36 de
725 875 172 36 tekniska
938 872 176 37 skolorna
1142 871 119 36 skulle
1290 869 248 37 öfverlemnas
1567 872 37 31 åt
1632 866 181 37 särskilde
1841 864 85 36 der-

327 933 59 35 till
413 931 179 48 lämplige
620 940 190 38 personer.
866 924 286 48 Granskningen
1180 920 40 38 af
1236 922 254 48 ansökningar
1509 933 62 23 om
1587 924 96 31 samt
1698 916 229 49 beviljandet

328 984 70 36 och
440 980 243 39 utfärdandet
712 977 39 38 af
775 982 173 45 patenter
977 974 194 38 äfvensom
1200 973 45 37 de
1274 972 94 37 efter
1397 971 275 50 Bergskollegii
1701 968 226 49 indragning

330 1040 37 31 åt
393 1031 429 49 Kommers-kollegium
851 1026 248 39 anförtrodda
1126 1026 170 49 göromål
1324 1024 113 37 hafva
1464 1024 233 36 revisorerne
1713 1025 122 32 ansett
1849 1020 79 35 till-

330 1085 190 50 afventyrs
561 1083 170 38 erfordra
772 1095 43 23 en
856 1094 51 36 ny
934 1080 104 49 byrå,
1066 1078 153 36 hvilken
1246 1077 199 49 rätteligen
1475 1081 126 44 syntes
1628 1074 157 36 tillhöra
1811 1084 118 24 nuva-

331 1138 116 37 rande”
488 1136 430 48 Civil-departementet.
972 1131 112 35 Detta
1116 1129 252 36 revisorernes
1395 1127 154 48 förslag,
1579 1139 80 23 som
1698 1129 167 43 upptogs
1894 1121 39 36 af

331 1188 146 37 enskild
505 1188 188 35 motionär
720 1184 64 37 vid
815 1185 93 34 1871
939 1185 57 32 års
1024 1180 163 49 riksdag,
1217 1179 201 50 afstyrktes
1447 1178 39 36 af
1511 1176 210 37 dåvarande
1737 1173 193 39 Stats-Ut-

331 1241 103 36 skott
474 1237 83 49 (utl.
585 1251 60 23 n:o
681 1239 44 34 15
755 1235 167 49 punkten
952 1230 50 49 4),
1031 1240 88 28 enär
1147 1230 276 37 ofvanberörda
1450 1229 259 48 underdåniga
1736 1225 195 38 skrifvelse

333 1291 109 50 gåfve
471 1290 203 48 anledning
703 1293 146 43 antaga,
878 1291 55 31 att
960 1283 114 49 nådig
1088 1282 279 49 framställning
1381 1281 161 37 rörande
1557 1272 374 58 Kommers-kollegii

333 1343 228 49 indragning
575 1354 90 23 vore
681 1344 54 31 att
750 1339 103 35 inom
868 1338 86 35 kort
969 1335 184 36 förvänta.
1182 1334 55 36 Då
1253 1333 209 37 emellertid
1482 1327 450 54 departements-chefens

334 1394 205 37 anförande
578 1393 60 36 till
679 1387 415 51 statsrådsprotokollet
1133 1384 121 50 gifver
1281 1385 86 36 stöd
1395 1389 37 31 åt
1460 1390 53 31 ett
1541 1388 156 31 motsatt
1724 1379 211 49 antagande

335 1451 97 32 samt
459 1445 130 36 härtill
616 1444 170 35 kommer
815 1446 65 39 att,
909 1445 107 30 utom
1044 1436 275 37 ofvanberörda
1346 1436 143 48 förslag
1516 1449 61 22 om
1601 1431 334 40 åstadkommande

336 1497 39 37 af
412 1510 45 23 en
497 1510 51 35 ny
575 1492 391 51 bergsöfverstyrelse,
997 1503 61 22 om
1085 1488 204 36 förändrad
1319 1487 285 49 handläggning
1632 1484 38 37 af
1694 1488 241 46 patentären-

337 1549 95 36 dena
459 1552 96 32 samt
583 1559 61 23 om
672 1543 396 50 presidentsembetets
1095 1539 241 49 indragning,
1363 1539 187 36 motioner
1565 1536 126 37 blifvit
1706 1537 104 35 inom
1825 1533 109 36 Riks-

337 1600 120 49 dagen
497 1599 134 36 väckta
671 1596 79 35 dels
791 1608 61 23 om
880 1591 213 39 inrättande
1121 1589 39 38 af
1185 1596 53 31 ett
1265 1595 85 44 nytt
1379 1590 260 48 departement
1665 1587 61 36 för
1749 1585 187 50 jordbruk

338 1652 70 35 och
448 1647 381 43 kommunikationer,
871 1646 79 35 dels
991 1641 190 50 angående
1209 1642 248 48 upphörande
1486 1640 39 36 af
1548 1639 225 49 förlagslåns
1801 1637 135 36 utlem-

337 1702 123 36 nande
487 1700 83 37 från
599 1700 45 36 de
659 1697 120 37 under
793 1693 425 48 Kommers-kollegium
1238 1693 136 35 ställda
1405 1692 147 44 fonder,
1581 1703 108 37 synes
1716 1689 132 49 frågan
1877 1700 60 22 om

340 1754 104 35 detta
484 1750 255 38 embetsverks
781 1748 228 49 indragning
1049 1745 90 35 eller
1165 1743 228 36 förändrade
1422 1743 258 49 organisation
1708 1741 93 35 böra
1827 1745 111 43 göras

339 1805 59 35 till
437 1803 158 36 föremål
634 1801 61 36 för
726 1799 163 50 förnyad
917 1796 179 51 pröfning
1122 1794 60 36 för
1209 1800 55 31 att
1288 1795 188 48 snarligen
1503 1795 127 35 kunna
1656 1791 196 37 befordras
1878 1789 61 36 till

341 1869 44 23 en
413 1854 144 50 lycklig
583 1854 161 46 lösning,
774 1852 70 35 och
871 1849 110 36 torde
1010 1846 219 45 emellertid,
1245 1845 60 37 för
1334 1851 54 31 att
1403 1845 215 36 underlätta
1638 1844 123 36 denna
1776 1842 162 47 lösning,

342 1905 376 51 presidentsembetet
758 1904 92 35 böra
891 1901 118 36 hållas
1051 1899 145 35 obesatt
1230 1902 96 32 samt
1355 1897 170 36 embeten
1554 1896 70 36 och
1651 1896 158 47 tjenster
1835 1894 104 34 inom

341 1958 216 47 Kollegium
583 1955 235 37 fortfarande
851 1953 137 37 liksom
1023 1950 136 36 hittills
1187 1949 131 36 endast
1346 1952 47 45 på
1421 1947 257 37 förordnande
1707 1946 69 36 och
1801 1943 139 38 tillsvi-

344 2009 86 37 dare
469 2009 190 36 tillsättas.
712 2006 123 37 Jemte
877 2009 52 31 ett
970 2001 138 38 arvode
1145 2000 38 36 af
1209 2002 107 43 1,500
1344 1999 92 37 R:dr
1464 1998 39 37 af
1526 1996 415 38 manufakturdiskont-

343 2060 136 36 fonden
520 2067 40 28 är
587 2058 58 37 för
673 2071 44 23 en
749 2055 192 51 president
979 2058 9 32 å
1016 2052 369 48 Kommers-kollegii
1414 2055 72 31 stat
1514 2049 180 49 uppfördt
1721 2053 54 32 ett
1803 2047 137 47 belopp

344 2111 38 37 af
408 2113 109 43 7,500
544 2110 99 37 R:dr.
699 2109 127 47 Euligt
854 2106 97 37 hvad
982 2105 192 36 Utskottet
1201 2104 194 44 inhemtat,
1423 2103 66 35 har
1517 2101 70 36 den
1617 2099 206 47 afKollegii
1842 2097 100 36 leda-

344 2169 128 39 möter,
514 2175 77 23 som
630 2160 119 37 under
780 2159 101 36 förut
914 2155 224 37 omnämnda
1164 2155 162 47 ledighet
1353 2153 210 49 uppehållit
1592 2152 45 36 de
1667 2151 84 36 med
1779 2148 163 37 nämnda

346 2214 143 37 embete
517 2212 173 38 förenade
720 2210 174 51 göromål,
924 2207 124 37 härför
1075 2206 181 49 uppburit
1284 2219 44 22 en
1358 2204 161 37 särskild
1548 2204 207 45 ersättning
1776 2200 38 38 af
1836 2201 105 43 1,500

1742 2253 98 35 R:dr.
