2202 2628
380 160 20 29 4
800 159 406 34 Konstitutionsutskottets
1230 161 167 32 utlåtande
1421 163 53 32 Nr
1497 165 52 29 11.

380 250 81 35 från
490 250 112 35 andra
630 250 229 47 synpunkter
888 251 227 48 berättigade
1145 252 291 48 betänkligheter
1461 254 119 47 hysas.
1624 255 58 35 En
1702 255 103 47 dylik
1825 260 156 34 använd-

378 304 89 46 ning
505 316 43 24 av
578 305 186 45 söndagen
792 304 191 36 inkräktar
1012 308 46 44 på
1086 306 256 44 sabbatsvilan,
1374 320 81 23 vars
1484 320 97 34 gagn
1610 309 65 34 och
1705 309 233 48 behövlighet
1967 312 13 35 i

378 358 99 35 såväl
515 356 140 48 andligt
684 369 74 23 som
788 357 205 48 kroppsligt
1022 359 176 36 avseende
1228 365 59 30 äro
1316 360 148 36 allmänt
1492 361 170 36 erkända.
1720 362 19 34 I
1768 363 98 35 detta
1894 365 85 34 hän-

377 411 132 34 seende
537 410 65 36 vill
630 410 178 36 utskottet
838 411 90 36 först
956 412 119 36 erinra
1105 413 134 44 därom,
1270 416 54 33 att
1352 414 71 35 den
1452 414 181 36 allmänna
1662 415 278 49 lagstiftningen
1967 419 12 35 i

376 465 87 35 flera
506 465 202 35 avseenden
740 486 47 4 —
817 468 25 32 t.
881 478 55 23 ex.
978 465 372 50 riksdagsordningen
1380 468 21 46 8
1433 470 33 42 2,
1497 468 206 48 strafflagen
1733 470 83 47 kap.
1851 474 18 32 7
1902 473 21 46 &
1956 475 19 33 3

376 521 92 33 samt
496 519 320 36 bestämmelserna
845 532 56 23 om
930 523 505 45 rättegångssammanträden
1464 523 65 35 och
1551 522 218 37 fatalietider
1788 525 12 35 i
1821 538 157 33 process-

375 572 279 47 lagstiftningen
685 594 47 3 —
763 572 132 36 bereda
928 574 160 46 rättsligt
1116 575 119 46 skydd
1265 575 55 35 för
1349 576 265 46 söndagshelgd
1642 577 66 35 och
1738 579 237 46 söndagsvila.

376 625 210 46 Riksdagen
615 626 66 34 har
709 626 108 35 också
845 625 12 35 1
887 627 178 34 särskilda
1095 627 194 36 skrivelser
1318 640 43 23 av
1391 629 70 34 den
1492 631 46 32 27
1571 629 92 46 april
1696 632 96 33 1901
1821 633 67 34 och
1908 633 70 35 den

377 680 47 33 29
470 691 94 23 mars
610 681 100 32 1910
754 679 147 36 betonat
943 680 127 36 vikten
1106 693 43 23 av
1185 680 230 47 söndagsvila
1444 681 96 36 inom
1570 682 97 36 olika
1696 683 186 49 offentliga
1910 687 67 34 och

375 731 167 36 enskilda
570 732 432 37 verksamhetsområden.
1049 734 72 36 Det
1150 739 39 30 är
1216 734 66 36 ock
1303 735 54 35 för
1378 736 130 46 många
1528 736 234 48 medborgare
1781 737 13 35 i
1814 738 163 48 religiöst

375 786 177 35 avseende
581 787 164 42 sårande,
776 789 53 33 att
858 786 191 48 vilodagen
1077 788 140 35 alltmer
1246 791 112 33 måste
1388 790 184 35 användas
1601 790 56 35 för
1680 791 198 47 uppgifter,
1901 805 75 23 som

374 839 114 46 enligt
521 840 104 34 deras
654 839 237 48 uppfattning
920 846 60 30 äro
1009 840 223 36 främmande
1262 841 55 36 för
1345 841 210 48 vilodagens
1585 844 182 46 egentliga
1796 846 178 36 ändamål.

373 893 132 34 Denna
525 892 215 47 åskådning,
763 905 73 24 som
858 894 109 46 hyses
988 906 44 24 av
1053 906 44 23 en
1117 894 208 47 betydande
1340 896 60 34 del
1415 908 44 24 av
1476 898 79 34 vårt
1571 897 86 44 folk,
1676 909 107 35 synes
1798 899 178 37 utskottet

373 946 86 36 böra
487 946 109 37 såvitt
625 945 141 49 möjligt
793 947 239 47 respekteras.
1076 948 137 35 Härtill
1238 948 173 46 kommer,
1433 952 63 42 att,
1520 950 120 36 därest
1660 951 142 48 hänsyn
1822 952 31 49 ej
1875 956 101 45 tages

371 999 56 36 till
471 1012 44 23 en
558 1000 104 47 dylik
701 1000 214 48 åskådning,
947 1002 112 46 syftet
1095 1003 81 34 med
1205 1003 202 46 söndagens
1436 1004 237 47 användning
1702 1005 56 36 till
1788 1007 188 48 offentliga

372 1053 190 47 uppgifter
590 1053 141 36 kanske
761 1066 145 24 snarare
936 1055 204 36 motverkas
1170 1061 46 29 än
1244 1056 205 48 befrämjas.
1507 1058 118 35 Faran
1649 1059 112 35 härav
1781 1060 66 35 har
1866 1061 108 36 också

372 1106 130 36 insetts
541 1119 44 23 av
620 1107 242 46 lagstiftarne.
920 1108 188 35 Utskottet
1136 1108 139 36 erinrar
1302 1109 13 35 i
1344 1110 128 35 sådant
1502 1111 204 36 hänseende
1735 1124 55 23 om
1820 1114 155 36 föredra-

371 1160 116 46 gande
530 1160 421 46 departementschefens
994 1162 169 47 yttrande
1206 1162 56 35 till
1305 1163 60 35 det
1407 1165 367 46 statsrådsprotokoll,
1806 1178 74 25 som
1911 1181 64 23 var

371 1213 139 47 bifogat
552 1214 137 47 Kungl.
726 1214 126 48 Maj:ts
890 1215 224 46 proposition
1143 1228 44 22 nr
1218 1218 73 33 185
1322 1216 62 37 vid
1413 1217 159 36 sistlidet
1601 1221 57 32 års
1687 1219 161 48 riksdag.
1906 1222 67 35 Rö-

370 1268 112 34 rande
511 1267 129 46 frågan
669 1279 55 23 om
754 1267 192 36 införande
975 1281 43 23 av
1047 1281 45 22 en
1121 1269 207 47 ovillkorlig
1357 1270 189 36 föreskrift
1574 1272 134 43 därom,
1740 1275 53 33 att
1818 1274 43 35 de
1882 1275 92 35 ordi-

369 1319 101 36 narie
512 1320 431 36 kommunalstämmorna
986 1321 117 35 skulle
1145 1322 114 35 hållas
1295 1325 19 32 å
1348 1328 78 30 sön-
1456 1324 88 35 eller
1585 1324 197 48 helgdagar
1823 1327 150 36 anförde

369 1373 400 46 departementschefen
799 1373 173 48 följande:
1011 1375 233 36 »Emellertid
1273 1378 113 33 måste
1407 1377 161 44 beaktas,
1596 1380 52 33 att
1668 1379 141 47 hänsyn
1830 1381 141 36 härvid-

369 1427 58 47 lag
468 1427 64 36 bör
575 1430 102 44 tagas
719 1427 56 36 till
813 1428 103 36 deras
959 1427 146 46 åsikter,
1142 1441 73 23 som
1260 1430 99 35 finna
1401 1431 61 35 det
1498 1431 140 36 mindre
1667 1431 192 50 tillbörligt
1887 1435 86 36 eller

369 1481 166 36 stötande
578 1484 52 33 att
671 1482 117 35 under
830 1482 138 47 söndag
1010 1483 143 47 deltaga
1185 1483 12 35 i
1226 1483 365 38 kommunalstämma
1619 1486 67 35 och
1715 1490 62 41 att,
1809 1489 64 34 där
1902 1490 69 35 den

368 1535 180 35 allmänna
577 1534 252 47 åskådningen
859 1541 38 30 är
917 1536 122 43 sådan,
1072 1548 44 23 en
1147 1537 188 36 föreskrift
1364 1551 43 23 av
1436 1551 87 34 nyss
1553 1540 137 46 antydd
1719 1540 252 38 beskaffenhet

368 1587 123 35 kunde
520 1588 143 35 komma
692 1591 52 32 att
772 1588 114 36 verka
915 1592 199 32 motsatsen
1157 1589 54 35 till
1241 1590 68 36 vad
1351 1603 74 23 som
1456 1592 137 47 åsyftas
1627 1592 87 35 eller
1742 1596 52 33 ett
1822 1595 149 36 allmänt

368 1641 215 46 deltagande
602 1641 12 35 i
635 1641 240 36 kommunens
896 1642 314 47 angelägenheter.
1254 1644 70 46 Jag
1344 1656 105 23 anser
1469 1645 73 47 mig
1562 1645 121 36 därför
1702 1645 12 35 i
1736 1646 235 38 förevarande

368 1695 205 35 hänseende
602 1694 81 36 icke
710 1695 86 35 böra
825 1695 138 45 föreslå,
987 1698 52 33 att
1068 1708 82 23 man
1170 1699 64 44 går
1253 1696 135 48 längre,
1411 1703 46 30 än
1477 1701 53 33 att
1549 1701 36 33 åt
1604 1700 44 34 de
1667 1700 302 49 röstberättigade

366 1747 98 36 inom
485 1748 261 36 kommunerna
768 1751 56 33 må
845 1750 223 35 överlämnas
1088 1753 53 32 att
1161 1749 113 49 själva
1293 1751 209 46 bestämma,
1525 1752 180 37 huruvida
1726 1754 43 35 de
1789 1755 180 37 ordinarie

366 1805 220 32 stämmorna
606 1802 100 35 skola
726 1803 115 34 hållas
857 1805 20 32 å
892 1808 77 30 sön-
986 1804 68 34 och
1069 1804 196 46 helgdagar
1280 1805 87 35 eller
1381 1805 115 36 icke.»
1531 1805 125 48 Enligt
1675 1809 45 32 17
1738 1808 22 45 8
1776 1820 44 25 av
1835 1809 134 36 förord-

365 1854 138 47 ningen
523 1868 56 22 om
599 1855 362 48 kommunalstyrelse
982 1859 46 44 på
1047 1857 134 44 landet,
1204 1858 113 35 sådan
1337 1859 209 35 densamma
1565 1860 103 47 lyder
1684 1860 93 36 efter
1795 1864 98 34 1913
1912 1865 57 34 års

365 1908 226 48 lagändring,
610 1910 92 35 hava
717 1910 44 34 de
777 1909 225 37 kommunalt
1017 1910 301 48 röstberättigade
1334 1912 108 36 också
1453 1913 69 36 fått
1533 1914 219 46 befogenhet
1766 1918 52 33 att
1829 1916 140 37 besluta

366 1963 133 35 därom.
558 1962 125 48 Enligt
726 1976 44 22 en
813 1963 181 37 statistisk
1023 1965 227 47 redogörelse
1279 1977 74 24 som
1383 1967 152 36 kommit
1571 1967 179 36 utskottet
1778 1968 187 47 tillhanda,

366 2017 66 34 och
461 2029 109 24 varav
598 2017 132 46 utdrag
758 2018 66 35 här
852 2018 182 35 meddelas
1059 2021 115 33 såsom
1196 2019 129 47 bilaga,
1347 2020 66 36 har
1434 2022 61 34 det
1517 2020 62 37 vid
1601 2022 279 37 kommunernas
1912 2025 56 35 be-

365 2071 72 34 slut
479 2070 13 34 i
520 2071 118 35 denna
667 2071 102 46 fråga
798 2071 93 35 visat
928 2072 66 46 sig,
1027 2074 53 33 att
1108 2075 52 32 ett
1189 2075 249 45 övervägande
1467 2075 98 35 antal
1594 2075 216 36 kommuner
1838 2078 130 36 härvid

365 2123 197 47 föredragit
591 2124 245 46 söckendagar
864 2125 150 36 framför
1042 2126 188 46 söndagar.

470 2177 69 35 För
582 2178 69 34 den
694 2177 246 48 föreliggande
983 2179 128 46 frågan
1139 2180 93 35 hava
1262 2186 91 29 även
1382 2181 226 52 tillkomsten
1637 2195 44 24 av
1710 2184 169 45 gällande
1909 2184 56 36 be-

363 2231 223 34 stimmelser
627 2243 55 22 om
726 2230 397 48 landstingsmannaval
1166 2232 165 36 intresse.
1390 2234 54 35 År
1490 2237 99 33 1912
1636 2236 156 47 föreslog
1827 2238 137 46 Kungl.

364 2283 104 48 Maj:t
498 2284 123 35 valens
664 2284 234 47 förläggande
927 2284 57 36 till
1012 2286 148 47 söndag,
1192 2298 81 23 men
1302 2286 444 39 konstitutionsutskottet
1775 2291 189 47 avstyrkte
