1928 2846
548 182 388 32 Konstitutronsutskottets
958 181 161 31 utlåtande

1162 192 38 18 nr
1222 182 52 29 29.
1632 178 17 30 5

770 311 251 41 Förslag

874 375 56 31 till

462 450 138 33 ändrad
622 450 139 40 lydelse
785 459 42 23 av
852 452 21 40 &
897 449 40 32 73
959 447 384 42 riksdagsordningen.

333 537 207 32 Nuvarande
564 536 136 41 lydelse:

470 624 18 37 8
513 622 47 30 73.

189 689 48 32 På
269 699 127 21 samma
430 689 91 41 gång
554 688 60 32 och
643 688 42 42 på
708 687 73 31 lika
804 688 80 36 sätt,

147 743 71 21 som
253 730 222 43 fullmäktige
510 730 57 31 och
600 730 157 31 revisorer
784 729 101 39 enligt

147 773 198 41 föregående
369 774 55 30 två
446 774 45 40 $$
514 783 44 21 av
580 772 183 41 riksdagen
783 774 101 34 utses,

148 816 170 32 tillsättas
338 815 132 43 jämväl
493 816 226 41 suppleanter,
743 816 60 36 att,
827 813 59 32 vid

148 858 209 32 inträffande
390 858 117 31 förfall
540 858 52 31 för
624 857 83 37 dem,
742 856 100 32 träda
875 856 11 31 i

149 901 98 31 deras
271 900 110 38 ställe,
406 899 173 41 nämligen
602 899 53 31 för
678 899 38 32 de
740 909 42 20 av
798 898 87 31 riks-

149 943 108 41 dagen
281 942 103 31 valda
406 941 222 41 fullmäktige
650 940 13 32 i
678 939 209 33 riksbanken

148 987 62 36 tre,
245 985 51 30 för
318 983 219 42 fullmäktige
560 984 12 30 i
595 982 291 42 riksgäldskonto-

148 1029 53 29 ret
233 1025 164 32 likaledes
421 1028 51 29 tre
496 1025 57 31 och
574 1025 53 39 för
648 1025 91 39 varje
762 1026 56 30 års
840 1034 46 21 re-

148 1068 124 31 visorer
295 1078 64 21 sex.

194 1295 193 32 Stockholm
412 1294 63 33 den
500 1296 39 30 20
562 1293 65 43 maj
654 1295 90 30 1924.

1107 533 197 41 Föreslagen
1329 533 135 40 lydelse:

1242 620 19 37 8
1285 618 48 30 73.

962 685 48 32 På
1043 695 127 22 samma
1203 685 92 41 gång
1328 684 59 31 och
1411 684 43 42 på
1476 683 72 31 lika
1571 685 83 33 sätt,

920 739 70 21 som
1024 727 218 41 fullmäktige
1276 726 99 41 enligt
1396 727 22 40 $
1442 728 38 28 71
1504 736 41 20 av
1568 725 86 32 riks-

921 771 106 41 dagen
1058 773 100 34 utses,
1183 769 167 32 tillsättas
1371 767 128 44 jämväl
1523 768 132 41 supple-

921 816 105 35 anter,
1061 814 62 35 att,
1155 812 59 31 vid
1237 810 205 33 inträffande
1464 810 102 31 förfall
1604 810 52 31 för

922 856 83 37 dem,
1038 855 98 31 träda
1170 854 12 31 i
1215 854 96 32 deras
1345 853 108 37 ställe,
1486 853 168 41 nämligen

921 898 51 31 för
996 898 39 30 de
1058 908 42 20 av
1123 896 180 41 riksdagen
1326 895 100 32 valda
1439 894 217 41 fullmäktige

922 940 11 30 i
956 939 204 31 riksbanken
1183 941 52 28 tre
1259 938 56 30 och
1338 938 51 31 för
1411 936 244 41 fullmäktige
1635 932 23 51 i

922 980 329 43 riksgäldskontoret
1273 979 162 32 likaledes
1459 983 59 27 tre.

964 1023 70 31 För
1056 1023 92 39 varje
1172 1022 102 39 enligt
1296 1023 22 39 $
1343 1024 41 28 72
1405 1021 114 31 utsedd
1534 1021 122 30 revisor

923 1065 102 40 väljes
1058 1075 39 20 en
1124 1064 172 39 suppleant
1320 1066 48 28 att
1390 1063 54 30 vid
1466 1062 117 39 förfall
1606 1062 51 39 för

924 1107 114 31 honom
1072 1106 147 31 inträda.
1270 1105 64 31 Vid
1356 1105 118 39 förfall
1496 1104 54 39 för
1575 1104 81 30 både

923 1149 122 31 revisor
1071 1149 58 30 och
1164 1148 83 31 hans
1274 1147 170 40 suppleant
1468 1146 190 31 bestämmes

926 1192 114 39 övriga
1055 1191 232 39 suppleanters
1303 1189 219 40 tjänstgöring
1539 1199 39 19 av
1596 1188 58 30 den

925 1233 148 40 ordning,
1097 1233 12 30 i
1132 1232 106 31 vilken
1262 1232 36 31 de
1322 1232 91 31 blivit
1438 1231 106 31 valda.

570 1386 49 31 På
641 1384 436 33 konstitutionsutskottets
1101 1389 143 36 vägnar:

689 1477 183 34 VIKTOR
899 1475 224 34 LARSSON.

196 1728 194 28 Närvarande

154 1788 49 28 vid
228 1788 183 33 behandling
433 1797 35 19 av
491 1787 110 34 Kungl.
625 1786 103 35 Maj:ts
751 1787 183 34 proposition
957 1797 36 17 nr
1016 1788 73 26 149:

196 1847 101 28 herrar
329 1847 129 27 Larsson
491 1847 10 27 i
535 1846 148 35 Västerås,
708 1856 57 17 von
789 1845 112 34 Geijer,
931 1845 178 34 Strömberg,
1134 1844 37 27 K.
1196 1844 27 28 J.
1250 1844 143 30 Ekman",
1419 1843 179 34 Ljunggren,
1623 1843 36 26 G.

154 1889 47 28 W.
225 1889 151 34 Hansson,
400 1889 90 33 Dahl,
514 1888 144 35 Lyberg",
683 1888 120 34 Larsén,
827 1888 35 27 A.
887 1888 45 27 W.
955 1884 199 36 Johansson”,
1178 1886 33 27 P.
1235 1886 29 27 J.
1289 1885 187 33 Gustafsson,
1501 1884 160 35 Sävström,

154 1931 130 28 Jansson
307 1931 11 27 i
340 1931 186 33 Edsbäcken,
551 1927 107 36 Borg”,
682 1930 38 28 K.
744 1930 35 27 A.
797 1930 163 34 Westman,
981 1929 142 28 Karlsson
1139 1929 11 26 i
1166 1925 180 36 Vadstena”,
1365 1924 133 33 Sehlin”,
1517 1926 144 34 Sjöström

155 1972 56 28 och
234 1972 163 34 Björkman
420 1973 10 26 i
452 1972 199 33 Norrköping.

155 2049 50 27 vid
229 2048 182 33 behandling
434 2058 34 18 av
491 2049 154 26 motionen
667 2047 24 28 I:
707 2048 73 27 287:

198 2098 101 28 herrar
321 2098 127 28 Larsson
470 2099 11 27 i
503 2098 149 34 Västerås,
670 2108 57 17 von
744 2097 111 34 Geijer,
881 2097 179 33 Strömberg,
1084 2096 38 28 K.
1138 2096 28 28 J.
1184 2094 146 35 Ekman”,
1347 2095 119 34 Thulin,
1484 2094 179 33 Ljunggren,

156 2141 90 35 Dahl,
271 2137 146 39 Lyberg”,
441 2140 121 36 Larsén,
586 2141 34 27 A.
645 2140 46 28 W.
714 2136 202 39 Johansson”,
939 2139 34 28 P.
998 2139 27 28 J.
1044 2138 188 34 Gustafsson,
1257 2137 158 33 Sävström,
1439 2133 107 36 Borg”,
1570 2136 38 27 K.
1627 2136 34 26 A.

157 2183 163 35 Westman,
336 2183 185 34 Bäckström,
539 2182 164 29 Gustafson
719 2183 9 27 i
744 2179 204 37 Kasenberg",
965 2181 142 28 Karlsson
1123 2182 10 26 i
1149 2180 181 35 Vadstena”,
1348 2176 122 31 Sehlin”
1488 2178 53 28 och
1558 2178 105 34 Björk-

159 2235 69 18 man
251 2226 10 27 i
283 2225 200 34 Norrköping.

201 2310 13 14 +
234 2308 31 33 Ej
286 2307 161 26 närvarande
465 2307 45 25 vid
529 2307 161 26 utlåtandets
706 2307 140 33 justering.
