<?xml version="1.0" encoding="UTF-8"?>
<alto xmlns="http://www.loc.gov/standards/alto/ns-v3#" xmlns:xlink="http://www.w3.org/1999/xlink" xmlns:xsi="http://www.w3.org/2001/XMLSchema-instance" xsi:schemaLocation="http://www.loc.gov/standards/alto/ns-v3# http://www.loc.gov/alto/v3/alto-3-0.xsd">
	<Description>
		<MeasurementUnit>pixel</MeasurementUnit>
		<sourceImageInformation>
			<fileName>/tmp/tess_4_10azk1_input.PNG</fileName>
		</sourceImageInformation>
		<OCRProcessing ID="OCR_0">
			<ocrProcessingStep>
				<processingSoftware>
					<softwareName>tesseract 5.3.0</softwareName>
				</processingSoftware>
			</ocrProcessingStep>
		</OCRProcessing>
	</Description>
	<Layout>
		<Page WIDTH="1941" HEIGHT="2834" PHYSICAL_IMG_NR="0" ID="page_0">
			<PrintSpace HPOS="0" VPOS="0" WIDTH="1941" HEIGHT="2834">
				<ComposedBlock ID="cblock_0" HPOS="452" VPOS="175" WIDTH="1180" HEIGHT="45">
					<TextBlock ID="block_0" HPOS="452" VPOS="175" WIDTH="1180" HEIGHT="45">
						<TextLine ID="line_0" HPOS="452" VPOS="175" WIDTH="1180" HEIGHT="45">
							<String ID="string_0" HPOS="452" VPOS="175" WIDTH="387" HEIGHT="34" WC="0.91" CONTENT="Jordbruksutskottets"/><SP WIDTH="23" VPOS="175" HPOS="839"/>
							<String ID="string_1" HPOS="862" VPOS="181" WIDTH="176" HEIGHT="31" WC="0.96" CONTENT="utlåtande"/><SP WIDTH="22" VPOS="181" HPOS="1038"/>
							<String ID="string_2" HPOS="1060" VPOS="191" WIDTH="42" HEIGHT="21" WC="0.96" CONTENT="nr"/><SP WIDTH="21" VPOS="191" HPOS="1102"/>
							<String ID="string_3" HPOS="1123" VPOS="183" WIDTH="39" HEIGHT="30" WC="0.96" CONTENT="19"/><SP WIDTH="22" VPOS="183" HPOS="1162"/>
							<String ID="string_4" HPOS="1184" VPOS="183" WIDTH="40" HEIGHT="31" WC="0.96" CONTENT="år"/><SP WIDTH="22" VPOS="183" HPOS="1224"/>
							<String ID="string_5" HPOS="1246" VPOS="184" WIDTH="83" HEIGHT="31" WC="0.96" CONTENT="1968"/><SP WIDTH="286" VPOS="184" HPOS="1329"/>
							<String ID="string_6" HPOS="1615" VPOS="191" WIDTH="17" HEIGHT="29" WC="0.94" CONTENT="7"/>
						</TextLine>
					</TextBlock>
				</ComposedBlock>
				<ComposedBlock ID="cblock_1" HPOS="144" VPOS="252" WIDTH="1486" HEIGHT="1769">
					<TextBlock ID="block_1" HPOS="152" VPOS="252" WIDTH="1478" HEIGHT="582">
						<TextLine ID="line_1" HPOS="157" VPOS="252" WIDTH="1473" HEIGHT="56">
							<String ID="string_7" HPOS="157" VPOS="252" WIDTH="204" HEIGHT="40" WC="0.96" CONTENT="riksdagens"/><SP WIDTH="26" VPOS="252" HPOS="361"/>
							<String ID="string_8" HPOS="387" VPOS="256" WIDTH="154" HEIGHT="29" WC="0.96" CONTENT="uttalade"/><SP WIDTH="23" VPOS="256" HPOS="541"/>
							<String ID="string_9" HPOS="564" VPOS="257" WIDTH="221" HEIGHT="32" WC="0.96" CONTENT="intentioner."/><SP WIDTH="25" VPOS="257" HPOS="785"/>
							<String ID="string_10" HPOS="810" VPOS="260" WIDTH="175" HEIGHT="31" WC="0.96" CONTENT="Utskottet"/><SP WIDTH="22" VPOS="260" HPOS="985"/>
							<String ID="string_11" HPOS="1007" VPOS="263" WIDTH="221" HEIGHT="39" WC="0.96" CONTENT="ifrågasätter"/><SP WIDTH="26" VPOS="263" HPOS="1228"/>
							<String ID="string_12" HPOS="1254" VPOS="265" WIDTH="87" HEIGHT="30" WC="0.96" CONTENT="dock"/><SP WIDTH="25" VPOS="265" HPOS="1341"/>
							<String ID="string_13" HPOS="1366" VPOS="276" WIDTH="55" HEIGHT="20" WC="0.96" CONTENT="om"/><SP WIDTH="26" VPOS="276" HPOS="1421"/>
							<String ID="string_14" HPOS="1447" VPOS="270" WIDTH="47" HEIGHT="27" WC="0.96" CONTENT="ett"/><SP WIDTH="26" VPOS="270" HPOS="1494"/>
							<String ID="string_15" HPOS="1520" VPOS="269" WIDTH="110" HEIGHT="39" WC="0.95" CONTENT="dylikt"/>
						</TextLine>
						<TextLine ID="line_2" HPOS="157" VPOS="307" WIDTH="1472" HEIGHT="51">
							<String ID="string_16" HPOS="157" VPOS="307" WIDTH="193" HEIGHT="30" WC="0.96" CONTENT="samarbete"/><SP WIDTH="19" VPOS="307" HPOS="350"/>
							<String ID="string_17" HPOS="369" VPOS="309" WIDTH="265" HEIGHT="40" WC="0.95" CONTENT="nödvändigtvis"/><SP WIDTH="18" VPOS="309" HPOS="634"/>
							<String ID="string_18" HPOS="652" VPOS="312" WIDTH="148" HEIGHT="31" WC="0.96" CONTENT="behöver"/><SP WIDTH="18" VPOS="312" HPOS="800"/>
							<String ID="string_19" HPOS="818" VPOS="315" WIDTH="158" HEIGHT="30" WC="0.96" CONTENT="medföra"/><SP WIDTH="18" VPOS="315" HPOS="976"/>
							<String ID="string_20" HPOS="994" VPOS="325" WIDTH="40" HEIGHT="20" WC="0.96" CONTENT="en"/><SP WIDTH="19" VPOS="325" HPOS="1034"/>
							<String ID="string_21" HPOS="1053" VPOS="318" WIDTH="170" HEIGHT="40" WC="0.96" CONTENT="utökning"/><SP WIDTH="18" VPOS="318" HPOS="1223"/>
							<String ID="string_22" HPOS="1241" VPOS="328" WIDTH="41" HEIGHT="21" WC="0.93" CONTENT="av"/><SP WIDTH="18" VPOS="328" HPOS="1282"/>
							<String ID="string_23" HPOS="1300" VPOS="320" WIDTH="301" HEIGHT="32" WC="0.91" CONTENT="ledamotsantalet"/><SP WIDTH="18" VPOS="320" HPOS="1601"/>
							<String ID="string_24" HPOS="1619" VPOS="324" WIDTH="10" HEIGHT="28" WC="0.96" CONTENT="i"/>
						</TextLine>
						<TextLine ID="line_3" HPOS="156" VPOS="360" WIDTH="1473" HEIGHT="53">
							<String ID="string_25" HPOS="156" VPOS="360" WIDTH="186" HEIGHT="31" WC="0.95" CONTENT="nämnden."/><SP WIDTH="28" VPOS="360" HPOS="342"/>
							<String ID="string_26" HPOS="370" VPOS="362" WIDTH="102" HEIGHT="31" WC="0.96" CONTENT="Detta"/><SP WIDTH="27" VPOS="362" HPOS="472"/>
							<String ID="string_27" HPOS="499" VPOS="364" WIDTH="37" HEIGHT="29" WC="0.97" CONTENT="är"/><SP WIDTH="26" VPOS="364" HPOS="536"/>
							<String ID="string_28" HPOS="562" VPOS="364" WIDTH="39" HEIGHT="37" WC="0.96" CONTENT="ju"/><SP WIDTH="29" VPOS="364" HPOS="601"/>
							<String ID="string_29" HPOS="630" VPOS="366" WIDTH="107" HEIGHT="30" WC="0.96" CONTENT="redan"/><SP WIDTH="27" VPOS="366" HPOS="737"/>
							<String ID="string_30" HPOS="764" VPOS="367" WIDTH="106" HEIGHT="40" WC="0.93" CONTENT="enligt"/><SP WIDTH="26" VPOS="367" HPOS="870"/>
							<String ID="string_31" HPOS="896" VPOS="370" WIDTH="277" HEIGHT="39" WC="0.92" CONTENT="propositionens"/><SP WIDTH="27" VPOS="370" HPOS="1173"/>
							<String ID="string_32" HPOS="1200" VPOS="373" WIDTH="131" HEIGHT="40" WC="0.96" CONTENT="förslag"/><SP WIDTH="27" VPOS="373" HPOS="1331"/>
							<String ID="string_33" HPOS="1358" VPOS="375" WIDTH="271" HEIGHT="32" WC="0.96" CONTENT="förhållandevis"/>
						</TextLine>
						<TextLine ID="line_4" HPOS="156" VPOS="415" WIDTH="1473" HEIGHT="59">
							<String ID="string_34" HPOS="156" VPOS="416" WIDTH="96" HEIGHT="28" WC="0.96" CONTENT="stort."/><SP WIDTH="19" VPOS="416" HPOS="252"/>
							<String ID="string_35" HPOS="271" VPOS="415" WIDTH="116" HEIGHT="40" WC="0.96" CONTENT="Enligt"/><SP WIDTH="19" VPOS="415" HPOS="387"/>
							<String ID="string_36" HPOS="406" VPOS="418" WIDTH="187" HEIGHT="30" WC="0.95" CONTENT="utskottets"/><SP WIDTH="19" VPOS="418" HPOS="593"/>
							<String ID="string_37" HPOS="612" VPOS="420" WIDTH="142" HEIGHT="40" WC="0.96" CONTENT="mening"/><SP WIDTH="16" VPOS="420" HPOS="754"/>
							<String ID="string_38" HPOS="770" VPOS="422" WIDTH="98" HEIGHT="30" WC="0.96" CONTENT="torde"/><SP WIDTH="20" VPOS="422" HPOS="868"/>
							<String ID="string_39" HPOS="888" VPOS="423" WIDTH="104" HEIGHT="40" WC="0.96" CONTENT="syftet"/><SP WIDTH="18" VPOS="423" HPOS="992"/>
							<String ID="string_40" HPOS="1010" VPOS="425" WIDTH="77" HEIGHT="29" WC="0.96" CONTENT="med"/><SP WIDTH="18" VPOS="425" HPOS="1087"/>
							<String ID="string_41" HPOS="1105" VPOS="426" WIDTH="227" HEIGHT="31" WC="0.96" CONTENT="förevarande"/><SP WIDTH="19" VPOS="426" HPOS="1332"/>
							<String ID="string_42" HPOS="1351" VPOS="425" WIDTH="278" HEIGHT="49" WC="0.92" CONTENT="motionsyrkan-"/>
						</TextLine>
						<TextLine ID="line_5" HPOS="156" VPOS="468" WIDTH="1473" HEIGHT="53">
							<String ID="string_43" HPOS="156" VPOS="468" WIDTH="64" HEIGHT="29" WC="0.95" CONTENT="den"/><SP WIDTH="20" VPOS="468" HPOS="220"/>
							<String ID="string_44" HPOS="240" VPOS="469" WIDTH="199" HEIGHT="39" WC="0.95" CONTENT="tillgodoses"/><SP WIDTH="19" VPOS="469" HPOS="439"/>
							<String ID="string_45" HPOS="458" VPOS="480" WIDTH="55" HEIGHT="20" WC="0.96" CONTENT="om"/><SP WIDTH="19" VPOS="480" HPOS="513"/>
							<String ID="string_46" HPOS="532" VPOS="482" WIDTH="82" HEIGHT="20" WC="0.95" CONTENT="man"/><SP WIDTH="20" VPOS="482" HPOS="614"/>
							<String ID="string_47" HPOS="634" VPOS="474" WIDTH="126" HEIGHT="30" WC="0.95" CONTENT="anlitar"/><SP WIDTH="19" VPOS="474" HPOS="760"/>
							<String ID="string_48" HPOS="779" VPOS="475" WIDTH="66" HEIGHT="30" WC="0.96" CONTENT="den"/><SP WIDTH="17" VPOS="475" HPOS="845"/>
							<String ID="string_49" HPOS="862" VPOS="477" WIDTH="12" HEIGHT="29" WC="0.96" CONTENT="i"/><SP WIDTH="18" VPOS="477" HPOS="874"/>
							<String ID="string_50" HPOS="892" VPOS="478" WIDTH="258" HEIGHT="39" WC="0.96" CONTENT="propositionen"/><SP WIDTH="19" VPOS="478" HPOS="1150"/>
							<String ID="string_51" HPOS="1169" VPOS="480" WIDTH="198" HEIGHT="41" WC="0.96" CONTENT="föreslagna"/><SP WIDTH="18" VPOS="480" HPOS="1367"/>
							<String ID="string_52" HPOS="1385" VPOS="484" WIDTH="160" HEIGHT="29" WC="0.96" CONTENT="metoden"/><SP WIDTH="20" VPOS="484" HPOS="1545"/>
							<String ID="string_53" HPOS="1565" VPOS="486" WIDTH="64" HEIGHT="28" WC="0.96" CONTENT="och"/>
						</TextLine>
						<TextLine ID="line_6" HPOS="154" VPOS="522" WIDTH="1475" HEIGHT="53">
							<String ID="string_54" HPOS="154" VPOS="522" WIDTH="10" HEIGHT="29" WC="0.96" CONTENT="i"/><SP WIDTH="24" VPOS="522" HPOS="164"/>
							<String ID="string_55" HPOS="188" VPOS="522" WIDTH="92" HEIGHT="30" WC="0.96" CONTENT="detta"/><SP WIDTH="23" VPOS="522" HPOS="280"/>
							<String ID="string_56" HPOS="303" VPOS="523" WIDTH="62" HEIGHT="30" WC="0.96" CONTENT="fall"/><SP WIDTH="23" VPOS="523" HPOS="365"/>
							<String ID="string_57" HPOS="388" VPOS="524" WIDTH="86" HEIGHT="30" WC="0.92" CONTENT="låter"/><SP WIDTH="22" VPOS="524" HPOS="474"/>
							<String ID="string_58" HPOS="496" VPOS="526" WIDTH="358" HEIGHT="42" WC="0.90" CONTENT="lantbruksstyrelsen"/><SP WIDTH="22" VPOS="526" HPOS="854"/>
							<String ID="string_59" HPOS="876" VPOS="534" WIDTH="253" HEIGHT="36" WC="0.96" CONTENT="representeras"/><SP WIDTH="24" VPOS="534" HPOS="1129"/>
							<String ID="string_60" HPOS="1153" VPOS="543" WIDTH="41" HEIGHT="21" WC="0.95" CONTENT="av"/><SP WIDTH="23" VPOS="543" HPOS="1194"/>
							<String ID="string_61" HPOS="1217" VPOS="544" WIDTH="41" HEIGHT="20" WC="0.95" CONTENT="en"/><SP WIDTH="24" VPOS="544" HPOS="1258"/>
							<String ID="string_62" HPOS="1282" VPOS="539" WIDTH="118" HEIGHT="36" WC="0.96" CONTENT="expert"/><SP WIDTH="22" VPOS="539" HPOS="1400"/>
							<String ID="string_63" HPOS="1422" VPOS="537" WIDTH="62" HEIGHT="30" WC="0.93" CONTENT="hos"/><SP WIDTH="24" VPOS="537" HPOS="1484"/>
							<String ID="string_64" HPOS="1508" VPOS="539" WIDTH="121" HEIGHT="28" WC="0.92" CONTENT="nämn-"/>
						</TextLine>
						<TextLine ID="line_7" HPOS="155" VPOS="576" WIDTH="1473" HEIGHT="55">
							<String ID="string_65" HPOS="155" VPOS="576" WIDTH="76" HEIGHT="30" WC="0.96" CONTENT="den."/><SP WIDTH="18" VPOS="576" HPOS="231"/>
							<String ID="string_66" HPOS="249" VPOS="577" WIDTH="176" HEIGHT="31" WC="0.96" CONTENT="Utskottet"/><SP WIDTH="19" VPOS="577" HPOS="425"/>
							<String ID="string_67" HPOS="444" VPOS="579" WIDTH="204" HEIGHT="31" WC="0.96" CONTENT="förutsätter"/><SP WIDTH="19" VPOS="579" HPOS="648"/>
							<String ID="string_68" HPOS="667" VPOS="584" WIDTH="49" HEIGHT="27" WC="0.96" CONTENT="att"/><SP WIDTH="19" VPOS="584" HPOS="716"/>
							<String ID="string_69" HPOS="735" VPOS="583" WIDTH="176" HEIGHT="31" WC="0.96" CONTENT="nämnden"/><SP WIDTH="17" VPOS="583" HPOS="911"/>
							<String ID="string_70" HPOS="928" VPOS="586" WIDTH="11" HEIGHT="29" WC="0.96" CONTENT="i"/><SP WIDTH="20" VPOS="586" HPOS="939"/>
							<String ID="string_71" HPOS="959" VPOS="586" WIDTH="66" HEIGHT="29" WC="0.96" CONTENT="alla"/><SP WIDTH="19" VPOS="586" HPOS="1025"/>
							<String ID="string_72" HPOS="1044" VPOS="587" WIDTH="39" HEIGHT="29" WC="0.96" CONTENT="de"/><SP WIDTH="18" VPOS="587" HPOS="1083"/>
							<String ID="string_73" HPOS="1101" VPOS="587" WIDTH="71" HEIGHT="35" WC="0.96" CONTENT="fall,"/><SP WIDTH="21" VPOS="587" HPOS="1172"/>
							<String ID="string_74" HPOS="1193" VPOS="588" WIDTH="43" HEIGHT="30" WC="0.96" CONTENT="då"/><SP WIDTH="19" VPOS="588" HPOS="1236"/>
							<String ID="string_75" HPOS="1255" VPOS="590" WIDTH="373" HEIGHT="41" WC="0.90" CONTENT="lantbruksstyrelsens"/>
						</TextLine>
						<TextLine ID="line_8" HPOS="152" VPOS="631" WIDTH="1476" HEIGHT="54">
							<String ID="string_76" HPOS="152" VPOS="631" WIDTH="224" HEIGHT="30" WC="0.95" CONTENT="verksamhet"/><SP WIDTH="22" VPOS="631" HPOS="376"/>
							<String ID="string_77" HPOS="398" VPOS="633" WIDTH="11" HEIGHT="28" WC="0.96" CONTENT="i"/><SP WIDTH="23" VPOS="633" HPOS="409"/>
							<String ID="string_78" HPOS="432" VPOS="642" WIDTH="47" HEIGHT="19" WC="0.96" CONTENT="nu"/><SP WIDTH="23" VPOS="642" HPOS="479"/>
							<String ID="string_79" HPOS="502" VPOS="634" WIDTH="227" HEIGHT="31" WC="0.96" CONTENT="förevarande"/><SP WIDTH="24" VPOS="634" HPOS="729"/>
							<String ID="string_80" HPOS="753" VPOS="638" WIDTH="168" HEIGHT="29" WC="0.90" CONTENT="avseende"/><SP WIDTH="22" VPOS="638" HPOS="921"/>
							<String ID="string_81" HPOS="943" VPOS="639" WIDTH="126" HEIGHT="36" WC="0.96" CONTENT="berörs,"/><SP WIDTH="25" VPOS="639" HPOS="1069"/>
							<String ID="string_82" HPOS="1094" VPOS="642" WIDTH="104" HEIGHT="29" WC="0.96" CONTENT="också"/><SP WIDTH="22" VPOS="642" HPOS="1198"/>
							<String ID="string_83" HPOS="1220" VPOS="643" WIDTH="158" HEIGHT="30" WC="0.96" CONTENT="kommer"/><SP WIDTH="23" VPOS="643" HPOS="1378"/>
							<String ID="string_84" HPOS="1401" VPOS="647" WIDTH="49" HEIGHT="27" WC="0.96" CONTENT="att"/><SP WIDTH="23" VPOS="647" HPOS="1450"/>
							<String ID="string_85" HPOS="1473" VPOS="647" WIDTH="155" HEIGHT="38" WC="0.96" CONTENT="utnyttja"/>
						</TextLine>
						<TextLine ID="line_9" HPOS="154" VPOS="684" WIDTH="1474" HEIGHT="48">
							<String ID="string_86" HPOS="154" VPOS="684" WIDTH="114" HEIGHT="30" WC="0.96" CONTENT="denna"/><SP WIDTH="19" VPOS="684" HPOS="268"/>
							<String ID="string_87" HPOS="287" VPOS="685" WIDTH="194" HEIGHT="40" WC="0.96" CONTENT="möjlighet."/><SP WIDTH="24" VPOS="685" HPOS="481"/>
							<String ID="string_88" HPOS="505" VPOS="687" WIDTH="12" HEIGHT="29" WC="0.96" CONTENT="I"/><SP WIDTH="23" VPOS="687" HPOS="517"/>
							<String ID="string_89" HPOS="540" VPOS="697" WIDTH="46" HEIGHT="19" WC="0.95" CONTENT="nu"/><SP WIDTH="24" VPOS="697" HPOS="586"/>
							<String ID="string_90" HPOS="610" VPOS="689" WIDTH="146" HEIGHT="39" WC="0.95" CONTENT="angiven"/><SP WIDTH="22" VPOS="689" HPOS="756"/>
							<String ID="string_91" HPOS="778" VPOS="692" WIDTH="243" HEIGHT="40" WC="0.95" CONTENT="utsträckning"/><SP WIDTH="21" VPOS="692" HPOS="1021"/>
							<String ID="string_92" HPOS="1042" VPOS="694" WIDTH="37" HEIGHT="29" WC="0.96" CONTENT="är"/><SP WIDTH="23" VPOS="694" HPOS="1079"/>
							<String ID="string_93" HPOS="1102" VPOS="695" WIDTH="131" HEIGHT="30" WC="0.96" CONTENT="således"/><SP WIDTH="23" VPOS="695" HPOS="1233"/>
							<String ID="string_94" HPOS="1256" VPOS="698" WIDTH="169" HEIGHT="30" WC="0.96" CONTENT="utskottet"/><SP WIDTH="21" VPOS="698" HPOS="1425"/>
							<String ID="string_95" HPOS="1446" VPOS="699" WIDTH="110" HEIGHT="30" WC="0.96" CONTENT="berett"/><SP WIDTH="23" VPOS="699" HPOS="1556"/>
							<String ID="string_96" HPOS="1579" VPOS="702" WIDTH="49" HEIGHT="27" WC="0.96" CONTENT="att"/>
						</TextLine>
						<TextLine ID="line_10" HPOS="155" VPOS="738" WIDTH="1473" HEIGHT="51">
							<String ID="string_97" HPOS="155" VPOS="738" WIDTH="209" HEIGHT="39" WC="0.92" CONTENT="tillmötesgå"/><SP WIDTH="20" VPOS="738" HPOS="364"/>
							<String ID="string_98" HPOS="384" VPOS="740" WIDTH="269" HEIGHT="32" WC="0.95" CONTENT="motionärerna."/><SP WIDTH="21" VPOS="740" HPOS="653"/>
							<String ID="string_99" HPOS="674" VPOS="743" WIDTH="175" HEIGHT="31" WC="0.96" CONTENT="Utskottet"/><SP WIDTH="22" VPOS="743" HPOS="849"/>
							<String ID="string_100" HPOS="871" VPOS="746" WIDTH="199" HEIGHT="31" WC="0.96" CONTENT="hemställer"/><SP WIDTH="22" VPOS="746" HPOS="1070"/>
							<String ID="string_101" HPOS="1092" VPOS="751" WIDTH="48" HEIGHT="27" WC="0.96" CONTENT="att"/><SP WIDTH="21" VPOS="751" HPOS="1140"/>
							<String ID="string_102" HPOS="1161" VPOS="748" WIDTH="185" HEIGHT="41" WC="0.95" CONTENT="riksdagen"/><SP WIDTH="23" VPOS="748" HPOS="1346"/>
							<String ID="string_103" HPOS="1369" VPOS="753" WIDTH="9" HEIGHT="29" WC="0.95" CONTENT="i"/><SP WIDTH="22" VPOS="753" HPOS="1378"/>
							<String ID="string_104" HPOS="1400" VPOS="752" WIDTH="228" HEIGHT="31" WC="0.96" CONTENT="förevarande"/>
						</TextLine>
						<TextLine ID="line_11" HPOS="153" VPOS="791" WIDTH="1147" HEIGHT="43">
							<String ID="string_105" HPOS="153" VPOS="791" WIDTH="99" HEIGHT="39" WC="0.96" CONTENT="fråga"/><SP WIDTH="16" VPOS="791" HPOS="252"/>
							<String ID="string_106" HPOS="268" VPOS="801" WIDTH="72" HEIGHT="20" WC="0.96" CONTENT="som"/><SP WIDTH="16" VPOS="801" HPOS="340"/>
							<String ID="string_107" HPOS="356" VPOS="793" WIDTH="53" HEIGHT="29" WC="0.96" CONTENT="sin"/><SP WIDTH="15" VPOS="793" HPOS="409"/>
							<String ID="string_108" HPOS="424" VPOS="794" WIDTH="141" HEIGHT="40" WC="0.96" CONTENT="mening"/><SP WIDTH="15" VPOS="794" HPOS="565"/>
							<String ID="string_109" HPOS="580" VPOS="804" WIDTH="56" HEIGHT="30" WC="0.96" CONTENT="ger"/><SP WIDTH="15" VPOS="804" HPOS="636"/>
							<String ID="string_110" HPOS="651" VPOS="797" WIDTH="51" HEIGHT="29" WC="0.96" CONTENT="till"/><SP WIDTH="15" VPOS="797" HPOS="702"/>
							<String ID="string_111" HPOS="717" VPOS="798" WIDTH="117" HEIGHT="29" WC="0.96" CONTENT="känna"/><SP WIDTH="15" VPOS="798" HPOS="834"/>
							<String ID="string_112" HPOS="849" VPOS="800" WIDTH="65" HEIGHT="29" WC="0.96" CONTENT="vad"/><SP WIDTH="15" VPOS="800" HPOS="914"/>
							<String ID="string_113" HPOS="929" VPOS="800" WIDTH="167" HEIGHT="31" WC="0.95" CONTENT="utskottet"/><SP WIDTH="15" VPOS="800" HPOS="1096"/>
							<String ID="string_114" HPOS="1111" VPOS="811" WIDTH="47" HEIGHT="21" WC="0.96" CONTENT="nu"/><SP WIDTH="15" VPOS="811" HPOS="1158"/>
							<String ID="string_115" HPOS="1173" VPOS="804" WIDTH="127" HEIGHT="29" WC="0.95" CONTENT="anfört."/>
						</TextLine>
					</TextBlock>
					<TextBlock ID="block_2" HPOS="147" VPOS="846" WIDTH="1481" HEIGHT="637">
						<TextLine ID="line_12" HPOS="192" VPOS="846" WIDTH="1434" HEIGHT="54">
							<String ID="string_116" HPOS="192" VPOS="846" WIDTH="58" HEIGHT="28" WC="0.95" CONTENT="Ett"/><SP WIDTH="22" VPOS="846" HPOS="250"/>
							<String ID="string_117" HPOS="272" VPOS="856" WIDTH="40" HEIGHT="19" WC="0.93" CONTENT="av"/><SP WIDTH="21" VPOS="856" HPOS="312"/>
							<String ID="string_118" HPOS="333" VPOS="848" WIDTH="459" HEIGHT="42" WC="0.91" CONTENT="naturresursutredningen"/><SP WIDTH="22" VPOS="848" HPOS="792"/>
							<String ID="string_119" HPOS="814" VPOS="853" WIDTH="162" HEIGHT="40" WC="0.96" CONTENT="framlagt"/><SP WIDTH="21" VPOS="853" HPOS="976"/>
							<String ID="string_120" HPOS="997" VPOS="855" WIDTH="130" HEIGHT="40" WC="0.95" CONTENT="förslag"/><SP WIDTH="20" VPOS="855" HPOS="1127"/>
							<String ID="string_121" HPOS="1147" VPOS="859" WIDTH="49" HEIGHT="27" WC="0.96" CONTENT="att"/><SP WIDTH="23" VPOS="859" HPOS="1196"/>
							<String ID="string_122" HPOS="1219" VPOS="859" WIDTH="121" HEIGHT="29" WC="0.92" CONTENT="utreda"/><SP WIDTH="22" VPOS="859" HPOS="1340"/>
							<String ID="string_123" HPOS="1362" VPOS="860" WIDTH="264" HEIGHT="40" WC="0.91" CONTENT="förutsättning-"/>
						</TextLine>
						<TextLine ID="line_13" HPOS="149" VPOS="900" WIDTH="1479" HEIGHT="54">
							<String ID="string_124" HPOS="149" VPOS="908" WIDTH="85" HEIGHT="20" WC="0.95" CONTENT="arna"/><SP WIDTH="23" VPOS="908" HPOS="234"/>
							<String ID="string_125" HPOS="257" VPOS="900" WIDTH="54" HEIGHT="29" WC="0.95" CONTENT="för"/><SP WIDTH="23" VPOS="900" HPOS="311"/>
							<String ID="string_126" HPOS="334" VPOS="910" WIDTH="42" HEIGHT="20" WC="0.93" CONTENT="en"/><SP WIDTH="24" VPOS="910" HPOS="376"/>
							<String ID="string_127" HPOS="400" VPOS="902" WIDTH="227" HEIGHT="41" WC="0.90" CONTENT="lokalmässig"/><SP WIDTH="23" VPOS="902" HPOS="627"/>
							<String ID="string_128" HPOS="650" VPOS="906" WIDTH="225" HEIGHT="40" WC="0.95" CONTENT="samordning"/><SP WIDTH="23" VPOS="906" HPOS="875"/>
							<String ID="string_129" HPOS="898" VPOS="917" WIDTH="42" HEIGHT="20" WC="0.93" CONTENT="av"/><SP WIDTH="21" VPOS="917" HPOS="940"/>
							<String ID="string_130" HPOS="961" VPOS="909" WIDTH="347" HEIGHT="32" WC="0.89" CONTENT="naturvårdsverkets"/><SP WIDTH="25" VPOS="909" HPOS="1308"/>
							<String ID="string_131" HPOS="1333" VPOS="913" WIDTH="295" HEIGHT="41" WC="0.90" CONTENT="undersöknings-"/>
						</TextLine>
						<TextLine ID="line_14" HPOS="148" VPOS="953" WIDTH="1479" HEIGHT="45">
							<String ID="string_132" HPOS="148" VPOS="953" WIDTH="259" HEIGHT="36" WC="0.95" CONTENT="laboratorium,"/><SP WIDTH="46" VPOS="953" HPOS="407"/>
							<String ID="string_133" HPOS="453" VPOS="956" WIDTH="313" HEIGHT="41" WC="0.91" CONTENT="fiskeristyrelsens"/><SP WIDTH="46" VPOS="956" HPOS="766"/>
							<String ID="string_134" HPOS="812" VPOS="961" WIDTH="440" HEIGHT="33" WC="0.89" CONTENT="sötvattenslaboratorium"/><SP WIDTH="46" VPOS="961" HPOS="1252"/>
							<String ID="string_135" HPOS="1298" VPOS="967" WIDTH="63" HEIGHT="29" WC="0.95" CONTENT="och"/><SP WIDTH="44" VPOS="967" HPOS="1361"/>
							<String ID="string_136" HPOS="1405" VPOS="968" WIDTH="222" HEIGHT="30" WC="0.87" CONTENT="laboratoriet"/>
						</TextLine>
						<TextLine ID="line_15" HPOS="147" VPOS="1007" WIDTH="1479" HEIGHT="52">
							<String ID="string_137" HPOS="147" VPOS="1007" WIDTH="56" HEIGHT="28" WC="0.96" CONTENT="vid"/><SP WIDTH="36" VPOS="1007" HPOS="203"/>
							<String ID="string_138" HPOS="239" VPOS="1007" WIDTH="176" HEIGHT="30" WC="0.24" CONTENT="Institutet"/><SP WIDTH="36" VPOS="1007" HPOS="415"/>
							<String ID="string_139" HPOS="451" VPOS="1010" WIDTH="54" HEIGHT="29" WC="0.93" CONTENT="för"/><SP WIDTH="35" VPOS="1010" HPOS="505"/>
							<String ID="string_140" HPOS="540" VPOS="1012" WIDTH="132" HEIGHT="28" WC="0.92" CONTENT="vatten-"/><SP WIDTH="35" VPOS="1012" HPOS="672"/>
							<String ID="string_141" HPOS="707" VPOS="1013" WIDTH="64" HEIGHT="28" WC="0.96" CONTENT="och"/><SP WIDTH="36" VPOS="1013" HPOS="771"/>
							<String ID="string_142" HPOS="807" VPOS="1014" WIDTH="357" HEIGHT="42" WC="0.91" CONTENT="luftvårdsforskning"/><SP WIDTH="34" VPOS="1014" HPOS="1164"/>
							<String ID="string_143" HPOS="1198" VPOS="1018" WIDTH="64" HEIGHT="29" WC="0.92" CONTENT="har"/><SP WIDTH="36" VPOS="1018" HPOS="1262"/>
							<String ID="string_144" HPOS="1298" VPOS="1021" WIDTH="175" HEIGHT="38" WC="0.92" CONTENT="avstyrkts"/><SP WIDTH="37" VPOS="1021" HPOS="1473"/>
							<String ID="string_145" HPOS="1510" VPOS="1031" WIDTH="40" HEIGHT="20" WC="0.96" CONTENT="av"/><SP WIDTH="36" VPOS="1031" HPOS="1550"/>
							<String ID="string_146" HPOS="1586" VPOS="1022" WIDTH="40" HEIGHT="29" WC="0.96" CONTENT="de"/>
						</TextLine>
						<TextLine ID="line_16" HPOS="147" VPOS="1060" WIDTH="1479" HEIGHT="53">
							<String ID="string_147" HPOS="147" VPOS="1060" WIDTH="90" HEIGHT="30" WC="0.87" CONTENT="båda"/><SP WIDTH="30" VPOS="1060" HPOS="237"/>
							<String ID="string_148" HPOS="267" VPOS="1062" WIDTH="290" HEIGHT="39" WC="0.96" CONTENT="myndigheterna"/><SP WIDTH="31" VPOS="1062" HPOS="557"/>
							<String ID="string_149" HPOS="588" VPOS="1074" WIDTH="88" HEIGHT="31" WC="0.95" CONTENT="resp."/><SP WIDTH="34" VPOS="1074" HPOS="676"/>
							<String ID="string_150" HPOS="710" VPOS="1067" WIDTH="168" HEIGHT="38" WC="0.96" CONTENT="styrelsen"/><SP WIDTH="31" VPOS="1067" HPOS="878"/>
							<String ID="string_151" HPOS="909" VPOS="1068" WIDTH="54" HEIGHT="31" WC="0.96" CONTENT="för"/><SP WIDTH="29" VPOS="1068" HPOS="963"/>
							<String ID="string_152" HPOS="992" VPOS="1069" WIDTH="183" HEIGHT="32" WC="0.96" CONTENT="institutet."/><SP WIDTH="32" VPOS="1069" HPOS="1175"/>
							<String ID="string_153" HPOS="1207" VPOS="1072" WIDTH="115" HEIGHT="39" WC="0.93" CONTENT="Enligt"/><SP WIDTH="34" VPOS="1072" HPOS="1322"/>
							<String ID="string_154" HPOS="1356" VPOS="1074" WIDTH="270" HEIGHT="39" WC="0.91" CONTENT="departements-"/>
						</TextLine>
						<TextLine ID="line_17" HPOS="147" VPOS="1115" WIDTH="1479" HEIGHT="54">
							<String ID="string_155" HPOS="147" VPOS="1115" WIDTH="143" HEIGHT="30" WC="0.96" CONTENT="chefens"/><SP WIDTH="23" VPOS="1115" HPOS="290"/>
							<String ID="string_156" HPOS="313" VPOS="1117" WIDTH="141" HEIGHT="38" WC="0.96" CONTENT="mening"/><SP WIDTH="23" VPOS="1117" HPOS="454"/>
							<String ID="string_157" HPOS="477" VPOS="1117" WIDTH="124" HEIGHT="32" WC="0.93" CONTENT="kräver"/><SP WIDTH="23" VPOS="1117" HPOS="601"/>
							<String ID="string_158" HPOS="624" VPOS="1119" WIDTH="219" HEIGHT="41" WC="0.91" CONTENT="lokalfrågan"/><SP WIDTH="24" VPOS="1119" HPOS="843"/>
							<String ID="string_159" HPOS="867" VPOS="1122" WIDTH="54" HEIGHT="29" WC="0.96" CONTENT="för"/><SP WIDTH="22" VPOS="1122" HPOS="921"/>
							<String ID="string_160" HPOS="943" VPOS="1122" WIDTH="40" HEIGHT="29" WC="0.97" CONTENT="de"/><SP WIDTH="23" VPOS="1122" HPOS="983"/>
							<String ID="string_161" HPOS="1006" VPOS="1123" WIDTH="89" HEIGHT="30" WC="0.96" CONTENT="båda"/><SP WIDTH="24" VPOS="1123" HPOS="1095"/>
							<String ID="string_162" HPOS="1119" VPOS="1125" WIDTH="138" HEIGHT="39" WC="0.96" CONTENT="statliga"/><SP WIDTH="24" VPOS="1125" HPOS="1257"/>
							<String ID="string_163" HPOS="1281" VPOS="1127" WIDTH="272" HEIGHT="31" WC="0.93" CONTENT="laboratorierna"/><SP WIDTH="23" VPOS="1127" HPOS="1553"/>
							<String ID="string_164" HPOS="1576" VPOS="1132" WIDTH="50" HEIGHT="37" WC="0.92" CONTENT="yt-"/>
						</TextLine>
						<TextLine ID="line_18" HPOS="148" VPOS="1169" WIDTH="1478" HEIGHT="52">
							<String ID="string_165" HPOS="148" VPOS="1169" WIDTH="159" HEIGHT="38" WC="0.88" CONTENT="terligare"/><SP WIDTH="21" VPOS="1169" HPOS="307"/>
							<String ID="string_166" HPOS="328" VPOS="1170" WIDTH="271" HEIGHT="40" WC="0.96" CONTENT="överväganden,"/><SP WIDTH="21" VPOS="1170" HPOS="599"/>
							<String ID="string_167" HPOS="620" VPOS="1173" WIDTH="118" HEIGHT="30" WC="0.96" CONTENT="varför"/><SP WIDTH="19" VPOS="1173" HPOS="738"/>
							<String ID="string_168" HPOS="757" VPOS="1174" WIDTH="70" HEIGHT="29" WC="0.96" CONTENT="han"/><SP WIDTH="20" VPOS="1174" HPOS="827"/>
							<String ID="string_169" HPOS="847" VPOS="1175" WIDTH="71" HEIGHT="30" WC="0.95" CONTENT="inte"/><SP WIDTH="19" VPOS="1175" HPOS="918"/>
							<String ID="string_170" HPOS="937" VPOS="1176" WIDTH="36" HEIGHT="29" WC="0.96" CONTENT="är"/><SP WIDTH="20" VPOS="1176" HPOS="973"/>
							<String ID="string_171" HPOS="993" VPOS="1176" WIDTH="128" HEIGHT="31" WC="0.96" CONTENT="beredd"/><SP WIDTH="20" VPOS="1176" HPOS="1121"/>
							<String ID="string_172" HPOS="1141" VPOS="1179" WIDTH="49" HEIGHT="29" WC="0.97" CONTENT="att"/><SP WIDTH="20" VPOS="1179" HPOS="1190"/>
							<String ID="string_173" HPOS="1210" VPOS="1189" WIDTH="47" HEIGHT="19" WC="0.97" CONTENT="nu"/><SP WIDTH="22" VPOS="1189" HPOS="1257"/>
							<String ID="string_174" HPOS="1279" VPOS="1181" WIDTH="106" HEIGHT="38" WC="0.96" CONTENT="pröva"/><SP WIDTH="19" VPOS="1181" HPOS="1385"/>
							<String ID="string_175" HPOS="1404" VPOS="1181" WIDTH="133" HEIGHT="40" WC="0.93" CONTENT="frågan."/><SP WIDTH="21" VPOS="1181" HPOS="1537"/>
							<String ID="string_176" HPOS="1558" VPOS="1184" WIDTH="68" HEIGHT="29" WC="0.89" CONTENT="Un-"/>
						</TextLine>
						<TextLine ID="line_19" HPOS="147" VPOS="1222" WIDTH="1475" HEIGHT="53">
							<String ID="string_177" HPOS="147" VPOS="1222" WIDTH="60" HEIGHT="29" WC="0.96" CONTENT="der"/><SP WIDTH="22" VPOS="1222" HPOS="207"/>
							<String ID="string_178" HPOS="229" VPOS="1223" WIDTH="211" HEIGHT="40" WC="0.96" CONTENT="hänvisning"/><SP WIDTH="21" VPOS="1223" HPOS="440"/>
							<String ID="string_179" HPOS="461" VPOS="1225" WIDTH="52" HEIGHT="29" WC="0.96" CONTENT="till"/><SP WIDTH="23" VPOS="1225" HPOS="513"/>
							<String ID="string_180" HPOS="536" VPOS="1226" WIDTH="65" HEIGHT="29" WC="0.96" CONTENT="vad"/><SP WIDTH="24" VPOS="1226" HPOS="601"/>
							<String ID="string_181" HPOS="625" VPOS="1227" WIDTH="147" HEIGHT="30" WC="0.96" CONTENT="sålunda"/><SP WIDTH="23" VPOS="1227" HPOS="772"/>
							<String ID="string_182" HPOS="795" VPOS="1229" WIDTH="132" HEIGHT="29" WC="0.96" CONTENT="anförts"/><SP WIDTH="22" VPOS="1229" HPOS="927"/>
							<String ID="string_183" HPOS="949" VPOS="1230" WIDTH="147" HEIGHT="30" WC="0.95" CONTENT="föreslår"/><SP WIDTH="22" VPOS="1230" HPOS="1096"/>
							<String ID="string_184" HPOS="1118" VPOS="1230" WIDTH="169" HEIGHT="32" WC="0.94" CONTENT="utskottet"/><SP WIDTH="24" VPOS="1230" HPOS="1287"/>
							<String ID="string_185" HPOS="1311" VPOS="1236" WIDTH="48" HEIGHT="27" WC="0.96" CONTENT="att"/><SP WIDTH="25" VPOS="1236" HPOS="1359"/>
							<String ID="string_186" HPOS="1384" VPOS="1236" WIDTH="185" HEIGHT="39" WC="0.96" CONTENT="riksdagen"/><SP WIDTH="24" VPOS="1236" HPOS="1569"/>
							<String ID="string_187" HPOS="1593" VPOS="1237" WIDTH="29" HEIGHT="36" WC="0.95" CONTENT="ej"/>
						</TextLine>
						<TextLine ID="line_20" HPOS="147" VPOS="1276" WIDTH="1478" HEIGHT="47">
							<String ID="string_188" HPOS="147" VPOS="1276" WIDTH="154" HEIGHT="39" WC="0.92" CONTENT="vidtager"/><SP WIDTH="23" VPOS="1276" HPOS="301"/>
							<String ID="string_189" HPOS="324" VPOS="1277" WIDTH="113" HEIGHT="39" WC="0.96" CONTENT="någon"/><SP WIDTH="25" VPOS="1277" HPOS="437"/>
							<String ID="string_190" HPOS="462" VPOS="1279" WIDTH="150" HEIGHT="30" WC="0.96" CONTENT="särskild"/><SP WIDTH="24" VPOS="1279" HPOS="612"/>
							<String ID="string_191" HPOS="636" VPOS="1280" WIDTH="121" HEIGHT="39" WC="0.96" CONTENT="åtgärd"/><SP WIDTH="22" VPOS="1280" HPOS="757"/>
							<String ID="string_192" HPOS="779" VPOS="1282" WIDTH="10" HEIGHT="28" WC="0.96" CONTENT="i"/><SP WIDTH="25" VPOS="1282" HPOS="789"/>
							<String ID="string_193" HPOS="814" VPOS="1283" WIDTH="184" HEIGHT="40" WC="0.95" CONTENT="anledning"/><SP WIDTH="24" VPOS="1283" HPOS="998"/>
							<String ID="string_194" HPOS="1022" VPOS="1293" WIDTH="40" HEIGHT="20" WC="0.96" CONTENT="av"/><SP WIDTH="23" VPOS="1293" HPOS="1062"/>
							<String ID="string_195" HPOS="1085" VPOS="1286" WIDTH="48" HEIGHT="29" WC="0.96" CONTENT="ett"/><SP WIDTH="27" VPOS="1286" HPOS="1133"/>
							<String ID="string_196" HPOS="1160" VPOS="1287" WIDTH="5" HEIGHT="29" WC="0.96" CONTENT="i"/><SP WIDTH="24" VPOS="1287" HPOS="1165"/>
							<String ID="string_197" HPOS="1189" VPOS="1287" WIDTH="218" HEIGHT="31" WC="0.96" CONTENT="motionerna"/><SP WIDTH="24" VPOS="1287" HPOS="1407"/>
							<String ID="string_198" HPOS="1431" VPOS="1289" WIDTH="27" HEIGHT="30" WC="0.91" CONTENT="I:"/><SP WIDTH="18" VPOS="1289" HPOS="1458"/>
							<String ID="string_199" HPOS="1476" VPOS="1290" WIDTH="61" HEIGHT="29" WC="0.96" CONTENT="778"/><SP WIDTH="25" VPOS="1290" HPOS="1537"/>
							<String ID="string_200" HPOS="1562" VPOS="1291" WIDTH="63" HEIGHT="29" WC="0.96" CONTENT="och"/>
						</TextLine>
						<TextLine ID="line_21" HPOS="148" VPOS="1330" WIDTH="1477" HEIGHT="53">
							<String ID="string_201" HPOS="148" VPOS="1330" WIDTH="43" HEIGHT="29" WC="0.77" CONTENT="IT:"/><SP WIDTH="20" VPOS="1330" HPOS="191"/>
							<String ID="string_202" HPOS="211" VPOS="1330" WIDTH="82" HEIGHT="30" WC="0.94" CONTENT="1006"/><SP WIDTH="19" VPOS="1330" HPOS="293"/>
							<String ID="string_203" HPOS="312" VPOS="1331" WIDTH="164" HEIGHT="40" WC="0.93" CONTENT="framlagt"/><SP WIDTH="20" VPOS="1331" HPOS="476"/>
							<String ID="string_204" HPOS="496" VPOS="1334" WIDTH="362" HEIGHT="40" WC="0.91" CONTENT="utredningsyrkande"/><SP WIDTH="18" VPOS="1334" HPOS="858"/>
							<String ID="string_205" HPOS="876" VPOS="1337" WIDTH="10" HEIGHT="29" WC="0.96" CONTENT="i"/><SP WIDTH="19" VPOS="1337" HPOS="886"/>
							<String ID="string_206" HPOS="905" VPOS="1337" WIDTH="124" HEIGHT="30" WC="0.96" CONTENT="ämnet."/><SP WIDTH="19" VPOS="1337" HPOS="1029"/>
							<String ID="string_207" HPOS="1048" VPOS="1339" WIDTH="200" HEIGHT="31" WC="0.96" CONTENT="Detsamma"/><SP WIDTH="19" VPOS="1339" HPOS="1248"/>
							<String ID="string_208" HPOS="1267" VPOS="1341" WIDTH="61" HEIGHT="29" WC="0.96" CONTENT="bör"/><SP WIDTH="19" VPOS="1341" HPOS="1328"/>
							<String ID="string_209" HPOS="1347" VPOS="1343" WIDTH="89" HEIGHT="38" WC="0.96" CONTENT="gälla"/><SP WIDTH="17" VPOS="1343" HPOS="1436"/>
							<String ID="string_210" HPOS="1453" VPOS="1344" WIDTH="172" HEIGHT="39" WC="0.96" CONTENT="yrkandet"/>
						</TextLine>
						<TextLine ID="line_22" HPOS="147" VPOS="1383" WIDTH="1478" HEIGHT="44">
							<String ID="string_211" HPOS="147" VPOS="1383" WIDTH="9" HEIGHT="29" WC="0.96" CONTENT="i"/><SP WIDTH="18" VPOS="1383" HPOS="156"/>
							<String ID="string_212" HPOS="174" VPOS="1384" WIDTH="40" HEIGHT="29" WC="0.96" CONTENT="de"/><SP WIDTH="17" VPOS="1384" HPOS="214"/>
							<String ID="string_213" HPOS="231" VPOS="1385" WIDTH="57" HEIGHT="28" WC="0.95" CONTENT="vid"/><SP WIDTH="17" VPOS="1385" HPOS="288"/>
							<String ID="string_214" HPOS="305" VPOS="1385" WIDTH="205" HEIGHT="40" WC="0.96" CONTENT="riksdagens"/><SP WIDTH="17" VPOS="1385" HPOS="510"/>
							<String ID="string_215" HPOS="527" VPOS="1387" WIDTH="125" HEIGHT="37" WC="0.96" CONTENT="början"/><SP WIDTH="17" VPOS="1387" HPOS="652"/>
							<String ID="string_216" HPOS="669" VPOS="1389" WIDTH="124" HEIGHT="29" WC="0.96" CONTENT="väckta"/><SP WIDTH="17" VPOS="1389" HPOS="793"/>
							<String ID="string_217" HPOS="810" VPOS="1391" WIDTH="215" HEIGHT="29" WC="0.96" CONTENT="motionerna"/><SP WIDTH="18" VPOS="1391" HPOS="1025"/>
							<String ID="string_218" HPOS="1043" VPOS="1392" WIDTH="27" HEIGHT="30" WC="0.96" CONTENT="I:"/><SP WIDTH="18" VPOS="1392" HPOS="1070"/>
							<String ID="string_219" HPOS="1088" VPOS="1393" WIDTH="62" HEIGHT="29" WC="0.96" CONTENT="200"/><SP WIDTH="18" VPOS="1393" HPOS="1150"/>
							<String ID="string_220" HPOS="1168" VPOS="1394" WIDTH="63" HEIGHT="29" WC="0.96" CONTENT="och"/><SP WIDTH="19" VPOS="1394" HPOS="1231"/>
							<String ID="string_221" HPOS="1250" VPOS="1394" WIDTH="43" HEIGHT="30" WC="0.91" CONTENT="II:"/><SP WIDTH="18" VPOS="1394" HPOS="1293"/>
							<String ID="string_222" HPOS="1311" VPOS="1396" WIDTH="61" HEIGHT="29" WC="0.95" CONTENT="257"/><SP WIDTH="19" VPOS="1396" HPOS="1372"/>
							<String ID="string_223" HPOS="1391" VPOS="1397" WIDTH="147" HEIGHT="29" WC="0.93" CONTENT="rörande"/><SP WIDTH="18" VPOS="1397" HPOS="1538"/>
							<String ID="string_224" HPOS="1556" VPOS="1398" WIDTH="69" HEIGHT="29" WC="0.92" CONTENT="för-"/>
						</TextLine>
						<TextLine ID="line_23" HPOS="147" VPOS="1438" WIDTH="1376" HEIGHT="45">
							<String ID="string_225" HPOS="147" VPOS="1438" WIDTH="72" HEIGHT="38" WC="0.96" CONTENT="slag"/><SP WIDTH="15" VPOS="1438" HPOS="219"/>
							<String ID="string_226" HPOS="234" VPOS="1438" WIDTH="176" HEIGHT="38" WC="0.95" CONTENT="angående"/><SP WIDTH="16" VPOS="1438" HPOS="410"/>
							<String ID="string_227" HPOS="426" VPOS="1440" WIDTH="263" HEIGHT="40" WC="0.95" CONTENT="utformningen"/><SP WIDTH="14" VPOS="1440" HPOS="689"/>
							<String ID="string_228" HPOS="703" VPOS="1451" WIDTH="41" HEIGHT="20" WC="0.93" CONTENT="av"/><SP WIDTH="14" VPOS="1451" HPOS="744"/>
							<String ID="string_229" HPOS="758" VPOS="1443" WIDTH="310" HEIGHT="40" WC="0.91" CONTENT="fiskeristyrelsens"/><SP WIDTH="15" VPOS="1443" HPOS="1068"/>
							<String ID="string_230" HPOS="1083" VPOS="1446" WIDTH="440" HEIGHT="34" WC="0.90" CONTENT="laboratorieverksamhet."/>
						</TextLine>
					</TextBlock>
					<TextBlock ID="block_3" HPOS="144" VPOS="1492" WIDTH="1481" HEIGHT="529">
						<TextLine ID="line_24" HPOS="191" VPOS="1492" WIDTH="1433" HEIGHT="44">
							<String ID="string_231" HPOS="191" VPOS="1492" WIDTH="11" HEIGHT="27" WC="0.96" CONTENT="I"/><SP WIDTH="32" VPOS="1492" HPOS="202"/>
							<String ID="string_232" HPOS="234" VPOS="1492" WIDTH="108" HEIGHT="29" WC="0.94" CONTENT="likhet"/><SP WIDTH="31" VPOS="1492" HPOS="342"/>
							<String ID="string_233" HPOS="373" VPOS="1494" WIDTH="78" HEIGHT="28" WC="0.93" CONTENT="med"/><SP WIDTH="30" VPOS="1494" HPOS="451"/>
							<String ID="string_234" HPOS="481" VPOS="1496" WIDTH="454" HEIGHT="40" WC="0.91" CONTENT="naturresursutredningen"/><SP WIDTH="31" VPOS="1496" HPOS="935"/>
							<String ID="string_235" HPOS="966" VPOS="1499" WIDTH="63" HEIGHT="29" WC="0.93" CONTENT="och"/><SP WIDTH="31" VPOS="1499" HPOS="1029"/>
							<String ID="string_236" HPOS="1060" VPOS="1500" WIDTH="347" HEIGHT="32" WC="0.92" CONTENT="remissinstanserna"/><SP WIDTH="31" VPOS="1500" HPOS="1407"/>
							<String ID="string_237" HPOS="1438" VPOS="1513" WIDTH="100" HEIGHT="20" WC="0.93" CONTENT="anser"/><SP WIDTH="32" VPOS="1513" HPOS="1538"/>
							<String ID="string_238" HPOS="1570" VPOS="1505" WIDTH="54" HEIGHT="29" WC="0.91" CONTENT="de-"/>
						</TextLine>
						<TextLine ID="line_25" HPOS="146" VPOS="1546" WIDTH="1479" HEIGHT="50">
							<String ID="string_239" HPOS="146" VPOS="1546" WIDTH="340" HEIGHT="37" WC="0.60" CONTENT="partemenischefen"/><SP WIDTH="26" VPOS="1546" HPOS="486"/>
							<String ID="string_240" HPOS="512" VPOS="1549" WIDTH="49" HEIGHT="28" WC="0.88" CONTENT="att"/><SP WIDTH="23" VPOS="1549" HPOS="561"/>
							<String ID="string_241" HPOS="584" VPOS="1547" WIDTH="249" HEIGHT="40" WC="0.96" CONTENT="forskningens"/><SP WIDTH="24" VPOS="1547" HPOS="833"/>
							<String ID="string_242" HPOS="857" VPOS="1558" WIDTH="153" HEIGHT="21" WC="0.96" CONTENT="resurser"/><SP WIDTH="24" VPOS="1558" HPOS="1010"/>
							<String ID="string_243" HPOS="1034" VPOS="1553" WIDTH="61" HEIGHT="29" WC="0.96" CONTENT="bör"/><SP WIDTH="25" VPOS="1553" HPOS="1095"/>
							<String ID="string_244" HPOS="1120" VPOS="1554" WIDTH="95" HEIGHT="29" WC="0.96" CONTENT="ökas."/><SP WIDTH="25" VPOS="1554" HPOS="1215"/>
							<String ID="string_245" HPOS="1240" VPOS="1556" WIDTH="67" HEIGHT="28" WC="0.96" CONTENT="För"/><SP WIDTH="27" VPOS="1556" HPOS="1307"/>
							<String ID="string_246" HPOS="1334" VPOS="1557" WIDTH="98" HEIGHT="29" WC="0.95" CONTENT="nästa"/><SP WIDTH="24" VPOS="1557" HPOS="1432"/>
							<String ID="string_247" HPOS="1456" VPOS="1558" WIDTH="169" HEIGHT="38" WC="0.96" CONTENT="budgetår"/>
						</TextLine>
						<TextLine ID="line_26" HPOS="146" VPOS="1599" WIDTH="1478" HEIGHT="42">
							<String ID="string_248" HPOS="146" VPOS="1599" WIDTH="146" HEIGHT="30" WC="0.96" CONTENT="föreslås"/><SP WIDTH="21" VPOS="1599" HPOS="292"/>
							<String ID="string_249" HPOS="313" VPOS="1600" WIDTH="10" HEIGHT="29" WC="0.96" CONTENT="i"/><SP WIDTH="21" VPOS="1600" HPOS="323"/>
							<String ID="string_250" HPOS="344" VPOS="1601" WIDTH="260" HEIGHT="39" WC="0.96" CONTENT="propositionen"/><SP WIDTH="23" VPOS="1601" HPOS="604"/>
							<String ID="string_251" HPOS="627" VPOS="1604" WIDTH="49" HEIGHT="28" WC="0.95" CONTENT="att"/><SP WIDTH="23" VPOS="1604" HPOS="676"/>
							<String ID="string_252" HPOS="699" VPOS="1603" WIDTH="16" HEIGHT="29" WC="0.96" CONTENT="7"/><SP WIDTH="22" VPOS="1603" HPOS="715"/>
							<String ID="string_253" HPOS="737" VPOS="1604" WIDTH="88" HEIGHT="36" WC="0.96" CONTENT="milj."/><SP WIDTH="22" VPOS="1604" HPOS="825"/>
							<String ID="string_254" HPOS="847" VPOS="1604" WIDTH="48" HEIGHT="30" WC="0.94" CONTENT="kr."/><SP WIDTH="23" VPOS="1604" HPOS="895"/>
							<String ID="string_255" HPOS="918" VPOS="1605" WIDTH="137" HEIGHT="30" WC="0.96" CONTENT="anvisas"/><SP WIDTH="23" VPOS="1605" HPOS="1055"/>
							<String ID="string_256" HPOS="1078" VPOS="1607" WIDTH="54" HEIGHT="29" WC="0.96" CONTENT="för"/><SP WIDTH="21" VPOS="1607" HPOS="1132"/>
							<String ID="string_257" HPOS="1153" VPOS="1608" WIDTH="198" HEIGHT="31" WC="0.96" CONTENT="ändamålet"/><SP WIDTH="23" VPOS="1608" HPOS="1351"/>
							<String ID="string_258" HPOS="1374" VPOS="1611" WIDTH="110" HEIGHT="29" WC="0.96" CONTENT="under"/><SP WIDTH="22" VPOS="1611" HPOS="1484"/>
							<String ID="string_259" HPOS="1506" VPOS="1613" WIDTH="47" HEIGHT="28" WC="0.93" CONTENT="ett"/><SP WIDTH="22" VPOS="1613" HPOS="1553"/>
							<String ID="string_260" HPOS="1575" VPOS="1622" WIDTH="49" HEIGHT="19" WC="0.93" CONTENT="re-"/>
						</TextLine>
						<TextLine ID="line_27" HPOS="147" VPOS="1654" WIDTH="1476" HEIGHT="46">
							<String ID="string_261" HPOS="147" VPOS="1654" WIDTH="315" HEIGHT="39" WC="0.88" CONTENT="servationsanslag"/><SP WIDTH="27" VPOS="1654" HPOS="462"/>
							<String ID="string_262" HPOS="489" VPOS="1655" WIDTH="52" HEIGHT="29" WC="0.93" CONTENT="till"/><SP WIDTH="29" VPOS="1655" HPOS="541"/>
							<String ID="string_263" HPOS="570" VPOS="1657" WIDTH="402" HEIGHT="40" WC="0.78" CONTENT="naturvårdsforskning,"/><SP WIDTH="30" VPOS="1657" HPOS="972"/>
							<String ID="string_264" HPOS="1002" VPOS="1660" WIDTH="106" HEIGHT="29" WC="0.96" CONTENT="vilket"/><SP WIDTH="29" VPOS="1660" HPOS="1108"/>
							<String ID="string_265" HPOS="1137" VPOS="1662" WIDTH="120" HEIGHT="38" WC="0.96" CONTENT="anslag"/><SP WIDTH="28" VPOS="1662" HPOS="1257"/>
							<String ID="string_266" HPOS="1285" VPOS="1672" WIDTH="97" HEIGHT="21" WC="0.96" CONTENT="avses"/><SP WIDTH="30" VPOS="1672" HPOS="1382"/>
							<String ID="string_267" HPOS="1412" VPOS="1665" WIDTH="127" HEIGHT="29" WC="0.96" CONTENT="ersätta"/><SP WIDTH="29" VPOS="1665" HPOS="1539"/>
							<String ID="string_268" HPOS="1568" VPOS="1666" WIDTH="55" HEIGHT="29" WC="0.96" CONTENT="det"/>
						</TextLine>
						<TextLine ID="line_28" HPOS="146" VPOS="1706" WIDTH="1477" HEIGHT="45">
							<String ID="string_269" HPOS="146" VPOS="1706" WIDTH="53" HEIGHT="29" WC="0.96" CONTENT="för"/><SP WIDTH="21" VPOS="1706" HPOS="199"/>
							<String ID="string_270" HPOS="220" VPOS="1706" WIDTH="234" HEIGHT="31" WC="0.96" CONTENT="innevarande"/><SP WIDTH="21" VPOS="1706" HPOS="454"/>
							<String ID="string_271" HPOS="475" VPOS="1709" WIDTH="168" HEIGHT="38" WC="0.96" CONTENT="budgetår"/><SP WIDTH="21" VPOS="1709" HPOS="643"/>
							<String ID="string_272" HPOS="664" VPOS="1711" WIDTH="173" HEIGHT="38" WC="0.96" CONTENT="uppförda"/><SP WIDTH="21" VPOS="1711" HPOS="837"/>
							<String ID="string_273" HPOS="858" VPOS="1712" WIDTH="152" HEIGHT="39" WC="0.95" CONTENT="anslaget"/><SP WIDTH="21" VPOS="1712" HPOS="1010"/>
							<String ID="string_274" HPOS="1031" VPOS="1723" WIDTH="42" HEIGHT="20" WC="0.96" CONTENT="av"/><SP WIDTH="20" VPOS="1723" HPOS="1073"/>
							<String ID="string_275" HPOS="1093" VPOS="1714" WIDTH="17" HEIGHT="29" WC="0.96" CONTENT="5"/><SP WIDTH="21" VPOS="1714" HPOS="1110"/>
							<String ID="string_276" HPOS="1131" VPOS="1715" WIDTH="88" HEIGHT="36" WC="0.95" CONTENT="milj."/><SP WIDTH="22" VPOS="1715" HPOS="1219"/>
							<String ID="string_277" HPOS="1241" VPOS="1716" WIDTH="50" HEIGHT="29" WC="0.96" CONTENT="kr."/><SP WIDTH="23" VPOS="1716" HPOS="1291"/>
							<String ID="string_278" HPOS="1314" VPOS="1717" WIDTH="50" HEIGHT="29" WC="0.93" CONTENT="till"/><SP WIDTH="23" VPOS="1717" HPOS="1364"/>
							<String ID="string_279" HPOS="1387" VPOS="1719" WIDTH="236" HEIGHT="29" WC="0.91" CONTENT="naturresurs-"/>
						</TextLine>
						<TextLine ID="line_29" HPOS="146" VPOS="1760" WIDTH="1477" HEIGHT="43">
							<String ID="string_280" HPOS="146" VPOS="1760" WIDTH="238" HEIGHT="39" WC="0.94" CONTENT="forskningen."/><SP WIDTH="19" VPOS="1760" HPOS="384"/>
							<String ID="string_281" HPOS="403" VPOS="1762" WIDTH="110" HEIGHT="29" WC="0.96" CONTENT="Medel"/><SP WIDTH="19" VPOS="1762" HPOS="513"/>
							<String ID="string_282" HPOS="532" VPOS="1763" WIDTH="54" HEIGHT="28" WC="0.93" CONTENT="för"/><SP WIDTH="18" VPOS="1763" HPOS="586"/>
							<String ID="string_283" HPOS="604" VPOS="1763" WIDTH="248" HEIGHT="40" WC="0.91" CONTENT="viltforskning"/><SP WIDTH="17" VPOS="1763" HPOS="852"/>
							<String ID="string_284" HPOS="869" VPOS="1775" WIDTH="95" HEIGHT="20" WC="0.96" CONTENT="avses"/><SP WIDTH="19" VPOS="1775" HPOS="964"/>
							<String ID="string_285" HPOS="983" VPOS="1767" WIDTH="172" HEIGHT="36" WC="0.96" CONTENT="därjämte"/><SP WIDTH="19" VPOS="1767" HPOS="1155"/>
							<String ID="string_286" HPOS="1174" VPOS="1769" WIDTH="46" HEIGHT="29" WC="0.96" CONTENT="bli"/><SP WIDTH="20" VPOS="1769" HPOS="1220"/>
							<String ID="string_287" HPOS="1240" VPOS="1770" WIDTH="125" HEIGHT="29" WC="0.95" CONTENT="ställda"/><SP WIDTH="18" VPOS="1770" HPOS="1365"/>
							<String ID="string_288" HPOS="1383" VPOS="1772" WIDTH="51" HEIGHT="28" WC="0.96" CONTENT="till"/><SP WIDTH="20" VPOS="1772" HPOS="1434"/>
							<String ID="string_289" HPOS="1454" VPOS="1772" WIDTH="65" HEIGHT="29" WC="0.96" CONTENT="den"/><SP WIDTH="19" VPOS="1772" HPOS="1519"/>
							<String ID="string_290" HPOS="1538" VPOS="1773" WIDTH="9" HEIGHT="28" WC="0.96" CONTENT="i"/><SP WIDTH="21" VPOS="1773" HPOS="1547"/>
							<String ID="string_291" HPOS="1568" VPOS="1773" WIDTH="55" HEIGHT="28" WC="0.96" CONTENT="det"/>
						</TextLine>
						<TextLine ID="line_30" HPOS="145" VPOS="1813" WIDTH="1477" HEIGHT="55">
							<String ID="string_292" HPOS="145" VPOS="1813" WIDTH="207" HEIGHT="39" WC="0.96" CONTENT="föregående"/><SP WIDTH="25" VPOS="1813" HPOS="352"/>
							<String ID="string_293" HPOS="377" VPOS="1815" WIDTH="197" HEIGHT="39" WC="0.93" CONTENT="föreslagna"/><SP WIDTH="25" VPOS="1815" HPOS="574"/>
							<String ID="string_294" HPOS="599" VPOS="1817" WIDTH="397" HEIGHT="39" WC="0.91" CONTENT="forskningsnämndens"/><SP WIDTH="26" VPOS="1817" HPOS="996"/>
							<String ID="string_295" HPOS="1022" VPOS="1820" WIDTH="205" HEIGHT="40" WC="0.96" CONTENT="förfogande"/><SP WIDTH="27" VPOS="1820" HPOS="1227"/>
							<String ID="string_296" HPOS="1254" VPOS="1823" WIDTH="9" HEIGHT="28" WC="0.96" CONTENT="i"/><SP WIDTH="27" VPOS="1823" HPOS="1263"/>
							<String ID="string_297" HPOS="1290" VPOS="1824" WIDTH="150" HEIGHT="30" WC="0.96" CONTENT="särskild"/><SP WIDTH="25" VPOS="1824" HPOS="1440"/>
							<String ID="string_298" HPOS="1465" VPOS="1821" WIDTH="157" HEIGHT="47" WC="0.96" CONTENT="ordning."/>
						</TextLine>
						<TextLine ID="line_31" HPOS="145" VPOS="1868" WIDTH="1478" HEIGHT="49">
							<String ID="string_299" HPOS="145" VPOS="1868" WIDTH="175" HEIGHT="29" WC="0.96" CONTENT="Utskottet"/><SP WIDTH="18" VPOS="1868" HPOS="320"/>
							<String ID="string_300" HPOS="338" VPOS="1878" WIDTH="100" HEIGHT="20" WC="0.96" CONTENT="anser"/><SP WIDTH="18" VPOS="1878" HPOS="438"/>
							<String ID="string_301" HPOS="456" VPOS="1871" WIDTH="50" HEIGHT="28" WC="0.96" CONTENT="att"/><SP WIDTH="16" VPOS="1871" HPOS="506"/>
							<String ID="string_302" HPOS="522" VPOS="1870" WIDTH="126" HEIGHT="40" WC="0.95" CONTENT="Kungl."/><SP WIDTH="18" VPOS="1870" HPOS="648"/>
							<String ID="string_303" HPOS="666" VPOS="1871" WIDTH="122" HEIGHT="37" WC="0.96" CONTENT="Maj:ts"/><SP WIDTH="19" VPOS="1871" HPOS="788"/>
							<String ID="string_304" HPOS="807" VPOS="1872" WIDTH="127" HEIGHT="40" WC="0.96" CONTENT="förslag"/><SP WIDTH="16" VPOS="1872" HPOS="934"/>
							<String ID="string_305" HPOS="950" VPOS="1873" WIDTH="11" HEIGHT="29" WC="0.96" CONTENT="i"/><SP WIDTH="18" VPOS="1873" HPOS="961"/>
							<String ID="string_306" HPOS="979" VPOS="1874" WIDTH="227" HEIGHT="31" WC="0.96" CONTENT="förevarande"/><SP WIDTH="18" VPOS="1874" HPOS="1206"/>
							<String ID="string_307" HPOS="1224" VPOS="1876" WIDTH="222" HEIGHT="31" WC="0.96" CONTENT="hänseenden"/><SP WIDTH="18" VPOS="1876" HPOS="1446"/>
							<String ID="string_308" HPOS="1464" VPOS="1879" WIDTH="61" HEIGHT="29" WC="0.93" CONTENT="bör"/><SP WIDTH="19" VPOS="1879" HPOS="1525"/>
							<String ID="string_309" HPOS="1544" VPOS="1880" WIDTH="79" HEIGHT="37" WC="0.92" CONTENT="god-"/>
						</TextLine>
						<TextLine ID="line_32" HPOS="144" VPOS="1922" WIDTH="1475" HEIGHT="43">
							<String ID="string_310" HPOS="144" VPOS="1923" WIDTH="53" HEIGHT="27" WC="0.96" CONTENT="tas"/><SP WIDTH="23" VPOS="1923" HPOS="197"/>
							<String ID="string_311" HPOS="220" VPOS="1922" WIDTH="63" HEIGHT="28" WC="0.96" CONTENT="och"/><SP WIDTH="24" VPOS="1922" HPOS="283"/>
							<String ID="string_312" HPOS="307" VPOS="1923" WIDTH="180" HEIGHT="39" WC="0.95" CONTENT="avstyrker"/><SP WIDTH="22" VPOS="1923" HPOS="487"/>
							<String ID="string_313" HPOS="509" VPOS="1924" WIDTH="10" HEIGHT="29" WC="0.96" CONTENT="i"/><SP WIDTH="24" VPOS="1924" HPOS="519"/>
							<String ID="string_314" HPOS="543" VPOS="1925" WIDTH="150" HEIGHT="38" WC="0.96" CONTENT="enlighet"/><SP WIDTH="22" VPOS="1925" HPOS="693"/>
							<String ID="string_315" HPOS="715" VPOS="1925" WIDTH="143" HEIGHT="30" WC="0.96" CONTENT="härmed"/><SP WIDTH="21" VPOS="1925" HPOS="858"/>
							<String ID="string_316" HPOS="879" VPOS="1927" WIDTH="181" HEIGHT="38" WC="0.96" CONTENT="yrkanden"/><SP WIDTH="23" VPOS="1927" HPOS="1060"/>
							<String ID="string_317" HPOS="1083" VPOS="1929" WIDTH="10" HEIGHT="29" WC="0.96" CONTENT="i"/><SP WIDTH="24" VPOS="1929" HPOS="1093"/>
							<String ID="string_318" HPOS="1117" VPOS="1930" WIDTH="217" HEIGHT="30" WC="0.96" CONTENT="motionerna"/><SP WIDTH="25" VPOS="1930" HPOS="1334"/>
							<String ID="string_319" HPOS="1359" VPOS="1932" WIDTH="26" HEIGHT="29" WC="0.96" CONTENT="I:"/><SP WIDTH="19" VPOS="1932" HPOS="1385"/>
							<String ID="string_320" HPOS="1404" VPOS="1932" WIDTH="60" HEIGHT="29" WC="0.94" CONTENT="777"/><SP WIDTH="24" VPOS="1932" HPOS="1464"/>
							<String ID="string_321" HPOS="1488" VPOS="1933" WIDTH="62" HEIGHT="29" WC="0.96" CONTENT="och"/><SP WIDTH="26" VPOS="1933" HPOS="1550"/>
							<String ID="string_322" HPOS="1576" VPOS="1934" WIDTH="43" HEIGHT="29" WC="0.71" CONTENT="II:"/>
						</TextLine>
						<TextLine ID="line_33" HPOS="147" VPOS="1975" WIDTH="1069" HEIGHT="46">
							<String ID="string_323" HPOS="147" VPOS="1975" WIDTH="82" HEIGHT="29" WC="0.96" CONTENT="1008"/><SP WIDTH="16" VPOS="1975" HPOS="229"/>
							<String ID="string_324" HPOS="245" VPOS="1984" WIDTH="54" HEIGHT="20" WC="0.96" CONTENT="om"/><SP WIDTH="14" VPOS="1984" HPOS="299"/>
							<String ID="string_325" HPOS="313" VPOS="1977" WIDTH="199" HEIGHT="39" WC="0.93" CONTENT="ytterligare"/><SP WIDTH="14" VPOS="1977" HPOS="512"/>
							<String ID="string_326" HPOS="526" VPOS="1978" WIDTH="317" HEIGHT="40" WC="0.90" CONTENT="medelsanvisning"/><SP WIDTH="12" VPOS="1978" HPOS="843"/>
							<String ID="string_327" HPOS="855" VPOS="1980" WIDTH="54" HEIGHT="29" WC="0.96" CONTENT="för"/><SP WIDTH="15" VPOS="1980" HPOS="909"/>
							<String ID="string_328" HPOS="924" VPOS="1981" WIDTH="100" HEIGHT="29" WC="0.96" CONTENT="nästa"/><SP WIDTH="14" VPOS="1981" HPOS="1024"/>
							<String ID="string_329" HPOS="1038" VPOS="1982" WIDTH="178" HEIGHT="39" WC="0.96" CONTENT="budgetår."/>
						</TextLine>
					</TextBlock>
				</ComposedBlock>
				<ComposedBlock ID="cblock_2" HPOS="141" VPOS="2055" WIDTH="1481" HEIGHT="533">
					<TextBlock ID="block_4" HPOS="141" VPOS="2055" WIDTH="1481" HEIGHT="533">
						<TextLine ID="line_34" HPOS="190" VPOS="2055" WIDTH="1431" HEIGHT="46">
							<String ID="string_330" HPOS="190" VPOS="2055" WIDTH="213" HEIGHT="36" WC="0.91" CONTENT="Statsbidrag"/><SP WIDTH="15" VPOS="2055" HPOS="403"/>
							<String ID="string_331" HPOS="418" VPOS="2057" WIDTH="52" HEIGHT="29" WC="0.93" CONTENT="till"/><SP WIDTH="16" VPOS="2057" HPOS="470"/>
							<String ID="string_332" HPOS="486" VPOS="2058" WIDTH="366" HEIGHT="36" WC="0.91" CONTENT="avloppsreningsverk"/><SP WIDTH="17" VPOS="2058" HPOS="852"/>
							<String ID="string_333" HPOS="869" VPOS="2069" WIDTH="42" HEIGHT="20" WC="0.92" CONTENT="m."/><SP WIDTH="17" VPOS="2069" HPOS="911"/>
							<String ID="string_334" HPOS="928" VPOS="2069" WIDTH="42" HEIGHT="20" WC="0.91" CONTENT="m."/><SP WIDTH="18" VPOS="2069" HPOS="970"/>
							<String ID="string_335" HPOS="988" VPOS="2061" WIDTH="391" HEIGHT="40" WC="0.91" CONTENT="Departementschefen"/><SP WIDTH="17" VPOS="2061" HPOS="1379"/>
							<String ID="string_336" HPOS="1396" VPOS="2066" WIDTH="133" HEIGHT="29" WC="0.96" CONTENT="erinrar"/><SP WIDTH="16" VPOS="2066" HPOS="1529"/>
							<String ID="string_337" HPOS="1545" VPOS="2068" WIDTH="9" HEIGHT="28" WC="0.93" CONTENT="i"/><SP WIDTH="18" VPOS="2068" HPOS="1554"/>
							<String ID="string_338" HPOS="1572" VPOS="2068" WIDTH="49" HEIGHT="28" WC="0.90" CONTENT="fö-"/>
						</TextLine>
						<TextLine ID="line_35" HPOS="143" VPOS="2110" WIDTH="1479" HEIGHT="50">
							<String ID="string_339" HPOS="143" VPOS="2110" WIDTH="190" HEIGHT="29" WC="0.90" CONTENT="revarande"/><SP WIDTH="22" VPOS="2110" HPOS="333"/>
							<String ID="string_340" HPOS="355" VPOS="2111" WIDTH="129" HEIGHT="29" WC="0.96" CONTENT="avsnitt"/><SP WIDTH="20" VPOS="2111" HPOS="484"/>
							<String ID="string_341" HPOS="504" VPOS="2111" WIDTH="251" HEIGHT="40" WC="0.96" CONTENT="inledningsvis"/><SP WIDTH="21" VPOS="2111" HPOS="755"/>
							<String ID="string_342" HPOS="776" VPOS="2122" WIDTH="54" HEIGHT="20" WC="0.96" CONTENT="om"/><SP WIDTH="22" VPOS="2122" HPOS="830"/>
							<String ID="string_343" HPOS="852" VPOS="2115" WIDTH="48" HEIGHT="28" WC="0.96" CONTENT="att"/><SP WIDTH="22" VPOS="2115" HPOS="900"/>
							<String ID="string_344" HPOS="922" VPOS="2116" WIDTH="201" HEIGHT="29" WC="0.96" CONTENT="nuvarande"/><SP WIDTH="21" VPOS="2116" HPOS="1123"/>
							<String ID="string_345" HPOS="1144" VPOS="2117" WIDTH="261" HEIGHT="31" WC="0.96" CONTENT="bestämmelser"/><SP WIDTH="21" VPOS="2117" HPOS="1405"/>
							<String ID="string_346" HPOS="1426" VPOS="2120" WIDTH="54" HEIGHT="29" WC="0.96" CONTENT="för"/><SP WIDTH="21" VPOS="2120" HPOS="1480"/>
							<String ID="string_347" HPOS="1501" VPOS="2121" WIDTH="121" HEIGHT="39" WC="0.96" CONTENT="bidrag"/>
						</TextLine>
						<TextLine ID="line_36" HPOS="144" VPOS="2163" WIDTH="1478" HEIGHT="47">
							<String ID="string_348" HPOS="144" VPOS="2163" WIDTH="50" HEIGHT="28" WC="0.91" CONTENT="till"/><SP WIDTH="20" VPOS="2163" HPOS="194"/>
							<String ID="string_349" HPOS="214" VPOS="2164" WIDTH="132" HEIGHT="29" WC="0.91" CONTENT="vatten-"/><SP WIDTH="20" VPOS="2164" HPOS="346"/>
							<String ID="string_350" HPOS="366" VPOS="2165" WIDTH="63" HEIGHT="28" WC="0.93" CONTENT="och"/><SP WIDTH="21" VPOS="2165" HPOS="429"/>
							<String ID="string_351" HPOS="450" VPOS="2165" WIDTH="393" HEIGHT="40" WC="0.91" CONTENT="avloppsanläggningar"/><SP WIDTH="19" VPOS="2165" HPOS="843"/>
							<String ID="string_352" HPOS="862" VPOS="2168" WIDTH="72" HEIGHT="28" WC="0.85" CONTENT="inte"/><SP WIDTH="18" VPOS="2168" HPOS="934"/>
							<String ID="string_353" HPOS="952" VPOS="2168" WIDTH="11" HEIGHT="29" WC="0.96" CONTENT="i"/><SP WIDTH="21" VPOS="2168" HPOS="963"/>
							<String ID="string_354" HPOS="984" VPOS="2168" WIDTH="110" HEIGHT="31" WC="0.96" CONTENT="första"/><SP WIDTH="19" VPOS="2168" HPOS="1094"/>
							<String ID="string_355" HPOS="1113" VPOS="2170" WIDTH="95" HEIGHT="30" WC="0.96" CONTENT="hand"/><SP WIDTH="21" VPOS="2170" HPOS="1208"/>
							<String ID="string_356" HPOS="1229" VPOS="2171" WIDTH="109" HEIGHT="39" WC="0.95" CONTENT="syftar"/><SP WIDTH="22" VPOS="2171" HPOS="1338"/>
							<String ID="string_357" HPOS="1360" VPOS="2172" WIDTH="50" HEIGHT="29" WC="0.95" CONTENT="till"/><SP WIDTH="22" VPOS="2172" HPOS="1410"/>
							<String ID="string_358" HPOS="1432" VPOS="2175" WIDTH="48" HEIGHT="27" WC="0.92" CONTENT="att"/><SP WIDTH="22" VPOS="2175" HPOS="1480"/>
							<String ID="string_359" HPOS="1502" VPOS="2174" WIDTH="120" HEIGHT="30" WC="0.91" CONTENT="stimu-"/>
						</TextLine>
						<TextLine ID="line_37" HPOS="143" VPOS="2216" WIDTH="1478" HEIGHT="46">
							<String ID="string_360" HPOS="143" VPOS="2216" WIDTH="69" HEIGHT="29" WC="0.96" CONTENT="lera"/><SP WIDTH="27" VPOS="2216" HPOS="212"/>
							<String ID="string_361" HPOS="239" VPOS="2217" WIDTH="51" HEIGHT="29" WC="0.96" CONTENT="till"/><SP WIDTH="28" VPOS="2217" HPOS="290"/>
							<String ID="string_362" HPOS="318" VPOS="2217" WIDTH="159" HEIGHT="39" WC="0.96" CONTENT="åtgärder"/><SP WIDTH="27" VPOS="2217" HPOS="477"/>
							<String ID="string_363" HPOS="504" VPOS="2219" WIDTH="54" HEIGHT="29" WC="0.96" CONTENT="för"/><SP WIDTH="27" VPOS="2219" HPOS="558"/>
							<String ID="string_364" HPOS="585" VPOS="2220" WIDTH="49" HEIGHT="28" WC="0.96" CONTENT="att"/><SP WIDTH="26" VPOS="2220" HPOS="634"/>
							<String ID="string_365" HPOS="660" VPOS="2221" WIDTH="177" HEIGHT="28" WC="0.93" CONTENT="motverka"/><SP WIDTH="26" VPOS="2221" HPOS="837"/>
							<String ID="string_366" HPOS="863" VPOS="2222" WIDTH="370" HEIGHT="40" WC="0.91" CONTENT="vattenföroreningar."/><SP WIDTH="29" VPOS="2222" HPOS="1233"/>
							<String ID="string_367" HPOS="1262" VPOS="2225" WIDTH="119" HEIGHT="30" WC="0.96" CONTENT="Såsom"/><SP WIDTH="27" VPOS="2225" HPOS="1381"/>
							<String ID="string_368" HPOS="1408" VPOS="2227" WIDTH="176" HEIGHT="30" WC="0.94" CONTENT="redovisas"/><SP WIDTH="27" VPOS="2227" HPOS="1584"/>
							<String ID="string_369" HPOS="1611" VPOS="2229" WIDTH="10" HEIGHT="28" WC="0.96" CONTENT="i"/>
						</TextLine>
						<TextLine ID="line_38" HPOS="142" VPOS="2271" WIDTH="1478" HEIGHT="49">
							<String ID="string_370" HPOS="142" VPOS="2271" WIDTH="261" HEIGHT="38" WC="0.5" CONTENT="propositionen"/><SP WIDTH="24" VPOS="2271" HPOS="403"/>
							<String ID="string_371" HPOS="427" VPOS="2272" WIDTH="156" HEIGHT="30" WC="0.96" CONTENT="används"/><SP WIDTH="24" VPOS="2272" HPOS="583"/>
							<String ID="string_372" HPOS="607" VPOS="2283" WIDTH="41" HEIGHT="19" WC="0.96" CONTENT="en"/><SP WIDTH="24" VPOS="2283" HPOS="648"/>
							<String ID="string_373" HPOS="672" VPOS="2273" WIDTH="269" HEIGHT="31" WC="0.95" CONTENT="förhållandevis"/><SP WIDTH="25" VPOS="2273" HPOS="941"/>
							<String ID="string_374" HPOS="966" VPOS="2277" WIDTH="71" HEIGHT="27" WC="0.96" CONTENT="stor"/><SP WIDTH="24" VPOS="2277" HPOS="1037"/>
							<String ID="string_375" HPOS="1061" VPOS="2276" WIDTH="53" HEIGHT="30" WC="0.96" CONTENT="del"/><SP WIDTH="24" VPOS="2276" HPOS="1114"/>
							<String ID="string_376" HPOS="1138" VPOS="2286" WIDTH="41" HEIGHT="20" WC="0.96" CONTENT="av"/><SP WIDTH="23" VPOS="2286" HPOS="1179"/>
							<String ID="string_377" HPOS="1202" VPOS="2279" WIDTH="200" HEIGHT="30" WC="0.96" CONTENT="nuvarande"/><SP WIDTH="24" VPOS="2279" HPOS="1402"/>
							<String ID="string_378" HPOS="1426" VPOS="2281" WIDTH="121" HEIGHT="39" WC="0.96" CONTENT="anslag"/><SP WIDTH="22" VPOS="2281" HPOS="1547"/>
							<String ID="string_379" HPOS="1569" VPOS="2283" WIDTH="51" HEIGHT="28" WC="0.96" CONTENT="till"/>
						</TextLine>
						<TextLine ID="line_39" HPOS="141" VPOS="2324" WIDTH="1479" HEIGHT="49">
							<String ID="string_380" HPOS="141" VPOS="2324" WIDTH="121" HEIGHT="39" WC="0.96" CONTENT="bidrag"/><SP WIDTH="19" VPOS="2324" HPOS="262"/>
							<String ID="string_381" HPOS="281" VPOS="2325" WIDTH="49" HEIGHT="29" WC="0.93" CONTENT="till"/><SP WIDTH="16" VPOS="2325" HPOS="330"/>
							<String ID="string_382" HPOS="346" VPOS="2326" WIDTH="605" HEIGHT="41" WC="0.81" CONTENT="vattenförsörjningsanläggningar"/><SP WIDTH="17" VPOS="2326" HPOS="951"/>
							<String ID="string_383" HPOS="968" VPOS="2329" WIDTH="64" HEIGHT="29" WC="0.95" CONTENT="och"/><SP WIDTH="16" VPOS="2329" HPOS="1032"/>
							<String ID="string_384" HPOS="1048" VPOS="2330" WIDTH="181" HEIGHT="40" WC="0.96" CONTENT="ledningar"/><SP WIDTH="17" VPOS="2330" HPOS="1229"/>
							<String ID="string_385" HPOS="1246" VPOS="2332" WIDTH="9" HEIGHT="28" WC="0.96" CONTENT="i"/><SP WIDTH="18" VPOS="2332" HPOS="1255"/>
							<String ID="string_386" HPOS="1273" VPOS="2333" WIDTH="202" HEIGHT="40" WC="0.95" CONTENT="anslutning"/><SP WIDTH="17" VPOS="2333" HPOS="1475"/>
							<String ID="string_387" HPOS="1492" VPOS="2335" WIDTH="128" HEIGHT="30" WC="0.95" CONTENT="härtill."/>
						</TextLine>
						<TextLine ID="line_40" HPOS="143" VPOS="2377" WIDTH="1477" HEIGHT="50">
							<String ID="string_388" HPOS="143" VPOS="2377" WIDTH="11" HEIGHT="28" WC="0.96" CONTENT="I"/><SP WIDTH="21" VPOS="2377" HPOS="154"/>
							<String ID="string_389" HPOS="175" VPOS="2379" WIDTH="47" HEIGHT="27" WC="0.96" CONTENT="ett"/><SP WIDTH="20" VPOS="2379" HPOS="222"/>
							<String ID="string_390" HPOS="242" VPOS="2378" WIDTH="73" HEIGHT="39" WC="0.96" CONTENT="läge"/><SP WIDTH="22" VPOS="2378" HPOS="315"/>
							<String ID="string_391" HPOS="337" VPOS="2379" WIDTH="44" HEIGHT="29" WC="0.96" CONTENT="då"/><SP WIDTH="19" VPOS="2379" HPOS="381"/>
							<String ID="string_392" HPOS="400" VPOS="2380" WIDTH="182" HEIGHT="38" WC="0.96" CONTENT="energiska"/><SP WIDTH="20" VPOS="2380" HPOS="582"/>
							<String ID="string_393" HPOS="602" VPOS="2380" WIDTH="159" HEIGHT="39" WC="0.96" CONTENT="åtgärder"/><SP WIDTH="20" VPOS="2380" HPOS="761"/>
							<String ID="string_394" HPOS="781" VPOS="2381" WIDTH="108" HEIGHT="29" WC="0.96" CONTENT="måste"/><SP WIDTH="20" VPOS="2381" HPOS="889"/>
							<String ID="string_395" HPOS="909" VPOS="2382" WIDTH="112" HEIGHT="29" WC="0.96" CONTENT="vidtas"/><SP WIDTH="21" VPOS="2382" HPOS="1021"/>
							<String ID="string_396" HPOS="1042" VPOS="2383" WIDTH="54" HEIGHT="29" WC="0.96" CONTENT="för"/><SP WIDTH="20" VPOS="2383" HPOS="1096"/>
							<String ID="string_397" HPOS="1116" VPOS="2385" WIDTH="50" HEIGHT="28" WC="0.96" CONTENT="att"/><SP WIDTH="19" VPOS="2385" HPOS="1166"/>
							<String ID="string_398" HPOS="1185" VPOS="2385" WIDTH="139" HEIGHT="30" WC="0.93" CONTENT="minska"/><SP WIDTH="21" VPOS="2385" HPOS="1324"/>
							<String ID="string_399" HPOS="1345" VPOS="2387" WIDTH="243" HEIGHT="40" WC="0.90" CONTENT="föroreningen"/><SP WIDTH="23" VPOS="2387" HPOS="1588"/>
							<String ID="string_400" HPOS="1611" VPOS="2390" WIDTH="9" HEIGHT="28" WC="0.97" CONTENT="i"/>
						</TextLine>
						<TextLine ID="line_41" HPOS="141" VPOS="2431" WIDTH="1479" HEIGHT="46">
							<String ID="string_401" HPOS="141" VPOS="2431" WIDTH="81" HEIGHT="29" WC="0.95" CONTENT="våra"/><SP WIDTH="28" VPOS="2431" HPOS="222"/>
							<String ID="string_402" HPOS="250" VPOS="2433" WIDTH="117" HEIGHT="28" WC="0.95" CONTENT="vatten"/><SP WIDTH="29" VPOS="2433" HPOS="367"/>
							<String ID="string_403" HPOS="396" VPOS="2433" WIDTH="37" HEIGHT="29" WC="0.96" CONTENT="är"/><SP WIDTH="29" VPOS="2433" HPOS="433"/>
							<String ID="string_404" HPOS="462" VPOS="2433" WIDTH="55" HEIGHT="29" WC="0.96" CONTENT="det"/><SP WIDTH="29" VPOS="2433" HPOS="517"/>
							<String ID="string_405" HPOS="546" VPOS="2434" WIDTH="105" HEIGHT="38" WC="0.93" CONTENT="enligt"/><SP WIDTH="29" VPOS="2434" HPOS="651"/>
							<String ID="string_406" HPOS="680" VPOS="2434" WIDTH="398" HEIGHT="39" WC="0.91" CONTENT="departementschefens"/><SP WIDTH="29" VPOS="2434" HPOS="1078"/>
							<String ID="string_407" HPOS="1107" VPOS="2438" WIDTH="141" HEIGHT="39" WC="0.96" CONTENT="mening"/><SP WIDTH="28" VPOS="2438" HPOS="1248"/>
							<String ID="string_408" HPOS="1276" VPOS="2441" WIDTH="180" HEIGHT="29" WC="0.94" CONTENT="motiverat"/><SP WIDTH="30" VPOS="2441" HPOS="1456"/>
							<String ID="string_409" HPOS="1486" VPOS="2444" WIDTH="49" HEIGHT="27" WC="0.96" CONTENT="att"/><SP WIDTH="30" VPOS="2444" HPOS="1535"/>
							<String ID="string_410" HPOS="1565" VPOS="2443" WIDTH="55" HEIGHT="29" WC="0.96" CONTENT="det"/>
						</TextLine>
						<TextLine ID="line_42" HPOS="142" VPOS="2485" WIDTH="1478" HEIGHT="47">
							<String ID="string_411" HPOS="142" VPOS="2485" WIDTH="137" HEIGHT="39" WC="0.96" CONTENT="statliga"/><SP WIDTH="21" VPOS="2485" HPOS="279"/>
							<String ID="string_412" HPOS="300" VPOS="2486" WIDTH="111" HEIGHT="29" WC="0.96" CONTENT="stödet"/><SP WIDTH="19" VPOS="2486" HPOS="411"/>
							<String ID="string_413" HPOS="430" VPOS="2487" WIDTH="95" HEIGHT="39" WC="0.96" CONTENT="läggs"/><SP WIDTH="20" VPOS="2487" HPOS="525"/>
							<String ID="string_414" HPOS="545" VPOS="2496" WIDTH="55" HEIGHT="20" WC="0.96" CONTENT="om"/><SP WIDTH="20" VPOS="2496" HPOS="600"/>
							<String ID="string_415" HPOS="620" VPOS="2488" WIDTH="64" HEIGHT="29" WC="0.95" CONTENT="och"/><SP WIDTH="19" VPOS="2488" HPOS="684"/>
							<String ID="string_416" HPOS="703" VPOS="2488" WIDTH="70" HEIGHT="29" WC="0.95" CONTENT="helt"/><SP WIDTH="18" VPOS="2488" HPOS="773"/>
							<String ID="string_417" HPOS="791" VPOS="2488" WIDTH="148" HEIGHT="30" WC="0.96" CONTENT="inriktas"/><SP WIDTH="19" VPOS="2488" HPOS="939"/>
							<String ID="string_418" HPOS="958" VPOS="2489" WIDTH="44" HEIGHT="40" WC="0.96" CONTENT="på"/><SP WIDTH="20" VPOS="2489" HPOS="1002"/>
							<String ID="string_419" HPOS="1022" VPOS="2491" WIDTH="49" HEIGHT="28" WC="0.96" CONTENT="att"/><SP WIDTH="21" VPOS="2491" HPOS="1071"/>
							<String ID="string_420" HPOS="1092" VPOS="2491" WIDTH="179" HEIGHT="30" WC="0.96" CONTENT="stimulera"/><SP WIDTH="20" VPOS="2491" HPOS="1271"/>
							<String ID="string_421" HPOS="1291" VPOS="2493" WIDTH="192" HEIGHT="39" WC="0.96" CONTENT="byggandet"/><SP WIDTH="22" VPOS="2493" HPOS="1483"/>
							<String ID="string_422" HPOS="1505" VPOS="2505" WIDTH="40" HEIGHT="20" WC="0.93" CONTENT="av"/><SP WIDTH="20" VPOS="2505" HPOS="1545"/>
							<String ID="string_423" HPOS="1565" VPOS="2506" WIDTH="55" HEIGHT="20" WC="0.93" CONTENT="av-"/>
						</TextLine>
						<TextLine ID="line_43" HPOS="141" VPOS="2538" WIDTH="1479" HEIGHT="50">
							<String ID="string_424" HPOS="141" VPOS="2538" WIDTH="329" HEIGHT="40" WC="0.91" CONTENT="loppsreningsverk"/><SP WIDTH="26" VPOS="2538" HPOS="470"/>
							<String ID="string_425" HPOS="496" VPOS="2541" WIDTH="78" HEIGHT="29" WC="0.96" CONTENT="med"/><SP WIDTH="27" VPOS="2541" HPOS="574"/>
							<String ID="string_426" HPOS="601" VPOS="2541" WIDTH="95" HEIGHT="39" WC="0.96" CONTENT="långt"/><SP WIDTH="28" VPOS="2541" HPOS="696"/>
							<String ID="string_427" HPOS="724" VPOS="2542" WIDTH="127" HEIGHT="38" WC="0.96" CONTENT="gående"/><SP WIDTH="28" VPOS="2542" HPOS="851"/>
							<String ID="string_428" HPOS="879" VPOS="2543" WIDTH="131" HEIGHT="38" WC="0.95" CONTENT="rening."/><SP WIDTH="29" VPOS="2543" HPOS="1010"/>
							<String ID="string_429" HPOS="1039" VPOS="2543" WIDTH="13" HEIGHT="29" WC="0.96" CONTENT="I"/><SP WIDTH="27" VPOS="2543" HPOS="1052"/>
							<String ID="string_430" HPOS="1079" VPOS="2544" WIDTH="150" HEIGHT="39" WC="0.95" CONTENT="enlighet"/><SP WIDTH="28" VPOS="2544" HPOS="1229"/>
							<String ID="string_431" HPOS="1257" VPOS="2546" WIDTH="144" HEIGHT="30" WC="0.95" CONTENT="härmed"/><SP WIDTH="27" VPOS="2546" HPOS="1401"/>
							<String ID="string_432" HPOS="1428" VPOS="2548" WIDTH="192" HEIGHT="40" WC="0.95" CONTENT="tillstyrker"/>
						</TextLine>
					</TextBlock>
				</ComposedBlock>
			</PrintSpace>
		</Page>
	</Layout>
</alto>
