1862 2792
239 172 38 30 16
623 176 434 30 Konstitutionsutskottets
1083 175 175 31 utlåtande
1282 185 43 20 nr
1345 175 29 30 3.

241 254 278 37 representerade
547 254 11 29 i
584 254 221 36 kyrkomötet
829 253 100 30 blivit
956 253 177 30 beaktade.
1159 253 121 29 Därest
1307 253 166 37 förslaget
1499 254 151 36 antages,
1677 253 69 28 kan

242 305 192 34 förväntas,
458 306 49 29 att
528 305 224 38 kyrkomötet
775 304 160 29 kommer
959 305 48 28 att
1031 304 77 38 giva
1131 313 43 20 en
1196 313 97 20 mera
1315 303 202 39 tillförlitlig
1541 303 73 30 bild
1640 313 42 20 av
1705 303 40 29 de

242 355 179 29 skiftande
439 355 198 38 riktningar
657 355 64 29 och
741 354 192 34 önskemål,
955 363 72 20 som
1050 363 155 30 rymmas
1225 354 97 29 inom
1342 354 148 39 kyrkan,
1512 354 65 29 och
1598 353 148 30 sålunda

241 414 83 21 vara
345 414 98 21 mera
463 405 136 29 skickat
619 405 55 29 för
697 405 53 29 sin
770 405 150 40 uppgift.
943 404 62 30 Väl
1027 405 122 29 kunna
1168 404 104 30 tvivel
1292 404 107 38 hysas
1420 413 55 20 om
1496 404 250 39 lämpligheten

242 465 41 20 av
304 456 42 29 de
370 455 188 39 ändringar
579 456 12 28 i
613 456 57 29 det
692 465 41 20 av
755 455 126 38 Kungl.
905 454 104 39 Maj:t
1031 454 55 30 för
1111 455 224 39 kyrkomötet
1357 454 192 37 framlagda
1571 453 175 38 förslaget,

242 514 74 21 som
335 515 44 20 av
397 506 219 36 kyrkomötet
635 505 160 37 vidtagits
815 505 11 29 i
847 504 98 38 fråga
963 514 56 20 om
1041 505 100 29 sättet
1162 505 54 29 tör
1236 504 165 30 utseende
1422 514 42 20 av
1482 504 264 29 lekmannaom-

244 555 80 31 bud.
344 557 66 29 Det
428 565 47 20 nu
495 556 236 39 föreliggande
751 556 167 39 förslaget
936 556 54 29 får
1010 556 89 29 dock
1119 565 101 20 anses
1238 555 171 30 innebära
1425 565 45 20 en
1490 555 168 30 avsevärd
1677 555 70 29 för-

241 606 156 39 bättring
414 608 11 29 i
442 606 220 31 förhållande
681 606 52 29 till
751 606 67 29 den
837 606 158 39 gällande
1013 606 204 39 ordningen.
1237 606 177 30 Utskottet
1433 614 101 21 anser
1555 605 51 39 sig
1627 605 119 29 därför

242 656 11 28 i
273 656 142 37 frågans
435 656 200 30 nuvarande
657 657 73 36 läge
748 656 86 29 böra
853 656 183 36 tillstyrka,
1056 657 49 28 att
1125 656 164 37 förslaget
1310 656 54 29 till
1386 664 46 28 ny
1451 654 297 38 kyrkomötesför-

243 707 150 38 ordning
416 709 141 36 antages
579 716 43 20 av
642 706 187 39 riksdagen
850 707 11 29 i
885 706 237 40 förhoppning
1144 708 50 28 att
1215 707 67 29 den
1304 706 279 38 effektivisering
1605 705 66 31 och
1691 705 56 29 de-

242 757 271 39 mokratisering
534 766 42 21 av
597 757 233 39 kyrkomötet,
853 766 75 20 som
948 756 61 30 bör
1030 757 123 29 kunna
1175 757 92 30 bliva
1290 765 44 22 en
1355 756 90 39 följd
1467 766 43 20 av
1531 757 57 28 det
1609 756 138 38 förelig-

243 807 109 36 gande
379 807 172 37 förslaget,
577 807 89 29 skall
689 807 118 29 kunna
830 807 95 29 bliva
948 807 65 29 den
1036 806 161 38 kyrkliga
1219 806 264 30 verksamheten
1507 806 54 29 till
1589 806 158 29 fromma.

286 857 125 30 Därest
435 857 165 39 förslaget
626 859 152 37 antages,
803 858 92 29 lärer
921 857 89 29 dock
1032 857 58 30 vid
1116 866 42 21 en
1183 857 169 30 framtida
1377 857 147 39 översyn
1551 866 44 20 av
1620 857 128 38 kyrko-

243 907 366 40 mötesförordningen
638 907 84 30 böra
749 910 99 37 tagas
877 908 110 29 under
1016 907 141 39 förnyat
1186 907 249 39 övervägande,
1467 907 176 30 huruvida
1671 907 76 29 icke

243 958 279 30 tidsintervallen
545 958 131 29 mellan
700 958 256 39 kyrkomötena
978 957 62 30 bör
1064 957 187 30 förkortas.
1277 957 96 30 även
1397 967 66 24 om,
1491 957 116 30 såsom
1634 957 11 29 i
1671 966 77 30 pro-

242 1008 199 39 positionen
461 1008 224 35 framhållits,
707 1008 125 39 Kungl.
856 1008 105 39 Maj:t
980 1008 111 30 under
1116 1017 120 21 senare
1257 1008 39 30 år
1317 1007 240 40 regelmässigt
1577 1007 171 39 begagnat

245 1058 50 39 sig
319 1068 44 21 av
389 1059 53 29 sin
465 1058 207 39 befogenhet
696 1060 49 28 att
769 1058 256 30 sammankalla
1047 1059 110 29 mötet
1180 1058 112 30 oftare
1319 1059 45 29 än
1389 1060 76 28 vart
1490 1058 107 30 femte
1622 1058 48 33 år,
1695 1067 53 29 sy-

244 1117 60 21 nes
327 1109 58 30 det
408 1108 175 39 nämligen
606 1109 122 29 kunna
751 1110 109 29 sättas
882 1109 11 29 i
915 1109 108 38 fråga,
1046 1118 58 20 om
1128 1109 75 29 icke
1225 1109 224 39 kyrkomötet
1472 1108 62 30 bör
1557 1108 192 29 tillförsäk-

244 1167 56 21 ras
326 1159 190 39 uttrycklig
540 1160 71 28 rätt
638 1161 49 27 att
716 1159 304 29 sammankomma
1046 1159 78 29 med
1151 1159 137 29 kortare
1314 1158 269 29 tidsintervaller
1610 1159 44 28 än
1679 1157 70 30 fem

244 1208 46 29 år.
311 1208 96 30 Även
426 1208 204 38 spörsmålet
651 1218 56 20 om
727 1218 42 20 en
788 1209 171 29 eventuell
978 1208 221 38 förlängning
1218 1218 42 21 av
1282 1208 379 30 sammanträdestiden
1681 1210 68 27 tor-

244 1259 50 34 de,
317 1259 108 29 sedan
445 1259 200 30 erfarenhet
664 1259 142 30 vunnits
827 1259 11 29 i
858 1259 99 38 fråga
977 1268 56 20 om
1053 1260 67 29 den
1141 1259 282 39 rationalisering
1443 1268 42 21 av
1506 1259 242 39 kyrkomötets

245 1309 259 35 arbetsformer,
547 1310 119 29 vilken
707 1310 216 30 inrättandet
955 1319 41 20 av
1028 1309 242 39 kyrkomötets
1304 1309 343 39 utredningsnämnd
1679 1309 70 29 kan

244 1360 125 29 väntas
394 1360 167 34 medföra,
585 1360 85 29 böra
693 1361 172 38 upptagas
888 1359 52 30 till
965 1369 46 29 ny
1035 1360 182 39 prövning.

288 1410 67 29 Vid
376 1419 43 20 en
438 1411 146 38 översyn
604 1420 42 20 av
666 1410 252 39 förordningen
936 1410 97 30 torde
1053 1411 87 29 även
1159 1410 84 29 böra
1261 1410 184 40 avhjälpas
1465 1410 94 30 vissa
1578 1409 170 34 formella,

245 1469 41 20 av
306 1460 171 30 utskottet
497 1461 358 39 uppmärksammade
876 1460 124 30 brister
1021 1460 86 30 däri.
1128 1460 124 30 Därest
1273 1461 58 29 det
1350 1460 138 30 vilande
1509 1460 168 39 förslaget
1697 1459 52 30 till

246 1510 382 40 grundlagsändringar
655 1511 222 29 beträffande
905 1511 205 38 riksdagens
1137 1510 249 30 arbetsformer
1413 1510 133 39 slutligt
1573 1510 177 39 genomfö-

244 1569 65 25 res,
329 1561 140 29 komma
490 1561 158 37 reglerna
667 1570 56 20 om
742 1561 264 37 proportionellt
1025 1561 57 29 val
1102 1560 53 30 till
1178 1561 203 37 riksdagens
1402 1561 131 29 utskott
1554 1562 49 28 att
1625 1560 125 37 inflyta

244 1612 11 29 1
273 1612 68 29 den
356 1612 297 40 riksdagsstadga,
674 1622 73 20 som
766 1613 89 29 skall
875 1614 144 38 antagas
1035 1621 42 22 av
1095 1613 187 39 riksdagen
1299 1622 132 20 ensam.
1452 1613 66 29 Vid
1537 1612 125 30 sådant
1680 1612 69 30 för-

245 1661 162 30 hållande
434 1670 101 28 synas
561 1662 258 29 bestämmelser
846 1671 58 20 om
929 1660 241 31 motsvarande
1194 1662 56 29 val
1275 1662 53 29 till
1355 1661 238 37 kyrkomötets
1619 1661 131 30 utskott

246 1711 189 40 lämpligen
454 1712 84 30 böra
557 1713 138 38 intagas
713 1713 11 28 i
745 1712 310 39 arbetsordningen
1075 1713 56 29 för
1149 1712 234 39 kyrkomötet,
1403 1713 12 29 i
1434 1712 90 39 följd
1543 1721 107 20 varav
1671 1712 39 29 16
1733 1711 15 37 $

246 1762 111 30 andra
376 1763 133 38 stycket
526 1772 42 20 av
587 1763 252 38 förordningen
857 1763 98 30 torde
971 1762 84 30 böra
1073 1762 207 30 omarbetas.
1299 1762 52 30 Då
1367 1762 117 30 vidare
1503 1762 107 37 enligt
1628 1762 123 29 försla-

247 1814 54 36 get
332 1813 97 29 inom
459 1812 96 40 varje
585 1813 153 29 valkrets
769 1813 99 29 skola
896 1812 111 40 väljas
1036 1813 109 29 minst
1174 1813 57 29 två
1259 1812 323 30 lekmannaombud
1612 1813 65 29 och
1706 1812 44 30 då

247 1862 212 37 fyllnadsval
481 1863 209 30 förutsättas
712 1863 75 30 icke
811 1863 133 30 behöva
967 1863 230 34 förekomma,
1222 1863 99 29 torde
1344 1863 12 29 i
1379 1862 20 30 8
1424 1863 15 36 8
1464 1863 19 30 3
1506 1872 107 21 mom.
1640 1863 110 29 första

248 1913 135 38 stycket
404 1914 107 29 orden
534 1914 84 29 »där
639 1913 58 30 två
718 1913 81 30 eller
821 1913 89 30 flera
931 1922 164 31 personer
1118 1913 98 30 skola
1237 1915 116 28 utses>
1377 1913 84 30 böra
1482 1914 94 38 utgå.

290 1963 50 30 De
365 1973 43 20 av
429 1964 170 29 utskottet
623 1964 147 29 sålunda
794 1963 124 40 gjorda
942 1963 353 39 detaljerinringarna
1318 1964 61 30 äro
1402 1964 191 29 emellertid
1620 1973 43 20 av
1684 1964 66 29 den

246 2013 257 35 beskaffenhet,
525 2015 51 29 att
595 2014 43 29 de
660 2014 30 39 ej
715 2014 84 30 böra
819 2015 124 38 utgöra
964 2014 124 29 hinder
1109 2014 55 30 för
1184 2014 189 39 riksdagen
1394 2016 49 28 att
1464 2023 48 20 nu
1533 2015 128 37 antaga
1682 2014 69 29 för-

249 2063 108 40 slaget
383 2064 53 30 till
463 2073 45 30 ny
533 2064 445 39 kyrkomötesförordning.
1006 2064 176 30 Utskottet
1210 2064 55 30 får
1292 2065 121 29 därför
1439 2064 196 34 hemställa,

603 2141 51 29 att
678 2140 197 39 riksdagen,
901 2140 78 29 med
1003 2139 100 30 bifall
1129 2140 52 29 till
1207 2140 238 39 föreliggande
1469 2140 215 40 propositon,
1710 2149 41 19 nr

559 2190 50 34 13,
633 2190 107 31 måtte
761 2192 128 37 antaga
909 2190 156 39 följande
