2224 2640
666 198 363 29 Konstitutionsutskottets
1052 198 160 28 Memorial
1234 197 56 29 N:o
1317 198 27 28 6.
1797 192 20 30 d

217 277 185 37 föreskrift
430 277 200 37 öfvervaka
659 278 192 35 kassornas
880 277 176 48 behöriga
1085 275 253 44 användande,
1367 273 47 37 då
1442 287 141 23 samma
1606 274 139 35 kassors
1764 280 53 28 rä-

218 332 201 47 kenskaper
460 331 127 37 vidare
634 331 103 36 skola
765 330 176 48 granskas
969 331 39 34 af
1036 328 396 49 arméförvaltningens
1461 327 157 36 revision
1649 331 95 31 samt
1772 326 45 35 då

218 385 174 47 slutligen
421 397 139 23 samma
588 384 248 48 räkenskaper
864 383 142 48 årligen
1036 384 117 35 finnas
1181 382 238 48 tillgängliga
1447 380 57 36 för
1533 381 225 48 granskning
1779 378 41 38 af

218 438 228 47 Riksdagens
487 438 192 42 revisorer,
721 436 189 37 förefaller
942 436 62 36 det
1037 435 379 48 arméförvaltningen
1445 434 203 48 obehöfligt
1676 438 55 30 att
1759 432 60 36 för

219 492 157 35 kontroll
408 490 101 36 öfver
536 492 192 34 kassornas
755 494 94 31 rätta
876 489 240 36 användande
1152 489 162 48 betunga
1331 489 310 34 kammarrättens
1659 486 158 36 revision

219 545 85 34 med
332 556 45 23 en
405 544 213 49 ytterligare
647 543 92 35 eller
767 544 114 34 femte
910 542 226 48 granskning
1165 540 40 37 af
1230 553 141 23 samma
1399 541 276 46 räkenskaper.»

317 596 80 37 Den
439 597 38 35 af
514 596 228 48 Riksdagens
784 596 180 35 revisorer
1007 596 216 46 ifrågasatta
1266 594 319 47 undersökningen
1628 605 61 22 om
1731 592 45 35 de
1808 591 10 35 i

220 650 435 36 marketenterikassorna
697 647 272 37 sammanförda
1005 648 164 36 medlens
1197 652 111 30 natur
1337 645 40 37 af
1401 645 211 37 statsmedel
1641 645 90 35 eller
1760 657 59 23 en-

220 703 116 36 skilda
378 703 120 36 medel
540 701 79 38 blef
659 701 40 37 af
729 702 268 36 statsutskottet
1034 701 63 36 vid
1130 702 95 36 1901
1259 700 57 36 års
1343 699 151 49 riksdag
1522 698 183 37 förordad.
1754 697 64 36 Uti

220 758 63 35 sitt
325 758 83 35 med
449 756 199 49 anledning
689 757 39 34 af
756 756 255 36 Revisorernes
1040 756 195 35 berättelse
1278 752 139 51 afgifna
1446 752 191 37 utlåtande
1667 751 150 50 yttrade

220 811 271 35 statsutskottet
519 809 189 49 angående
737 809 119 36 denna
884 808 119 49 fråga:

319 864 78 36 »Då
436 864 173 48 ostridigt
632 870 50 38 är,
716 868 56 30 att
800 863 11 34 i
840 862 44 35 de
913 875 24 22 s.
967 863 33 34 k.
1025 861 276 36 marketenteri-
1330 860 69 36 och
1427 860 278 47 lägerkassorna
1733 857 86 49 ingå

222 918 98 35 såväl
362 917 210 36 statsmedel
615 929 78 23 som
734 915 166 36 enskilda
933 915 132 44 medel,
1099 916 118 34 finner
1246 914 179 35 utskottet
1452 913 84 35 med
1564 912 159 48 ordning
1751 913 68 34 och

221 971 88 35 reda
348 969 409 43 öfverensstämmande,
799 974 55 30 att
895 968 102 36 dessa
1042 969 120 35 medel
1204 967 186 47 särskiljas
1433 966 68 36 och
1543 966 94 36 hvar
1673 964 58 36 för
1763 966 56 47 sig

221 1024 203 44 redovisas;
466 1023 68 36 och
576 1035 106 36 synes
722 1022 258 49 redogörelsen
1022 1023 105 34 öfver
1169 1021 70 36 den
1281 1020 60 36 del
1374 1021 38 35 af
1444 1020 103 35 dessa
1579 1018 132 45 medel,
1740 1031 78 23 som

223 1086 41 28 är
297 1083 56 30 att
385 1077 150 36 hänföra
568 1077 62 35 till
663 1076 224 44 statsmedel,
917 1076 90 35 böra
1034 1073 165 50 undergå
1227 1074 225 49 granskning
1480 1073 10 35 i
1521 1073 297 35 kammarrätten.

224 1131 82 37 Men
339 1133 57 34 för
423 1130 179 37 ernående
630 1129 42 36 af
697 1129 156 37 berörda
881 1128 171 37 ändamål
1080 1128 105 36 torde
1213 1127 86 37 med
1327 1126 272 49 nödvändighet
1627 1125 191 45 erfordras,

224 1191 65 39 att,
317 1184 46 50 på
391 1189 72 31 sätt
490 1185 240 36 Revisorerne
759 1182 202 50 ifrågasatt,
990 1182 275 47 undersökning
1293 1181 171 36 anställes
1478 1181 59 34 till
1556 1179 206 37 utrönande
1780 1178 42 36 af

225 1239 95 36 hvad
361 1237 84 37 utaf
482 1237 283 49 ifrågavarande
806 1237 143 35 kassors
981 1237 200 47 tillgångar
1217 1235 191 49 rätteligen
1437 1241 40 28 är
1506 1239 54 30 att
1589 1245 85 24 anse
1702 1232 116 37 såsom

225 1292 210 36 statsmedel
476 1291 68 36 och
583 1293 117 34 såsom
733 1290 165 36 enskilda
930 1290 130 36 medel.
1117 1289 76 36 Vid
1227 1289 101 36 detta
1356 1286 232 37 förhållande
1616 1287 120 35 finner
1764 1286 55 49 sig

225 1346 181 36 utskottet
447 1345 90 35 böra
579 1343 135 37 föreslå
754 1343 208 48 Riksdagen
1005 1348 53 31 att
1099 1343 88 35 söka
1231 1341 157 37 utverka
1420 1341 138 48 Kungl.
1590 1341 129 46 Maj:ts
1746 1338 72 37 för-

225 1398 228 37 anstaltande
481 1411 61 23 om
571 1410 46 24 en
645 1397 111 36 sådan
786 1397 213 49 utrednings
1026 1395 304 37 verkställande.»

331 1451 52 37 På
423 1452 44 39 de
509 1450 39 37 af
586 1451 270 36 statsutskottet
899 1449 154 37 sålunda
1095 1448 154 37 anförda
1281 1448 81 36 skäl
1395 1448 67 36 och
1491 1448 12 34 i
1537 1448 164 48 enlighet
1735 1446 85 36 med

225 1506 78 37 dess
344 1506 217 36 hemställan
604 1504 126 36 anhöll
758 1504 210 48 Riksdagen
996 1504 56 36 uti
1080 1501 192 38 skrifvelse
1300 1503 60 35 till
1389 1501 143 49 Kungl.
1565 1501 103 48 Maj:t
1696 1500 69 36 den
1798 1502 17 33 1

225 1561 71 48 maj
342 1561 115 43 1901,
501 1559 62 36 det
590 1559 140 36 täcktes
763 1558 138 48 Kungl.
934 1557 100 49 Maj:t
1060 1556 74 37 låta
1165 1556 140 45 utreda,
1341 1556 5 35 i
1374 1555 97 36 hvad
1499 1554 86 37 mån
1614 1555 44 35 de
1686 1554 60 35 till
1773 1553 46 36 de

225 1614 100 36 olika
352 1612 339 50 truppförbandens
718 1625 26 23 s.
775 1612 36 36 k.
842 1611 272 37 marketenteri-
1143 1611 68 35 och
1238 1610 226 49 lägerkassor
1491 1608 180 49 ingående
1700 1607 120 36 medel

225 1680 90 24 vore
344 1666 206 37 statsmedel
578 1667 92 35 eller
698 1665 122 36 medel
849 1666 38 35 af
915 1665 139 36 enskild
1082 1669 124 39 natur,
1235 1664 38 36 så
1301 1669 55 30 att
1372 1663 179 36 särskilda
1569 1661 253 49 redogörelser

225 1720 102 37 öfver
358 1721 71 35 den
462 1720 119 44 andel,
615 1732 78 23 som
721 1719 189 49 utgjordes
938 1719 37 35 af
1003 1718 223 44 statsmedel,
1253 1717 125 36 kunde
1406 1720 195 45 upprättas
1630 1715 68 36 och
1721 1715 13 35 i
1762 1727 57 23 ve-

224 1775 189 47 derbörlig
441 1774 159 48 ordning
627 1774 60 36 till
715 1773 226 49 granskning
969 1773 260 35 öfverlämnas.

331 1828 119 36 Sedan
479 1826 209 38 dåvarande
708 1826 195 37 statsrådet
922 1827 67 35 och
1010 1826 127 35 chefen
1158 1826 58 35 för
1235 1824 130 48 kungl.
1387 1822 434 48 landtförsvarsdeparte-

224 1887 142 31 mentet
393 1881 86 36 med
508 1881 201 48 anledning
737 1879 40 37 af
804 1879 227 49 Riksdagens
1050 1878 157 37 sålunda
1226 1878 130 49 gjorda
1375 1876 272 48 framställning
1666 1876 12 35 i
1698 1880 123 31 ämnet

225 1935 177 36 anmodat
443 1934 377 48 arméförvaltningen
853 1933 21 36 å
906 1933 501 48 intendentsdepartementet
1436 1936 53 31 att
1516 1927 192 39 inkomma
1735 1928 85 36 med

223 1989 182 50 yttrande,
434 1989 150 36 hvilken
613 1988 61 36 del
702 1986 42 37 af
768 1989 189 34 kassornas
984 1987 201 35 inkomster
1205 1986 116 35 skulle
1341 1983 170 37 hänföras
1530 1984 60 36 till
1610 1978 211 53 statsmedel

225 2044 91 35 eller
343 2043 60 35 till
431 2042 121 36 medel
581 2041 39 36 af
647 2041 145 37 enskild
819 2046 111 30 natur
958 2046 95 30 samt
1081 2046 56 30 att
1165 2038 142 50 afgifva
1335 2038 138 49 förslag
1501 2038 60 35 till
1591 2037 44 36 de
1664 2038 156 35 bestäm-

224 2098 133 35 melser
389 2097 12 34 i
431 2096 101 36 detta
559 2095 218 44 hänseende,
811 2107 79 23 som
919 2093 40 37 af
985 2093 381 48 armeförvaltningen
1395 2091 150 50 ansåges
1573 2092 91 35 böra
1692 2091 129 48 läggas

224 2151 58 35 till
324 2150 121 49 grund
476 2148 57 37 för
563 2149 71 36 den
663 2147 42 37 af
728 2148 210 48 Riksdagen
968 2147 160 49 begärda
1157 2147 255 47 utredningen,
1439 2144 102 50 afgaf
1568 2143 252 37 arméförvalt-

224 2205 136 46 ningen
403 2203 70 36 den
521 2206 15 34 1
580 2203 73 49 juli
689 2203 97 37 1902
823 2201 189 36 utlåtande
1041 2202 13 34 i
1083 2201 153 36 ärendet
1263 2206 96 30 samt
1386 2198 277 38 öfverlämnade
1691 2197 129 37 därvid

224 2258 121 36 tillika
372 2256 199 51 yttranden
605 2255 82 37 från
716 2255 271 37 vederbörande
1015 2253 518 51 fördelningsintendenturer.
