2228 2638
415 192 40 30 20
874 193 355 30 Konstitutionsutskottets
1253 194 155 29 Memorial
1431 194 56 29 N:o
1512 196 29 27 6.

412 271 65 49 går
506 271 206 50 otvetydigt
740 273 39 34 af
807 272 199 48 lagtexten,
1034 272 68 36 och
1130 272 154 37 sålunda
1313 273 68 36 har
1409 273 212 36 densamma
1649 272 107 37 också
1775 272 126 38 blifvit
1921 287 88 36 upp-

412 324 120 37 fattad
561 324 41 36 af
627 326 163 35 militära
819 325 265 50 myndigheter,
1109 339 76 23 som
1214 327 77 36 haft
1318 331 56 32 att
1401 327 171 48 tillämpa
1600 327 220 36 densamma.

520 378 243 37 Annorlunda
793 379 67 35 har
887 379 71 37 den
981 380 210 36 nuvarande
1220 379 130 37 chefen
1379 379 55 38 för
1454 379 557 50 landtförsvarsdepartementet

411 437 118 31 ansett
556 433 55 48 sig
639 433 125 35 kunna
793 433 102 35 tolka
923 433 67 36 och
1017 434 169 48 tillämpa
1205 447 51 22 nu
1273 433 282 50 ifrågavarande
1574 433 294 49 lagstadganden.
1906 433 104 38 Efter

412 491 53 31 att
493 487 12 33 i
532 485 195 37 statsrådet
755 486 70 36 den
859 489 43 34 12
930 487 142 48 januari
1108 489 99 36 1904
1237 486 113 37 hafva
1378 486 225 46 omförmält,
1631 492 54 31 att
1713 488 56 35 uti
1799 487 90 37 flera
1908 487 40 37 af
1965 488 44 36 de

412 538 92 37 efter
533 540 225 36 afslutandet
787 539 41 36 af
858 541 96 36 1903
984 539 57 37 års
1069 540 289 50 vapenöfningar
1386 540 140 50 afgifna
1544 541 465 49 inspektionsrapporterna

411 592 223 37 framhållits
675 593 287 37 önskvärdheten
1003 593 116 46 däraf,
1160 600 54 31 att
1256 596 43 35 de
1328 596 78 36 icke
1435 594 198 50 vapenföre
1662 596 264 49 värnpliktiges
1954 601 56 31 ut-

412 647 171 49 bildning
624 646 37 37 så
702 647 189 45 ordnades,
935 651 54 33 att
1021 661 45 23 en
1100 648 60 37 del
1188 647 40 37 af
1254 649 85 35 dem
1368 649 148 37 komme
1544 653 55 31 att
1628 661 84 24 vara
1740 649 185 36 inkallade
1952 648 57 37 till

411 701 244 48 tjänstgöring
692 700 118 37 under
852 700 341 38 vintermånaderna
1226 703 88 36 eller
1347 703 104 48 eljest
1478 702 118 36 under
1624 714 119 24 annan
1771 702 55 37 tid
1855 710 46 29 än
1929 704 80 44 den,

411 753 45 37 då
497 753 120 50 öfriga
654 755 248 49 värnpliktige
944 753 157 47 öfvades,
1143 756 66 36 och
1242 755 93 37 efter
1363 761 56 32 att
1446 756 327 37 därsammastädes
1801 756 110 37 hafva
1939 756 70 37 för-

412 808 131 45 klarat,
585 811 53 33 att
669 809 67 35 allt
764 808 123 36 talade
916 808 58 36 för
1001 809 241 50 vidtagandet
1271 809 40 36 af
1337 809 183 50 åtgärder,
1547 810 240 48 hvarigenom
1817 811 192 48 möjlighet

411 861 122 37 kunde
576 862 150 36 beredas
768 867 53 31 att
864 862 114 36 under
1010 876 121 23 annan
1160 862 113 37 årstid
1302 863 90 36 fullt
1419 863 244 49 tillgodogöra
1691 863 55 49 sig
1775 863 100 37 desse
1904 869 104 32 värn-

410 916 172 48 pliktiges
611 916 233 44 arbetskraft,
863 916 248 49 tillkännagaf
1127 916 304 50 föredraganden,
1452 922 54 32 att
1524 918 73 35 han
1615 917 153 36 ämnade
1784 919 66 35 hos
1870 917 136 49 Kungl.

411 968 102 50 Maj:t
545 969 12 35 i
587 968 292 50 underdånighet
918 976 87 42 göra
1033 971 275 48 framställning
1336 984 60 23 om
1424 969 218 38 utfärdande
1671 971 10 35 i
1712 971 296 50 kommandoväg

411 1021 39 37 af
490 1022 134 50 nådiga
665 1022 237 46 föreskrifter,
930 1024 153 36 ledande
1112 1024 137 45 därtill,
1280 1030 55 30 att
1363 1030 53 31 ett
1444 1025 101 35 antal
1574 1025 79 35 icke
1681 1026 197 47 vapenföre
1907 1032 101 30 värn-

410 1077 154 48 pliktige
592 1075 195 38 försöksvis
815 1078 98 48 finge
941 1080 116 34 såsom
1088 1077 262 38 skrifbiträden
1379 1079 12 35 i
1420 1078 43 37 de
1492 1078 79 36 icke
1600 1079 280 48 garnisonerade
1908 1092 98 37 rege-

411 1135 189 31 mentenas
642 1130 249 49 expeditioner
930 1137 94 30 samt
1064 1131 520 50 rullföringsexpeditionerna
1624 1131 160 50 fullgöra
1828 1133 83 36 hela
1952 1134 53 35 sin

410 1185 243 48 tjänstgöring
680 1185 12 34 i
721 1197 43 23 en
794 1184 104 49 följd,
928 1186 83 35 med
1040 1185 196 37 inställelse
1266 1186 71 36 den
1370 1188 13 35 1
1417 1186 202 36 november
1650 1187 112 37 1904.
1820 1186 187 50 Tilläggas

413 1238 79 45 bör,
522 1242 54 31 att
604 1237 268 50 föredragande
901 1238 397 49 departementschefen
1318 1238 274 38 förutskickade
1612 1239 68 37 den
1700 1240 305 49 anmärkningen,

411 1296 55 31 att
506 1290 121 50 någon
660 1290 183 50 svårighet
871 1294 53 34 att
951 1291 45 49 på
1024 1292 286 50 frivillighetens
1338 1300 71 43 väg
1436 1294 126 35 kunna
1592 1298 127 44 uttaga
1749 1294 45 35 de
1823 1295 185 47 värnplik-

410 1345 86 48 tige,
538 1357 79 24 som
650 1352 62 29 äro
737 1344 238 50 erforderliga
1003 1344 57 39 för
1088 1347 244 49 tjänstgöring
1361 1347 116 36 under
1508 1346 357 46 vintermånaderna,
1896 1348 111 49 knap-

409 1404 81 43 past
522 1399 105 36 torde
656 1398 159 38 behöfva
843 1398 156 46 befaras,
1027 1400 233 37 alldenstund
1290 1401 63 36 det
1377 1401 43 48 ju
1448 1400 58 37 för
1529 1400 155 50 mången
1713 1403 114 34 måste
1855 1414 86 24 vara
1969 1401 42 36 af

410 1453 215 36 ekonomisk
659 1451 115 38 fördel
807 1458 55 31 att
889 1452 37 37 få
953 1454 165 49 fullgöra
1146 1455 52 35 sin
1227 1455 187 48 värnplikt
1442 1453 118 38 under
1586 1454 145 37 vintern
1758 1455 13 35 i
1798 1455 125 36 stället
1950 1454 57 37 för

411 1506 117 36 under
555 1519 217 32 sommaren,
800 1506 47 37 då
874 1507 202 49 tillgången
1106 1508 59 36 till
1193 1507 289 50 arbetsförtjänst
1509 1512 38 32 är
1574 1508 182 49 rikligare.

515 1559 148 38 Samma
692 1560 83 49 dag,
806 1561 70 36 den
909 1563 42 35 12
978 1562 148 47 januari
1159 1563 111 44 1904,
1301 1562 134 36 beslöts
1460 1562 150 49 jämlikt
1633 1561 275 37 ofvannämnda
1926 1576 79 34 pro-

408 1614 118 36 tokoll
555 1615 11 34 i
595 1613 311 47 kommandomål,
936 1620 54 30 att
1024 1628 62 23 »en
1114 1616 53 36 del
1195 1617 48 42 af
1263 1618 41 34 de
1326 1617 73 35 icke
1421 1616 188 45 vapenföre
1627 1617 241 44 värnpliktige,
1889 1618 118 35 hvilka

410 1669 97 35 skola
535 1669 196 43 inskrifvas
760 1670 111 35 under
898 1671 237 34 innevarande
1164 1671 41 34 år
1234 1671 60 35 och
1322 1670 148 36 tilldelas
1498 1671 118 43 hären,
1647 1671 90 35 skall
1758 1670 99 43 först
1874 1672 130 35 instun-

410 1724 113 34 dande
564 1723 76 35 höst
680 1723 153 36 inkallas
866 1724 52 35 till
950 1725 265 44 tjänstgöring».
1275 1723 54 36 De
1357 1724 13 35 i
1398 1722 169 38 afseende
1595 1723 86 36 härå
1708 1723 103 49 gifna
1840 1728 165 32 närmare

408 1776 319 36 bestämmelserna
755 1775 204 37 innehållas
986 1777 11 34 i
1027 1775 159 50 följande
1215 1777 266 49 generalorder:

499 1880 129 40 Kungl.
654 1880 96 40 Maj:t
774 1883 59 30 har
850 1883 11 29 i
878 1882 98 32 nåder
990 1882 125 42 befallt,
1133 1886 49 29 att
1199 1893 37 22 en
1253 1884 52 31 del
1321 1884 40 40 af
1375 1884 37 31 de
1427 1883 91 32 icke
1533 1883 229 39 vapenföre
1777 1883 226 41 värnpliktige,

409 1926 111 32 hvilka
549 1926 181 41 inskrifvas
753 1927 105 32 under
880 1927 224 33 innevarande
1127 1930 40 30 år
1191 1928 54 32 och
1271 1928 140 32 tilldelas
1436 1928 109 34 hären,
1571 1928 84 32 skall
1670 1929 92 40 först
1785 1928 220 33 instundande

409 1971 69 32 höst
513 1971 145 32 inkallas
695 1971 50 32 till
781 1972 214 41 tjänstgöring
1030 1972 50 31 för
1109 1976 48 28 att
1185 1973 142 32 därefter
1351 1974 12 30 i
1387 1984 39 20 en
1451 1973 78 39 följd
1553 1972 143 42 fullgöra
1719 1973 202 37 densamma;
1946 1975 58 30 och

409 2017 91 30 skola
524 2017 12 30 i
561 2016 149 32 afseende
733 2017 80 30 härå
837 2017 139 41 följande
1001 2017 242 32 bestämmelser
1267 2018 98 31 lända
1389 2018 54 31 till
1467 2018 225 31 efterrättelse.

500 2080 27 29 1.
576 2079 67 31 Till
678 2080 113 39 hvarje
826 2080 384 42 rullföringsexpedition
1245 2082 88 29 inom
1368 2080 132 32 I.—VI.
1537 2080 467 42 arméfördelningsområdena

408 2123 168 31 äfvensom
612 2124 54 31 till
702 2125 112 39 hvarje
849 2125 71 30 icke
954 2126 247 40 garnisoneradt
1235 2125 362 42 infanteriregementes
1632 2126 371 42 regementsexpedition

408 2168 144 31 inkallas
576 2171 48 29 ett
648 2169 221 41 skrifbiträde,
894 2172 128 39 uttaget
1045 2170 98 31 bland
1166 2170 38 32 de
1228 2170 71 31 icke
1324 2171 173 41 vapenföre
1518 2171 224 41 värnpliktige
1758 2181 69 21 som
1844 2171 158 31 tilldelats

410 2213 222 41 vederbörligt
666 2214 354 41 infanteriregemente,
1056 2215 80 31 dock
1171 2217 48 29 att
1251 2215 135 41 behörig
1420 2216 196 40 minskning
1639 2217 12 30 i
1674 2217 89 31 detta
1798 2216 91 31 antal
1917 2215 83 41 sker,

1106 2259 11 10 o

412 2258 107 32 därest
542 2258 60 32 den
629 2259 244 41 sammanlagda
897 2259 182 42 tillgången
1103 2271 19 21 å
1144 2261 72 31 icke
1232 2261 174 40 vapenföre
1422 2260 239 33 skrifbiträden
1679 2262 71 31 icke
1766 2265 36 27 är
1819 2260 183 41 tillräcklig
