2208 2608
670 226 120 30 Första
814 226 214 39 lagutskottets
1054 227 165 30 utlåtande
1243 228 51 30 Nr
1319 231 50 28 357.
1787 231 35 28 15

330 306 156 34 Sålunda
517 306 171 46 uppvisar
723 307 159 43 Finland,
914 308 64 34 där
1008 308 229 35 dödsstraffet
1256 309 80 34 icke
1357 310 197 46 tillämpats
1575 311 108 33 sedan
1710 313 111 36 1826,

224 358 115 33 under
376 359 112 35 första
517 360 178 35 årtiondet
723 361 91 34 efter
843 361 117 34 denna
989 361 174 46 tidpunkt
1192 365 53 32 ett
1274 363 141 34 absolut
1443 363 227 35 årsmedeltal
1700 377 43 23 av
1776 367 51 31 24

222 411 123 34 domar
387 413 55 33 för
486 412 198 46 uppsåtligt
720 413 162 35 dödande
914 426 79 22 men
1025 416 48 32 50
1103 417 40 31 år
1172 427 135 31 senare,
1339 416 55 33 för
1430 417 211 43 1870-talet,
1673 420 51 31 ett
1753 419 71 32 års-

224 464 164 36 medeltal
432 479 43 21 av
517 466 127 34 endast
684 469 43 31 10
758 467 133 33 sådana
920 468 133 33 domar.
1113 468 17 33 I
1160 468 149 44 Belgien
1339 468 225 46 tillimpades
1594 470 231 34 dödsstraffet

222 517 88 35 sista
351 521 141 43 gången
535 522 38 30 är
621 516 111 45 1863,
776 519 65 34 och
871 520 135 33 antalet
1035 520 124 34 domar
1187 522 55 32 för
1271 522 101 33 mord
1402 522 65 33 har
1496 523 109 33 sedan
1635 523 80 34 dess
1744 522 80 35 icke

222 570 102 47 stigit
367 570 275 46 (promilletalet,
688 584 75 22 som
807 575 38 31 år
895 575 94 32 1861
1028 585 62 22 var
1120 576 102 41 0,006,
1255 586 62 22 var
1346 577 39 31 år
1423 576 95 33 1910
1548 575 127 35 endast
1705 576 115 45 0,002).

222 625 208 34 Detsamma
459 630 39 28 är
526 625 241 34 förhållandet
795 624 12 34 i
836 625 199 42 Danmark,
1067 627 64 33 där
1160 626 109 46 ingen
1299 627 208 47 avrättning
1536 631 60 41 igt
1616 641 77 21 rum
1712 629 110 34 sedan

228 679 109 42 1892,
368 678 65 34 och
462 678 12 34 i
503 678 130 45 Norge,
664 678 64 34 där
758 678 228 35 dödsstraffet
1015 679 226 35 avskaffades
1270 692 126 34 genom
1426 681 68 33 den
1524 693 71 34 nya
1615 682 207 46 strafflagen

229 732 107 33 1902.
395 731 17 33 I
441 731 203 35 Rumänien
687 732 225 34 avskaffades
947 733 228 35 dödsstraffet
1204 735 40 33 år
1278 737 108 31 1864.
1445 735 72 33 Det
1546 735 160 34 absoluta
1736 735 93 35 talet

221 784 56 34 för
318 784 200 46 uppsåtligt
560 784 174 43 dödande,
778 797 72 22 som
895 787 244 45 nyssnämnda
1182 789 39 32 år
1261 788 164 46 utgjorde
1457 790 86 41 204,
1574 787 105 48 sjönk
1710 789 114 34 under

226 838 203 34 1880-talet
470 837 55 35 till
572 840 71 32 188
688 837 56 35 för
786 841 38 31 år
852 839 65 34 och
946 839 116 34 under
1095 841 205 34 1890-talet
1327 841 57 34 till
1418 844 83 32 183.
1560 841 17 33 TI
1606 841 130 35 Italien
1766 855 57 22 av-

222 887 178 38 skaffades
429 890 228 36 dödsstraffet
687 903 126 34 genom
845 891 207 47 strafflagen
1086 895 110 32 1889.
1257 894 123 34 Under
1400 894 43 34 de
1463 899 181 30 närmaste
1667 897 48 32 20
1737 897 86 32 åren

222 943 91 35 efter
342 944 80 34 dess
451 944 203 46 antagande
683 944 106 48 sjönk
818 944 253 47 promilletalet
1099 958 43 22 av
1172 946 43 34 de
1245 949 157 32 svåraste
1422 947 144 35 brotten
1587 951 72 31 mot
1674 948 149 46 kropps-

221 997 50 45 lig
307 997 270 35 okränkbarhet
607 997 195 36 successivt
830 998 70 34 ned
928 997 57 36 till
1013 998 154 46 ungefär
1194 999 142 35 hälften
1366 1013 42 21 av
1442 1001 222 34 1880-talets
1694 1002 129 34 medel-

221 1050 109 35 siffra.

327 1104 44 48 Ej
401 1104 113 34 heller
542 1116 44 22 en
612 1104 206 47 jämförelse
848 1105 130 35 mellan
1008 1107 20 32 å
1057 1119 66 22 ena
1159 1106 103 35 sidan
1291 1107 43 33 de
1363 1107 135 43 länder,
1530 1119 73 23 som
1633 1107 190 35 bibehållit

221 1158 66 34 och
329 1157 217 46 praktiserat
587 1158 241 43 dödsstraffet,
872 1158 65 35 och
966 1161 20 32 å
1014 1160 114 33 andra
1169 1159 104 36 sidan
1301 1160 44 34 de
1374 1160 136 43 länder,
1541 1173 73 22 som
1646 1161 177 35 avskaffat

221 1211 87 34 eller
349 1212 158 45 upphört
549 1214 52 32 att
638 1212 167 34 använda
834 1212 71 43 det,
935 1212 101 46 giver
1064 1215 110 43 något
1203 1214 79 34 stöd
1310 1213 56 35 för
1396 1215 210 44 påståendet
1634 1227 56 22 om
1721 1216 109 34 döds-'

222 1263 157 36 straffets
408 1265 273 45 överlägsenhet
712 1265 86 34 eller
816 1265 269 47 nödvändighet
1105 1278 42 22 ur
1168 1267 323 46 allmänpreventiv
1512 1268 198 46 synpunkt.
1743 1268 78 36 Siff-

222 1328 105 23 rorna
355 1317 56 35 för
439 1318 43 34 de
511 1320 157 33 svåraste
697 1319 143 34 brotten
868 1324 61 29 äro
957 1318 197 47 ingalunda
1182 1321 98 45 lägre
1309 1320 96 35 inom
1434 1321 70 34 den
1532 1321 97 35 förra
1657 1334 164 34 gruppen

222 1376 46 28 än
296 1370 96 35 inom
422 1371 69 34 den
520 1383 134 23 senare.
713 1372 42 47 Ej
786 1372 113 34 heller
927 1377 40 29 är
995 1373 255 45 proportionen
1279 1374 131 34 mellan
1439 1374 43 34 de
1512 1375 105 43 brott,
1648 1375 56 34 för
1724 1374 97 36 vilka

222 1424 195 35 dödsstraff
442 1424 124 46 plägar
594 1425 157 42 ådömas,
782 1425 12 34 i
823 1424 225 36 förhållande
1076 1425 56 35 till
1162 1427 112 34 andra
1302 1427 96 35 brott
1427 1427 168 35 mindre
1575 1420 29 55 i
1611 1404 52 59 de
1682 1429 137 42 länder,

223 1478 64 34 där
316 1476 228 37 dödsstraffet
572 1479 129 43 finnes,
731 1483 46 30 än
805 1478 12 35 i
846 1479 44 34 de
918 1478 136 44 länder,
1077 1480 65 34 där
1161 1479 62 36 det
1242 1480 206 36 avskaffats.
1507 1481 158 35 Sålunda
1684 1482 138 35 utvisar

222 1530 221 48 exempelvis
471 1531 169 46 Spanien,
671 1533 79 34 med
776 1532 203 44 dödsstraff,
1011 1532 55 36 för
1095 1535 39 33 år
1167 1536 101 32 1904
1289 1534 256 65 proportionen
1565 1537 31 32 1:
1620 1538 49 32 40
1691 1536 131 34 mellan

223 1585 104 34 mord:
351 1585 67 35 och
446 1585 161 48 tjuvnad,
638 1585 130 35 medan
797 1586 131 46 Norge,
958 1589 89 31 utan
1077 1587 202 44 dödsstraff,
1302 1587 54 35 för
1377 1600 135 23 samma
1531 1590 40 33 år
1591 1589 138 62 utvisar
1744 1602 77 34 pro-

224 1637 188 47 portionen
445 1640 44 33 1:
511 1641 111 33 2600.

330 1691 262 36 Erfarenheten
634 1692 82 35 från
750 1693 43 34 de
821 1705 50 22 nu
899 1693 157 35 nämnda
1086 1694 65 34 och
1181 1694 122 47 övriga
1332 1695 136 43 länder,
1500 1695 64 35 där
1593 1695 230 36 dödsstraffet

224 1745 196 35 avskaffats
461 1746 86 34 eller
588 1745 153 35 kommit
784 1759 42 22 ur
862 1745 242 49 tillämpning,
1143 1747 103 47 giver
1274 1748 151 35 sålunda
1453 1748 81 35 icke
1561 1749 80 35 stöd
1670 1748 55 36 för
1754 1749 69 35 far-

224 1799 130 45 hågan,
385 1801 52 33 att
465 1799 80 35 dess
565 1799 237 47 borttagande
822 1800 119 35 skulle
960 1812 86 23 vara
1065 1800 56 35 till
1141 1801 115 35 skada
1275 1801 55 35 för
1349 1801 318 36 rättssäkerheten.
1700 1803 123 35 Under

225 1852 133 35 sådana
386 1852 251 36 förhållanden
665 1853 66 35 har
747 1853 190 36 utskottet
964 1853 79 35 icke
1071 1853 125 37 tvekat
1225 1857 53 33 att
1304 1854 186 48 tillstyrka
1509 1855 251 36 avskaffandet
1779 1869 44 22 av

224 1918 45 21 en
311 1906 169 44 straffart,
525 1918 80 23 vars
634 1906 251 36 bibehållande
914 1906 12 35 i
954 1907 65 35 och
1048 1907 55 35 för
1131 1907 56 49 sig
1216 1911 112 32 måste
1357 1921 43 22 ur
1428 1909 133 35 allmän
1588 1910 235 35 humanitets-

224 1959 189 47 synpunkt
439 1959 148 36 framstå
615 1962 115 33 såsom
761 1961 63 35 allt
853 1963 109 32 annat
990 1966 46 29 än
1064 1961 183 36 önskvärt.

332 2013 201 48 Härvidlag
573 2014 102 35 torde
718 2014 92 35 dock
851 2014 186 47 undantag
1064 2014 13 35 i
1105 2017 52 32 ett
1199 2016 175 35 avseende
1415 2017 85 34 böra
1527 2021 114 41 göras.
1702 2018 121 34 Såsom

225 2066 111 35 redan
383 2069 97 33 1919
523 2069 58 33 års
625 2067 201 46 lagutskott
866 2067 180 44 framhöll,
1076 2070 95 33 möta
1201 2068 123 36 starka
1351 2069 289 47 betänkligheter
1670 2074 74 31 mot
1772 2074 52 32 att

226 2119 57 35 för
323 2120 222 36 närvarande
587 2121 169 46 upphäva
798 2121 228 35 dödsstraffet
1068 2121 108 35 såvitt
1204 2125 112 43 angår
1343 2122 206 47 gärningar,
1579 2136 75 22 som
1683 2136 102 33 avses
1813 2124 11 34 i

227 2173 208 48 strafflagen
464 2174 55 35 för
546 2174 251 47 krigsmakten
826 2175 65 34 och
920 2187 74 22 som
1024 2175 142 47 begåtts
1197 2176 114 34 under
1330 2175 167 47 krigstid.
1557 2178 123 34 Under
1699 2177 124 47 dylika

226 2228 301 46 utomordentliga
569 2228 250 35 förhållanden
860 2229 102 35 torde
1002 2228 229 36 dödsstraffet
1274 2229 85 36 böra
1399 2229 205 37 bibehållas.
1662 2231 18 35 I
1709 2231 116 36 likhet

228 2280 80 36 med
350 2281 98 35 såväl
490 2282 43 34 de
565 2281 231 47 sakkunniga
823 2294 74 23 som
928 2282 259 47 föredragande
1216 2283 394 47 departementschefen
1639 2297 105 23 anser
1771 2289 53 32 ut-
