2202 2610
687 226 120 30 Första
832 222 219 41 lagutskottets
1074 219 164 32 utlåtande
1263 218 52 30 Nr
1339 220 53 27 37.
1823 213 19 30 3

244 312 198 34 nedsättas;
482 309 61 34 och
579 311 53 31 må
659 306 132 48 jämväl
823 304 225 36 straffarbete
1077 304 45 44 på
1153 300 70 37 viss
1251 299 54 36 tid
1334 298 184 34 nedsättas
1547 295 55 36 till
1632 295 138 35 hälften
1800 306 43 22 av

245 365 66 33 den
343 363 97 52 eljest
475 365 55 31 för
559 362 133 33 brottet
721 358 171 46 stadgade
921 357 133 35 minsta
1083 354 167 40 strafftid,
1282 352 91 35 dock
1394 351 31 48 ej
1447 350 114 35 under
1582 351 60 33 två
1662 347 180 35 månader.

350 417 53 34 Är
442 417 134 33 brottet
604 413 120 46 belagt
753 412 80 34 med
862 410 149 47 påföljd,
1042 421 73 22 som
1144 408 12 34 i
1188 410 19 31 2
1239 406 82 46 kap.
1359 407 44 32 19
1434 406 22 41 $
1485 408 96 41 sägs;
1612 406 109 42 pröve
1750 401 95 34 dom-

245 471 124 42 stolen,
401 469 91 35 efter
521 466 363 46 omständigheterna,
917 462 177 35 huruvida
1124 461 111 33 sådan
1265 456 137 49 påföljd
1431 457 142 34 ådömas
1602 455 73 34 bör.

1005 571 19 30 6
1055 571 35 39 S.

354 664 133 33 Prövas
529 663 129 43 någon,
703 671 75 23 som
811 657 167 46 brottslig
1006 655 154 46 gärning
1188 654 134 45 begått,
1352 651 128 35 därvid
1507 650 93 34 hava
1629 661 43 22 av
1701 648 148 45 kropps-

248 718 84 34 eller
363 714 303 49 sinnessjukdom,
697 710 352 46 ålderdomssvaghet
1077 708 86 35 eller
1192 718 131 32 annan,
1353 707 90 33 utan
1471 715 90 35 cgen
1580 702 120 43 skuld,
1722 701 128 35 iråkad

248 769 196 44 förvirring
473 769 130 34 saknat
631 766 218 36 förståndets
879 764 90 35 fulla
997 762 107 44 bruk,
1134 762 116 34 ehuru
1279 760 74 34 han
1381 759 31 47 ej
1444 757 72 35 kan
1540 757 55 35 för
1615 755 161 36 strafflös.
1792 766 59 23 an-

249 837 55 22 ses
326 807 98 62 efter
456 826 18 31 5
507 827 37 38 $;
576 822 44 33 då
650 823 68 40 må,
749 819 91 35 efter
869 815 367 47 omständigheterna,
1267 812 139 36 straffet
1434 811 184 35 nedsättas
1647 809 115 34 under
1782 807 69 35 vad

248 878 12 33 i
291 877 196 35 allmänhet
517 878 19 31 å
564 873 200 48 gärningen
792 872 88 47 följa
907 871 93 33 bort.

971 997 20 32 8
1022 993 114 35 KAP.

995 1077 32 40 1

1062 1082 33 44 IA

1563 1127 20 13 ”

359 1143 76 34 Var
464 1154 88 30 som,
582 1140 13 35 i
623 1141 144 45 uppsåt:
934 1173 2 2 c
1734 1156 2 2 ]

362 1199 32 31 1.
455 1199 54 31 att
536 1195 105 45 lägga
669 1192 95 35 riket
792 1192 115 34 under
936 1188 224 37 främmande
1189 1187 123 43 makt,
1333 1185 87 35 eller
1448 1184 83 35 från
1551 1182 94 36 riket
1665 1181 192 35 söndra:en

253 1249 121 36 därtill
403 1248 160 35 hörande
593 1247 56 34 del
678 1246 87 35 eller
792 1244 214 47 besittning;
1037 1242 87 35 eller

362 1305 32 32 2
453 1305 51 31 att
547 1301 81 34 med
669 1300 221 34 våldsamma
925 1297 114 34 medel
1067 1295 169 46 upphäva
1265 1293 87 35 eller
1381 1292 112 35 ändra
1521 1292 120 45 någon
1669 1301 43 22 av
1742 1287 113 35 rikets

252 1356 235 46 grundlagar;
520 1354 86 34 eller

363 1411 32 32 3.
455 1406 52 37 att
537 1408 203 44 Konungen
768 1404 51 35 liv
849 1403 86 35 eller
965 1402 109 35 frihet
1101 1401 132 35 beröva
1263 1399 86 35 eller
1377 1398 131 37 honom
1537 1396 90 35 från
1647 1398 128 32 tronen
1804 1397 53 31 ut-

253 1467 144 42 tränga;
429 1460 87 37 eller
1809 1452 23 13 i

362 1519 33 32 4.
455 1518 53 32 att
535 1511 210 48 tronföljare
774 1511 86 35 eller
889 1522 120 22 annan
1038 1507 112 48 prins,
1181 1519 72 23 som
1284 1505 57 36 till
1368 1507 129 33 tronen
1525 1502 150 47 arvinge
1704 1506 49 39 är,
1771 1500 88 36 livet

255 1571 143 43 beröva,
430 1569 86 35 ellér
544 1571 118 44 någon
691 1579 44 22 av
765 1566 80 34 dem
874 1564 83 34 från
985 1561 219 47 tronföljden
1232 1562 206 43 utestänga;
1742 1554 2 2 |

362 1628 64 42 gör
454 1633 148 36 uppror,
631 1620 86 35 eller
745 1630 121 24 annan
895 1616 166 48 gärning,
1092 1615 69 35 den
1190 1614 65 35 där
1282 1611 200 37 innefattar
1508 1606 186 51 uppsåtets
1714 1608 147 36 fullbor-

257 1679 71 33 dan
357 1677 86 35 eter
472 1672 134 46 försök
623 1673 137 45 därtill;
791 1683 45 23 en
864 1671 112 35 sådan
1004 1669 183 36 förrädare
1216 1668 121 34 dömes
1366 1664 62 36 till
1451 1663 227 36 straffarbete
1705 1665 58 45 på
1778 1662 84 35 livs-

256 1729 64 37 tid.
379 1731 77 34 Var
479 1725 108 44 faran
615 1727 118 47 ringa;
766 1726 44 34 då
839 1725 94 35 skall
961 1723 57 36 till
1046 1721 226 37 straffarbete
1301 1719 83 36 från
1412 1718 66 35 och
1508 1717 80 36 med
1616 1728 65 24 sex
1708 1715 58 36 till
1794 1715 67 36 och

259 1785 82 42 med
368 1783 51 36 tio
449 1785 39 33 år
517 1783 132 34 dömas.

1067 1849 40 26 Li
1067 1827 31 31 Joel

366 1927 72 35 Bär
467 1925 133 36 svensk
629 1936 82 22 man
741 1934 117 35 vapen
887 1923 95 33 emot
1010 1919 106 44 riket,
1147 1918 87 34 eller
1262 1918 73 33 mot
1363 1917 119 44 någon
1511 1913 81 35 med
1621 1902 99 46 detta
1747 1911 14 35 i
1779 1910 85 47 krig

257 1980 205 36 förbunden
491 1979 111 43 makt,
633 1978 121 34 dömes
782 1975 57 36 till
868 1974 227 36 straffarbete
1125 1974 44 45 på
1197 1970 136 36 livstid.

1019 2084 19 31 5

1070 2080 34 45 LP

367 2177 81 34 Har
490 2174 132 37 svensk
651 2185 94 32 man,
776 2183 128 36 genom
933 2166 236 51 uppmaning,
1199 2167 87 35 eller
1314 2165 105 48 eljest
1447 2162 241 49 uppsåtligen,
1719 2161 148 35 förmått

262 2230 223 35 främmande
508 2228 118 35 :makt
653 2229 54 33 att
734 2226 82 35 med
844 2224 86 48 krig
956 2222 136 37 anfalla
1117 2221 108 43 riket,
1254 2220 90 35 eller
1371 2218 117 44 makt;
1508 2229 89 24 som.
1616 2215 84 43 med
1719 2215 107 35 detta
1854 2214 13 34 i

263 2284 83 46 krig
374 2282 204 36 förbunden
606 2287 54 39 är;
692 2281 122 34 dömes.
842 2278 58 35 till
928 2276 300 45 straffarbete:
1181 2272 51 62 på
1256 2272 184 37 livstid.zs
1497 2303 16 4 oo.
1622 2289 70 28 sing
1730 2276 78 29 And
