2228 2624
181 1080 183 24 Justiliekans-

186 1116 171 24 lersämbetet,

433 162 18 30 2
880 158 280 32 Bankoutskottets
1182 157 166 32 utlåtande
1370 157 53 31 Nr
1446 158 52 31 15.

390 239 189 50 styrelsen
607 237 122 49 enligt
756 238 67 47 lag
850 236 91 37 eller
968 235 355 49 bolagsordningen
1351 234 160 50 åligger.
1568 235 145 37 Sådant
1732 234 273 51 föreläggande

391 293 61 34 må
494 289 109 46 dock,
641 294 106 31 utom
776 288 75 37 vad
880 290 121 46 angår
1028 287 211 36 innehållet
1266 300 46 23 av
1340 286 117 36 vinst-
1486 287 69 36 och
1584 287 305 47 förlusträkning
1918 287 88 36 eller

391 340 314 49 balansräkning,
734 340 83 37 icke
846 353 47 23 av
920 339 372 48 bankinspektionen
1313 338 190 36 meddelas
1523 338 12 36 i
1557 339 109 48 fråga
1685 352 61 24 om
1766 339 12 36 1
1804 338 67 48 lag
1889 338 118 48 givna

393 392 250 46 föreskrifter,
671 392 123 36 vilkas
823 390 278 38 överträdande
1130 396 41 30 är
1199 390 130 48 belagt
1356 390 86 35 med
1471 390 115 36 straff.

524 443 96 38 Sker
648 447 153 33 svårare
829 443 191 36 avvikelse
1050 442 84 36 från
1163 442 125 36 denna
1315 442 65 47 lag
1408 441 91 37 eller
1527 441 86 36 från
1643 440 362 49 bolagsordningen,

392 496 204 36 ankomme
623 498 50 46 på
701 495 218 48 Konungen
948 500 56 30 att
1032 493 166 36 förklara
1228 492 153 49 bolaget
1409 493 98 36 hava
1537 492 192 37 förverkat
1757 492 187 48 oktrojen.

521 650 136 37 Denna
694 651 66 47 lag
797 650 125 36 träder
949 650 12 35 i
989 649 103 36 kraft
1130 649 127 47 dagen
1292 649 95 36 efter
1420 647 86 47 den,
1536 647 46 36 då
1611 648 126 48 lagen,
1767 646 123 49 enligt
1918 646 89 36 därå

393 702 197 37 meddelad
619 702 168 49 uppgift,
825 701 206 37 utkommit
1066 701 85 35 från
1179 700 150 49 trycket
1357 700 12 35 i
1399 698 146 38 Svensk
1574 698 431 48 författningssamling.

524 925 73 36 Till
640 924 422 50 statsrådsprotokollet
1103 929 92 31 över
1237 922 292 38 finansärenden
1571 922 73 36 den
1687 924 48 34 28
1777 934 101 23 mars
1910 923 98 35 1914

394 977 158 37 anförde
580 977 281 48 föredragande
889 975 422 50 departementschefen
1340 976 12 35 i
1380 974 156 36 ärendet
1564 973 185 48 följande:

526 1080 40 36 »I
594 1080 242 48 underdånig
863 1080 184 36 skrivelse
1076 1080 73 36 den
1182 1081 43 34 17
1249 1078 197 37 december
1468 1078 97 35 1913
1586 1077 70 36 har
1669 1077 339 49 justitiekanslers-

396 1134 165 36 ämbetet
589 1132 106 48 gjort
724 1131 286 49 framställning
1038 1145 61 23 om
1128 1130 236 49 vidtagande
1392 1143 47 23 av
1457 1128 250 49 erforderliga
1725 1129 284 48 lagstiftnings-

395 1184 178 49 åtgärder
600 1184 61 35 för
690 1183 260 48 avlägsnande
978 1197 47 22 av
1054 1184 72 35 den
1155 1182 286 47 inskränkning
1464 1181 12 35 i
1495 1180 391 48 bankinspektionens
1906 1180 103 36 befo-

394 1237 154 48 genhet,
588 1248 83 23 som
699 1235 134 36 vållats
862 1248 143 36 genom
1034 1234 270 48 avfattningen
1335 1247 44 22 av
1408 1233 72 36 den
1508 1245 77 36 nya
1613 1231 116 49 lagen
1757 1245 61 22 om
1847 1231 162 37 bankrö-

393 1289 97 36 relse
532 1286 71 37 och
645 1300 82 23 som
769 1287 139 36 hotade
941 1292 55 31 att
1023 1287 13 36 i
1063 1287 151 47 viktiga
1242 1285 158 49 stycken
1429 1284 158 37 förlama
1616 1283 394 49 bankinspektionens

395 1338 242 38 verksamhet
665 1338 63 36 vid
757 1339 182 48 tillsynen
970 1343 89 32 över
1088 1338 207 36 bankerna.

524 1389 500 38 Justitiekanslersämbetet
1065 1390 145 36 erinrar
1250 1388 292 48 inledningsvis,
1585 1387 184 36 hurusom
1812 1400 47 23 en
1892 1386 117 36 bank-

396 1443 170 49 styrelse,
596 1442 129 35 vilken
755 1455 46 22 av
830 1441 374 48 bankinspektionen
1233 1440 183 47 förelagts
1444 1445 55 30 att
1528 1439 56 36 till
1604 1438 157 36 rättelse
1781 1439 11 35 i
1812 1437 200 50 uppgivna

396 1493 241 38 hänseenden
679 1497 177 44 uppgöra
896 1506 55 34 ny
991 1493 118 35 vinst-
1152 1491 72 36 och
1253 1490 303 48 förlusträkning
1584 1490 59 35 för
1672 1492 41 33 år
1744 1491 110 46 1912,
1885 1490 127 35 anfört

395 1545 263 48 underdåniga
688 1544 136 36 besvär
852 1549 90 31 över
970 1544 101 36 detta
1086 1542 278 49 föreläggande
1385 1542 70 35 och
1474 1541 112 50 yrkat
1606 1541 86 36 dess
1712 1541 299 48 undanröjande,

398 1602 91 32 enär
517 1596 122 48 enligt
668 1597 74 34 235
772 1595 20 49 $
820 1596 12 36 i
860 1596 114 48 lagen
1003 1608 61 23 om
1093 1594 247 37 bankrörelse
1370 1593 72 36 den
1463 1595 47 34 22
1527 1593 86 49 juni
1636 1595 97 34 1911
1756 1592 256 49 bankinspek-

398 1650 129 35 tionen
560 1648 84 36 icke
672 1647 98 49 ägde
799 1647 173 36 meddela
1001 1645 277 49 föreläggande
1305 1645 56 36 till
1390 1645 156 36 rättelse
1575 1657 45 23 av
1651 1657 48 23 en
1728 1644 284 49 bankstyrelses

397 1700 127 37 beslut
551 1700 12 36 i
592 1700 109 47 fråga
729 1712 62 23 om
821 1699 246 44 föreskrifter,
1088 1698 126 36 vilkas
1235 1696 273 37 överträdande
1527 1709 90 23 vore
1640 1696 127 48 belagt
1786 1696 85 36 med
1892 1696 120 46 straff,

398 1752 72 36 och
511 1751 121 49 enligt
676 1753 72 34 252
791 1750 21 49 &
843 1750 178 37 förseelse
1049 1755 81 31 mot
1158 1748 288 37 föreskrifterna
1474 1747 12 36 i
1516 1749 47 34 65
1592 1747 21 49 $
1642 1747 12 35 i
1684 1760 145 23 samma
1857 1748 66 48 lag
1952 1760 60 23 om

397 1804 120 36 vinst-
538 1803 72 36 och
631 1802 308 48 förlusträkning
954 1815 90 23 vore
1059 1801 139 48 belagd
1219 1800 87 36 med
1326 1799 118 37 straff.
1499 1799 381 37 Justitiekanslersäm
1890 1795 123 59 betet,

399 1868 82 23 som
524 1855 142 36 beretts
708 1854 148 36 tillfälle
883 1859 104 44 yttra
1016 1853 61 49 sig
1104 1853 12 35 i
1145 1852 167 44 ärendet,
1342 1851 98 36 hade
1470 1856 121 31 ansett
1619 1850 312 48 bankstyrelsens
1959 1850 55 36 in-

398 1906 200 48 vändning
638 1906 172 48 lagligen
854 1905 188 49 grundad,
1085 1918 87 23 men
1214 1903 136 37 uttalat
1378 1916 81 23 som
1488 1903 59 36 sin
1576 1902 262 49 uppfattning,
1869 1908 54 30 att
1951 1902 63 36 det

400 1958 193 50 sannolikt
620 1957 167 37 berodde
815 1960 47 46 på
892 1962 56 31 ett
977 1956 242 37 förbiseende
1248 1969 47 22 av
1322 1955 256 47 lagstiftarna,
1609 1959 55 31 att
1693 1954 73 37 den
1794 1968 77 34 nya
1899 1954 114 36 bank-

399 2010 114 48 lagen
555 2009 111 36 blivit
708 2011 41 34 så
791 2009 184 46 avfattad,
1019 2014 55 30 att
1109 2006 393 50 bankinspektionens
1530 2011 75 31 rätt
1635 2010 55 31 att
1718 2006 175 36 meddela
1921 2006 94 35 före-

397 2061 195 49 läggande
621 2061 13 36 i
663 2066 55 31 ett
760 2061 78 47 fall,
874 2060 135 37 sådant
1036 2073 82 24 som
1148 2060 64 36 det
1239 2058 307 48 ifrågavarande,
1574 2060 86 46 gått
1688 2070 61 23 om
1777 2058 105 36 intet.
1940 2056 74 36 Till

400 2112 83 37 stöd
513 2113 58 35 för
599 2113 126 36 denna
753 2113 58 36 sin
840 2112 250 50 uppfattning
1117 2111 70 37 har
1215 2110 166 37 ämbetet
1409 2110 126 36 anfört
1564 2109 185 49 följande:

535 2215 34 31 »I
592 2215 139 40 lagarna
753 2215 62 32 den
842 2216 38 31 18
905 2215 186 42 september
1117 2215 84 31 1903
1226 2223 53 22 om
1304 2211 276 41 bankaktiebolag
1603 2211 62 32 och
1693 2211 196 33 solidariska
1911 2212 103 32 bank-

400 2259 107 41 bolag,
542 2258 189 42 respektive
755 2259 40 31 76
821 2259 17 41 8
863 2258 62 33 och
950 2259 41 31 83
1015 2258 28 41 8,
1068 2257 187 41 stadgades,
1281 2258 50 31 att
1354 2256 103 32 Eders
1479 2255 119 40 Kungl.
1623 2255 114 41 Maj:ts
1759 2250 256 46 befallningsha-
