1876 2792
462 147 451 58 Konstitutionsutskottets
939 164 177 30 utlåtande
1141 173 42 20 nr
1208 164 50 29 12.
1568 162 36 30 17

116 257 178 31 Utskottet.

161 320 177 31 Utskottet
355 320 63 29 har
433 320 11 29 i
460 320 57 29 det
535 319 144 39 tidigare
697 317 154 31 nämnda
868 317 195 30 utlåtandet
1081 317 56 29 vid
1157 316 82 30 1949
1257 316 57 29 års
1331 315 151 40 riksdag,
1500 315 106 29 vilket

117 374 201 39 godkändes
347 382 42 21 av
414 373 88 29 båda
531 373 198 32 kamrarna,
758 371 130 38 angivit
916 370 92 30 olika
1036 370 221 39 möjligheter
1286 371 50 28 att
1363 368 243 30 åstadkomma

118 428 109 29 större
250 426 250 41 proportionell
524 426 143 29 rättvisa
691 425 57 29 vid
773 423 356 39 stadsfullmäktigval
1153 424 44 28 än
1222 423 65 29 vad
1312 431 73 21 som
1410 421 196 30 föranledes

118 490 42 20 av
175 481 40 29 de
232 490 48 20 nu
297 480 158 39 gällande
472 479 167 39 reglerna.
669 479 11 28 I
699 478 110 29 första
827 477 93 29 hand
937 477 151 29 nämnde
1106 476 169 30 utskottet
1293 475 120 30 därvid
1431 475 73 30 dels
1522 484 85 31 upp-

118 534 157 30 hävande
293 543 42 20 av
352 533 344 38 valkretsindelning,
715 531 73 30 dels
806 530 262 30 bestämmande
1087 539 42 20 av
1145 532 49 27 ett
1211 530 106 38 högre
1334 528 271 39 befolkningstal

118 589 44 28 än
181 588 58 29 det
259 596 47 21 nu
326 587 160 40 gällande
509 586 37 29 10
562 585 61 30 000
646 585 117 29 såsom
781 584 195 39 avgörande
998 583 53 30 för
1072 583 173 29 huruvida
1267 582 77 30 stad
1365 582 87 29 skall
1473 581 133 30 indelas

117 641 10 29 i
153 641 205 29 valkretsar.
385 640 176 30 Utskottet
586 638 179 41 påpekade
793 639 84 28 även
905 636 228 40 möjligheten
1159 638 50 27 att
1236 637 82 38 göra
1344 634 263 31 valkretsindel-

119 694 127 39 ningen
267 693 187 30 fakultativ
473 693 57 29 vid
550 692 56 29 det
627 701 47 20 nu
694 691 158 40 gällande
873 689 310 40 befolkningstalet
1203 689 82 29 eller
1307 689 103 38 något
1430 689 104 38 högre
1555 688 52 29 så-

118 747 94 29 dant.
233 746 169 39 Slutligen
421 745 165 30 framhöll
605 745 171 29 utskottet
795 746 59 32 att,
875 753 55 20 om
951 743 188 39 ändringar
1158 743 11 29 i
1189 742 156 40 reglerna
1365 751 57 20 om
1440 741 168 30 valkrets-

118 800 179 39 indelning
314 800 10 29 i
341 800 81 29 LKS
438 799 171 30 befunnes
625 797 237 39 erforderliga,
880 797 57 29 det
953 797 105 29 borde
1075 797 198 38 övervägas,
1290 805 56 20 om
1363 794 244 31 motsvarande

118 853 230 39 omreglering
372 853 111 29 skulle
506 852 174 39 företagas
704 852 10 29 i
737 851 117 39 övriga
876 849 315 40 kommunallagar.

163 907 48 29 De
230 907 10 29 i
260 906 262 40 propositionen
541 905 196 39 framlagda
755 904 176 39 förslagen
951 903 139 30 ansluta
1109 903 51 39 sig
1179 903 10 29 i
1209 903 62 29 sak
1291 902 51 30 till
1362 902 65 29 vad
1450 901 81 30 1950
1551 901 56 30 års

119 960 327 38 folkomröstnings-
474 959 64 29 och
565 957 335 39 valsättsutredning
929 956 167 39 enhälligt
1124 956 161 38 föreslog.
1326 956 187 38 Förslagen
1541 954 67 30 till-

119 1013 125 39 godose
261 1013 106 39 enligt
385 1013 188 29 utskottets
591 1011 226 41 uppfattning
834 1011 41 29 de
891 1009 192 34 önskemål,
1103 1019 75 20 som
1195 1009 186 38 riksdagen
1400 1008 152 30 uttalade
1569 1008 38 29 år

122 1066 92 30 1949.
243 1067 50 28 Av
312 1066 40 29 de
373 1066 197 39 ändringar,
591 1074 74 20 som
685 1064 160 30 förordas
863 1064 10 29 i
892 1063 273 41 propositionen,
1186 1062 166 29 framstår
1372 1071 74 20 som
1467 1061 140 29 särskilt

119 1120 188 39 angelägen
326 1119 66 30 den
412 1121 49 27 att
478 1118 271 30 bestämmelsen
766 1126 56 20 om
842 1117 225 39 obligatorisk
1086 1115 190 39 indelning,
1296 1115 43 30 då
1358 1114 249 39 folkmängden

118 1173 188 38 överstiger
333 1172 38 30 10
386 1172 73 34 000,
486 1172 88 30 skall
599 1171 191 40 upphävas.
816 1169 173 40 Lämpligt
1015 1178 101 30 synes
1141 1169 116 33 också,
1283 1170 49 28 att
1357 1168 40 29 de
1423 1167 184 30 förordade

119 1226 236 39 ändringarna
375 1227 59 28 äro
455 1235 40 19 av
516 1225 9 29 i
546 1225 187 40 praktiken
752 1223 216 39 väsentligen
989 1232 133 20 samma
1142 1222 171 29 innebörd
1334 1221 53 30 för
1409 1221 199 29 landskom-

118 1289 172 20 munerna
309 1280 63 29 och
392 1278 292 39 församlingarna
707 1287 74 20 som
802 1277 53 29 för
876 1276 172 30 städerna.

163 1333 12 29 I
193 1333 110 29 likhet
320 1332 79 30 med
416 1331 386 41 departementschefen
820 1339 101 20 anser
940 1330 170 29 utskottet
1127 1331 49 28 att
1195 1328 333 39 valkretsindelning
1546 1328 61 29 bör

119 1395 82 21 vara
222 1385 226 40 obligatorisk
469 1386 10 28 i
501 1385 40 29 de
564 1385 109 29 större
696 1384 173 30 städerna.
903 1383 175 30 Utskottet
1100 1383 63 28 har
1184 1382 76 29 icke
1282 1382 117 29 funnit
1421 1381 187 38 anledning

119 1439 51 30 till
192 1439 142 29 erinran
357 1440 72 28 mot
450 1438 281 40 propositionens
754 1437 140 38 förslag,
918 1437 51 28 att
991 1436 150 38 gränsen
1164 1435 128 29 mellan
1317 1435 114 29 städer
1454 1434 62 29 där
1538 1434 70 29 val-

119 1491 277 39 kretsindelning
423 1491 87 30 skall
537 1491 59 29 ske
622 1491 64 28 och
712 1490 116 38 övriga
855 1489 115 30 städer
996 1489 123 38 drages
1142 1488 57 30 vid
1225 1490 48 27 ett
1299 1487 242 30 invånarantal
1567 1496 41 20 av

118 1545 40 30 40
173 1545 74 30 000.
282 1545 67 29 För
372 1544 379 30 landskommunernas
775 1543 64 29 och
864 1542 313 39 församlingarnas
1201 1541 55 29 del
1280 1541 107 34 torde,
1413 1541 116 29 såsom
1552 1540 56 29 de-

119 1598 341 40 partementschefen
477 1597 128 34 funnit,
623 1596 183 30 föreskrift
822 1605 42 20 av
880 1595 245 30 motsvarande
1142 1594 170 30 innebörd
1329 1594 75 29 icke
1421 1593 187 30 erfordras.

163 1651 278 30 Motionärernas
460 1650 129 39 förslag
608 1659 56 20 om
683 1652 51 27 att
752 1649 210 29 kommuner
981 1649 64 29 och
1064 1647 248 40 församlingar
1331 1647 79 30 med
1429 1647 91 29 ända
1538 1655 70 32 upp

121 1705 49 29 till
197 1705 40 29 20
252 1705 62 29 000
340 1704 165 30 invånare
531 1704 74 29 icke
632 1703 112 29 skulle
769 1703 120 29 kunna
915 1701 169 41 uppdelas
1109 1702 11 28 i
1144 1701 194 30 valkretsar
1363 1702 107 28 annat
1495 1701 45 28 än
1565 1700 43 29 då

121 1758 198 39 synnerliga
337 1758 74 29 skäl
429 1757 161 39 förelåge,
610 1765 101 30 synes
729 1756 75 29 icke
822 1756 53 29 väl
895 1755 164 38 förenligt
1076 1755 79 29 med
1173 1754 57 29 det
1247 1754 193 39 åberopade
1459 1753 150 30 uttalan-

119 1811 67 34 det,
206 1813 50 27 att
276 1811 255 28 kommunerna
551 1810 83 29 böra
654 1810 45 28 ha
720 1810 127 28 största
868 1808 143 39 möjliga
1031 1808 106 29 frihet
1157 1809 49 28 att
1226 1807 56 29 vid
1303 1807 110 30 behov
1432 1807 120 29 kunna
1573 1806 35 29 få

120 1864 49 29 till
194 1864 103 29 stånd
319 1872 42 21 en
384 1862 344 38 valkretsindelning.
764 1862 176 29 Utskottet
962 1861 63 28 har
1048 1861 202 37 visserligen
1272 1878 44 2 —
1338 1860 126 29 liksom
1487 1859 122 29 motio-

121 1918 147 28 närerna
286 1935 12 1 —
347 1916 65 29 den
431 1916 137 29 åsikten
587 1917 49 27 att
656 1915 118 28 alltför
794 1914 74 29 små
886 1913 228 29 kommunala
1132 1913 143 29 enheter
1295 1913 8 29 i
1323 1913 89 37 regel
1433 1912 73 29 icke
1525 1912 83 29 böra

119 1970 95 28 delas
241 1970 8 28 i
276 1969 203 29 valkretsar.
507 1969 75 28 Men
610 1968 106 37 enligt
744 1967 189 29 utskottets
959 1966 226 39 uppfattning
1212 1965 190 30 innefattar
1430 1965 178 37 härvidlag

120 2022 280 40 propositionens
422 2021 139 38 förslag,
584 2021 76 29 med
682 2022 148 37 gränsen
853 2020 55 29 vid
934 2020 36 28 10
986 2021 61 26 000
1070 2019 176 33 invånare,
1268 2028 41 20 en
1333 2018 199 40 lämpligare
1554 2027 55 20 av-

120 2076 148 38 vägning
289 2077 43 27 än
354 2075 276 29 motionärernas
652 2074 141 38 förslag.

164 2129 150 29 Givetvis
336 2128 70 29 kan
427 2128 57 29 det
506 2128 209 32 diskuteras,
738 2136 54 19 om
815 2125 335 38 valkretsindelning
1172 2126 80 28 över
1275 2125 117 29 huvud
1417 2124 87 29 skall
1528 2133 79 20 vara

122 2182 119 38 möjlig
264 2182 3 28 i
285 2181 208 28 kommuner
510 2181 63 28 och
592 2180 247 36 församlingar
858 2179 75 28 med
953 2178 202 38 folkmängd
1174 2178 30 38 ej
1224 2178 240 37 överstigande
1487 2178 34 28 10
1535 2178 72 28 000.

121 2235 119 28 Såsom
263 2234 152 29 Svenska
438 2233 285 29 stadsförbundet
747 2232 180 33 förklarat,
951 2231 49 29 lär
1022 2232 7 27 i
1053 2231 115 28 städer
1189 2240 41 19 av
1252 2231 107 28 sådan
1382 2230 227 29 storleksord-

122 2287 80 37 ning
225 2286 110 29 behov
358 2295 40 19 av
423 2285 175 37 indelning
622 2285 30 38 ej
680 2284 176 38 föreligga.
891 2283 201 29 Emellertid
1118 2284 95 28 torde
1238 2283 118 28 kunna
1381 2285 144 35 antagas
1549 2284 59 30 att,

121 2340 112 28 såsom
269 2339 279 39 propositionens
582 2338 128 37 förslag
744 2337 214 29 härutinnan
992 2336 198 33 utformats,
1223 2336 129 28 sådana
1387 2335 115 29 städer
1535 2335 73 29 icke

120 2394 105 26 annat
249 2393 41 27 än
317 2392 7 28 i
349 2391 257 36 undantagsfall
633 2391 139 28 komma
798 2392 45 26 att
869 2389 95 29 delas
988 2390 7 27 i
1020 2389 202 28 valkretsar.
1247 2389 75 28 Med
1347 2388 262 39 utgångspunkt

122 2445 157 28 härifrån
299 2444 63 29 och
384 2444 76 29 med
482 2444 133 38 hänsyn
637 2443 130 38 jämväl
790 2443 48 28 till
860 2443 39 28 de
922 2442 175 29 skiftande
1119 2441 254 32 förhållanden,
1395 2450 72 19 som
1491 2441 116 28 kunna

120 2552 18 28 2
152 2569 43 2 —
208 2550 134 38 Bihang
363 2549 51 29 till
433 2549 203 38 riksdagens
655 2549 175 39 protokoll
851 2549 93 28 1953.
965 2550 18 26 5
1003 2548 98 29 saml.
1121 2549 18 28 2
1159 2548 75 28 avd.
1255 2548 47 29 Nr
1324 2548 47 28 12.
