1856 2772
243 139 45 40 9I0
695 144 252 27 Statsutskottets
972 145 162 26 utlåtande
1156 153 39 18 nr
1220 145 62 26 133.

300 223 102 29 Vissa
429 223 297 39 organisatoriska
753 224 163 39 åtgärder
941 226 99 29 torde
1067 234 84 20 vara
1177 225 184 40 påkallade
1388 225 11 29 i
1427 226 90 39 syfte
1543 228 52 28 att
1623 227 108 29 redan

244 267 46 39 på
307 268 96 29 detta
419 268 108 39 tidiga
545 269 154 29 stadium
717 269 37 29 så
771 269 97 39 långt
887 269 136 40 möjligt
1042 270 127 29 mildra
1187 271 40 29 de
1245 270 391 40 personalsvårigheter,
1656 281 75 20 som

245 322 43 19 en
319 313 366 39 förvaltningsreform
716 313 110 30 måste
858 314 208 30 förutsättas
1098 315 167 29 medföra.
1307 315 333 40 Förvaltningarnas
1671 326 60 19 an-

244 358 312 39 ställningspolitik
581 359 62 28 bör
669 359 77 28 från
771 359 128 39 början
923 359 150 29 inriktas
1100 360 46 33 så,
1174 362 48 27 att
1248 360 175 29 företräde
1449 360 93 39 gives
1568 360 162 39 personal

244 402 82 29 från
355 402 376 39 krigsmaterielverket
759 403 58 29 vid
848 404 214 39 anställning
1092 405 62 28 hos
1184 405 302 39 förvaltningarna
1514 405 12 29 i
1555 405 80 30 hela
1663 406 66 29 den

244 447 254 39 utsträckning,
522 457 76 19 som
620 448 93 29 detta
733 448 97 29 inom
851 457 120 20 ramen
993 449 55 29 för
1070 449 67 29 den
1158 449 179 29 tilltänkta
1359 449 283 39 organisationen
1664 450 66 29 och

240 491 364 40 arbetsuppgifternas
630 494 52 27 art
707 492 86 29 låter
819 492 52 39 sig
896 494 81 38 göra
1003 494 79 28 med
1108 493 222 39 tillämpning
1356 503 42 20 av
1422 494 225 40 principerna
1671 504 58 20 om

240 536 170 39 förtjänst
429 538 62 28 och
511 537 219 38 skicklighet.
760 538 65 28 Det
845 547 101 29 synes
965 538 157 39 påkallat
1141 540 49 27 att
1208 539 9 28 i
1238 540 93 28 detta
1353 539 255 40 sammanhang
1628 540 10 28 i
1658 540 69 28 viss

239 581 245 39 utsträckning
507 582 162 29 betrakta
693 582 65 29 den
782 583 79 28 med
886 582 473 40 krigsmaterielförvaltning
1384 584 204 38 sysselsatta
1612 593 115 31 perso-

240 626 105 29 nalen
367 635 72 20 som
461 636 42 19 en
524 627 114 33 enhet,
660 627 192 29 oberoende
874 637 41 19 av
934 630 115 27 varest
1071 628 280 38 tjänstgöringen
1373 628 53 29 för
1448 630 219 29 närvarande
1690 631 38 28 är

240 670 148 39 förlagd.
406 671 105 38 Läget
527 671 232 39 kompliceras
777 681 43 19 av
838 673 49 27 att
905 672 40 28 de
963 672 93 29 olika
1075 672 353 40 arbetsuppgifterna,
1448 673 143 29 särskilt
1609 673 44 40 på
1671 674 56 29 det

238 715 165 29 tekniska
421 715 167 33 området,
608 717 37 27 är
664 716 10 28 i
694 716 65 38 hög
779 716 85 38 grad
884 716 275 39 specialiserade.
1179 717 184 28 Bristande
1385 717 260 39 specialisering
1664 717 61 29 bör

235 759 197 29 emellertid
453 759 75 30 icke
551 761 183 37 utestänga
755 760 217 39 tjänstemän
993 761 64 29 hos
1080 761 377 38 krigsmaterielverket
1479 762 81 29 från
1582 763 143 29 anställ-

239 803 86 39 ning
351 804 58 29 vid
437 806 107 27 annat
573 805 93 33 verk,
695 814 57 19 om
779 805 260 30 vederbörande
1069 807 38 28 är
1134 806 202 39 överlägsen
1366 806 76 29 sina
1471 807 213 29 medtävlare
1713 807 11 28 i

238 848 101 39 fråga
359 858 57 19 om
436 849 180 29 allmänna
637 849 139 29 meriter
797 850 66 28 och
883 850 79 29 med
983 850 139 38 hänsyn
1143 850 52 29 till
1217 850 53 29 sin
1292 851 208 39 utbildning,
1523 851 200 30 erfarenhet

238 893 65 28 och
332 893 96 30 ålder
457 903 43 19 m.
532 903 45 19 m.
607 894 171 29 beräknas
808 895 122 28 kunna
958 894 97 29 inom
1085 895 114 38 rimlig
1228 895 50 29 tid
1308 895 159 30 inhämta
1495 896 228 39 erforderliga

235 938 290 38 specialinsikter.
557 938 68 29 Om
644 939 216 38 tjänsteman
879 939 62 29 hos
961 939 379 39 krigsmaterielverket
1359 940 149 29 erhåller
1527 940 113 39 tjänst
1660 941 63 29 hos

236 983 487 39 försvarsgrensförvaltning,
743 984 111 29 måste
874 984 173 29 särskilda
1067 985 235 38 anordningar
1322 985 155 38 vidtagas
1497 986 9 28 i
1527 986 41 28 de
1588 985 72 33 fall,
1680 987 43 28 då

235 1027 276 30 vederbörandes
535 1028 296 39 arbetsuppgifter
853 1029 63 29 hos
939 1029 378 38 krigsmaterielverket
1340 1029 76 30 icke
1438 1030 71 29 kan
1532 1030 97 29 delas
1652 1039 70 31 upp

236 1072 45 38 på
311 1072 111 29 andra
452 1072 227 39 tjänstemän.
720 1074 63 28 Det
814 1073 71 29 kan
916 1074 136 33 tänkas,
1085 1075 50 28 att
1165 1074 287 38 tjänstemannen
1481 1074 64 30 bör
1575 1074 147 40 beviljas

236 1116 275 39 tjänstledighet,
532 1117 73 29 helt
625 1118 81 28 eller
725 1117 120 34 delvis,
866 1117 79 30 från
967 1118 53 29 sin
1040 1127 69 29 nya
1130 1118 213 39 anställning
1363 1118 52 30 till
1436 1119 78 29 dess
1535 1121 52 27 att
1607 1119 57 30 det
1685 1121 38 28 är

235 1161 139 39 möjligt
396 1164 50 27 att
469 1162 105 38 flytta
597 1162 128 29 honom
748 1162 80 29 från
851 1162 377 39 krigsmaterielverket
1252 1163 65 29 och
1341 1165 51 27 att
1415 1163 307 30 vikariatsförord-

236 1206 116 29 nande
372 1206 110 29 under
502 1206 97 30 tiden
619 1207 62 29 bör
701 1207 177 29 meddelas
899 1207 45 39 på
964 1207 67 29 den
1052 1217 69 29 nya
1141 1208 252 39 befattningen.

291 1296 366 29 Personalnämndens
685 1296 177 39 uppgifter
888 1296 63 30 bör
976 1296 11 29 i
1015 1298 89 28 stort
1132 1298 65 28 sett
1223 1306 94 25 vara,

290 1342 62 34 att,
371 1340 44 29 då
432 1340 99 39 fråga
550 1341 232 38 uppkommer
801 1350 59 19 om
878 1340 280 31 återbesättande
1178 1351 41 19 av
1238 1342 90 39 ledig
1347 1342 110 38 tjänst
1476 1342 84 29 eller
1579 1343 142 29 anställ-

232 1384 85 40 ning
339 1385 11 28 i
372 1385 203 39 nyinrättad
597 1385 110 39 tjänst
728 1385 58 29 vid
808 1385 190 30 försvarets
1020 1385 308 40 civilförvaltning,
1352 1386 368 40 arméförvaltningen,

232 1429 379 40 marinförvaltningen
638 1430 81 29 eller
746 1430 335 39 flygförvaltningen
1108 1431 82 29 eller
1216 1430 57 30 vid
1301 1431 174 34 verkstad,
1503 1431 131 35 förråd,
1661 1441 60 20 an-

234 1474 83 29 stalt
343 1484 44 19 m.
413 1484 53 23 m.,
492 1475 151 38 lydande
669 1475 108 29 under
802 1474 105 39 något
932 1484 41 20 av
998 1476 156 28 nämnda
1179 1476 229 34 ämbetsverk,
1434 1484 126 30 genom
1584 1476 136 30 inhäm-

231 1519 106 29 tande
366 1528 41 19 av
434 1519 229 38 erforderliga
691 1519 253 39 upplysningar
972 1520 65 28 och
1065 1520 186 30 eventuellt
1280 1529 125 30 genom
1432 1520 288 40 överläggningar

233 1563 79 29 med
334 1563 259 30 vederbörande
616 1564 246 38 verksledning
884 1564 131 34 utreda,
1039 1564 175 30 huruvida
1236 1565 57 29 det
1317 1565 203 38 uppkomna
1543 1566 177 39 personal-

232 1608 148 29 behovet
406 1608 62 29 bör
496 1608 106 39 fyllas
630 1617 123 30 genom
781 1610 51 27 att
860 1608 52 30 till
940 1609 157 38 tjänsten
1126 1609 165 38 antingen
1319 1609 204 39 överflyttas
1552 1610 84 29 eller
1663 1610 56 30 be-

231 1652 140 30 fordras
398 1653 217 38 tjänsteman
643 1653 10 28 i
680 1653 387 39 krigsmaterielverket,

288 1699 62 34 att,
373 1697 11 29 i
406 1698 61 29 fall
489 1697 45 30 då
556 1698 112 38 tjänst
691 1707 74 20 som
787 1707 91 20 ovan
901 1699 77 38 sägs
1002 1698 90 29 skall
1116 1698 163 30 tillsättas
1303 1708 42 19 av
1368 1699 258 30 vederbörande
1649 1699 69 30 för-

230 1743 168 38 valtning,
414 1743 133 38 delgiva
565 1743 257 38 förvaltningen
840 1743 75 29 sina
934 1743 218 39 synpunkter
1169 1743 42 39 på
1229 1743 488 39 tjänstetillsättningsfrågan

231 1789 92 27 samt

286 1833 62 34 att,
377 1831 44 30 då
448 1832 251 39 överflyttning
726 1832 82 29 eller
836 1832 177 39 placering
1042 1842 42 19 av
1111 1832 216 39 tjänsteman
1355 1833 63 29 hos
1447 1833 271 39 krigsmateriel-

228 1876 122 29 verket
374 1876 57 29 vid
457 1885 119 20 annan
603 1877 64 29 här
693 1877 148 38 angiven
868 1877 214 39 förvaltning
1108 1877 284 39 ifrågakommer,
1419 1878 63 29 hos
1509 1878 127 29 chefen
1662 1878 55 30 för

229 1921 436 39 försvarsdepartementet
692 1922 82 28 eller
801 1921 260 30 vederbörande
1091 1921 212 40 förvaltning
1331 1922 129 29 föreslå
1486 1923 42 29 de
1556 1922 161 39 åtgärder

229 1965 12 28 1
270 1965 94 29 form
393 1975 42 20 av
463 1966 211 39 exempelvis
702 1966 199 38 beviljande
931 1975 41 20 av
1000 1966 276 39 tjänstledighet,
1307 1966 409 30 vikariatsförordnande

231 2019 44 20 m.
298 2020 57 24 m.,
378 2019 74 20 som
472 2010 160 39 betingas
654 2020 41 19 av
716 2010 347 39 omständigheterna
1084 2011 12 28 i
1117 2011 96 38 varje
1236 2011 143 29 särskilt
1401 2011 72 29 fall.

283 2100 394 38 Departementschefen
715 2100 138 32 uttalar,
890 2101 49 27 att
974 2100 66 28 den
1065 2108 67 30 nya
1156 2099 282 38 organisationen
1462 2100 9 28 i
1496 2100 136 39 princip
1656 2100 61 29 bör

229 2153 101 29 träda
352 2153 11 28 i
387 2153 94 29 kraft
516 2154 67 28 den
611 2154 10 27 1
651 2153 63 38 juli
742 2152 93 29 1954.
872 2153 383 38 Krigsmaterielverket
1289 2154 62 28 bör
1376 2153 42 29 då
1441 2153 125 39 övergå
1592 2153 50 29 till
1667 2155 49 27 att

226 2206 94 29 bilda
343 2215 43 20 en
409 2207 473 38 avvecklingsorganisation.
919 2207 392 38 Departementschefen
1336 2208 129 28 räknar
1490 2208 78 29 med
1593 2210 49 26 att
1668 2208 46 27 ett

226 2259 223 39 fullständigt
473 2260 273 38 genomförande
773 2269 40 20 av
840 2260 284 38 organisationen
1150 2261 62 28 och
1239 2270 41 19 en
1309 2261 201 38 avveckling
1537 2271 41 19 av
1606 2261 108 37 krigs-

226 2313 280 29 materielverket
535 2313 89 29 skall
652 2314 70 28 visa
751 2314 51 37 sig
829 2322 82 20 vara
940 2323 41 19 en
1009 2322 96 20 mera
1134 2314 247 29 tidskrävande
1409 2323 138 30 process
1577 2316 44 28 än
1648 2314 65 28 vad

226 2365 469 39 förvaltningsutredningen
718 2376 102 29 synes
844 2367 44 28 ha
911 2366 177 30 förutsatt.
1125 2367 10 28 I
1159 2368 92 28 detta
1275 2367 197 29 hänseende
1497 2367 215 32 framhålles,

225 2420 49 27 att
296 2419 397 38 krigsmaterielverkets
716 2420 475 38 anskaffningsverksamhet
1215 2420 109 29 måste
1349 2420 93 29 föras
1465 2422 81 28 över
1570 2421 52 29 till
1645 2420 68 29 för-

224 2472 247 39 valtningarna
498 2473 190 29 successivt
715 2474 111 28 under
853 2473 195 30 beaktande
1078 2483 42 19 av
1147 2476 47 27 att
1223 2473 214 39 rubbningar
1467 2484 41 19 av
1535 2475 178 28 verksam-
