1856 2770
591 159 252 28 Statsutskottets
868 156 161 28 utlåtande
1052 163 39 18 nr
1115 154 64 27 133.
1567 150 63 32 103

198 243 121 29 Såsom
357 240 184 31 framhölls
579 240 109 29 under
714 238 102 29 Vissa
842 244 260 31 gemensamma
1128 233 178 40 personal-
1331 231 63 30 och
1421 229 208 38 lönefrågor,

143 298 206 28 förutsätter
388 291 397 43 departementschefen,
825 292 49 28 att
902 299 42 20 en
973 289 54 30 del
1056 297 41 20 av
1125 284 423 41 avlöningskostnaderna
1576 282 53 29 för

143 350 181 38 armétyg-,
347 348 129 30 marin-
499 347 64 29 och
584 344 379 41 flygförvaltningarna
992 343 108 32 (samt
1123 341 52 29 till
1199 339 114 39 någon
1335 339 53 29 del
1411 339 87 28 även
1521 335 110 30 armé-

143 400 504 39 intendenturförvaltningen)
679 399 62 29 allt
768 397 217 30 fortfarande
1013 395 89 29 skall
1127 393 173 30 bestridas
1327 391 78 30 från
1433 390 196 37 sakanslag.

143 456 354 40 Omorganisationen
524 453 135 30 medför
686 453 57 29 det
770 452 119 29 oaktat
916 451 50 28 att
992 448 196 40 betydande
1215 445 188 31 kostnader
1430 444 93 29 föres
1550 444 80 28 över

143 511 80 29 från
251 510 185 38 sakanslag
463 509 53 28 till
543 505 315 40 avlöningsanslag.
886 503 238 37 Sakanslagen
1151 501 64 29 har
1243 500 10 29 i
1281 496 350 41 statsverksproposi-

143 565 120 28 tionen
284 564 110 28 under
416 562 115 39 fjärde
552 559 223 30 huvudtiteln
797 558 118 29 äskats
937 558 86 28 utan
1045 553 308 41 hänsynstagande
1374 552 52 29 till
1447 551 68 30 den
1536 551 95 29 över-

144 617 167 39 flyttning
333 626 40 19 av
393 613 386 40 avlöningskostnader,
803 620 74 20 som
899 610 104 39 följer
1026 618 40 20 av
1088 606 353 40 omorganisationen.
1463 605 167 28 Närmare

143 670 234 39 beräkningar
419 668 149 30 rörande
609 668 40 28 de
688 666 136 39 belopp,
854 664 79 30 med
962 663 94 29 vilka
1085 661 155 30 nämnda
1270 660 119 38 anslag
1418 658 62 29 bör
1510 658 120 28 kunna

143 724 159 29 minskas
330 723 53 29 för
410 723 103 29 nästa
538 719 179 40 budgetår,
744 719 65 29 har
836 716 200 31 verkställts
1064 715 96 29 inom
1187 711 443 40 försvarsdepartementet.

144 777 265 38 Handlingarna
428 775 149 30 rörande
597 774 114 29 denna
730 772 99 39 fråga
848 772 63 28 har
931 769 169 31 tillställts
1120 768 181 29 utskottet.

199 831 13 29 I
251 830 170 30 samband
458 829 80 29 med
575 826 259 39 behandlingen
860 834 41 20 av
928 824 41 29 de
995 822 96 30 olika
1115 820 354 39 avlöningsanslagen
1495 818 136 29 lämnas

144 884 139 40 uppgift
305 893 58 20 om
386 883 132 29 antalet
542 878 376 40 sakanslagsavlönade
940 875 349 39 befattningshavare
1312 874 63 28 hos
1398 871 233 30 vederbörade

144 937 224 39 förvaltning.

200 991 12 28 I
231 990 204 38 anslutning
453 989 52 29 till
523 988 66 29 vad
607 983 386 43 departementschefen
1011 983 10 29 i
1040 983 107 29 annat
1166 980 254 38 sammanhang
1439 978 118 30 anfört
1575 986 56 20 om

144 1045 51 28 att
217 1043 223 39 förvaltning,
464 1051 76 20 som
560 1041 139 29 beröres
722 1049 42 20 av
786 1036 354 41 omorganisationen,
1161 1035 108 29 borde
1292 1035 63 38 äga
1376 1031 184 40 möjlighet
1582 1032 50 28 att

144 1098 10 28 i
177 1097 141 30 samråd
339 1096 78 30 med
439 1096 67 30 den
525 1091 404 42 organisationsnämnd,
953 1099 75 21 som
1048 1089 207 30 förutsättes
1278 1087 97 30 skola
1394 1086 161 32 inrättas,
1576 1084 56 29 be-

145 1151 102 33 sluta,
267 1152 50 28 att
334 1149 110 29 under
463 1148 71 30 viss
552 1146 254 39 förutsättning
822 1144 169 39 övertalig
1008 1142 162 41 personal
1189 1141 112 30 under
1319 1149 43 20 en
1379 1140 140 28 kortare
1537 1139 95 28 över-

145 1204 162 40 gångstid
346 1203 53 29 får
437 1201 192 31 bibehållas
657 1200 10 29 i
696 1200 121 39 tjänst,
845 1197 147 31 föreslår
1021 1193 396 43 departementschefen,
1447 1193 51 29 att
1524 1192 108 29 härav

144 1257 207 30 föranledda
375 1254 265 31 merkostnader
665 1253 54 30 får
742 1252 171 30 bestridas
936 1250 83 30 från
1044 1251 56 29 det
1124 1249 132 38 anslag,
1280 1247 82 30 från
1384 1246 107 30 vilket
1515 1245 117 29 veder-

143 1311 173 29 börandes
342 1309 163 39 avlöning
530 1307 122 40 utgått.

200 1361 395 42 Departementschefen
614 1360 208 30 förutsätter
844 1360 50 28 att
914 1357 239 30 kostnaderna
1175 1356 55 29 för
1252 1354 177 30 anlitande
1452 1362 42 20 av
1516 1360 117 31 exper-

144 1418 45 29 tis
213 1416 134 30 utifrån
370 1416 70 29 tills
462 1415 119 29 vidare
603 1413 170 30 bestrides
797 1411 79 30 från
899 1411 52 29 till
974 1409 207 39 förfogande
1205 1408 142 29 stående
1370 1406 197 38 sakanslag.

200 1471 68 29 För
293 1470 189 29 försvarets
509 1466 306 38 civilförvaltning,
842 1462 430 41 armétygförvaltningen,
1296 1458 337 32 arméindenturför-

144 1523 213 38 valtningen,
389 1520 388 38 marinförvaltningen,
809 1516 334 41 flygförvaltningen
1174 1515 66 29 och
1269 1514 191 29 försvarets
1493 1508 141 47 förvalt-

146 1576 280 39 ningsdirektion
452 1575 210 38 framlägges
689 1572 131 39 förslag
847 1571 50 30 till
923 1568 429 42 personalförteckningar
1378 1566 54 30 för
1459 1565 174 30 ordinarie

147 1631 216 39 tjänstemän
384 1631 91 28 samt
494 1628 56 30 för
572 1629 95 28 extra
687 1625 176 30 ordinarie
885 1624 217 39 tjänstemän
1123 1622 11 29 i
1155 1622 106 38 högre
1283 1620 164 39 lönegrad
1469 1620 45 29 än
1535 1618 42 30 Ce
1592 1618 39 29 25

146 1685 79 28 med
244 1684 161 38 avlöning
424 1682 80 30 från
523 1680 308 40 myndigheternas
850 1676 315 40 avlöningsanslag.
1184 1673 344 38 Ordinariesättning
1546 1672 88 29 före-

147 1737 69 30 slås
236 1738 123 29 endast
376 1735 224 30 beträffande
620 1734 130 29 sådana
770 1733 159 38 tjänster,
950 1740 75 20 som
1042 1730 165 29 bedömes
1227 1728 110 29 under
1357 1728 66 30 alla
1443 1725 191 31 förhållan-

146 1792 67 28 den
234 1790 227 38 erforderliga
481 1789 55 29 för
557 1787 257 30 vederbörande
835 1784 223 40 myndighets
1077 1782 235 30 verksamhet.

202 1841 394 41 Departementschefen
632 1839 149 30 föreslår
818 1840 49 28 att
893 1838 93 28 vissa
1010 1836 239 38 befattningar
1275 1834 78 29 med
1379 1833 189 38 anledning
1594 1841 40 20 av

147 1895 343 39 omorganisationen
515 1894 91 29 föres
630 1893 43 39 på
695 1891 263 39 övergångsstat
981 1890 65 28 och
1069 1888 205 30 framhåller
1297 1887 10 29 i
1330 1885 204 39 anslutning
1557 1885 78 29 här-

148 1950 62 33 till,
237 1951 50 28 att
312 1949 125 38 Kungl.
462 1948 107 38 Maj:t
594 1947 96 29 torde
715 1946 84 28 böra
824 1943 228 39 bemyndigas
1077 1943 60 32 att,
1169 1942 3 28 i
1199 1941 68 29 den
1292 1939 81 30 mån
1399 1939 37 29 så
1460 1939 94 28 visar
1580 1937 50 39 sig

147 2002 230 38 erforderligt,
405 2001 56 30 vid
488 1999 302 39 organisationens
818 1996 272 39 genomförande
1116 1995 137 30 besluta
1280 1995 49 27 att
1354 1992 200 40 ytterligare
1579 1991 56 29 be-

148 2057 194 36 fattningar
378 2055 92 29 föres
507 2054 44 39 på
587 2052 271 38 övergångsstat.
895 2051 65 28 Det
984 2050 62 28 bör
1070 2048 130 40 jämväl
1226 2047 188 29 ankomma
1441 2045 44 40 på
1510 2045 124 37 Kungl.

148 2110 105 38 Maj:t
280 2110 50 28 att
355 2109 125 37 avgöra
507 2108 9 28 i
543 2107 92 28 vilka
661 2106 62 28 fall
748 2104 237 37 befattningar
1012 2103 10 28 i
1049 2103 65 28 den
1142 2110 67 29 nya
1234 2099 285 39 organisationen
1546 2098 87 28 skall

148 2162 111 29 hållas
282 2162 161 32 vakanta,
467 2160 116 29 därest
607 2159 212 38 tjänstemän
841 2157 19 29 å
882 2155 262 39 övergångsstat
1168 2154 127 37 fullgör
1318 2152 233 39 tjänstgöring
1573 2151 61 28 hos

148 2215 257 28 vederbörande
427 2213 214 38 myndighet.

204 2265 394 40 Departementschefen
618 2264 134 29 erinrar
772 2264 49 28 att
840 2263 69 28 han
930 2262 7 28 i
956 2262 109 28 annat
1087 2259 255 37 sammanhang
1362 2257 204 32 framhållit,
1586 2258 48 27 att

149 2322 57 27 det
231 2320 8 28 i
265 2319 143 29 enstaka
437 2319 59 28 fall
523 2318 116 28 kunde
666 2318 140 27 komma
832 2317 48 27 att
906 2315 72 28 visa
1006 2314 49 37 sig
1082 2313 136 28 förenat
1244 2312 76 28 med
1347 2310 213 37 svårigheter
1586 2310 48 27 att

150 2374 43 38 på
217 2373 156 38 lämpligt
398 2373 67 28 sätt
490 2371 115 37 infoga
630 2370 204 38 personalen
859 2369 6 28 i
891 2368 64 28 den
980 2376 66 29 nya
1071 2365 293 38 organisationen.
1388 2364 66 27 För
1478 2364 48 27 att
1551 2363 84 27 mot-

151 2426 102 28 verka
281 2426 98 28 dessa
406 2424 213 37 svårigheter
644 2423 105 28 borde
776 2422 122 36 Kungl.
925 2420 103 38 Maj:t
1057 2421 60 35 äga
1144 2420 67 27 rätt
1239 2419 47 27 att
1313 2417 167 36 medgiva,
1507 2417 48 27 att
1581 2415 54 28 be-

151 2479 310 37 fallningshavare,
494 2478 61 28 när
586 2476 169 29 särskilda
789 2475 72 28 skäl
894 2473 201 29 föranledde
1126 2471 128 33 därtill,
1284 2469 244 38 övergångsvis
1559 2468 75 29 med
