2229 2685
395 211 17 29 2
908 204 231 34 Statsutskottets
1164 203 160 32 Utlåtande
1347 202 65 33 N:o
1435 203 53 32 26.

394 289 215 44 kilometer,
651 288 71 36 och
764 292 57 31 att
861 286 57 36 för
959 299 67 23 sex
1066 286 11 35 i
1107 284 153 49 Sverige
1298 283 266 49 projekterade
1594 283 118 37 banor
1741 283 96 37 efter
1865 297 140 24 samma

395 345 151 44 system,
576 339 59 37 för
663 338 128 37 hvilka
819 336 225 50 fullständig
1073 336 285 49 undersökning
1386 348 91 25 vore
1506 335 110 49 gjord
1645 336 70 35 och
1745 335 260 37 kostnadsför-

395 393 80 48 slag
503 390 244 50 upprättade,
776 390 86 36 med
891 403 45 22 en
965 388 257 48 sammanlagd
1264 388 117 48 längd
1422 386 40 38 af
1498 390 70 34 130
1609 387 214 47 kilometer,
1865 388 138 36 medel-

395 445 119 47 priset
534 443 194 48 uppginge
748 441 59 37 till
832 443 132 43 14,048
994 441 141 35 kronor
1164 452 67 36 per
1259 440 213 43 kilometer,
1502 439 135 36 medan
1665 442 91 33 våra
1784 439 219 36 nuvarande

395 491 247 53 smalspåriga
683 494 119 36 banor
843 493 11 36 i
895 492 179 37 medeltal
1116 491 157 37 kostade
1315 493 136 46 33,250
1493 490 142 36 kronor
1677 503 68 35 per
1789 490 214 37 kilometer.

394 544 129 39 Åfven
566 559 61 23 om
667 544 268 48 förändringar
976 544 12 36 i
1029 543 326 48 konjunkturerna
1398 543 92 35 eller
1518 542 120 36 ökade
1667 543 261 47 pretentioner
1956 545 48 45 på

395 598 285 49 beqvämlighet
708 598 58 35 uti
795 596 305 47 anordningarna
1128 595 64 36 vid
1211 595 185 36 stationer
1417 594 69 36 och
1508 606 352 36 personvagnarnes
1872 593 132 53 inred-

395 650 92 49 ning
527 649 122 37 skulle
692 649 86 47 höja
823 646 439 50 anläggningskapitalet
1289 649 48 45 på
1366 659 45 23 en
1439 646 97 36 bana
1565 644 97 37 efter
1690 645 316 48 Kosta-systemet

395 702 59 34 till
483 701 176 46 omkring
688 702 135 41 15,000
852 700 143 35 kronor
1024 711 67 34 per
1118 698 211 43 kilometer,
1358 697 189 48 uppstode
1576 697 98 36 dock
1703 710 45 22 en
1791 696 111 48 högst
1942 696 64 36 be-

396 750 228 37 aktansvärd
665 749 231 49 prisskilnad
925 749 136 35 mellan
1091 751 89 33 våra
1208 760 51 22 nu
1287 748 192 46 billigaste
1508 748 119 34 banor
1656 748 71 34 och
1756 747 46 34 de
1831 748 10 33 i
1869 747 136 34 motio-

396 815 116 23 nerna
540 801 267 36 omhandlade.

496 853 282 35 Motionärerne
806 852 98 36 fästa
939 851 130 36 vidare
1098 850 384 48 uppmärksamheten
1512 849 129 49 derpå,
1671 854 56 32 att
1755 848 245 37 driftkostna-

397 904 116 36 derna
541 903 59 37 för
629 904 120 36 banor
778 902 97 37 efter
903 903 105 35 detta
1049 908 141 43 system
1231 902 110 35 ställa
1382 901 57 48 sig
1480 901 170 48 ovanligt
1690 907 184 41 gynsamt.
1928 899 76 36 Vid

396 954 333 38 Kosta-—Lessebo
766 956 162 47 jernväg
970 953 95 37 hade
1107 953 47 36 de
1188 953 122 36 under
1339 955 41 33 år
1410 954 94 34 1889
1535 952 82 35 icke
1646 954 165 46 uppgått
1838 951 58 36 till
1925 963 79 23 mer

397 1014 46 28 än
473 1009 46 34 50
548 1013 64 29 öre
641 1019 68 35 per
736 1007 281 47 tågkilometer.

496 1055 213 51 Angående
738 1056 287 49 ifrågavarande
1050 1055 139 36 banors
1210 1054 282 49 trafikförmåga
1512 1054 71 36 och
1603 1053 292 37 trafiksäkerhet
1915 1052 91 37 hän-

395 1109 81 36 visa
517 1109 281 36 motionärerne
840 1109 58 35 till
939 1112 55 31 ett
1028 1107 11 35 i
1068 1107 238 35 motionerna
1335 1106 146 47 intaget
1508 1106 139 47 utdrag
1676 1117 44 24 ur
1749 1105 129 47 kongl.
1903 1105 102 47 jern-

395 1160 303 49 vägsstyrelsens
727 1160 73 35 den
831 1162 42 33 11
904 1158 207 37 november
1142 1159 93 36 1889
1265 1156 140 49 afgifna
1433 1156 197 37 utlåtande
1660 1169 60 23 om
1748 1155 254 50 nyssnämnda

392 1212 172 46 jernväg.
620 1210 192 48 Styrelsen
840 1215 124 43 yttrar
992 1209 93 46 deri,
1114 1208 115 36 bland
1257 1213 126 39 annat,
1412 1207 182 47 följande:

496 1260 93 38 »Sitt
630 1261 269 48 ursprungliga
941 1260 174 36 ändamål
1156 1260 67 35 har
1260 1259 122 36 banan
1411 1257 246 49 fullständigt
1684 1262 219 39 motsvarat,
1933 1256 71 37 och

397 1312 267 36 erfarenheten
693 1312 122 36 under
842 1318 105 29 snart
974 1314 64 33 två
1067 1314 58 32 års
1153 1310 111 36 trafik
1294 1310 67 36 har
1389 1315 26 30 t.
1438 1323 33 22 o.
1494 1323 46 22 m.
1569 1310 109 44 visat,
1708 1314 56 31 att
1788 1309 73 35 den
1882 1308 122 36 skulle

396 1364 128 36 kunna
552 1363 127 36 utföra
706 1363 88 36 vida
822 1369 122 30 större
973 1368 237 41 transporter
1239 1369 46 28 än
1314 1374 79 23 som
1423 1359 191 38 erfordras
1642 1359 59 37 för
1728 1360 173 47 bolagets
1920 1359 85 36 räk-

396 1415 104 47 ning,
542 1415 71 36 och
655 1414 129 36 derför
811 1413 217 37 framkallat
1055 1413 139 36 tanken
1222 1415 59 45 på,
1311 1417 56 31 att
1395 1412 72 36 den
1497 1411 109 36 äfven
1635 1411 123 36 skulle
1787 1411 126 36 kunna
1941 1410 63 36 be-

397 1466 101 47 tjena
527 1471 56 30 ett
610 1466 232 35 allmännare
870 1465 275 36 trafikintresse
1175 1464 70 35 och
1274 1463 117 36 blifva
1419 1463 59 36 till
1497 1463 206 47 väsentligt
1722 1475 97 34 gagn
1840 1461 59 36 för
1918 1462 86 35 hela

398 1517 72 35 den
499 1517 12 35 i
538 1516 178 36 afseende
753 1519 48 45 på
837 1515 373 37 kommunikationer
1252 1515 31 47 ej
1313 1514 243 49 synnerligen
1585 1513 208 37 vällottade
1822 1518 71 39 ort,
1923 1525 81 23 som

396 1568 124 35 banan
547 1570 223 45 genomgår.

500 1617 254 48 Obestridligt
782 1625 52 36 är,
864 1622 55 31 att
947 1617 134 44 banan,
1103 1629 60 23 om
1188 1615 111 37 äfven
1320 1616 255 35 allmänheten
1595 1615 143 36 tillätes
1757 1619 57 31 att
1833 1614 171 48 begagna

398 1669 217 35 densamma
643 1668 58 36 för
730 1669 80 35 sina
838 1673 247 43 transporter,
1114 1667 121 36 skulle
1265 1666 116 36 blifva
1410 1674 46 28 än
1482 1667 191 48 nyttigare
1694 1666 71 35 och
1785 1665 135 47 främja
1940 1665 65 36 det

399 1720 245 35 ekonomiska
671 1719 110 36 lifvet
808 1720 11 35 i
848 1719 85 35 hela
962 1719 72 35 den
1063 1717 240 49 omgifvande
1333 1717 164 49 bygden,
1527 1716 57 36 för
1612 1717 153 36 hvilken
1795 1716 64 36 det
1878 1714 126 38 blefve

398 1771 148 47 möjligt
586 1776 56 30 att
681 1770 256 48 tillgodogöra
969 1770 58 47 sig
1054 1770 80 35 sina
1162 1769 189 48 naturliga
1380 1768 241 48 hjelpkällor,
1650 1780 81 24 som
1759 1780 50 22 nu
1838 1767 58 35 till
1925 1772 80 31 stor

398 1821 61 35 del
487 1824 119 33 måste
635 1822 102 47 ligga
765 1820 275 48 obegagnade.»

500 1871 193 49 Styrelsen
721 1871 168 48 föreslog
917 1870 211 37 emellertid
1157 1871 99 36 vissa
1284 1870 205 48 ändringar
1508 1870 11 35 i
1534 1870 230 47 jernvägens
1792 1868 213 49 byggnads-

397 1928 88 39 sätt,
514 1922 198 48 åsyftande
740 1922 325 49 banbyggnadens
1093 1921 277 44 förstärkande,
1391 1920 192 37 hvarefter
1603 1920 186 49 styrelsen
1808 1921 195 46 tillägger:

397 1973 74 36 »De
499 1974 234 36 sistnämnda
762 1973 335 47 förbättringarna,
1127 1972 139 44 hvilka,
1296 1971 97 37 efter
1421 1972 98 36 hvad
1548 1971 125 36 blifvit
1697 1971 186 48 styrelsen
1903 1970 102 36 med-

399 2024 141 44 deladt,
564 2025 153 47 bolaget
746 2032 41 28 är
814 2024 92 36 redo
935 2030 57 30 att
1018 2024 166 48 vidtaga,
1206 2031 64 29 äro
1292 2023 167 36 hvarken
1479 2023 165 48 dyrbara
1665 2023 92 35 eller
1776 2021 227 37 tidsödande

399 2076 83 44 och,
511 2074 96 38 efter
635 2076 65 36 det
728 2075 46 36 de
803 2074 128 37 blifvit
958 2075 164 44 utförda,
1152 2075 71 36 kan
1253 2075 95 35 intet
1373 2073 134 37 tvifvel
1527 2086 72 35 ega
1618 2086 86 24 rum
1725 2086 60 23 om
1806 2079 56 30 att
1882 2073 122 36 banan

398 2132 211 31 motsvarar
649 2126 46 36 de
737 2125 216 48 fordringar
986 2129 47 45 på
1061 2126 189 44 säkerhet,
1279 2138 81 23 som
1390 2138 84 22 man
1503 2128 119 33 måste
1652 2125 192 48 uppställa
1871 2123 60 36 för
1959 2136 45 23 en

399 2178 138 35 allmän
565 2177 441 36 kommunikationsled».

499 2227 282 38 Motionärerne
809 2228 147 48 påpeka
984 2228 178 47 slutligen
1191 2231 122 33 såsom
1344 2241 45 22 en
1416 2226 225 50 ytterligare
1669 2225 125 38 fördel
1819 2224 39 38 af
1874 2225 132 36 Kosta-

399 2284 182 44 systemet
622 2279 72 36 den
735 2279 138 37 lätthet
914 2279 71 36 och
1026 2279 108 48 ringa
1174 2278 174 45 kostnad,
1390 2278 181 37 hvarmed
1612 2276 82 37 från
1728 2278 129 48 dylika
1885 2276 121 36 banor
