1912 2840
541 140 112 31 Första
678 141 222 34 lagutskottets
923 141 164 30 utlåtande
1112 142 47 28 Nr
1182 146 49 26 31.
1623 143 20 30 5

818 332 60 41 Nr
904 333 64 41 31.

532 442 117 28 Ankom
672 441 47 29 till
742 442 172 34 riksdagens
937 441 94 29 kansli
1055 442 57 28 den
1136 444 38 26 19
1199 452 78 18 mars
1301 443 78 28 1935
1405 442 38 28 kl.
1470 445 16 26 1
1511 452 24 18 e.
1560 452 39 18 m.

360 547 183 32 Utlåtande
561 549 12 30 i
595 546 179 39 anledning
798 558 41 21 av
859 547 101 32 väckt
979 548 125 31 motion
1124 548 172 38 angående
1318 548 159 38 åtgärder
1494 551 68 30 mot
1584 559 55 21 an-

580 598 176 32 vändande
775 609 41 21 av
834 600 333 37 automatapparater
1186 599 54 38 för
1257 599 121 32 handel
1396 599 74 32 med
1489 600 152 32 sötsaker

581 650 60 32 och
661 649 124 38 dylikt.

181 750 18 32 I
221 762 39 20 en
280 750 88 32 inom
393 750 105 32 andra
520 749 193 33 kammaren
734 749 111 39 väckt,
870 750 54 32 till
945 750 191 39 lagutskott
1156 750 165 33 hänvisad
1345 751 133 39 motion,
1502 763 38 20 nr
1566 752 72 38 129,

136 800 114 33 vilken
269 800 199 33 behandlats
487 813 42 20 av
549 801 109 32 första
679 800 233 40 lagutskottet,
935 801 61 32 har
1015 801 76 32 herr
1109 802 158 32 Hansson
1287 802 12 32 i
1319 802 185 38 Vännäsby
1525 802 114 33 anhål-

136 851 50 39 lit,
210 855 50 29 att
283 851 181 39 riksdagen
486 852 104 32 måtte
611 852 59 32 hos
693 852 130 38 Kungl.
848 852 103 39 Maj:t
973 852 178 33 hemställa
1175 864 53 21 om
1250 853 126 32 sådana
1400 853 239 39 författnings-

137 902 191 39 ändringar,
352 914 68 21 som
441 902 160 39 antingen
624 903 177 32 förhindra
820 903 80 32 eller
920 903 62 32 ock
1004 903 155 33 försvåra
1178 903 121 34 bruket
1321 915 41 21 av
1385 907 254 36 automatappa-

132 957 89 28 rater
236 953 54 33 för
305 953 121 33 handel
443 953 75 33 med
535 953 151 33 sötsaker
701 954 61 32 och
779 954 112 38 dylikt
908 954 138 39 därhän,
1066 958 50 29 att
1135 955 39 32 de
1190 955 30 38 ej
1238 955 116 38 längre
1371 955 12 32 i
1400 956 110 38 någon
1526 960 112 28 nämn-

130 1004 83 32 värd
233 1004 85 39 grad
337 1004 108 33 fresta
463 1004 56 33 till
536 1004 176 39 oärlighet.

175 1088 157 33 Handeln
357 1089 74 32 med
456 1092 334 36 automatapparater
815 1101 100 27 synes
939 1089 74 33 icke
1039 1089 138 33 särskilt
1204 1090 44 33 ha
1270 1090 330 39 uppmärksammats
1627 1091 12 32 i

130 1139 272 39 lagstiftningen.
447 1140 119 38 Några
590 1140 257 38 bestämmelser,
874 1152 69 20 som
966 1140 213 33 uteslutande
1203 1152 79 21 avse
1309 1141 104 32 sådan
1439 1141 132 41 handel,
1596 1142 43 31 ha

131 1190 142 32 sålunda
289 1190 73 33 icke
380 1190 196 33 meddelats.
616 1191 43 38 Ej
680 1191 104 32 heller
801 1191 62 32 har
879 1191 145 32 handeln
1044 1192 73 32 med
1136 1195 331 35 automatapparater
1485 1192 153 39 uttryck-

130 1241 90 38 ligen
240 1241 221 39 undantagits
482 1241 79 32 från
582 1241 411 39 tillämplighetsområdet
1017 1242 54 32 för
1094 1242 38 33 de
1156 1242 108 39 regler
1288 1254 69 22 som
1377 1242 94 39 gälla
1494 1243 144 33 handeln

130 1292 13 31 1
157 1292 192 33 allmänhet.
387 1292 58 33 Av
462 1292 62 33 den
540 1304 45 21 nu
601 1292 264 39 ifrågavarande
880 1293 163 33 handelns
1062 1296 99 29 natur
1180 1293 100 39 följer
1296 1294 185 33 emellertid
1498 1297 51 30 att
1565 1294 74 32 icke

130 1343 68 32 alla
219 1342 249 34 bestämmelser
489 1355 68 20 som
580 1343 93 39 gälla
692 1343 145 33 handeln
860 1344 12 32 i
893 1344 184 33 allmänhet
1096 1344 48 32 bli
1166 1344 205 39 tillämpliga
1392 1345 20 32 å
1435 1345 203 33 densamma.

131 1393 114 39 Lagen
262 1393 62 33 den
341 1395 40 32 30
397 1395 67 38 maj
483 1395 85 32 1919
587 1406 51 21 om
654 1394 227 39 begränsning
899 1407 42 20 av
956 1395 92 32 tiden
1064 1395 53 32 för
1132 1395 146 33 idkande
1294 1407 43 21 av
1352 1396 122 32 handel
1490 1396 60 32 och
1567 1396 70 32 viss

136 1456 108 20 annan
270 1445 121 32 rörelse
421 1443 435 43 (butikstängningslagen)
887 1446 151 40 stadgar,
1064 1458 69 20 som
1159 1446 133 39 bekant,
1318 1450 52 30 att
1394 1447 122 32 handel
1541 1447 12 32 i
1577 1447 59 32 all-

129 1495 134 32 mänhet
280 1495 55 32 får
350 1500 66 33 äga
430 1507 73 20 rum
522 1495 143 33 allenast
679 1495 105 32 under
799 1496 70 32 viss
885 1500 152 28 närmare
1055 1496 142 38 angiven
1216 1496 50 33 tid
1283 1508 41 21 av
1340 1497 138 38 dygnet.
1517 1496 122 39 Enligt

131 1546 39 31 15
189 1545 18 39 $
223 1545 88 32 skall
327 1545 92 33 detta
436 1545 185 33 emellertid
637 1546 30 38 ej
685 1546 103 39 gälla,
806 1546 102 33 bland
924 1550 113 35 annat,
1056 1546 203 39 försäljning
1275 1559 42 20 av
1333 1551 179 36 matvaror,
1530 1547 107 33 läske-

133 1595 152 40 drycker,
309 1596 161 33 blommor
493 1597 81 32 eller
597 1597 122 39 dylikt,
744 1597 60 32 där
828 1598 245 38 försäljningen
1097 1598 76 32 sker
1195 1598 156 33 utomhus
1376 1599 59 32 och
1460 1599 143 32 allenast
1625 1599 12 31 i

129 1646 127 32 mindre
280 1646 216 39 omfattning.
542 1646 49 33 På
616 1647 109 38 grund
748 1659 43 20 av
816 1647 93 33 detta
931 1648 175 38 undantag
1128 1648 89 32 lärer
1242 1649 296 32 automathandeln
1564 1649 74 32 med

130 1697 118 39 dylika
270 1710 98 20 varor
389 1697 114 33 kunna
526 1698 197 33 obehindrat
746 1703 66 33 äga
833 1710 73 21 rum
931 1703 83 28 även
1039 1699 19 31 å
1082 1699 105 32 andra
1211 1698 87 33 tider
1321 1704 41 27 än
1386 1699 39 33 de
1449 1711 69 21 som
1541 1699 97 39 eljest

130 1752 56 28 äro
209 1748 188 39 medgivna.
444 1748 175 33 Utskottet
641 1749 62 32 vill
726 1754 83 27 även
833 1750 110 32 erinra
966 1761 51 20 om
1042 1750 92 32 vissa
1155 1750 249 32 bestämmelser
1426 1750 12 32 i
1463 1750 173 39 ordnings-

131 1799 142 38 stadgan
297 1799 53 32 för
373 1799 104 33 rikets
504 1800 112 32 städer
639 1800 62 32 den
726 1801 42 31 24
790 1812 88 20 mars
905 1801 96 32 1868.
1050 1800 120 39 Enligt
1194 1800 18 39 $
1238 1802 16 31 1
1279 1801 12 31 i
1315 1801 107 34 denna
1448 1801 122 38 stadga
1594 1801 44 32 ha

130 1849 313 39 stadsfullmäktige
464 1853 52 29 att
535 1850 194 39 bestämma,
748 1850 94 33 vilka
862 1854 85 35 torg,
968 1851 141 32 hamnar
1128 1851 60 32 och
1209 1851 119 38 dylika
1349 1851 120 33 ställen
1488 1852 13 31 i
1520 1852 117 32 staden

130 1911 68 20 som
221 1900 94 32 skola
334 1912 82 20 vara
437 1900 166 39 upplåtna
622 1901 54 32 till
699 1901 170 33 allmänna
890 1901 360 38 försäljningsplatser.
1294 1902 18 31 I
1336 1902 17 38 $
1378 1903 17 30 2
1419 1902 109 32 första
1549 1906 87 34 styc-

128 1949 58 33 ket
202 1962 42 20 av
261 1950 144 38 stadgan
425 1950 214 39 föreskrives,
659 1955 51 28 att
726 1952 20 31 å
764 1955 97 34 gator
877 1951 82 32 eller
977 1952 105 32 andra
1100 1952 169 32 allmänna
1286 1952 127 38 platser
1431 1957 42 27 än
1491 1953 39 31 de
1549 1952 11 32 i
1580 1953 19 39 8
1619 1954 16 30 1

129 2000 222 33 omförmälda
378 2001 53 32 må
459 2000 84 39 icke,
570 2005 82 28 utan
681 2002 237 38 magistratens
948 2002 165 38 tillstånd,
1142 2002 204 39 försäljning
1372 2002 156 33 bedrivas
1559 2003 78 32 från

130 2051 107 38 stånd,
257 2051 81 32 bord
357 2051 80 32 eller
457 2051 122 40 dylikt,
601 2052 80 32 eller
700 2053 36 31 så
757 2056 50 29 att
827 2053 60 32 den
908 2053 44 38 på
971 2052 115 33 stället
1105 2053 217 38 framgående
1342 2053 145 33 rörelsen
1507 2053 128 39 därige-

129 2113 73 20 nom
223 2102 137 32 hindras
381 2102 80 32 eller
481 2103 207 38 uppehålles.
736 2102 216 34 Sistnämnda
972 2103 231 33 bestämmelse
1226 2115 99 27 synes
1346 2104 185 38 tillämplig
1554 2109 83 27 även

129 2152 19 31 å
175 2152 121 32 handel
320 2152 73 32 med
419 2157 342 35 automatapparater.
812 2153 197 33 Emellertid
1035 2154 87 32 lärer
1148 2154 106 33 denna
1281 2154 122 32 handel
1430 2155 73 32 icke
1529 2154 107 33 sällan

128 2201 114 34 kunna
266 2203 165 32 anordnas
454 2203 44 39 på
521 2207 49 28 ett
594 2204 120 32 sådant
738 2208 69 28 sätt
829 2208 51 29 att
905 2204 56 33 det
983 2204 73 32 icke
1080 2204 65 32 blir
1168 2205 216 38 erforderligt
1410 2209 51 28 att
1486 2205 150 32 inhämta

128 2252 237 39 magistratens
392 2253 166 33 tillstånd.
608 2254 76 32 Vad
712 2255 11 31 i
749 2255 306 38 ordningsstadgan
1084 2259 36 28 är
1147 2255 202 32 föreskrivet
1377 2267 51 20 om
1455 2255 76 32 stad
1558 2255 77 38 kan,

129 2303 105 37 enligt
251 2302 19 38 $
287 2304 41 31 30
347 2303 11 31 i
378 2304 155 37 stadgan,
551 2304 87 32 efter
656 2304 140 33 särskilt
813 2304 110 33 beslut
941 2317 42 19 av
1000 2305 245 32 vederbörande
1265 2305 219 38 länsstyrelse
1503 2305 133 32 komma

129 2356 50 28 att
201 2352 92 38 gälla
313 2357 82 28 även
418 2354 54 31 för
491 2354 92 32 vissa
606 2354 184 32 samhällen
811 2355 19 31 å
851 2355 243 38 landsbygden.

173 2436 17 31 I
208 2436 164 32 motionen
393 2437 134 32 anföres
546 2438 11 31 i
576 2438 177 32 huvudsak
773 2438 163 38 följande:
957 2438 200 32 Automater
1177 2438 53 32 för
1248 2439 120 31 handel
1389 2439 73 32 med
1485 2439 151 32 sötsaker

129 2486 59 32 och
207 2486 112 38 dylikt
337 2487 85 32 hade
443 2487 144 38 tidigare
606 2488 119 32 endast
742 2489 89 32 varit
850 2492 162 35 uppsatta
1033 2489 10 31 i
1063 2488 111 33 städer
1192 2500 72 21 men
1284 2489 194 32 återfunnes
1500 2501 136 20 numera
