2126 2666
317 208 47 34 20
748 200 377 44 Bevillnings-Utskottets
1147 197 202 35 Betänkande
1376 196 63 34 N:o
1461 199 29 29 6.

317 293 133 49 högre,
493 296 45 32 än
578 289 76 48 det,
694 288 59 38 för
789 286 147 38 hvilket
976 283 215 50 ersättning
1229 295 140 38 genom
1404 280 221 51 förhöjning
1651 279 12 37 i
1690 279 234 50 bouppteck-

317 343 309 52 ningsstämpeln
666 340 118 38 borde
824 338 173 47 beredas,
1038 337 103 49 finge
1173 335 98 37 dock
1310 334 84 37 icke
1422 333 184 49 förgätas,
1636 336 55 33 att
1718 337 92 31 utan
1836 331 89 37 tvif-

317 396 63 37 vel
428 401 55 32 ett
523 394 84 37 icke
654 391 217 51 obetydligt
911 389 141 50 belopp
1097 385 313 48 testamenterad,
1451 383 361 39 fideikommitterad
1854 382 71 38 och

319 447 85 39 ärfd
445 445 188 52 egendom
674 443 136 38 hittills
849 439 261 51 undandragit
1151 439 61 50 sig
1246 437 252 49 beskattning
1536 435 58 38 till
1634 435 96 49 följd
1774 435 42 37 af
1851 435 74 37 bri-

320 499 135 39 stande
482 497 178 38 kontroll.

455 549 191 50 Slutligen
674 548 69 37 har
770 543 437 53 Departementschefen
1245 542 153 47 erinrat,
1427 545 55 33 att
1509 540 59 37 för
1595 538 239 38 närvarande
1862 538 65 38 be-

320 601 302 52 villningsfrihet
650 599 163 50 åtnjötes
842 598 59 37 för
927 597 128 51 gåfva,
1083 598 243 43 testamente,
1354 591 274 39 fideikommiss
1645 590 71 38 och
1731 590 70 48 arf,
1818 590 109 38 som
1909 586 22 57 i

320 656 117 37 värde
477 654 84 38 icke
600 652 199 50 uppginge
822 650 58 37 till
909 651 110 46 5,000
1046 648 152 37 kronor.
1244 646 87 37 Med
1359 644 145 38 fästadt
1531 643 181 38 afseende
1741 642 102 48 derå,
1873 647 55 32 att

320 704 496 47 testamentsbevillningen
844 702 120 36 borde
993 700 124 36 direkt
1144 698 155 48 utbytas
1328 702 79 31 mot
1430 695 164 48 stämpel
1618 695 136 36 endast
1781 694 12 35 i
1815 694 112 47 fråga

324 771 61 24 om
407 756 129 51 gåfva,
565 759 231 33 testamente
826 752 71 37 och
924 748 275 40 fideikommiss
1230 748 41 37 af
1291 747 78 37 fast
1397 745 201 51 egendom,
1631 744 65 37 vid
1723 744 131 37 hvilka
1882 756 47 25 en

316 807 285 51 jemförelsevis
640 807 121 47 högre
803 804 302 47 skatteförmåga
1145 800 128 37 kunde
1301 800 70 36 hos
1400 799 72 41 den
1498 796 283 50 skattskyldige
1809 796 120 36 förut-

323 864 131 43 sättas,
495 859 100 37 hade
636 855 213 39 emellertid
891 853 209 49 anledning
1134 852 158 37 saknats
1330 855 55 32 att
1412 848 156 38 förorda
1595 847 268 50 upptagandet
1891 847 42 36 af

322 910 271 39 motsvarande
621 908 201 48 undantag
848 906 84 37 från
957 905 73 37 den
1058 902 222 50 föreslagna
1302 915 75 36 nya
1404 899 369 51 lagfartsstämpeln.

457 962 134 38 Såsom
620 961 42 36 af
687 960 65 37 det
780 959 116 36 ofvan
924 956 160 38 anförda
1111 955 181 49 framgår,
1322 959 41 31 är
1398 952 75 48 det,
1501 951 118 37 bland
1647 951 47 36 de
1723 950 42 37 af
1789 948 140 50 Kongl.

324 1015 108 49 Maj:t
470 1014 228 48 ifrågasatta
738 1009 320 49 förändringarne
1085 1006 12 37 i
1125 1004 315 51 stämpeltariffen
1468 1003 58 37 för
1554 1001 174 39 enskilda
1756 1000 176 38 handlin-

322 1080 82 36 gar,
444 1065 137 37 endast
619 1064 75 37 den
730 1061 222 49 föreslagna
989 1059 212 49 höjningen
1233 1057 12 36 i
1285 1056 97 37 visst
1417 1054 68 38 fall
1513 1055 42 36 af
1577 1053 354 50 boupptecknings-

323 1116 203 50 stämpeln,
554 1129 83 24 som
665 1113 159 38 innebär
851 1115 128 47 någon
1007 1110 100 38 ökad
1144 1108 260 48 beskattning.
1459 1107 17 36 I
1505 1105 179 49 samtliga
1712 1104 125 50 öfriga
1863 1103 69 37 fall

322 1170 70 36 har
420 1169 75 36 den
521 1166 136 38 hittills
684 1164 193 50 utgående
906 1162 190 38 särskilda
1122 1160 263 48 bevillningen
1414 1158 137 37 endast
1571 1156 125 38 blifvit
1710 1156 129 49 utbytt
1854 1160 79 32 mot

324 1233 47 23 en
409 1216 271 40 motsvarande
709 1213 291 51 stämpelafgift.
1047 1213 17 36 I
1097 1211 253 38 betraktande
1379 1209 42 37 af
1445 1212 42 34 så
1513 1207 62 38 väl
1603 1208 74 36 den
1704 1206 229 50 ifrågasatta

324 1269 423 50 skatteförhöjningens
786 1265 160 38 relativa
984 1263 265 50 obetydlighet
1289 1275 81 23 som
1399 1261 71 36 ock
1498 1259 65 37 det
1591 1258 217 38 önskvärda
1839 1257 10 36 i
1879 1262 55 32 att

326 1322 161 38 afskaffa
527 1321 75 37 den
641 1333 52 23 nu
737 1317 193 50 utgående
959 1319 42 34 så
1027 1315 152 37 kallade
1207 1310 493 49 testamentsbevillningen
1728 1309 87 37 med
1844 1308 89 37 dess

323 1372 300 51 nödvändigtvis
650 1369 235 49 bristfälliga
912 1368 72 37 och
1012 1366 97 38 dock
1136 1366 12 36 i
1175 1363 240 39 förhållande
1438 1362 58 37 till
1523 1362 173 37 skattens
1710 1355 224 57 afkastning

326 1424 252 38 öfverdrifvet
604 1421 285 51 komplicerade
916 1418 343 49 kontrollapparat,
1287 1416 70 36 har
1383 1414 198 38 Utskottet
1608 1413 84 37 icke
1721 1416 126 33 ansett
1870 1413 65 34 nå-

325 1490 79 36 gon
444 1474 267 50 betänklighet
750 1473 95 37 böra
881 1475 103 33 möta
1023 1475 80 32 mot
1143 1467 219 50 antagande
1397 1466 42 37 af
1463 1464 140 50 Kongl.
1632 1463 128 48 Maj:ts
1789 1461 146 50 förslag

320 1527 146 50 jemväl
504 1526 12 37 i
555 1525 102 38 hvad
697 1524 65 38 det
802 1523 102 37 afser
938 1516 554 55 bouppteckningsstämpelns
1520 1515 182 50 höjande;
1732 1514 71 37 och
1831 1514 105 36 hem-

327 1578 132 38 ställer
481 1577 197 39 Utskottet
700 1579 49 47 på
776 1574 127 51 grund
930 1573 115 37 häraf

1096 1692 80 36 8:0.'

831 1783 55 32 att
922 1776 233 49 Riksdagen,
1193 1775 88 37 med
1321 1772 246 39 förklarande
1609 1777 54 32 att
1691 1771 75 37 den
1783 1769 155 50 jemlikt

730 1830 140 49 Kongl.
913 1828 279 49 förordningen
1232 1826 74 37 den
1349 1827 46 34 14
1425 1823 227 51 September
1695 1824 96 35 1883
1820 1823 117 46 angå-

731 1881 98 38 ende
870 1878 399 51 bevillningsafgifter
1308 1877 59 37 för
1409 1874 190 39 särskilda
1638 1874 194 37 förmåner
1865 1871 71 37 och

730 1932 230 49 rättigheter
998 1945 50 22 nu
1088 1929 194 50 utgående
1321 1927 213 49 bevillning
1574 1926 58 37 för
1663 1924 129 50 gåfva,
1819 1927 119 33 testa-

731 1988 139 43 mente,
899 1982 276 38 fideikommiss
1199 1980 72 37 och
1298 1979 62 37 arf
1384 1978 88 37 med
1499 1978 196 49 ingången
1724 1975 42 37 af
1783 1978 39 34 år
1841 1976 95 35 1885

735 2035 98 38 skall
860 2035 187 50 upphöra,
1076 2036 117 34 måtte
1221 2031 164 47 besluta,
1415 2035 55 32 att
1498 2030 47 37 de
1573 2028 123 37 under
1724 2025 20 49 $
1774 2029 20 34 9
1823 2026 12 36 i
1863 2026 75 36 för-

732 2086 217 50 ordningen
976 2084 200 49 angående
1201 2081 331 50 stämpelafgiften
1550 2094 52 22 nu
1623 2077 315 39 förekommande

731 2138 227 37 rubrikerna
1000 2134 382 51 »Bouppteckning»,
1426 2129 409 40 »Fideikommissbref
1877 2141 61 24 om

733 2190 77 36 fast
837 2189 228 49 egendom»,
1096 2186 149 38 »Gåfva
1274 2185 40 37 af
1339 2184 76 37 fast
1435 2182 211 51 egendom»
1665 2186 100 32 samt
1781 2191 17 23 »
1805 2180 135 36 Testar

733 2245 128 33 mente
902 2254 61 23 om
1001 2239 77 37 fast
1101 2238 214 50 egendora»
1346 2234 122 49 skola,
1495 2235 12 36 i
1535 2231 404 40 öfverensstämmelse
