2216 2628
775 193 254 34 Statsutskottets
1050 198 163 32 memorial
1236 198 53 32 Nr
1312 200 51 32 16.
1805 206 20 32 5

399 267 104 36 »Den
533 281 80 24 som
641 269 12 37 i
679 270 120 38 likhet
818 272 85 37 med
924 273 116 38 första
1058 275 220 39 kammaren
1297 279 66 36 vill
1383 286 54 31 att
1456 280 248 41 förevarande
1723 285 143 37 motion

262 316 86 38 icke
383 321 50 33 må
461 333 49 36 av
536 321 207 50 riksdagen
771 324 160 49 bifallas,
960 331 122 32 röstar

1024 431 66 46 Ja;

391 527 95 48 Den,
517 528 63 37 det
608 530 31 49 ej
670 531 78 47 vill,
777 537 122 32 röstar

962 638 90 50 Nej;

389 735 145 38 Vinner
561 738 75 49 nej,
666 738 68 37 har
760 740 207 51 riksdagen
995 743 11 36 i
1035 743 118 38 likhet
1181 747 86 36 med
1296 748 117 36 andra
1441 750 217 38 kammaren
1683 748 174 57 beslutat,

257 791 56 31 att
354 791 53 32 ett
447 788 137 50 belopp
626 803 46 24 av
714 794 114 45 2,450
869 794 139 37 kronor
1049 797 188 37 utbetalas
1278 799 56 36 till
1379 799 109 38 Stora
1529 802 107 37 Tuna
1671 804 188 38 allmänna

256 837 423 49 nykterhetskommitté
721 849 79 31 mot
838 845 214 39 företeende
1082 862 45 23 av
1158 849 180 50 behöriga
1365 852 116 49 bevis,
1511 859 54 30 att
1592 858 266 36 motsvarande

257 888 138 51 belopp
425 891 58 36 för
511 893 102 36 tiden
642 894 83 37 från
754 896 70 36 och
853 898 84 36 med
967 899 72 36 den
1071 902 16 34 1
1119 902 204 37 november
1354 905 95 36 1907
1480 905 159 49 utgivits
1664 911 48 46 på
1731 910 125 47 grund

255 954 47 23 av
345 942 228 39 förbindelse
614 945 57 37 till
712 947 160 38 änkefru
914 949 243 39 Wilhelmina
1186 953 155 38 Pålman
1371 956 70 36 den
1470 959 48 34 28
1543 958 85 48 juni
1659 962 98 35 1902
1786 961 70 37 och

254 993 85 36 med
381 994 218 51 skyldighet
641 998 59 36 för
740 999 223 39 kommittén
998 1008 54 31 att
1080 1004 85 36 med
1194 1006 156 37 sålunda
1377 1008 201 49 uppburna
1606 1011 122 37 medel
1756 1013 99 37 hålla

254 1044 46 37 de
343 1058 182 37 personer
566 1049 232 50 skadeslösa,
839 1053 102 37 vilka
977 1054 72 37 fått
1089 1055 212 39 vidkännas
1338 1059 11 36 i
1383 1060 191 38 motionen
1603 1064 252 37 omförmälda

252 1097 161 48 utgifter
439 1099 56 36 till
524 1100 58 36 fru
609 1101 191 38 Pålman.»

382 1201 220 39 Stockholm
631 1205 72 37 den
732 1209 48 35 28
811 1208 162 38 februari
1005 1213 109 35 1914.

764 1311 53 37 På
845 1314 300 38 statsutskottets
1174 1323 160 42 vägnar:

700 1413 40 36 F.
773 1413 178 39 CL:SON
980 1417 425 43 WACHTMEISTER.

376 1667 63 32 Vid
462 1668 205 35 förestående
691 1673 135 32 ärendes
850 1674 262 44 slutbehandling
1134 1678 86 33 inom
1245 1681 164 33 utskottet
1432 1683 84 33 hava
1539 1682 161 49 närvarit:

376 1710 72 32 från
475 1711 104 33 första
595 1713 203 35 kammaren:
823 1717 113 33 herrar
951 1730 99 30 greve
1067 1723 37 30 F.
1125 1722 103 33 Cl:son
1253 1725 245 42 Wachtmeister,
1515 1729 32 31 8.
1562 1730 43 31 H.
1619 1731 226 43 Kvarnzelius,

247 1753 32 31 C.
316 1753 33 30 J.
390 1754 38 31 G.
453 1755 132 43 Swartz,
612 1758 33 31 O.
679 1759 150 41 Jonsson,
853 1772 99 29 greve
975 1764 37 31 P.
1042 1766 33 31 O.
1100 1765 39 32 L.
1166 1767 176 43 Klingspor
1366 1770 42 31 H.
1434 1772 43 31 H.
1503 1772 41 31 K.
1570 1773 144 42 Ericson,
1744 1777 32 31 OC.
1804 1778 39 31 G.

243 1795 139 41 Ekman,
407 1800 39 29 A.
475 1801 140 40 Aström,
641 1801 60 32 och
725 1803 27 31 I.
779 1804 130 33 Nilsson
932 1809 87 30 samt

373 1840 72 32 från
480 1843 99 32 andra
607 1844 204 35 kammaren:
847 1848 112 33 herrar
994 1853 42 30 A.
1061 1853 137 41 Ekman,
1225 1857 41 30 A.
1299 1856 151 33 Wiklund
1470 1858 10 32 i
1504 1859 173 40 Brattfors,
1705 1863 41 31 H.
1772 1865 72 30 An-

241 1882 130 33 dersson
393 1884 11 31 i
427 1884 149 44 Skivarp,
611 1890 34 29 F.
689 1890 45 31 W.
774 1891 168 42 Thorsson,
976 1895 41 31 K.
1054 1896 162 43 Starbäck,
1254 1900 33 31 C.
1314 1900 136 33 Persson
1473 1902 10 32 i
1507 1902 199 42 Stallerhult,
1731 1907 42 31 K.
1806 1907 35 32 V.

243 1926 123 42 Rydén,
390 1929 32 31 J.
449 1930 116 42 Ström,
590 1931 41 32 N.
654 1933 38 31 E.
718 1933 162 45 Lindberg
904 1937 59 32 och
988 1939 32 31 J.
1049 1939 146 40 Olofsson
1218 1941 10 32 i
1251 1942 171 41 Digernäs.

326 2297 129 44 Bihang
478 2300 49 31 till
549 2300 189 44 riksdagens
755 2304 158 41 protokoll
936 2307 94 32 1914.
1077 2310 21 30 6
1120 2311 90 31 saml.
1258 2313 41 30 12
1322 2312 78 42 häft.
1446 2315 65 37 (Nr
1534 2317 65 38 16.)
1775 2321 19 31 2
