1916 2846
292 152 112 32 Första
427 151 203 32 kammarens
652 151 137 30 andra
814 150 172 40 tillfälliga
1009 150 135 31 utskotts
1166 149 168 31 utlåtande
1357 148 52 30 Nr
1431 151 29 27 3.
1614 149 14 29 1

817 393 57 39 Nr
901 393 38 39 3.

517 478 125 30 Ankom
666 478 49 29 (ill
738 478 184 37 riksdagens
947 476 103 30 kansli
1073 476 61 29 den
1160 475 36 30 17
1220 484 84 20 mars
1329 475 79 29 1925
1432 474 42 30 kl.
1499 475 18 28 4
1541 483 24 20 e.
1591 484 41 19 m.

274 557 128 33 Första
441 556 218 34 kammarens
695 555 130 34 andra
867 552 181 45 tillfälliga
1088 553 146 33 utskotts
1270 551 189 42 utlåtande,
1492 561 43 23 nr
1562 550 73 42 3,1

425 606 188 43 anledning
646 616 42 23 av
715 605 126 34 motion
868 605 12 33 i
902 603 121 43 första
1051 603 199 34 kammaren
1277 613 44 23 nr
1346 603 24 32 4
1394 612 42 23 av
1460 601 77 34 herr
1568 600 66 35 Ga-

427 656 173 42 brielsson,
641 666 53 23 om
733 654 159 35 skrivelse
925 653 51 35 till
1003 653 196 43 Konungen
1223 652 77 34 med
1328 651 148 43 begäran
1503 662 54 22 om
1584 653 51 31 ut-

419 705 183 44 färdande
633 716 42 24 av
702 704 197 46 kungörelse
919 704 65 43 för
1006 703 194 35 ordnandet
1226 713 43 23 av
1296 701 152 35 handeln
1474 701 76 34 med
1576 703 59 32 ost.

201 791 15 31 I
239 801 43 21 en
309 790 91 32 inom
428 790 106 31 första
561 788 199 32 kammaren
785 787 101 32 väckt
913 787 65 32 och
1005 786 50 32 till
1079 785 75 32 dess
1178 785 108 31 andra
1309 784 172 41 tillfälliga
1507 783 131 32 utskott

127 840 168 33 hänvisad
323 840 128 33 motion
479 850 41 20 nr
549 841 20 29 4
597 839 62 31 har
686 839 77 31 herr
794 838 219 35 Gabrielsson
1040 835 181 38 hemställt,
1250 838 48 28 att
1325 834 181 41 riksdagen
1534 835 104 29 måtte

128 892 131 32 besluta
286 902 56 20 om
370 890 161 32 skrivelse
559 889 49 31 till
634 889 126 41 Kungl.
780 887 96 41 Maj:t
895 887 79 32 med
992 887 149 40 begäran
1160 889 50 28 att
1229 884 127 42 Kungl.
1376 884 97 41 Maj:t
1492 885 36 30 så
1547 885 92 30 snart

128 953 74 21 som
239 941 133 42 möjligt
408 942 104 29 måtte
539 939 138 31 utfärda
703 938 201 41 kungörelse
928 938 53 30 för
1008 936 190 32 ordnandet
1225 946 42 20 av
1295 934 150 32 handeln
1473 933 78 32 med
1578 936 60 29 ost.

204 991 218 33 Beträffande
445 989 249 42 motiveringen
722 989 52 31 får
800 988 165 32 utskottet
991 986 145 32 hänvisa
1163 986 50 31 till
1241 985 183 32 motionen.

206 1076 119 31 Såsom
365 1085 42 21 av
449 1074 173 32 motionen
661 1073 152 41 framgår
846 1071 62 32 har
943 1070 118 42 kungl.
1102 1068 345 42 lantbruksstyrelsen
1479 1068 37 30 år
1547 1066 93 32 1924

130 1127 124 42 ingivit
266 1125 215 41 underdånig
494 1122 253 42 framställning
761 1126 48 28 att
824 1121 127 43 Kungl.
963 1121 100 41 Maj:t
1075 1120 128 32 täcktes
1214 1120 67 31 låta
1292 1118 137 33 utfärda
1439 1111 202 52 kungörelse

132 1176 175 44 angående
338 1176 147 33 kontroll
508 1177 19 29 å
553 1174 150 32 handeln
731 1173 77 32 med
836 1176 59 29 ost.
948 1171 230 32 Motionärens
1206 1170 204 41 motivering
1434 1168 63 33 och
1515 1167 128 41 förslag

132 1228 112 33 stöder
270 1227 51 42 sig
348 1229 19 30 å
392 1224 262 44 ifrågavarande
676 1224 261 40 framställning.
992 1222 117 41 Enligt
1128 1221 65 32 vad
1213 1221 164 32 utskottet
1395 1219 169 31 inhämtat
1582 1218 62 30 har

133 1281 44 40 på
214 1278 112 42 grund
364 1288 42 21 av
447 1276 106 41 nådig
592 1274 117 33 remiss
736 1274 116 42 kungl.
881 1271 362 42 kommerskollegium
1269 1271 86 32 efter
1373 1267 271 35 vederbörandes

132 1328 150 33 hörande
323 1327 131 42 avgivit
495 1325 159 43 yttrande
695 1329 79 28 över
814 1324 112 32 denna
965 1322 254 41 framställning
1247 1322 65 31 och
1334 1320 122 32 därvid
1482 1318 163 41 tillstyrkt

133 1378 205 33 utfärdande
365 1388 43 22 av
436 1377 106 32 sådan
569 1376 209 41 kungörelse,
808 1385 55 21 om
890 1384 78 22 vars
996 1373 195 41 avfattning
1218 1371 157 42 kollegiet
1403 1369 87 33 dock
1517 1369 11 30 i
1555 1369 89 31 vissa

135 1430 93 32 delar
267 1428 161 42 framlagt
468 1430 75 39 eget
569 1426 136 41 förslag.
758 1424 174 33 Utskottet
958 1424 110 31 finner
1095 1422 56 32 det
1177 1423 54 31 för
1258 1422 52 32 sin
1333 1421 54 32 del
1414 1419 157 42 lämpligt
1597 1421 49 28 att

135 1480 255 33 bestämmelser
412 1477 176 43 angående
614 1475 204 42 försäljning
844 1486 43 21 av
915 1477 51 29 ost
993 1473 154 33 utfärdas
1170 1473 50 32 till
1245 1472 111 42 skydd
1374 1472 53 30 för
1442 1471 203 31 konsumen-

134 1535 112 29 ternas
287 1529 208 42 berättigade
536 1528 174 37 intressen,
751 1537 78 21 men
862 1526 43 31 då
933 1525 56 32 det
1017 1535 43 21 av
1087 1524 212 32 motionären
1321 1521 192 42 framlagda
1540 1524 106 38 spörs-

136 1582 103 32 målet
266 1581 104 32 redan
397 1580 107 42 ligger
531 1578 109 32 under
670 1576 124 42 Kungl.
822 1576 113 41 Maj:ts
963 1575 172 42 prövning
1162 1574 64 32 och
1253 1573 93 33 inom
1374 1577 82 27 nära
1487 1569 160 43 liggande

136 1632 140 32 framtid
303 1631 95 33 torde
425 1633 169 39 upptagas
621 1627 51 33 till
699 1627 202 42 avgörande,
922 1637 99 21 anser
1039 1625 164 32 utskottet
1221 1627 49 29 att
1288 1625 52 31 för
1359 1623 57 32 det
1434 1620 213 34 närvarande

137 1682 186 42 anledning
349 1682 74 32 icke
450 1681 110 31 finnes
586 1680 53 31 för
662 1678 180 41 riksdagen
869 1680 49 29 att
941 1676 61 32 hos
1030 1676 128 41 Kungl.
1182 1674 96 42 Maj:t
1297 1679 80 37 göra
1394 1671 255 41 framställning

137 1735 10 31 i
174 1735 122 41 frågan
324 1733 64 32 och
414 1732 53 31 får
493 1732 54 31 för
574 1730 65 32 den
667 1728 89 33 skull
783 1727 187 39 hemställa,

489 1818 49 28 att
564 1811 224 34 förevarande
816 1812 129 32 motion
973 1811 74 32 icke
1075 1811 104 31 måtte
1207 1809 49 32 till
1284 1810 113 40 någon
1425 1808 106 31 första
1557 1806 91 31 kam-

440 1876 135 22 marens
603 1862 119 43 åtgärd
748 1862 184 33 föranleda.

216 1951 198 33 Stockholm
442 1950 66 32 den
540 1950 41 31 17
612 1958 89 22 mars
732 1947 104 32 1925.

692 2020 31 43 Å
749 2030 180 33 utskottets
957 2034 141 38 vägnar.

676 2140 41 33 N.
745 2140 30 33 J.
803 2139 36 33 F.
869 2138 251 34 ALMKVIST.

226 2310 204 33 Närvarande
452 2309 55 32 vid
530 2307 146 31 ärendets
698 2305 466 38 slutbehandling
967 2294 15 54 i
994 2305 170 38 utskottet:
1188 2302 109 31 herrar
1318 2299 172 38 Almkvist,
1514 2298 140 39 Rooth")

142 2354 107 38 Julin,
272 2353 162 35 Franzén,
458 2350 178 37 Bondeson,
648 2349 28 38 ")
698 2347 194 38 Andersson,
917 2346 139 38 Henrik,
1079 2347 11 30 i
1112 2345 97 31 Boda.

228 2436 25 34 >)
269 2436 35 34 Ej
323 2435 179 28 närvarande
520 2434 48 27 vid
586 2431 174 28 utlåtandets
778 2430 147 34 justering.

145 2514 134 40 Bihang
304 2513 51 32 till
376 2511 191 40 riksdagens
583 2507 157 42 protokoll
760 2508 93 30 1925.
898 2509 43 28 12
962 2506 89 31 saml.
1096 2506 24 30 2
1141 2503 69 33 avd.
1255 2506 21 28 3
1297 2502 81 40 höft.
1425 2500 69 42 (Nr
1515 2500 45 39 3).

1683 785 152 27 Motionen.

1693 1068 137 28 Utskottet.
