2162 2654
308 233 40 33 24
802 232 236 36 Statsutskottets
1061 235 169 34 Memorial
1252 236 64 32 N:o
1339 239 48 29 67.

302 320 103 31 andra
446 319 144 42 följande
624 320 160 40 månader,
813 320 77 32 eller
911 321 53 31 vid
987 320 80 33 flera
1093 321 152 32 tillfällen
1274 320 221 40 undandragit
1517 320 49 40 sig
1594 323 51 30 att
1668 319 107 33 lemna
1799 318 122 33 äskadt

302 371 129 32 biträde
467 372 58 31 der
563 372 62 31 han
664 371 104 33 blifvit
801 372 137 40 anstäld,
980 383 91 21 anses
1108 372 95 33 hafva
1238 372 169 33 förverkat
1441 373 47 30 sin
1524 375 67 28 rätt
1624 372 81 32 att
1698 366 21 52 i
1733 370 186 40 Riksgälds-

302 423 153 32 kontoret
483 423 109 32 vidare
619 424 185 41 tjenstgöra.
848 424 70 31 Den
943 427 89 28 extra
1054 424 163 32 ordinarie
1245 425 199 41 tjensteman
1469 423 79 32 eller
1571 427 94 28 extra
1692 422 228 39 vaktmästare,

301 486 69 21 som
410 474 105 33 under
551 476 116 31 honom
706 476 187 41 uppdragen
934 475 212 42 tjenstgöring
1188 477 49 39 sig
1270 476 185 40 försumligt
1489 475 79 32 eller
1602 475 150 40 felaktigt
1775 473 145 32 förhållit

301 527 72 39 och,
409 527 84 32 efter
520 531 58 35 att,
608 529 40 39 på
673 531 65 28 sätt
760 528 9 31 i
796 528 15 41 $
837 530 36 29 91
904 527 138 40 stadgas,
1071 527 107 32 blifvit
1205 528 133 38 varnad,
1369 529 49 38 sig
1441 527 70 31 icke
1534 530 114 36 rättat,
1674 527 59 30 bör
1759 526 160 31 förklaras

302 589 74 20 vara
414 577 71 32 från
526 577 321 42 Riksgäldskontoret
887 577 96 32 skild.
1050 578 63 32 För
1137 578 99 41 öfrigt
1263 590 95 20 anses
1387 578 65 32 den
1478 581 92 28 extra
1596 578 165 31 ordinarie
1785 577 134 41 tjenste-

303 640 72 20 man
410 629 80 31 eller
530 629 223 39 vaktmästare,
788 640 66 21 som
893 629 110 40 begått
1023 630 160 40 ärerörigt
1212 630 90 31 brott
1329 630 81 31 eller
1434 640 107 22 annan
1571 628 194 42 förbrytelse
1794 628 35 30 af
1850 629 69 29 svå-

301 691 71 20 rare
402 680 234 38 beskaffenhet,
666 690 75 21 vara
764 680 68 31 från
856 679 113 31 verket
989 680 175 31 utesluten.

364 1056 238 50 Angående
627 1055 365 52 pensioneringen
1022 1056 52 41 af
1097 1055 480 52 Riksgäldskontorets
1605 1054 250 51 betjening.

1050 1183 19 39 83
1093 1184 50 29 97.

433 1265 220 33 Pensionerna
675 1266 49 31 för
755 1267 244 39 tjenstemännen
1021 1270 85 28 samt
1133 1266 273 41 vaktbetjeningen
1430 1266 52 31 vid
1508 1265 332 41 Riksgäldskontoret
1868 1264 51 33 be-

297 1319 157 28 stämmas
483 1317 84 31 efter
595 1317 106 31 desses
729 1318 48 30 vid
807 1317 285 40 afskedstagandet
1115 1318 244 31 innehafvande
1388 1318 99 31 löner.

1052 1438 18 37 8
1096 1439 49 29 98.

430 1520 209 41 Tjensteman
679 1520 77 31 eller
794 1520 224 39 vaktmästare,
1055 1531 68 21 som
1168 1522 142 39 uppnått
1349 1521 113 39 sjuttio
1488 1522 52 29 års
1575 1520 104 38 ålder,
1710 1520 78 31 eller
1816 1520 104 31 under

292 1570 116 43 femtio
443 1573 36 30 år
520 1571 82 32 varit
639 1572 9 30 i
686 1571 116 31 allmän
837 1571 108 42 tjenst,
975 1575 35 28 är
1038 1571 50 32 vid
1117 1570 294 42 afskedstagandet
1440 1571 184 41 berättigad
1654 1574 49 29 att
1725 1571 126 32 erhålla
1880 1582 37 20 en

298 1623 70 32 hela
395 1623 92 32 lönen
512 1624 217 31 motsvarande
750 1624 140 39 pension.
947 1622 127 33 Samma
1098 1623 138 42 pension
1264 1622 61 33 kan
1352 1623 120 42 jemväl
1506 1623 217 32 tillerkännas
1750 1623 58 32 den
1837 1623 81 42 tjen-

300 1679 124 27 steman
466 1675 82 30 eller
585 1676 226 38 vaktmästare,
846 1686 66 20 som
944 1675 58 41 fylt
1028 1673 164 43 sextiofem
1221 1675 58 32 och
1305 1676 9 30 i
1343 1675 122 32 allmän
1495 1675 100 42 tjenst
1622 1675 149 41 tillbragt
1792 1674 126 43 fyratio

298 1728 45 37 år,
387 1728 35 29 så
465 1726 73 31 vida
573 1726 174 40 behörigen
784 1727 105 41 styrkt
917 1730 46 34 är,
993 1731 48 26 att
1075 1728 61 30 han
1167 1726 147 32 befinner
1336 1727 49 40 sig
1414 1728 9 31 i
1453 1731 46 28 ett
1526 1727 138 42 sjukligt
1690 1727 80 31 eller
1796 1728 121 31 försva-

298 1777 79 42 gadt
400 1777 164 33 tillstånd.

1055 1885 19 40 8
1098 1886 49 30 99.

436 1969 69 31 Den
544 1969 189 41 tjensteman
773 1969 77 32 eller
887 1969 227 40 vaktmästare,
1159 1981 81 29 som,
1275 1971 85 31 efter
1393 1973 50 29 att
1464 1970 96 32 hafva
1583 1972 145 40 uppnått
1759 1981 38 21 en
1828 1970 90 32 ålder

298 2020 35 32 af
369 2021 100 31 sextio
504 2022 49 40 år,
595 2020 142 33 anhåller
772 2031 47 21 om
851 2019 121 44 afsked,
1009 2023 59 37 må,
1105 2021 110 32 derest
1253 2022 63 32 han
1352 2022 84 31 varit
1463 2024 9 29 i
1501 2021 120 32 allmän
1646 2022 99 42 tjenst
1768 2022 148 40 omkring

291 2071 129 42 fyratio
456 2074 46 38 år,
533 2072 126 32 komma
686 2074 10 30 i
730 2073 188 41 åtnjutande
948 2072 37 33 af
1002 2074 133 41 pension
1161 2074 49 32 till
1238 2077 48 29 ett
1309 2074 131 42 belopp,
1470 2085 66 21 som
1561 2077 180 30 motsvarar
1763 2078 49 28 tre
1840 2074 76 42 fjer-

298 2124 133 32 dedelar
473 2124 74 32 utaf
591 2124 80 33 hans
710 2129 107 27 senast
857 2125 177 33 innehafda
1071 2126 67 32 lön.
1198 2126 101 32 Innan
1339 2126 197 42 tjensteman
1576 2126 82 33 eller
1698 2126 217 33 vaktmästare

298 2176 139 41 uppnått
476 2176 104 32 sextio
619 2175 140 33 lefnads-
799 2176 56 32 och
895 2176 146 43 omkring
1082 2177 117 43 fyratio
1222 2178 147 42 tjenstår,
1402 2178 75 40 kan,
1518 2178 118 33 endast
1673 2179 10 31 i
1707 2178 154 33 händelse
1885 2179 33 32 af

297 2226 137 40 bevislig
468 2227 167 40 oförmåga
674 2227 48 31 till
759 2228 107 31 vidare
894 2229 224 40 tjenstgöring,
1145 2230 136 40 pension
1311 2230 53 31 vid
1394 2230 290 41 afskedstagandet
1707 2230 118 31 honom
1850 2231 65 31 till-

297 2278 100 32 delas.
451 2278 15 32 I
500 2279 117 32 sådant
656 2278 59 33 fall
755 2278 120 42 lämpas
910 2280 185 33 densamma
1124 2281 83 32 efter
1247 2282 180 40 tjenståren
1457 2286 126 28 ensamt
1610 2284 44 39 på
1681 2282 54 32 det
1761 2286 77 36 sätt,
1868 2287 48 28 att

296 2328 51 32 för
383 2329 110 41 hvarje
535 2329 103 43 dylikt
670 2331 46 38 år,
751 2340 65 21 som
854 2330 118 32 brister
999 2332 9 30 i
1038 2342 73 32 nyss
1140 2332 141 32 nämnda
1308 2333 102 40 antal,
1434 2332 150 42 afdrages
1609 2344 39 21 en
1679 2333 233 42 fyrationdedel
