2188 2640
664 203 267 33 Statsutskottets
961 204 178 33 Utlåtande
1162 206 65 31 N:o
1250 210 77 30 188.
1724 211 39 31 23

210 289 113 38 söder
365 303 61 24 om
468 290 70 37 och
575 290 287 50 Laggarforsen
891 292 178 50 omkring
1097 294 21 35 5
1147 294 76 36 km.
1254 294 110 38 söder
1392 309 61 23 om
1482 309 142 24 samma
1653 296 151 49 slussar,

207 342 260 50 Trångforsen
504 342 65 38 vid
609 357 113 24 norra
763 345 125 36 ändan
930 346 41 36 af
1009 346 211 50 Trångfors
1248 347 125 48 kanal,
1402 348 403 39 Kolbäcksströmmen

210 395 177 49 omkring
415 398 54 45 0,5
498 396 73 36 km.
601 397 136 37 nedom
764 397 195 38 Kolbäcks
982 399 256 49 järnvägsbro
1281 406 98 31 samt
1408 401 396 38 Vesterkvarnström-

209 461 87 23 men
323 448 66 35 vid
418 448 82 36 öfre
529 448 124 37 ändan
683 449 41 36 af
747 449 280 38 Vesterkvarns
1056 451 124 37 kanal.
1235 452 53 36 Af
1313 452 111 37 dessa
1453 454 217 49 strömdrag
1689 468 115 36 synas

209 499 45 37 de
282 500 65 36 vid
376 500 222 48 Trångfors,
640 501 183 49 Kolbäck,
860 502 261 38 Vesterkvarn
1151 504 72 36 och
1249 504 174 49 Magfors
1451 519 91 24 vara
1570 507 46 36 de
1644 507 60 36 för
1730 512 75 32 tra-

207 551 103 38 fiken
351 557 98 32 mest
490 553 236 37 besvärande
764 554 70 37 och
863 554 156 38 sålunda
1046 556 230 50 rensningar
1303 557 69 37 här
1399 571 91 23 vara
1517 559 11 36 i
1557 558 120 38 första
1705 559 101 38 hand

209 604 252 50 erforderliga
492 605 60 37 för
579 606 191 37 farledens
799 607 273 49 förbättrande,
1102 622 99 34 men,
1229 609 13 36 i
1271 609 73 37 den
1372 613 84 34 mån
1486 610 207 50 tillgångar
1722 612 83 37 där-

208 657 58 36 till
307 657 126 36 kunde
463 657 234 50 disponeras,
727 659 119 37 skulle
874 660 228 49 rensningar
1130 661 112 37 äfven
1270 662 13 35 i
1312 662 46 37 de
1387 663 123 48 öfriga
1539 664 266 49 strömdragen

208 709 244 49 väsentligen
480 710 158 49 bidraga
666 710 58 37 till
750 712 184 37 trafikens
962 712 303 38 underlättande.

312 762 75 37 För
428 767 55 31 att
519 763 86 37 med
644 768 120 32 större
792 764 291 50 tillförlitlighet
1109 765 129 37 kunna
1265 766 169 37 beräkna
1462 767 257 38 kostnaderna
1746 769 59 37 för

209 814 113 36 dessa
357 814 379 49 rensningsarbeten,
775 816 121 37 skulle
934 817 63 36 det
1034 817 192 37 erfordras
1254 818 189 48 ingående
1471 820 334 50 undersökningar

208 869 48 47 på
284 865 162 51 platsen,
476 867 82 37 dels
587 868 118 37 under
732 869 198 49 pågående
959 870 144 37 vårflod
1131 870 60 37 för
1210 871 296 49 uppmätningar
1525 873 40 36 af
1578 873 47 36 då
1638 873 166 37 rådande

209 923 102 32 stora
353 920 371 49 strömhastigheter,
768 921 79 37 dels
888 922 63 37 vid
992 921 485 50 lågvattensförhållanden
1513 925 59 36 för
1601 938 202 36 noggrann

210 971 250 49 uppmätning
501 973 42 36 af
579 973 143 48 nödiga
762 974 283 37 tvärsektioner
1086 980 96 31 samt
1222 976 60 36 för
1309 977 496 49 grundundersökningar
1784 967 25 63 i

208 1023 179 50 samtliga
414 1037 89 36 pass
533 1025 70 36 och
632 1026 115 36 stråk.
804 1026 57 36 Då
890 1027 72 36 den
983 1030 37 34 åt
1040 1040 63 24 oss
1123 1028 246 37 anförtrodda
1388 1029 256 50 utredningen
1663 1030 13 36 i
1695 1032 110 47 fråga

208 1089 61 23 om
299 1080 145 33 statens
473 1077 275 49 öfvertagande
777 1078 41 37 af
845 1078 269 38 Strömsholms
1143 1080 208 37 kanalverk
1380 1081 40 36 af
1444 1082 149 49 hänsyn
1621 1082 57 36 till
1696 1087 108 32 ären-

208 1128 84 37 dets
319 1128 192 38 tilltänkta
539 1129 235 51 behandling
802 1131 63 36 vid
892 1131 255 38 instundande
1176 1132 159 49 riksdag
1362 1133 82 37 icke
1477 1134 146 37 kunnat
1642 1140 161 32 utsträc-

207 1181 68 36 kas
304 1181 107 37 öfver
440 1182 45 36 de
514 1182 58 36 för
599 1183 166 36 nämnda
792 1184 333 49 undersökningar
1153 1187 20 34 å
1201 1185 151 49 platsen
1371 1187 190 48 passande
1581 1187 220 44 årstiderna,

207 1233 116 37 hafva
364 1234 36 36 vi
438 1234 135 36 endast
610 1235 145 37 kunnat
782 1241 95 43 göra
905 1249 46 24 en
979 1250 81 23 mer
1089 1237 70 36 och
1187 1238 146 36 mindre
1363 1238 136 37 osäker
1527 1240 278 49 uppskattning

207 1285 37 37 af
273 1285 46 37 de
349 1287 214 36 eventuella
590 1287 259 38 kostnaderna
876 1289 60 36 för
956 1289 179 49 samtliga
1154 1290 46 36 de
1222 1290 117 36 ofvan
1358 1291 157 48 angifna
1534 1291 270 50 förbättrings-

207 1337 192 48 arbetena,
438 1352 79 23 som
546 1339 39 36 vi
613 1353 90 23 anse
732 1340 91 37 böra
851 1341 13 35 i
892 1344 87 33 mån
1006 1342 42 36 af
1071 1342 207 48 tillgångar
1306 1343 236 37 verkställas.
1598 1344 131 48 Enligt
1757 1358 47 23 en

207 1390 107 49 dylik
353 1391 282 49 uppskattning
675 1392 188 37 beräknas
892 1393 46 37 de
967 1394 222 36 förberörda
1217 1394 432 50 förbättringsarbetena
1677 1396 127 37 kunna

208 1442 146 37 utföras
383 1443 59 36 för
471 1456 48 24 en
547 1444 259 49 sammanlagd
835 1445 164 37 kostnad
1028 1446 42 36 af
1097 1447 162 47 120,000
1287 1447 152 37 kronor.

313 1494 52 36 Af
404 1495 111 37 dessa
557 1496 155 37 arbeten
753 1510 92 24 anse
887 1498 36 35 vi
952 1498 424 50 bankförstärkningar,
1406 1500 311 49 stenskoningar,
1746 1505 58 32 ut-

207 1547 235 48 vidgningar
484 1548 40 36 af
562 1548 271 38 kanaldelarna
874 1550 114 37 ofvan
1030 1550 70 37 och
1128 1551 124 36 nedan
1282 1551 272 38 Strömsholms
1583 1553 96 36 sluss
1708 1559 97 30 samt

208 1599 302 49 årensningarna
538 1600 63 36 vid
630 1601 225 49 Trångfors,
886 1602 183 49 Kolbäck,
1099 1603 261 37 Vesterkvarn
1389 1604 72 36 och
1480 1604 170 49 Magfors
1680 1607 122 35 såsom

207 1665 105 23 mera
349 1652 227 49 angelägna,
615 1653 71 37 och
714 1653 167 38 beräkna
909 1655 38 37 vi
975 1655 285 49 öfverslagsvis,
1291 1656 120 49 enligt
1439 1670 141 23 samma
1607 1657 197 50 uppskatt-

207 1704 106 49 ning,
357 1704 110 37 dessa
509 1705 410 50 förbättringsarbeten
960 1707 128 37 kunna
1128 1708 145 37 utföras
1315 1708 59 38 för
1402 1722 47 23 en
1477 1709 261 38 totalkostnad
1766 1710 41 37 af

209 1758 137 46 55,000
375 1756 155 38 kronor.

310 1809 121 37 Dessa
459 1810 510 50 kostnadsuppskattningar
996 1812 127 37 kunna
1151 1815 48 46 på
1228 1812 115 37 ofvan
1370 1813 160 37 anförda
1559 1814 82 36 skäl
1670 1814 134 37 endast

208 1860 107 50 gifva
344 1866 53 32 ett
425 1862 237 49 ungefärligt
690 1863 171 50 begrepp
890 1878 60 23 om
979 1865 214 36 eventuella
1211 1864 214 38 kostnaden
1443 1865 60 37 för
1523 1866 45 37 de
1589 1866 215 37 önskvärda

208 1914 447 49 förbättringsarbetena,
685 1928 86 24 men
799 1916 112 37 dessa
939 1917 157 37 arbeten
1124 1922 65 31 äro
1219 1917 32 48 ej
1274 1917 119 37 heller
1412 1917 40 37 af
1470 1931 103 23 mera
1594 1919 209 48 trängande

208 1971 123 42 natur,
360 1971 49 31 än
438 1971 56 32 att
522 1967 46 36 de
596 1967 128 36 kunna
753 1968 70 36 och
852 1968 92 38 böra
971 1970 147 36 utföras
1145 1969 97 36 först
1268 1969 12 36 i
1309 1972 86 34 mån
1424 1970 42 35 af
1486 1970 207 49 tillgångar
1713 1971 91 36 eller

209 2017 161 37 medelst
398 2019 182 37 särskildt
608 2019 127 37 därtill
763 2020 183 50 anslagna
975 2021 123 37 medel
1126 2022 97 37 efter
1250 2021 285 38 verkställande
1555 2023 62 36 vid
1639 2024 46 35 de
1704 2027 100 32 rätta

209 2070 211 37 årstiderna
461 2071 42 36 af
540 2071 141 48 nödiga
718 2072 452 51 detaljundersökningar
1198 2074 71 36 och
1299 2074 115 49 därpå
1443 2074 196 49 grundade
1668 2075 135 37 tillför-

207 2121 123 50 litliga
357 2122 455 51 kostnadsberäkningar.
