2189 2646
445 202 45 32 38
863 201 261 33 Statsutskottets
1157 200 176 34 Utlåtande
1361 201 65 31 N:o
1454 202 71 30 185.

392 284 145 38 fonden
578 284 70 37 och
690 283 201 49 öfvertaga
932 283 397 50 betalningsansvaret
1369 282 60 38 för
1457 282 73 37 den
1560 281 227 50 utelöpande
1816 280 111 38 delen
1956 281 41 37 af

393 337 175 50 bolagets
611 336 307 51 obligationslån.
974 336 134 50 Enligt
1140 336 46 38 de
1215 336 42 37 af
1280 335 141 50 Kungl.
1451 335 108 50 Maj:t
1587 335 74 37 den
1689 337 46 34 27
1766 334 96 51 april
1894 336 99 36 1894

392 390 217 37 fastställda
649 389 184 51 förnyade
870 390 127 49 regler
1032 389 58 37 för
1119 388 274 38 Strömsholms
1422 402 73 36 nya
1525 387 231 50 kanalbolag
1782 392 116 45 utgör
1926 387 67 37 bo-

392 444 125 49 lagets
550 442 245 51 aktiekapital
824 443 164 47 323,400
1017 442 153 49 kronor,
1199 441 190 38 fördeladt
1416 442 12 36 i
1457 443 72 36 539
1560 440 122 38 aktier
1710 440 129 50 hvarje
1869 443 20 35 å
1918 441 74 37 600

393 497 155 36 kronor.
606 496 73 36 Det
719 495 150 51 belopp,
899 508 80 24 som
1008 495 42 37 af
1083 500 124 32 staten
1245 494 120 38 skulle
1393 493 199 49 utbetalas,
1622 496 150 48 uppgår
1800 493 109 38 alltså
1936 493 57 36 till

395 550 166 46 323,400
598 549 154 36 kronor.
807 548 182 49 Bolagets
1026 548 236 37 återstående
1292 547 110 37 skuld
1430 547 57 36 till
1514 547 176 37 handels-
1720 547 70 36 och
1820 547 173 49 sjöfarts-

393 602 142 37 fonden
575 606 114 45 utgör
733 602 136 47 54,000
899 597 153 73 kronor,
1082 601 115 37 sedan
1225 600 157 50 bolaget
1408 613 159 24 numera
1595 600 86 37 med
1711 601 113 45 9,000
1852 599 142 37 kronor

395 654 123 64 erlagt
546 654 288 49 amorteringen
861 654 93 36 för
943 668 37 22 år
998 655 110 46 1906,
1125 654 71 37 och
1217 653 217 37 återstoden
1449 653 41 37 af
1506 652 171 49 bolagets
1698 651 295 50 obligationslån

392 709 149 48 uppgår
569 706 58 37 till
657 707 138 47 22,000
824 706 148 36 kronor.

495 759 98 37 Hela
630 759 62 37 det
728 758 152 50 belopp,
923 771 82 24 som
1047 763 126 32 staten
1215 757 120 38 skulle
1378 757 157 49 erlägga
1563 756 61 37 för
1651 756 177 48 kanalen,
1856 756 138 38 blifver

393 811 244 51 följaktligen
667 813 164 46 399,400
859 811 152 37 kronor.

497 860 81 57 Mot
606 841 200 81 betalning
834 864 40 36 af
899 864 104 36 detta
1030 863 139 50 belopp
1189 862 123 38 skulle
1332 867 124 32 staten
1476 861 140 38 erhålla
1636 861 49 37 all
1704 861 289 59 kanalbolagets

395 917 190 49 egendom
614 916 12 37 i
654 917 75 37 löst
758 917 70 37 och
857 916 76 37 fast
962 915 121 50 enligt
1114 917 96 36 1906
1241 918 60 34 års
1330 915 299 48 balansextrakt,
1659 914 80 37 däri
1766 914 228 50 inbegripna

394 970 290 49 kanalbolagets
713 968 331 52 reparationsfond
1074 968 69 38 och
1173 967 226 38 Sotsundets
1426 940 345 81 reparationsfond,
1792 980 84 24 men
1907 966 87 37 med

394 1023 199 48 undantag
626 1022 40 37 af
694 1024 135 46 15,346
860 1022 141 36 kronor
1030 1023 46 35 81
1108 1027 64 31 öre
1200 1020 243 38 reserverade
1472 1020 122 37 medel
1623 1025 97 32 samt
1747 1022 75 35 470
1851 1019 143 38 kronor

395 1051 195 73 outtagen
607 1052 314 72 vinstutdelning.

498 1100 134 81 Enligt
672 1127 165 37 nämnda
872 1126 290 38 balansextrakt
1199 1131 64 32 äro
1291 1125 290 50 kanalbolagets
1609 1124 206 50 tillgångar
1844 1124 73 38 den
1946 1127 46 34 31

396 1180 203 37 december
630 1181 96 35 1906
755 1179 186 38 bokförda
969 1182 49 47 på
1045 1178 167 50 följande
1242 1183 88 32 sätt:

394 1300 359 50 Kanalbyggnaden
1231 1332 128 2 mun
1403 1299 215 48 2,803,528:
1636 1299 46 36 56

395 1353 294 49 Egendomarna
709 1352 205 48 Skantsen,
933 1332 221 57 Norrtunbo
1174 1332 69 56 och
1259 1351 114 36 Finn-

498 1410 85 44 torp
1468 1404 149 45 34,489:
1636 1404 47 35 06

394 1434 249 85 Byggnader,
660 1434 165 85 boställs-
832 1438 75 55 och
917 1432 235 77 förrådshus,
1161 1436 176 57 arkiv
1332 1469 48 23 m.m.
1468 1456 149 44 63,900:
1636 1456 48 36 54

395 1510 144 37 Förråd
560 1510 40 36 af
616 1509 245 48 inventarier,
878 1508 164 50 redskap
1059 1509 70 36 och
1144 1481 229 80 materialier
1468 1509 151 45 56,502:
1637 1509 46 34 21

394 1562 145 49 Borgås
568 1562 112 37 hamn
712 1562 70 37 och
810 1560 263 90 lastageplats.
1151 1594 2 2 |
1311 1592 2 4 |
1469 1561 148 46 30,512:
1637 1561 47 34 22

394 1615 147 49 Borgås
569 1615 89 36 bro
639 1611 22 57 .
1069 1646 2 2 ;
1321 1646 12 2 a
1466 1614 150 45 28,329:
1637 1614 45 35 18
1713 1622 214 47 3,017,261:
1948 1624 43 33 77

395 1691 407 51 Reparationsfonden,
824 1691 80 37 däri
923 1646 228 95 inbegripet
1160 1695 56 32 ett
1234 1689 138 51 belopp

499 1744 42 37 af
571 1745 113 47 3,284
712 1744 143 36 kronor
884 1744 46 36 25
961 1749 76 42 öre,
1066 1742 212 50 utgörande
1307 1742 64 37 vid

502 1773 102 60 1906
642 1799 60 33 års
749 1796 75 36 slut
863 1773 210 72 upplupna,
1117 1796 33 48 ej
1194 1794 178 37 förfallna

499 1853 133 32 räntor
652 1851 20 34 å
689 1848 163 37 fondens
871 1848 12 36 i
898 1847 372 51 riksgäldskontoret
1297 1847 76 37 för-

501 1901 137 37 varade
667 1900 252 49 obligationer
944 1934 60 2 —...
1071 1934 2 2 .
1442 1901 175 46 318,313:
1637 1901 46 35 99

395 1970 475 49 Aktieutdelningskonto:
902 1966 15 58 =
938 1983 120 23 reser-

498 2023 132 36 vation
659 2022 83 36 från
767 2022 231 49 föregående
1018 2024 40 34 år

499 2075 60 37 för
587 2074 178 37 framtida
783 2074 203 50 utdelning
1085 2073 56 37 kr.
1162 2074 147 47 15,346:
1328 2075 46 35 81

397 2127 194 49 Outtagen
620 2126 305 49 aktieutdelning
974 2160 34 2 -.
1111 2139 17 22 »
1222 2128 85 35 470:
1326 2148 47 4 —
1469 2134 148 47 15,816:
1636 2135 46 35 81

398 2204 228 38 Sotsundets
666 2204 351 50 reparationsfonds
1054 2204 319 36 säkerhetshand-

499 2254 125 56 lingar
1495 2256 124 42 2,000:
1635 2277 50 3 —

1199 2326 211 48 Transport
1439 2326 177 47 336,130:
1635 2326 48 35 80
1713 2325 213 47 3,017,261:
1946 2325 46 35 77
