2154 2654
685 206 235 33 Statsutskottets
949 203 163 34 Utlåtande
1134 204 63 32 N:o
1218 205 50 30 36.
1754 201 17 35 1

876 762 95 39 N:o
997 760 84 41 36.

830 917 69 23 Ank.
919 917 44 22 till
982 916 93 23 Riksd.
1094 915 90 23 kansli
1205 915 52 23 den
1279 915 29 22 16
1328 915 80 29 april.
1420 914 70 28 1888,
1511 914 36 22 kl.
1568 915 13 22 3
1602 921 22 16 e.
1646 921 31 16 m,

384 1058 189 42 Utlåtande,
601 1057 14 34 i
642 1055 185 44 anledning
855 1054 44 44 af
919 1055 119 34 väckta
1064 1054 164 35 motioner
1253 1053 150 35 röramde
1429 1052 70 35 dels
1524 1051 218 44 nedsättning
1770 1052 13 33 1

576 1117 41 34 de
636 1116 51 45 på
713 1115 71 35 viss
801 1115 87 42 jord
912 1114 160 35 hvilande
1099 1114 245 44 grundskatter
1377 1116 89 31 samt
1488 1111 70 36 dels
1585 1111 156 44 lindring
1768 1111 13 34 i

576 1175 190 45 rustnings-
794 1174 58 36 och
878 1173 337 45 roleringsbesvären.

1513 1219 42 48 (I.
1584 1222 61 40 A.)

311 1361 74 37 Till
414 1360 306 37 statsutskottets
750 1359 238 48 behandling
1021 1358 117 37 hafva
1166 1357 273 37 öfverlemnats
1467 1355 183 49 följande,
1678 1355 102 36 inom

176 1414 241 47 Riksdagens
457 1412 131 36 Andra
628 1412 205 36 Kammare
879 1410 138 37 väckta
1062 1409 187 36 motioner
1282 1408 12 35 i
1336 1407 251 37 förenärmnda
1630 1412 149 41 ämnen,

175 1464 211 48 nemligen:

310 1514 146 37 motion
482 1527 62 23 n:o
575 1515 32 46 1,
637 1514 41 36 af
702 1513 88 36 herr
817 1514 45 35 FH.
886 1513 201 36 Andersson
1118 1510 11 37 i
1156 1509 196 38 Nöbbelöf
1377 1523 46 22 m.
1453 1508 36 37 fl.
1519 1508 87 37 med
1634 1507 147 49 förslag

177 1571 55 33 att
260 1566 222 48 Riksdagen
509 1568 117 33 måtte
654 1564 168 36 besluta:

314 1616 72 44 1:0)
415 1620 55 32 att
493 1615 84 37 från
606 1615 70 36 och
704 1615 87 36 med
817 1617 39 34 år
886 1616 94 34 1889
1010 1627 46 23 en
1084 1612 225 49 ytterligare
1329 1611 250 48 nedsättning
1607 1611 41 36 af
1670 1610 111 48 tjugu

177 1676 161 41 procent
365 1667 12 36 i
405 1667 73 36 den
506 1669 49 46 på
583 1666 78 36 viss
684 1665 88 49 jord
800 1664 178 37 hvilande
1006 1664 233 49 grundskatt
1267 1663 122 36 skulle
1415 1676 72 35 ega
1514 1675 83 23 rum
1622 1661 10 36 i
1658 1662 124 35 öfver-

179 1718 292 38 ensstämmelse
509 1717 88 36 med
639 1717 47 37 de
715 1716 11 36 i
759 1716 129 49 kongl.
919 1715 259 49 kungörelsen
1206 1714 73 36 den
1309 1715 20 35 5
1354 1713 84 49 juni
1468 1714 95 36 1885
1592 1712 189 49 stadgade

178 1770 171 48 grunder
378 1768 69 37 och
475 1768 140 46 vilkor;

279 1818 73 49 2:0)
382 1825 55 31 att
463 1819 86 37 från
577 1819 71 37 och
675 1818 87 36 med
793 1820 94 35 18389
917 1830 47 23 en
991 1816 224 50 ytterligare
1242 1815 169 48 lindring
1437 1815 12 35 1
1473 1814 214 48 rustnings-
1711 1814 70 35 och

179 1872 384 48 roteringsbesvären
604 1870 122 37 skulle
768 1883 73 35 ega
865 1882 82 22 rum
976 1868 86 36 med
1090 1868 109 49 tjugu
1228 1872 161 44 procent
1417 1866 40 37 af
1481 1866 114 36 dessa
1622 1865 159 36 besvärs

178 1922 258 50 uppskattade
465 1922 116 36 värde
610 1922 98 36 efter
736 1920 200 37 enahanda
964 1920 170 48 grunder
1162 1919 70 36 och
1260 1917 303 46 bestämmelser,
1589 1929 79 24 som
1698 1916 84 36 fun-

180 1988 67 23 nes
275 1974 12 36 i
314 1987 47 22 nu
393 1972 180 50 gällande
601 1972 64 49 lag
695 1972 40 36 af
760 1972 73 36 den
863 1973 19 34 5
906 1970 84 50 juni
1020 1971 96 35 1885
1145 1970 199 49 angående
1360 1968 167 49 lindring
1541 1967 241 49 irustnings-

181 2026 70 36 och
280 2024 399 49 roteringsbesvären;

315 2076 73 43 3:0)
419 2080 54 31 att
501 2074 252 48 erforderliga
781 2072 125 37 medel
933 2072 58 36 till
1015 2072 214 48 ersättning
1257 2075 37 33 åt
1322 2070 176 37 effektiva
1526 2068 161 37 rusthåll
1713 2068 70 37 och

180 2131 103 32 rotar
311 2127 61 36 för
396 2126 64 36 det
486 2125 163 37 berörda
676 2124 169 49 lindring
873 2123 269 37 motsvarande
1170 2123 139 49 belopp
1338 2125 116 33 måtte
1484 2120 152 38 anvisas
1655 2123 16 33 å
1690 2120 94 36 riks-

180 2183 147 31 statens
355 2177 86 36 4:de
470 2177 70 36 och
572 2179 74 34 5:te
675 2175 270 45 hufvudtitlar;
975 2179 98 31 samt

314 2230 77 40 4:0)
433 2228 69 36 hos
538 2227 141 49 Kongl.
709 2226 107 49 Maj:t
843 2225 163 46 anhålla,
1036 2225 64 36 det
1127 2224 138 48 Kongl.
1293 2224 106 48 Maj:t
1426 2223 148 36 täcktes
1602 2221 57 37 till
1680 2226 103 32 näst-

181 2279 228 37 kommande
438 2279 169 48 Riksdag
636 2277 218 49 framlägga
882 2276 146 49 förslag
1057 2279 41 33 så
1126 2275 61 37 väl
1214 2276 11 35 i
1249 2276 108 46 fråga
1374 2288 57 23 om
1450 2273 282 49 eftergifvande
1747 2272 40 37 af

232 2350 71 31 Bih.
326 2349 47 31 till
397 2348 112 32 Riksd.
537 2348 82 31 Prot.
644 2350 89 29 1888.
776 2350 20 28 4
820 2345 94 33 Saml.
961 2348 15 29 1
1000 2345 76 40 Afd.
1101 2347 43 30 24
1167 2345 87 40 Häft.
1713 2342 18 34 1
