1897 2830
507 142 285 29 Statsutskottets
807 143 179 29 utlåtande
998 153 44 19 nr
1057 143 17 29 7
1088 144 40 29 år
1142 144 84 29 1970
1586 149 18 29 3

124 220 107 30 heller
245 221 10 29 i
270 221 109 40 övrigt
395 223 68 38 gett
479 222 168 30 utskottet
663 222 187 40 anledning
863 223 53 30 till
932 224 148 35 erinran,
1095 224 119 30 varför
1229 226 168 29 utskottet
1412 226 194 39 tillstyrker

125 274 66 29 den
205 275 197 39 föreslagna
415 276 362 39 medelsanvisningen
792 286 41 20 av
848 277 39 29 70
902 278 88 39 milj.
1005 278 51 29 kr.

168 329 174 29 Utskottet
356 329 202 30 hemställer

487 385 49 28 att
563 384 186 39 riksdagen
774 385 80 29 med
878 385 100 30 bifall
1003 386 53 29 till
1082 386 125 40 Kungl.
1235 387 123 40 Maj:ts
1385 388 130 39 förslag
1542 389 63 29 och

442 437 79 30 med
545 438 117 39 avslag
684 438 19 30 å
724 439 219 30 motionerna
965 440 29 29 1:
1012 440 61 29 758
1097 440 64 30 och
1184 441 45 29 11:
1244 441 63 29 876
1329 441 53 30 till
1404 441 201 30 Statistiska

443 491 259 39 centralbyrån:
726 492 170 37 Statistik,
921 493 143 38 register
1088 493 63 30 och
1173 502 191 31 prognoser
1387 495 55 30 för
1463 496 143 39 budget-

444 545 72 29 året
535 545 146 35 1970/71
701 546 138 30 anvisar
856 548 46 28 ett
918 546 272 41 förslagsanslag
1206 557 41 21 av
1264 548 39 30 70
1318 548 62 30 000
1395 548 62 30 000
1473 549 52 29 kr.

167 678 27 28 4.
220 677 196 30 Statistiska
442 680 255 34 centralbyrån:
725 679 173 30 Statistisk
925 681 392 35 uppdragsverksamhet
1343 692 42 20 m.
1412 683 37 29 fl.
1476 683 128 35 anslag.

123 731 175 30 Utskottet
316 732 193 39 tillstyrker
528 733 124 39 Kungl.
672 734 123 39 Maj:ts
815 734 131 40 förslag
969 734 215 40 (punkterna
1201 736 26 29 B
1247 735 91 30 4—B
1358 736 29 35 8,
1409 746 24 20 s.
1454 737 145 35 25—34)

123 785 64 29 och
200 785 202 30 hemställer

488 841 48 28 att
551 840 186 39 riksdagen
752 841 54 29 för
819 841 202 39 budgetåret
1039 842 145 36 1970/71
1203 843 138 30 anvisar

489 894 26 28 1.
540 894 53 29 till
616 893 201 30 Statistiska
842 895 259 39 centralbyrån:
1125 895 179 30 Statistisk
1330 896 275 40 uppdragsverk-

442 946 137 30 samhet
594 949 46 28 ett
655 947 271 41 förslagsanslag
940 958 41 20 av
997 949 14 29 1
1028 949 62 30 000
1105 950 61 34 kr.,

486 1001 28 29 2.
539 1001 53 29 till
621 1000 201 30 Statistiska
853 1002 259 39 centralbyrån:
1146 1003 152 29 Teknisk
1330 1004 271 39 uppdragsverk-

443 1053 136 30 samhet
593 1056 47 28 ett
655 1054 272 41 förslagsanslag
941 1066 40 20 av
997 1056 15 29 1
1029 1056 61 30 000
1105 1057 62 35 kr.,

486 1108 28 29 3.
540 1109 53 29 till
620 1108 422 39 Konjunkturinstitutet:
1074 1110 271 30 Verksamheten
1375 1111 11 29 i
1413 1111 191 30 allmänhet

443 1163 46 27 ett
504 1161 271 41 förslagsanslag
790 1172 40 21 av
845 1163 17 29 2
879 1163 60 30 195
955 1163 61 30 000
1032 1165 61 33 kr.,

486 1215 29 29 4.
540 1216 53 29 till
607 1216 422 38 Konjunkturinstitutet:
1045 1217 179 30 Särskilda
1240 1218 302 39 undersökningar
1557 1222 46 27 ett

442 1269 355 40 reservationsanslag
811 1280 41 20 av
867 1270 61 30 770
942 1271 61 29 000
1019 1272 61 33 kr.,

485 1322 29 30 3.
540 1322 52 30 till
606 1322 257 31 Statskontoret
880 1325 46 29 ett
942 1324 272 41 förslagsanslag
1229 1336 41 20 av
1286 1326 38 30 21
1341 1327 61 29 060
1418 1327 61 29 000
1496 1328 50 29 kr.

168 1456 26 27 5.
220 1455 401 30 Datamaskincentralen
637 1457 56 28 för
710 1457 253 30 administrativ
979 1459 290 36 databehandling
1285 1469 43 20 m.
1346 1460 37 30 fl.
1401 1461 128 35 anslag.
1548 1462 57 30 Ut-

124 1509 127 29 skottet
272 1509 193 39 tillstyrker
486 1510 124 39 Kungl.
633 1511 122 39 Maj:ts
778 1511 130 40 förslag
934 1512 215 40 (punkterna
1169 1513 26 29 B
1218 1513 91 30 9—B
1333 1514 49 35 11,
1407 1524 24 20 s.
1454 1515 145 34 35—39)

122 1562 65 29 och
200 1563 202 30 hemställer

488 1617 28 29 1.
542 1619 49 28 att
607 1618 186 39 riksdagen
808 1619 155 30 beslutar
979 1621 49 28 att
1046 1629 41 20 en
1103 1621 356 30 datamaskincentral
1476 1622 54 30 för
1547 1623 57 29 ad-

442 1670 213 31 ministrativ
669 1672 294 40 databehandling
975 1673 148 30 inrättas
1138 1674 65 30 den
1220 1674 15 29 1
1251 1674 66 40 juli
1333 1675 93 35 1970,

486 1724 29 30 2.
542 1726 48 28 att
614 1725 186 40 riksdagen
821 1726 227 40 bemyndigar
1071 1727 124 40 Kungl.
1219 1728 105 40 Maj:t
1348 1730 49 28 att
1419 1729 12 30 i
1455 1729 147 40 enlighet

438 1778 80 30 med
530 1778 67 29 vad
613 1787 72 21 som
701 1778 174 31 förordats
888 1780 10 29 i
916 1780 379 40 statsrådsprotokollet
1308 1782 132 30 inrätta
1453 1792 42 20 en
1510 1785 92 28 extra

442 1831 174 30 ordinarie
637 1832 111 39 tjänst
772 1842 73 20 som
868 1833 79 30 chef
969 1834 55 29 för
1046 1834 403 32 datamaskincentralen
1470 1836 54 30 för
1547 1837 56 29 ad-

441 1885 213 30 ministrativ
668 1886 302 40 databehandling,

485 1938 29 30 3.
541 1940 48 28 att
616 1939 186 39 riksdagen
827 1940 227 40 bemyndigar
1082 1942 124 39 Kungl.
1234 1943 105 39 Maj:t
1366 1944 48 29 att
1441 1943 95 30 vidta
1563 1944 40 30 de

442 1992 352 39 övergångsåtgärder
817 2003 73 20 som
912 1994 129 30 behövs
1063 1995 11 29 i
1099 1996 168 29 samband
1289 1997 79 29 med
1390 1997 212 30 inrättandet

441 2055 41 20 av
497 2055 41 20 en
554 2046 355 31 datamaskincentral
924 2047 55 30 för
994 2048 257 31 administrativ
1265 2050 303 40 databehandling,

486 2099 29 29 4.
542 2101 49 27 att
605 2100 186 39 riksdagen
805 2100 54 30 för
872 2101 202 39 budgetåret
1091 2102 146 36 1970/71
1255 2104 138 29 anvisar

485 2162 29 20 a.
538 2153 54 29 till
604 2153 410 30 Datamaskincentralen
1028 2154 57 40 för
1098 2155 257 31 administrativ
1369 2157 234 30 databehand-

442 2205 71 39 ling
527 2208 47 28 ett
588 2206 272 41 förslagsanslag
875 2217 41 21 av
931 2208 15 30 1
963 2209 62 29 000
1040 2210 62 34 kr.,

483 2260 32 29 b.
540 2260 53 29 till
626 2259 77 30 Viss
733 2260 364 39 försöksverksamhet
1130 2262 94 30 inom
1257 2264 345 40 statsförvaltningen

440 2321 105 21 m.m.
562 2315 46 27 ett
623 2313 272 41 förslagsanslag
909 2324 41 21 av
963 2315 19 29 4
997 2316 62 29 000
1074 2316 61 29 000
1150 2317 63 34 kr.,

485 2376 27 20 c.
537 2367 52 29 till
608 2367 111 39 Inköp
739 2376 41 21 av
800 2368 302 39 stansutrustning
1122 2371 46 28 ett
1188 2371 355 41 reservationsanslag
1563 2383 39 20 av

442 2419 94 30 1300
551 2420 62 30 000
628 2421 51 29 kr.
