1882 2852
514 173 106 27 Första
644 171 198 36 lagutskottets
864 169 148 28 utlåtande
1035 169 47 27 Nr
1105 169 48 28 ii.
1590 163 19 30 d

623 278 294 41 Propositionens
940 277 148 32 förslag.

158 359 67 30 Det
253 369 46 19 nu
328 356 187 41 framlagda
544 355 164 41 förslaget
735 354 61 31 har
824 354 54 31 till
906 352 243 40 huvudsakligt
1177 351 90 41 syfte
1296 352 50 29 att
1374 351 152 29 närmare
1555 348 53 31 be-

106 411 140 30 stämma
277 408 216 31 kommuners
525 406 63 31 och
619 404 172 32 enskildas
813 403 195 42 skyldighet
1028 404 48 29 att
1097 400 178 32 medverka
1296 400 58 31 vid
1374 398 232 42 luftskyddets

105 458 244 43 planläggning
372 458 62 31 och
459 457 78 31 dess
562 455 247 32 förberedande
833 454 12 31 i
869 454 118 41 övrigt.

157 509 179 41 Förslaget
356 508 61 31 har
437 507 181 32 föranletts
638 517 40 20 av
699 517 41 20 en
761 516 40 20 av
823 502 439 43 luftskyddsinspektionen
1284 502 65 31 den
1371 501 38 31 16
1430 499 179 33 december

108 561 78 30 1938
210 558 217 33 överlämnad
449 557 226 43 promemoria
696 556 78 31 med
797 555 114 32 utkast
933 554 54 31 till
1010 554 73 31 dels
1106 553 54 42 lag
1184 564 54 20 om
1261 552 129 32 ändrad
1412 551 132 41 lydelse
1568 561 40 21 av

107 611 47 36 10,
179 611 36 30 11
239 610 63 31 och
326 610 39 30 14
387 608 42 42 88
451 606 307 42 luftskyddslagen,
783 605 74 32 dels
880 605 61 31 ock
963 605 55 40 lag
1040 615 53 20 om
1116 603 225 42 upphävande
1364 614 40 20 av
1426 603 40 31 20
1489 601 20 42 $
1532 602 76 31 luft-

106 659 443 43 skyddsförfogandelagen.

157 711 113 31 Sedan
304 707 443 44 luftskyddsinspektionen
781 706 11 31 i
824 705 251 42 promemorian
1099 705 128 31 lämnat
1251 715 41 20 en
1316 704 219 41 redogörelse
1558 704 52 31 för

102 762 157 41 gällande
292 760 261 32 bestämmelser
585 769 55 21 om
664 757 196 42 skyldighet
884 757 51 31 för
957 756 201 31 kommuner
1181 755 64 31 och
1269 754 156 32 enskilda
1448 756 50 29 att
1521 754 89 31 med-

103 813 100 31 verka
225 812 57 31 vid
305 810 233 42 luftskyddets
562 808 249 32 förberedande
834 807 11 31 i
862 806 154 39 fredstid,
1034 806 61 31 har
1114 805 254 42 inspektioner
1377 805 112 31 anfört
1505 804 105 32 bland

104 865 104 29 annat
230 862 166 42 följande:

156 922 195 31 Kommuns
386 920 132 32 direkta
546 918 178 43 åliggande
747 918 11 30 i
781 916 222 33 förevarande
1026 915 197 33 hänseende
1249 915 204 32 inskränker
1480 915 52 40 sig
1558 914 53 31 till

104 965 65 31 den
203 965 11 30 i
240 965 38 30 10
301 964 21 41 8
344 962 298 42 luftskyddslagen
667 960 163 41 stadgade
855 959 238 42 skyldigheten
1117 960 50 30 att
1188 958 115 31 lämna
1326 957 216 41 erforderligt
1564 956 46 32 bi-

104 1007 95 31 träde
226 1006 58 31 vid
307 1005 289 43 planläggningen
620 1015 39 19 av
682 1002 215 42 luftskyddet
919 1002 94 30 inom
1036 1002 217 30 kommunen.
1289 1000 52 31 De
1366 999 242 42 skyldigheter,

105 1060 73 20 som
213 1048 145 32 sålunda
387 1048 110 39 ålagts
520 1047 256 36 kommunerna,
802 1046 171 30 motsvara
994 1043 187 41 ingalunda
1204 1042 252 40 omfattningen
1479 1053 40 19 av
1543 1041 66 31 den

103 1091 216 32 verksamhet
342 1091 74 30 från
440 1090 99 31 deras
564 1089 83 37 sida,
672 1099 73 20 som
770 1087 51 38 de,
845 1086 12 31 i
881 1086 151 41 enlighet
1051 1085 78 31 med
1144 1085 65 31 vad
1227 1084 265 32 statsmakterna
1508 1084 102 30 förut-

105 1136 76 35 satt,
205 1133 156 41 frivilligt
384 1133 83 31 böra
490 1133 98 39 åtaga
611 1131 60 40 sig.
706 1130 124 31 Denna
845 1129 89 31 brist
949 1130 43 39 på
1008 1127 205 42 uttryckliga
1227 1127 262 31 bestämmelser
1504 1126 107 40 ifråga

105 1187 54 20 om
193 1175 266 32 kommunernas
494 1173 234 42 skyldigheter
762 1171 285 40 sammanhänger
1079 1169 237 41 otvivelaktigt
1349 1168 77 31 med
1457 1168 66 31 den
1547 1168 63 31 för-

105 1218 172 41 siktighet,
314 1228 73 21 som
422 1216 136 42 präglar
592 1213 447 43 luftskyddsutredningens
1071 1212 129 41 förslag
1233 1212 65 31 och
1326 1211 284 31 statsmakternas

103 1260 116 32 beslut
242 1264 43 37 på
308 1260 95 31 detta
426 1258 147 32 område.
619 1257 68 31 Det
709 1257 62 30 har
794 1255 272 42 uppenbarligen
1090 1256 132 30 ansetts
1245 1253 158 42 lämpligt
1426 1255 50 29 att
1499 1253 53 30 till
1568 1264 41 20 en

105 1303 119 41 början
258 1302 151 41 iakttaga
441 1299 281 33 återhållsamhet
755 1299 11 30 i
799 1299 95 40 fråga
916 1309 55 20 om
995 1296 368 41 detaljbestämmelser
1384 1296 53 31 för
1459 1297 50 29 att
1532 1306 78 20 man

104 1345 192 38 framdeles,
330 1346 62 29 när
425 1343 176 42 praktiska
634 1341 231 32 erfarenheter
887 1340 72 31 från
983 1339 276 42 planläggnings-
1282 1339 64 31 och
1369 1337 241 32 förberedelse-

105 1388 131 30 arbetet
270 1387 10 31 i
304 1386 111 41 övrigt
437 1385 151 38 vunnits,
613 1384 110 31 skulle
746 1384 87 30 hava
856 1382 101 32 friare
980 1381 139 32 händer.
1164 1381 147 41 Följden
1334 1381 62 30 har
1418 1379 193 32 emellertid

104 1429 108 36 blivit,
236 1431 50 29 att
308 1431 44 39 på
375 1430 121 38 många
519 1427 148 41 punkter
687 1428 73 29 stor
776 1425 155 31 oklarhet
946 1424 99 31 råder
1061 1435 54 19 om
1132 1424 266 31 kommunernas
1415 1422 197 41 skyldighet

105 1473 50 30 att
177 1471 182 31 medverka
382 1471 57 30 vid
461 1468 233 42 luftskyddets
718 1467 250 32 förberedande
991 1467 11 30 i
1025 1466 145 31 fredstid
1194 1466 64 31 och
1283 1476 54 20 om
1362 1465 65 31 den
1444 1466 89 29 rätta
1548 1465 63 30 för-

105 1514 183 40 delningen
324 1524 39 19 av
397 1512 232 31 kostnaderna
656 1510 125 31 mellan
806 1511 68 30 stat
899 1509 64 31 och
989 1509 171 30 kommun.
1185 1526 41 3 —
1249 1526 40 3 —
1313 1526 39 3 —
1376 1507 120 30 Ehuru
1520 1506 90 31 kom-

105 1566 165 20 munerna
304 1557 80 29 över
417 1555 54 39 lag
497 1554 89 31 visat
619 1553 180 31 förståelse
833 1552 52 30 för
918 1550 214 41 luftskyddet
1160 1550 63 31 och
1247 1550 81 30 dess
1351 1548 258 38 förberedande,

104 1598 61 31 har
200 1616 37 3 —
272 1615 40 4 —
347 1616 31 2 —
421 1597 133 31 bristen
588 1597 43 39 på
654 1597 155 28 närmare
833 1593 259 32 bestämmelser
1114 1604 11 19 i
1148 1593 94 40 fråga
1266 1602 54 21 om
1344 1591 267 31 kommunernas

104 1640 204 41 åligganden
347 1640 44 40 på
424 1639 91 31 vissa
549 1637 70 31 håll
653 1639 132 29 ansetts
823 1637 122 40 utgöra
971 1635 123 31 hinder
1131 1635 52 30 för
1220 1634 266 31 kommunernas
1521 1632 89 31 med-

104 1682 133 38 verkan,
273 1683 44 40 på
351 1683 69 30 sätt
455 1692 73 20 som
562 1680 191 36 förutsatts,
788 1679 84 30 eller
905 1678 53 31 för
990 1677 193 41 beviljande
1221 1688 40 19 av
1295 1676 43 31 de
1372 1675 127 41 anslag,
1537 1685 73 21 som

102 1724 258 32 vederbörande
383 1721 441 43 luftskyddsmyndigheter
839 1721 52 31 för
908 1720 90 31 olika
1015 1719 156 31 ändamål
1186 1719 129 41 begärt.
1351 1717 260 32 Förberedelse-

103 1767 132 31 arbetet
269 1766 60 31 har
364 1766 144 31 sålunda
530 1764 101 32 blivit
652 1763 139 32 lidande
814 1765 44 39 på
881 1763 43 31 de
947 1762 170 31 svävande
1140 1760 315 38 bestämmelserna,
1480 1759 65 32 och
1569 1759 42 31 de

102 1809 53 31 för
183 1808 282 41 organiserandet
487 1818 40 20 av
550 1806 215 41 luftskyddet
788 1805 179 40 ansvariga
990 1803 285 42 myndigheterna
1297 1803 86 30 hava
1406 1802 170 31 hämmats
1600 1801 11 31 i

104 1851 60 31 sitt
187 1851 126 31 arbete.
349 1850 68 31 Det
441 1860 103 31 synes
568 1849 115 30 därför
702 1848 188 40 angeläget,
907 1849 50 29 att
974 1858 40 19 en
1030 1846 218 41 lagstiftning
1263 1845 93 31 inom
1374 1845 65 30 den
1457 1845 154 30 snaraste

102 1893 182 31 framtiden
308 1893 154 30 kommer
484 1892 53 30 till
562 1890 109 38 stånd,
697 1902 72 19 som
795 1891 38 30 så
849 1890 88 30 klart
953 1900 72 20 som
1043 1888 134 41 möjligt
1193 1889 148 39 utsäger,
1358 1887 90 30 vilka
1465 1886 147 41 skyldig-

103 1936 96 30 heter
233 1946 73 20 som
342 1934 88 30 åvila
462 1934 248 30 kommunerna
743 1932 11 30 i
788 1932 93 40 fråga
915 1942 55 20 om
997 1929 233 41 luftskyddets
1253 1928 259 32 förberedande.
1558 1928 53 31 De

103 1977 125 31 hittills
251 1976 111 31 under
384 1974 386 33 förberedelsearbetets
793 1975 89 39 gång
905 1984 114 19 vunna
1041 1971 177 42 praktiska
1234 1970 275 32 erfarenheterna
1526 1970 86 30 hava

103 2019 122 41 jämväl
249 2018 180 41 ådagalagt
452 2017 148 31 behovet
623 2027 39 20 av
686 2018 50 28 att
759 2015 122 41 stadga
904 2014 197 41 skyldighet
1123 2015 52 29 för
1191 2016 99 37 ägare
1307 2013 82 30 eller
1404 2012 207 31 innehavare

102 2072 40 20 av
166 2061 164 40 fastighet
353 2060 83 31 eller
458 2070 112 20 annan
595 2058 165 41 egendom
785 2059 50 29 att
859 2057 91 40 sörja
972 2057 52 30 för
1039 2056 70 31 viss
1127 2067 39 19 ur
1182 2054 234 42 luftskyddets
1434 2054 177 41 synpunkt

102 2103 104 41 nödig
228 2102 305 40 brandberedskap
557 2101 78 31 med
658 2100 170 31 avseende
852 2102 18 28 å
893 2099 207 41 fastigheten
1125 2098 82 31 eller
1231 2097 222 41 egendomen.

154 2145 18 30 I
196 2145 166 31 samband
387 2144 77 31 med
488 2146 49 28 att
560 2144 266 30 kommunernas
850 2141 64 31 och
939 2140 173 32 enskildas
1138 2139 196 42 skyldighet
1357 2141 50 29 att
1430 2138 182 31 medverka

102 2187 57 30 vid
182 2186 234 41 luftskyddets
440 2185 248 31 förberedande
711 2184 69 31 blir
802 2184 141 31 föremål
966 2184 52 30 för
1042 2194 40 19 en
1106 2193 93 20 mera
1222 2181 142 40 utförlig
1384 2180 226 41 lagstiftning,

104 2240 102 29 synes
230 2228 167 41 lämpligt,
420 2230 49 28 att
493 2226 221 41 erforderliga
736 2226 261 31 bestämmelser
1020 2226 18 29 å
1054 2224 222 31 förevarande
1293 2223 138 31 område
1448 2233 164 20 samman-

103 2272 90 29 föras
217 2271 10 30 i
251 2270 310 41 luftskyddslagen,
586 2271 112 28 varest
722 2268 100 40 eljest
844 2267 305 31 bestämmelserna
1172 2266 10 30 i
1199 2267 93 39 fråga
1308 2276 54 20 om
1379 2264 234 40 luftskyddets

103 2312 250 31 förberedande
376 2312 11 30 i
411 2311 146 31 fredstid
582 2310 135 31 erhållit
741 2310 53 30 sin
819 2310 100 40 plats.
955 2308 313 31 Bestämmelserna
1283 2307 11 30 i
1311 2308 41 29 20
1367 2306 21 40 $
1403 2306 208 40 luftskydds-

102 2354 301 40 förfogandelagen
437 2372 39 2 —
499 2353 90 29 vilka
615 2351 260 31 bestimmelser
898 2351 10 30 i
924 2351 107 30 första
1053 2350 91 30 hand
1168 2350 85 29 hava
1276 2348 169 31 avscende
1469 2350 18 28 å
1510 2347 103 31 freds-

104 2396 50 31 tid
177 2414 19 3 —
241 2396 97 30 torde
363 2395 114 30 därför
499 2394 82 31 böra
607 2394 196 40 överflyttas
828 2393 51 30 till
903 2391 295 41 luftskyddslagen
1225 2391 62 30 och
1313 2390 147 30 nämnda
1480 2390 130 39 lagrum

104 2437 134 32 således
263 2437 186 41 upphävas.
