1913 2835
280 154 60 30 132
583 150 123 40 Tredje
726 149 244 40 lagutskottets
989 148 179 30 utlåtande
1186 156 43 21 nr
1246 147 42 30 37
1306 146 39 31 år
1365 146 83 31 1969

277 233 143 40 värdiga
439 232 125 31 villkor
585 242 56 20 om
662 230 330 41 fastighetsbundna
1011 229 262 39 investeringar.
1295 228 170 40 Reglerna
1485 227 10 30 i
1517 226 166 40 förslaget
1703 235 60 20 an-

278 297 54 21 ses
353 297 84 21 vara
458 286 346 31 otillfredsställande
826 285 44 40 på
893 285 114 30 denna
1028 284 123 40 punkt.
1174 284 52 29 En
1249 283 188 39 långsiktig
1457 281 228 39 målsättning
1708 280 54 30 för

276 341 374 42 lagstiftningsarbetet
664 341 62 30 bör
741 350 83 21 vara
839 341 50 29 att
905 340 85 30 söka
1004 339 45 30 nå
1063 337 485 40 intresseavvägningsregler,
1564 336 62 30 där
1642 335 121 30 lokali-

279 396 252 41 seringsfrågor
552 396 65 30 och
637 395 291 40 åtgärdsinsatser
949 394 71 29 kan
1039 393 165 30 bedömas
1224 392 80 30 med
1323 392 139 39 hänsyn
1482 391 52 30 till
1556 390 207 30 skadeverk-

278 451 181 40 ningarna.
478 450 79 30 Med
573 459 44 21 en
637 449 109 30 sådan
763 448 117 30 metod
898 448 70 30 kan
987 447 160 39 okänslig
1165 446 225 39 lokalisering
1408 446 109 29 redan
1534 445 12 29 i
1566 444 196 39 företagens

278 505 158 40 kalkyler
450 504 150 31 framstå
613 514 75 20 som
703 503 221 31 ekonomiskt
939 503 235 29 lönsammare
1189 501 44 30 än
1249 510 42 20 en
1306 498 317 41 störningskänslig
1637 497 126 31 etable-

276 560 88 40 ring.
385 559 103 31 Ställs
507 558 382 40 etableringsvillkoren
905 558 12 30 i
935 557 148 30 relation
1100 556 54 29 till
1174 554 319 40 störningsverkan,
1513 553 149 30 erhåller
1680 561 83 21 man

278 623 43 21 en
336 614 137 30 neutral
488 611 356 41 bedömningsgrund.
860 611 129 31 Vidare
1004 611 157 29 kommer
1176 608 334 40 villkorsgivningen
1525 608 71 29 inte
1613 608 49 29 att
1677 606 11 30 i
1704 615 59 21 na-

278 668 318 30 tionalekonomisk
626 667 141 39 mening
798 666 161 39 försvaga
988 663 376 34 konkurrenskraften,
1395 672 56 20 om
1482 663 197 29 insatserna
1708 661 56 29 be-

278 723 114 39 tingas
410 732 42 20 av
468 724 50 28 att
534 731 84 21 man
636 721 153 40 skyddar
806 720 44 30 bl.
866 730 28 20 a.
915 718 338 40 störningskänsliga
1270 717 252 39 investeringar
1538 733 45 4 —
1600 717 22 28 t.
1637 724 50 20 ex.
1705 714 59 30 bo-

281 777 300 40 stadsbebyggelse
610 794 45 3 —
685 785 74 20 som
789 775 259 40 representerar
1078 772 194 40 likvärdiga
1303 772 81 30 eller
1418 771 109 30 större
1557 769 130 31 värden
1719 769 45 30 än

280 831 307 40 störningskällan.
603 830 260 30 Motionärerna
878 829 97 39 säger
992 828 51 40 sig
1057 836 83 21 vara
1154 827 185 30 medvetna
1354 835 55 21 om
1426 826 49 29 att
1492 825 101 29 dessa
1607 823 156 41 problem

280 886 37 28 är
334 885 180 28 svårlösta.
531 884 80 29 Men
628 883 94 29 detta
739 883 54 28 får
810 883 72 28 inte
898 882 127 28 hindra
1041 883 51 27 att
1107 890 83 19 man
1207 880 159 28 försöker
1385 879 99 28 finna
1502 878 187 37 lösningar.

324 938 56 30 HI.
399 937 409 41 Propositionsförslaget
826 935 100 40 utgår
945 935 106 39 enligt
1068 934 261 30 motionärerna
1348 932 80 30 från
1447 932 49 29 att
1514 930 250 38 miljöförsäm-

278 994 119 38 ringar
413 993 11 29 i
442 994 71 27 stor
529 991 246 39 utsträckning
790 990 54 29 får
862 989 206 30 framkallas
1085 987 301 39 ersättningsfritt.
1404 986 52 30 En
1475 984 187 40 långsiktig
1679 983 85 30 mål-

280 1046 155 40 sättning
453 1046 62 29 bör
535 1045 107 40 enligt
661 1045 100 30 deras
782 1043 226 40 uppfattning
1028 1043 11 29 i
1061 1042 115 30 stället
1195 1050 84 21 vara
1299 1042 50 28 att
1369 1040 208 30 eftersträva
1596 1047 43 21 en
1658 1038 107 39 regle-

277 1101 79 39 ring
376 1110 42 20 av
438 1100 211 30 åtminstone
670 1099 68 30 alla
758 1097 222 31 ekonomiskt
1000 1096 288 39 värderingsbara
1310 1094 252 39 försämringar
1585 1102 73 20 som
1679 1100 86 31 upp-

279 1155 157 30 kommer
451 1154 58 30 vid
527 1153 160 30 störande
705 1151 242 39 exploatering.
966 1151 110 37 Syftet
1091 1150 78 29 med
1186 1159 42 20 en
1246 1149 107 30 sådan
1369 1148 135 38 princip
1522 1148 38 29 är
1576 1146 190 31 emellertid

276 1209 73 30 inte
373 1209 12 29 i
409 1208 111 30 första
543 1208 153 29 rummet
722 1207 49 29 att
797 1205 134 30 fördela
956 1214 43 21 en
1023 1204 129 40 mängd
1178 1202 348 40 ersättningsbelopp.
1553 1201 74 29 Den
1653 1200 111 29 skulle

278 1263 149 30 framför
444 1262 61 30 allt
521 1261 36 30 få
572 1261 185 40 betydelse,
772 1260 46 30 då
834 1260 56 29 det
908 1260 105 38 gäller
1030 1260 50 28 att
1095 1258 204 33 bestämma,
1315 1256 95 30 vilka
1427 1255 336 39 skadeförebyggan-

281 1318 41 29 de
339 1317 160 39 åtgärder
518 1325 74 20 som
609 1315 139 30 behövs.
766 1313 128 30 Likaså
912 1313 117 29 kunde
1047 1321 82 21 man
1146 1311 79 30 med
1243 1311 100 29 dessa
1360 1309 303 40 utgångspunkter
1680 1308 86 29 kan-

282 1371 60 29 ske
359 1371 84 33 visa,
463 1372 49 27 att
530 1379 42 20 en
590 1368 185 30 alternativ
793 1367 224 38 lokalisering
1034 1375 80 20 vore
1133 1367 49 27 att
1201 1364 139 30 föredra
1358 1373 42 20 av
1418 1364 137 38 hänsyn
1573 1363 52 29 till
1645 1361 121 30 skade-

279 1425 268 38 verkningarna.

324 1478 55 30 IV.
402 1478 260 29 Motionärerna
685 1476 100 29 berör
809 1475 124 39 frågan
958 1484 56 20 om
1037 1472 312 41 trygghetsverkan
1373 1480 42 20 av
1438 1468 328 40 koncessionspröv-

280 1532 84 39 ning
380 1531 65 30 och
461 1530 100 31 anför
577 1530 44 30 bl.
636 1539 29 20 a.
683 1531 50 28 att
748 1528 400 31 koncessionsvillkoren
1166 1526 106 39 enligt
1288 1525 166 39 förslaget
1468 1524 71 29 kan
1556 1522 209 40 omregleras

280 1586 72 29 helt
369 1585 82 30 eller
470 1584 107 30 delvis
594 1584 109 29 redan
722 1583 87 29 efter
830 1582 38 30 10
888 1582 47 29 år.
955 1581 119 30 Redan
1092 1580 247 30 dessförinnan
1357 1579 71 28 kan
1446 1577 246 38 förändringar
1710 1575 56 30 be-

282 1640 109 39 gäras,
408 1648 56 21 om
480 1638 267 30 förhållandena
763 1637 128 29 ändras
905 1635 195 39 väsentligt.
1114 1633 202 39 Väsentliga
1331 1631 246 39 förändringar
1592 1631 70 28 kan
1677 1632 23 27 t.
1715 1639 50 20 ex.

279 1693 150 31 inträffa
449 1702 56 20 om
528 1690 338 40 störningskänsliga
887 1689 250 39 anläggningar
1158 1688 148 29 inrättas
1327 1687 11 29 i
1360 1685 169 31 närheten
1551 1694 41 20 av
1613 1686 48 27 ett
1681 1684 85 29 kon-

281 1746 278 40 cessionsprövat
574 1745 143 39 företag.
733 1745 102 28 Detta
850 1744 70 29 kan
934 1743 77 29 leda
1025 1743 52 29 till
1092 1743 50 28 att
1156 1739 349 31 kostnadskrävande
1519 1738 246 38 förändringar

282 1801 81 29 eller
379 1800 266 39 omställningar
659 1798 129 30 behövs
802 1798 12 29 i
829 1798 56 29 det
903 1797 161 30 störande
1081 1796 178 38 företaget.
1277 1794 77 30 Med
1371 1793 184 39 förslagets
1570 1792 110 39 regler
1696 1791 71 29 kan

281 1855 102 29 dessa
399 1853 189 30 kostnader
606 1852 131 30 drabba
754 1852 57 29 det
827 1851 109 29 redan
953 1849 196 30 etablerade
1166 1848 178 39 företaget,
1364 1847 166 30 eftersom
1548 1845 146 40 skyddet
1714 1852 52 32 ge-

281 1918 82 20 nom
378 1908 254 29 koncessionen
648 1907 37 28 är
702 1905 37 30 så
754 1905 195 39 begränsat.
965 1904 111 39 Något
1092 1902 112 40 skydd
1218 1904 73 27 mot
1308 1899 388 40 skadeståndsanspråk
1711 1898 55 30 får

281 1963 170 38 företaget
468 1961 108 30 heller
592 1961 82 29 inte.
693 1959 116 39 Enligt
825 1958 279 30 motionärernas
1120 1955 228 41 uppfattning
1365 1955 37 29 är
1420 1954 57 30 det
1493 1954 175 39 knappast
1684 1952 83 30 rim-

281 2016 71 39 ligt,
370 2017 50 28 att
436 2013 381 40 koncessionsprövade
833 2012 134 39 företag
984 2011 89 30 skall
1089 2010 46 30 ha
1152 2020 42 20 en
1211 2009 37 30 så
1265 2009 123 30 osäker
1406 2008 175 39 ställning.
1600 2007 48 29 De
1664 2014 102 22 anser

282 2070 57 29 det
361 2069 128 39 troligt,
513 2069 49 29 att
584 2067 232 40 ingripanden
839 2067 72 29 mot
934 2063 329 41 tillståndsprövade
1286 2063 135 38 företag
1442 2062 67 29 blir
1533 2061 133 39 ganska
1689 2060 78 29 säll-

282 2125 112 38 synta.
410 2123 170 39 Reglerna
594 2122 62 29 bör
672 2121 44 29 då
732 2121 70 29 inte
819 2119 163 40 uttrycka
997 2128 43 20 en
1055 2118 79 29 rakt
1149 2118 144 29 motsatt
1311 2116 228 39 ståndpunkt.
1556 2115 64 29 Det
1635 2114 132 38 viktiga

282 2178 47 33 är,
355 2178 49 28 att
428 2176 179 39 företagen
630 2176 71 28 kan
724 2173 233 31 underkastas
981 2172 142 30 fortsatt
1146 2170 171 40 prövning
1340 2170 58 29 vid
1422 2168 257 40 ombyggnader
1703 2167 65 30 och

282 2229 452 42 kapacitetsförändringar,
758 2227 107 30 vilket
888 2226 106 31 också
1018 2226 88 30 skall
1129 2225 122 29 kunna
1275 2224 59 30 ske
1358 2223 105 39 enligt
1487 2222 67 30 den
1577 2231 68 31 nya
1668 2222 100 39 lagen

287 2284 66 41 (jfr
369 2284 15 37 $
402 2284 71 34 10).

327 2338 14 29 I
366 2338 57 29 det
448 2337 165 30 fortsatta
637 2334 373 41 lagstiftningsarbetet
1034 2333 62 29 bör
1120 2333 108 38 enligt
1252 2331 262 30 motionärerna
1539 2329 228 33 undersökas,

283 2402 57 20 om
356 2393 72 28 inte
444 2401 43 20 en
504 2400 117 21 annan
638 2389 264 40 utgångspunkt
920 2389 37 28 är
974 2387 203 30 motiverad.
1195 2386 65 29 Det
1277 2386 37 29 är
1331 2384 148 40 troligen
1495 2383 78 30 bäst
1591 2382 105 31 också
1713 2382 54 30 för

282 2444 454 40 koncessionsprövningen,
761 2444 49 28 att
834 2441 260 40 granskningen
1117 2440 79 30 sker
1219 2439 38 30 så
1278 2438 250 40 omsorgsfullt,
1553 2439 50 28 att
1625 2437 144 29 konces-

283 2499 282 40 sionsgivningen
578 2498 71 29 kan
663 2497 48 30 bli
725 2496 160 30 definitiv
899 2496 87 29 efter
1001 2503 42 20 en
1057 2494 70 29 viss
1141 2493 60 35 tid,
1216 2494 23 28 t.
1254 2502 50 20 ex.
1321 2492 39 30 10
1376 2492 47 30 år.
