1875 2824
419 135 125 39 Tredje
563 134 245 38 lagutskottets
827 133 179 29 utlåtande
1023 141 43 20 nr
1083 132 42 30 37
1143 132 39 29 år
1202 131 84 29 1969
1535 131 61 29 123

111 214 402 33 verksamhetsområdet
534 214 54 30 för
607 212 341 36 naturvårdsverket,
970 212 73 30 dels
1064 220 42 22 en
1125 211 153 30 ledamot
1297 211 80 30 med
1398 209 199 31 erfarenhet

111 279 42 20 av
181 270 166 38 antingen
373 268 199 30 industriell
601 268 81 29 eller
710 266 206 31 kommunal
942 265 233 30 verksamhet.
1204 262 393 42 Departementschefen

111 323 64 30 har
196 323 11 29 i
229 322 204 40 anslutning
455 321 120 30 härtill
596 321 126 30 uttalat
744 321 50 29 att
817 319 56 31 det
895 319 62 30 bör
978 328 84 21 vara
1083 318 148 40 möjligt,
1255 317 142 30 särskilt
1417 316 59 30 vid
1498 317 99 39 pröv-

112 377 128 39 ningen
260 386 43 20 av
322 375 250 40 anläggningar
594 384 74 21 som
687 374 101 40 utgör
810 375 94 29 stora
922 372 365 41 miljövårdsproblem
1307 372 82 29 eller
1409 380 42 20 av
1470 370 128 40 princi-

111 430 97 40 piellt
224 429 132 40 viktiga
371 428 298 40 tillståndsfrågor
685 428 12 29 i
713 427 121 40 övrigt,
852 428 50 29 att
918 425 351 31 naturvårdsverkets
1285 424 79 31 chef
1380 425 82 30 eller
1480 432 116 21 annan

110 484 147 30 ledande
271 483 216 40 tjänsteman
502 481 11 30 i
526 482 119 30 verket
659 481 111 30 deltar
785 490 75 21 som
875 480 152 30 ledamot
1041 480 11 29 i
1066 478 187 31 nämnden.
1268 479 59 30 Ett
1342 477 124 31 sådant
1482 477 114 30 direkt

111 537 198 40 inflytande
328 537 54 29 för
403 535 332 31 naturvårdsverket
754 535 80 34 kan,
857 534 97 39 säger
975 532 394 41 departementschefen,
1390 541 82 20 vara
1493 532 103 39 ägnat

111 593 51 28 att
176 590 132 40 främja
321 589 212 40 enhetlighet
547 590 11 29 i
572 588 388 40 miljövårdspolitiken.

153 644 67 29 Till
237 644 96 29 detta
347 643 60 29 vill
423 643 34 29 vi
474 642 171 29 anmärka
662 641 167 39 följande.
846 639 338 31 Naturvårdsverket
1201 639 93 29 intar
1314 648 41 20 en
1374 638 38 30 så
1430 638 163 29 markant

112 696 268 40 partsställning
399 695 94 30 inför
514 693 417 35 koncessionsnämnden,
955 695 50 28 att
1028 694 57 29 det
1106 693 111 30 måste
1240 701 83 21 vara
1345 692 180 39 olämpligt
1548 693 49 27 att

113 750 137 30 verkets
271 749 80 30 chef
369 749 82 31 eller
472 757 117 21 annan
609 748 215 40 tjänsteman
843 747 12 30 i
875 746 147 31 ledande
1042 746 165 40 ställning
1226 746 64 30 hos
1310 746 119 29 verket
1449 746 38 28 är
1507 744 91 30 leda-

112 806 73 27 mot
209 813 41 20 av
273 803 188 29 nämnden.
485 803 53 29 En
562 801 109 30 sådan
694 801 197 39 anordning
915 800 113 30 skulle
1050 809 83 20 vara
1158 799 112 39 ägnad
1294 801 51 27 att
1368 798 80 30 från
1472 798 126 37 början

114 857 109 39 skapa
243 855 195 31 tvivelsmål
459 865 56 20 om
536 855 78 30 dess
634 854 228 40 opartiskhet.
882 853 167 30 Häremot
1068 853 70 31 kan
1160 853 106 39 enligt
1285 852 60 30 vår
1365 852 141 39 mening
1527 851 71 30 inte

113 910 143 30 anföras
276 911 51 28 att
346 909 178 30 industrin
544 908 195 40 respektive
759 907 257 30 kommunerna
1035 907 64 29 har
1121 915 42 21 en
1183 907 241 38 representant
1443 906 12 29 i
1476 905 122 30 nämn-

113 964 77 30 den.
214 964 65 29 Det
301 963 62 30 bör
386 962 177 40 nämligen
585 962 201 30 observeras
809 962 50 28 att
882 961 112 29 denne
1017 960 151 30 ledamot
1258 960 87 29 »den
1368 958 116 40 fjärde
1507 958 91 30 leda-

113 1019 137 28 moten»>
273 1016 106 40 enligt
399 1015 57 30 det
475 1015 223 30 remitterade
717 1014 166 39 förslaget
902 1031 45 3 —
965 1013 117 31 vilken
1102 1012 102 30 alltså
1225 1013 88 29 skall
1333 1012 46 30 ha
1400 1011 198 30 erfarenhet

114 1080 41 20 av
180 1070 198 30 industriell
404 1069 195 40 respektive
624 1068 207 30 kommunal
856 1067 233 33 verksamhet,
1116 1067 37 29 är
1178 1066 96 40 jävig
1299 1075 56 20 om
1381 1065 57 30 det
1465 1065 134 39 företag

112 1125 82 29 eller
211 1124 67 29 den
294 1124 181 32 kommun,
493 1122 62 30 där
571 1122 70 29 han
659 1122 37 29 är
714 1120 162 34 anställd,
893 1121 39 29 är
947 1122 78 38 part
1042 1119 94 31 inför
1153 1119 192 35 nämnden;
1366 1119 71 29 han
1455 1118 112 30 måste
1583 1118 11 29 i

114 1177 125 30 sådant
263 1177 62 29 fall
349 1176 148 30 ersättas
521 1185 42 20 av
586 1185 42 20 en
652 1174 195 40 suppleant.
871 1173 337 30 Naturvårdsverket
1231 1173 52 29 lär
1306 1172 176 40 praktiskt
1506 1173 92 38 taget

112 1230 267 40 undantagslöst
398 1230 46 29 ha
462 1230 86 38 tagit
568 1229 109 29 sådan
696 1227 197 40 befattning
912 1227 80 30 med
1012 1226 272 41 förprövningen
1305 1226 81 30 eller
1408 1225 100 40 eljest
1529 1225 66 30 den

114 1283 254 30 förberedande
386 1282 306 40 handläggningen
712 1290 42 21 av
774 1283 47 28 ett
842 1281 126 30 ärende
987 1280 94 30 inför
1100 1279 406 31 koncessionsnämnden
1525 1297 44 2 —
1588 1279 10 28 i

113 1339 75 28 vart
206 1337 62 32 fall
286 1337 65 30 när
369 1337 56 29 det
444 1336 106 40 gäller
570 1336 109 29 större
699 1335 151 30 ärenden
867 1352 45 4 —
930 1335 50 29 att
997 1334 138 30 verkets
1154 1332 81 31 chef
1253 1333 81 30 eller
1354 1332 78 31 dess
1451 1332 145 30 ledande

114 1391 217 40 tjänstemän
351 1391 73 29 inte
446 1390 71 29 kan
538 1390 45 29 ha
605 1388 147 40 undgått
775 1390 50 27 att
847 1389 36 28 ta
906 1387 164 39 ställning
1093 1387 51 29 till
1167 1387 133 39 frågan.
1324 1387 116 38 Enligt
1462 1386 138 39 vanliga

113 1444 176 40 principer
303 1444 55 29 för
371 1443 60 40 jäv
445 1443 37 29 är
497 1443 41 29 de
553 1441 143 31 därmed
709 1441 126 40 jäviga.

159 1498 59 29 Att
236 1497 101 29 finna
353 1505 42 21 en
411 1504 127 32 person
556 1504 84 25 som,
657 1496 86 28 utan
760 1496 51 28 att
826 1503 83 21 vara
926 1493 152 30 anställd
1095 1493 64 30 hos
1176 1492 341 35 naturvårdsverket,
1535 1492 64 29 har

115 1551 201 29 erfarenhet
330 1559 42 20 av
386 1549 118 40 frågor
520 1558 74 20 som
611 1548 99 29 faller
726 1548 95 29 inom
836 1547 138 29 verkets
990 1546 278 30 ämbetsområde
1283 1547 70 28 kan
1370 1546 143 39 givetvis
1528 1546 72 29 inte

115 1613 83 20 vara
213 1603 169 39 omöjligt.
398 1602 94 30 Från
508 1601 208 40 exempelvis
733 1600 492 40 forskningsinstitutionerna
1241 1599 65 30 och
1322 1600 40 29 de
1379 1600 221 28 naturveten-

116 1657 158 40 skapliga
288 1657 237 29 fakulteterna
538 1655 62 30 bör
614 1655 121 29 kunna
749 1654 150 30 erhållas
912 1653 166 40 lämpliga
1091 1662 175 31 personer.

159 1711 42 30 Vi
224 1710 146 30 föreslår
393 1711 50 28 att
464 1709 11 30 i
498 1709 100 39 lagen
620 1708 131 30 införes
774 1717 43 20 en
838 1707 191 39 uttrycklig
1048 1707 92 39 regel
1163 1715 56 21 om
1243 1708 50 27 att
1315 1706 285 29 naturvårdsver-

113 1766 77 29 kets
208 1763 80 30 chef
304 1763 72 29 inte
393 1762 53 30 får
464 1771 83 20 vara
565 1762 151 29 ledamot
735 1770 41 20 av
793 1759 416 30 koncessionsnämnden.
1231 1759 139 30 Samma
1389 1758 127 30 förbud
1535 1759 62 29 bör

115 1818 89 39 gälla
223 1816 223 30 beträffande
466 1815 111 30 andra
595 1814 214 37 tjänstemän
830 1814 11 29 i
862 1813 147 30 ledande
1031 1813 165 39 ställning
1216 1813 97 29 inom
1333 1813 129 29 verket.
1485 1811 112 31 Efter-

115 1880 74 20 som
207 1871 55 29 det
279 1870 98 29 torde
392 1878 84 20 vara
492 1868 92 30 svårt
602 1870 49 27 att
667 1868 10 29 i
695 1868 120 39 förväg
832 1867 175 30 fastställa
1023 1867 94 29 vilka
1133 1866 216 40 tjänstemän
1368 1875 74 21 som
1458 1866 139 30 härvid-

114 1925 55 37 lag
189 1924 62 29 bör
273 1923 186 33 undantas,
482 1922 146 29 föreslås
651 1923 49 27 att
723 1921 56 29 det
802 1920 165 40 generellt
989 1920 210 29 föreskrives
1223 1921 50 28 att
1295 1919 215 37 tjänsteman
1533 1919 64 30 hos

116 1976 331 31 naturvårdsverket
469 1976 73 29 inte
563 1975 54 29 får
641 1974 195 40 tjänstgöra
861 1982 72 21 som
958 1973 152 30 ledamot
1133 1974 11 29 i
1168 1973 187 30 nämnden.

808 2107 39 30 14
875 2107 27 37 8.

117 2190 187 39 Lagrådet:

160 2253 12 28 I
195 2253 85 29 sista
302 2253 134 39 stycket
458 2251 211 30 föreskrives
691 2252 50 28 att
763 2249 407 31 koncessionsnämnden
1193 2249 190 30 fastställer
1407 2249 193 39 ersättning

117 2307 34 29 åt
174 2306 200 39 sakkunnig
394 2314 74 21 som
491 2305 177 29 nämnden
690 2304 177 30 tillkallar.
890 2304 140 30 Varken
1054 2303 40 30 14
1119 2303 15 38 $
1161 2304 81 29 eller
1265 2303 166 40 förslaget
1453 2304 12 29 i
1489 2303 110 39 övrigt

115 2360 195 40 innehåller
331 2360 156 29 däremot
509 2358 113 40 någon
644 2357 181 31 föreskrift
847 2366 57 21 om
926 2359 50 28 att
997 2357 178 31 nämnden
1196 2358 71 29 kan
1288 2357 212 30 tillerkänna
1523 2358 76 29 sak-

117 2415 102 38 ägare
238 2414 70 29 rätt
328 2415 50 27 att
399 2422 41 20 av
461 2412 179 30 sökanden
661 2411 36 30 få
718 2412 192 39 ersättning
931 2411 54 30 för
1008 2412 76 29 sina
1104 2411 190 30 kostnader
1314 2410 45 41 på
1381 2410 218 31 förfarandet

117 2467 94 30 inför
228 2467 188 34 nämnden.
435 2467 102 29 Detta
556 2466 111 29 måste
686 2475 100 20 anses
805 2474 74 21 som
899 2475 41 20 en
959 2466 98 29 brist.
