<?xml version="1.0" encoding="UTF-8"?>
<alto xmlns="http://www.loc.gov/standards/alto/ns-v3#" xmlns:xlink="http://www.w3.org/1999/xlink" xmlns:xsi="http://www.w3.org/2001/XMLSchema-instance" xsi:schemaLocation="http://www.loc.gov/standards/alto/ns-v3# http://www.loc.gov/alto/v3/alto-3-0.xsd">
	<Description>
		<MeasurementUnit>pixel</MeasurementUnit>
		<sourceImageInformation>
			<fileName>/tmp/tess_0r0jzhsi_input.PNG</fileName>
		</sourceImageInformation>
		<OCRProcessing ID="OCR_0">
			<ocrProcessingStep>
				<processingSoftware>
					<softwareName>tesseract 5.3.0</softwareName>
				</processingSoftware>
			</ocrProcessingStep>
		</OCRProcessing>
	</Description>
	<Layout>
		<Page WIDTH="1909" HEIGHT="2834" PHYSICAL_IMG_NR="0" ID="page_0">
			<PrintSpace HPOS="0" VPOS="0" WIDTH="1909" HEIGHT="2834">
				<ComposedBlock ID="cblock_0" HPOS="286" VPOS="153" WIDTH="1182" HEIGHT="43">
					<TextBlock ID="block_0" HPOS="286" VPOS="153" WIDTH="1182" HEIGHT="43">
						<TextLine ID="line_0" HPOS="286" VPOS="153" WIDTH="1182" HEIGHT="43">
							<String ID="string_0" HPOS="286" VPOS="158" WIDTH="60" HEIGHT="31" WC="0.95" CONTENT="152"/><SP WIDTH="241" VPOS="158" HPOS="346"/>
							<String ID="string_1" HPOS="587" VPOS="156" WIDTH="124" HEIGHT="40" WC="0.92" CONTENT="Tredje"/><SP WIDTH="21" VPOS="156" HPOS="711"/>
							<String ID="string_2" HPOS="732" VPOS="155" WIDTH="245" HEIGHT="41" WC="0.91" CONTENT="lagutskottets"/><SP WIDTH="22" VPOS="155" HPOS="977"/>
							<String ID="string_3" HPOS="999" VPOS="154" WIDTH="178" HEIGHT="31" WC="0.96" CONTENT="utlåtande"/><SP WIDTH="21" VPOS="154" HPOS="1177"/>
							<String ID="string_4" HPOS="1198" VPOS="163" WIDTH="42" HEIGHT="21" WC="0.96" CONTENT="nr"/><SP WIDTH="21" VPOS="163" HPOS="1240"/>
							<String ID="string_5" HPOS="1261" VPOS="153" WIDTH="41" HEIGHT="31" WC="0.96" CONTENT="37"/><SP WIDTH="21" VPOS="153" HPOS="1302"/>
							<String ID="string_6" HPOS="1323" VPOS="153" WIDTH="38" HEIGHT="31" WC="0.94" CONTENT="år"/><SP WIDTH="23" VPOS="153" HPOS="1361"/>
							<String ID="string_7" HPOS="1384" VPOS="154" WIDTH="84" HEIGHT="30" WC="0.96" CONTENT="1969"/>
						</TextLine>
					</TextBlock>
				</ComposedBlock>
				<ComposedBlock ID="cblock_1" HPOS="284" VPOS="235" WIDTH="1491" HEIGHT="2307">
					<TextBlock ID="block_1" HPOS="285" VPOS="235" WIDTH="1486" HEIGHT="152">
						<TextLine ID="line_1" HPOS="286" VPOS="235" WIDTH="1485" HEIGHT="41">
							<String ID="string_8" HPOS="286" VPOS="237" WIDTH="66" HEIGHT="30" WC="0.96" CONTENT="den"/><SP WIDTH="22" VPOS="237" HPOS="352"/>
							<String ID="string_9" HPOS="374" VPOS="238" WIDTH="134" HEIGHT="30" WC="0.96" CONTENT="vidaste"/><SP WIDTH="21" VPOS="238" HPOS="508"/>
							<String ID="string_10" HPOS="529" VPOS="238" WIDTH="220" HEIGHT="30" WC="0.96" CONTENT="överblicken"/><SP WIDTH="22" VPOS="238" HPOS="749"/>
							<String ID="string_11" HPOS="771" VPOS="237" WIDTH="66" HEIGHT="30" WC="0.96" CONTENT="och"/><SP WIDTH="23" VPOS="237" HPOS="837"/>
							<String ID="string_12" HPOS="860" VPOS="246" WIDTH="74" HEIGHT="21" WC="0.96" CONTENT="som"/><SP WIDTH="23" VPOS="246" HPOS="934"/>
							<String ID="string_13" HPOS="957" VPOS="236" WIDTH="154" HEIGHT="40" WC="0.96" CONTENT="förfogar"/><SP WIDTH="24" VPOS="236" HPOS="1111"/>
							<String ID="string_14" HPOS="1135" VPOS="237" WIDTH="79" HEIGHT="29" WC="0.96" CONTENT="över"/><SP WIDTH="23" VPOS="237" HPOS="1214"/>
							<String ID="string_15" HPOS="1237" VPOS="236" WIDTH="67" HEIGHT="30" WC="0.96" CONTENT="den"/><SP WIDTH="22" VPOS="236" HPOS="1304"/>
							<String ID="string_16" HPOS="1326" VPOS="236" WIDTH="149" HEIGHT="30" WC="0.96" CONTENT="främsta"/><SP WIDTH="23" VPOS="236" HPOS="1475"/>
							<String ID="string_17" HPOS="1498" VPOS="235" WIDTH="273" HEIGHT="40" WC="0.96" CONTENT="sakkunskapen"/>
						</TextLine>
						<TextLine ID="line_2" HPOS="286" VPOS="289" WIDTH="1485" HEIGHT="43">
							<String ID="string_18" HPOS="286" VPOS="292" WIDTH="65" HEIGHT="30" WC="0.96" CONTENT="och"/><SP WIDTH="19" VPOS="292" HPOS="351"/>
							<String ID="string_19" HPOS="370" VPOS="292" WIDTH="254" HEIGHT="30" WC="0.95" CONTENT="erfarenheten."/><SP WIDTH="21" VPOS="292" HPOS="624"/>
							<String ID="string_20" HPOS="645" VPOS="292" WIDTH="195" HEIGHT="40" WC="0.96" CONTENT="Självfallet"/><SP WIDTH="21" VPOS="292" HPOS="840"/>
							<String ID="string_21" HPOS="861" VPOS="291" WIDTH="70" HEIGHT="30" WC="0.96" CONTENT="står"/><SP WIDTH="20" VPOS="291" HPOS="931"/>
							<String ID="string_22" HPOS="951" VPOS="291" WIDTH="56" HEIGHT="30" WC="0.96" CONTENT="det"/><SP WIDTH="19" VPOS="291" HPOS="1007"/>
							<String ID="string_23" HPOS="1026" VPOS="291" WIDTH="171" HEIGHT="30" WC="0.96" CONTENT="kommun"/><SP WIDTH="19" VPOS="291" HPOS="1197"/>
							<String ID="string_24" HPOS="1216" VPOS="290" WIDTH="77" HEIGHT="30" WC="0.96" CONTENT="fritt"/><SP WIDTH="19" VPOS="290" HPOS="1293"/>
							<String ID="string_25" HPOS="1312" VPOS="292" WIDTH="49" HEIGHT="28" WC="0.96" CONTENT="att"/><SP WIDTH="19" VPOS="292" HPOS="1361"/>
							<String ID="string_26" HPOS="1380" VPOS="291" WIDTH="36" HEIGHT="29" WC="0.96" CONTENT="ta"/><SP WIDTH="19" VPOS="291" HPOS="1416"/>
							<String ID="string_27" HPOS="1435" VPOS="289" WIDTH="151" HEIGHT="31" WC="0.96" CONTENT="initiativ"/><SP WIDTH="18" VPOS="289" HPOS="1586"/>
							<String ID="string_28" HPOS="1604" VPOS="289" WIDTH="53" HEIGHT="30" WC="0.93" CONTENT="till"/><SP WIDTH="20" VPOS="289" HPOS="1657"/>
							<String ID="string_29" HPOS="1677" VPOS="289" WIDTH="94" HEIGHT="30" WC="0.92" CONTENT="över-"/>
						</TextLine>
						<TextLine ID="line_3" HPOS="285" VPOS="345" WIDTH="984" HEIGHT="42">
							<String ID="string_30" HPOS="285" VPOS="347" WIDTH="172" HEIGHT="39" WC="0.95" CONTENT="klagande"/><SP WIDTH="15" VPOS="347" HPOS="457"/>
							<String ID="string_31" HPOS="472" VPOS="355" WIDTH="124" HEIGHT="32" WC="0.93" CONTENT="genom"/><SP WIDTH="14" VPOS="355" HPOS="596"/>
							<String ID="string_32" HPOS="610" VPOS="346" WIDTH="236" HEIGHT="31" WC="0.92" CONTENT="hänvändelse"/><SP WIDTH="14" VPOS="346" HPOS="846"/>
							<String ID="string_33" HPOS="860" VPOS="345" WIDTH="53" HEIGHT="31" WC="0.96" CONTENT="till"/><SP WIDTH="14" VPOS="345" HPOS="913"/>
							<String ID="string_34" HPOS="927" VPOS="345" WIDTH="342" HEIGHT="30" WC="0.96" CONTENT="naturvårdsverket."/>
						</TextLine>
					</TextBlock>
					<TextBlock ID="block_2" HPOS="284" VPOS="398" WIDTH="1488" HEIGHT="256">
						<TextLine ID="line_4" HPOS="330" VPOS="398" WIDTH="1441" HEIGHT="42">
							<String ID="string_35" HPOS="330" VPOS="402" WIDTH="65" HEIGHT="29" WC="0.96" CONTENT="Det"/><SP WIDTH="17" VPOS="402" HPOS="395"/>
							<String ID="string_36" HPOS="412" VPOS="401" WIDTH="70" HEIGHT="30" WC="0.96" CONTENT="kan"/><SP WIDTH="16" VPOS="401" HPOS="482"/>
							<String ID="string_37" HPOS="498" VPOS="402" WIDTH="149" HEIGHT="29" WC="0.96" CONTENT="nämnas"/><SP WIDTH="17" VPOS="402" HPOS="647"/>
							<String ID="string_38" HPOS="664" VPOS="402" WIDTH="50" HEIGHT="29" WC="0.95" CONTENT="att"/><SP WIDTH="17" VPOS="402" HPOS="714"/>
							<String ID="string_39" HPOS="731" VPOS="400" WIDTH="66" HEIGHT="30" WC="0.96" CONTENT="den"/><SP WIDTH="17" VPOS="400" HPOS="797"/>
							<String ID="string_40" HPOS="814" VPOS="401" WIDTH="11" HEIGHT="29" WC="0.96" CONTENT="i"/><SP WIDTH="16" VPOS="401" HPOS="825"/>
							<String ID="string_41" HPOS="841" VPOS="400" WIDTH="262" HEIGHT="40" WC="0.96" CONTENT="propositionen"/><SP WIDTH="18" VPOS="400" HPOS="1103"/>
							<String ID="string_42" HPOS="1121" VPOS="399" WIDTH="198" HEIGHT="39" WC="0.96" CONTENT="föreslagna"/><SP WIDTH="16" VPOS="399" HPOS="1319"/>
							<String ID="string_43" HPOS="1335" VPOS="398" WIDTH="117" HEIGHT="40" WC="0.96" CONTENT="regeln"/><SP WIDTH="17" VPOS="398" HPOS="1452"/>
							<String ID="string_44" HPOS="1469" VPOS="398" WIDTH="64" HEIGHT="30" WC="0.96" CONTENT="har"/><SP WIDTH="19" VPOS="398" HPOS="1533"/>
							<String ID="string_45" HPOS="1552" VPOS="398" WIDTH="52" HEIGHT="30" WC="0.93" CONTENT="sin"/><SP WIDTH="18" VPOS="398" HPOS="1604"/>
							<String ID="string_46" HPOS="1622" VPOS="399" WIDTH="149" HEIGHT="28" WC="0.91" CONTENT="motsva-"/>
						</TextLine>
						<TextLine ID="line_5" HPOS="284" VPOS="451" WIDTH="1488" HEIGHT="44">
							<String ID="string_47" HPOS="284" VPOS="455" WIDTH="114" HEIGHT="40" WC="0.92" CONTENT="righet"/><SP WIDTH="25" VPOS="455" HPOS="398"/>
							<String ID="string_48" HPOS="423" VPOS="455" WIDTH="11" HEIGHT="30" WC="0.96" CONTENT="i"/><SP WIDTH="26" VPOS="455" HPOS="434"/>
							<String ID="string_49" HPOS="460" VPOS="455" WIDTH="322" HEIGHT="39" WC="0.96" CONTENT="naturvårdslagen."/><SP WIDTH="27" VPOS="455" HPOS="782"/>
							<String ID="string_50" HPOS="809" VPOS="454" WIDTH="84" HEIGHT="30" WC="0.93" CONTENT="Däri"/><SP WIDTH="26" VPOS="454" HPOS="893"/>
							<String ID="string_51" HPOS="919" VPOS="453" WIDTH="210" HEIGHT="30" WC="0.92" CONTENT="föreskrives"/><SP WIDTH="25" VPOS="453" HPOS="1129"/>
							<String ID="string_52" HPOS="1154" VPOS="454" WIDTH="51" HEIGHT="29" WC="0.96" CONTENT="att"/><SP WIDTH="25" VPOS="454" HPOS="1205"/>
							<String ID="string_53" HPOS="1230" VPOS="452" WIDTH="332" HEIGHT="30" WC="0.96" CONTENT="naturvårdsverket"/><SP WIDTH="27" VPOS="452" HPOS="1562"/>
							<String ID="string_54" HPOS="1589" VPOS="452" WIDTH="79" HEIGHT="39" WC="0.96" CONTENT="äger"/><SP WIDTH="27" VPOS="452" HPOS="1668"/>
							<String ID="string_55" HPOS="1695" VPOS="451" WIDTH="77" HEIGHT="30" WC="0.97" CONTENT="föra"/>
						</TextLine>
						<TextLine ID="line_6" HPOS="285" VPOS="504" WIDTH="1487" HEIGHT="45">
							<String ID="string_56" HPOS="285" VPOS="510" WIDTH="96" HEIGHT="30" WC="0.96" CONTENT="talan"/><SP WIDTH="19" VPOS="510" HPOS="381"/>
							<String ID="string_57" HPOS="400" VPOS="512" WIDTH="72" HEIGHT="27" WC="0.96" CONTENT="mot"/><SP WIDTH="18" VPOS="512" HPOS="472"/>
							<String ID="string_58" HPOS="490" VPOS="509" WIDTH="268" HEIGHT="40" WC="0.96" CONTENT="länsstyrelsens"/><SP WIDTH="18" VPOS="509" HPOS="758"/>
							<String ID="string_59" HPOS="776" VPOS="508" WIDTH="113" HEIGHT="30" WC="0.95" CONTENT="beslut"/><SP WIDTH="19" VPOS="508" HPOS="889"/>
							<String ID="string_60" HPOS="908" VPOS="508" WIDTH="105" HEIGHT="39" WC="0.96" CONTENT="enligt"/><SP WIDTH="19" VPOS="508" HPOS="1013"/>
							<String ID="string_61" HPOS="1032" VPOS="508" WIDTH="99" HEIGHT="39" WC="0.96" CONTENT="lagen"/><SP WIDTH="19" VPOS="508" HPOS="1131"/>
							<String ID="string_62" HPOS="1150" VPOS="508" WIDTH="81" HEIGHT="29" WC="0.96" CONTENT="eller"/><SP WIDTH="19" VPOS="508" HPOS="1231"/>
							<String ID="string_63" HPOS="1250" VPOS="506" WIDTH="80" HEIGHT="30" WC="0.96" CONTENT="med"/><SP WIDTH="19" VPOS="506" HPOS="1330"/>
							<String ID="string_64" HPOS="1349" VPOS="506" WIDTH="77" HEIGHT="30" WC="0.96" CONTENT="stöd"/><SP WIDTH="19" VPOS="506" HPOS="1426"/>
							<String ID="string_65" HPOS="1445" VPOS="506" WIDTH="106" HEIGHT="30" WC="0.96" CONTENT="därav"/><SP WIDTH="18" VPOS="506" HPOS="1551"/>
							<String ID="string_66" HPOS="1569" VPOS="504" WIDTH="203" HEIGHT="31" WC="0.96" CONTENT="meddelade"/>
						</TextLine>
						<TextLine ID="line_7" HPOS="285" VPOS="559" WIDTH="1487" HEIGHT="43">
							<String ID="string_67" HPOS="285" VPOS="564" WIDTH="263" HEIGHT="30" WC="0.93" CONTENT="bestämmelser"/><SP WIDTH="15" VPOS="564" HPOS="548"/>
							<String ID="string_68" HPOS="563" VPOS="563" WIDTH="54" HEIGHT="30" WC="0.96" CONTENT="för"/><SP WIDTH="15" VPOS="563" HPOS="617"/>
							<String ID="string_69" HPOS="632" VPOS="562" WIDTH="288" HEIGHT="40" WC="0.96" CONTENT="tillvaratagande"/><SP WIDTH="16" VPOS="562" HPOS="920"/>
							<String ID="string_70" HPOS="936" VPOS="571" WIDTH="42" HEIGHT="21" WC="0.93" CONTENT="av"/><SP WIDTH="14" VPOS="571" HPOS="978"/>
							<String ID="string_71" HPOS="992" VPOS="561" WIDTH="254" HEIGHT="30" WC="0.91" CONTENT="naturvårdens"/><SP WIDTH="15" VPOS="561" HPOS="1246"/>
							<String ID="string_72" HPOS="1261" VPOS="561" WIDTH="173" HEIGHT="29" WC="0.96" CONTENT="intressen"/><SP WIDTH="20" VPOS="561" HPOS="1434"/>
							<String ID="string_73" HPOS="1454" VPOS="560" WIDTH="57" HEIGHT="34" WC="0.93" CONTENT="(40"/><SP WIDTH="18" VPOS="560" HPOS="1511"/>
							<String ID="string_74" HPOS="1529" VPOS="559" WIDTH="49" HEIGHT="38" WC="0.89" CONTENT="$)."/><SP WIDTH="16" VPOS="559" HPOS="1578"/>
							<String ID="string_75" HPOS="1594" VPOS="559" WIDTH="178" HEIGHT="30" WC="0.96" CONTENT="Kommun"/>
						</TextLine>
						<TextLine ID="line_8" HPOS="286" VPOS="614" WIDTH="1240" HEIGHT="40">
							<String ID="string_76" HPOS="286" VPOS="618" WIDTH="64" HEIGHT="30" WC="0.96" CONTENT="har"/><SP WIDTH="15" VPOS="618" HPOS="350"/>
							<String ID="string_77" HPOS="365" VPOS="618" WIDTH="156" HEIGHT="30" WC="0.96" CONTENT="däremot"/><SP WIDTH="14" VPOS="618" HPOS="521"/>
							<String ID="string_78" HPOS="535" VPOS="618" WIDTH="71" HEIGHT="30" WC="0.96" CONTENT="inte"/><SP WIDTH="15" VPOS="618" HPOS="606"/>
							<String ID="string_79" HPOS="621" VPOS="627" WIDTH="117" HEIGHT="20" WC="0.93" CONTENT="annan"/><SP WIDTH="13" VPOS="627" HPOS="738"/>
							<String ID="string_80" HPOS="751" VPOS="617" WIDTH="213" HEIGHT="30" WC="0.92" CONTENT="besvärsrätt"/><SP WIDTH="16" VPOS="617" HPOS="964"/>
							<String ID="string_81" HPOS="980" VPOS="617" WIDTH="43" HEIGHT="29" WC="0.96" CONTENT="än"/><SP WIDTH="16" VPOS="617" HPOS="1023"/>
							<String ID="string_82" HPOS="1039" VPOS="615" WIDTH="65" HEIGHT="30" WC="0.96" CONTENT="den"/><SP WIDTH="17" VPOS="615" HPOS="1104"/>
							<String ID="string_83" HPOS="1121" VPOS="624" WIDTH="73" HEIGHT="21" WC="0.96" CONTENT="som"/><SP WIDTH="14" VPOS="624" HPOS="1194"/>
							<String ID="string_84" HPOS="1208" VPOS="614" WIDTH="216" HEIGHT="31" WC="0.96" CONTENT="tillkommer"/><SP WIDTH="14" VPOS="614" HPOS="1424"/>
							<String ID="string_85" HPOS="1438" VPOS="615" WIDTH="88" HEIGHT="39" WC="0.96" CONTENT="part."/>
						</TextLine>
					</TextBlock>
					<TextBlock ID="block_3" HPOS="330" VPOS="668" WIDTH="1225" HEIGHT="44">
						<TextLine ID="line_9" HPOS="330" VPOS="668" WIDTH="1225" HEIGHT="44">
							<String ID="string_86" HPOS="330" VPOS="673" WIDTH="176" HEIGHT="30" WC="0.96" CONTENT="Utskottet"/><SP WIDTH="15" VPOS="673" HPOS="506"/>
							<String ID="string_87" HPOS="521" VPOS="672" WIDTH="180" HEIGHT="40" WC="0.96" CONTENT="avstyrker"/><SP WIDTH="14" VPOS="672" HPOS="701"/>
							<String ID="string_88" HPOS="715" VPOS="671" WIDTH="79" HEIGHT="30" WC="0.95" CONTENT="med"/><SP WIDTH="14" VPOS="671" HPOS="794"/>
							<String ID="string_89" HPOS="808" VPOS="671" WIDTH="138" HEIGHT="40" WC="0.95" CONTENT="hänsyn"/><SP WIDTH="14" VPOS="671" HPOS="946"/>
							<String ID="string_90" HPOS="960" VPOS="670" WIDTH="52" HEIGHT="30" WC="0.95" CONTENT="till"/><SP WIDTH="16" VPOS="670" HPOS="1012"/>
							<String ID="string_91" HPOS="1028" VPOS="670" WIDTH="56" HEIGHT="30" WC="0.96" CONTENT="det"/><SP WIDTH="15" VPOS="670" HPOS="1084"/>
							<String ID="string_92" HPOS="1099" VPOS="669" WIDTH="106" HEIGHT="40" WC="0.93" CONTENT="sagda"/><SP WIDTH="14" VPOS="669" HPOS="1205"/>
							<String ID="string_93" HPOS="1219" VPOS="668" WIDTH="336" HEIGHT="40" WC="0.91" CONTENT="motionsyrkandet."/>
						</TextLine>
					</TextBlock>
					<TextBlock ID="block_4" HPOS="286" VPOS="721" WIDTH="1486" HEIGHT="154">
						<TextLine ID="line_10" HPOS="331" VPOS="721" WIDTH="1441" HEIGHT="43">
							<String ID="string_94" HPOS="331" VPOS="728" WIDTH="14" HEIGHT="29" WC="0.96" CONTENT="I"/><SP WIDTH="20" VPOS="728" HPOS="345"/>
							<String ID="string_95" HPOS="365" VPOS="727" WIDTH="42" HEIGHT="30" WC="0.96" CONTENT="de"/><SP WIDTH="19" VPOS="727" HPOS="407"/>
							<String ID="string_96" HPOS="426" VPOS="727" WIDTH="127" HEIGHT="30" WC="0.96" CONTENT="avsnitt"/><SP WIDTH="22" VPOS="727" HPOS="553"/>
							<String ID="string_97" HPOS="575" VPOS="736" WIDTH="74" HEIGHT="20" WC="0.96" CONTENT="som"/><SP WIDTH="19" VPOS="736" HPOS="649"/>
							<String ID="string_98" HPOS="668" VPOS="726" WIDTH="192" HEIGHT="30" WC="0.96" CONTENT="behandlas"/><SP WIDTH="19" VPOS="726" HPOS="860"/>
							<String ID="string_99" HPOS="879" VPOS="726" WIDTH="11" HEIGHT="29" WC="0.96" CONTENT="i"/><SP WIDTH="20" VPOS="726" HPOS="890"/>
							<String ID="string_100" HPOS="910" VPOS="725" WIDTH="56" HEIGHT="29" WC="0.96" CONTENT="det"/><SP WIDTH="20" VPOS="725" HPOS="966"/>
							<String ID="string_101" HPOS="986" VPOS="724" WIDTH="156" HEIGHT="40" WC="0.96" CONTENT="följande"/><SP WIDTH="20" VPOS="724" HPOS="1142"/>
							<String ID="string_102" HPOS="1162" VPOS="723" WIDTH="63" HEIGHT="30" WC="0.96" CONTENT="har"/><SP WIDTH="21" VPOS="723" HPOS="1225"/>
							<String ID="string_103" HPOS="1246" VPOS="723" WIDTH="210" HEIGHT="30" WC="0.96" CONTENT="framställts"/><SP WIDTH="18" VPOS="723" HPOS="1456"/>
							<String ID="string_104" HPOS="1474" VPOS="721" WIDTH="182" HEIGHT="41" WC="0.93" CONTENT="yrkanden"/><SP WIDTH="20" VPOS="721" HPOS="1656"/>
							<String ID="string_105" HPOS="1676" VPOS="721" WIDTH="96" HEIGHT="30" WC="0.91" CONTENT="inne-"/>
						</TextLine>
						<TextLine ID="line_11" HPOS="286" VPOS="776" WIDTH="1486" HEIGHT="44">
							<String ID="string_106" HPOS="286" VPOS="782" WIDTH="153" HEIGHT="30" WC="0.96" CONTENT="bärande"/><SP WIDTH="23" VPOS="782" HPOS="439"/>
							<String ID="string_107" HPOS="462" VPOS="783" WIDTH="49" HEIGHT="28" WC="0.96" CONTENT="att"/><SP WIDTH="22" VPOS="783" HPOS="511"/>
							<String ID="string_108" HPOS="533" VPOS="781" WIDTH="187" HEIGHT="39" WC="0.96" CONTENT="riksdagen"/><SP WIDTH="24" VPOS="781" HPOS="720"/>
							<String ID="string_109" HPOS="744" VPOS="780" WIDTH="89" HEIGHT="30" WC="0.96" CONTENT="skall"/><SP WIDTH="22" VPOS="780" HPOS="833"/>
							<String ID="string_110" HPOS="855" VPOS="780" WIDTH="63" HEIGHT="30" WC="0.96" CONTENT="hos"/><SP WIDTH="22" VPOS="780" HPOS="918"/>
							<String ID="string_111" HPOS="940" VPOS="779" WIDTH="126" HEIGHT="40" WC="0.94" CONTENT="Kungl."/><SP WIDTH="23" VPOS="779" HPOS="1066"/>
							<String ID="string_112" HPOS="1089" VPOS="778" WIDTH="105" HEIGHT="40" WC="0.96" CONTENT="Maj:t"/><SP WIDTH="23" VPOS="778" HPOS="1194"/>
							<String ID="string_113" HPOS="1217" VPOS="777" WIDTH="141" HEIGHT="31" WC="0.96" CONTENT="anhålla"/><SP WIDTH="23" VPOS="777" HPOS="1358"/>
							<String ID="string_114" HPOS="1381" VPOS="778" WIDTH="50" HEIGHT="29" WC="0.96" CONTENT="att"/><SP WIDTH="21" VPOS="778" HPOS="1431"/>
							<String ID="string_115" HPOS="1452" VPOS="777" WIDTH="93" HEIGHT="29" WC="0.93" CONTENT="vissa"/><SP WIDTH="22" VPOS="777" HPOS="1545"/>
							<String ID="string_116" HPOS="1567" VPOS="776" WIDTH="205" HEIGHT="40" WC="0.91" CONTENT="komplette-"/>
						</TextLine>
						<TextLine ID="line_12" HPOS="286" VPOS="830" WIDTH="1485" HEIGHT="45">
							<String ID="string_117" HPOS="286" VPOS="836" WIDTH="108" HEIGHT="30" WC="0.96" CONTENT="rande"/><SP WIDTH="19" VPOS="836" HPOS="394"/>
							<String ID="string_118" HPOS="413" VPOS="836" WIDTH="131" HEIGHT="39" WC="0.93" CONTENT="förslag"/><SP WIDTH="19" VPOS="836" HPOS="544"/>
							<String ID="string_119" HPOS="563" VPOS="835" WIDTH="190" HEIGHT="39" WC="0.90" CONTENT="framläggs"/><SP WIDTH="20" VPOS="835" HPOS="753"/>
							<String ID="string_120" HPOS="773" VPOS="835" WIDTH="81" HEIGHT="29" WC="0.96" CONTENT="eller"/><SP WIDTH="20" VPOS="835" HPOS="854"/>
							<String ID="string_121" HPOS="874" VPOS="835" WIDTH="49" HEIGHT="29" WC="0.96" CONTENT="att"/><SP WIDTH="21" VPOS="835" HPOS="923"/>
							<String ID="string_122" HPOS="944" VPOS="833" WIDTH="227" HEIGHT="39" WC="0.96" CONTENT="utredningar"/><SP WIDTH="18" VPOS="833" HPOS="1171"/>
							<String ID="string_123" HPOS="1189" VPOS="834" WIDTH="11" HEIGHT="29" WC="0.96" CONTENT="i"/><SP WIDTH="21" VPOS="834" HPOS="1200"/>
							<String ID="string_124" HPOS="1221" VPOS="832" WIDTH="93" HEIGHT="30" WC="0.96" CONTENT="olika"/><SP WIDTH="19" VPOS="832" HPOS="1314"/>
							<String ID="string_125" HPOS="1333" VPOS="830" WIDTH="224" HEIGHT="31" WC="0.95" CONTENT="hänseenden"/><SP WIDTH="19" VPOS="830" HPOS="1557"/>
							<String ID="string_126" HPOS="1576" VPOS="830" WIDTH="195" HEIGHT="30" WC="0.92" CONTENT="verkställs."/>
						</TextLine>
					</TextBlock>
					<TextBlock ID="block_5" HPOS="285" VPOS="884" WIDTH="1488" HEIGHT="152">
						<TextLine ID="line_13" HPOS="329" VPOS="884" WIDTH="1443" HEIGHT="44">
							<String ID="string_127" HPOS="329" VPOS="888" WIDTH="241" HEIGHT="40" WC="0.96" CONTENT="Lokalisering"/><SP WIDTH="28" VPOS="888" HPOS="570"/>
							<String ID="string_128" HPOS="598" VPOS="897" WIDTH="41" HEIGHT="20" WC="0.95" CONTENT="av"/><SP WIDTH="29" VPOS="897" HPOS="639"/>
							<String ID="string_129" HPOS="668" VPOS="887" WIDTH="206" HEIGHT="40" WC="0.96" CONTENT="miljöfarlig"/><SP WIDTH="29" VPOS="887" HPOS="874"/>
							<String ID="string_130" HPOS="903" VPOS="886" WIDTH="231" HEIGHT="30" WC="0.95" CONTENT="verksamhet."/><SP WIDTH="29" VPOS="886" HPOS="1134"/>
							<String ID="string_131" HPOS="1163" VPOS="887" WIDTH="117" HEIGHT="37" WC="0.96" CONTENT="Enligt"/><SP WIDTH="28" VPOS="887" HPOS="1280"/>
							<String ID="string_132" HPOS="1308" VPOS="885" WIDTH="262" HEIGHT="39" WC="0.96" CONTENT="propositionen"/><SP WIDTH="30" VPOS="885" HPOS="1570"/>
							<String ID="string_133" HPOS="1600" VPOS="885" WIDTH="87" HEIGHT="28" WC="0.96" CONTENT="skall"/><SP WIDTH="33" VPOS="885" HPOS="1687"/>
							<String ID="string_134" HPOS="1720" VPOS="884" WIDTH="52" HEIGHT="29" WC="0.96" CONTENT="för"/>
						</TextLine>
						<TextLine ID="line_14" HPOS="285" VPOS="936" WIDTH="1488" HEIGHT="48">
							<String ID="string_135" HPOS="285" VPOS="943" WIDTH="207" HEIGHT="41" WC="0.95" CONTENT="miljöfarlig"/><SP WIDTH="23" VPOS="943" HPOS="492"/>
							<String ID="string_136" HPOS="515" VPOS="942" WIDTH="224" HEIGHT="31" WC="0.96" CONTENT="verksamhet"/><SP WIDTH="23" VPOS="942" HPOS="739"/>
							<String ID="string_137" HPOS="762" VPOS="941" WIDTH="113" HEIGHT="40" WC="0.96" CONTENT="väljas"/><SP WIDTH="26" VPOS="941" HPOS="875"/>
							<String ID="string_138" HPOS="901" VPOS="940" WIDTH="108" HEIGHT="31" WC="0.96" CONTENT="sådan"/><SP WIDTH="25" VPOS="940" HPOS="1009"/>
							<String ID="string_139" HPOS="1034" VPOS="941" WIDTH="91" HEIGHT="39" WC="0.96" CONTENT="plats"/><SP WIDTH="26" VPOS="941" HPOS="1125"/>
							<String ID="string_140" HPOS="1151" VPOS="941" WIDTH="50" HEIGHT="29" WC="0.96" CONTENT="att"/><SP WIDTH="25" VPOS="941" HPOS="1201"/>
							<String ID="string_141" HPOS="1226" VPOS="938" WIDTH="198" HEIGHT="31" WC="0.96" CONTENT="ändamålet"/><SP WIDTH="25" VPOS="938" HPOS="1424"/>
							<String ID="string_142" HPOS="1449" VPOS="938" WIDTH="71" HEIGHT="30" WC="0.96" CONTENT="kan"/><SP WIDTH="24" VPOS="938" HPOS="1520"/>
							<String ID="string_143" HPOS="1544" VPOS="938" WIDTH="124" HEIGHT="29" WC="0.96" CONTENT="vinnas"/><SP WIDTH="25" VPOS="938" HPOS="1668"/>
							<String ID="string_144" HPOS="1693" VPOS="936" WIDTH="80" HEIGHT="30" WC="0.96" CONTENT="med"/>
						</TextLine>
						<TextLine ID="line_15" HPOS="287" VPOS="993" WIDTH="1094" HEIGHT="43">
							<String ID="string_145" HPOS="287" VPOS="999" WIDTH="129" HEIGHT="29" WC="0.96" CONTENT="minsta"/><SP WIDTH="15" VPOS="999" HPOS="416"/>
							<String ID="string_146" HPOS="431" VPOS="997" WIDTH="140" HEIGHT="39" WC="0.96" CONTENT="intrång"/><SP WIDTH="13" VPOS="997" HPOS="571"/>
							<String ID="string_147" HPOS="584" VPOS="998" WIDTH="65" HEIGHT="28" WC="0.95" CONTENT="och"/><SP WIDTH="14" VPOS="998" HPOS="649"/>
							<String ID="string_148" HPOS="663" VPOS="996" WIDTH="183" HEIGHT="40" WC="0.95" CONTENT="olägenhet"/><SP WIDTH="15" VPOS="996" HPOS="846"/>
							<String ID="string_149" HPOS="861" VPOS="997" WIDTH="85" HEIGHT="27" WC="0.96" CONTENT="utan"/><SP WIDTH="15" VPOS="997" HPOS="946"/>
							<String ID="string_150" HPOS="961" VPOS="995" WIDTH="133" HEIGHT="39" WC="0.96" CONTENT="oskälig"/><SP WIDTH="14" VPOS="995" HPOS="1094"/>
							<String ID="string_151" HPOS="1108" VPOS="993" WIDTH="151" HEIGHT="31" WC="0.96" CONTENT="kostnad"/><SP WIDTH="20" VPOS="993" HPOS="1259"/>
							<String ID="string_152" HPOS="1279" VPOS="993" WIDTH="35" HEIGHT="34" WC="0.92" CONTENT="(4"/><SP WIDTH="18" VPOS="993" HPOS="1314"/>
							<String ID="string_153" HPOS="1332" VPOS="993" WIDTH="49" HEIGHT="36" WC="0.87" CONTENT="$)."/>
						</TextLine>
					</TextBlock>
					<TextBlock ID="block_6" HPOS="286" VPOS="1044" WIDTH="1488" HEIGHT="524">
						<TextLine ID="line_16" HPOS="332" VPOS="1044" WIDTH="1441" HEIGHT="44">
							<String ID="string_154" HPOS="332" VPOS="1052" WIDTH="13" HEIGHT="29" WC="0.96" CONTENT="I"/><SP WIDTH="19" VPOS="1052" HPOS="345"/>
							<String ID="string_155" HPOS="364" VPOS="1052" WIDTH="218" HEIGHT="30" WC="0.96" CONTENT="motionerna"/><SP WIDTH="20" VPOS="1052" HPOS="582"/>
							<String ID="string_156" HPOS="602" VPOS="1051" WIDTH="28" HEIGHT="30" WC="0.87" CONTENT="I:"/><SP WIDTH="17" VPOS="1051" HPOS="630"/>
							<String ID="string_157" HPOS="647" VPOS="1050" WIDTH="62" HEIGHT="30" WC="0.93" CONTENT="946"/><SP WIDTH="19" VPOS="1050" HPOS="709"/>
							<String ID="string_158" HPOS="728" VPOS="1051" WIDTH="65" HEIGHT="29" WC="0.96" CONTENT="och"/><SP WIDTH="19" VPOS="1051" HPOS="793"/>
							<String ID="string_159" HPOS="812" VPOS="1050" WIDTH="45" HEIGHT="29" WC="0.87" CONTENT="II:"/><SP WIDTH="19" VPOS="1050" HPOS="857"/>
							<String ID="string_160" HPOS="876" VPOS="1048" WIDTH="82" HEIGHT="31" WC="0.96" CONTENT="1086"/><SP WIDTH="20" VPOS="1048" HPOS="958"/>
							<String ID="string_161" HPOS="978" VPOS="1049" WIDTH="59" HEIGHT="39" WC="0.96" CONTENT="gör"/><SP WIDTH="18" VPOS="1049" HPOS="1037"/>
							<String ID="string_162" HPOS="1055" VPOS="1057" WIDTH="82" HEIGHT="21" WC="0.96" CONTENT="man"/><SP WIDTH="20" VPOS="1057" HPOS="1137"/>
							<String ID="string_163" HPOS="1157" VPOS="1047" WIDTH="158" HEIGHT="40" WC="0.96" CONTENT="gällande"/><SP WIDTH="20" VPOS="1047" HPOS="1315"/>
							<String ID="string_164" HPOS="1335" VPOS="1048" WIDTH="48" HEIGHT="28" WC="0.96" CONTENT="att"/><SP WIDTH="19" VPOS="1048" HPOS="1383"/>
							<String ID="string_165" HPOS="1402" VPOS="1047" WIDTH="117" HEIGHT="39" WC="0.96" CONTENT="regeln"/><SP WIDTH="19" VPOS="1047" HPOS="1519"/>
							<String ID="string_166" HPOS="1538" VPOS="1046" WIDTH="71" HEIGHT="29" WC="0.94" CONTENT="inte"/><SP WIDTH="20" VPOS="1046" HPOS="1609"/>
							<String ID="string_167" HPOS="1629" VPOS="1053" WIDTH="57" HEIGHT="32" WC="0.93" CONTENT="ger"/><SP WIDTH="19" VPOS="1053" HPOS="1686"/>
							<String ID="string_168" HPOS="1705" VPOS="1044" WIDTH="68" HEIGHT="30" WC="0.92" CONTENT="till-"/>
						</TextLine>
						<TextLine ID="line_17" HPOS="287" VPOS="1099" WIDTH="1486" HEIGHT="47">
							<String ID="string_169" HPOS="287" VPOS="1107" WIDTH="132" HEIGHT="39" WC="0.92" CONTENT="räcklig"/><SP WIDTH="26" VPOS="1107" HPOS="419"/>
							<String ID="string_170" HPOS="445" VPOS="1106" WIDTH="141" HEIGHT="39" WC="0.96" CONTENT="ledning"/><SP WIDTH="26" VPOS="1106" HPOS="586"/>
							<String ID="string_171" HPOS="612" VPOS="1105" WIDTH="65" HEIGHT="29" WC="0.96" CONTENT="och"/><SP WIDTH="26" VPOS="1105" HPOS="677"/>
							<String ID="string_172" HPOS="703" VPOS="1104" WIDTH="146" HEIGHT="30" WC="0.96" CONTENT="föreslår"/><SP WIDTH="27" VPOS="1104" HPOS="849"/>
							<String ID="string_173" HPOS="876" VPOS="1105" WIDTH="49" HEIGHT="28" WC="0.96" CONTENT="att"/><SP WIDTH="26" VPOS="1105" HPOS="925"/>
							<String ID="string_174" HPOS="951" VPOS="1102" WIDTH="188" HEIGHT="40" WC="0.96" CONTENT="riksdagen"/><SP WIDTH="25" VPOS="1102" HPOS="1139"/>
							<String ID="string_175" HPOS="1164" VPOS="1101" WIDTH="105" HEIGHT="40" WC="0.96" CONTENT="begär"/><SP WIDTH="26" VPOS="1101" HPOS="1269"/>
							<String ID="string_176" HPOS="1295" VPOS="1102" WIDTH="49" HEIGHT="28" WC="0.96" CONTENT="att"/><SP WIDTH="27" VPOS="1102" HPOS="1344"/>
							<String ID="string_177" HPOS="1371" VPOS="1100" WIDTH="66" HEIGHT="30" WC="0.96" CONTENT="den"/><SP WIDTH="27" VPOS="1100" HPOS="1437"/>
							<String ID="string_178" HPOS="1464" VPOS="1100" WIDTH="207" HEIGHT="30" WC="0.95" CONTENT="omarbetas."/><SP WIDTH="27" VPOS="1100" HPOS="1671"/>
							<String ID="string_179" HPOS="1698" VPOS="1099" WIDTH="75" HEIGHT="30" WC="0.96" CONTENT="Den"/>
						</TextLine>
						<TextLine ID="line_18" HPOS="286" VPOS="1153" WIDTH="1487" HEIGHT="47">
							<String ID="string_180" HPOS="286" VPOS="1160" WIDTH="198" HEIGHT="40" WC="0.96" CONTENT="tankegång"/><SP WIDTH="23" VPOS="1160" HPOS="484"/>
							<String ID="string_181" HPOS="507" VPOS="1169" WIDTH="74" HEIGHT="20" WC="0.96" CONTENT="som"/><SP WIDTH="23" VPOS="1169" HPOS="581"/>
							<String ID="string_182" HPOS="604" VPOS="1159" WIDTH="105" HEIGHT="39" WC="0.96" CONTENT="enligt"/><SP WIDTH="22" VPOS="1159" HPOS="709"/>
							<String ID="string_183" HPOS="731" VPOS="1158" WIDTH="260" HEIGHT="29" WC="0.96" CONTENT="motionärerna"/><SP WIDTH="20" VPOS="1158" HPOS="991"/>
							<String ID="string_184" HPOS="1011" VPOS="1156" WIDTH="62" HEIGHT="29" WC="0.96" CONTENT="bör"/><SP WIDTH="23" VPOS="1156" HPOS="1073"/>
							<String ID="string_185" HPOS="1096" VPOS="1155" WIDTH="208" HEIGHT="30" WC="0.95" CONTENT="formuleras"/><SP WIDTH="23" VPOS="1155" HPOS="1304"/>
							<String ID="string_186" HPOS="1327" VPOS="1155" WIDTH="11" HEIGHT="29" WC="0.96" CONTENT="i"/><SP WIDTH="22" VPOS="1155" HPOS="1338"/>
							<String ID="string_187" HPOS="1360" VPOS="1155" WIDTH="174" HEIGHT="39" WC="0.96" CONTENT="lagtexten"/><SP WIDTH="22" VPOS="1155" HPOS="1534"/>
							<String ID="string_188" HPOS="1556" VPOS="1153" WIDTH="145" HEIGHT="30" WC="0.96" CONTENT="innebär"/><SP WIDTH="22" VPOS="1153" HPOS="1701"/>
							<String ID="string_189" HPOS="1723" VPOS="1154" WIDTH="50" HEIGHT="28" WC="0.96" CONTENT="att"/>
						</TextLine>
						<TextLine ID="line_19" HPOS="288" VPOS="1206" WIDTH="1485" HEIGHT="46">
							<String ID="string_190" HPOS="288" VPOS="1224" WIDTH="43" HEIGHT="20" WC="0.96" CONTENT="en"/><SP WIDTH="16" VPOS="1224" HPOS="331"/>
							<String ID="string_191" HPOS="347" VPOS="1214" WIDTH="163" HEIGHT="30" WC="0.96" CONTENT="störande"/><SP WIDTH="15" VPOS="1214" HPOS="510"/>
							<String ID="string_192" HPOS="525" VPOS="1213" WIDTH="209" HEIGHT="39" WC="0.96" CONTENT="anläggning"/><SP WIDTH="18" VPOS="1213" HPOS="734"/>
							<String ID="string_193" HPOS="752" VPOS="1212" WIDTH="88" HEIGHT="30" WC="0.96" CONTENT="skall"/><SP WIDTH="16" VPOS="1212" HPOS="840"/>
							<String ID="string_194" HPOS="856" VPOS="1211" WIDTH="93" HEIGHT="39" WC="0.96" CONTENT="välja"/><SP WIDTH="16" VPOS="1211" HPOS="949"/>
							<String ID="string_195" HPOS="965" VPOS="1220" WIDTH="42" HEIGHT="20" WC="0.96" CONTENT="en"/><SP WIDTH="17" VPOS="1220" HPOS="1007"/>
							<String ID="string_196" HPOS="1024" VPOS="1219" WIDTH="116" HEIGHT="21" WC="0.95" CONTENT="annan"/><SP WIDTH="16" VPOS="1219" HPOS="1140"/>
							<String ID="string_197" HPOS="1156" VPOS="1209" WIDTH="91" HEIGHT="40" WC="0.96" CONTENT="plats"/><SP WIDTH="17" VPOS="1209" HPOS="1247"/>
							<String ID="string_198" HPOS="1264" VPOS="1208" WIDTH="53" HEIGHT="30" WC="0.96" CONTENT="för"/><SP WIDTH="16" VPOS="1208" HPOS="1317"/>
							<String ID="string_199" HPOS="1333" VPOS="1208" WIDTH="278" HEIGHT="33" WC="0.95" CONTENT="verksamheten,"/><SP WIDTH="17" VPOS="1208" HPOS="1611"/>
							<String ID="string_200" HPOS="1628" VPOS="1216" WIDTH="57" HEIGHT="20" WC="0.96" CONTENT="om"/><SP WIDTH="17" VPOS="1216" HPOS="1685"/>
							<String ID="string_201" HPOS="1702" VPOS="1206" WIDTH="71" HEIGHT="30" WC="0.96" CONTENT="inte"/>
						</TextLine>
						<TextLine ID="line_20" HPOS="287" VPOS="1260" WIDTH="1487" HEIGHT="48">
							<String ID="string_202" HPOS="287" VPOS="1268" WIDTH="194" HEIGHT="40" WC="0.96" CONTENT="betydande"/><SP WIDTH="25" VPOS="1268" HPOS="481"/>
							<String ID="string_203" HPOS="506" VPOS="1267" WIDTH="130" HEIGHT="30" WC="0.96" CONTENT="vinster"/><SP WIDTH="26" VPOS="1267" HPOS="636"/>
							<String ID="string_204" HPOS="662" VPOS="1267" WIDTH="70" HEIGHT="28" WC="0.96" CONTENT="kan"/><SP WIDTH="26" VPOS="1267" HPOS="732"/>
							<String ID="string_205" HPOS="758" VPOS="1265" WIDTH="138" HEIGHT="40" WC="0.96" CONTENT="påvisas"/><SP WIDTH="26" VPOS="1265" HPOS="896"/>
							<String ID="string_206" HPOS="922" VPOS="1272" WIDTH="123" HEIGHT="32" WC="0.95" CONTENT="genom"/><SP WIDTH="27" VPOS="1272" HPOS="1045"/>
							<String ID="string_207" HPOS="1072" VPOS="1263" WIDTH="66" HEIGHT="30" WC="0.96" CONTENT="den"/><SP WIDTH="26" VPOS="1263" HPOS="1138"/>
							<String ID="string_208" HPOS="1164" VPOS="1262" WIDTH="163" HEIGHT="30" WC="0.96" CONTENT="störande"/><SP WIDTH="25" VPOS="1262" HPOS="1327"/>
							<String ID="string_209" HPOS="1352" VPOS="1262" WIDTH="270" HEIGHT="38" WC="0.96" CONTENT="lokaliseringen"/><SP WIDTH="25" VPOS="1262" HPOS="1622"/>
							<String ID="string_210" HPOS="1647" VPOS="1260" WIDTH="58" HEIGHT="30" WC="0.96" CONTENT="vid"/><SP WIDTH="27" VPOS="1260" HPOS="1705"/>
							<String ID="string_211" HPOS="1732" VPOS="1269" WIDTH="42" HEIGHT="21" WC="0.96" CONTENT="en"/>
						</TextLine>
						<TextLine ID="line_21" HPOS="286" VPOS="1314" WIDTH="1487" HEIGHT="48">
							<String ID="string_212" HPOS="286" VPOS="1322" WIDTH="205" HEIGHT="40" WC="0.96" CONTENT="jämförelse"/><SP WIDTH="16" VPOS="1322" HPOS="491"/>
							<String ID="string_213" HPOS="507" VPOS="1321" WIDTH="78" HEIGHT="30" WC="0.96" CONTENT="med"/><SP WIDTH="16" VPOS="1321" HPOS="585"/>
							<String ID="string_214" HPOS="601" VPOS="1320" WIDTH="109" HEIGHT="30" WC="0.96" CONTENT="andra"/><SP WIDTH="17" VPOS="1320" HPOS="710"/>
							<String ID="string_215" HPOS="727" VPOS="1319" WIDTH="185" HEIGHT="31" WC="0.93" CONTENT="alternativ"/><SP WIDTH="13" VPOS="1319" HPOS="912"/>
							<String ID="string_216" HPOS="925" VPOS="1337" WIDTH="45" HEIGHT="2" WC="0.92" CONTENT="—"/><SP WIDTH="13" VPOS="1337" HPOS="970"/>
							<String ID="string_217" HPOS="983" VPOS="1318" WIDTH="131" HEIGHT="30" WC="0.96" CONTENT="vinster"/><SP WIDTH="18" VPOS="1318" HPOS="1114"/>
							<String ID="string_218" HPOS="1132" VPOS="1326" WIDTH="73" HEIGHT="21" WC="0.96" CONTENT="som"/><SP WIDTH="17" VPOS="1326" HPOS="1205"/>
							<String ID="string_219" HPOS="1222" VPOS="1316" WIDTH="79" HEIGHT="30" WC="0.95" CONTENT="med"/><SP WIDTH="17" VPOS="1316" HPOS="1301"/>
							<String ID="string_220" HPOS="1318" VPOS="1315" WIDTH="161" HEIGHT="31" WC="0.96" CONTENT="säkerhet"/><SP WIDTH="16" VPOS="1315" HPOS="1479"/>
							<String ID="string_221" HPOS="1495" VPOS="1314" WIDTH="167" HEIGHT="41" WC="0.93" CONTENT="betydligt"/><SP WIDTH="17" VPOS="1314" HPOS="1662"/>
							<String ID="string_222" HPOS="1679" VPOS="1315" WIDTH="94" HEIGHT="29" WC="0.91" CONTENT="över-"/>
						</TextLine>
						<TextLine ID="line_22" HPOS="289" VPOS="1367" WIDTH="1485" HEIGHT="48">
							<String ID="string_223" HPOS="289" VPOS="1376" WIDTH="103" HEIGHT="39" WC="0.95" CONTENT="stiger"/><SP WIDTH="21" VPOS="1376" HPOS="392"/>
							<String ID="string_224" HPOS="413" VPOS="1374" WIDTH="297" HEIGHT="40" WC="0.96" CONTENT="beräkningsbara"/><SP WIDTH="22" VPOS="1374" HPOS="710"/>
							<String ID="string_225" HPOS="732" VPOS="1373" WIDTH="165" HEIGHT="30" WC="0.96" CONTENT="förluster"/><SP WIDTH="21" VPOS="1373" HPOS="897"/>
							<String ID="string_226" HPOS="918" VPOS="1372" WIDTH="54" HEIGHT="29" WC="0.96" CONTENT="för"/><SP WIDTH="21" VPOS="1372" HPOS="972"/>
							<String ID="string_227" HPOS="993" VPOS="1370" WIDTH="219" HEIGHT="31" WC="0.96" CONTENT="motstående"/><SP WIDTH="20" VPOS="1370" HPOS="1212"/>
							<String ID="string_228" HPOS="1232" VPOS="1371" WIDTH="183" HEIGHT="28" WC="0.96" CONTENT="intressen."/><SP WIDTH="21" VPOS="1371" HPOS="1415"/>
							<String ID="string_229" HPOS="1436" VPOS="1368" WIDTH="237" HEIGHT="39" WC="0.95" CONTENT="Huvudsyftet"/><SP WIDTH="21" VPOS="1368" HPOS="1673"/>
							<String ID="string_230" HPOS="1694" VPOS="1367" WIDTH="80" HEIGHT="30" WC="0.96" CONTENT="med"/>
						</TextLine>
						<TextLine ID="line_23" HPOS="286" VPOS="1422" WIDTH="1487" HEIGHT="48">
							<String ID="string_231" HPOS="286" VPOS="1429" WIDTH="173" HEIGHT="41" WC="0.96" CONTENT="yrkandet"/><SP WIDTH="21" VPOS="1429" HPOS="459"/>
							<String ID="string_232" HPOS="480" VPOS="1438" WIDTH="101" HEIGHT="31" WC="0.96" CONTENT="synes"/><SP WIDTH="19" VPOS="1438" HPOS="581"/>
							<String ID="string_233" HPOS="600" VPOS="1437" WIDTH="84" HEIGHT="20" WC="0.96" CONTENT="vara"/><SP WIDTH="20" VPOS="1437" HPOS="684"/>
							<String ID="string_234" HPOS="704" VPOS="1428" WIDTH="49" HEIGHT="29" WC="0.96" CONTENT="att"/><SP WIDTH="20" VPOS="1428" HPOS="753"/>
							<String ID="string_235" HPOS="773" VPOS="1426" WIDTH="238" HEIGHT="40" WC="0.96" CONTENT="avvägningen"/><SP WIDTH="19" VPOS="1426" HPOS="1011"/>
							<String ID="string_236" HPOS="1030" VPOS="1425" WIDTH="130" HEIGHT="30" WC="0.96" CONTENT="mellan"/><SP WIDTH="19" VPOS="1425" HPOS="1160"/>
							<String ID="string_237" HPOS="1179" VPOS="1424" WIDTH="94" HEIGHT="30" WC="0.96" CONTENT="olika"/><SP WIDTH="20" VPOS="1424" HPOS="1273"/>
							<String ID="string_238" HPOS="1293" VPOS="1422" WIDTH="207" HEIGHT="31" WC="0.93" CONTENT="alternativa"/><SP WIDTH="20" VPOS="1422" HPOS="1500"/>
							<String ID="string_239" HPOS="1520" VPOS="1422" WIDTH="253" HEIGHT="39" WC="0.92" CONTENT="förläggnings-"/>
						</TextLine>
						<TextLine ID="line_24" HPOS="287" VPOS="1475" WIDTH="1486" HEIGHT="49">
							<String ID="string_240" HPOS="287" VPOS="1485" WIDTH="130" HEIGHT="39" WC="0.96" CONTENT="platser"/><SP WIDTH="22" VPOS="1485" HPOS="417"/>
							<String ID="string_241" HPOS="439" VPOS="1484" WIDTH="37" HEIGHT="29" WC="0.96" CONTENT="så"/><SP WIDTH="22" VPOS="1484" HPOS="476"/>
							<String ID="string_242" HPOS="498" VPOS="1483" WIDTH="94" HEIGHT="39" WC="0.96" CONTENT="långt"/><SP WIDTH="23" VPOS="1483" HPOS="592"/>
							<String ID="string_243" HPOS="615" VPOS="1482" WIDTH="136" HEIGHT="39" WC="0.96" CONTENT="möjligt"/><SP WIDTH="24" VPOS="1482" HPOS="751"/>
							<String ID="string_244" HPOS="775" VPOS="1481" WIDTH="88" HEIGHT="29" WC="0.96" CONTENT="skall"/><SP WIDTH="23" VPOS="1481" HPOS="863"/>
							<String ID="string_245" HPOS="886" VPOS="1479" WIDTH="153" HEIGHT="40" WC="0.96" CONTENT="grundas"/><SP WIDTH="22" VPOS="1479" HPOS="1039"/>
							<String ID="string_246" HPOS="1061" VPOS="1478" WIDTH="44" HEIGHT="40" WC="0.96" CONTENT="på"/><SP WIDTH="22" VPOS="1478" HPOS="1105"/>
							<String ID="string_247" HPOS="1127" VPOS="1488" WIDTH="42" HEIGHT="20" WC="0.96" CONTENT="en"/><SP WIDTH="22" VPOS="1488" HPOS="1169"/>
							<String ID="string_248" HPOS="1191" VPOS="1477" WIDTH="206" HEIGHT="30" WC="0.96" CONTENT="ekonomisk"/><SP WIDTH="21" VPOS="1477" HPOS="1397"/>
							<String ID="string_249" HPOS="1418" VPOS="1475" WIDTH="205" HEIGHT="41" WC="0.96" CONTENT="jämförelse"/><SP WIDTH="22" VPOS="1475" HPOS="1623"/>
							<String ID="string_250" HPOS="1645" VPOS="1475" WIDTH="128" HEIGHT="30" WC="0.96" CONTENT="mellan"/>
						</TextLine>
						<TextLine ID="line_25" HPOS="288" VPOS="1533" WIDTH="762" HEIGHT="35">
							<String ID="string_251" HPOS="288" VPOS="1538" WIDTH="152" HEIGHT="30" WC="0.96" CONTENT="fördelar"/><SP WIDTH="15" VPOS="1538" HPOS="440"/>
							<String ID="string_252" HPOS="455" VPOS="1538" WIDTH="65" HEIGHT="29" WC="0.96" CONTENT="och"/><SP WIDTH="15" VPOS="1538" HPOS="520"/>
							<String ID="string_253" HPOS="535" VPOS="1536" WIDTH="127" HEIGHT="30" WC="0.96" CONTENT="skador"/><SP WIDTH="14" VPOS="1536" HPOS="662"/>
							<String ID="string_254" HPOS="676" VPOS="1535" WIDTH="57" HEIGHT="30" WC="0.96" CONTENT="vid"/><SP WIDTH="15" VPOS="1535" HPOS="733"/>
							<String ID="string_255" HPOS="748" VPOS="1535" WIDTH="93" HEIGHT="30" WC="0.96" CONTENT="olika"/><SP WIDTH="15" VPOS="1535" HPOS="841"/>
							<String ID="string_256" HPOS="856" VPOS="1533" WIDTH="194" HEIGHT="31" WC="0.96" CONTENT="alternativ."/>
						</TextLine>
					</TextBlock>
					<TextBlock ID="block_7" HPOS="285" VPOS="1583" WIDTH="1490" HEIGHT="911">
						<TextLine ID="line_26" HPOS="333" VPOS="1583" WIDTH="1440" HEIGHT="48">
							<String ID="string_257" HPOS="333" VPOS="1592" WIDTH="79" HEIGHT="30" WC="0.91" CONTENT="Som"/><SP WIDTH="27" VPOS="1592" HPOS="412"/>
							<String ID="string_258" HPOS="439" VPOS="1588" WIDTH="385" HEIGHT="43" WC="0.91" CONTENT="departementschefen"/><SP WIDTH="27" VPOS="1588" HPOS="824"/>
							<String ID="string_259" HPOS="851" VPOS="1587" WIDTH="101" HEIGHT="30" WC="0.96" CONTENT="anför"/><SP WIDTH="26" VPOS="1587" HPOS="952"/>
							<String ID="string_260" HPOS="978" VPOS="1587" WIDTH="61" HEIGHT="29" WC="0.97" CONTENT="bör"/><SP WIDTH="27" VPOS="1587" HPOS="1039"/>
							<String ID="string_261" HPOS="1066" VPOS="1586" WIDTH="90" HEIGHT="30" WC="0.96" CONTENT="valet"/><SP WIDTH="27" VPOS="1586" HPOS="1156"/>
							<String ID="string_262" HPOS="1183" VPOS="1595" WIDTH="42" HEIGHT="20" WC="0.93" CONTENT="av"/><SP WIDTH="26" VPOS="1595" HPOS="1225"/>
							<String ID="string_263" HPOS="1251" VPOS="1584" WIDTH="332" HEIGHT="40" WC="0.92" CONTENT="förläggningsplats"/><SP WIDTH="28" VPOS="1584" HPOS="1583"/>
							<String ID="string_264" HPOS="1611" VPOS="1583" WIDTH="94" HEIGHT="40" WC="0.96" CONTENT="spela"/><SP WIDTH="26" VPOS="1583" HPOS="1705"/>
							<String ID="string_265" HPOS="1731" VPOS="1591" WIDTH="42" HEIGHT="21" WC="0.96" CONTENT="en"/>
						</TextLine>
						<TextLine ID="line_27" HPOS="287" VPOS="1637" WIDTH="1486" HEIGHT="48">
							<String ID="string_266" HPOS="287" VPOS="1646" WIDTH="170" HEIGHT="39" WC="0.96" CONTENT="väsentlig"/><SP WIDTH="17" VPOS="1646" HPOS="457"/>
							<String ID="string_267" HPOS="474" VPOS="1645" WIDTH="65" HEIGHT="29" WC="0.96" CONTENT="roll"/><SP WIDTH="18" VPOS="1645" HPOS="539"/>
							<String ID="string_268" HPOS="557" VPOS="1645" WIDTH="64" HEIGHT="29" WC="0.96" CONTENT="när"/><SP WIDTH="18" VPOS="1645" HPOS="621"/>
							<String ID="string_269" HPOS="639" VPOS="1652" WIDTH="82" HEIGHT="21" WC="0.96" CONTENT="man"/><SP WIDTH="17" VPOS="1652" HPOS="721"/>
							<String ID="string_270" HPOS="738" VPOS="1642" WIDTH="163" HEIGHT="30" WC="0.96" CONTENT="bedömer"/><SP WIDTH="19" VPOS="1642" HPOS="901"/>
							<String ID="string_271" HPOS="920" VPOS="1643" WIDTH="47" HEIGHT="28" WC="0.96" CONTENT="ett"/><SP WIDTH="20" VPOS="1643" HPOS="967"/>
							<String ID="string_272" HPOS="987" VPOS="1640" WIDTH="133" HEIGHT="40" WC="0.96" CONTENT="företag"/><SP WIDTH="19" VPOS="1640" HPOS="1120"/>
							<String ID="string_273" HPOS="1139" VPOS="1649" WIDTH="74" HEIGHT="20" WC="0.96" CONTENT="som"/><SP WIDTH="19" VPOS="1649" HPOS="1213"/>
							<String ID="string_274" HPOS="1232" VPOS="1639" WIDTH="122" HEIGHT="30" WC="0.96" CONTENT="utövar"/><SP WIDTH="19" VPOS="1639" HPOS="1354"/>
							<String ID="string_275" HPOS="1373" VPOS="1637" WIDTH="206" HEIGHT="40" WC="0.93" CONTENT="miljöfarlig"/><SP WIDTH="17" VPOS="1637" HPOS="1579"/>
							<String ID="string_276" HPOS="1596" VPOS="1637" WIDTH="177" HEIGHT="29" WC="0.91" CONTENT="verksam-"/>
						</TextLine>
						<TextLine ID="line_28" HPOS="285" VPOS="1690" WIDTH="1490" HEIGHT="47">
							<String ID="string_277" HPOS="285" VPOS="1700" WIDTH="70" HEIGHT="30" WC="0.96" CONTENT="het."/><SP WIDTH="22" VPOS="1700" HPOS="355"/>
							<String ID="string_278" HPOS="377" VPOS="1699" WIDTH="131" HEIGHT="31" WC="0.96" CONTENT="Genom"/><SP WIDTH="22" VPOS="1699" HPOS="508"/>
							<String ID="string_279" HPOS="530" VPOS="1708" WIDTH="42" HEIGHT="20" WC="0.96" CONTENT="en"/><SP WIDTH="21" VPOS="1708" HPOS="572"/>
							<String ID="string_280" HPOS="593" VPOS="1697" WIDTH="144" HEIGHT="40" WC="0.96" CONTENT="lämplig"/><SP WIDTH="21" VPOS="1697" HPOS="737"/>
							<String ID="string_281" HPOS="758" VPOS="1696" WIDTH="226" HEIGHT="38" WC="0.96" CONTENT="lokalisering"/><SP WIDTH="20" VPOS="1696" HPOS="984"/>
							<String ID="string_282" HPOS="1004" VPOS="1695" WIDTH="71" HEIGHT="29" WC="0.91" CONTENT="kan"/><SP WIDTH="22" VPOS="1695" HPOS="1075"/>
							<String ID="string_283" HPOS="1097" VPOS="1693" WIDTH="269" HEIGHT="40" WC="0.91" CONTENT="olägenheterna"/><SP WIDTH="21" VPOS="1693" HPOS="1366"/>
							<String ID="string_284" HPOS="1387" VPOS="1691" WIDTH="55" HEIGHT="30" WC="0.96" CONTENT="för"/><SP WIDTH="23" VPOS="1691" HPOS="1442"/>
							<String ID="string_285" HPOS="1465" VPOS="1690" WIDTH="245" HEIGHT="40" WC="0.95" CONTENT="omgivningen"/><SP WIDTH="23" VPOS="1690" HPOS="1710"/>
							<String ID="string_286" HPOS="1733" VPOS="1699" WIDTH="42" HEIGHT="20" WC="0.96" CONTENT="av"/>
						</TextLine>
						<TextLine ID="line_29" HPOS="288" VPOS="1744" WIDTH="1486" HEIGHT="48">
							<String ID="string_287" HPOS="288" VPOS="1754" WIDTH="247" HEIGHT="38" WC="0.91" CONTENT="störningarna"/><SP WIDTH="15" VPOS="1754" HPOS="535"/>
							<String ID="string_288" HPOS="550" VPOS="1753" WIDTH="10" HEIGHT="28" WC="0.96" CONTENT="i"/><SP WIDTH="17" VPOS="1753" HPOS="560"/>
							<String ID="string_289" HPOS="577" VPOS="1752" WIDTH="68" HEIGHT="38" WC="0.95" CONTENT="hög"/><SP WIDTH="16" VPOS="1752" HPOS="645"/>
							<String ID="string_290" HPOS="661" VPOS="1751" WIDTH="84" HEIGHT="39" WC="0.95" CONTENT="grad"/><SP WIDTH="16" VPOS="1751" HPOS="745"/>
							<String ID="string_291" HPOS="761" VPOS="1750" WIDTH="156" HEIGHT="29" WC="0.95" CONTENT="mildras."/><SP WIDTH="18" VPOS="1750" HPOS="917"/>
							<String ID="string_292" HPOS="935" VPOS="1749" WIDTH="64" HEIGHT="29" WC="0.95" CONTENT="Det"/><SP WIDTH="16" VPOS="1749" HPOS="999"/>
							<String ID="string_293" HPOS="1015" VPOS="1749" WIDTH="111" HEIGHT="28" WC="0.96" CONTENT="möter"/><SP WIDTH="18" VPOS="1749" HPOS="1126"/>
							<String ID="string_294" HPOS="1144" VPOS="1746" WIDTH="192" HEIGHT="30" WC="0.96" CONTENT="emellertid"/><SP WIDTH="18" VPOS="1746" HPOS="1336"/>
							<String ID="string_295" HPOS="1354" VPOS="1748" WIDTH="94" HEIGHT="27" WC="0.96" CONTENT="stora"/><SP WIDTH="18" VPOS="1748" HPOS="1448"/>
							<String ID="string_296" HPOS="1466" VPOS="1745" WIDTH="213" HEIGHT="39" WC="0.96" CONTENT="svårigheter"/><SP WIDTH="18" VPOS="1745" HPOS="1679"/>
							<String ID="string_297" HPOS="1697" VPOS="1746" WIDTH="48" HEIGHT="27" WC="0.96" CONTENT="att"/><SP WIDTH="18" VPOS="1746" HPOS="1745"/>
							<String ID="string_298" HPOS="1763" VPOS="1744" WIDTH="11" HEIGHT="29" WC="0.96" CONTENT="i"/>
						</TextLine>
						<TextLine ID="line_30" HPOS="288" VPOS="1798" WIDTH="1485" HEIGHT="49">
							<String ID="string_299" HPOS="288" VPOS="1808" WIDTH="128" HEIGHT="39" WC="0.96" CONTENT="lagtext"/><SP WIDTH="20" VPOS="1808" HPOS="416"/>
							<String ID="string_300" HPOS="436" VPOS="1808" WIDTH="107" HEIGHT="28" WC="0.95" CONTENT="annat"/><SP WIDTH="21" VPOS="1808" HPOS="543"/>
							<String ID="string_301" HPOS="564" VPOS="1807" WIDTH="44" HEIGHT="28" WC="0.96" CONTENT="än"/><SP WIDTH="19" VPOS="1807" HPOS="608"/>
							<String ID="string_302" HPOS="627" VPOS="1806" WIDTH="11" HEIGHT="28" WC="0.96" CONTENT="i"/><SP WIDTH="20" VPOS="1806" HPOS="638"/>
							<String ID="string_303" HPOS="658" VPOS="1805" WIDTH="130" HEIGHT="29" WC="0.96" CONTENT="allmän"/><SP WIDTH="21" VPOS="1805" HPOS="788"/>
							<String ID="string_304" HPOS="809" VPOS="1804" WIDTH="91" HEIGHT="29" WC="0.96" CONTENT="form"/><SP WIDTH="21" VPOS="1804" HPOS="900"/>
							<String ID="string_305" HPOS="921" VPOS="1810" WIDTH="85" HEIGHT="32" WC="0.95" CONTENT="ange"/><SP WIDTH="21" VPOS="1810" HPOS="1006"/>
							<String ID="string_306" HPOS="1027" VPOS="1802" WIDTH="40" HEIGHT="29" WC="0.96" CONTENT="de"/><SP WIDTH="20" VPOS="1802" HPOS="1067"/>
							<String ID="string_307" HPOS="1087" VPOS="1801" WIDTH="175" HEIGHT="40" WC="0.96" CONTENT="principer"/><SP WIDTH="21" VPOS="1801" HPOS="1262"/>
							<String ID="string_308" HPOS="1283" VPOS="1809" WIDTH="74" HEIGHT="21" WC="0.96" CONTENT="som"/><SP WIDTH="19" VPOS="1809" HPOS="1357"/>
							<String ID="string_309" HPOS="1376" VPOS="1800" WIDTH="62" HEIGHT="29" WC="0.96" CONTENT="bör"/><SP WIDTH="20" VPOS="1800" HPOS="1438"/>
							<String ID="string_310" HPOS="1458" VPOS="1808" WIDTH="83" HEIGHT="21" WC="0.96" CONTENT="vara"/><SP WIDTH="19" VPOS="1808" HPOS="1541"/>
							<String ID="string_311" HPOS="1560" VPOS="1798" WIDTH="213" HEIGHT="40" WC="0.96" CONTENT="vägledande"/>
						</TextLine>
						<TextLine ID="line_31" HPOS="287" VPOS="1852" WIDTH="1486" HEIGHT="47">
							<String ID="string_312" HPOS="287" VPOS="1861" WIDTH="57" HEIGHT="30" WC="0.96" CONTENT="vid"/><SP WIDTH="18" VPOS="1861" HPOS="344"/>
							<String ID="string_313" HPOS="362" VPOS="1861" WIDTH="256" HEIGHT="38" WC="0.96" CONTENT="bedömningen"/><SP WIDTH="20" VPOS="1861" HPOS="618"/>
							<String ID="string_314" HPOS="638" VPOS="1868" WIDTH="42" HEIGHT="20" WC="0.96" CONTENT="av"/><SP WIDTH="19" VPOS="1868" HPOS="680"/>
							<String ID="string_315" HPOS="699" VPOS="1857" WIDTH="206" HEIGHT="31" WC="0.93" CONTENT="alternativa"/><SP WIDTH="20" VPOS="1857" HPOS="905"/>
							<String ID="string_316" HPOS="925" VPOS="1855" WIDTH="381" HEIGHT="40" WC="0.92" CONTENT="förläggningsplatser."/><SP WIDTH="20" VPOS="1855" HPOS="1306"/>
							<String ID="string_317" HPOS="1326" VPOS="1854" WIDTH="49" HEIGHT="29" WC="0.96" CONTENT="De"/><SP WIDTH="19" VPOS="1854" HPOS="1375"/>
							<String ID="string_318" HPOS="1394" VPOS="1854" WIDTH="78" HEIGHT="28" WC="0.93" CONTENT="rent"/><SP WIDTH="20" VPOS="1854" HPOS="1472"/>
							<String ID="string_319" HPOS="1492" VPOS="1852" WIDTH="281" HEIGHT="39" WC="0.90" CONTENT="företagsekono-"/>
						</TextLine>
						<TextLine ID="line_32" HPOS="287" VPOS="1905" WIDTH="1485" HEIGHT="41">
							<String ID="string_320" HPOS="287" VPOS="1915" WIDTH="115" HEIGHT="30" WC="0.96" CONTENT="miska"/><SP WIDTH="21" VPOS="1915" HPOS="402"/>
							<String ID="string_321" HPOS="423" VPOS="1914" WIDTH="306" HEIGHT="29" WC="0.96" CONTENT="konsekvenserna"/><SP WIDTH="22" VPOS="1914" HPOS="729"/>
							<String ID="string_322" HPOS="751" VPOS="1921" WIDTH="41" HEIGHT="20" WC="0.96" CONTENT="av"/><SP WIDTH="21" VPOS="1921" HPOS="792"/>
							<String ID="string_323" HPOS="813" VPOS="1910" WIDTH="93" HEIGHT="30" WC="0.96" CONTENT="olika"/><SP WIDTH="22" VPOS="1910" HPOS="906"/>
							<String ID="string_324" HPOS="928" VPOS="1909" WIDTH="206" HEIGHT="30" WC="0.96" CONTENT="alternativa"/><SP WIDTH="21" VPOS="1909" HPOS="1134"/>
							<String ID="string_325" HPOS="1155" VPOS="1908" WIDTH="178" HEIGHT="38" WC="0.96" CONTENT="lösningar"/><SP WIDTH="22" VPOS="1908" HPOS="1333"/>
							<String ID="string_326" HPOS="1355" VPOS="1906" WIDTH="97" HEIGHT="30" WC="0.96" CONTENT="torde"/><SP WIDTH="21" VPOS="1906" HPOS="1452"/>
							<String ID="string_327" HPOS="1473" VPOS="1906" WIDTH="55" HEIGHT="29" WC="0.96" CONTENT="väl"/><SP WIDTH="21" VPOS="1906" HPOS="1528"/>
							<String ID="string_328" HPOS="1549" VPOS="1906" WIDTH="11" HEIGHT="30" WC="0.96" CONTENT="i"/><SP WIDTH="23" VPOS="1906" HPOS="1560"/>
							<String ID="string_329" HPOS="1583" VPOS="1905" WIDTH="189" HEIGHT="30" WC="0.96" CONTENT="allmänhet"/>
						</TextLine>
						<TextLine ID="line_33" HPOS="287" VPOS="1959" WIDTH="1487" HEIGHT="45">
							<String ID="string_330" HPOS="287" VPOS="1969" WIDTH="122" HEIGHT="29" WC="0.96" CONTENT="kunna"/><SP WIDTH="19" VPOS="1969" HPOS="409"/>
							<String ID="string_331" HPOS="428" VPOS="1968" WIDTH="173" HEIGHT="29" WC="0.96" CONTENT="beräknas"/><SP WIDTH="21" VPOS="1968" HPOS="601"/>
							<String ID="string_332" HPOS="622" VPOS="1966" WIDTH="165" HEIGHT="38" WC="0.96" CONTENT="tämligen"/><SP WIDTH="22" VPOS="1966" HPOS="787"/>
							<String ID="string_333" HPOS="809" VPOS="1965" WIDTH="112" HEIGHT="33" WC="0.96" CONTENT="exakt,"/><SP WIDTH="24" VPOS="1965" HPOS="921"/>
							<String ID="string_334" HPOS="945" VPOS="1963" WIDTH="64" HEIGHT="30" WC="0.96" CONTENT="och"/><SP WIDTH="22" VPOS="1963" HPOS="1009"/>
							<String ID="string_335" HPOS="1031" VPOS="1961" WIDTH="131" HEIGHT="31" WC="0.96" CONTENT="sådana"/><SP WIDTH="19" VPOS="1961" HPOS="1162"/>
							<String ID="string_336" HPOS="1181" VPOS="1960" WIDTH="234" HEIGHT="39" WC="0.96" CONTENT="beräkningar"/><SP WIDTH="21" VPOS="1960" HPOS="1415"/>
							<String ID="string_337" HPOS="1436" VPOS="1960" WIDTH="71" HEIGHT="29" WC="0.96" CONTENT="kan"/><SP WIDTH="22" VPOS="1960" HPOS="1507"/>
							<String ID="string_338" HPOS="1529" VPOS="1959" WIDTH="164" HEIGHT="30" WC="0.93" CONTENT="stundom"/><SP WIDTH="22" VPOS="1959" HPOS="1693"/>
							<String ID="string_339" HPOS="1715" VPOS="1967" WIDTH="59" HEIGHT="20" WC="0.91" CONTENT="an-"/>
						</TextLine>
						<TextLine ID="line_34" HPOS="287" VPOS="2012" WIDTH="1485" HEIGHT="45">
							<String ID="string_340" HPOS="287" VPOS="2022" WIDTH="133" HEIGHT="31" WC="0.96" CONTENT="vändas"/><SP WIDTH="18" VPOS="2022" HPOS="420"/>
							<String ID="string_341" HPOS="438" VPOS="2022" WIDTH="55" HEIGHT="30" WC="0.96" CONTENT="för"/><SP WIDTH="18" VPOS="2022" HPOS="493"/>
							<String ID="string_342" HPOS="511" VPOS="2023" WIDTH="49" HEIGHT="28" WC="0.96" CONTENT="att"/><SP WIDTH="19" VPOS="2023" HPOS="560"/>
							<String ID="string_343" HPOS="579" VPOS="2020" WIDTH="36" HEIGHT="30" WC="0.96" CONTENT="få"/><SP WIDTH="18" VPOS="2020" HPOS="615"/>
							<String ID="string_344" HPOS="633" VPOS="2029" WIDTH="43" HEIGHT="20" WC="0.96" CONTENT="en"/><SP WIDTH="18" VPOS="2029" HPOS="676"/>
							<String ID="string_345" HPOS="694" VPOS="2018" WIDTH="189" HEIGHT="31" WC="0.96" CONTENT="måttstock"/><SP WIDTH="18" VPOS="2018" HPOS="883"/>
							<String ID="string_346" HPOS="901" VPOS="2017" WIDTH="44" HEIGHT="40" WC="0.96" CONTENT="på"/><SP WIDTH="18" VPOS="2017" HPOS="945"/>
							<String ID="string_347" HPOS="963" VPOS="2015" WIDTH="237" HEIGHT="31" WC="0.96" CONTENT="kostnaderna"/><SP WIDTH="18" VPOS="2015" HPOS="1200"/>
							<String ID="string_348" HPOS="1218" VPOS="2015" WIDTH="54" HEIGHT="30" WC="0.96" CONTENT="för"/><SP WIDTH="19" VPOS="2015" HPOS="1272"/>
							<String ID="string_349" HPOS="1291" VPOS="2016" WIDTH="50" HEIGHT="28" WC="0.96" CONTENT="att"/><SP WIDTH="20" VPOS="2016" HPOS="1341"/>
							<String ID="string_350" HPOS="1361" VPOS="2013" WIDTH="134" HEIGHT="40" WC="0.96" CONTENT="skydda"/><SP WIDTH="19" VPOS="2013" HPOS="1495"/>
							<String ID="string_351" HPOS="1514" VPOS="2022" WIDTH="42" HEIGHT="21" WC="0.96" CONTENT="en"/><SP WIDTH="17" VPOS="2022" HPOS="1556"/>
							<String ID="string_352" HPOS="1573" VPOS="2013" WIDTH="70" HEIGHT="29" WC="0.96" CONTENT="viss"/><SP WIDTH="19" VPOS="2013" HPOS="1643"/>
							<String ID="string_353" HPOS="1662" VPOS="2012" WIDTH="110" HEIGHT="39" WC="0.96" CONTENT="miljö."/>
						</TextLine>
						<TextLine ID="line_35" HPOS="288" VPOS="2066" WIDTH="1486" HEIGHT="44">
							<String ID="string_354" HPOS="288" VPOS="2076" WIDTH="84" HEIGHT="31" WC="0.96" CONTENT="Ofta"/><SP WIDTH="17" VPOS="2076" HPOS="372"/>
							<String ID="string_355" HPOS="389" VPOS="2076" WIDTH="99" HEIGHT="30" WC="0.95" CONTENT="torde"/><SP WIDTH="20" VPOS="2076" HPOS="488"/>
							<String ID="string_356" HPOS="508" VPOS="2073" WIDTH="192" HEIGHT="31" WC="0.96" CONTENT="emellertid"/><SP WIDTH="20" VPOS="2073" HPOS="700"/>
							<String ID="string_357" HPOS="720" VPOS="2072" WIDTH="120" HEIGHT="30" WC="0.96" CONTENT="försök"/><SP WIDTH="19" VPOS="2072" HPOS="840"/>
							<String ID="string_358" HPOS="859" VPOS="2072" WIDTH="52" HEIGHT="29" WC="0.95" CONTENT="till"/><SP WIDTH="19" VPOS="2072" HPOS="911"/>
							<String ID="string_359" HPOS="930" VPOS="2070" WIDTH="222" HEIGHT="40" WC="0.96" CONTENT="jämförelser"/><SP WIDTH="20" VPOS="2070" HPOS="1152"/>
							<String ID="string_360" HPOS="1172" VPOS="2068" WIDTH="176" HEIGHT="30" WC="0.96" CONTENT="försvåras"/><SP WIDTH="21" VPOS="2068" HPOS="1348"/>
							<String ID="string_361" HPOS="1369" VPOS="2077" WIDTH="42" HEIGHT="20" WC="0.96" CONTENT="av"/><SP WIDTH="18" VPOS="2077" HPOS="1411"/>
							<String ID="string_362" HPOS="1429" VPOS="2069" WIDTH="50" HEIGHT="28" WC="0.96" CONTENT="att"/><SP WIDTH="20" VPOS="2069" HPOS="1479"/>
							<String ID="string_363" HPOS="1499" VPOS="2067" WIDTH="41" HEIGHT="29" WC="0.96" CONTENT="de"/><SP WIDTH="20" VPOS="2067" HPOS="1540"/>
							<String ID="string_364" HPOS="1560" VPOS="2066" WIDTH="93" HEIGHT="30" WC="0.93" CONTENT="olika"/><SP WIDTH="20" VPOS="2066" HPOS="1653"/>
							<String ID="string_365" HPOS="1673" VPOS="2066" WIDTH="101" HEIGHT="30" WC="0.93" CONTENT="alter-"/>
						</TextLine>
						<TextLine ID="line_36" HPOS="287" VPOS="2120" WIDTH="1487" HEIGHT="46">
							<String ID="string_366" HPOS="287" VPOS="2130" WIDTH="140" HEIGHT="30" WC="0.90" CONTENT="nativen"/><SP WIDTH="27" VPOS="2130" HPOS="427"/>
							<String ID="string_367" HPOS="454" VPOS="2128" WIDTH="136" HEIGHT="30" WC="0.93" CONTENT="medför"/><SP WIDTH="25" VPOS="2128" HPOS="590"/>
							<String ID="string_368" HPOS="615" VPOS="2126" WIDTH="301" HEIGHT="40" WC="0.90" CONTENT="miljöstörningar"/><SP WIDTH="27" VPOS="2126" HPOS="916"/>
							<String ID="string_369" HPOS="943" VPOS="2134" WIDTH="41" HEIGHT="20" WC="0.96" CONTENT="av"/><SP WIDTH="25" VPOS="2134" HPOS="984"/>
							<String ID="string_370" HPOS="1009" VPOS="2124" WIDTH="94" HEIGHT="29" WC="0.96" CONTENT="olika"/><SP WIDTH="25" VPOS="2124" HPOS="1103"/>
							<String ID="string_371" HPOS="1128" VPOS="2124" WIDTH="54" HEIGHT="28" WC="0.96" CONTENT="art"/><SP WIDTH="25" VPOS="2124" HPOS="1182"/>
							<String ID="string_372" HPOS="1207" VPOS="2122" WIDTH="65" HEIGHT="29" WC="0.96" CONTENT="och"/><SP WIDTH="25" VPOS="2122" HPOS="1272"/>
							<String ID="string_373" HPOS="1297" VPOS="2121" WIDTH="181" HEIGHT="30" WC="0.96" CONTENT="intensitet"/><SP WIDTH="25" VPOS="2121" HPOS="1478"/>
							<String ID="string_374" HPOS="1503" VPOS="2120" WIDTH="65" HEIGHT="30" WC="0.96" CONTENT="och"/><SP WIDTH="26" VPOS="2120" HPOS="1568"/>
							<String ID="string_375" HPOS="1594" VPOS="2121" WIDTH="49" HEIGHT="28" WC="0.96" CONTENT="att"/><SP WIDTH="28" VPOS="2121" HPOS="1643"/>
							<String ID="string_376" HPOS="1671" VPOS="2120" WIDTH="103" HEIGHT="29" WC="0.97" CONTENT="säkra"/>
						</TextLine>
						<TextLine ID="line_37" HPOS="286" VPOS="2174" WIDTH="1488" HEIGHT="47">
							<String ID="string_377" HPOS="286" VPOS="2183" WIDTH="157" HEIGHT="31" WC="0.96" CONTENT="metoder"/><SP WIDTH="19" VPOS="2183" HPOS="443"/>
							<String ID="string_378" HPOS="462" VPOS="2184" WIDTH="49" HEIGHT="28" WC="0.96" CONTENT="att"/><SP WIDTH="18" VPOS="2184" HPOS="511"/>
							<String ID="string_379" HPOS="529" VPOS="2183" WIDTH="87" HEIGHT="38" WC="0.96" CONTENT="väga"/><SP WIDTH="20" VPOS="2183" HPOS="616"/>
							<String ID="string_380" HPOS="636" VPOS="2181" WIDTH="131" HEIGHT="30" WC="0.96" CONTENT="sådana"/><SP WIDTH="20" VPOS="2181" HPOS="767"/>
							<String ID="string_381" HPOS="787" VPOS="2179" WIDTH="197" HEIGHT="38" WC="0.96" CONTENT="störningar"/><SP WIDTH="19" VPOS="2179" HPOS="984"/>
							<String ID="string_382" HPOS="1003" VPOS="2179" WIDTH="72" HEIGHT="28" WC="0.96" CONTENT="mot"/><SP WIDTH="19" VPOS="2179" HPOS="1075"/>
							<String ID="string_383" HPOS="1094" VPOS="2176" WIDTH="174" HEIGHT="30" WC="0.96" CONTENT="varandra"/><SP WIDTH="20" VPOS="2176" HPOS="1268"/>
							<String ID="string_384" HPOS="1288" VPOS="2175" WIDTH="138" HEIGHT="30" WC="0.93" CONTENT="saknas."/><SP WIDTH="21" VPOS="2175" HPOS="1426"/>
							<String ID="string_385" HPOS="1447" VPOS="2174" WIDTH="80" HEIGHT="30" WC="0.93" CONTENT="Som"/><SP WIDTH="20" VPOS="2174" HPOS="1527"/>
							<String ID="string_386" HPOS="1547" VPOS="2174" WIDTH="227" HEIGHT="29" WC="0.92" CONTENT="motionärer-"/>
						</TextLine>
						<TextLine ID="line_38" HPOS="288" VPOS="2226" WIDTH="1486" HEIGHT="45">
							<String ID="string_387" HPOS="288" VPOS="2248" WIDTH="45" HEIGHT="20" WC="0.95" CONTENT="na"/><SP WIDTH="18" VPOS="2248" HPOS="333"/>
							<String ID="string_388" HPOS="351" VPOS="2238" WIDTH="116" HEIGHT="30" WC="0.95" CONTENT="anfört"/><SP WIDTH="19" VPOS="2238" HPOS="467"/>
							<String ID="string_389" HPOS="486" VPOS="2237" WIDTH="61" HEIGHT="29" WC="0.96" CONTENT="bör"/><SP WIDTH="20" VPOS="2237" HPOS="547"/>
							<String ID="string_390" HPOS="567" VPOS="2236" WIDTH="89" HEIGHT="29" WC="0.97" CONTENT="dock"/><SP WIDTH="19" VPOS="2236" HPOS="656"/>
							<String ID="string_391" HPOS="675" VPOS="2244" WIDTH="41" HEIGHT="20" WC="0.96" CONTENT="en"/><SP WIDTH="19" VPOS="2244" HPOS="716"/>
							<String ID="string_392" HPOS="735" VPOS="2233" WIDTH="207" HEIGHT="31" WC="0.95" CONTENT="ekonomisk"/><SP WIDTH="18" VPOS="2233" HPOS="942"/>
							<String ID="string_393" HPOS="960" VPOS="2231" WIDTH="204" HEIGHT="40" WC="0.95" CONTENT="jämförelse"/><SP WIDTH="18" VPOS="2231" HPOS="1164"/>
							<String ID="string_394" HPOS="1182" VPOS="2230" WIDTH="128" HEIGHT="30" WC="0.93" CONTENT="mellan"/><SP WIDTH="21" VPOS="2230" HPOS="1310"/>
							<String ID="string_395" HPOS="1331" VPOS="2228" WIDTH="367" HEIGHT="39" WC="0.91" CONTENT="skadeverkningarna"/><SP WIDTH="18" VPOS="2228" HPOS="1698"/>
							<String ID="string_396" HPOS="1716" VPOS="2226" WIDTH="58" HEIGHT="31" WC="0.95" CONTENT="vid"/>
						</TextLine>
						<TextLine ID="line_39" HPOS="288" VPOS="2280" WIDTH="1486" HEIGHT="47">
							<String ID="string_397" HPOS="288" VPOS="2292" WIDTH="93" HEIGHT="30" WC="0.96" CONTENT="olika"/><SP WIDTH="20" VPOS="2292" HPOS="381"/>
							<String ID="string_398" HPOS="401" VPOS="2290" WIDTH="207" HEIGHT="31" WC="0.93" CONTENT="alternativa"/><SP WIDTH="20" VPOS="2290" HPOS="608"/>
							<String ID="string_399" HPOS="628" VPOS="2287" WIDTH="261" HEIGHT="40" WC="0.92" CONTENT="förläggningar"/><SP WIDTH="21" VPOS="2287" HPOS="889"/>
							<String ID="string_400" HPOS="910" VPOS="2286" WIDTH="60" HEIGHT="30" WC="0.96" CONTENT="ske"/><SP WIDTH="20" VPOS="2286" HPOS="970"/>
							<String ID="string_401" HPOS="990" VPOS="2285" WIDTH="62" HEIGHT="30" WC="0.96" CONTENT="där"/><SP WIDTH="21" VPOS="2285" HPOS="1052"/>
							<String ID="string_402" HPOS="1073" VPOS="2285" WIDTH="93" HEIGHT="29" WC="0.96" CONTENT="detta"/><SP WIDTH="22" VPOS="2285" HPOS="1166"/>
							<String ID="string_403" HPOS="1188" VPOS="2284" WIDTH="36" HEIGHT="29" WC="0.96" CONTENT="är"/><SP WIDTH="20" VPOS="2284" HPOS="1224"/>
							<String ID="string_404" HPOS="1244" VPOS="2283" WIDTH="148" HEIGHT="40" WC="0.96" CONTENT="möjligt."/><SP WIDTH="20" VPOS="2283" HPOS="1392"/>
							<String ID="string_405" HPOS="1412" VPOS="2282" WIDTH="127" HEIGHT="39" WC="0.94" CONTENT="Kungl."/><SP WIDTH="21" VPOS="2282" HPOS="1539"/>
							<String ID="string_406" HPOS="1560" VPOS="2281" WIDTH="124" HEIGHT="40" WC="0.93" CONTENT="Maj:ts"/><SP WIDTH="21" VPOS="2281" HPOS="1684"/>
							<String ID="string_407" HPOS="1705" VPOS="2280" WIDTH="69" HEIGHT="30" WC="0.92" CONTENT="för-"/>
						</TextLine>
						<TextLine ID="line_40" HPOS="289" VPOS="2335" WIDTH="1484" HEIGHT="50">
							<String ID="string_408" HPOS="289" VPOS="2346" WIDTH="72" HEIGHT="39" WC="0.96" CONTENT="slag"/><SP WIDTH="20" VPOS="2346" HPOS="361"/>
							<String ID="string_409" HPOS="381" VPOS="2345" WIDTH="145" HEIGHT="30" WC="0.96" CONTENT="innebär"/><SP WIDTH="21" VPOS="2345" HPOS="526"/>
							<String ID="string_410" HPOS="547" VPOS="2344" WIDTH="71" HEIGHT="29" WC="0.96" CONTENT="inte"/><SP WIDTH="22" VPOS="2344" HPOS="618"/>
							<String ID="string_411" HPOS="640" VPOS="2342" WIDTH="105" HEIGHT="40" WC="0.96" CONTENT="något"/><SP WIDTH="21" VPOS="2342" HPOS="745"/>
							<String ID="string_412" HPOS="766" VPOS="2350" WIDTH="74" HEIGHT="21" WC="0.96" CONTENT="som"/><SP WIDTH="24" VPOS="2350" HPOS="840"/>
							<String ID="string_413" HPOS="864" VPOS="2340" WIDTH="125" HEIGHT="29" WC="0.92" CONTENT="strider"/><SP WIDTH="21" VPOS="2340" HPOS="989"/>
							<String ID="string_414" HPOS="1010" VPOS="2339" WIDTH="168" HEIGHT="29" WC="0.92" CONTENT="häremot."/><SP WIDTH="22" VPOS="2339" HPOS="1178"/>
							<String ID="string_415" HPOS="1200" VPOS="2337" WIDTH="117" HEIGHT="39" WC="0.96" CONTENT="Enligt"/><SP WIDTH="21" VPOS="2337" HPOS="1317"/>
							<String ID="string_416" HPOS="1338" VPOS="2336" WIDTH="189" HEIGHT="30" WC="0.96" CONTENT="utskottets"/><SP WIDTH="22" VPOS="2336" HPOS="1527"/>
							<String ID="string_417" HPOS="1549" VPOS="2335" WIDTH="141" HEIGHT="40" WC="0.94" CONTENT="mening"/><SP WIDTH="21" VPOS="2335" HPOS="1690"/>
							<String ID="string_418" HPOS="1711" VPOS="2335" WIDTH="62" HEIGHT="28" WC="0.96" CONTENT="bör"/>
						</TextLine>
						<TextLine ID="line_41" HPOS="288" VPOS="2389" WIDTH="1486" HEIGHT="48">
							<String ID="string_419" HPOS="288" VPOS="2399" WIDTH="337" HEIGHT="38" WC="0.91" CONTENT="motionsförslagets"/><SP WIDTH="27" VPOS="2399" HPOS="625"/>
							<String ID="string_420" HPOS="652" VPOS="2396" WIDTH="91" HEIGHT="40" WC="0.96" CONTENT="syfte"/><SP WIDTH="24" VPOS="2396" HPOS="743"/>
							<String ID="string_421" HPOS="767" VPOS="2396" WIDTH="121" HEIGHT="28" WC="0.96" CONTENT="kunna"/><SP WIDTH="24" VPOS="2396" HPOS="888"/>
							<String ID="string_422" HPOS="912" VPOS="2393" WIDTH="200" HEIGHT="40" WC="0.96" CONTENT="tillgodoses"/><SP WIDTH="25" VPOS="2393" HPOS="1112"/>
							<String ID="string_423" HPOS="1137" VPOS="2392" WIDTH="95" HEIGHT="29" WC="0.96" CONTENT="inom"/><SP WIDTH="25" VPOS="2392" HPOS="1232"/>
							<String ID="string_424" HPOS="1257" VPOS="2399" WIDTH="122" HEIGHT="21" WC="0.95" CONTENT="ramen"/><SP WIDTH="26" VPOS="2399" HPOS="1379"/>
							<String ID="string_425" HPOS="1405" VPOS="2389" WIDTH="54" HEIGHT="31" WC="0.96" CONTENT="för"/><SP WIDTH="26" VPOS="2389" HPOS="1459"/>
							<String ID="string_426" HPOS="1485" VPOS="2389" WIDTH="66" HEIGHT="30" WC="0.96" CONTENT="den"/><SP WIDTH="26" VPOS="2389" HPOS="1551"/>
							<String ID="string_427" HPOS="1577" VPOS="2389" WIDTH="197" HEIGHT="39" WC="0.96" CONTENT="föreslagna"/>
						</TextLine>
						<TextLine ID="line_42" HPOS="287" VPOS="2441" WIDTH="1485" HEIGHT="53">
							<String ID="string_428" HPOS="287" VPOS="2454" WIDTH="154" HEIGHT="40" WC="0.95" CONTENT="lydelsen"/><SP WIDTH="24" VPOS="2454" HPOS="441"/>
							<String ID="string_429" HPOS="465" VPOS="2462" WIDTH="42" HEIGHT="20" WC="0.95" CONTENT="av"/><SP WIDTH="21" VPOS="2462" HPOS="507"/>
							<String ID="string_430" HPOS="528" VPOS="2451" WIDTH="20" HEIGHT="30" WC="0.95" CONTENT="4"/><SP WIDTH="26" VPOS="2451" HPOS="548"/>
							<String ID="string_431" HPOS="574" VPOS="2451" WIDTH="27" HEIGHT="37" WC="0.70" CONTENT="8."/><SP WIDTH="23" VPOS="2451" HPOS="601"/>
							<String ID="string_432" HPOS="624" VPOS="2448" WIDTH="326" HEIGHT="40" WC="0.92" CONTENT="Motionsyrkandet"/><SP WIDTH="22" VPOS="2448" HPOS="950"/>
							<String ID="string_433" HPOS="972" VPOS="2447" WIDTH="62" HEIGHT="30" WC="0.96" CONTENT="bör"/><SP WIDTH="25" VPOS="2447" HPOS="1034"/>
							<String ID="string_434" HPOS="1059" VPOS="2446" WIDTH="119" HEIGHT="30" WC="0.96" CONTENT="därför"/><SP WIDTH="22" VPOS="2446" HPOS="1178"/>
							<String ID="string_435" HPOS="1200" VPOS="2446" WIDTH="73" HEIGHT="29" WC="0.96" CONTENT="inte"/><SP WIDTH="24" VPOS="2446" HPOS="1273"/>
							<String ID="string_436" HPOS="1297" VPOS="2443" WIDTH="181" HEIGHT="31" WC="0.96" CONTENT="föranleda"/><SP WIDTH="24" VPOS="2443" HPOS="1478"/>
							<String ID="string_437" HPOS="1502" VPOS="2443" WIDTH="115" HEIGHT="39" WC="0.96" CONTENT="någon"/><SP WIDTH="24" VPOS="2443" HPOS="1617"/>
							<String ID="string_438" HPOS="1641" VPOS="2441" WIDTH="131" HEIGHT="41" WC="0.96" CONTENT="åtgärd."/>
						</TextLine>
					</TextBlock>
					<TextBlock ID="block_8" HPOS="331" VPOS="2496" WIDTH="1442" HEIGHT="46">
						<TextLine ID="line_43" HPOS="331" VPOS="2496" WIDTH="1442" HEIGHT="46">
							<String ID="string_439" HPOS="331" VPOS="2507" WIDTH="176" HEIGHT="30" WC="0.96" CONTENT="Utskottet"/><SP WIDTH="22" VPOS="2507" HPOS="507"/>
							<String ID="string_440" HPOS="529" VPOS="2505" WIDTH="59" HEIGHT="30" WC="0.96" CONTENT="vill"/><SP WIDTH="23" VPOS="2505" HPOS="588"/>
							<String ID="string_441" HPOS="611" VPOS="2503" WIDTH="235" HEIGHT="39" WC="0.96" CONTENT="understryka"/><SP WIDTH="22" VPOS="2503" HPOS="846"/>
							<String ID="string_442" HPOS="868" VPOS="2501" WIDTH="118" HEIGHT="30" WC="0.96" CONTENT="vikten"/><SP WIDTH="24" VPOS="2501" HPOS="986"/>
							<String ID="string_443" HPOS="1010" VPOS="2510" WIDTH="41" HEIGHT="20" WC="0.96" CONTENT="av"/><SP WIDTH="23" VPOS="2510" HPOS="1051"/>
							<String ID="string_444" HPOS="1074" VPOS="2502" WIDTH="50" HEIGHT="27" WC="0.96" CONTENT="att"/><SP WIDTH="22" VPOS="2502" HPOS="1124"/>
							<String ID="string_445" HPOS="1146" VPOS="2500" WIDTH="11" HEIGHT="29" WC="0.96" CONTENT="i"/><SP WIDTH="23" VPOS="2500" HPOS="1157"/>
							<String ID="string_446" HPOS="1180" VPOS="2499" WIDTH="41" HEIGHT="29" WC="0.96" CONTENT="de"/><SP WIDTH="23" VPOS="2499" HPOS="1221"/>
							<String ID="string_447" HPOS="1244" VPOS="2498" WIDTH="94" HEIGHT="30" WC="0.96" CONTENT="olika"/><SP WIDTH="22" VPOS="2498" HPOS="1338"/>
							<String ID="string_448" HPOS="1360" VPOS="2497" WIDTH="175" HEIGHT="30" WC="0.93" CONTENT="ärendena"/><SP WIDTH="22" VPOS="2497" HPOS="1535"/>
							<String ID="string_449" HPOS="1557" VPOS="2496" WIDTH="216" HEIGHT="30" WC="0.91" CONTENT="konsekven-"/>
						</TextLine>
					</TextBlock>
				</ComposedBlock>
			</PrintSpace>
		</Page>
	</Layout>
</alto>
