1911 2833
288 141 19 30 6
601 138 124 40 Tredje
744 137 245 40 lagutskottets
1008 136 179 31 utlåtande
1205 145 43 21 nr
1265 136 41 30 37
1324 135 40 31 år
1383 135 84 30 1969

988 218 39 30 13
1055 218 27 37 8.

333 274 167 31 Ansökan
520 283 57 21 om
597 273 159 31 tillstånd
776 273 89 30 skall
884 281 83 22 vara
988 272 163 40 skriftlig.
1172 272 74 30 Den
1268 271 89 30 skall
1377 270 178 30 innehålla
1576 270 40 30 de
1637 268 137 41 uppgif-

289 322 61 32 ter,
376 320 171 39 ritningar
573 319 64 30 och
662 319 164 30 tekniska
849 317 266 40 beskrivningar
1143 326 73 21 som
1244 316 137 30 fordras
1408 315 55 31 för
1489 315 217 30 bedömande
1732 324 42 20 av

289 364 66 31 den
371 364 228 41 miljöfarliga
613 363 287 31 verksamhetens
916 362 255 34 beskaffenhet,
1188 360 212 41 omfattning
1416 360 65 30 och
1496 359 219 40 verkningar.

332 410 169 30 Ansökan
519 410 89 30 skall
626 409 96 40 inges
741 408 11 30 i
770 409 58 30 det
845 409 95 30 antal
959 408 177 39 exemplar
1154 416 74 21 som
1247 405 407 31 koncessionsnämnden
1671 413 103 21 anser

287 455 185 41 behövligt.

333 501 182 41 Uppfyller
533 501 157 30 ansökan
708 500 29 40 ej
757 500 67 30 vad
842 508 74 21 som
935 498 209 31 föreskrives
1162 499 10 29 i
1191 497 111 30 första
1321 498 134 39 stycket
1475 497 80 30 eller
1573 496 65 30 har
1657 496 66 30 den
1741 495 29 40 ej

288 547 142 39 ingivits
446 547 11 29 i
475 546 203 39 tillräckligt
697 546 95 29 antal
811 545 185 39 exemplar,
1017 544 88 29 skall
1126 543 179 30 sökanden
1325 542 195 39 föreläggas
1540 543 49 28 att
1610 540 165 40 avhjälpa

288 592 134 29 bristen
437 591 97 29 inom
549 590 71 30 viss
636 590 61 30 tid.
715 590 14 29 I
746 589 260 39 föreläggandet
1022 589 70 29 kan
1110 588 150 29 utsättas
1277 587 70 29 vite
1366 587 80 29 eller
1464 586 138 40 påföljd
1620 587 50 28 att
1688 586 86 29 bris-

290 639 57 27 ten
363 636 180 40 avhjälpes
558 635 45 40 på
619 635 197 30 sökandens
832 633 204 31 bekostnad.

989 704 39 31 14
1055 704 27 38 8.

333 760 413 32 Koncessionsnämnden
766 759 88 31 skall
875 760 94 40 sörja
988 759 54 30 för
1062 758 205 40 fullständig
1287 757 186 40 utredning
1493 766 41 21 av
1554 756 126 30 ärende
1701 764 74 22 som

290 808 158 29 kommer
464 806 110 30 under
591 806 195 29 nämndens
802 804 181 41 prövning.

332 851 184 30 Nämnden
536 851 88 29 skall

336 896 27 28 1.
389 903 123 31 genom
536 894 208 39 kungörelse
765 894 10 28 i
801 903 41 19 en
867 893 81 29 eller
972 892 88 30 flera
1083 901 42 20 av
1149 894 116 27 ortens
1291 891 176 39 tidningar
1493 891 82 29 eller
1599 890 45 39 på
1668 892 107 27 annat

290 940 158 39 lämpligt
469 940 68 29 sätt
556 938 127 31 bereda
704 938 78 30 dem
804 946 74 21 som
900 938 69 29 kan
989 937 141 29 beröras
1152 946 42 20 av
1216 936 66 29 den
1303 935 229 41 miljöfarliga
1553 934 222 31 verksamhe-

289 987 59 28 ten
364 984 139 31 tillfälle
519 985 51 28 att
585 985 94 38 yttra
697 983 60 39 sig,

334 1030 29 29 2.
390 1028 162 30 samråda
569 1029 78 28 med
665 1028 41 29 de
724 1027 138 39 statliga
877 1027 65 29 och
959 1026 228 30 kommunala
1203 1025 244 39 myndigheter
1465 1033 74 21 som
1557 1024 65 30 har
1639 1024 136 30 väsent-

289 1074 69 39 liga
374 1074 174 29 intressen
567 1074 50 28 att
635 1072 133 30 bevaka
787 1073 10 29 i
818 1071 133 40 frågan,

334 1118 29 30 3.
389 1117 94 30 hålla
500 1117 261 30 sammanträde
777 1116 80 30 med
873 1118 118 38 parter
1008 1116 64 29 och
1088 1115 202 39 besiktning
1306 1114 45 41 på
1367 1115 148 40 platsen,
1534 1123 56 20 om
1610 1114 56 29 det
1686 1113 28 40 ej
1737 1113 38 29 är

289 1163 197 39 uppenbart
503 1162 152 39 onödigt,

333 1207 30 30 4.
388 1207 126 30 bereda
530 1208 78 38 part
624 1206 139 30 tillfälle
779 1207 50 28 att
844 1207 94 38 yttra
955 1206 51 39 sig
1022 1205 80 30 över
1119 1204 188 40 utredning
1325 1213 74 21 som
1417 1203 194 40 förebragts
1630 1212 42 20 av
1689 1204 87 28 mot-

289 1253 78 39 part
386 1252 81 30 eller
487 1250 247 31 införskaffats
754 1258 124 32 genom
897 1249 424 31 koncessionsnämndens
1342 1248 145 39 försorg.

333 1296 184 31 Nämnden
531 1296 70 30 kan
616 1295 181 40 uppdraga
811 1294 34 31 åt
861 1304 42 21 en
918 1295 82 30 eller
1015 1294 88 30 flera
1118 1303 42 21 av
1174 1294 238 30 ledamöterna
1428 1295 49 28 att
1492 1292 94 31 hålla
1602 1301 175 21 samman-

289 1342 98 29 träde
406 1341 82 29 eller
505 1341 200 38 besiktning
724 1340 106 39 enligt
848 1339 110 30 andra
978 1339 134 39 stycket
1131 1338 29 30 3.

333 1386 185 29 Nämnden
532 1386 70 29 kan
618 1385 180 40 uppdraga
814 1384 35 30 åt
864 1384 199 39 sakkunnig
1079 1385 50 28 att
1144 1383 190 30 verkställa
1351 1382 151 30 särskild
1519 1382 197 39 utredning.

334 1430 157 30 Kostnad
509 1429 54 30 för
581 1430 209 39 kungörelse
806 1429 65 29 och
889 1428 55 30 för
962 1428 188 39 utredning
1169 1428 105 39 enligt
1293 1427 117 40 fjärde
1429 1427 134 39 stycket
1582 1427 132 29 betalas
1735 1436 41 20 av

290 1475 67 30 den
374 1483 73 21 som
464 1475 123 29 utövar
605 1474 81 29 eller
704 1474 122 29 ämnar
844 1473 104 30 utöva
966 1473 66 29 den
1049 1472 229 40 miljöfarliga
1295 1471 278 30 verksamheten.
1592 1471 184 30 Nämnden

290 1519 191 30 fastställer
500 1518 44 40 på
562 1518 157 40 yrkande
740 1518 193 38 ersättning
951 1517 54 29 för
1026 1517 241 39 utredningen.

989 1588 38 30 15
1056 1588 27 37 8.

333 1644 117 39 Yppas
471 1643 58 30 vid
552 1642 424 31 koncessionsnämndens
1000 1641 245 41 överläggning
1269 1641 52 30 till
1343 1641 114 29 beslut
1481 1639 204 41 skiljaktiga
1707 1648 70 21 me-

289 1689 135 39 ningar,
446 1689 89 29 skall
554 1688 219 39 omröstning
793 1688 70 29 ske.
884 1687 238 39 Uppkommer
1143 1686 123 30 därvid
1287 1685 99 40 fråga
1407 1694 57 21 om
1486 1685 290 39 tillämpligheten

289 1742 43 20 av
352 1733 113 29 denna
486 1733 55 38 lag
562 1732 81 29 eller
665 1731 98 39 fråga
784 1740 56 21 om
861 1731 210 39 vidtagande
1092 1740 42 20 av
1153 1730 253 30 förberedande
1428 1730 123 39 åtgärd
1573 1729 82 30 eller
1677 1729 100 39 fråga

289 1786 57 21 om
371 1776 281 40 underställning
676 1776 108 40 enligt
811 1775 38 30 16
877 1775 27 38 8,
932 1776 88 29 skall
1047 1775 151 30 särskild
1224 1773 218 41 omröstning
1468 1774 60 30 ske
1554 1773 222 30 beträffande

291 1822 109 30 sådan
417 1822 108 39 fråga.

334 1867 66 29 Vid
420 1866 218 39 omröstning
660 1866 107 39 gäller
789 1866 67 29 den
877 1865 142 39 mening
1042 1873 74 21 som
1140 1864 66 30 fått
1230 1865 42 29 de
1294 1864 103 30 flesta
1419 1864 160 30 rösterna
1603 1864 91 33 eller,
1719 1863 57 30 vid

290 1911 71 29 lika
378 1911 154 33 röstetal,
550 1911 67 29 den
634 1910 141 39 mening
794 1918 73 21 som
886 1909 238 30 ordföranden
1141 1909 164 30 biträder.

989 1981 40 30 16
1056 1980 27 37 8.

332 2035 129 30 Finner
481 2034 407 31 koncessionsnämnden
907 2034 58 30 vid
984 2034 171 40 prövning
1175 2043 42 21 av
1237 2034 158 29 ansökan
1415 2042 57 21 om
1493 2032 157 31 tillstånd
1671 2032 105 39 enligt

293 2080 114 31 denna
431 2080 56 40 lag
511 2081 50 30 att
585 2080 125 30 hinder
734 2081 72 28 mot
831 2079 160 30 tillstånd
1014 2079 111 30 möter
1151 2078 106 40 enligt
1282 2078 18 30 6
1328 2078 15 37 $
1371 2077 109 31 andra
1506 2077 134 40 stycket
1666 2077 110 30 första

289 2126 159 39 punkten
467 2134 81 20 men
567 2127 50 27 att
637 2125 56 29 det
713 2124 183 39 föreligger
917 2123 131 30 sådana
1068 2123 298 39 omständigheter
1387 2131 75 21 som
1483 2130 105 32 anges
1608 2123 11 29 i
1642 2131 134 20 samma

290 2170 120 38 stycke
427 2169 110 29 andra
553 2169 170 39 punkten,
743 2169 88 29 skall
849 2168 178 30 nämnden
1044 2168 79 30 med
1143 2169 73 37 eget
1234 2167 165 40 yttrande
1416 2167 217 30 underställa
1652 2166 124 40 frågan

289 2214 212 39 Konungens
522 2213 205 39 avgörande.

989 2256 38 31 17
1056 2256 27 37 8.

333 2311 195 40 Konungen
547 2311 70 30 kan
636 2310 181 40 uppdraga
835 2310 36 30 åt
888 2310 249 39 länsstyrelsen
1157 2311 50 29 att
1225 2310 107 39 pröva
1352 2309 98 40 fråga
1469 2318 57 21 om
1545 2308 158 31 tillstånd
1721 2308 55 30 be-

290 2355 177 31 träffande
491 2355 87 30 visst
603 2355 73 39 slag
701 2364 42 21 av
767 2355 163 30 ärenden.
955 2354 14 30 I
994 2354 99 40 fråga
1117 2363 57 21 om
1200 2354 152 30 ärenden
1377 2362 75 21 som
1478 2353 148 30 sålunda
1650 2354 125 39 prövas

290 2410 43 21 av
354 2400 250 40 länsstyrelsen
627 2400 106 39 gäller
756 2399 11 30 i
788 2399 208 40 tillämpliga
1019 2399 96 30 delar
1137 2398 310 30 bestämmelserna
1471 2398 10 30 i
1504 2398 115 30 denna
1641 2398 57 39 lag
1720 2407 56 21 om

291 2444 151 31 ärenden
460 2453 75 21 som
552 2445 125 39 prövas
696 2453 42 21 av
754 2443 416 31 koncessionsnämnden.

334 2489 194 39 Konungen
555 2489 70 29 kan
652 2488 180 40 uppdraga
859 2487 35 30 åt
920 2488 249 39 länsstyrelsen
1197 2488 50 29 att
1273 2486 222 30 beträffande
1521 2486 86 30 visst
1635 2487 73 38 slag
1734 2495 42 21 av

290 2533 152 30 ärenden
460 2533 159 40 medgiva
638 2532 180 40 undantag
836 2541 74 21 som
929 2541 98 21 avses
1046 2532 11 29 i
1077 2531 38 30 10
1137 2531 15 37 8
1172 2531 110 30 andra
1301 2531 144 39 stycket.
