2210 2671
456 198 108 29 Andra
585 199 187 31 kammarens
788 199 130 39 femte
940 204 150 39 tillfälliga
1112 208 122 28 utskotts
1256 209 149 30 utlåtande
1428 211 47 29 Nr
1499 213 48 28 10.
1793 214 18 30 3

204 274 57 36 för
289 274 346 50 fjärdingsmännen
663 279 71 36 den
763 281 45 35 29
838 283 205 47 september
1074 286 93 35 1899
1197 288 98 34 såväl
1323 288 167 37 länsmän
1510 303 76 23 som
1606 291 205 50 fjärdings-

204 332 86 29 män
317 340 44 22 av
388 327 301 50 kronofogdarna
716 332 133 36 anlitas
877 332 57 37 för
961 335 233 50 indrivnings
1222 339 280 37 verkställande.

304 377 413 51 Indrivningsavgiften,
747 396 76 22 som
856 390 146 43 uttages
1030 399 43 23 av
1101 387 71 36 den
1200 391 243 48 restskyldige
1470 393 67 35 och
1565 394 13 34 i
1605 395 202 37 allmänhet

204 432 108 43 utgör
339 434 55 31 tre
421 436 153 42 procent
602 445 45 23 av
674 433 62 35 det
763 436 212 35 resterande
994 437 182 49 beloppet,
1196 439 167 37 tillfaller
1382 443 266 48 kronofogden,
1670 445 45 36 då
1734 447 73 35 han

203 479 91 46 själv
333 481 214 36 verkställer
587 483 273 50 indrivningen.
914 486 55 36 Då
1004 487 269 50 fjärdingsman
1314 492 124 36 därtill
1466 495 143 42 anlitas,
1639 497 168 47 åtnjuter

203 528 119 37 denne
350 530 139 37 hälften
516 533 67 35 och
612 534 255 49 kronofogden
895 538 114 35 andra
1036 539 143 37 hälften
1206 554 43 23 av
1275 542 409 52 indrivningsavgiften.
1727 548 13 35 I
1762 549 44 36 de

202 579 65 36 fall
295 581 45 35 då
366 583 168 36 länsman
561 586 216 36 verkställer
803 587 217 51 indrivning
1047 603 43 23 av
1117 591 410 53 kommunalutskylder
1555 598 68 35 och
1650 598 156 37 försam-

200 632 257 48 lingsavgifter
497 636 58 34 till
597 639 243 47 prästerskap,
882 646 68 41 äga
990 641 72 35 han
1103 643 68 34 och
1199 644 255 49 kronofogden
1482 652 55 31 att
1565 650 57 45 sig
1648 652 157 34 emellan

199 683 73 35 lika
299 682 141 38 fördela
466 686 413 50 indrivningsavgiften.
933 690 174 38 Däremot
1134 695 128 35 saknas
1283 698 227 48 uttryckliga
1529 698 275 40 bestämmelser

200 746 58 23 om
288 734 137 37 dennas
454 735 223 52 fördelning,
707 739 46 36 då
780 741 167 37 länsman
966 744 214 36 verkställer
1198 746 216 50 indrivning
1432 762 43 23 av
1493 750 311 51 kronoutskylder

199 785 66 35 och
293 787 12 34 i
334 787 177 36 samband
548 788 152 37 därmed
736 792 184 48 utgående
957 794 168 47 avgifter.
1180 797 15 35 I
1223 798 201 37 allmänhet
1451 801 104 35 torde
1583 802 93 36 dock
1704 804 99 36 detta

200 835 228 38 förhållande
465 839 151 37 ordnats
644 844 49 41 så,
723 847 55 30 att
806 849 89 29 även
923 845 12 34 i
963 845 61 35 det
1051 845 103 37 fallet
1181 848 229 49 kronofogde
1438 852 67 34 och
1533 852 167 37 länsman
1728 855 75 35 lika

198 888 134 35 mellan
361 889 56 48 sig
444 888 158 39 fördelat
631 893 435 49 uppbördsprovisionen.

296 938 215 39 Emellertid
552 941 181 50 föreligga
772 945 326 49 omständigheter,
1141 962 77 23 som
1246 951 73 35 tala
1346 951 68 45 för,
1443 959 54 30 att
1525 956 163 35 avsikten
1717 957 84 35 med

196 989 221 48 stadgandet
443 1005 61 22 om
531 993 360 50 indrivningsavgift,
921 996 45 36 då
994 997 104 49 fråga
1125 1007 40 27 är
1192 1013 59 22 om
1267 1002 312 49 kronoutskylder
1598 1006 69 35 och
1687 1007 114 36 andra

197 1041 193 48 utskylder
430 1043 67 35 och
538 1043 157 49 avgifter
736 1051 81 39 etc.,
846 1060 77 23 som
952 1049 183 47 uppbäras
1163 1051 69 35 och
1260 1052 184 37 redovisas
1471 1056 12 33 i
1511 1056 178 36 samband
1716 1059 83 35 med

194 1092 351 49 kronouppbörden,
574 1108 63 22 var
664 1096 82 46 den,
773 1102 53 31 att
855 1098 210 37 densamma
1093 1102 117 35 skulle
1233 1102 76 36 helt
1327 1103 148 37 tillfalla
1494 1105 81 46 den,
1596 1119 79 23 som
1693 1110 106 34 verk-

193 1143 133 35 ställde
368 1144 61 35 det
469 1147 186 47 egentliga
695 1148 386 49 indrivningsarbetet.
1135 1152 111 36 Detta
1274 1154 212 48 stadgande,
1517 1170 78 22 som
1623 1171 51 22 nu
1702 1162 96 33 åter-

193 1194 119 35 finnes
340 1196 12 33 i
383 1197 43 33 17
455 1192 57 48 $i
541 1197 434 49 uppbördsreglementet
1002 1201 70 36 den
1102 1204 44 34 19
1177 1205 70 46 maj
1281 1207 107 42 1911,
1417 1213 39 28 är
1484 1209 57 34 till
1569 1210 57 34 sin
1650 1210 148 36 huvud-

194 1245 140 47 sakliga
361 1245 141 49 lydelse
530 1247 142 36 hämtat
700 1248 82 37 från
809 1250 127 49 kungl.
965 1252 246 48 kungörelsen
1240 1255 69 36 den
1338 1258 47 34 20
1413 1259 71 47 maj
1518 1261 107 41 1887,
1654 1263 143 46 varige-

191 1308 88 22 nom
307 1295 101 37 förut
434 1297 193 49 befintliga
654 1299 226 49 stadganden
908 1315 59 22 om
995 1304 262 37 stämmoböter
1280 1307 84 35 med
1382 1309 90 35 visst
1491 1310 191 50 undantag
1701 1325 96 35 upp-

192 1346 135 36 hävdes
356 1348 67 34 och
452 1353 153 31 ersattes
634 1350 84 35 med
746 1352 273 37 bestämmelser
1046 1367 59 23 om
1133 1355 361 52 indrivningsavgift.
1550 1360 130 37 Denna
1702 1364 95 35 kun-

192 1398 141 46 görelse
360 1399 145 35 tillkom
532 1401 13 33 i
573 1401 200 49 anledning
800 1416 44 22 av
862 1417 45 22 en
926 1404 229 50 Riksdagens
1175 1408 173 36 skrivelse
1368 1410 57 36 till
1445 1411 135 49 Kungl.
1601 1413 104 48 Maj:t
1725 1414 70 36 den

194 1449 44 34 14
280 1449 72 47 maj
398 1451 106 41 1884,
546 1452 69 35 och
656 1465 44 22 av
739 1453 120 36 denna
899 1456 173 36 skrivelse
1113 1457 162 49 framgår
1310 1461 151 48 tydligt,
1490 1468 53 30 att
1570 1463 62 36 det
1660 1464 46 36 då
1732 1479 64 22 var

191 1498 228 50 Riksdagens
448 1501 252 50 uppfattning,
729 1509 53 31 att
810 1505 398 51 indrivningsavgiften
1238 1510 112 36 borde
1377 1512 131 36 odelad
1535 1514 148 37 tillfalla
1711 1516 82 43 den,

190 1562 79 23 som
297 1551 11 34 i
337 1552 88 34 sista
452 1552 99 36 hand
577 1555 215 36 verkställer
818 1556 272 51 indrivningen.
1144 1561 66 34 Att
1228 1568 90 29 även
1338 1562 135 50 Kungl.
1494 1564 105 48 Maj:t
1617 1567 61 35 vid
1698 1567 96 36 kun-

189 1602 186 46 görelsens
417 1602 220 38 utfärdande
677 1619 63 22 var
777 1619 43 23 av
860 1621 139 23 samma
1034 1612 151 46 mening
1212 1625 107 35 synes
1349 1612 141 50 framgå
1517 1615 122 45 därav,
1668 1622 53 31 att
1749 1618 45 35 de

189 1653 242 43 ämbetsverk,
472 1653 82 37 från
596 1657 98 34 vilka
730 1657 82 36 med
839 1659 201 49 anledning
1067 1674 43 22 av
1136 1663 160 35 nämnda
1323 1665 345 48 riksdagsskrivelse
1696 1670 96 35 utlå-

188 1702 110 36 tande
339 1703 244 47 infordrades,
624 1707 144 36 anslöto
796 1710 56 47 sig
878 1711 57 33 till
963 1710 120 36 denna
1111 1714 161 47 mening,
1301 1715 68 35 och
1397 1715 72 36 den
1496 1717 206 37 sedermera
1731 1725 61 30 ut-

187 1752 151 37 färdade
367 1755 246 47 kungörelsen
641 1758 198 48 ordagrant
866 1762 294 36 överensstämde
1188 1764 83 35 med
1298 1771 53 30 ett
1379 1779 43 23 av
1440 1766 105 37 dessa
1563 1770 229 36 ämbetsverk

188 1806 143 45 avgivet
371 1804 148 50 förslag.
573 1808 130 48 Någon
740 1810 158 48 ändring
925 1813 12 33 i
965 1812 218 48 stadgandet
1210 1815 12 34 i
1251 1810 540 60 fjärdingsmannainstruktio-

188 1867 82 30 nen,
312 1860 54 31 att
407 1856 279 48 fjärdingsman,
729 1859 45 36 då
814 1861 90 36 hans
944 1863 142 36 biträde
1122 1865 132 36 anlitas
1286 1866 57 36 för
1369 1868 215 49 indrivning
1611 1884 43 23 av
1681 1872 48 35 bl.
1758 1885 31 23 a.

187 1907 209 35 resterande
437 1909 441 48 kronouppbördsmedel,
920 1914 91 35 skall
1052 1921 67 42 äga
1159 1917 144 46 åtnjuta
1340 1918 143 36 hälften
1510 1933 44 22 av
1581 1922 209 47 uppbörds-

187 1969 178 24 mannens
392 1959 109 34 andel
529 1960 12 34 i
569 1960 175 48 stadgade
772 1965 261 35 stämmoböter
1060 1967 89 34 eller
1177 1967 193 49 medgiven
1398 1970 391 50 uppbördsprovision,

186 2007 86 36 kom
299 2009 205 36 emellertid
533 2010 45 36 då
605 2012 79 35 icke
710 2013 58 35 till
796 2014 118 35 stånd.
969 2014 79 37 Och
1077 2017 31 47 ej
1139 2018 116 35 heller
1283 2018 143 46 efteråt,
1456 2021 45 36 då
1528 2029 91 29 även
1638 2024 12 35 i
1671 2024 119 37 denna

185 2059 226 36 instruktion
448 2062 187 48 uttrycket
675 2065 261 36 stämmoböter
963 2066 143 50 utbytts
1134 2073 78 31 mot
1239 2069 362 52 indrivningsavgift,
1631 2075 65 35 har
1723 2079 65 32 nå-

184 2121 72 35 gon
299 2111 158 48 ändring
492 2112 175 48 vidtagits
708 2115 12 34 i
759 2115 281 38 bestämmelsen
1070 2131 59 23 om
1157 2119 288 50 fjärdingsmans
1474 2129 75 31 rätt
1574 2126 58 34 till
1660 2126 129 37 endast

185 2159 141 37 hälften
354 2175 43 22 av
424 2163 349 48 uppbördsmannen
799 2167 282 38 tillkommande
1108 2172 198 46 provision.

284 2210 135 38 Senare
446 2214 92 35 hava
564 2216 215 48 visserligen
807 2216 123 38 försök
957 2219 116 48 gjorts
1101 2226 53 30 att
1172 2221 133 49 bringa
1323 2222 312 52 författningarna
1653 2229 12 33 i
1684 2235 104 29 över-

183 2264 276 35 ensstämmelse
501 2265 84 35 med
626 2266 70 36 den
738 2280 43 23 av
815 2270 94 35 1884
938 2272 58 34 års
1022 2271 150 49 riksdag
1200 2274 163 35 uttalade
1390 2276 154 44 åsikten,
1574 2283 53 30 att
1645 2278 142 37 indriv-
