1878 2784
485 174 298 36 Statsutskottets
797 170 185 36 utlåtande
997 182 42 22 nr
1054 171 44 32 72
1114 170 39 32 år
1169 170 89 31 1958
1573 166 40 30 21

173 257 232 35 Beträffande
433 256 43 34 de
503 254 222 43 erforderliga
753 249 469 46 engångsanskaffningarna
1247 247 64 33 har
1338 245 280 41 beräkningarna

124 304 187 33 resulterat
328 302 12 34 i
357 301 156 43 följande
532 298 267 44 anslagsbehov.

342 372 236 31 Höstterminens
595 369 196 30 laborationer
809 368 8 29 i
835 366 153 37 oorganisk
1006 365 77 29 kemi
1107 388 25 5 ..
1195 366 82 26 8000
1297 362 106 28 kronor

343 417 217 30 Vårterminens
575 414 196 30 laborationer
787 413 8 28 i
811 411 146 36 analytisk
972 410 77 29 kemi
1071 432 63 6 ....
1197 410 81 26 9000
1348 420 12 13 >»

343 461 210 31 Laborationer
575 461 9 28 i
607 459 151 36 fysikalisk
781 457 76 29 kemi
885 477 249 8 ..........-.+>>
1179 455 99 27 13900
1348 464 13 13 =»

344 506 177 35 Utrustning
538 506 44 28 för
599 515 59 25 nya
675 502 290 36 befattningshavare
983 501 8 27 i
1009 499 76 29 kemi
1110 522 25 5 ..
1181 500 98 26 10000
1349 509 12 13 >»

344 550 237 37 Komplettering
595 560 38 17 av
649 548 57 29 viss
722 556 165 27 gemensam
903 548 159 33 apparatur
1079 544 8 28 i

384 596 77 28 kem
497 617 98 6 omer.
609 616 5 6 s
635 615 16 6 5
682 615 43 6 RR
740 614 42 6 SRS
805 591 32 40 RNA
860 612 33 7 NE
906 612 61 6 SNR
987 612 35 5 RR
1036 611 24 6 KA
1100 610 35 6 NR
1198 589 17 26 9
1226 589 54 26 200
1349 598 13 13 »

344 639 408 37 Mikroprojektionsapparat
771 636 44 28 för
834 634 122 29 botanik
980 655 155 7 .......--
1198 634 82 25 5000
1350 643 12 12 »

345 686 66 28 Två
426 684 168 35 mikroskop
611 683 44 28 för
672 681 137 29 assistent
826 680 54 28 och
896 688 159 20 amanuens
1073 677 9 28 i

382 728 122 30 botanik,
536 749 98 7 «sosse
667 749 60 6 viss
741 748 24 6 se
778 747 42 6 se
833 747 5 6 8
852 721 23 45 aje
889 746 60 6 sees
965 745 41 6 nee
1019 721 42 45 elen
1072 721 26 45 sase
1113 745 4 5 a
1199 722 82 27 5900
1350 732 13 13 >»

346 774 89 35 Övrig
454 772 167 36 utrustning
641 771 44 29 för
704 769 123 30 botanik
851 789 285 8 ........ss-->+->-
1201 767 80 26 1100
1350 777 13 13 >»

345 819 117 29 Möbler
479 817 54 29 och
550 820 131 25 armatur
703 834 434 10 ........ssseresse0
1036 811 48 44 rer
1094 811 48 44 rer
1199 812 82 26 3900
1351 821 12 13 =»

1180 876 35 26 66
1226 876 54 25 000
1300 872 107 28 kronor

179 957 79 34 Vad
282 956 109 42 angår
413 952 327 37 driftkostnaderna
761 951 65 33 har
847 950 79 34 från
948 946 167 37 tekniska
1135 945 194 43 högskolan
1353 942 191 44 uppgivits,
1568 945 55 30 att

134 1001 195 43 ersättning
346 1000 56 34 för
422 998 156 35 materiel
597 998 56 33 för
670 997 45 34 de
734 996 53 35 dit
806 994 157 43 förlagda
982 991 362 44 receptariekurserna
1361 987 118 35 kunde
1498 986 124 35 beräk-

134 1059 63 22 nas
216 1047 53 33 till
290 1049 41 30 13
347 1048 66 31 000
431 1045 140 33 kronor.
589 1043 57 33 De
663 1041 113 34 ökade
793 1037 409 39 materielkostnaderna,
1219 1033 205 36 föranledda
1440 1045 46 21 av
1503 1031 121 43 övriga

133 1091 248 39 laborationer,
395 1089 65 34 har
473 1101 45 22 av
531 1087 214 34 kommittén
758 1085 171 35 beräknas
944 1083 53 34 till
1012 1086 42 30 25
1069 1085 66 30 000
1148 1081 140 33 kronor.

179 1137 157 35 Sålunda
356 1134 174 36 erfordras
552 1134 55 34 för
628 1132 158 35 materiel
811 1131 56 43 (66
883 1131 156 40 000--13
1054 1129 158 40 000--25
1227 1126 125 41 000=)
1380 1127 64 32 104
1459 1127 65 31 000
1545 1123 79 33 kro-

134 1196 75 22 nor.

599 1300 562 58 Departementschefen

179 1426 402 46 Departementschefen
600 1425 65 34 har
686 1423 118 35 anfört
823 1422 11 34 i
853 1420 190 36 huvudsak
1063 1418 169 43 följande.

178 1486 648 44 Farmaceututbildningskommittén
845 1485 64 34 har
928 1484 11 34 i
959 1483 64 34 sitt
1042 1494 49 22 nu
1111 1479 236 44 föreliggande
1367 1478 113 34 första
1499 1478 123 34 betän-

134 1536 117 35 kande
268 1535 167 42 framlagt
450 1533 94 34 vissa
559 1532 131 42 förslag
705 1531 11 34 i
733 1530 93 43 syfte
843 1534 56 29 att
915 1527 208 43 möjliggöra
1139 1537 44 22 en
1198 1523 215 45 provisorisk
1430 1522 132 41 ökning
1578 1533 45 22 av

133 1579 275 36 farmacevtiska
430 1578 199 34 institutets
650 1572 412 45 utbildningskapacitet.
1083 1570 228 35 Kommittén
1333 1569 65 33 har
1420 1567 126 34 därvid
1567 1571 56 29 ut-

133 1626 79 42 gått
236 1625 78 34 från
337 1636 44 21 en
404 1635 126 31 genom
553 1619 376 43 medicinalstyrelsens
953 1617 135 41 försorg
1112 1616 39 33 år
1176 1617 87 31 1956
1287 1612 194 35 verkställd
1504 1611 119 34 utred-

133 1670 85 43 ning
233 1668 181 44 angående
432 1668 61 34 det
509 1666 169 34 framtida
695 1665 153 35 behovet
865 1675 46 22 av
927 1659 271 37 farmacevtiskt
1214 1658 164 35 utbildad
1397 1651 227 53 arbetskraft.

134 1715 123 42 Enligt
269 1713 158 34 nämnda
440 1711 189 42 utredning
640 1730 47 5 —
700 1721 75 22 som
789 1707 180 35 anmäldes
983 1706 109 34 redan
1106 1705 12 33 i
1132 1703 198 36 direktiven
1344 1702 55 34 för
1413 1701 211 34 farmaceut-

135 1755 434 45 utbildningskommittén
589 1775 47 4 —
655 1753 133 42 förelåg
807 1752 97 34 inom
925 1748 322 46 apoteksväsendet
1267 1748 11 34 i
1299 1747 150 34 oktober
1471 1748 87 31 1956
1581 1756 43 22 en

134 1803 90 34 brist
241 1803 48 42 på
306 1801 163 42 omkring
487 1803 42 30 75
549 1796 398 44 heltidstjänstgörande
967 1795 235 34 farmacevter
1220 1792 81 34 med
1321 1789 303 44 apotekarutbild-

134 1848 96 41 ning.
256 1847 68 33 Vid
351 1844 214 36 oförändrad
592 1839 402 44 utbildningskapacitet
1021 1838 219 34 beräknades
1268 1837 12 33 i
1307 1835 234 41 utredningen
1570 1838 55 29 att

137 1893 116 33 denna
272 1890 88 34 brist
378 1889 111 34 skulle
507 1889 145 33 komma
670 1891 56 29 att
744 1886 69 33 öka
830 1885 53 34 till
902 1884 96 33 cirka
1017 1886 66 30 210
1104 1882 38 33 år
1163 1884 99 36 1962,
1280 1878 252 36 motsvarande
1551 1890 73 22 om-

136 1936 103 42 kring
256 1938 44 30 40
320 1938 148 39 procent
488 1944 44 22 av
553 1932 60 34 det
633 1930 61 35 vid
714 1931 116 34 denna
849 1928 171 42 tidpunkt
1039 1925 242 44 uppskattade
1303 1924 165 34 behovet.
1487 1923 18 33 I
1526 1922 100 41 fråga

135 1993 59 21 om
215 1977 209 44 receptarier
445 1976 172 34 inklusive
639 1974 166 35 farmacie
826 1972 212 35 kandidater
1058 1971 49 42 på
1128 1969 175 43 apoteken
1324 1967 269 35 konstaterades
1615 1966 11 33 i

137 2023 234 42 utredningen
391 2034 43 21 en
454 2021 87 34 brist
561 2020 11 34 i
591 2020 149 34 oktober
762 2021 86 31 1956
869 2018 47 41 på
934 2016 97 34 cirka
1053 2018 77 30 175.
1150 2014 129 34 Denna
1299 2012 88 34 brist
1407 2011 218 35 beräknades

138 2069 60 34 vid
218 2067 214 35 oförändrad
453 2063 401 43 utbildningskapacitet
873 2062 144 33 komma
1038 2064 56 29 att
1114 2071 87 21 vara
1220 2058 11 34 i
1251 2057 190 34 huvudsak
1461 2055 71 34 lika
1553 2060 73 29 stor

138 2113 10 33 i
172 2112 149 35 oktober
345 2114 100 30 1959.
468 2109 244 41 Utredningen
735 2106 220 43 utmynnade
979 2105 10 33 i
1013 2109 54 28 ett
1089 2104 91 33 krav
1202 2103 47 41 på
1272 2107 56 28 att
1352 2099 275 36 farmacevtiska

137 2157 182 33 institutet
335 2155 109 34 borde
462 2154 144 33 beredas
623 2152 185 42 möjlighet
825 2155 55 29 att
896 2149 54 34 för
967 2148 203 41 utbildning
1186 2147 53 34 till
1257 2145 191 43 apotekare
1465 2149 163 35 mottaga

140 2204 43 30 80
202 2199 212 34 studerande
433 2199 10 33 i
462 2198 111 33 första
592 2197 185 33 årskursen
794 2215 46 4 —
857 2199 76 28 mot
951 2193 54 33 för
1023 2191 222 34 närvarande
1264 2194 44 30 40
1326 2210 46 4 —
1390 2189 111 34 under
1518 2188 51 34 tio
1589 2188 38 33 år

137 2245 66 33 och
226 2244 53 33 för
300 2241 202 42 utbildning
524 2240 52 34 till
599 2239 209 42 receptarier
832 2241 63 30 180
919 2235 214 35 studerande
1156 2235 130 41 årligen
1308 2254 46 4 —
1376 2238 77 28 mot
1474 2233 54 33 för
1550 2235 78 30 när-

137 2287 156 34 varande
321 2290 64 29 120
410 2306 47 4 —
481 2285 111 33 under
618 2283 162 41 omkring
806 2282 70 33 fem
904 2281 49 33 år.
978 2276 649 43 Farmaceututbildningskommittén

139 2332 64 33 har
221 2332 54 32 för
293 2331 52 33 sin
365 2330 55 34 del
439 2328 158 34 förordat
616 2332 56 29 att
690 2326 227 42 intagningen
937 2325 60 33 vid
1016 2324 182 33 institutet
1217 2322 78 33 från
1314 2321 66 34 och
1399 2321 81 33 med
1498 2320 130 34 läsåret

141 2375 156 42 1958/59
314 2374 55 33 får
384 2374 68 33 den
468 2373 10 34 i
495 2371 232 41 utredningen
745 2370 162 42 åsyftade
923 2367 262 42 omfattningen
1202 2366 66 34 och
1284 2370 56 29 att
1357 2366 69 33 den
1441 2364 186 34 förordade

140 2419 113 34 ökade
268 2417 229 43 intagningen
513 2428 176 31 upprepas
705 2415 111 34 under
832 2414 85 33 flera
934 2413 38 33 år
988 2412 143 33 framåt.

184 2464 68 41 Jag
269 2463 59 33 vill
345 2462 53 34 till
416 2474 42 21 en
476 2460 124 42 början
618 2459 114 34 erinra
749 2471 57 21 om
825 2463 54 28 att
896 2453 633 43 farmaceututbildningskommittén
1547 2452 80 34 med

140 2507 236 42 föreliggande
400 2506 129 41 förslag
550 2517 59 21 om
631 2503 213 43 provisorisk
867 2501 174 41 utökning
1064 2512 45 21 av
1133 2498 275 35 farmacevtiska
1431 2497 197 34 institutets
