2283 2772
614 209 213 41 Bevillnings-
836 208 162 33 Utskottets
1022 210 211 31 Betänkande
1256 209 63 31 N:o
1344 212 27 29 6.
1704 212 38 30 41

185 288 95 49 pund
308 290 146 47 sterling
482 289 63 37 och
586 289 102 48 utgår
726 290 76 36 med
831 303 43 23 en
902 302 116 37 penny
1048 291 175 47 (omkring
1254 289 72 50 7!/,
1355 295 58 32 öre
1443 290 116 49 Runt),
1587 291 64 36 har
1678 292 112 36 under

186 342 160 35 sednaste
387 343 83 35 åren
510 343 113 36 denna
664 343 221 48 pennyafgift
925 344 20 34 å
986 344 151 47 qvittens
1172 343 63 36 och
1278 344 140 36 dermed
1458 344 71 35 lika
1572 344 217 37 behandlade

185 406 20 23 a
233 394 88 35 vista
350 395 228 47 anvisningar
618 395 179 47 inbringat
837 408 43 23 en
908 408 133 24 summa
1069 396 38 35 af
1130 400 163 33 närmare
1323 398 161 45 600,000
1512 397 96 48 pund
1636 397 153 49 sterling,

184 446 243 36 motsvarande
466 449 196 46 7,200,000
691 446 85 37 R:dr
803 448 103 35 R:mt.

286 498 56 36 Då
370 499 57 36 det
454 499 259 47 otvifvelaktigt
740 500 90 36 skall
857 500 78 36 leda
962 500 50 35 till
1041 504 69 32 stor
1138 500 136 37 lättnad
1302 500 61 35 vid
1383 499 408 50 stämpelbeläggningen

184 549 36 35 af
246 550 101 35 dessa
374 551 103 35 bland
506 552 70 34 alla
605 552 301 35 samhällsklasser
933 552 282 35 förekommande
1242 552 212 47 handlingar
1482 556 49 31 att
1559 552 144 47 afgiften
1731 553 58 35 be-

183 605 162 33 stämmes
384 602 72 36 lika
497 602 52 37 för
588 604 69 36 alla
693 604 159 48 qvittens,
895 603 226 48 hvarigenom
1162 603 149 49 tillgång
1347 603 45 49 på
1431 604 88 36 blott
1560 608 48 31 ett
1649 603 76 48 slag
1754 604 38 36 af

184 654 294 48 stämpelmärken
505 656 184 48 erfordras,
718 656 63 36 har
809 656 179 36 Utskottet
1015 656 91 36 velat
1133 656 176 48 tillstyrka
1337 669 44 23 en
1408 656 106 37 sådan
1530 656 68 36 fast
1626 657 162 48 stämpel-

186 706 101 47 afgift
313 706 51 36 för
391 707 213 48 handlingar
633 709 38 35 af
695 708 228 36 omförmälda
960 708 248 48 beskaffenhet,
1237 708 87 36 dock
1353 709 75 35 icke
1456 712 50 32 att
1534 708 175 49 tillämpas
1737 709 53 36 till

185 770 132 24 samma
345 759 243 49 utsträckning
629 773 73 23 som
742 761 11 35 i
792 760 173 47 England,
1008 761 60 35 der
1109 773 80 23 man
1230 761 137 36 nedsatt
1395 760 126 36 minsta
1550 760 160 49 beloppet
1737 761 52 36 för

186 811 250 47 stämpelafgift
464 812 256 37 underkastade
748 813 211 46 handlingar
987 812 78 36 från
1094 816 19 33 5
1143 813 92 36 ända
1262 813 51 35 till
1344 815 19 34 2
1393 813 95 48 pund
1516 813 155 47 sterling.
1726 813 64 36 Att

184 862 52 36 för
263 862 212 48 handlingar
502 864 44 47 på
574 865 37 35 så
638 865 73 47 lågt
751 865 122 48 belopp
915 877 74 23 som
1030 866 57 35 det
1127 865 227 46 sistnämnda,
1383 865 83 35 eller
1496 867 44 34 36
1572 864 84 36 R:dr
1685 864 103 49 R:mt,

184 914 63 35 hos
279 926 54 23 oss
360 915 112 36 införa
501 917 349 48 stämpelskyldighet
878 917 63 35 har
969 916 180 37 Utskottet
1176 918 38 35 af
1237 917 84 35 flera
1349 917 76 36 skäl
1449 920 112 33 ansett
1581 917 210 49 betänkligt;

184 965 162 38 hvarföre
376 966 178 39 Utskottet
580 969 11 35 i
619 969 92 36 detta
751 969 198 36 hänseende
989 973 84 32 trott
1101 969 52 48 sig
1190 969 84 36 böra
1302 969 167 37 vidblifva
1496 969 67 36 den
1591 969 197 49 grundsats,

185 1030 73 24 som
286 1019 69 35 kan
384 1023 102 44 sägas
514 1021 172 48 genomgå
726 1022 61 35 vår
814 1022 161 47 gällande
1003 1022 363 48 stämpelförfattning,
1395 1022 176 47 nemligen
1600 1026 51 31 att
1678 1022 111 36 hand-

187 1070 113 47 lingar
329 1071 151 47 lydande
507 1073 21 35 å
555 1073 133 36 mindre
717 1074 124 47 belopp
882 1078 45 30 än
960 1076 68 35 100
1066 1073 86 36 RB:dr
1179 1074 78 35 från
1285 1074 100 47 eljest
1413 1074 147 47 stadgad
1587 1075 201 47 stämpelaf-

184 1122 64 46 gift
274 1122 12 35 i
313 1123 193 36 allmänhet
544 1125 153 48 fritagas.
752 1125 192 36 Hvaremot
977 1125 178 36 Utskottet
1190 1126 52 35 för
1276 1126 151 48 qvittens
1467 1126 20 35 å
1527 1126 94 36 detta
1663 1126 125 49 belopp

188 1174 84 35 eller
300 1174 159 36 deröfver
488 1176 115 36 funnit
630 1177 54 47 sig
711 1178 85 35 böra
823 1178 174 47 tillstyrka
1024 1177 248 49 stämpelafgift
1299 1178 38 35 af
1363 1179 45 34 10
1437 1182 68 32 öre.

313 1226 81 36 Med
422 1227 161 37 afseende
624 1229 83 36 derå
747 1233 51 32 att
838 1229 82 36 flera
947 1230 148 48 qvittens
1137 1230 120 35 kunna
1296 1242 85 23 vara
1424 1230 133 35 skrifna
1584 1230 45 48 på
1657 1243 131 23 samma

183 1277 172 49 handling
383 1279 178 37 äfvensom
590 1284 48 33 ett
666 1281 151 48 qvittens
844 1281 169 36 innefatta
1053 1281 224 37 erkännande
1315 1282 38 35 af
1376 1282 84 35 flera
1489 1282 213 36 verkställda
1729 1283 58 36 be-

186 1330 186 45 talningar,
399 1330 65 37 har
493 1332 179 37 Utskottet
700 1337 84 32 trott
799 1334 67 35 den
893 1334 240 36 bestämmelse
1165 1334 52 35 för
1246 1334 128 36 sådana
1401 1334 61 35 fall
1489 1335 84 35 böra
1601 1335 186 47 meddelas,

185 1385 52 32 att
265 1382 120 48 dylika
425 1384 149 47 qvittens
614 1385 98 36 skola
753 1386 164 47 beläggas
964 1387 76 35 med
1074 1386 146 48 stämpel
1249 1386 51 35 till
1328 1386 135 48 belopp,
1492 1399 72 23 som
1592 1390 195 32 motsvarar

185 1433 66 36 den
281 1435 168 46 stadgade
478 1437 305 48 stämpelafgiften,
812 1439 178 35 beräknad
1018 1439 52 35 för
1097 1438 121 48 hvarje
1247 1437 148 37 särskild
1424 1439 188 47 betalning,
1642 1451 72 24 som
1742 1439 45 49 på

185 1485 123 36 sidant
336 1490 69 32 sätt
432 1489 182 35 erkännes.

312 1538 19 35 I
358 1539 156 48 enlighet
543 1542 75 35 med
648 1541 57 36 det
732 1554 47 23 nu
807 1541 146 36 anförda
971 1542 54 35 får
1052 1542 180 38 Utskottet
1258 1544 197 47 hemställa,

384 1596 52 31 att
463 1593 12 35 i
503 1593 113 35 denna
644 1594 169 48 paragraf
836 1594 57 35 må
920 1593 129 37 införas
1077 1595 153 47 följande
1259 1597 209 47 stadgande:

435 1643 156 46 Quvittens
633 1646 20 35 å
693 1651 176 42 mottagen
912 1646 180 48 betalning
1133 1647 10 35 i
1185 1649 196 47 penningar
1423 1649 38 35 af
1494 1651 70 34 100
1593 1648 84 37 R:dr
1705 1649 83 36 eller

383 1697 169 44 deröfver,
580 1697 110 36 under
730 1698 142 35 hvilken
901 1698 87 35 form
1017 1699 124 36 sådant
1168 1700 150 48 qvittens
1346 1704 44 32 än
1419 1704 37 32 är
1483 1701 188 47 utfärdadt,
1700 1701 88 36 skall

382 1748 167 47 beläggas
578 1750 75 35 med
687 1752 44 34 10
760 1755 67 31 öre.
856 1749 133 37 Finnas
1015 1750 84 36 flera
1119 1751 120 49 dylika
1258 1753 151 47 qvittens
1441 1753 132 36 skrifna
1602 1753 21 35 å
1657 1765 131 24 samma

382 1799 170 47 handling
581 1801 82 36 eller
698 1802 193 36 innehåller
932 1806 48 32 ett
1016 1803 150 47 qvittens
1193 1804 224 36 erkännande
1446 1805 38 35 af
1506 1805 84 36 flera
1617 1805 170 36 betalnin-

383 1864 74 35 gar,
486 1853 117 35 hvilka
647 1853 87 36 hvar
774 1854 53 35 för
869 1854 52 47 sig
961 1855 148 48 uppgått
1148 1855 53 36 till
1242 1859 67 33 100
1339 1856 85 36 R:dr
1452 1857 84 36 eller
1565 1870 104 35 mera,
1697 1857 90 36 skall

382 1905 108 35 sådan
517 1905 173 48 handling
730 1906 167 48 beläggas
939 1908 77 35 med
1057 1908 145 48 stämpel
1243 1908 51 37 för
1332 1909 121 48 hvarje
1482 1909 145 37 sålunda
1655 1909 132 37 erkänd

387 1956 187 49 betalning.

318 2059 46 36 Så
392 2060 104 36 framt
523 2061 90 36 hvad
643 2062 64 36 här
735 2062 104 36 ofvan
866 2063 147 36 rörande
1040 2064 115 35 denna
1182 2066 168 47 paragraf
1374 2066 114 35 blifvit
1507 2066 186 48 föreslaget
1711 2066 75 36 vin-

184 2122 62 24 ner
274 2109 223 51 Riksdagens
524 2113 108 48 bifall,
662 2114 113 36 skulle
802 2114 152 48 följande
982 2115 245 49 förändringar
1254 2117 11 35 i
1293 2118 211 48 paragrafen
1531 2118 11 36 i
1571 2118 106 48 öfrigt
1703 2119 86 37 böra

194 2174 66 35 ega
288 2176 87 34 rum,
403 2165 191 47 nemligen:

313 2219 48 42 a)
388 2220 49 32 att
463 2217 168 36 rubriken
659 2217 270 49 Åssignationer
958 2241 44 4 —
1034 2241 47 4 —
1109 2243 49 5 —

312 2267 46 46 b)
385 2271 50 33 att
462 2269 110 36 under
599 2268 250 38 Primavexlar
877 2293 49 5 —
957 2294 46 4 —
1030 2294 50 4 —

313 2321 33 44 c)
375 2323 49 33 att
452 2321 10 35 i
491 2321 113 36 stället
631 2322 52 35 för
711 2323 58 35 det
795 2323 59 36 vid
869 2323 164 37 rubriken
1059 2323 320 54 Sjöassuransbref
1393 2326 282 37 förekommande
1694 2328 93 36 stad-

186 2371 114 46 gande
329 2371 210 50 hänvisning
567 2373 177 37 lemnades
772 2375 53 35 till
853 2374 328 54 Försäkringsbref.

269 2428 74 33 Bih.
370 2430 47 32 till
440 2431 108 33 RBiksd.
572 2431 84 34 Prot.
680 2435 93 30 1871.
820 2434 17 31 5
861 2434 94 33 Saml.
1003 2437 17 29 1
1044 2435 75 41 Afd.
1166 2438 20 29 6
1208 2436 89 41 Häft.
1726 2440 18 31 6
