2184 2622
384 213 42 30 20
901 216 252 29 Bankoutskottets
1178 217 150 28 memorial
1352 217 45 28 Nr
1422 216 51 29 91.

1135 296 23 46 &
1188 296 63 36 32.

491 376 84 35 Alla
599 378 46 45 på
678 376 210 47 riksdagens
922 376 121 35 beslut
1060 376 188 47 grundade
1267 376 153 47 utgifter
1440 376 57 35 för
1516 375 361 47 riksdagskostnader
1897 376 107 35 skola

381 429 225 35 omedelbart
644 429 82 35 från
768 429 349 47 riksgäldskontoret
1158 430 58 34 till
1248 429 268 36 vederbörande
1550 429 191 43 utbetalas,
1771 430 227 35 varförutom

381 482 134 35 sådana
556 495 45 23 av
640 483 147 47 riksdag
828 483 212 35 föranledda
1073 483 165 47 utgifter,
1274 495 78 23 som
1381 484 12 34 i
1421 482 179 36 anseende
1629 483 59 35 till
1716 482 102 36 deras
1846 482 154 36 föremål

381 536 88 35 eller
497 536 250 35 beskaffenhet
774 536 74 35 dels
885 536 111 35 redan
1025 537 118 45 blivit,
1175 536 76 36 dels
1279 536 193 36 framdeles
1499 536 111 35 varda
1642 549 44 22 av
1715 536 142 48 Kungl.
1888 536 112 47 Maj:t

381 589 196 47 godkända
605 590 69 35 och
698 591 21 33 å
739 590 262 35 statskontoret
1017 590 231 35 förskottsvis
1268 590 180 44 anvisade,
1467 592 72 42 må,
1556 590 93 34 efter
1669 589 162 35 erhållna
1849 589 149 36 rekvisi-

381 643 121 35 tioner
530 643 68 35 och
627 643 157 35 anställd
809 643 226 48 granskning
1063 656 44 22 av
1140 643 122 35 därför
1286 642 211 37 avlämnade
1517 642 481 48 verifikationshandlingar,

381 696 263 36 statskontoret
672 709 45 23 av
745 697 349 47 riksgäldskontoret
1122 699 197 45 gottgöras.

489 750 72 36 För
589 750 129 35 sådant
746 750 166 35 ändamål
941 753 61 32 äro
1030 751 13 33 1
1070 751 196 35 riksstaten
1294 751 57 34 för
1368 752 38 33 år
1426 751 114 43 1921,
1562 750 115 35 under
1696 763 168 35 gruppen
1890 750 110 34 >riks-

380 802 103 48 dags-
526 804 68 35 och
635 804 372 35 revisionskostnader
1035 817 46 21 m.
1113 817 84 30 m.>,
1228 804 181 48 uppförda
1437 803 162 48 följande
1628 803 136 47 anslag,
1795 802 201 48 nämligen:

491 890 36 39 1.
586 892 71 35 Till
688 893 176 44 riksdags-
893 893 62 35 och
982 894 360 34 revisionskostnader
1370 888 92 40 samt
1490 893 188 35 kostnader
1699 891 65 44 för
1791 893 209 43 riksdagens

380 945 78 44 hus,
489 945 291 48 förslagsanslag,
811 946 212 44 3,700,000
1053 946 143 35 kronor.

491 1008 95 35 Från
615 1008 101 35 detta
744 1008 125 48 anslag
897 1009 102 35 skola
1027 1011 89 45 utgå

491 1071 33 45 a)
553 1070 199 35 ledamöter
780 1082 44 23 av
842 1070 194 48 riksdagen
1056 1070 279 36 tillkommande
1354 1071 272 35 traktamenten
1647 1070 67 35 och
1735 1070 265 35 resekostnads-

380 1123 254 47 ersättningar,
681 1136 172 35 expenser
881 1124 58 34 för
968 1124 202 44 utskotten,
1200 1124 160 35 arvoden
1383 1126 39 33 åt
1449 1124 214 47 riksdagens
1693 1124 68 34 och
1790 1123 208 36 utskottens

379 1177 218 35 sekreterare
626 1177 69 34 och
718 1177 296 47 kanslipersonal,
1044 1177 411 48 tryckningskostnader
1484 1178 67 34 och
1582 1177 124 47 dylika
1734 1177 165 46 utgifter,
1921 1189 78 23 som

380 1230 135 35 hittills
554 1230 126 48 plägat
712 1231 82 34 från
836 1230 101 35 detta
977 1230 124 47 anslag
1138 1230 187 41 bestridas,
1355 1234 173 32 ävensom
1556 1230 43 35 de
1628 1230 369 48 ersättningsbelopp,

380 1296 79 23 som
497 1283 147 47 jämlikt
687 1284 250 35 bestämmelse
967 1285 12 34 i
1008 1284 22 46 8
1062 1285 48 35 79
1145 1284 66 35 här
1238 1285 118 34 nedan
1385 1284 126 35 kunna
1539 1284 147 35 komma
1714 1285 55 33 att
1797 1283 62 35 vid
1887 1284 112 34 skada

379 1337 61 35 till
468 1337 95 48 följd
591 1350 45 22 av
664 1337 191 48 olycksfall
881 1338 14 34 i
923 1338 122 35 arbete
1074 1338 179 35 utbetalas
1281 1338 58 34 till
1367 1338 70 35 den
1465 1338 178 47 personal,
1674 1349 77 23 som
1781 1340 38 31 är
1842 1337 157 35 anställd

380 1390 62 35 vid
485 1391 85 34 eller
609 1391 101 34 utför
751 1391 120 35 arbete
914 1391 57 35 för
1003 1391 204 48 riksdagen,
1243 1391 79 35 dess
1354 1391 145 35 utskott
1532 1392 68 34 och
1629 1390 247 47 delegationer
1904 1392 95 33 samt

379 1444 387 48 tryckeriexpedition;

490 1506 30 46 db)
550 1506 44 35 de
635 1506 270 35 traktamenten
936 1507 68 34 och
1032 1507 508 47 resekostnadsersättningar,
1571 1519 76 23 som
1673 1506 206 35 tillkomma
1908 1506 89 35 riks-

379 1560 137 47 dagens
543 1560 186 45 revisorer,
760 1563 169 32 ävensom
954 1560 243 35 kostnaderna
1212 1560 58 35 för
1288 1560 210 48 tryckning,
1520 1560 173 47 häftning
1715 1560 67 34 och
1802 1559 197 48 utdelning

378 1625 45 23 av
452 1613 240 35 revisorernas
722 1613 207 35 berättelser
959 1614 68 35 och
1055 1613 43 35 de
1127 1613 256 48 förklaringar,
1414 1626 78 23 som
1513 1614 12 34 i
1545 1613 199 48 anledning
1759 1613 109 35 därav
1886 1613 112 35 varda

377 1667 173 46 avgivna;
581 1666 140 47 ägande
750 1667 222 35 revisorerna
1000 1669 54 33 att
1083 1670 102 32 utom
1210 1667 44 35 de
1283 1680 44 22 av
1356 1668 82 34 dem
1469 1667 205 36 fastställda
1702 1667 159 35 arvoden
1875 1666 57 35 till
1952 1666 47 35 de

377 1721 68 34 hos
474 1719 82 35 dem
584 1720 179 35 anställda
792 1720 217 35 sekreterare
1038 1722 93 33 samt
1159 1720 173 36 kameral-
1362 1721 68 35 och
1459 1720 286 48 kanslipersonal
1761 1721 114 46 jämte
1895 1720 102 34 vakt-

377 1773 193 48 betjäning
611 1773 60 35 till
711 1773 180 47 utgående
934 1774 83 35 från
1061 1773 100 36 detta
1195 1775 125 46 anslag
1343 1775 125 34 anvisa
1497 1775 204 46 ersättning
1729 1774 57 34 för
1810 1773 113 47 inköp
1952 1786 45 22 av

376 1839 150 36 papper,
556 1826 317 36 skrivmaterialier
901 1828 69 34 och
1000 1827 111 35 andra
1139 1827 124 49 dylika
1292 1828 166 46 utgifter,
1488 1828 57 35 för
1573 1839 180 24 annonser
1782 1840 58 22 om
1865 1827 133 35 reviso-

376 1892 125 23 rernas
529 1880 291 35 sammanträden
849 1883 94 33 samt
971 1880 57 35 för
1057 1880 43 35 de
1129 1881 206 44 kostnader,
1366 1893 78 24 som
1464 1880 125 36 kunna
1608 1880 203 36 föranledas
1831 1893 44 22 av
1895 1880 102 35 verk-

376 1933 132 35 ställda
535 1946 113 32 resor;

486 2000 28 39 c)
543 1996 254 45 kostnaderna,
833 1996 147 47 jämlikt
1029 1997 98 36 1918
1172 1998 57 34 års
1272 1996 151 47 lagtima
1464 1997 165 46 riksdags
1658 1997 130 43 beslut,
1818 1996 58 34 för
1899 1996 95 46 utgi-

375 2049 119 35 vande
535 2062 134 35 genom
706 2050 251 47 fullmäktiges
995 2050 12 33 i
1049 2050 352 47 riksgäldskontoret
1429 2050 142 48 försorg
1600 2062 44 22 av
1673 2062 45 23 en
1747 2048 248 49 uppslagsbok

376 2106 87 31 över
490 2102 213 48 riksdagens
732 2103 243 43 verksambet;

484 2165 35 46 d)
548 2165 254 44 kostnaderna,
843 2166 117 46 enligt
1002 2165 98 34 1912
1140 2168 57 33 års
1235 2166 164 46 riksdags
1437 2166 130 43 beslut,
1607 2166 57 35 för
1702 2164 218 49 utgivandet
1948 2166 47 45 på

374 2218 154 35 svenska
561 2219 147 47 språket
736 2231 131 35 genom
896 2218 227 48 fackkunnig
1151 2231 131 36 person
1310 2220 13 34 i
1352 2232 45 21 en
1426 2220 160 48 upplaga
1614 2221 21 33 å
1665 2219 117 44 2,000
1812 2217 184 47 exemplar

374 2284 45 22 av
459 2283 45 23 en
542 2272 155 47 samling
734 2272 233 48 grundlagar,
999 2271 158 48 vallagar
1186 2273 69 35 och
1284 2272 322 49 parlamentariska
1634 2271 319 46 arbetsordningar
1983 2271 13 35 i
