2164 2690
403 160 39 33 10
809 158 347 34 Jordbruksutskottets
1185 157 168 33 Utlåtande
1376 158 53 32 Nr
1452 158 50 32 7A

358 241 343 51 vårdsstyrelserna
728 241 106 39 torde
861 254 93 24 vara
980 239 13 39 i
1019 239 119 39 behof
1162 240 40 37 af
1227 239 120 38 ökade
1377 239 120 38 medel
1526 238 57 38 till
1612 238 59 37 sin
1699 235 252 52 verksamhet,

358 309 112 38 synes
499 295 64 37 det
590 294 184 38 utskottet
801 299 163 33 tvärtom
992 294 109 49 ligga
1128 298 92 32 nära
1247 293 57 37 till
1332 293 121 37 hands
1487 298 54 32 att
1575 292 56 37 för
1651 292 300 49 tillgodoseende

359 350 41 37 af
424 349 165 37 nämnda
617 347 117 39 behof
758 348 178 50 begagna
963 346 61 51 sig
1053 347 40 37 af
1118 347 71 37 den
1218 346 146 50 ökning
1392 347 41 36 af
1453 344 394 52 skogsvårdsmedlen,
1869 358 82 24 som

358 402 87 37 med
472 401 260 38 bibehållande
760 401 42 37 af
826 400 455 50 skogsvårdsafgifternas
1310 399 219 38 nuvarande
1557 399 137 50 belopp
1715 398 121 37 skulle
1856 412 96 36 upp-

358 456 152 37 komma
538 455 63 37 vid
630 460 53 32 ett
711 454 215 49 antagande
956 453 39 37 af
1020 453 141 49 Kungl.
1191 452 127 50 Maj:ts
1347 452 145 50 förslag
1520 452 12 37 i
1560 451 127 49 öfrigt.
1742 451 58 37 Då
1825 451 127 37 härtill

357 509 182 47 kommer,
570 512 53 33 att
650 512 201 33 trämasse-
881 507 70 38 och
979 505 416 51 pappersindustrierna
1423 506 62 36 väl
1513 505 107 37 torde
1648 504 128 37 kunna
1794 504 91 37 bära
1906 504 45 37 de

357 561 218 37 nuvarande
604 560 213 51 afgifterna,
847 560 120 37 finner
991 559 181 37 utskottet
1201 559 60 49 sig
1289 558 92 37 böra
1408 558 147 38 biträda
1583 557 202 38 motionen.

487 613 129 39 Under
657 613 239 50 åberopande
938 613 42 36 af
1017 611 100 37 hvad
1146 612 156 37 sålunda
1330 611 143 38 anförts
1503 611 69 37 och
1601 611 47 37 då
1675 611 186 36 utskottet
1889 610 63 38 be-

359 667 184 38 träffande
584 667 62 38 det
679 666 265 50 föreliggande
972 665 435 49 författningsförslaget
1434 665 12 36 i
1475 664 118 50 öfrigt
1620 664 83 37 icke
1731 664 126 37 funnit
1886 672 64 28 an-

358 720 158 48 ledning
543 719 57 37 till
628 720 151 36 erinran
808 719 57 36 får
892 718 186 37 utskottet
1105 718 210 47 hemställa,

888 829 54 32 att
991 822 229 50 Riksdagen,
1261 823 13 36 i
1316 821 206 50 anledning
1565 820 40 38 af
1642 820 141 51 Kungl.
1824 820 127 51 Maj:ts

755 875 291 52 ifrågavarande
1081 874 235 52 proposition
1358 874 72 37 och
1457 874 87 37 herr
1574 873 174 38 Schottes
1780 873 13 37 i
1825 879 127 32 ämnet

755 930 136 38 väckta
919 929 156 48 motion,
1105 931 61 34 må
1194 927 58 37 för
1280 927 58 37 sin
1367 927 59 37 del
1455 931 140 45 antaga
1624 926 164 50 följande

731 1071 226 41 Förordning
980 1069 181 43 angående
1186 1067 378 43 skogsvårdsafgifter.

539 1171 133 43 (Kungl.
701 1171 113 41 Maj:ts
835 1169 145 43 förslag.)

1378 1166 187 38 (Utskottets
1586 1166 147 42 förslag.)

487 1253 87 36 Med
601 1250 273 49 upphäfvande
904 1249 39 37 af
967 1249 141 47 nådiga
1136 1247 276 48 förordningen
1440 1248 74 35 den
1544 1249 48 33 24
1615 1246 75 47 juli
1720 1249 96 33 1903
1838 1248 115 44 angå-

358 1305 95 36 ende
501 1303 387 49 skogsvårdsafgifter
932 1302 88 37 med
1062 1300 129 36 däruti
1219 1301 215 35 sedermera
1462 1299 136 47 gjorda
1628 1299 219 47 ändringar,
1877 1297 75 37 för-

359 1358 138 37 ordnas
524 1357 225 48 härigenom
778 1368 80 24 som
886 1354 125 47 följer:

1115 1474 20 50 &
1168 1477 31 33 1.

461 1570 75 34 För
554 1570 187 42 trävaror,
771 1578 82 24 som
880 1565 85 36 från
997 1564 131 36 landet

357 1621 158 46 utföras,
567 1621 100 35 samt
706 1619 60 36 för
807 1620 197 43 trämassa,
1048 1628 81 24 som

357 1675 71 35 här
467 1674 14 35 i
521 1673 133 36 landet
699 1671 210 45 tillverkas,
959 1670 172 46 erlägges

358 1729 123 34 såsom
520 1723 344 49 skogsvårdsafgift
898 1723 61 36 för
998 1722 129 45 rundt,

358 1779 222 47 tillhugget,
599 1777 136 47 sågadt
751 1776 91 36 eller
852 1775 148 47 hyfladt
1010 1775 120 44 virke,

358 1832 143 36 stäfver
539 1830 72 37 och
642 1829 204 36 lådbräder
881 1828 56 36 tio
976 1832 64 31 öre
1072 1827 60 35 för

358 1883 133 48 hvarje
532 1882 248 37 kubikmeter
820 1880 76 37 fast
931 1882 111 43 mått,
1070 1879 60 36 för

358 1936 138 48 splitt-,
527 1935 120 36 famn-
676 1934 91 36 eller
790 1933 162 36 kastved
970 1932 76 36 fem
1066 1936 64 31 öre

358 1989 60 36 för
457 1987 134 47 hvarje
631 1987 248 36 kubikmeter
914 1985 76 36 fast
1017 1986 111 43 mått,

357 2042 60 36 för
434 2040 172 37 kemiskt
625 2038 207 37 tillverkad
847 2041 83 33 torr
944 2040 186 33 trämassa

358 2093 189 47 trettiofem
584 2096 64 32 öre
689 2091 59 36 för
775 2090 132 48 hvarje
935 2093 69 33 ton
1032 2091 100 34 samt

358 2146 60 37 för
457 2145 221 36 mekaniskt
704 2143 210 37 tillverkad
941 2145 84 33 torr
1051 2145 78 33 trä-

358 2211 124 24 massa
510 2197 171 49 ljugufem
709 2201 64 31 öre
801 2196 60 36 för
887 2194 134 48 hvarje
1048 2196 80 34 ton.

359 2253 75 34 För
460 2253 68 34 våt
556 2253 186 33 trämassa
760 2248 190 36 beräknas
970 2247 162 47 afgiften

358 2304 63 36 till
448 2302 149 38 hälften
625 2301 42 38 af
689 2314 87 35 nyss
801 2300 156 48 angifna
975 2299 152 48 belopp.

1285 1563 74 35 För
1385 1565 188 43 trävaror,
1603 1573 81 25 som
1712 1561 85 36 från
1824 1561 131 35 landet

1183 1615 159 46 utföras,
1389 1617 99 33 samt
1532 1614 60 36 för
1632 1616 198 44 trämassa,
1873 1625 82 25 som

1183 1668 72 36 här
1294 1668 14 35 i
1348 1668 132 36 landet
1524 1666 212 47 tillverkas,
1784 1667 171 47 erlägges

1185 1723 123 34 såsom
1349 1719 346 48 skogsvårdsafgift
1734 1719 60 36 för
1825 1719 129 45 rundt,

1185 1773 223 47 tillhugget,
1425 1773 137 46 sågadt
1573 1772 93 36 eller
1675 1771 148 48 hyfladt
1833 1771 121 45 virke,

1186 1826 143 36 stäfver
1370 1825 72 37 och
1478 1825 206 36 lådbräder
1719 1824 55 36 tio
1804 1828 64 32 öre
1897 1824 60 35 för

1183 1877 135 48 hvarje
1358 1877 250 37 kubikmeter
1649 1875 75 38 fast
1756 1879 111 43 mått,
1896 1876 61 36 för

1183 1931 140 47 splitt-,
1352 1930 123 36 famn-
1504 1930 93 35 eller
1614 1930 162 35 kastved
1795 1928 74 37 fem
1891 1933 65 31 öre

1183 1983 60 36 för
1283 1982 132 47 hvarje
1450 1982 250 36 kubikmeter
1735 1981 75 36 fast
1843 1983 112 44 mått,

1183 2036 59 36 för
1261 2035 170 36 kemiskt
1450 2034 208 37 tillverkad
1672 2036 84 34 torr
1769 2036 188 33 trämassa

1183 2088 122 47 femtio
1352 2092 63 32 öre
1460 2087 61 36 för
1565 2086 133 47 hvarje
1743 2089 69 34 ton
1858 2088 100 34 samt

1183 2141 60 35 för
1283 2139 222 38 mekaniskt
1531 2139 208 37 tillverkad
1766 2141 84 34 torr
1878 2140 79 34 trä-

1184 2205 124 24 massa
1349 2193 117 35 trettio
1509 2196 63 31 öre
1614 2191 60 36 för
1713 2191 134 46 hvarje
1875 2193 81 34 ton.

1185 2247 76 35 För
1288 2248 67 33 våt
1378 2247 188 34 trämassa
1584 2243 191 37 beräknas
1795 2243 162 48 afgiften

1183 2298 62 37 till
1272 2297 148 37 hälften
1448 2297 41 37 af
1512 2309 86 36 nyss
1626 2296 157 48 angifna
1801 2296 154 48 belopp.
