2191 2683
199 1728 126 31 Departe-

173 1763 182 24 mentschefen.

368 204 18 30 6
822 206 356 34 Jordbruksutskottets
1201 208 170 32 utlåtande
1394 209 53 32 Nr
1471 210 50 31 76.

369 282 62 31 nad
454 281 51 33 vid
527 282 60 32 den
611 282 165 33 botaniska
802 284 233 40 institutionen,
1070 284 66 33 dels
1170 287 47 31 ett
1249 286 123 33 afbrott
1404 287 11 32 i
1447 287 264 43 sammanhanget
1733 288 118 34 mellan
1873 289 19 33 å
1915 301 60 22 ena

368 325 90 31 sidan
480 325 37 32 de
540 326 95 38 olika,
648 326 50 32 för
720 327 228 43 undervisning
973 329 10 30 i
1017 329 131 31 botanik
1180 330 127 32 afsedda
1340 331 471 40 universitetsinstitutionerna,
1835 332 18 32 å
1874 334 101 32 andra

367 368 89 32 sidan
469 370 185 31 -eventuellt
684 369 118 33 mellan
835 370 85 33 olika
953 371 87 32 delar
1073 372 35 31 af
1138 371 165 34 botaniska
1328 374 208 42 trädgårdens
1558 375 137 39 område,
1719 374 109 33 hvilka
1849 376 126 33 afbrott

366 411 86 32 såväl
475 412 71 32 från
569 412 60 32 den
653 412 165 33 botaniska
840 414 285 42 undervisningens
1146 416 164 42 synpunkt
1332 427 64 22 som
1420 417 11 32 i
1452 417 58 32 och
1537 417 48 32 för
1600 417 137 33 skötseln
1753 418 35 32 af
1807 419 167 33 botaniska

367 454 194 42 trädgården
583 455 101 32 skulle
706 456 143 32 medföra
871 459 85 30 stora
978 457 214 43 olägenheter.
1768 478 2 2 |

471 497 142 42 Uppsala
634 499 11 31 i
664 499 71 41 juni
758 500 90 33 1910.

570 559 33 32 0.
626 559 85 33 Juel.
1007 561 107 43 Bengt
1134 562 158 42 Lidforss.
1472 564 127 43 Rutger
1621 564 217 34 Sernander.>

466 647 137 48 Kungl.
630 648 120 48 Maj:ts
778 648 411 49 befallningshafvande
1215 652 70 36 har
1311 651 138 38 anfört:

471 704 204 33 Beträffande
699 706 293 33 drätselnämndens
1015 708 180 42 ansökning
1217 708 80 32 hade
1324 709 375 42 befallningsbafvanden
1719 729 42 4 —
1786 711 101 32 under
1909 712 65 32 för-

366 747 183 41 utsättning
571 750 48 29 att
642 748 132 42 lämplig
796 750 84 40 plats
902 749 48 32 för
971 751 11 30 i
1004 750 220 39 ansökningen
1247 751 133 42 angifna
1403 752 148 31 ändamål
1572 753 69 30 icke
1664 752 114 33 funnes
1801 754 18 30 å
1846 754 128 31 univer-

365 789 110 32 sitetet
496 790 99 32 redan
627 790 145 42 tillhörig
805 792 89 32 mark
928 792 56 32 och
1017 795 48 30 att
1098 794 33 31 åt
1164 793 139 42 Uppsala
1325 793 69 33 läns
1421 794 360 44 hushållningssällskap
1804 796 107 33 kunde
1933 798 42 41 på

365 835 100 29 annat
486 832 67 32 håll
575 834 146 41 upplåtas
743 834 133 42 lämplig
899 835 92 32 mark
1023 835 51 32 till
1108 837 181 40 ersättning
1321 836 49 32 för
1404 837 53 32 det
1490 838 135 39 område,
1656 849 65 21 som
1744 839 10 31 i
1766 838 92 43 följd
1881 840 35 31 af
1935 851 39 21 en

366 875 191 41 psykiatrisk
579 876 119 32 kliniks
720 877 198 41 uppförande
941 879 17 30 å
982 878 53 32 det
1057 890 22 21 s.
1102 879 31 31 k.
1156 879 317 33 Blåsenhusområdet
1488 881 18 31 å
1522 880 220 43 kronoparken
1757 881 86 32 Åsen
1867 882 107 32 kunde

365 918 127 32 komma
515 920 49 30 att
584 919 117 42 frångå
725 919 173 33 detsamma
919 940 41 4 —
982 921 69 32 icke
1074 922 99 42 något
1195 924 101 30 annat
1318 924 48 30 att
1389 923 110 32 därvid
1521 923 114 41 erinra,
1659 926 40 30 än
1721 926 50 30 att
1793 924 53 33 det
1868 925 51 32 för
1934 936 40 21 en

365 961 234 41 växtbiologisk
620 962 182 32 institution
825 964 130 31 afsedda
978 965 144 31 området
1144 964 83 33 helst
1250 965 95 32 borde
1368 965 110 43 läggas
1500 966 11 32 i
1533 966 196 33 omedelbart
1743 968 232 43 sammanhang

364 1004 72 32 med
458 1004 102 37 mark,
582 1016 67 21 som
671 1005 98 33 redan
792 1017 73 21 vore
887 1006 153 43 upplåten
1063 1007 34 33 åt
1119 1008 229 32 universitetet.

466 1102 329 46 Domänstyrelsen
823 1105 68 36 har
916 1105 201 37 meddelat:

470 1159 231 39 Förenämnda,
732 1160 326 34 landssekreterarens
1080 1162 12 31 i
1113 1162 140 42 Uppsala
1280 1163 54 32 län
1356 1164 157 42 indragna
1536 1164 197 42 löningsjord
1756 1165 80 32 hade
1858 1176 113 31 genom

364 1202 170 41 styrelsens
567 1202 155 32 kontrakt
755 1203 59 31 den
849 1205 40 29 27
916 1204 60 41 juli
1009 1205 80 31 1900
1112 1205 153 42 upplåtits
1287 1206 53 31 till
1363 1206 31 31 C.
1417 1206 39 31 A.
1480 1206 88 32 Stam
1591 1207 41 41 på
1658 1207 133 32 arrende
1813 1207 49 32 för
1884 1208 88 32 tiden

363 1244 74 32 från
469 1244 60 32 den
566 1245 37 30 14
634 1256 83 20 mars
741 1246 78 31 1901
844 1246 51 32 till
919 1247 59 31 den
1003 1248 40 30 14
1064 1258 83 21 mars
1171 1248 78 31 1921
1273 1250 67 30 mot
1361 1248 99 42 årligt
1482 1249 134 32 arrende
1639 1249 36 32 af
1695 1250 60 31 100
1777 1250 116 32 kronor
1915 1250 58 32 och

363 1287 101 32 under
486 1286 125 40 villkor,
634 1288 96 31 bland
753 1289 107 38 andra,
884 1291 48 30 att
954 1290 208 32 arrendatorn
1184 1302 74 20 vore
1280 1291 127 42 skyldig
1429 1294 57 36 att,
1510 1292 56 31 där
1587 1292 115 32 sådant
1716 1292 49 32 för
1780 1292 192 43 allmännyt-

364 1330 64 41 tigt
458 1329 148 32 ändamål
629 1330 18 32 å
669 1331 140 32 kronans
835 1334 121 39 vägnar
978 1332 173 40 fordrades,
1175 1333 82 32 afstå
1279 1334 195 41 lägenheten
1496 1334 146 42 tillhörig
1664 1336 90 31 mark
1776 1337 68 30 mot
1866 1336 105 41 åtnju-

363 1372 98 32 tande
493 1372 36 32 af
558 1373 188 42 minskning
778 1374 10 31 i
821 1375 282 41 arrendeafgiften,
1131 1377 220 31 motsvarande
1375 1377 60 31 den
1458 1377 113 31 förlust
1593 1377 115 32 honom
1730 1378 241 42 tillskyndades.

363 1415 279 41 Domänstyrelsen
666 1415 198 40 hemställde,
887 1419 48 30 att
958 1417 119 42 Kungl.
1101 1418 91 42 Maj:t
1214 1419 130 37 täcktes,
1368 1423 78 28 utan
1469 1419 147 33 afseende
1637 1421 17 31 å
1673 1420 82 32 hvad
1771 1421 133 31 rektorn
1919 1421 53 32 vid

364 1457 340 33 folkskoleseminariet
725 1459 11 30 i
762 1459 136 41 Uppsala
921 1461 46 30 uti
990 1461 131 31 ärendet
1144 1461 114 39 anfört,
1281 1462 11 31 i
1316 1462 96 42 nådig
1434 1463 193 40 proposition
1650 1463 114 32 föreslå
1786 1464 186 42 Riksdagen

363 1500 168 42 medgifva,
563 1502 49 30 att
645 1501 242 41 ifrågavarande
921 1503 235 42 löningsjorden
1190 1504 194 32 tillhörande
1407 1505 128 32 område
1558 1506 86 41 finge
1666 1506 51 31 till
1739 1505 142 43 Uppsala
1903 1506 69 32 uni-

364 1543 129 32 versitet
527 1543 144 42 upplåtas
704 1543 51 32 för
787 1546 48 30 att
863 1545 159 32 användas
1044 1545 51 32 till
1118 1546 198 42 uppförande
1339 1547 35 31 af
1393 1558 39 20 en
1455 1547 231 43 växtbiologisk
1709 1548 119 33 anstalt
1851 1549 52 31 vid
1925 1549 46 31 lö-

363 1586 103 40 pande
499 1586 257 41 arrendeperiods
788 1588 125 41 utgång
945 1588 61 31 den
1031 1588 40 31 14
1093 1600 81 20 mars
1199 1590 81 30 1921
1304 1589 78 32 eller
1404 1590 219 32 dessförinnan
1647 1592 18 31 å
1686 1592 57 39 tid,
1766 1603 66 21 som
1856 1602 115 31 genom

362 1628 316 33 öfverenskommelse
701 1629 72 33 med
796 1631 207 32 arrendatorn
1025 1631 106 32 kunde
1153 1631 100 33 blifva
1276 1632 151 33 bestämd.

466 1725 128 36 Under
620 1725 222 47 föregående
868 1728 121 45 punkt
1016 1727 41 37 af
1079 1728 77 36 min
1182 1728 266 47 föredragning
1475 1730 122 36 denna
1623 1730 73 46 dag
1722 1731 69 35 har
1807 1732 67 45 jag
1892 1731 81 36 haft

366 1776 204 47 anledning
597 1777 131 45 erinra,
744 1778 178 37 hurusom
950 1779 62 36 det
1037 1779 48 47 på
1112 1784 72 32 sätt
1211 1781 67 36 och
1310 1781 55 36 vis
1400 1780 85 37 rådt
1520 1794 46 24 en
1600 1782 115 36 täflan
1743 1796 60 22 om
1831 1782 62 37 det
1920 1797 52 22 nu

361 1827 283 47 ifrågavarande
662 1829 301 46 tomtområdet,
951 1823 19 58 i
983 1830 61 36 det
1063 1836 64 40 att,
1147 1831 116 46 jämte
1281 1832 273 37 universitetets
1573 1832 165 38 sträfvan
1757 1838 56 31 att
1831 1834 141 36 erhålla

364 1879 205 36 detsamma
595 1881 60 34 till
680 1881 98 46 plats
805 1880 59 37 för
890 1894 45 23 en
962 1882 277 47 växtbiologisk
1265 1884 221 45 institution,
1514 1889 119 42 yppat
1659 1886 55 44 sig
1740 1885 152 44 önskan,
1917 1891 55 30 att

363 1931 202 36 eventuellt
591 1931 169 47 förlägga
795 1932 165 46 Uppsala
994 1932 424 38 folkskoleseminarium
1455 1935 62 36 dit.
1574 1935 132 37 Denna
1731 1937 240 49 läroanstalts

361 1982 126 36 rektor
514 1983 68 35 har
609 1983 68 35 ock
703 1983 63 36 vid
795 1984 120 35 skilda
941 1984 174 36 tillfällen
1147 1986 100 45 gjort
1281 1985 319 48 framställningar
1626 1987 12 36 i
1666 1986 95 46 syfte
1789 1992 55 31 att
1869 1988 102 36 hålla

364 2033 121 36 denna
512 2034 193 45 möjlighet
734 2042 131 39 öppen,
881 2036 67 34 och
975 2035 132 46 frågan
1135 2037 130 36 härom
1292 2057 49 3 —
1364 2038 153 36 hvilken
1543 2037 188 37 föranledt
1748 2039 220 36 uttalanden

364 2083 40 37 af
426 2085 279 37 vederbörande
732 2086 64 36 vid
822 2086 255 37 universitetet
1104 2101 46 23 m.
1178 2088 35 36 fl.
1241 2108 48 4 —
1317 2089 68 36 har
1420 2089 109 47 gjort,
1556 2094 55 32 att
1638 2103 51 23 nu
1724 2089 244 38 förevarande

362 2136 151 36 ärendes
540 2136 176 47 pröfning
742 2142 139 32 ansetts
908 2139 91 35 böra
1025 2138 114 37 anstå.

463 2186 235 38 Seminariets
746 2193 113 31 tomt-
906 2189 67 36 och
1012 2189 303 48 byggnadsfråga
1354 2191 67 36 har
1461 2192 215 46 emellertid,
1724 2192 119 37 under
1877 2192 91 37 före-

361 2238 140 46 gående
527 2240 120 46 punkt
675 2239 41 36 af
738 2240 77 36 min
834 2239 264 48 föredragning
1117 2243 159 35 anmälts
1291 2241 59 37 för
1368 2242 135 47 Kungl.
1522 2242 112 47 Maj:t,
1654 2244 69 36 och
1742 2243 92 37 efter
1852 2244 116 36 skedd

360 2289 176 47 vidlyftig
562 2290 200 47 utredning
788 2291 68 36 har
882 2291 135 47 Kungl.
1045 2292 103 46 Maj:t
1175 2293 132 37 därvid
1333 2294 153 36 beslutit
1512 2293 136 37 föreslå
1674 2295 211 46 Riksdagen
1913 2301 55 31 att
