1866 2780
416 169 392 32 Jordbruksutskottets
828 167 179 30 utlåtande
1024 176 42 20 nr
1085 167 40 29 24
1144 166 40 30 år
1203 165 84 30 1958
1568 163 39 30 23

461 254 35 35 7)
526 256 127 38 antaga
682 253 132 39 förslag
842 252 52 29 till
923 251 205 38 förordning
1157 259 58 21 om
1243 249 135 30 ändrad
1407 247 130 41 lydelse
1567 255 41 22 av

416 306 15 29 1
453 305 66 30 och
539 305 17 30 3
579 304 37 38 $$
637 303 252 39 förordningen
909 302 67 30 den
998 302 38 30 10
1055 301 66 40 juli
1144 300 81 30 1947
1252 300 59 33 (nr
1332 299 80 35 378)
1438 307 58 21 om
1514 298 94 29 vissa

414 355 149 40 avgifter
582 355 20 30 å
622 354 122 40 mjölk,
766 353 128 40 grädde
915 353 64 29 och
1000 353 54 28 ost

460 405 36 36 8)
526 405 121 40 medge
669 404 127 40 Kungl.
819 403 106 40 Maj:t
947 403 93 34 eller,
1062 402 88 30 efter
1173 401 126 39 Kungl.
1322 399 124 40 Maj:ts
1468 399 142 39 bemyn-

414 457 161 39 digande,
598 457 133 29 statens
753 453 326 42 jordbruksnämnd
1102 454 50 28 att
1175 452 55 30 för
1254 451 77 30 stöd
1354 450 35 31 åt
1412 449 197 31 fodersäds-

417 508 122 39 export
567 506 162 31 använda
757 504 252 41 avgiftsmedel,
1042 512 75 21 som
1145 503 133 29 internt
1306 501 178 41 upptagits
1512 500 97 29 inom

415 557 209 40 jordbruket
646 557 98 29 inom
768 564 122 21 ramen
914 555 55 30 för
993 552 422 42 jordbruksregleringen,
1438 551 12 30 i
1475 550 135 30 huvud-

417 608 113 41 saklig
545 605 348 33 överensstämmelse
910 605 79 30 med
1004 605 42 29 de
1062 603 188 40 riktlinjer,
1268 612 75 20 som
1359 601 149 40 angivits
1525 601 11 30 i
1553 601 57 30 det

416 658 209 39 föregående

460 709 38 30 B.
524 710 51 28 att
595 708 221 30 motionerna
837 706 29 30 1:
882 705 60 31 391
966 705 66 30 och
1053 705 45 30 II:
1113 704 74 38 491,
1210 704 104 30 såvitt
1335 712 49 21 nu
1406 704 39 29 är
1467 702 12 30 i
1500 702 110 39 fråga,

418 759 76 30 icke
514 758 59 31 må
592 758 184 31 föranleda
795 757 115 39 någon
931 756 206 39 riksdagens
1158 755 134 39 åtgärd.

153 861 227 31 Beträffande
397 861 68 29 vad
482 859 125 40 Kungl.
625 859 107 39 Maj:t
748 858 12 30 i
776 857 263 41 propositionen
1057 866 42 20 nr
1119 856 60 30 122
1198 854 180 40 föreslagit
1396 854 188 39 riksdagen
1601 853 10 30 i

109 912 100 40 fråga
231 921 58 21 om
312 910 279 41 gränsdragning
616 909 129 30 mellan
768 907 488 42 jordbruksregleringsvaror
1279 905 65 30 och
1367 905 110 30 andra
1500 913 111 24 varor,

109 972 45 21 m.
174 972 46 21 m.
242 963 90 29 samt
350 971 59 20 om
427 960 190 40 uttagande
636 968 43 21 av
697 958 219 31 sockerskatt
936 958 55 30 för
1010 958 12 29 i
1040 957 94 30 vissa
1153 955 235 41 importerade
1406 954 205 41 jordbruks-

108 1012 296 40 regleringsvaror
421 1011 171 39 ingående
611 1010 123 30 socker
751 1009 111 41 jämte
880 1008 12 30 i
911 1009 119 30 ämnet
1045 1007 127 31 väckta
1191 1007 173 29 motioner
1381 1006 160 29 kommer
1560 1005 50 29 ut-

111 1064 130 29 skottet
265 1071 121 22 senare
410 1061 123 40 avgiva
556 1060 192 34 utlåtande,
770 1059 109 30 vilket
902 1058 171 30 utskottet
1097 1057 147 31 härmed
1268 1056 57 31 får
1347 1056 56 30 för
1425 1055 187 39 riksdagen

731 1109 151 31 anmäla.

156 1213 204 31 Stockholm
376 1213 68 30 den
464 1212 40 30 16
522 1211 88 41 april
631 1210 84 31 1958

556 1311 48 31 På
620 1309 384 42 jordbruksutskottets
1021 1309 145 39 vägnar:

621 1376 177 32 ANDERS
817 1374 286 32 PETTERSSON

396 1572 66 30 Vid
482 1572 95 29 detta
599 1571 147 30 ärendes
768 1568 286 40 slutbehandling
1075 1568 65 30 har
1161 1566 174 31 närvarit:

158 1632 81 30 från
270 1632 166 30 första
465 1630 223 29 kammaren:
708 1629 122 29 herrar
847 1628 90 39 Lage
956 1626 181 40 Svedberg,
1155 1626 106 34 Nord,
1278 1625 69 30 Jon
1364 1625 165 34 Jonsson,
1548 1624 71 40 Sig-

114 1674 70 31 frid
209 1675 163 34 Larsson,
397 1672 194 34 Eskilsson,
615 1671 74 30 Nils
715 1670 196 34 Hansson”,
936 1668 270 35 Hermansson”,
1232 1667 145 30 Gunnar
1400 1667 98 39 Berg,
1523 1666 96 30 Kris-

114 1717 160 29 tiansson
293 1716 64 29 och
376 1715 203 34 Hedström;

159 1775 81 29 från
303 1774 120 29 andra
453 1773 222 29 kammaren:
697 1771 122 30 herrar
838 1771 201 29 Pettersson
1057 1769 11 29 i
1088 1769 102 34 Dahl,
1213 1768 191 30 Gustafson
1423 1768 12 30 i
1453 1767 164 39 Dädesjö,

115 1816 202 30 Andersson
335 1816 11 29 i
364 1815 151 39 Hyssna,
533 1815 153 29 Jonsson
704 1814 11 28 i
735 1812 219 36 Strömsund,
975 1811 178 34 Ahlsten”,
1175 1810 115 38 Sköld,
1310 1810 213 33 Lindström,
1543 1808 77 31 Öst-

116 1859 96 34 lund,
231 1858 160 30 Eliasson
415 1858 5 28 i
438 1856 155 30 Moholm
611 1855 64 30 och
694 1855 200 29 Johansson
912 1856 12 28 i
942 1852 143 31 Öckerö.

159 1917 10 10 "
192 1917 34 31 Ej
248 1915 180 25 närvarande
447 1914 49 24 vid
515 1913 191 31 justeringen.

352 2459 97 21 580742
489 2454 165 25 Stockholm
677 2453 76 24 1958.
775 2453 79 24 Isaac
875 2453 111 23 Marcus
1007 2451 187 31 Boktryckeri
1216 2450 171 30 Aktiebolag
