1898 2838
305 175 15 25 4
489 176 103 28 Andra
615 176 200 30 kammarens
844 177 126 40 tredje
1000 181 154 35 tillfälliga
1179 183 133 27 utskotts
1337 184 157 28 utlåtande
1520 185 41 26 Nr
1585 186 26 26 3.

306 254 191 40 avgifterna
516 256 55 31 för
590 257 216 42 turistfartyg
824 261 10 30 i
852 260 75 31 vårt
944 261 82 31 land
1044 272 83 21 vara
1145 263 117 31 alltför
1280 264 91 39 höga
1390 265 64 30 och
1475 265 133 39 ägnade
1626 269 49 27 att
1694 267 100 29 oskä-

306 306 59 40 ligt
386 307 157 33 försvåra
567 311 65 30 den
655 311 265 40 ifrågavarande
943 315 261 32 turisttrafiken.
1228 317 201 31 Emellertid
1451 319 110 30 skulle
1584 319 78 30 med
1686 319 43 30 de
1752 329 42 21 av

306 360 41 31 de
364 362 218 40 sakkunniga
598 364 197 40 föreslagna
813 367 407 41 beräkningsgrunderna
1238 371 225 30 automatiskt
1480 371 86 39 följa
1584 382 42 20 en
1644 373 149 30 nedsätt-

306 413 81 40 ning
411 414 10 30 i
445 415 366 43 avgiftsbelastningen
835 419 54 31 för
913 421 117 39 dylika
1056 421 123 41 fartyg,
1206 423 92 31 vilka
1323 424 38 38 ju
1386 424 73 30 icke
1486 425 179 31 medförde
1690 425 105 40 något

306 467 83 38 gods
416 467 54 31 för
496 468 153 41 lossning
675 472 65 29 och
768 472 74 31 icke
869 473 112 40 intoge
1008 478 107 28 annat
1143 476 82 39 gods
1253 478 45 29 än
1326 477 281 39 fartygsbränsle,
1635 479 159 39 proviant

306 519 81 31 eller
411 521 407 39 skeppsförnödenheter.
858 526 120 40 Någon
1005 528 184 31 därutöver
1215 528 131 41 gående
1372 531 147 30 särskild
1543 531 134 31 lättnad
1702 532 10 30 i
1738 542 56 21 av-

306 572 212 40 giftsplikten
544 575 55 31 för
622 577 117 39 dylika
765 578 115 40 fartyg
904 580 127 40 ansåge
1057 581 50 40 sig
1131 582 42 30 de
1199 583 218 39 sakkunniga
1443 583 75 31 icke
1542 585 85 30 böra
1652 585 142 31 förorda

306 626 77 30 med
403 629 168 30 avseende
591 628 20 31 å
631 629 68 40 fyr-
720 632 66 30 och
806 632 233 40 båkavgiften.

350 682 97 30 Efter
466 683 158 31 hörande
643 693 42 21 av
705 688 49 27 ett
776 688 87 28 stort
882 688 96 29 antal
997 688 245 39 myndigheter
1263 690 67 29 och
1351 690 359 40 sammanslutningar
1730 691 64 30 har

304 735 369 41 kommerskollegium
705 748 149 21 numera
885 740 88 30 efter
1004 743 49 28 ett
1085 741 175 40 vidlyftigt
1292 743 142 30 fortsatt
1466 743 327 40 utredningsarbete

304 788 50 30 till
375 788 122 40 Kungl.
520 790 99 39 Maj:t
639 791 128 39 avgivit
787 795 46 28 ett
853 793 65 30 den
940 794 19 30 8
981 804 94 21 mars
1098 796 81 29 1935
1200 795 208 39 dagtecknat
1428 796 177 32 utlåtande
1624 798 169 30 avseende

303 841 89 31 vissa
410 842 252 41 principfrågor
680 846 149 30 rörande
848 846 343 41 sjöfartsavgifterna.
1212 850 82 29 Däri
1312 850 191 31 behandlas
1523 850 95 31 såväl
1637 850 155 39 sjöfarts-

302 895 364 41 avgiftssakkunnigas
692 900 245 30 ovannämnda
963 901 220 32 betänkande
1209 912 75 21 som
1311 906 47 27 ett
1383 903 66 31 den
1476 905 37 29 31
1542 904 137 39 januari
1708 905 84 30 1930

302 957 43 21 av
370 949 82 30 1928
474 948 56 32 års
551 951 515 43 lotsförfattningssakkunniga
1088 955 134 39 avgivet
1244 957 222 30 betänkande
1488 958 80 30 med
1589 958 130 40 förslag
1741 958 52 30 till

302 1001 271 42 lotsförordning
596 1008 88 27 samt
707 1006 110 30 andra
840 1006 247 40 författningar
1110 1009 64 30 och
1200 1009 215 31 föreskrifter
1438 1011 146 30 rörande
1607 1011 185 30 lotsverket

309 1054 139 39 (statens
469 1056 133 32 offentl.
623 1060 64 29 utr.
711 1059 98 30 1930:
825 1059 46 40 7),
891 1060 11 30 i
921 1061 106 30 vilket
1046 1062 218 31 betänkande
1284 1063 107 30 bland
1411 1067 106 27 annat
1537 1063 193 40 föreslagits
1751 1073 42 21 en

303 1109 222 40 omläggning
543 1120 42 20 av
602 1111 55 31 det
674 1114 202 30 nuvarande
894 1114 368 40 lotsavgiftssystemet.

348 1163 369 41 Kommerskollegium
743 1166 65 30 har
834 1166 58 31 vid
916 1167 53 30 sin
995 1169 212 39 granskning
1233 1178 42 21 av
1302 1170 41 30 de
1369 1169 234 40 föreliggande
1628 1170 165 40 frågorna

305 1216 123 37 funnit,
453 1221 51 27 att
527 1218 229 32 slutförandet
781 1229 42 21 av
847 1221 272 39 utredningarna
1142 1223 148 30 rörande
1315 1223 281 39 sjöfartsavgifts-
1623 1225 65 30 och
1713 1225 79 30 lots-

303 1271 179 30 väsendets
506 1271 164 32 framtida
692 1273 207 40 gestaltning
922 1274 158 40 påkallar
1102 1275 71 31 dels
1196 1276 90 30 vissa
1309 1276 368 40 principavgöranden,
1700 1278 94 30 vilka

302 1324 104 39 enligt
422 1325 138 39 kollegii
576 1325 139 40 mening
731 1327 107 30 redan
854 1327 44 40 på
915 1328 169 39 grundval
1100 1339 42 20 av
1157 1339 47 20 nu
1220 1329 236 40 föreliggande
1472 1331 183 40 utredning
1672 1331 120 31 kunna

303 1377 65 30 och
392 1378 84 30 böra
499 1379 142 30 komma
665 1379 50 31 till
740 1379 112 38 stånd,
876 1380 71 32 dels
971 1382 65 30 ock
1059 1382 11 30 i
1094 1382 90 31 vissa
1207 1383 194 31 avseenden
1426 1384 301 39 undersökningar
1750 1393 42 21 av

303 1430 106 31 delvis
432 1433 131 37 ganska
586 1432 219 40 djupgående
826 1434 172 31 karaktär.
1023 1435 224 31 Beträffande
1270 1436 69 39 fyr-
1364 1437 65 30 och
1451 1436 224 40 båkavgiften
1697 1437 95 31 hem-

303 1484 114 31 ställer
443 1485 365 40 kommerskollegium
836 1497 56 21 om
920 1487 139 32 fortsatt
1085 1489 184 39 utredning
1298 1497 124 31 genom
1450 1491 228 39 sakkunniga.
1708 1491 84 31 Där-

301 1538 106 38 jämte
427 1539 199 31 hemställer
648 1540 191 31 emellertid
859 1541 186 39 kollegium
1066 1560 45 4 —
1131 1552 73 21 som
1226 1542 210 38 förutsätter,
1458 1546 49 28 att
1528 1544 57 31 det
1606 1545 80 30 med
1705 1545 86 30 hän-

301 1601 64 29 syn
383 1592 50 30 till
450 1593 55 30 det
522 1592 94 40 långt
634 1593 236 32 framskridna
888 1595 122 30 stadiet
1027 1605 43 20 av
1085 1596 385 40 budgetbehandlingen
1487 1597 54 31 för
1557 1597 235 31 instundande

302 1645 175 40 budgetår,
501 1646 55 31 för
579 1646 105 31 vilket
706 1647 198 31 inkomsten
927 1658 42 20 av
993 1648 70 39 fyr-
1087 1649 65 30 och
1174 1648 225 40 båkavgiften
1422 1651 186 30 beräknats
1632 1652 80 30 med
1735 1652 55 30 be-

301 1699 150 30 aktande
473 1709 43 21 av
539 1709 46 21 nu
608 1699 170 40 utgående
800 1701 135 40 belopp,
958 1701 76 31 icke
1058 1701 85 31 låter
1168 1702 50 40 sig
1241 1704 83 37 göra
1347 1706 49 27 att
1419 1703 200 39 genomföra
1643 1704 148 39 ändring

301 1752 211 31 härutinnan
534 1752 79 31 från
635 1753 174 40 ingången
830 1764 42 21 av
894 1756 153 30 nämnda
1070 1755 168 39 budgetår
1258 1775 44 2 —
1325 1760 49 27 att
1396 1756 157 40 åtgärder
1575 1757 156 40 vidtagas
1754 1757 38 31 så

301 1808 49 28 att
365 1806 69 39 fyr-
450 1807 66 30 och
532 1806 242 40 båkavgiftens
791 1808 237 40 grundbelopp
1045 1809 79 30 med
1140 1809 173 40 ingången
1329 1820 42 20 av
1386 1810 201 39 budgetåret
1606 1806 183 42 1936/1937

301 1860 124 30 sänkes
444 1859 79 31 från
542 1861 201 30 nuvarande
761 1862 40 29 25
822 1862 57 30 öre
896 1861 51 31 till
965 1862 161 39 omkring
1146 1863 38 30 15
1203 1864 68 34 öre,
1291 1864 86 30 även
1396 1874 57 20 om
1473 1864 242 31 dessförinnan
1735 1865 55 30 de-

303 1912 134 31 finitiva
455 1912 130 41 förslag
601 1914 147 30 rörande
765 1914 450 40 sjöfartsavgiftsväsendets
1234 1916 206 40 gestaltning
1456 1917 76 31 icke
1548 1918 109 31 skulle
1673 1919 121 29 kunna

302 1965 220 39 framläggas.
548 1967 50 30 De
621 1967 89 30 enda
734 1967 244 40 förändringar
1002 1968 11 30 i
1038 1968 158 39 gällande
1221 1968 216 32 föreskrifter
1461 1970 147 31 rörande
1632 1970 69 40 fyr-
1728 1970 65 31 och

303 2018 233 40 håkavgiften,
558 2030 74 20 som
651 2020 10 30 i
681 2020 112 40 övrigt
813 2021 109 31 skulle
942 2021 184 37 erfordras,
1147 2032 80 21 vore
1247 2022 132 37 därvid,
1400 2023 72 31 dels
1494 2027 49 27 att
1564 2024 10 30 i
1604 2023 10 40 &
1637 2026 14 28 1
1674 2025 11 30 i
1710 2025 82 30 1924

302 2071 56 31 års
383 2072 204 40 förordning
611 2074 160 39 beloppet
801 2075 39 29 10
867 2076 57 29 öre
948 2084 60 30 per
1034 2078 60 28 ton
1119 2075 54 31 för
1199 2078 150 37 tonnage
1374 2078 81 29 över
1482 2078 94 29 1500
1602 2080 59 28 ton
1686 2078 108 31 borde

302 2126 126 30 ändras
448 2126 51 30 till
518 2127 20 30 6
557 2128 67 34 öre,
644 2127 72 31 dels
737 2131 50 27 att
808 2128 128 31 antalet
954 2128 345 41 avgiftsbetalningar
1319 2129 54 31 för
1393 2129 203 40 åtnjutande
1616 2140 42 21 av
1678 2131 114 30 denna

302 2178 150 40 lindring
470 2180 107 30 borde
597 2181 105 30 sättas
723 2180 51 31 till
793 2181 76 39 fyra
890 2181 10 30 i
921 2182 112 31 stället
1052 2182 55 31 för
1127 2182 56 31 två
1203 2183 55 30 för
1278 2182 312 33 åstadkommande
1610 2193 42 22 av
1673 2194 43 21 en
1737 2184 55 32 för

301 2233 146 30 svenska
471 2232 115 40 fartyg
608 2234 203 39 lämpligare
833 2235 144 30 relation
1000 2236 128 30 mellan
1152 2236 261 39 avgiftsbördan
1437 2237 54 31 för
1514 2237 178 32 utländskt
1717 2241 74 27 ton-

301 2293 87 31 nage
408 2286 57 30 vid
483 2286 198 39 jämförelse
700 2288 81 30 med
801 2289 139 30 svenskt
960 2287 134 38 sådant,
1117 2289 70 31 dels
1208 2290 65 30 ock
1294 2293 49 28 att
1363 2290 55 30 det
1439 2290 169 32 särskilda
1627 2290 163 39 isbrytar-

301 2338 150 40 tillägget
471 2340 110 31 skulle
601 2341 167 39 upphöra.
