1902 2844
298 176 104 28 Andra
426 176 198 28 kammarens
656 172 125 41 tredje
811 175 155 34 tillfälliga
990 174 133 27 utskotts
1148 174 159 27 utlåtande
1332 174 43 26 Nr
1399 175 25 25 3.
1591 172 15 25 5

118 292 315 40 Framställningar
458 301 59 22 om
544 293 174 30 lättnader
746 292 56 31 för
828 291 222 39 turistfartyg
1078 291 11 29 i
1116 289 100 40 fråga
1244 299 59 21 om
1333 289 69 39 fyr-
1430 290 67 29 och
1524 286 83 32 båk-

774 345 168 39 avgiften.

160 427 114 30 Under
303 436 119 21 senare
450 425 38 31 år
515 426 64 30 har
608 425 122 40 frågan
759 436 58 20 om
846 426 134 30 lättnad
1009 425 10 30 i
1050 423 336 41 sjöfartsavgifterna
1415 422 54 31 för
1499 422 108 30 större

117 480 215 40 turistfartyg
363 480 58 30 vid
451 480 107 30 besök
590 480 11 30 i
634 480 146 30 svenska
812 479 150 30 hamnar
992 478 199 40 upprepade
1223 476 128 40 gånger
1385 475 221 31 underställts

116 534 122 38 Kungl.
262 534 118 39 Maj:ts
401 533 179 39 prövning.
604 533 71 30 Här
696 533 58 30 må
775 533 52 30 till
850 542 42 21 en
912 532 124 39 början
1057 532 87 30 blott
1165 531 158 35 nämnas,
1346 533 49 27 att
1416 529 189 30 kommers-

115 587 187 39 kollegium
325 587 11 30 i
359 586 177 31 utlåtande
558 587 67 30 den
647 588 40 29 23
710 596 93 21 mars
829 587 83 30 1933
934 587 79 30 över
1037 595 43 21 en
1101 594 43 21 av
1165 584 231 39 aktiebolaget
1419 583 138 39 Nyman
1580 581 25 30 &

116 640 136 31 Schultz
274 641 99 39 gjord
392 640 257 39 framställning
668 650 57 20 om
746 640 263 39 avgiftslättnad
1028 638 54 31 för
1102 638 83 31 visst
1204 637 217 39 turistfartyg
1440 636 52 31 till
1512 644 96 21 mera

116 694 129 30 allmän
261 694 213 39 behandling
490 697 131 36 upptog
637 694 153 30 nämnda
807 693 109 40 fråga.
935 692 371 39 Kommerskollegium
1323 691 146 30 anförde
1486 688 122 32 därvid

116 748 105 30 bland
248 750 117 34 annat,
393 750 49 28 att
470 747 57 31 det
553 757 42 20 av
622 747 91 30 vissa
739 747 11 30 i
776 746 195 31 utlåtandet
997 745 162 31 lämnade
1186 744 175 40 uppgifter
1391 743 217 39 oförtydbart

116 801 203 39 framginge,
345 804 49 28 att
417 801 66 30 den
506 801 108 30 totala
638 800 262 40 avgiftsbördan
923 799 220 31 beträffande
1168 798 217 39 turistfartyg
1408 806 81 22 vore
1513 805 94 21 avse-

117 856 72 29 värt
207 855 107 39 högre
332 854 11 31 i
362 855 146 30 svenska
526 854 149 31 hamnar
693 855 46 29 än
757 854 10 30 i
787 853 173 40 åtskilliga
979 853 242 39 angränsande
1241 852 138 30 länders
1398 851 149 30 hamnar
1564 867 45 4 —

117 908 9 29 i
148 908 83 30 visst
253 908 117 31 anfört
391 908 62 30 fall
477 909 38 29 12
530 909 64 29 048
617 908 128 30 kronor
767 907 55 31 för
845 907 201 31 Stockholm
1068 909 72 27 mot
1162 908 22 28 t.
1209 915 51 21 ex.
1283 906 19 29 4
1317 906 64 29 918
1403 905 129 29 kronor
1554 902 55 31 för

118 962 229 39 Köpenhamn
369 962 65 30 och
460 962 94 30 1822
577 962 128 30 kronor
728 961 55 31 för
809 961 82 31 Oslo
912 979 45 3 —
979 963 89 27 samt
1091 963 48 27 att
1162 959 93 31 detta
1277 957 219 32 förhållande
1518 956 90 31 hade

117 1014 52 31 sin
187 1015 194 31 förnämsta
400 1015 110 39 grund
527 1015 10 30 i
556 1015 67 30 den
640 1015 10 29 i
669 1014 138 39 Sverige
823 1013 251 40 jämförelsevis
1091 1013 91 39 höga
1200 1012 70 39 fyr-
1288 1012 66 30 och
1372 1010 235 39 båkavgiften.

117 1067 52 32 Då
191 1068 106 40 enligt
320 1068 138 40 kollegii
482 1067 91 31 åsikt
596 1068 66 30 den
685 1067 273 31 förhållandevis
981 1067 139 39 mycket
1143 1066 189 30 avsevärda
1357 1064 251 40 avgiftsbelast-

117 1122 92 39 ning,
237 1131 75 21 som
337 1121 135 31 åvilade
499 1121 216 40 turistfartyg
741 1121 58 31 vid
824 1121 107 30 besök
958 1121 10 30 i
995 1121 125 29 svensk
1146 1120 119 35 hamn,
1292 1118 117 31 kunde
1434 1117 138 31 befaras
1598 1115 11 30 i

116 1175 148 39 längden
287 1175 94 31 bliva
406 1178 45 28 ett
474 1175 124 30 hinder
621 1178 72 27 mot
716 1175 66 30 den
807 1173 265 40 ifrågavarande
1095 1173 169 30 trafikens
1288 1170 321 32 vidmakthållande

117 1229 63 30 och
200 1228 198 40 utveckling
416 1228 43 40 på
479 1228 147 39 Sverige,
644 1228 79 31 ville
741 1228 189 39 kollegium
948 1227 141 31 förorda
1109 1226 287 40 genomförandet
1414 1235 42 21 av
1475 1223 135 32 lättnad

117 1282 9 30 i
143 1282 168 31 avseende
328 1281 21 32 å
365 1282 67 31 den
448 1282 154 30 nämnda
619 1281 271 40 avgiftsbördan,
909 1281 104 31 vilket
1030 1280 187 40 lämpligen
1234 1280 107 30 borde
1358 1278 251 40 åvägabringas

118 1344 123 31 genom
265 1335 184 31 reduktion
474 1345 42 21 av
542 1335 70 39 fyr-
637 1336 65 30 och
727 1334 225 40 båkavgiften
977 1334 55 31 för
1058 1334 160 39 fartygen
1244 1333 10 30 i
1279 1332 109 39 fråga.
1416 1331 193 39 Kollegium

118 1389 158 40 föreslog,
304 1392 50 28 att
380 1389 66 31 den
473 1388 159 40 åsyftade
658 1388 229 31 reduktionen
915 1388 109 31 skulle
1051 1386 252 40 åvägabringas
1330 1386 11 31 i
1369 1386 66 30 den
1462 1385 147 34 formen,

118 1445 49 28 att
190 1443 54 30 för
268 1442 115 40 fartyg
406 1452 42 20 av
472 1445 109 28 avsett
604 1443 72 38 slag
699 1442 70 39 fyr-
793 1442 65 31 och
881 1441 181 39 båkavgift
1084 1441 87 30 även
1193 1440 11 30 i
1228 1439 100 40 fråga
1351 1449 58 21 om
1432 1442 45 27 ett
1500 1438 109 31 första

118 1496 105 30 besök
242 1496 111 30 under
371 1499 46 27 ett
434 1494 205 32 kalenderår
657 1495 11 30 i
687 1496 126 29 svensk
830 1496 109 29 hamn
958 1495 110 30 skulle
1086 1496 137 36 uttagas
1243 1493 105 38 enligt
1366 1491 243 32 motsvarande

118 1549 148 39 grunder
289 1559 75 21 som
385 1549 89 36 dem,
496 1549 93 30 vilka
611 1558 97 21 avses
730 1549 10 30 i
763 1549 230 38 kungörelsen
1016 1547 65 30 den
1104 1548 18 29 2
1145 1547 71 39 maj
1242 1547 94 35 1924,
1361 1546 80 30 eller
1463 1544 146 31 sålunda

118 1605 49 28 att
195 1602 54 31 för
277 1602 166 40 fartygets
472 1601 272 40 avgiftspliktiga
774 1601 195 39 dräktighet
997 1602 80 29 över
1108 1601 94 30 1500
1231 1602 60 28 ton
1319 1599 153 39 avgiften
1501 1597 110 30 skulle

119 1657 169 29 beräknas
314 1656 52 30 till
392 1656 145 30 allenast
565 1656 39 30 10
630 1656 58 30 öre
713 1664 60 30 per
799 1658 60 28 ton
887 1655 87 30 även
1000 1653 44 31 då
1071 1653 152 39 avgiften
1250 1653 111 30 skulle
1388 1652 154 39 erläggas
1570 1650 41 30 de

119 1708 56 32 två
191 1709 109 31 första
318 1708 174 41 gångerna
508 1709 110 31 under
634 1712 46 27 ett
696 1707 216 32 kalenderår.

163 1763 131 31 Genom
316 1763 112 30 beslut
450 1763 67 30 den
539 1764 42 29 28
603 1762 87 40 april
714 1763 83 30 1933
820 1762 87 30 fann
930 1761 188 31 emellertid
1142 1760 122 39 Kungl.
1289 1760 101 38 Maj:t
1411 1759 31 39 ej
1465 1759 76 30 skäl
1561 1757 49 31 bi-

119 1816 82 31 falla
220 1817 56 30 det
294 1816 146 31 sålunda
459 1816 217 30 framställda
696 1816 174 39 förslaget.

162 1870 116 30 Under
296 1869 219 40 åberopande
534 1879 42 21 av
594 1869 316 39 kommerskollegii
928 1878 89 21 ovan
1035 1867 146 31 berörda
1200 1866 179 31 utlåtande
1399 1867 64 30 och
1481 1865 130 38 förslag

118 1923 64 30 och
207 1923 85 30 efter
316 1932 43 21 en
382 1923 141 38 utförlig
547 1922 205 39 motivering
777 1923 11 29 i
813 1922 111 38 övrigt
945 1921 205 30 hemställde
1174 1920 194 30 sedermera
1393 1918 218 31 Stockholms

119 1976 271 39 rederiförening
412 1976 11 29 i
445 1976 164 30 skrivelse
631 1975 50 30 till
705 1975 124 39 Kungl.
854 1975 100 38 Maj:t
978 1975 65 29 den
1071 1975 38 29 19
1132 1973 137 39 januari
1296 1973 94 36 1934,
1413 1975 49 27 att
1487 1971 123 39 Kungl.

120 2030 99 39 Maj:t
241 2029 108 31 måtte
372 2032 134 27 snarast
528 2028 136 40 möjligt
685 2029 134 29 besluta
843 2038 57 21 om
923 2037 43 21 en
989 2027 128 39 kraftig
1140 2022 222 43 nedsättning
1385 2035 42 21 av
1450 2025 70 39 fyr-
1546 2025 64 31 och

120 2082 223 40 båkavgiften
364 2082 55 31 för
439 2082 217 39 turistfartyg
676 2081 201 40 förslagsvis
897 2081 80 30 med
1000 2082 39 29 75
1061 2083 151 36 procent.
1236 2078 112 40 Något
1369 2078 153 39 tidigare,
1546 2077 66 31 den

120 2137 40 30 28
182 2136 180 31 december
384 2136 93 35 1933,
496 2136 91 30 hade
606 2136 145 30 svenska
771 2134 294 31 trafikförbundet
1084 2134 10 29 i
1116 2133 163 31 skrivelse
1298 2133 51 30 till
1369 2132 122 39 Kungl.
1512 2131 101 39 Maj:t

120 2190 183 35 hemställt,
327 2192 48 28 att
398 2189 122 38 Kungl.
544 2189 100 38 Maj:t
664 2188 79 31 ville
764 2191 79 36 taga
865 2188 109 30 under
995 2186 240 39 omprövning,
1257 2186 173 30 huruvida
1452 2186 31 39 ej
1505 2184 108 30 redan

121 2243 49 29 till
193 2252 198 21 sommaren
416 2243 82 29 1934
522 2242 170 30 lättnader
714 2242 10 29 i
748 2241 41 31 de
813 2241 136 38 statliga
972 2239 335 39 sjöfartsavgifterna
1331 2239 116 30 kunde
1469 2238 144 30 beredas

121 2296 225 38 turistfartyg.
372 2296 66 29 För
459 2295 192 38 avgivande
672 2304 42 20 av
735 2293 179 31 utlåtande
935 2293 235 30 remitterades
1192 2293 99 29 dessa
1316 2291 297 38 framställningar

120 2349 50 29 till
206 2348 375 38 kommerskollegium,
620 2347 48 30 dit
707 2347 193 30 sedermera
927 2347 86 29 även
1040 2345 261 31 överlämnades
1329 2354 41 21 en
1397 2353 42 21 av
1466 2344 147 30 svenska

120 2402 116 30 konst-
261 2401 65 30 och
349 2400 553 38 antikvitetshandlarföreningen
925 2399 9 30 i
957 2398 163 31 skrivelse
1142 2398 50 30 till
1215 2397 123 39 Kungl.
1363 2397 98 39 Maj:t
1484 2397 66 30 den
1573 2396 36 30 31

122 2454 135 39 januari
286 2455 83 30 1934
395 2454 98 39 gjord
518 2453 206 30 hemställan
749 2463 58 20 om
831 2452 99 30 bifall
954 2452 50 30 till
1029 2452 66 30 den
1120 2460 42 21 av
1189 2450 220 30 Stockholms
1433 2449 179 31 rederiför-

120 2507 102 40 ening
249 2508 120 38 gjorda
397 2506 309 39 framställningen.
735 2506 117 30 Under
878 2505 157 30 ärendets
1062 2503 212 39 behandling
1302 2503 95 30 inom
1423 2503 189 30 kommers-
