<?xml version="1.0" encoding="UTF-8"?>
<alto xmlns="http://www.loc.gov/standards/alto/ns-v3#" xmlns:xlink="http://www.w3.org/1999/xlink" xmlns:xsi="http://www.w3.org/2001/XMLSchema-instance" xsi:schemaLocation="http://www.loc.gov/standards/alto/ns-v3# http://www.loc.gov/alto/v3/alto-3-0.xsd">
	<Description>
		<MeasurementUnit>pixel</MeasurementUnit>
		<sourceImageInformation>
			<fileName>/tmp/tess_vnb0lpit_input.PNG</fileName>
		</sourceImageInformation>
		<OCRProcessing ID="OCR_0">
			<ocrProcessingStep>
				<processingSoftware>
					<softwareName>tesseract 5.3.0</softwareName>
				</processingSoftware>
			</ocrProcessingStep>
		</OCRProcessing>
	</Description>
	<Layout>
		<Page WIDTH="1914" HEIGHT="2820" PHYSICAL_IMG_NR="0" ID="page_0">
			<PrintSpace HPOS="0" VPOS="0" WIDTH="1914" HEIGHT="2820">
				<ComposedBlock ID="cblock_0" HPOS="473" VPOS="163" WIDTH="1136" HEIGHT="40">
					<TextBlock ID="block_0" HPOS="473" VPOS="163" WIDTH="1136" HEIGHT="40">
						<TextLine ID="line_0" HPOS="473" VPOS="163" WIDTH="1136" HEIGHT="40">
							<String ID="string_0" HPOS="473" VPOS="166" WIDTH="112" HEIGHT="30" WC="0.93" CONTENT="Andra"/><SP WIDTH="15" VPOS="166" HPOS="585"/>
							<String ID="string_1" HPOS="600" VPOS="165" WIDTH="219" HEIGHT="38" WC="0.92" CONTENT="lagutskottets"/><SP WIDTH="15" VPOS="165" HPOS="819"/>
							<String ID="string_2" HPOS="834" VPOS="164" WIDTH="161" HEIGHT="31" WC="0.96" CONTENT="utlåtande"/><SP WIDTH="13" VPOS="164" HPOS="995"/>
							<String ID="string_3" HPOS="1008" VPOS="174" WIDTH="37" HEIGHT="20" WC="0.96" CONTENT="nr"/><SP WIDTH="14" VPOS="174" HPOS="1045"/>
							<String ID="string_4" HPOS="1059" VPOS="164" WIDTH="42" HEIGHT="30" WC="0.96" CONTENT="33"/><SP WIDTH="17" VPOS="164" HPOS="1101"/>
							<String ID="string_5" HPOS="1118" VPOS="163" WIDTH="34" HEIGHT="31" WC="0.94" CONTENT="år"/><SP WIDTH="16" VPOS="163" HPOS="1152"/>
							<String ID="string_6" HPOS="1168" VPOS="164" WIDTH="87" HEIGHT="30" WC="0.95" CONTENT="1970"/><SP WIDTH="339" VPOS="164" HPOS="1255"/>
							<String ID="string_7" HPOS="1594" VPOS="169" WIDTH="15" HEIGHT="26" WC="0.96" CONTENT="7"/>
						</TextLine>
					</TextBlock>
				</ComposedBlock>
				<ComposedBlock ID="cblock_1" HPOS="170" VPOS="246" WIDTH="739" HEIGHT="38">
					<TextBlock ID="block_1" HPOS="170" VPOS="246" WIDTH="739" HEIGHT="38">
						<TextLine ID="line_1" HPOS="170" VPOS="246" WIDTH="739" HEIGHT="38">
							<String ID="string_8" HPOS="170" VPOS="248" WIDTH="62" HEIGHT="30" WC="0.95" CONTENT="Vid"/><SP WIDTH="15" VPOS="248" HPOS="232"/>
							<String ID="string_9" HPOS="247" VPOS="248" WIDTH="85" HEIGHT="30" WC="0.93" CONTENT="detta"/><SP WIDTH="15" VPOS="248" HPOS="332"/>
							<String ID="string_10" HPOS="347" VPOS="247" WIDTH="135" HEIGHT="30" WC="0.92" CONTENT="ärendes"/><SP WIDTH="14" VPOS="247" HPOS="482"/>
							<String ID="string_11" HPOS="496" VPOS="246" WIDTH="191" HEIGHT="38" WC="0.96" CONTENT="behandling"/><SP WIDTH="13" VPOS="246" HPOS="687"/>
							<String ID="string_12" HPOS="700" VPOS="246" WIDTH="57" HEIGHT="30" WC="0.93" CONTENT="har"/><SP WIDTH="14" VPOS="246" HPOS="757"/>
							<String ID="string_13" HPOS="771" VPOS="247" WIDTH="138" HEIGHT="29" WC="0.91" CONTENT="närvarit"/>
						</TextLine>
					</TextBlock>
				</ComposedBlock>
				<ComposedBlock ID="cblock_2" HPOS="124" VPOS="305" WIDTH="1487" HEIGHT="87">
					<TextBlock ID="block_2" HPOS="124" VPOS="305" WIDTH="1487" HEIGHT="87">
						<TextLine ID="line_2" HPOS="169" VPOS="305" WIDTH="1441" HEIGHT="40">
							<String ID="string_14" HPOS="169" VPOS="309" WIDTH="70" HEIGHT="31" WC="0.96" CONTENT="från"/><SP WIDTH="36" VPOS="309" HPOS="239"/>
							<String ID="string_15" HPOS="275" VPOS="310" WIDTH="156" HEIGHT="30" WC="0.96" CONTENT="första"/><SP WIDTH="35" VPOS="310" HPOS="431"/>
							<String ID="string_16" HPOS="466" VPOS="309" WIDTH="195" HEIGHT="31" WC="0.96" CONTENT="kammaren:"/><SP WIDTH="27" VPOS="309" HPOS="661"/>
							<String ID="string_17" HPOS="688" VPOS="308" WIDTH="108" HEIGHT="31" WC="0.96" CONTENT="herrar"/><SP WIDTH="22" VPOS="308" HPOS="796"/>
							<String ID="string_18" HPOS="818" VPOS="308" WIDTH="114" HEIGHT="31" WC="0.93" CONTENT="Strand"/><SP WIDTH="23" VPOS="308" HPOS="932"/>
							<String ID="string_19" HPOS="955" VPOS="307" WIDTH="53" HEIGHT="38" WC="0.90" CONTENT="(s),"/><SP WIDTH="24" VPOS="307" HPOS="1008"/>
							<String ID="string_20" HPOS="1032" VPOS="307" WIDTH="78" HEIGHT="31" WC="0.96" CONTENT="Lars"/><SP WIDTH="22" VPOS="307" HPOS="1110"/>
							<String ID="string_21" HPOS="1132" VPOS="307" WIDTH="140" HEIGHT="31" WC="0.93" CONTENT="Larsson"/><SP WIDTH="23" VPOS="307" HPOS="1272"/>
							<String ID="string_22" HPOS="1295" VPOS="306" WIDTH="53" HEIGHT="38" WC="0.88" CONTENT="(s),"/><SP WIDTH="23" VPOS="306" HPOS="1348"/>
							<String ID="string_23" HPOS="1371" VPOS="305" WIDTH="163" HEIGHT="40" WC="0.93" CONTENT="Dahlberg"/><SP WIDTH="23" VPOS="305" HPOS="1534"/>
							<String ID="string_24" HPOS="1557" VPOS="305" WIDTH="53" HEIGHT="38" WC="0.89" CONTENT="(s),"/>
						</TextLine>
						<TextLine ID="line_3" HPOS="124" VPOS="350" WIDTH="1487" HEIGHT="42">
							<String ID="string_25" HPOS="124" VPOS="355" WIDTH="174" HEIGHT="31" WC="0.72" CONTENT="Hiibinette"/><SP WIDTH="18" VPOS="355" HPOS="298"/>
							<String ID="string_26" HPOS="316" VPOS="354" WIDTH="70" HEIGHT="38" WC="0.92" CONTENT="(m),"/><SP WIDTH="20" VPOS="354" HPOS="386"/>
							<String ID="string_27" HPOS="406" VPOS="354" WIDTH="198" HEIGHT="31" WC="0.91" CONTENT="Wanhainen"/><SP WIDTH="17" VPOS="354" HPOS="604"/>
							<String ID="string_28" HPOS="621" VPOS="353" WIDTH="76" HEIGHT="38" WC="0.84" CONTENT="(s)&quot;,"/><SP WIDTH="18" VPOS="353" HPOS="697"/>
							<String ID="string_29" HPOS="715" VPOS="352" WIDTH="170" HEIGHT="32" WC="0.96" CONTENT="Österdahl"/><SP WIDTH="17" VPOS="352" HPOS="885"/>
							<String ID="string_30" HPOS="902" VPOS="352" WIDTH="72" HEIGHT="40" WC="0.96" CONTENT="(fp),"/><SP WIDTH="18" VPOS="352" HPOS="974"/>
							<String ID="string_31" HPOS="992" VPOS="352" WIDTH="206" HEIGHT="31" WC="0.96" CONTENT="Andreasson"/><SP WIDTH="18" VPOS="352" HPOS="1198"/>
							<String ID="string_32" HPOS="1216" VPOS="352" WIDTH="65" HEIGHT="39" WC="0.95" CONTENT="(cp)"/><SP WIDTH="17" VPOS="352" HPOS="1281"/>
							<String ID="string_33" HPOS="1298" VPOS="352" WIDTH="62" HEIGHT="30" WC="0.96" CONTENT="och"/><SP WIDTH="16" VPOS="352" HPOS="1360"/>
							<String ID="string_34" HPOS="1376" VPOS="351" WIDTH="143" HEIGHT="31" WC="0.96" CONTENT="Axelson"/><SP WIDTH="18" VPOS="351" HPOS="1519"/>
							<String ID="string_35" HPOS="1537" VPOS="350" WIDTH="74" HEIGHT="40" WC="0.96" CONTENT="(fp);"/>
						</TextLine>
					</TextBlock>
				</ComposedBlock>
				<ComposedBlock ID="cblock_3" HPOS="169" VPOS="423" WIDTH="1441" HEIGHT="41">
					<TextBlock ID="block_3" HPOS="169" VPOS="423" WIDTH="1441" HEIGHT="41">
						<TextLine ID="line_4" HPOS="169" VPOS="423" WIDTH="1441" HEIGHT="41">
							<String ID="string_36" HPOS="169" VPOS="427" WIDTH="71" HEIGHT="31" WC="0.96" CONTENT="från"/><SP WIDTH="59" VPOS="427" HPOS="240"/>
							<String ID="string_37" HPOS="299" VPOS="427" WIDTH="113" HEIGHT="30" WC="0.95" CONTENT="andra"/><SP WIDTH="27" VPOS="427" HPOS="412"/>
							<String ID="string_38" HPOS="439" VPOS="426" WIDTH="194" HEIGHT="31" WC="0.96" CONTENT="kammaren:"/><SP WIDTH="19" VPOS="426" HPOS="633"/>
							<String ID="string_39" HPOS="652" VPOS="426" WIDTH="72" HEIGHT="30" WC="0.95" CONTENT="herr"/><SP WIDTH="15" VPOS="426" HPOS="724"/>
							<String ID="string_40" HPOS="739" VPOS="424" WIDTH="172" HEIGHT="40" WC="0.93" CONTENT="Lundberg"/><SP WIDTH="16" VPOS="424" HPOS="911"/>
							<String ID="string_41" HPOS="927" VPOS="425" WIDTH="52" HEIGHT="37" WC="0.91" CONTENT="(s),"/><SP WIDTH="17" VPOS="425" HPOS="979"/>
							<String ID="string_42" HPOS="996" VPOS="423" WIDTH="113" HEIGHT="32" WC="0.96" CONTENT="fröken"/><SP WIDTH="15" VPOS="423" HPOS="1109"/>
							<String ID="string_43" HPOS="1124" VPOS="423" WIDTH="128" HEIGHT="32" WC="0.92" CONTENT="Sandell"/><SP WIDTH="15" VPOS="423" HPOS="1252"/>
							<String ID="string_44" HPOS="1267" VPOS="424" WIDTH="52" HEIGHT="37" WC="0.92" CONTENT="(s),"/><SP WIDTH="16" VPOS="424" HPOS="1319"/>
							<String ID="string_45" HPOS="1335" VPOS="424" WIDTH="108" HEIGHT="30" WC="0.93" CONTENT="herrar"/><SP WIDTH="15" VPOS="424" HPOS="1443"/>
							<String ID="string_46" HPOS="1458" VPOS="424" WIDTH="152" HEIGHT="30" WC="0.91" CONTENT="Gustavs-"/>
						</TextLine>
					</TextBlock>
				</ComposedBlock>
				<ComposedBlock ID="cblock_4" HPOS="125" VPOS="468" WIDTH="1485" HEIGHT="86">
					<TextBlock ID="block_4" HPOS="125" VPOS="468" WIDTH="1485" HEIGHT="86">
						<TextLine ID="line_5" HPOS="125" VPOS="468" WIDTH="1485" HEIGHT="44">
							<String ID="string_47" HPOS="125" VPOS="482" WIDTH="59" HEIGHT="21" WC="0.96" CONTENT="son"/><SP WIDTH="17" VPOS="482" HPOS="184"/>
							<String ID="string_48" HPOS="201" VPOS="473" WIDTH="10" HEIGHT="31" WC="0.96" CONTENT="i"/><SP WIDTH="18" VPOS="473" HPOS="211"/>
							<String ID="string_49" HPOS="229" VPOS="472" WIDTH="132" HEIGHT="31" WC="0.96" CONTENT="Alvesta"/><SP WIDTH="19" VPOS="472" HPOS="361"/>
							<String ID="string_50" HPOS="380" VPOS="472" WIDTH="78" HEIGHT="40" WC="0.96" CONTENT="(cp),"/><SP WIDTH="19" VPOS="472" HPOS="458"/>
							<String ID="string_51" HPOS="477" VPOS="472" WIDTH="160" HEIGHT="30" WC="0.96" CONTENT="Svensson"/><SP WIDTH="16" VPOS="472" HPOS="637"/>
							<String ID="string_52" HPOS="653" VPOS="471" WIDTH="11" HEIGHT="31" WC="0.96" CONTENT="i"/><SP WIDTH="17" VPOS="471" HPOS="664"/>
							<String ID="string_53" HPOS="681" VPOS="470" WIDTH="147" HEIGHT="40" WC="0.93" CONTENT="Kungälv"/><SP WIDTH="18" VPOS="470" HPOS="828"/>
							<String ID="string_54" HPOS="846" VPOS="470" WIDTH="53" HEIGHT="38" WC="0.92" CONTENT="(s),"/><SP WIDTH="18" VPOS="470" HPOS="899"/>
							<String ID="string_55" HPOS="917" VPOS="471" WIDTH="188" HEIGHT="30" WC="0.93" CONTENT="Göransson"/><SP WIDTH="18" VPOS="471" HPOS="1105"/>
							<String ID="string_56" HPOS="1123" VPOS="469" WIDTH="75" HEIGHT="37" WC="0.83" CONTENT="(s)&quot;,"/><SP WIDTH="39" VPOS="469" HPOS="1198"/>
							<String ID="string_57" HPOS="1237" VPOS="478" WIDTH="119" HEIGHT="22" WC="0.96" CONTENT="Jonsson"/><SP WIDTH="16" VPOS="478" HPOS="1356"/>
							<String ID="string_58" HPOS="1372" VPOS="470" WIDTH="11" HEIGHT="30" WC="0.96" CONTENT="i"/><SP WIDTH="16" VPOS="470" HPOS="1383"/>
							<String ID="string_59" HPOS="1399" VPOS="469" WIDTH="97" HEIGHT="30" WC="0.92" CONTENT="Mora"/><SP WIDTH="18" VPOS="469" HPOS="1496"/>
							<String ID="string_60" HPOS="1514" VPOS="468" WIDTH="96" HEIGHT="40" WC="0.35" CONTENT="(fp)”,"/>
						</TextLine>
						<TextLine ID="line_6" HPOS="125" VPOS="516" WIDTH="558" HEIGHT="38">
							<String ID="string_61" HPOS="125" VPOS="516" WIDTH="154" HEIGHT="32" WC="0.93" CONTENT="Åkerlind"/><SP WIDTH="16" VPOS="516" HPOS="279"/>
							<String ID="string_62" HPOS="295" VPOS="517" WIDTH="58" HEIGHT="37" WC="0.92" CONTENT="(m)"/><SP WIDTH="17" VPOS="517" HPOS="353"/>
							<String ID="string_63" HPOS="370" VPOS="517" WIDTH="61" HEIGHT="31" WC="0.96" CONTENT="och"/><SP WIDTH="14" VPOS="517" HPOS="431"/>
							<String ID="string_64" HPOS="445" VPOS="517" WIDTH="51" HEIGHT="30" WC="0.93" CONTENT="fru"/><SP WIDTH="13" VPOS="517" HPOS="496"/>
							<String ID="string_65" HPOS="509" VPOS="516" WIDTH="108" HEIGHT="31" WC="0.90" CONTENT="Håvik"/><SP WIDTH="14" VPOS="516" HPOS="617"/>
							<String ID="string_66" HPOS="631" VPOS="516" WIDTH="52" HEIGHT="37" WC="0.90" CONTENT="(s)."/>
						</TextLine>
					</TextBlock>
				</ComposedBlock>
				<ComposedBlock ID="cblock_5" HPOS="127" VPOS="588" WIDTH="643" HEIGHT="33">
					<TextBlock ID="block_5" HPOS="127" VPOS="588" WIDTH="643" HEIGHT="33">
						<TextLine ID="line_7" HPOS="127" VPOS="588" WIDTH="643" HEIGHT="33">
							<String ID="string_67" HPOS="127" VPOS="591" WIDTH="12" HEIGHT="11" WC="0.74" CONTENT="+"/><SP WIDTH="16" VPOS="591" HPOS="139"/>
							<String ID="string_68" HPOS="155" VPOS="589" WIDTH="32" HEIGHT="32" WC="0.94" CONTENT="Ej"/><SP WIDTH="15" VPOS="589" HPOS="187"/>
							<String ID="string_69" HPOS="202" VPOS="589" WIDTH="174" HEIGHT="26" WC="0.96" CONTENT="närvarande"/><SP WIDTH="13" VPOS="589" HPOS="376"/>
							<String ID="string_70" HPOS="389" VPOS="589" WIDTH="47" HEIGHT="26" WC="0.92" CONTENT="vid"/><SP WIDTH="15" VPOS="589" HPOS="436"/>
							<String ID="string_71" HPOS="451" VPOS="588" WIDTH="166" HEIGHT="27" WC="0.91" CONTENT="utlåtandets"/><SP WIDTH="15" VPOS="588" HPOS="617"/>
							<String ID="string_72" HPOS="632" VPOS="588" WIDTH="138" HEIGHT="33" WC="0.96" CONTENT="justering."/>
						</TextLine>
					</TextBlock>
				</ComposedBlock>
				<ComposedBlock ID="cblock_6" HPOS="760" VPOS="838" WIDTH="210" HEIGHT="32">
					<TextBlock ID="block_6" HPOS="760" VPOS="838" WIDTH="210" HEIGHT="32">
						<TextLine ID="line_8" HPOS="760" VPOS="838" WIDTH="210" HEIGHT="32">
							<String ID="string_73" HPOS="760" VPOS="838" WIDTH="210" HEIGHT="32" WC="0.96" CONTENT="Reservation"/>
						</TextLine>
					</TextBlock>
				</ComposedBlock>
				<ComposedBlock ID="cblock_7" HPOS="121" VPOS="918" WIDTH="1491" HEIGHT="1330">
					<TextBlock ID="block_7" HPOS="123" VPOS="918" WIDTH="1487" HEIGHT="97">
						<TextLine ID="line_9" HPOS="169" VPOS="918" WIDTH="1441" HEIGHT="42">
							<String ID="string_74" HPOS="169" VPOS="931" WIDTH="38" HEIGHT="21" WC="0.96" CONTENT="av"/><SP WIDTH="16" VPOS="931" HPOS="207"/>
							<String ID="string_75" HPOS="223" VPOS="922" WIDTH="108" HEIGHT="31" WC="0.93" CONTENT="herrar"/><SP WIDTH="14" VPOS="922" HPOS="331"/>
							<String ID="string_76" HPOS="345" VPOS="922" WIDTH="175" HEIGHT="31" WC="0.90" CONTENT="Hiibinette"/><SP WIDTH="16" VPOS="922" HPOS="520"/>
							<String ID="string_77" HPOS="536" VPOS="922" WIDTH="70" HEIGHT="37" WC="0.92" CONTENT="(m),"/><SP WIDTH="18" VPOS="922" HPOS="606"/>
							<String ID="string_78" HPOS="624" VPOS="920" WIDTH="167" HEIGHT="32" WC="0.95" CONTENT="Österdahl"/><SP WIDTH="16" VPOS="920" HPOS="791"/>
							<String ID="string_79" HPOS="807" VPOS="920" WIDTH="73" HEIGHT="40" WC="0.71" CONTENT="(fp),"/><SP WIDTH="14" VPOS="920" HPOS="880"/>
							<String ID="string_80" HPOS="894" VPOS="920" WIDTH="207" HEIGHT="30" WC="0.96" CONTENT="Andreasson"/><SP WIDTH="16" VPOS="920" HPOS="1101"/>
							<String ID="string_81" HPOS="1117" VPOS="919" WIDTH="78" HEIGHT="40" WC="0.95" CONTENT="(cp),"/><SP WIDTH="15" VPOS="919" HPOS="1195"/>
							<String ID="string_82" HPOS="1210" VPOS="919" WIDTH="143" HEIGHT="30" WC="0.95" CONTENT="Axelson"/><SP WIDTH="16" VPOS="919" HPOS="1353"/>
							<String ID="string_83" HPOS="1369" VPOS="918" WIDTH="72" HEIGHT="39" WC="0.93" CONTENT="(fp),"/><SP WIDTH="16" VPOS="918" HPOS="1441"/>
							<String ID="string_84" HPOS="1457" VPOS="918" WIDTH="153" HEIGHT="31" WC="0.90" CONTENT="Gustavs-"/>
						</TextLine>
						<TextLine ID="line_10" HPOS="123" VPOS="973" WIDTH="1208" HEIGHT="42">
							<String ID="string_85" HPOS="123" VPOS="986" WIDTH="59" HEIGHT="20" WC="0.96" CONTENT="son"/><SP WIDTH="15" VPOS="986" HPOS="182"/>
							<String ID="string_86" HPOS="197" VPOS="977" WIDTH="9" HEIGHT="30" WC="0.96" CONTENT="i"/><SP WIDTH="14" VPOS="977" HPOS="206"/>
							<String ID="string_87" HPOS="220" VPOS="976" WIDTH="132" HEIGHT="31" WC="0.96" CONTENT="Alvesta"/><SP WIDTH="15" VPOS="976" HPOS="352"/>
							<String ID="string_88" HPOS="367" VPOS="976" WIDTH="78" HEIGHT="39" WC="0.96" CONTENT="(cp),"/><SP WIDTH="34" VPOS="976" HPOS="445"/>
							<String ID="string_89" HPOS="479" VPOS="985" WIDTH="118" HEIGHT="21" WC="0.95" CONTENT="Jonsson"/><SP WIDTH="12" VPOS="985" HPOS="597"/>
							<String ID="string_90" HPOS="609" VPOS="977" WIDTH="12" HEIGHT="30" WC="0.95" CONTENT="i"/><SP WIDTH="12" VPOS="977" HPOS="621"/>
							<String ID="string_91" HPOS="633" VPOS="976" WIDTH="97" HEIGHT="30" WC="0.95" CONTENT="Mora"/><SP WIDTH="13" VPOS="976" HPOS="730"/>
							<String ID="string_92" HPOS="743" VPOS="975" WIDTH="61" HEIGHT="39" WC="0.95" CONTENT="(fp)"/><SP WIDTH="14" VPOS="975" HPOS="804"/>
							<String ID="string_93" HPOS="818" VPOS="975" WIDTH="62" HEIGHT="30" WC="0.96" CONTENT="och"/><SP WIDTH="12" VPOS="975" HPOS="880"/>
							<String ID="string_94" HPOS="892" VPOS="973" WIDTH="156" HEIGHT="32" WC="0.92" CONTENT="Åkerlind"/><SP WIDTH="14" VPOS="973" HPOS="1048"/>
							<String ID="string_95" HPOS="1062" VPOS="973" WIDTH="70" HEIGHT="38" WC="0.92" CONTENT="(m),"/><SP WIDTH="14" VPOS="973" HPOS="1132"/>
							<String ID="string_96" HPOS="1146" VPOS="983" WIDTH="70" HEIGHT="21" WC="0.96" CONTENT="som"/><SP WIDTH="13" VPOS="983" HPOS="1216"/>
							<String ID="string_97" HPOS="1229" VPOS="977" WIDTH="102" HEIGHT="26" WC="0.96" CONTENT="ansett"/>
						</TextLine>
					</TextBlock>
					<TextBlock ID="block_8" HPOS="127" VPOS="1025" WIDTH="1482" HEIGHT="98">
						<TextLine ID="line_11" HPOS="169" VPOS="1025" WIDTH="1440" HEIGHT="44">
							<String ID="string_98" HPOS="169" VPOS="1030" WIDTH="68" HEIGHT="30" WC="0.96" CONTENT="dels"/><SP WIDTH="24" VPOS="1030" HPOS="237"/>
							<String ID="string_99" HPOS="261" VPOS="1035" WIDTH="45" HEIGHT="26" WC="0.96" CONTENT="att"/><SP WIDTH="22" VPOS="1035" HPOS="306"/>
							<String ID="string_100" HPOS="328" VPOS="1029" WIDTH="168" HEIGHT="32" WC="0.96" CONTENT="utskottets"/><SP WIDTH="23" VPOS="1029" HPOS="496"/>
							<String ID="string_101" HPOS="519" VPOS="1029" WIDTH="146" HEIGHT="40" WC="0.96" CONTENT="yttrande"/><SP WIDTH="22" VPOS="1029" HPOS="665"/>
							<String ID="string_102" HPOS="687" VPOS="1029" WIDTH="115" HEIGHT="30" WC="0.96" CONTENT="fr.o.m."/><SP WIDTH="24" VPOS="1029" HPOS="802"/>
							<String ID="string_103" HPOS="826" VPOS="1028" WIDTH="54" HEIGHT="31" WC="0.96" CONTENT="det"/><SP WIDTH="23" VPOS="1028" HPOS="880"/>
							<String ID="string_104" HPOS="903" VPOS="1028" WIDTH="114" HEIGHT="31" WC="0.96" CONTENT="avsnitt"/><SP WIDTH="22" VPOS="1028" HPOS="1017"/>
							<String ID="string_105" HPOS="1039" VPOS="1036" WIDTH="68" HEIGHT="22" WC="0.96" CONTENT="som"/><SP WIDTH="22" VPOS="1036" HPOS="1107"/>
							<String ID="string_106" HPOS="1129" VPOS="1026" WIDTH="108" HEIGHT="40" WC="0.96" CONTENT="börjar"/><SP WIDTH="21" VPOS="1026" HPOS="1237"/>
							<String ID="string_107" HPOS="1258" VPOS="1026" WIDTH="43" HEIGHT="41" WC="0.93" CONTENT="på"/><SP WIDTH="20" VPOS="1026" HPOS="1301"/>
							<String ID="string_108" HPOS="1321" VPOS="1036" WIDTH="26" HEIGHT="21" WC="0.93" CONTENT="s."/><SP WIDTH="26" VPOS="1036" HPOS="1347"/>
							<String ID="string_109" HPOS="1373" VPOS="1026" WIDTH="19" HEIGHT="31" WC="0.96" CONTENT="6"/><SP WIDTH="21" VPOS="1026" HPOS="1392"/>
							<String ID="string_110" HPOS="1413" VPOS="1025" WIDTH="74" HEIGHT="31" WC="0.96" CONTENT="med"/><SP WIDTH="23" VPOS="1025" HPOS="1487"/>
							<String ID="string_111" HPOS="1510" VPOS="1025" WIDTH="99" HEIGHT="31" WC="0.95" CONTENT="orden"/>
						</TextLine>
						<TextLine ID="line_12" HPOS="127" VPOS="1082" WIDTH="805" HEIGHT="41">
							<String ID="string_112" HPOS="127" VPOS="1083" WIDTH="203" HEIGHT="40" WC="0.74" CONTENT="»Riksdagen"/><SP WIDTH="11" VPOS="1083" HPOS="330"/>
							<String ID="string_113" HPOS="341" VPOS="1084" WIDTH="77" HEIGHT="30" WC="0.96" CONTENT="har»"/><SP WIDTH="15" VPOS="1084" HPOS="418"/>
							<String ID="string_114" HPOS="433" VPOS="1083" WIDTH="74" HEIGHT="31" WC="0.96" CONTENT="bort"/><SP WIDTH="12" VPOS="1083" HPOS="507"/>
							<String ID="string_115" HPOS="519" VPOS="1082" WIDTH="120" HEIGHT="31" WC="0.96" CONTENT="erhålla"/><SP WIDTH="11" VPOS="1082" HPOS="639"/>
							<String ID="string_116" HPOS="650" VPOS="1082" WIDTH="143" HEIGHT="40" WC="0.96" CONTENT="följande"/><SP WIDTH="11" VPOS="1082" HPOS="793"/>
							<String ID="string_117" HPOS="804" VPOS="1082" WIDTH="128" HEIGHT="39" WC="0.96" CONTENT="lydelse:"/>
						</TextLine>
					</TextBlock>
					<TextBlock ID="block_9" HPOS="121" VPOS="1131" WIDTH="1490" HEIGHT="370">
						<TextLine ID="line_13" HPOS="171" VPOS="1131" WIDTH="1439" HEIGHT="41">
							<String ID="string_118" HPOS="171" VPOS="1136" WIDTH="133" HEIGHT="32" WC="0.46" CONTENT="&gt;»Såsom"/><SP WIDTH="22" VPOS="1136" HPOS="304"/>
							<String ID="string_119" HPOS="326" VPOS="1136" WIDTH="187" HEIGHT="31" WC="0.91" CONTENT="framhållits"/><SP WIDTH="23" VPOS="1136" HPOS="513"/>
							<String ID="string_120" HPOS="536" VPOS="1137" WIDTH="11" HEIGHT="31" WC="0.96" CONTENT="i"/><SP WIDTH="21" VPOS="1137" HPOS="547"/>
							<String ID="string_121" HPOS="568" VPOS="1137" WIDTH="201" HEIGHT="30" WC="0.96" CONTENT="motionerna"/><SP WIDTH="21" VPOS="1137" HPOS="769"/>
							<String ID="string_122" HPOS="790" VPOS="1135" WIDTH="126" HEIGHT="31" WC="0.95" CONTENT="medför"/><SP WIDTH="21" VPOS="1135" HPOS="916"/>
							<String ID="string_123" HPOS="937" VPOS="1135" WIDTH="63" HEIGHT="30" WC="0.96" CONTENT="den"/><SP WIDTH="21" VPOS="1135" HPOS="1000"/>
							<String ID="string_124" HPOS="1021" VPOS="1134" WIDTH="184" HEIGHT="31" WC="0.95" CONTENT="nuvarande"/><SP WIDTH="20" VPOS="1134" HPOS="1205"/>
							<String ID="string_125" HPOS="1225" VPOS="1133" WIDTH="246" HEIGHT="39" WC="0.96" CONTENT="finansieringen"/><SP WIDTH="22" VPOS="1133" HPOS="1471"/>
							<String ID="string_126" HPOS="1493" VPOS="1142" WIDTH="38" HEIGHT="21" WC="0.93" CONTENT="av"/><SP WIDTH="20" VPOS="1142" HPOS="1531"/>
							<String ID="string_127" HPOS="1551" VPOS="1131" WIDTH="59" HEIGHT="32" WC="0.92" CONTENT="till-"/>
						</TextLine>
						<TextLine ID="line_14" HPOS="121" VPOS="1186" WIDTH="1489" HEIGHT="46">
							<String ID="string_128" HPOS="121" VPOS="1191" WIDTH="353" HEIGHT="41" WC="0.91" CONTENT="läggspensioneringen"/><SP WIDTH="24" VPOS="1191" HPOS="474"/>
							<String ID="string_129" HPOS="498" VPOS="1195" WIDTH="44" HEIGHT="27" WC="0.96" CONTENT="att"/><SP WIDTH="24" VPOS="1195" HPOS="542"/>
							<String ID="string_130" HPOS="566" VPOS="1190" WIDTH="179" HEIGHT="40" WC="0.96" CONTENT="betydande"/><SP WIDTH="24" VPOS="1190" HPOS="745"/>
							<String ID="string_131" HPOS="769" VPOS="1190" WIDTH="132" HEIGHT="40" WC="0.96" CONTENT="avgifter"/><SP WIDTH="22" VPOS="1190" HPOS="901"/>
							<String ID="string_132" HPOS="923" VPOS="1189" WIDTH="122" HEIGHT="40" WC="0.96" CONTENT="erläggs"/><SP WIDTH="24" VPOS="1189" HPOS="1045"/>
							<String ID="string_133" HPOS="1069" VPOS="1189" WIDTH="51" HEIGHT="31" WC="0.93" CONTENT="för"/><SP WIDTH="23" VPOS="1189" HPOS="1120"/>
							<String ID="string_134" HPOS="1143" VPOS="1189" WIDTH="86" HEIGHT="30" WC="0.92" CONTENT="kort-"/><SP WIDTH="25" VPOS="1189" HPOS="1229"/>
							<String ID="string_135" HPOS="1254" VPOS="1188" WIDTH="62" HEIGHT="31" WC="0.93" CONTENT="och"/><SP WIDTH="24" VPOS="1188" HPOS="1316"/>
							<String ID="string_136" HPOS="1340" VPOS="1186" WIDTH="270" HEIGHT="33" WC="0.91" CONTENT="deltidsanställda"/>
						</TextLine>
						<TextLine ID="line_15" HPOS="123" VPOS="1240" WIDTH="1486" HEIGHT="43">
							<String ID="string_137" HPOS="123" VPOS="1250" WIDTH="77" HEIGHT="26" WC="0.96" CONTENT="utan"/><SP WIDTH="24" VPOS="1250" HPOS="200"/>
							<String ID="string_138" HPOS="224" VPOS="1249" WIDTH="45" HEIGHT="27" WC="0.96" CONTENT="att"/><SP WIDTH="21" VPOS="1249" HPOS="269"/>
							<String ID="string_139" HPOS="290" VPOS="1245" WIDTH="42" HEIGHT="30" WC="0.96" CONTENT="de"/><SP WIDTH="25" VPOS="1245" HPOS="332"/>
							<String ID="string_140" HPOS="357" VPOS="1244" WIDTH="154" HEIGHT="31" WC="0.96" CONTENT="anställda"/><SP WIDTH="23" VPOS="1244" HPOS="511"/>
							<String ID="string_141" HPOS="534" VPOS="1243" WIDTH="133" HEIGHT="31" WC="0.96" CONTENT="erhåller"/><SP WIDTH="22" VPOS="1243" HPOS="667"/>
							<String ID="string_142" HPOS="689" VPOS="1242" WIDTH="107" HEIGHT="41" WC="0.93" CONTENT="någon"/><SP WIDTH="21" VPOS="1242" HPOS="796"/>
							<String ID="string_143" HPOS="817" VPOS="1243" WIDTH="221" HEIGHT="39" WC="0.91" CONTENT="pensionsrätt."/><SP WIDTH="26" VPOS="1243" HPOS="1038"/>
							<String ID="string_144" HPOS="1064" VPOS="1243" WIDTH="14" HEIGHT="29" WC="0.97" CONTENT="I"/><SP WIDTH="23" VPOS="1243" HPOS="1078"/>
							<String ID="string_145" HPOS="1101" VPOS="1241" WIDTH="99" HEIGHT="31" WC="0.96" CONTENT="andra"/><SP WIDTH="19" VPOS="1241" HPOS="1200"/>
							<String ID="string_146" HPOS="1219" VPOS="1241" WIDTH="56" HEIGHT="31" WC="0.96" CONTENT="fall"/><SP WIDTH="20" VPOS="1241" HPOS="1275"/>
							<String ID="string_147" HPOS="1295" VPOS="1240" WIDTH="122" HEIGHT="40" WC="0.96" CONTENT="erläggs"/><SP WIDTH="25" VPOS="1240" HPOS="1417"/>
							<String ID="string_148" HPOS="1442" VPOS="1240" WIDTH="97" HEIGHT="40" WC="0.95" CONTENT="avgift"/><SP WIDTH="20" VPOS="1240" HPOS="1539"/>
							<String ID="string_149" HPOS="1559" VPOS="1240" WIDTH="50" HEIGHT="30" WC="0.96" CONTENT="för"/>
						</TextLine>
						<TextLine ID="line_16" HPOS="125" VPOS="1294" WIDTH="1485" HEIGHT="44">
							<String ID="string_150" HPOS="125" VPOS="1299" WIDTH="155" HEIGHT="31" WC="0.96" CONTENT="anställda"/><SP WIDTH="22" VPOS="1299" HPOS="280"/>
							<String ID="string_151" HPOS="302" VPOS="1308" WIDTH="39" HEIGHT="21" WC="0.96" CONTENT="av"/><SP WIDTH="21" VPOS="1308" HPOS="341"/>
							<String ID="string_152" HPOS="362" VPOS="1298" WIDTH="62" HEIGHT="31" WC="0.96" CONTENT="den"/><SP WIDTH="22" VPOS="1298" HPOS="424"/>
							<String ID="string_153" HPOS="446" VPOS="1298" WIDTH="142" HEIGHT="40" WC="0.95" CONTENT="åsyftade"/><SP WIDTH="20" VPOS="1298" HPOS="588"/>
							<String ID="string_154" HPOS="608" VPOS="1297" WIDTH="165" HEIGHT="40" WC="0.96" CONTENT="kategorin"/><SP WIDTH="19" VPOS="1297" HPOS="773"/>
							<String ID="string_155" HPOS="792" VPOS="1302" WIDTH="78" HEIGHT="25" WC="0.96" CONTENT="utan"/><SP WIDTH="21" VPOS="1302" HPOS="870"/>
							<String ID="string_156" HPOS="891" VPOS="1301" WIDTH="44" HEIGHT="26" WC="0.95" CONTENT="att"/><SP WIDTH="19" VPOS="1301" HPOS="935"/>
							<String ID="string_157" HPOS="954" VPOS="1296" WIDTH="42" HEIGHT="30" WC="0.96" CONTENT="de"/><SP WIDTH="20" VPOS="1296" HPOS="996"/>
							<String ID="string_158" HPOS="1016" VPOS="1295" WIDTH="133" HEIGHT="32" WC="0.96" CONTENT="erhåller"/><SP WIDTH="20" VPOS="1295" HPOS="1149"/>
							<String ID="string_159" HPOS="1169" VPOS="1294" WIDTH="35" HEIGHT="32" WC="0.96" CONTENT="så"/><SP WIDTH="17" VPOS="1294" HPOS="1204"/>
							<String ID="string_160" HPOS="1221" VPOS="1299" WIDTH="68" HEIGHT="27" WC="0.93" CONTENT="stor"/><SP WIDTH="18" VPOS="1299" HPOS="1289"/>
							<String ID="string_161" HPOS="1307" VPOS="1295" WIDTH="214" HEIGHT="40" WC="0.90" CONTENT="pensionsrätt"/><SP WIDTH="17" VPOS="1295" HPOS="1521"/>
							<String ID="string_162" HPOS="1538" VPOS="1303" WIDTH="72" HEIGHT="22" WC="0.97" CONTENT="som"/>
						</TextLine>
						<TextLine ID="line_17" HPOS="124" VPOS="1347" WIDTH="1487" HEIGHT="45">
							<String ID="string_163" HPOS="124" VPOS="1353" WIDTH="153" HEIGHT="39" WC="0.91" CONTENT="avgiftens"/><SP WIDTH="28" VPOS="1353" HPOS="277"/>
							<String ID="string_164" HPOS="305" VPOS="1352" WIDTH="118" HEIGHT="32" WC="0.96" CONTENT="storlek"/><SP WIDTH="25" VPOS="1352" HPOS="423"/>
							<String ID="string_165" HPOS="448" VPOS="1352" WIDTH="103" HEIGHT="31" WC="0.96" CONTENT="skulle"/><SP WIDTH="24" VPOS="1352" HPOS="551"/>
							<String ID="string_166" HPOS="575" VPOS="1352" WIDTH="164" HEIGHT="30" WC="0.96" CONTENT="motivera."/><SP WIDTH="28" VPOS="1352" HPOS="739"/>
							<String ID="string_167" HPOS="767" VPOS="1350" WIDTH="162" HEIGHT="31" WC="0.96" CONTENT="Utskottet"/><SP WIDTH="24" VPOS="1350" HPOS="929"/>
							<String ID="string_168" HPOS="953" VPOS="1351" WIDTH="104" HEIGHT="30" WC="0.96" CONTENT="finner"/><SP WIDTH="22" VPOS="1351" HPOS="1057"/>
							<String ID="string_169" HPOS="1079" VPOS="1349" WIDTH="93" HEIGHT="31" WC="0.96" CONTENT="dessa"/><SP WIDTH="25" VPOS="1349" HPOS="1172"/>
							<String ID="string_170" HPOS="1197" VPOS="1348" WIDTH="221" HEIGHT="32" WC="0.91" CONTENT="förhållanden"/><SP WIDTH="25" VPOS="1348" HPOS="1418"/>
							<String ID="string_171" HPOS="1443" VPOS="1347" WIDTH="168" HEIGHT="32" WC="0.90" CONTENT="otillfreds-"/>
						</TextLine>
						<TextLine ID="line_18" HPOS="125" VPOS="1401" WIDTH="1485" HEIGHT="44">
							<String ID="string_172" HPOS="125" VPOS="1407" WIDTH="155" HEIGHT="31" WC="0.96" CONTENT="ställande"/><SP WIDTH="23" VPOS="1407" HPOS="280"/>
							<String ID="string_173" HPOS="303" VPOS="1406" WIDTH="62" HEIGHT="31" WC="0.95" CONTENT="och"/><SP WIDTH="23" VPOS="1406" HPOS="365"/>
							<String ID="string_174" HPOS="388" VPOS="1406" WIDTH="53" HEIGHT="31" WC="0.96" CONTENT="vill"/><SP WIDTH="23" VPOS="1406" HPOS="441"/>
							<String ID="string_175" HPOS="464" VPOS="1405" WIDTH="125" HEIGHT="32" WC="0.96" CONTENT="särskilt"/><SP WIDTH="21" VPOS="1405" HPOS="589"/>
							<String ID="string_176" HPOS="610" VPOS="1405" WIDTH="127" HEIGHT="40" WC="0.96" CONTENT="påpeka"/><SP WIDTH="23" VPOS="1405" HPOS="737"/>
							<String ID="string_177" HPOS="760" VPOS="1410" WIDTH="44" HEIGHT="26" WC="0.93" CONTENT="att"/><SP WIDTH="22" VPOS="1410" HPOS="804"/>
							<String ID="string_178" HPOS="826" VPOS="1404" WIDTH="244" HEIGHT="40" WC="0.88" CONTENT="olägenheterna"/><SP WIDTH="22" VPOS="1404" HPOS="1070"/>
							<String ID="string_179" HPOS="1092" VPOS="1404" WIDTH="46" HEIGHT="30" WC="0.96" CONTENT="till"/><SP WIDTH="21" VPOS="1404" HPOS="1138"/>
							<String ID="string_180" HPOS="1159" VPOS="1402" WIDTH="221" HEIGHT="40" WC="0.96" CONTENT="övervägande"/><SP WIDTH="20" VPOS="1402" HPOS="1380"/>
							<String ID="string_181" HPOS="1400" VPOS="1402" WIDTH="52" HEIGHT="31" WC="0.96" CONTENT="del"/><SP WIDTH="21" VPOS="1402" HPOS="1452"/>
							<String ID="string_182" HPOS="1473" VPOS="1401" WIDTH="137" HEIGHT="31" WC="0.96" CONTENT="drabbar"/>
						</TextLine>
						<TextLine ID="line_19" HPOS="123" VPOS="1458" WIDTH="664" HEIGHT="43">
							<String ID="string_183" HPOS="123" VPOS="1470" WIDTH="152" HEIGHT="31" WC="0.67" CONTENT="nersoner"/><SP WIDTH="16" VPOS="1470" HPOS="275"/>
							<String ID="string_184" HPOS="291" VPOS="1460" WIDTH="73" HEIGHT="31" WC="0.96" CONTENT="med"/><SP WIDTH="16" VPOS="1460" HPOS="364"/>
							<String ID="string_185" HPOS="380" VPOS="1460" WIDTH="125" HEIGHT="31" WC="0.96" CONTENT="relativt"/><SP WIDTH="15" VPOS="1460" HPOS="505"/>
							<String ID="string_186" HPOS="520" VPOS="1459" WIDTH="69" HEIGHT="32" WC="0.96" CONTENT="små"/><SP WIDTH="15" VPOS="1459" HPOS="589"/>
							<String ID="string_187" HPOS="604" VPOS="1458" WIDTH="183" HEIGHT="33" WC="0.96" CONTENT="inkomster."/>
						</TextLine>
					</TextBlock>
					<TextBlock ID="block_10" HPOS="124" VPOS="1509" WIDTH="1486" HEIGHT="313">
						<TextLine ID="line_20" HPOS="169" VPOS="1509" WIDTH="1440" HEIGHT="44">
							<String ID="string_188" HPOS="169" VPOS="1513" WIDTH="402" HEIGHT="40" WC="0.90" CONTENT="Riksförsäkringsverkets"/><SP WIDTH="21" VPOS="1513" HPOS="571"/>
							<String ID="string_189" HPOS="592" VPOS="1513" WIDTH="145" HEIGHT="40" WC="0.96" CONTENT="yttrande"/><SP WIDTH="20" VPOS="1513" HPOS="737"/>
							<String ID="string_190" HPOS="757" VPOS="1513" WIDTH="84" HEIGHT="30" WC="0.96" CONTENT="visar"/><SP WIDTH="22" VPOS="1513" HPOS="841"/>
							<String ID="string_191" HPOS="863" VPOS="1516" WIDTH="44" HEIGHT="26" WC="0.96" CONTENT="att"/><SP WIDTH="20" VPOS="1516" HPOS="907"/>
							<String ID="string_192" HPOS="927" VPOS="1512" WIDTH="54" HEIGHT="30" WC="0.96" CONTENT="det"/><SP WIDTH="21" VPOS="1512" HPOS="981"/>
							<String ID="string_193" HPOS="1002" VPOS="1512" WIDTH="35" HEIGHT="30" WC="0.96" CONTENT="är"/><SP WIDTH="20" VPOS="1512" HPOS="1037"/>
							<String ID="string_194" HPOS="1057" VPOS="1510" WIDTH="122" HEIGHT="40" WC="0.96" CONTENT="möjligt"/><SP WIDTH="20" VPOS="1510" HPOS="1179"/>
							<String ID="string_195" HPOS="1199" VPOS="1516" WIDTH="44" HEIGHT="26" WC="0.96" CONTENT="att"/><SP WIDTH="20" VPOS="1516" HPOS="1243"/>
							<String ID="string_196" HPOS="1263" VPOS="1512" WIDTH="77" HEIGHT="38" WC="0.96" CONTENT="göra"/><SP WIDTH="20" VPOS="1512" HPOS="1340"/>
							<String ID="string_197" HPOS="1360" VPOS="1510" WIDTH="221" HEIGHT="39" WC="0.96" CONTENT="förändringar"/><SP WIDTH="21" VPOS="1510" HPOS="1581"/>
							<String ID="string_198" HPOS="1602" VPOS="1509" WIDTH="7" HEIGHT="30" WC="0.96" CONTENT="i"/>
						</TextLine>
						<TextLine ID="line_21" HPOS="124" VPOS="1563" WIDTH="1486" HEIGHT="43">
							<String ID="string_199" HPOS="124" VPOS="1568" WIDTH="184" HEIGHT="31" WC="0.95" CONTENT="nuvarande"/><SP WIDTH="24" VPOS="1568" HPOS="308"/>
							<String ID="string_200" HPOS="332" VPOS="1568" WIDTH="144" HEIGHT="38" WC="0.95" CONTENT="ordning,"/><SP WIDTH="24" VPOS="1568" HPOS="476"/>
							<String ID="string_201" HPOS="500" VPOS="1567" WIDTH="35" HEIGHT="30" WC="0.96" CONTENT="så"/><SP WIDTH="24" VPOS="1567" HPOS="535"/>
							<String ID="string_202" HPOS="559" VPOS="1571" WIDTH="44" HEIGHT="27" WC="0.96" CONTENT="att"/><SP WIDTH="20" VPOS="1571" HPOS="603"/>
							<String ID="string_203" HPOS="623" VPOS="1576" WIDTH="75" HEIGHT="21" WC="0.96" CONTENT="man"/><SP WIDTH="22" VPOS="1576" HPOS="698"/>
							<String ID="string_204" HPOS="720" VPOS="1565" WIDTH="125" HEIGHT="41" WC="0.96" CONTENT="uppnår"/><SP WIDTH="20" VPOS="1565" HPOS="845"/>
							<String ID="string_205" HPOS="865" VPOS="1565" WIDTH="104" HEIGHT="31" WC="0.92" CONTENT="bättre"/><SP WIDTH="21" VPOS="1565" HPOS="969"/>
							<String ID="string_206" HPOS="990" VPOS="1563" WIDTH="331" HEIGHT="32" WC="0.91" CONTENT="överensstämmelser"/><SP WIDTH="20" VPOS="1563" HPOS="1321"/>
							<String ID="string_207" HPOS="1341" VPOS="1563" WIDTH="117" HEIGHT="31" WC="0.96" CONTENT="mellan"/><SP WIDTH="23" VPOS="1563" HPOS="1458"/>
							<String ID="string_208" HPOS="1481" VPOS="1563" WIDTH="129" HEIGHT="40" WC="0.96" CONTENT="avgifter"/>
						</TextLine>
						<TextLine ID="line_22" HPOS="125" VPOS="1616" WIDTH="1485" HEIGHT="43">
							<String ID="string_209" HPOS="125" VPOS="1622" WIDTH="61" HEIGHT="31" WC="0.96" CONTENT="och"/><SP WIDTH="22" VPOS="1622" HPOS="186"/>
							<String ID="string_210" HPOS="208" VPOS="1621" WIDTH="170" HEIGHT="31" WC="0.95" CONTENT="förmåner."/><SP WIDTH="24" VPOS="1621" HPOS="378"/>
							<String ID="string_211" HPOS="402" VPOS="1621" WIDTH="64" HEIGHT="31" WC="0.96" CONTENT="Det"/><SP WIDTH="19" VPOS="1621" HPOS="466"/>
							<String ID="string_212" HPOS="485" VPOS="1620" WIDTH="65" HEIGHT="31" WC="0.96" CONTENT="kan"/><SP WIDTH="22" VPOS="1620" HPOS="550"/>
							<String ID="string_213" HPOS="572" VPOS="1619" WIDTH="90" HEIGHT="32" WC="0.95" CONTENT="alltså"/><SP WIDTH="19" VPOS="1619" HPOS="662"/>
							<String ID="string_214" HPOS="681" VPOS="1621" WIDTH="66" HEIGHT="30" WC="0.96" CONTENT="inte"/><SP WIDTH="19" VPOS="1621" HPOS="747"/>
							<String ID="string_215" HPOS="766" VPOS="1619" WIDTH="74" HEIGHT="31" WC="0.96" CONTENT="med"/><SP WIDTH="20" VPOS="1619" HPOS="840"/>
							<String ID="string_216" HPOS="860" VPOS="1619" WIDTH="56" HEIGHT="40" WC="0.96" CONTENT="fog"/><SP WIDTH="18" VPOS="1619" HPOS="916"/>
							<String ID="string_217" HPOS="934" VPOS="1620" WIDTH="93" HEIGHT="38" WC="0.96" CONTENT="göras"/><SP WIDTH="22" VPOS="1620" HPOS="1027"/>
							<String ID="string_218" HPOS="1049" VPOS="1618" WIDTH="144" HEIGHT="40" WC="0.96" CONTENT="gällande"/><SP WIDTH="21" VPOS="1618" HPOS="1193"/>
							<String ID="string_219" HPOS="1214" VPOS="1623" WIDTH="45" HEIGHT="26" WC="0.96" CONTENT="att"/><SP WIDTH="17" VPOS="1623" HPOS="1259"/>
							<String ID="string_220" HPOS="1276" VPOS="1617" WIDTH="54" HEIGHT="32" WC="0.96" CONTENT="det"/><SP WIDTH="19" VPOS="1617" HPOS="1330"/>
							<String ID="string_221" HPOS="1349" VPOS="1619" WIDTH="65" HEIGHT="30" WC="0.96" CONTENT="inte"/><SP WIDTH="21" VPOS="1619" HPOS="1414"/>
							<String ID="string_222" HPOS="1435" VPOS="1619" WIDTH="34" HEIGHT="29" WC="0.96" CONTENT="är"/><SP WIDTH="20" VPOS="1619" HPOS="1469"/>
							<String ID="string_223" HPOS="1489" VPOS="1616" WIDTH="121" HEIGHT="40" WC="0.96" CONTENT="möjligt"/>
						</TextLine>
						<TextLine ID="line_23" HPOS="125" VPOS="1670" WIDTH="1484" HEIGHT="45">
							<String ID="string_224" HPOS="125" VPOS="1681" WIDTH="44" HEIGHT="25" WC="0.96" CONTENT="att"/><SP WIDTH="27" VPOS="1681" HPOS="169"/>
							<String ID="string_225" HPOS="196" VPOS="1675" WIDTH="167" HEIGHT="40" WC="0.93" CONTENT="tillgodose"/><SP WIDTH="25" VPOS="1675" HPOS="363"/>
							<String ID="string_226" HPOS="388" VPOS="1675" WIDTH="215" HEIGHT="30" WC="0.91" CONTENT="motionernas"/><SP WIDTH="26" VPOS="1675" HPOS="603"/>
							<String ID="string_227" HPOS="629" VPOS="1674" WIDTH="83" HEIGHT="39" WC="0.96" CONTENT="syfte"/><SP WIDTH="24" VPOS="1674" HPOS="712"/>
							<String ID="string_228" HPOS="736" VPOS="1678" WIDTH="77" HEIGHT="26" WC="0.96" CONTENT="utan"/><SP WIDTH="27" VPOS="1678" HPOS="813"/>
							<String ID="string_229" HPOS="840" VPOS="1678" WIDTH="43" HEIGHT="26" WC="0.96" CONTENT="att"/><SP WIDTH="24" VPOS="1678" HPOS="883"/>
							<String ID="string_230" HPOS="907" VPOS="1673" WIDTH="203" HEIGHT="39" WC="0.96" CONTENT="principerna"/><SP WIDTH="23" VPOS="1673" HPOS="1110"/>
							<String ID="string_231" HPOS="1133" VPOS="1672" WIDTH="51" HEIGHT="31" WC="0.93" CONTENT="för"/><SP WIDTH="23" VPOS="1672" HPOS="1184"/>
							<String ID="string_232" HPOS="1207" VPOS="1672" WIDTH="250" HEIGHT="38" WC="0.91" CONTENT="ATP-systemet"/><SP WIDTH="25" VPOS="1672" HPOS="1457"/>
							<String ID="string_233" HPOS="1482" VPOS="1670" WIDTH="127" HEIGHT="31" WC="0.96" CONTENT="rubbas."/>
						</TextLine>
						<TextLine ID="line_24" HPOS="126" VPOS="1724" WIDTH="1484" HEIGHT="41">
							<String ID="string_234" HPOS="126" VPOS="1729" WIDTH="161" HEIGHT="31" WC="0.96" CONTENT="Utskottet"/><SP WIDTH="18" VPOS="1729" HPOS="287"/>
							<String ID="string_235" HPOS="305" VPOS="1728" WIDTH="148" HEIGHT="31" WC="0.96" CONTENT="förordar"/><SP WIDTH="22" VPOS="1728" HPOS="453"/>
							<String ID="string_236" HPOS="475" VPOS="1733" WIDTH="44" HEIGHT="26" WC="0.96" CONTENT="att"/><SP WIDTH="20" VPOS="1733" HPOS="519"/>
							<String ID="string_237" HPOS="539" VPOS="1728" WIDTH="41" HEIGHT="31" WC="0.96" CONTENT="de"/><SP WIDTH="20" VPOS="1728" HPOS="580"/>
							<String ID="string_238" HPOS="600" VPOS="1738" WIDTH="39" HEIGHT="21" WC="0.96" CONTENT="av"/><SP WIDTH="20" VPOS="1738" HPOS="639"/>
							<String ID="string_239" HPOS="659" VPOS="1728" WIDTH="235" HEIGHT="30" WC="0.96" CONTENT="motionärerna"/><SP WIDTH="20" VPOS="1728" HPOS="894"/>
							<String ID="string_240" HPOS="914" VPOS="1726" WIDTH="230" HEIGHT="31" WC="0.96" CONTENT="aktualiserade"/><SP WIDTH="17" VPOS="1726" HPOS="1144"/>
							<String ID="string_241" HPOS="1161" VPOS="1724" WIDTH="149" HEIGHT="41" WC="0.96" CONTENT="frågorna"/><SP WIDTH="18" VPOS="1724" HPOS="1310"/>
							<String ID="string_242" HPOS="1328" VPOS="1725" WIDTH="60" HEIGHT="31" WC="0.96" CONTENT="blir"/><SP WIDTH="19" VPOS="1725" HPOS="1388"/>
							<String ID="string_243" HPOS="1407" VPOS="1724" WIDTH="134" HEIGHT="31" WC="0.96" CONTENT="föremål"/><SP WIDTH="19" VPOS="1724" HPOS="1541"/>
							<String ID="string_244" HPOS="1560" VPOS="1725" WIDTH="50" HEIGHT="30" WC="0.96" CONTENT="för"/>
						</TextLine>
						<TextLine ID="line_25" HPOS="126" VPOS="1782" WIDTH="337" HEIGHT="40">
							<String ID="string_245" HPOS="126" VPOS="1783" WIDTH="122" HEIGHT="39" WC="0.96" CONTENT="allsidig"/><SP WIDTH="17" VPOS="1783" HPOS="248"/>
							<String ID="string_246" HPOS="265" VPOS="1782" WIDTH="198" HEIGHT="39" WC="0.70" CONTENT="utredning.»"/>
						</TextLine>
					</TextBlock>
					<TextBlock ID="block_11" HPOS="170" VPOS="1835" WIDTH="565" HEIGHT="36">
						<TextLine ID="line_26" HPOS="170" VPOS="1835" WIDTH="565" HEIGHT="36">
							<String ID="string_247" HPOS="170" VPOS="1837" WIDTH="68" HEIGHT="30" WC="0.96" CONTENT="dels"/><SP WIDTH="15" VPOS="1837" HPOS="238"/>
							<String ID="string_248" HPOS="253" VPOS="1841" WIDTH="43" HEIGHT="26" WC="0.96" CONTENT="att"/><SP WIDTH="13" VPOS="1841" HPOS="296"/>
							<String ID="string_249" HPOS="309" VPOS="1835" WIDTH="153" HEIGHT="32" WC="0.96" CONTENT="utskottet"/><SP WIDTH="12" VPOS="1835" HPOS="462"/>
							<String ID="string_250" HPOS="474" VPOS="1835" WIDTH="73" HEIGHT="31" WC="0.93" CONTENT="bort"/><SP WIDTH="12" VPOS="1835" HPOS="547"/>
							<String ID="string_251" HPOS="559" VPOS="1835" WIDTH="176" HEIGHT="36" WC="0.91" CONTENT="hemställa,"/>
						</TextLine>
					</TextBlock>
					<TextBlock ID="block_12" HPOS="442" VPOS="1885" WIDTH="1170" HEIGHT="255">
						<TextLine ID="line_27" HPOS="493" VPOS="1885" WIDTH="1118" HEIGHT="42">
							<String ID="string_252" HPOS="493" VPOS="1889" WIDTH="59" HEIGHT="30" WC="0.53" CONTENT="»A."/><SP WIDTH="23" VPOS="1889" HPOS="552"/>
							<String ID="string_253" HPOS="575" VPOS="1893" WIDTH="44" HEIGHT="27" WC="0.96" CONTENT="att"/><SP WIDTH="18" VPOS="1893" HPOS="619"/>
							<String ID="string_254" HPOS="637" VPOS="1888" WIDTH="169" HEIGHT="39" WC="0.95" CONTENT="riksdagen"/><SP WIDTH="19" VPOS="1888" HPOS="806"/>
							<String ID="string_255" HPOS="825" VPOS="1889" WIDTH="11" HEIGHT="30" WC="0.96" CONTENT="i"/><SP WIDTH="20" VPOS="1889" HPOS="836"/>
							<String ID="string_256" HPOS="856" VPOS="1887" WIDTH="168" HEIGHT="39" WC="0.96" CONTENT="anledning"/><SP WIDTH="19" VPOS="1887" HPOS="1024"/>
							<String ID="string_257" HPOS="1043" VPOS="1896" WIDTH="39" HEIGHT="21" WC="0.96" CONTENT="av"/><SP WIDTH="18" VPOS="1896" HPOS="1082"/>
							<String ID="string_258" HPOS="1100" VPOS="1887" WIDTH="201" HEIGHT="31" WC="0.96" CONTENT="motionerna"/><SP WIDTH="17" VPOS="1887" HPOS="1301"/>
							<String ID="string_259" HPOS="1318" VPOS="1887" WIDTH="24" HEIGHT="30" WC="0.94" CONTENT="I:"/><SP WIDTH="18" VPOS="1887" HPOS="1342"/>
							<String ID="string_260" HPOS="1360" VPOS="1886" WIDTH="37" HEIGHT="30" WC="0.96" CONTENT="31"/><SP WIDTH="24" VPOS="1886" HPOS="1397"/>
							<String ID="string_261" HPOS="1421" VPOS="1886" WIDTH="61" HEIGHT="30" WC="0.96" CONTENT="och"/><SP WIDTH="18" VPOS="1886" HPOS="1482"/>
							<String ID="string_262" HPOS="1500" VPOS="1885" WIDTH="41" HEIGHT="31" WC="0.95" CONTENT="II:"/><SP WIDTH="17" VPOS="1885" HPOS="1541"/>
							<String ID="string_263" HPOS="1558" VPOS="1885" WIDTH="53" HEIGHT="36" WC="0.96" CONTENT="36,"/>
						</TextLine>
						<TextLine ID="line_28" HPOS="444" VPOS="1939" WIDTH="1168" HEIGHT="43">
							<String ID="string_264" HPOS="444" VPOS="1942" WIDTH="92" HEIGHT="32" WC="0.96" CONTENT="såvitt"/><SP WIDTH="28" VPOS="1942" HPOS="536"/>
							<String ID="string_265" HPOS="564" VPOS="1941" WIDTH="97" HEIGHT="41" WC="0.95" CONTENT="angår"/><SP WIDTH="27" VPOS="1941" HPOS="661"/>
							<String ID="string_266" HPOS="688" VPOS="1941" WIDTH="188" HEIGHT="32" WC="0.96" CONTENT="sambandet"/><SP WIDTH="25" VPOS="1941" HPOS="876"/>
							<String ID="string_267" HPOS="901" VPOS="1940" WIDTH="117" HEIGHT="31" WC="0.95" CONTENT="mellan"/><SP WIDTH="28" VPOS="1940" HPOS="1018"/>
							<String ID="string_268" HPOS="1046" VPOS="1940" WIDTH="130" HEIGHT="40" WC="0.96" CONTENT="avgifter"/><SP WIDTH="27" VPOS="1940" HPOS="1176"/>
							<String ID="string_269" HPOS="1203" VPOS="1940" WIDTH="62" HEIGHT="30" WC="0.96" CONTENT="och"/><SP WIDTH="25" VPOS="1940" HPOS="1265"/>
							<String ID="string_270" HPOS="1290" VPOS="1939" WIDTH="161" HEIGHT="31" WC="0.96" CONTENT="förmåner"/><SP WIDTH="25" VPOS="1939" HPOS="1451"/>
							<String ID="string_271" HPOS="1476" VPOS="1941" WIDTH="10" HEIGHT="30" WC="0.93" CONTENT="i"/><SP WIDTH="26" VPOS="1941" HPOS="1486"/>
							<String ID="string_272" HPOS="1512" VPOS="1939" WIDTH="100" HEIGHT="30" WC="0.92" CONTENT="ATP-"/>
						</TextLine>
						<TextLine ID="line_29" HPOS="442" VPOS="1992" WIDTH="1167" HEIGHT="44">
							<String ID="string_273" HPOS="442" VPOS="2001" WIDTH="161" HEIGHT="35" WC="0.95" CONTENT="systemet,"/><SP WIDTH="15" VPOS="2001" HPOS="603"/>
							<String ID="string_274" HPOS="618" VPOS="2000" WIDTH="82" HEIGHT="26" WC="0.96" CONTENT="samt"/><SP WIDTH="12" VPOS="2000" HPOS="700"/>
							<String ID="string_275" HPOS="712" VPOS="1996" WIDTH="200" HEIGHT="30" WC="0.96" CONTENT="motionerna"/><SP WIDTH="11" VPOS="1996" HPOS="912"/>
							<String ID="string_276" HPOS="923" VPOS="1995" WIDTH="25" HEIGHT="30" WC="0.96" CONTENT="I:"/><SP WIDTH="15" VPOS="1995" HPOS="948"/>
							<String ID="string_277" HPOS="963" VPOS="1995" WIDTH="66" HEIGHT="30" WC="0.96" CONTENT="414"/><SP WIDTH="15" VPOS="1995" HPOS="1029"/>
							<String ID="string_278" HPOS="1044" VPOS="1994" WIDTH="61" HEIGHT="31" WC="0.96" CONTENT="och"/><SP WIDTH="11" VPOS="1994" HPOS="1105"/>
							<String ID="string_279" HPOS="1116" VPOS="1994" WIDTH="41" HEIGHT="31" WC="0.96" CONTENT="II:"/><SP WIDTH="16" VPOS="1994" HPOS="1157"/>
							<String ID="string_280" HPOS="1173" VPOS="1994" WIDTH="64" HEIGHT="31" WC="0.96" CONTENT="587"/><SP WIDTH="15" VPOS="1994" HPOS="1237"/>
							<String ID="string_281" HPOS="1252" VPOS="1995" WIDTH="9" HEIGHT="30" WC="0.96" CONTENT="i"/><SP WIDTH="12" VPOS="1995" HPOS="1261"/>
							<String ID="string_282" HPOS="1273" VPOS="1993" WIDTH="152" HEIGHT="32" WC="0.96" CONTENT="skrivelse"/><SP WIDTH="12" VPOS="1993" HPOS="1425"/>
							<String ID="string_283" HPOS="1437" VPOS="1993" WIDTH="45" HEIGHT="31" WC="0.96" CONTENT="till"/><SP WIDTH="12" VPOS="1993" HPOS="1482"/>
							<String ID="string_284" HPOS="1494" VPOS="1992" WIDTH="115" HEIGHT="40" WC="0.89" CONTENT="Kungl."/>
						</TextLine>
						<TextLine ID="line_30" HPOS="444" VPOS="2046" WIDTH="1168" HEIGHT="43">
							<String ID="string_285" HPOS="444" VPOS="2050" WIDTH="96" HEIGHT="39" WC="0.94" CONTENT="Maj:t"/><SP WIDTH="21" VPOS="2050" HPOS="540"/>
							<String ID="string_286" HPOS="561" VPOS="2050" WIDTH="180" HEIGHT="30" WC="0.96" CONTENT="hemställer"/><SP WIDTH="21" VPOS="2050" HPOS="741"/>
							<String ID="string_287" HPOS="762" VPOS="2059" WIDTH="54" HEIGHT="21" WC="0.96" CONTENT="om"/><SP WIDTH="20" VPOS="2059" HPOS="816"/>
							<String ID="string_288" HPOS="836" VPOS="2048" WIDTH="167" HEIGHT="39" WC="0.96" CONTENT="utredning"/><SP WIDTH="20" VPOS="2048" HPOS="1003"/>
							<String ID="string_289" HPOS="1023" VPOS="2049" WIDTH="10" HEIGHT="30" WC="0.96" CONTENT="i"/><SP WIDTH="22" VPOS="2049" HPOS="1033"/>
							<String ID="string_290" HPOS="1055" VPOS="2048" WIDTH="136" HEIGHT="39" WC="0.96" CONTENT="enlighet"/><SP WIDTH="20" VPOS="2048" HPOS="1191"/>
							<String ID="string_291" HPOS="1211" VPOS="2047" WIDTH="73" HEIGHT="31" WC="0.96" CONTENT="med"/><SP WIDTH="19" VPOS="2047" HPOS="1284"/>
							<String ID="string_292" HPOS="1303" VPOS="2047" WIDTH="62" HEIGHT="30" WC="0.96" CONTENT="vad"/><SP WIDTH="20" VPOS="2047" HPOS="1365"/>
							<String ID="string_293" HPOS="1385" VPOS="2046" WIDTH="152" HEIGHT="32" WC="0.93" CONTENT="utskottet"/><SP WIDTH="21" VPOS="2046" HPOS="1537"/>
							<String ID="string_294" HPOS="1558" VPOS="2056" WIDTH="54" HEIGHT="21" WC="0.93" CONTENT="an-"/>
						</TextLine>
						<TextLine ID="line_31" HPOS="444" VPOS="2104" WIDTH="177" HEIGHT="36">
							<String ID="string_295" HPOS="444" VPOS="2104" WIDTH="76" HEIGHT="36" WC="0.96" CONTENT="fört;"/><SP WIDTH="18" VPOS="2104" HPOS="520"/>
							<String ID="string_296" HPOS="538" VPOS="2108" WIDTH="83" HEIGHT="27" WC="0.96" CONTENT="samt"/>
						</TextLine>
					</TextBlock>
					<TextBlock ID="block_13" HPOS="443" VPOS="2153" WIDTH="1169" HEIGHT="95">
						<TextLine ID="line_32" HPOS="489" VPOS="2153" WIDTH="1123" HEIGHT="41">
							<String ID="string_297" HPOS="489" VPOS="2158" WIDTH="37" HEIGHT="30" WC="0.92" CONTENT="B."/><SP WIDTH="29" VPOS="2158" HPOS="526"/>
							<String ID="string_298" HPOS="555" VPOS="2162" WIDTH="43" HEIGHT="26" WC="0.96" CONTENT="att"/><SP WIDTH="24" VPOS="2162" HPOS="598"/>
							<String ID="string_299" HPOS="622" VPOS="2157" WIDTH="210" HEIGHT="36" WC="0.96" CONTENT="motionerna,"/><SP WIDTH="24" VPOS="2157" HPOS="832"/>
							<String ID="string_300" HPOS="856" VPOS="2157" WIDTH="10" HEIGHT="30" WC="0.96" CONTENT="i"/><SP WIDTH="24" VPOS="2157" HPOS="866"/>
							<String ID="string_301" HPOS="890" VPOS="2155" WIDTH="63" HEIGHT="31" WC="0.96" CONTENT="den"/><SP WIDTH="24" VPOS="2155" HPOS="953"/>
							<String ID="string_302" HPOS="977" VPOS="2154" WIDTH="75" HEIGHT="32" WC="0.96" CONTENT="mån"/><SP WIDTH="23" VPOS="2154" HPOS="1052"/>
							<String ID="string_303" HPOS="1075" VPOS="2155" WIDTH="41" HEIGHT="30" WC="0.96" CONTENT="de"/><SP WIDTH="23" VPOS="2155" HPOS="1116"/>
							<String ID="string_304" HPOS="1139" VPOS="2155" WIDTH="64" HEIGHT="31" WC="0.96" CONTENT="inte"/><SP WIDTH="23" VPOS="2155" HPOS="1203"/>
							<String ID="string_305" HPOS="1226" VPOS="2154" WIDTH="161" HEIGHT="31" WC="0.96" CONTENT="besvarats"/><SP WIDTH="25" VPOS="2154" HPOS="1387"/>
							<String ID="string_306" HPOS="1412" VPOS="2163" WIDTH="115" HEIGHT="31" WC="0.96" CONTENT="genom"/><SP WIDTH="24" VPOS="2163" HPOS="1527"/>
							<String ID="string_307" HPOS="1551" VPOS="2153" WIDTH="61" HEIGHT="32" WC="0.96" CONTENT="vad"/>
						</TextLine>
						<TextLine ID="line_33" HPOS="443" VPOS="2208" WIDTH="1165" HEIGHT="40">
							<String ID="string_308" HPOS="443" VPOS="2211" WIDTH="153" HEIGHT="31" WC="0.96" CONTENT="utskottet"/><SP WIDTH="12" VPOS="2211" HPOS="596"/>
							<String ID="string_309" HPOS="608" VPOS="2220" WIDTH="83" HEIGHT="22" WC="0.93" CONTENT="ovan"/><SP WIDTH="13" VPOS="2220" HPOS="691"/>
							<String ID="string_310" HPOS="704" VPOS="2210" WIDTH="168" HEIGHT="36" WC="0.90" CONTENT="hemställt,"/><SP WIDTH="13" VPOS="2210" HPOS="872"/>
							<String ID="string_311" HPOS="885" VPOS="2211" WIDTH="64" HEIGHT="30" WC="0.96" CONTENT="inte"/><SP WIDTH="12" VPOS="2211" HPOS="949"/>
							<String ID="string_312" HPOS="961" VPOS="2209" WIDTH="181" HEIGHT="31" WC="0.96" CONTENT="föranleder"/><SP WIDTH="12" VPOS="2209" HPOS="1142"/>
							<String ID="string_313" HPOS="1154" VPOS="2208" WIDTH="105" HEIGHT="40" WC="0.96" CONTENT="någon"/><SP WIDTH="11" VPOS="2208" HPOS="1259"/>
							<String ID="string_314" HPOS="1270" VPOS="2208" WIDTH="184" HEIGHT="40" WC="0.96" CONTENT="riksdagens"/><SP WIDTH="15" VPOS="2208" HPOS="1454"/>
							<String ID="string_315" HPOS="1469" VPOS="2208" WIDTH="139" HEIGHT="39" WC="0.94" CONTENT="åtgärd.»"/>
						</TextLine>
					</TextBlock>
				</ComposedBlock>
			</PrintSpace>
		</Page>
	</Layout>
</alto>
