2210 2618
463 141 40 30 20
924 144 247 33 Statsutskottets
1195 148 159 31 utlåtande
1377 150 53 30 Nr
1452 151 22 29 3
1497 153 38 28 A.

244 231 129 59 ade
554 227 110 45 23:0).
721 233 15 33 I
781 234 165 42 enlighet
987 235 85 34 med
1112 236 138 44 Kungl.
1292 238 127 43 Maj:ts
1461 240 128 35 därom
1623 242 236 37 framställda
1886 246 144 45 förslag

240 265 44 60 fra
307 266 81 25 tater.
417 280 69 34 ych
528 281 118 34 under
685 283 228 44 hänvisning
952 285 56 34 till
1040 286 74 34 vad
1145 288 55 33 till
1229 289 417 46 statsrådsprotokollet,
1676 294 67 34 sid.
1775 295 57 42 39,
1866 297 6 33 i
1900 300 128 33 ämnet

258 317 92 46 [22.]
416 330 155 43 anförts,
601 331 58 34 får
686 334 180 34 utskottet
894 335 210 44 hemställa,

953 457 56 31 att
1048 455 198 43 riksdagen
1289 464 71 34 ma,
1388 457 12 33 i
1428 458 117 35 likhet
1573 461 84 34 med
1685 462 74 34 vad
1787 463 57 34 för
1870 464 156 36 inneva-

817 503 116 33 rande
978 505 42 32 år
1060 507 62 41 ägt
1161 517 95 32 rum,
1299 507 55 33 till
1392 508 145 42 fortsatt
1564 512 193 41 utgivande
1790 525 44 22 av
1860 510 166 52 Sveriges

819 553 170 34 traktater
1029 556 22 32 å
1091 558 102 32 extra
1225 560 74 31 stat
1330 557 58 35 för
1414 558 41 34 år
1486 560 93 34 1919
1609 563 132 33 anvisa
1769 568 52 31 ett
1847 564 177 45 förslags-

817 605 142 42 anslag,
989 605 120 43 högst,
1139 607 109 41 4,500
1276 608 145 34 kronor.

213 719 189 26 Kommittéer
549 717 97 46 24:0)
700 721 140 44 Kungl.
883 723 108 43 Maj:t
1032 724 68 34 har
1140 725 10 33 i
1178 726 121 42 punkt
1328 727 44 33 23
1401 739 48 22 av
1477 728 123 35 denna
1628 730 213 36 huvudtitel
1868 733 155 36 föresla-

213 749 118 75 ningar.
344 753 41 67 ge
411 770 55 43 git
505 770 200 44 riksdagen
738 775 55 31 att
820 773 12 33 i
859 774 201 34 riksstaten
1088 774 58 35 för
1172 775 41 34 år
1243 777 93 33 1919
1365 778 120 34 under
1511 779 121 43 tredje
1661 781 236 37 huvudtiteln
1926 797 96 32 upp-

202 828 65 30 nom
278 815 121 31 sakkuwn
411 820 83 34 föra
534 824 51 31 ett
625 825 84 40 nytt
736 823 186 35 ordinarie
949 824 295 46 förslagsanslag
1270 826 22 35 å
1324 828 156 43 150,000
1509 829 146 44 kronor,
1684 832 177 35 benämnt
1888 835 134 34 >»Kom-

212 862 70 25 ME
300 863 89 17 oo
411 871 149 34 mittéer
587 873 68 33 och
683 873 245 44 utredningar
955 887 134 31 genom
1118 877 235 44 sakkunniga
1380 891 47 21 m.
1457 891 61 31 m.,
1547 876 320 55 förslagsanslag>.

252 906 92 46 [23.]
550 922 240 35 Beträffande
817 925 250 43 utredningen
1095 927 12 32 i
1134 927 106 43 fråga
1268 940 58 22 om
1356 929 102 34 detta
1486 931 132 43 anslag
1644 931 59 35 får
1730 934 179 35 utskottet
1928 936 93 34 hän-

409 972 82 33 visa
518 972 56 34 till
603 973 68 34 sid.
701 974 47 34 40
776 986 48 22 av
851 975 209 44 åberopade
1089 978 414 43 statsrådsprotokollet.

219 1089 159 27 Utskottets
547 1090 15 33 I
590 1091 164 43 enlighet
781 1093 84 33 med
894 1093 45 34 de
967 1094 69 34 här
1064 1107 95 22 ovan
1188 1096 247 36 omförmälda
1463 1099 192 35 allmänna
1681 1102 165 42 grunder
1868 1103 58 34 för
1944 1104 76 34 för-

232 1124 139 33 yttrande.
409 1140 319 36 skottsväsendets
769 1144 221 43 avveckling
1030 1146 69 33 har
1136 1146 140 44 Kungl.
1305 1147 107 43 Maj:t
1442 1149 119 34 under
1588 1150 45 34 de
1661 1152 183 35 särskilda
1871 1154 148 34 huvud-

407 1191 155 33 titlarna
601 1192 107 34 äskat
745 1194 131 43 anslag
902 1194 59 34 för
987 1195 239 36 bestridande
1254 1209 47 22 av
1329 1198 201 35 kostnader
1556 1200 58 35 för
1641 1202 244 44 kommittéer,
1915 1205 104 34 kom-

408 1241 196 34 missioner
644 1243 68 33 och
753 1244 245 44 utredningar
1025 1257 132 31 genom
1186 1248 235 44 sakkunniga
1449 1262 48 21 m.
1527 1262 47 22 m.
1629 1252 57 33 Då
1714 1253 126 42 dylika
1867 1255 152 34 kostna-

407 1291 67 34 der
513 1292 121 34 under
673 1295 89 32 åren
806 1295 92 33 1916
941 1296 69 33 och
1043 1297 92 33 1917
1164 1297 58 34 för
1248 1298 122 43 tredje
1398 1300 260 36 huvudtitelns
1685 1303 291 36 vidkommande
2006 1307 11 33 i

407 1342 176 34 medeltal
625 1343 143 43 utgjort
808 1345 172 44 omkring
1021 1347 158 42 200,000
1211 1349 136 33 kronor
1374 1350 57 33 för
1458 1351 175 35 vartdera
1661 1352 89 43 året,
1780 1354 67 34 har
1873 1351 142 53 Kungl.

406 1392 110 42 Maj:t
543 1396 134 40 ansett,
707 1397 56 31 att
790 1396 170 43 anslaget
979 1397 120 34 under
1118 1398 123 34 denna
1260 1400 212 35 huvudtitel
1491 1402 80 34 icke
1591 1403 203 44 lämpligen
1814 1405 64 34 bör
1897 1409 119 31 sättas

405 1443 102 42 lägre
536 1446 47 30 än
615 1445 157 41 150,000
800 1445 146 44 kronor,
974 1447 186 43 varjämte
1188 1450 169 43 anslaget
1385 1455 141 31 ansetts
1554 1453 89 34 böra
1671 1454 141 34 erhålla
1840 1456 176 44 förslags-

405 1493 151 43 anslags
584 1498 122 30 natur.

540 1544 78 34 Mot
657 1545 74 33 vad
763 1545 140 44 Kungl.
932 1547 111 42 Maj:t
1071 1549 158 34 sålunda
1256 1550 194 44 föreslagit
1478 1553 70 33 har
1575 1553 180 36 utskottet
1783 1556 78 33 icke
1888 1557 127 34 funnit

405 1593 205 44 anledning
637 1595 57 33 till
722 1596 159 34 erinran.

538 1644 190 35 Utskottet
756 1646 215 35 hemställer
999 1648 121 42 alltså,

939 1769 56 30 att
1027 1767 198 43 riksdagen
1258 1775 61 28 må
1346 1770 22 34 i.
1385 1770 201 35 riksstaten
1615 1772 58 34 för
1700 1773 41 33 år
1772 1774 91 34 1919
1893 1775 122 34 under

806 1815 120 43 tredje
968 1816 238 36 huvudtiteln
1239 1819 161 43 uppföra
1428 1824 53 31 ett
1508 1825 85 39 nytt
1621 1823 187 34 ordinarie
1835 1824 177 44 förslags-

807 1867 131 42 anslag
965 1866 22 34 å
1017 1868 157 42 150,000
1202 1869 137 34 kronor
1366 1870 180 35 benämnt
1574 1873 264 35 »Kommittéer
1865 1876 67 33 och
1953 1879 58 31 ut-

805 1916 203 44 redningar
1040 1929 132 32 genom
1206 1920 236 44 sakkunniga
1470 1934 47 21 m.
1548 1935 60 30 m.,
1637 1923 320 46 förslagsanslag».

242 2022 107 65 Övriga
539 2028 98 47 25:0)
692 2033 246 35 Beträffande
979 2036 45 34 de
1065 2036 12 33 i
1110 2048 49 22 nu
1187 2038 174 42 gällande
1388 2040 152 34 riksstat
1570 2041 118 34 under
1715 2042 121 43 tredje
1863 2044 148 34 huvud-

236 2071 15 7 r
334 2071 16 17 tv
420 2081 5 5 .
650 2086 14 5 .a
849 2085 5 5 .
933 2085 5 5 .
1285 2089 6 5 .
1418 2093 15 5 se
1627 2079 19 29 eo
1719 2093 5 5 .
1877 2096 14 6 se

219 2070 146 60 anslag.
400 2082 107 33 titeln
549 2083 188 42 uppförda
778 2084 185 35 ordinarie
1005 2087 141 43 anslag,
1175 2099 79 23 som
1282 2089 79 34 icke
1389 2090 68 33 här
1484 2102 97 23 ovan
1609 2093 150 34 särskilt
1786 2097 224 39 omnämnts,

402 2132 69 33 har
498 2132 123 44 någon
651 2133 221 45 förändring
898 2136 80 34 icke
1006 2136 228 45 ifrågasatts,
1262 2139 127 34 varför
1416 2141 181 35 utskottet
1626 2138 223 52 hemställer,
