1916 2814
598 156 276 31 Statsutskottets
898 156 175 31 utlåtande
1095 156 48 31 Nr
1164 157 49 30 44.
1642 149 17 31 3

153 241 162 32 skrivelse
336 242 193 36 framlagda
550 241 162 36 förslaget
733 244 49 27 att
802 242 10 29 i
834 243 89 34 regel
943 241 55 30 för
1018 240 198 31 erhållande
1237 249 43 22 av
1300 240 58 31 lån
1380 241 110 30 skulle
1510 240 147 36 fordras,

153 288 47 27 att
224 283 204 37 låntagarna
452 285 60 29 äro
538 284 9 29 i
576 283 114 36 någon
713 283 92 30 form
831 283 212 36 försäkrade,
1071 283 10 29 i
1107 283 107 30 första
1239 283 96 29 hand
1362 282 294 36 sjukförsäkrade,

152 336 100 20 anser
270 327 58 36 jag
349 327 70 37 mig
440 327 83 29 böra
544 325 145 31 biträda.
712 325 51 31 Då
786 326 239 30 erfarenheten
1047 326 82 36 givit
1150 324 55 31 vid
1226 325 150 36 handen,
1399 328 48 27 att
1467 325 56 30 det
1544 324 114 36 någon

152 368 87 38 gång
260 369 70 30 kan
350 370 94 29 möta
466 368 211 36 svårigheter
696 368 55 30 för
770 368 82 30 äkta
874 368 122 30 makar
1016 371 48 27 att
1084 368 114 36 ingiva
1219 366 237 32 låneansökan
1476 367 96 30 inom
1593 368 66 29 den

152 410 217 33 föreskrivna
394 412 91 29 tiden
509 421 43 21 av
575 420 58 21 sex
656 410 166 31 månader
846 410 80 30 från
948 411 243 35 äktenskapets
1215 409 178 37 ingående,
1418 409 160 31 förordar
1602 410 56 36 jag

153 454 125 35 vidare,
308 456 49 28 att
385 454 212 30 riksbanken
627 452 145 31 erhåller
798 453 278 36 bemyndigande
1103 456 47 27 att
1179 451 10 30 i
1218 452 138 30 särskilt
1383 452 187 30 ömmande
1597 452 61 30 fall

152 497 116 30 lämna
292 495 68 37 lån,
384 497 85 29 även
492 505 58 21 om
573 495 156 31 ansökan
751 494 138 37 ingivits
912 495 87 30 efter
1022 497 55 29 det
1100 495 104 36 sagda
1227 494 49 31 tid
1300 494 160 31 förflutit.

197 538 73 31 Vad
298 537 108 37 angår
434 537 133 37 frågan,
596 537 171 31 huruvida
795 539 121 35 anslag
942 537 56 30 för
1026 538 99 30 nästa
1152 536 167 37 budgetår
1346 537 64 30 bör
1437 536 138 32 anvisas
1604 536 55 31 för

152 580 237 37 förstärkning
408 591 41 20 av
467 579 438 37 bosättningslånefonden,
927 581 38 29 är
984 580 57 36 jag
1061 589 42 21 av
1124 580 65 30 den
1208 579 278 36 uppfattningen,
1508 582 50 28 att
1578 579 79 30 den-

153 632 44 21 na
214 622 98 37 fråga
331 623 64 30 bör
412 623 161 30 besvaras
591 623 160 36 jakande,
772 622 125 30 främst
915 623 77 29 med
1010 622 138 36 hänsyn
1167 622 113 29 därtill
1300 624 48 28 att
1368 631 80 20 man
1467 622 90 30 lärer
1569 621 89 31 hava

153 667 48 28 att
219 666 110 29 räkna
348 666 80 29 med
446 675 42 21 en
506 665 167 30 avsevärd
691 664 159 37 nedgång
868 664 9 30 i
898 665 40 30 de
957 665 136 35 belopp,
1115 674 73 21 som
1206 664 10 29 i
1236 663 93 30 form
1348 673 42 21 av
1410 664 249 36 amorteringar

154 708 140 30 komma
322 710 48 28 att
396 708 109 29 under
531 707 234 30 innevarande
791 707 65 29 och
885 707 98 30 nästa
1010 705 168 38 budgetår
1204 705 126 37 inflyta
1356 706 50 30 till
1434 705 140 31 fonden.
1604 706 54 29 Att

152 751 159 29 närmare
336 750 188 36 uppskatta
549 750 56 29 det
631 748 236 37 föreliggande
890 749 283 35 anslagsbehovet
1199 748 163 36 erbjuder
1386 748 274 36 uppenbarligen

153 792 89 30 vissa
267 791 218 37 svårigheter.
511 792 65 29 Det
600 800 99 28 synes
723 791 71 36 mig
818 791 187 30 emellertid
1029 790 165 37 lämpligt,
1219 793 49 28 att
1291 791 153 36 anslaget
1466 808 46 3 —
1535 789 45 38 på
1604 791 55 29 det

154 836 65 29 sätt
244 844 43 20 en
312 835 175 29 minoritet
511 834 97 30 inom
633 833 219 36 fullmäktige
877 833 156 31 förordat
1058 850 45 4 —
1127 833 54 30 för
1204 832 202 37 budgetåret
1434 829 141 34 1941/42
1603 833 55 30 be-

154 878 162 29 stämmes
338 877 51 30 till
411 877 174 35 3,000,000
607 877 137 30 kronor.

198 953 13 29 I
238 953 170 30 samband
434 953 79 30 med
541 952 122 36 Kungl.
692 951 117 37 Maj:ts
838 952 227 30 förevarande
1091 951 128 38 förslag
1245 952 66 30 har
1337 952 164 30 utskottet
1526 952 51 31 till
1603 952 55 30 be-

154 1004 167 36 handling
350 1004 157 35 upptagit
537 1013 43 20 en
610 1003 94 29 inom
734 1003 110 30 andra
874 1003 204 30 kammaren
1108 1012 41 21 av
1179 1003 120 29 herrar
1333 1002 48 30 W.
1413 1002 205 31 Sundström
1649 1003 10 29 i

155 1054 134 30 Skövde
314 1054 65 30 och
404 1054 29 30 J.
460 1054 36 30 A.
524 1053 147 30 Persson
695 1054 10 29 i
732 1052 185 31 Tidaholm
942 1054 101 29 väckt
1068 1053 140 35 motion,
1234 1063 42 20 nr
1304 1054 27 34 1,
1359 1053 72 30 vari
1456 1053 202 36 hemställts,

156 1107 48 27 att
233 1102 186 38 riksdagen
447 1103 108 31 måtte
584 1103 11 31 i
625 1103 162 31 skrivelse
818 1104 51 29 till
900 1103 122 36 Kungl.
1055 1103 100 36 Maj:t
1184 1102 150 37 anhålla,
1366 1107 48 27 att
1445 1104 56 30 det
1530 1104 131 30 täcktes

157 1154 121 36 Kungl.
305 1154 101 36 Maj:t
430 1154 137 36 vidtaga
593 1153 107 31 sådan
723 1154 148 37 ändring
895 1164 41 21 av
961 1154 18 37 8
1006 1154 18 30 5
1049 1155 131 35 stycket
1203 1154 18 30 5
1246 1153 11 30 i
1283 1154 122 37 Kungl.
1430 1153 119 37 Maj:ts
1575 1154 85 30 kun-

156 1206 129 35 görelse
308 1206 68 29 den
398 1205 41 30 30
462 1205 194 36 september
680 1205 81 30 1937
787 1214 58 21 om
870 1205 134 36 statliga
1026 1203 275 38 bosättningslån
1331 1204 43 39 (S.
1401 1205 35 30 F.
1461 1204 31 31 S.
1517 1214 43 21 nr
1584 1200 77 35 809/

162 1253 109 39 1937),
293 1260 48 26 att
363 1256 56 30 vid
439 1256 193 35 beräkning
652 1265 40 20 av
712 1256 66 29 den
801 1255 59 36 tid,
884 1265 74 20 som
979 1255 151 31 förflutit
1151 1256 127 29 mellan
1300 1256 245 36 äktenskapets
1567 1254 93 38 ingå-

156 1307 84 30 ende
264 1307 65 30 och
354 1307 174 30 ansökans
553 1306 192 36 ingivande,
772 1306 66 30 den
863 1306 58 36 tid,
946 1306 111 30 under
1080 1306 115 31 vilken
1219 1306 68 30 den
1311 1307 149 36 manlige
1483 1307 179 30 sökanden

156 1355 86 32 varit
263 1357 156 31 inkallad
441 1357 50 30 till
513 1356 425 38 värnpliktstjänstgöring
958 1358 81 29 eller
1060 1356 165 31 förstärkt
1247 1356 359 38 försvarsberedskap,
1630 1358 30 36 ej

157 1405 120 32 därvid
302 1408 88 29 skall
414 1410 94 33 tagas
532 1407 10 29 i
565 1407 236 30 betraktande.

200 1457 225 31 Beträffande
448 1458 42 29 de
513 1458 85 35 skäl,
622 1467 73 20 som
717 1457 135 31 anförts
874 1458 50 30 till
948 1459 76 29 stöd
1046 1457 56 31 för
1125 1459 90 30 detta
1238 1458 164 36 yrkande,
1425 1458 164 31 hänvisas
1611 1459 51 31 till

156 1508 186 31 motionen.

200 1608 172 30 Utskottet
399 1608 94 31 delar
519 1608 398 36 departementschefens
944 1608 231 38 uppfattning,
1202 1612 49 28 att
1278 1608 266 38 ifrågavarande
1571 1610 90 31 låne-

157 1659 220 30 verksamhet
397 1659 62 30 bör
479 1658 173 37 fullföljas
672 1659 130 36 jämväl
825 1660 110 29 under
955 1658 155 32 rådande
1132 1659 280 32 statsfinansiella
1434 1661 84 36 läge,
1542 1661 121 31 därvid

158 1709 165 30 utskottet
341 1708 99 38 utgår
460 1708 79 31 från
561 1708 113 31 såsom
693 1709 196 37 självfallet,
911 1713 48 27 att
978 1709 60 31 lån
1057 1711 75 30 icke
1150 1712 173 29 utlämnas
1344 1711 50 30 till
1413 1712 106 36 högre
1537 1710 125 39 belopp

158 1760 45 29 än
222 1769 74 20 som
317 1760 10 29 i
349 1759 95 36 varje
465 1760 139 30 särskilt
623 1759 61 31 fall
703 1759 160 32 befinnes
884 1760 225 37 erforderligt.
1132 1761 13 30 I
1166 1761 107 31 likhet
1295 1762 79 30 med
1396 1763 266 35 departements-

159 1809 123 32 chefen
309 1809 116 31 finner
450 1810 166 30 utskottet
642 1810 117 30 vidare
784 1809 190 38 motiverat,
1002 1814 49 27 att
1076 1811 55 30 för
1157 1811 201 31 erhållande
1384 1822 41 21 av
1451 1811 59 32 lån
1537 1812 10 30 i
1575 1813 88 36 regel

158 1860 132 36 kräves,
310 1863 49 27 att
376 1859 203 38 låntagarna
597 1861 59 29 äro
673 1861 10 29 i
701 1860 115 36 någon
835 1861 91 29 form
945 1861 213 36 försäkrade,
1178 1862 10 29 i
1207 1862 109 30 första
1335 1863 94 30 hand
1447 1863 215 36 sjukförsäk-

158 1910 91 30 rade.

204 1960 171 31 Utskottet
397 1961 63 29 har
481 1960 77 30 icke
579 1960 107 30 heller
707 1959 104 37 något
833 1964 49 27 att
905 1961 113 30 erinra
1040 1964 72 27 mot
1135 1965 47 27 att
1205 1961 213 31 riksbanken
1439 1963 226 37 bemyndigas

160 2013 48 27 att
241 2011 1 29 i
270 2011 186 29 ömmande
480 2010 62 30 fall
570 2011 116 30 lämna
712 2010 57 30 lån
796 2011 50 30 till
874 2011 79 30 äkta
980 2012 132 35 makar,
1138 2013 86 28 även
1251 2022 57 20 om
1336 2013 156 30 ansökan
1517 2013 147 36 ingivits,

161 2061 104 30 sedan
289 2070 58 20 sex
371 2060 166 31 månader
560 2060 150 31 förflutit
732 2061 87 30 efter
842 2062 243 35 äktenskapets
1108 2062 177 36 ingående.
1312 2063 56 30 Ett
1391 2064 110 36 dylikt
1525 2064 139 36 bemyn-

160 2110 148 36 digande
335 2111 191 36 inrymmer
552 2112 103 35 enligt
682 2112 182 30 utskottets
892 2112 224 37 uppfattning
1142 2113 205 36 tillräckliga
1375 2114 218 36 möjligheter
1619 2118 47 27 alt

161 2161 123 30 beakta
307 2162 41 29 de
371 2160 209 36 svårigheter
600 2160 10 30 i
632 2161 228 31 förevarande
881 2162 205 36 hänscende,
1110 2173 72 20 som
1204 2164 133 30 berörts
1360 2164 10 29 i
1391 2164 178 30 motionen
1591 2165 43 30 11:
1649 2166 14 28 1

161 2211 64 29 och
253 2221 74 20 som
355 2212 275 35 sammanhänga
656 2214 78 28 med
762 2212 176 30 inkallelse
965 2213 49 29 till
1042 2213 421 38 värnpliktstjänstgöring
1490 2215 81 30 eller
1599 2215 66 30 för-

162 2261 107 29 stärkt
296 2261 358 35 försvarsberedskap.
681 2261 63 30 Vid
771 2261 123 31 sådant
920 2262 219 30 förhållande
1164 2272 100 27 synes
1292 2264 163 30 utskottet
1482 2265 185 36 anledning

163 2311 73 29 icke
260 2311 165 35 föreligga
449 2314 47 26 alt
521 2311 64 29 hos
610 2311 120 35 Kungl.
758 2311 101 35 Maj:t
883 2311 138 37 påkalla
1045 2313 145 36 ändring
1216 2322 41 20 av
1282 2314 159 34 gällande
1464 2315 204 35 kungörelse

163 2360 8 29 i
195 2362 115 28 ämnet
334 2370 42 20 av
399 2362 54 29 det
475 2360 163 35 innehåll,
661 2370 118 20 varom
803 2361 9 29 i
837 2361 174 30 motionen
1033 2362 200 30 hemställts.

207 2410 117 30 Under
345 2409 220 37 åberopande
585 2420 42 20 av
648 2411 54 29 det
724 2411 148 30 anförda
893 2412 63 29 och
980 2411 43 30 då
1048 2412 121 35 Kungl.
1192 2412 118 36 Maj:ts
1333 2413 191 37 beräkning
1546 2424 42 20 av
1610 2425 57 19 an-

167 2460 234 35 slagsbehovet
430 2461 70 29 icke
524 2461 81 34 givit
632 2462 161 29 utskottet
818 2461 185 37 anledning
1029 2462 45 29 till
1100 2463 146 35 erinran,
1273 2464 198 30 hemställer
1494 2465 173 35 utskottet,

1710 1614 131 26 Utskottet.
