<?xml version="1.0" encoding="UTF-8"?>
<alto xmlns="http://www.loc.gov/standards/alto/ns-v3#" xmlns:xlink="http://www.w3.org/1999/xlink" xmlns:xsi="http://www.w3.org/2001/XMLSchema-instance" xsi:schemaLocation="http://www.loc.gov/standards/alto/ns-v3# http://www.loc.gov/alto/v3/alto-3-0.xsd">
	<Description>
		<MeasurementUnit>pixel</MeasurementUnit>
		<sourceImageInformation>
			<fileName>/tmp/tess_tojgwgbb_input.PNG</fileName>
		</sourceImageInformation>
		<OCRProcessing ID="OCR_0">
			<ocrProcessingStep>
				<processingSoftware>
					<softwareName>tesseract 5.3.0</softwareName>
				</processingSoftware>
			</ocrProcessingStep>
		</OCRProcessing>
	</Description>
	<Layout>
		<Page WIDTH="1908" HEIGHT="2838" PHYSICAL_IMG_NR="0" ID="page_0">
			<PrintSpace HPOS="0" VPOS="0" WIDTH="1908" HEIGHT="2838">
				<ComposedBlock ID="cblock_0" HPOS="493" VPOS="144" WIDTH="1116" HEIGHT="36">
					<TextBlock ID="block_0" HPOS="493" VPOS="144" WIDTH="1116" HEIGHT="36">
						<TextLine ID="line_0" HPOS="493" VPOS="144" WIDTH="1116" HEIGHT="36">
							<String ID="string_0" HPOS="493" VPOS="147" WIDTH="381" HEIGHT="32" WC="0.92" CONTENT="Jordbruksutskottets"/><SP WIDTH="25" VPOS="147" HPOS="874"/>
							<String ID="string_1" HPOS="899" VPOS="148" WIDTH="177" HEIGHT="32" WC="0.96" CONTENT="utlåtande"/><SP WIDTH="24" VPOS="148" HPOS="1076"/>
							<String ID="string_2" HPOS="1100" VPOS="149" WIDTH="49" HEIGHT="30" WC="0.94" CONTENT="Nr"/><SP WIDTH="22" VPOS="149" HPOS="1149"/>
							<String ID="string_3" HPOS="1171" VPOS="150" WIDTH="49" HEIGHT="30" WC="0.94" CONTENT="90."/><SP WIDTH="372" VPOS="150" HPOS="1220"/>
							<String ID="string_4" HPOS="1592" VPOS="144" WIDTH="17" HEIGHT="31" WC="0.93" CONTENT="7"/>
						</TextLine>
					</TextBlock>
				</ComposedBlock>
				<ComposedBlock ID="cblock_1" HPOS="99" VPOS="231" WIDTH="1510" HEIGHT="1968">
					<TextBlock ID="block_1" HPOS="100" VPOS="231" WIDTH="1509" HEIGHT="700">
						<TextLine ID="line_1" HPOS="146" VPOS="231" WIDTH="1463" HEIGHT="39">
							<String ID="string_5" HPOS="146" VPOS="231" WIDTH="165" HEIGHT="32" WC="0.91" CONTENT="Rådande"/><SP WIDTH="30" VPOS="231" HPOS="311"/>
							<String ID="string_6" HPOS="341" VPOS="232" WIDTH="212" HEIGHT="36" WC="0.96" CONTENT="svårigheter"/><SP WIDTH="28" VPOS="232" HPOS="553"/>
							<String ID="string_7" HPOS="581" VPOS="233" WIDTH="95" HEIGHT="30" WC="0.96" CONTENT="inom"/><SP WIDTH="31" VPOS="233" HPOS="676"/>
							<String ID="string_8" HPOS="707" VPOS="233" WIDTH="205" HEIGHT="37" WC="0.96" CONTENT="jordbruket"/><SP WIDTH="29" VPOS="233" HPOS="912"/>
							<String ID="string_9" HPOS="941" VPOS="237" WIDTH="49" HEIGHT="27" WC="0.96" CONTENT="att"/><SP WIDTH="32" VPOS="237" HPOS="990"/>
							<String ID="string_10" HPOS="1022" VPOS="233" WIDTH="131" HEIGHT="31" WC="0.96" CONTENT="erhålla"/><SP WIDTH="29" VPOS="233" HPOS="1153"/>
							<String ID="string_11" HPOS="1182" VPOS="234" WIDTH="116" HEIGHT="36" WC="0.96" CONTENT="duglig"/><SP WIDTH="31" VPOS="234" HPOS="1298"/>
							<String ID="string_12" HPOS="1329" VPOS="235" WIDTH="66" HEIGHT="29" WC="0.93" CONTENT="och"/><SP WIDTH="30" VPOS="235" HPOS="1395"/>
							<String ID="string_13" HPOS="1425" VPOS="233" WIDTH="184" HEIGHT="37" WC="0.93" CONTENT="tillräcklig"/>
						</TextLine>
						<TextLine ID="line_2" HPOS="102" VPOS="283" WIDTH="1506" HEIGHT="36">
							<String ID="string_14" HPOS="102" VPOS="283" WIDTH="220" HEIGHT="36" WC="0.96" CONTENT="arbetskraft,"/><SP WIDTH="18" VPOS="283" HPOS="322"/>
							<String ID="string_15" HPOS="340" VPOS="283" WIDTH="179" HEIGHT="31" WC="0.95" CONTENT="måhända"/><SP WIDTH="16" VPOS="283" HPOS="519"/>
							<String ID="string_16" HPOS="535" VPOS="287" WIDTH="86" HEIGHT="27" WC="0.96" CONTENT="mest"/><SP WIDTH="17" VPOS="287" HPOS="621"/>
							<String ID="string_17" HPOS="638" VPOS="284" WIDTH="263" HEIGHT="31" WC="0.96" CONTENT="framträdande"/><SP WIDTH="17" VPOS="284" HPOS="901"/>
							<String ID="string_18" HPOS="918" VPOS="285" WIDTH="59" HEIGHT="30" WC="0.96" CONTENT="vid"/><SP WIDTH="15" VPOS="285" HPOS="977"/>
							<String ID="string_19" HPOS="992" VPOS="285" WIDTH="42" HEIGHT="30" WC="0.96" CONTENT="de"/><SP WIDTH="15" VPOS="285" HPOS="1034"/>
							<String ID="string_20" HPOS="1049" VPOS="285" WIDTH="135" HEIGHT="30" WC="0.96" CONTENT="mindre"/><SP WIDTH="16" VPOS="285" HPOS="1184"/>
							<String ID="string_21" HPOS="1200" VPOS="285" WIDTH="65" HEIGHT="30" WC="0.96" CONTENT="och"/><SP WIDTH="17" VPOS="285" HPOS="1265"/>
							<String ID="string_22" HPOS="1282" VPOS="285" WIDTH="208" HEIGHT="30" WC="0.93" CONTENT="medelstora"/><SP WIDTH="14" VPOS="285" HPOS="1490"/>
							<String ID="string_23" HPOS="1504" VPOS="285" WIDTH="104" HEIGHT="29" WC="0.92" CONTENT="bruk-"/>
						</TextLine>
						<TextLine ID="line_3" HPOS="100" VPOS="333" WIDTH="1506" HEIGHT="37">
							<String ID="string_24" HPOS="100" VPOS="333" WIDTH="254" HEIGHT="37" WC="0.91" CONTENT="ningsdelarna,"/><SP WIDTH="23" VPOS="333" HPOS="354"/>
							<String ID="string_25" HPOS="377" VPOS="334" WIDTH="62" HEIGHT="30" WC="0.96" CONTENT="äro"/><SP WIDTH="22" VPOS="334" HPOS="439"/>
							<String ID="string_26" HPOS="461" VPOS="334" WIDTH="193" HEIGHT="36" WC="0.96" CONTENT="säkerligen"/><SP WIDTH="22" VPOS="334" HPOS="654"/>
							<String ID="string_27" HPOS="676" VPOS="335" WIDTH="170" HEIGHT="30" WC="0.96" CONTENT="beroende"/><SP WIDTH="23" VPOS="335" HPOS="846"/>
							<String ID="string_28" HPOS="869" VPOS="344" WIDTH="43" HEIGHT="21" WC="0.95" CONTENT="av"/><SP WIDTH="23" VPOS="344" HPOS="912"/>
							<String ID="string_29" HPOS="935" VPOS="338" WIDTH="47" HEIGHT="27" WC="0.96" CONTENT="ett"/><SP WIDTH="25" VPOS="338" HPOS="982"/>
							<String ID="string_30" HPOS="1007" VPOS="335" WIDTH="114" HEIGHT="30" WC="0.96" CONTENT="flertal"/><SP WIDTH="22" VPOS="335" HPOS="1121"/>
							<String ID="string_31" HPOS="1143" VPOS="335" WIDTH="253" HEIGHT="30" WC="0.92" CONTENT="samverkande"/><SP WIDTH="22" VPOS="335" HPOS="1396"/>
							<String ID="string_32" HPOS="1418" VPOS="334" WIDTH="188" HEIGHT="31" WC="0.75" CONTENT="förhållar-"/>
						</TextLine>
						<TextLine ID="line_4" HPOS="101" VPOS="384" WIDTH="1508" HEIGHT="38">
							<String ID="string_33" HPOS="101" VPOS="385" WIDTH="77" HEIGHT="30" WC="0.95" CONTENT="den."/><SP WIDTH="40" VPOS="385" HPOS="178"/>
							<String ID="string_34" HPOS="218" VPOS="385" WIDTH="66" HEIGHT="29" WC="0.95" CONTENT="Till"/><SP WIDTH="26" VPOS="385" HPOS="284"/>
							<String ID="string_35" HPOS="310" VPOS="384" WIDTH="76" HEIGHT="31" WC="0.96" CONTENT="icke"/><SP WIDTH="27" VPOS="384" HPOS="386"/>
							<String ID="string_36" HPOS="413" VPOS="385" WIDTH="99" HEIGHT="36" WC="0.96" CONTENT="ringa"/><SP WIDTH="25" VPOS="385" HPOS="512"/>
							<String ID="string_37" HPOS="537" VPOS="385" WIDTH="54" HEIGHT="30" WC="0.96" CONTENT="del"/><SP WIDTH="26" VPOS="385" HPOS="591"/>
							<String ID="string_38" HPOS="617" VPOS="386" WIDTH="98" HEIGHT="30" WC="0.96" CONTENT="torde"/><SP WIDTH="27" VPOS="386" HPOS="715"/>
							<String ID="string_39" HPOS="742" VPOS="386" WIDTH="42" HEIGHT="30" WC="0.93" CONTENT="de"/><SP WIDTH="26" VPOS="386" HPOS="784"/>
							<String ID="string_40" HPOS="810" VPOS="386" WIDTH="279" HEIGHT="36" WC="0.91" CONTENT="sammanhänga"/><SP WIDTH="26" VPOS="386" HPOS="1089"/>
							<String ID="string_41" HPOS="1115" VPOS="386" WIDTH="81" HEIGHT="30" WC="0.95" CONTENT="med"/><SP WIDTH="26" VPOS="386" HPOS="1196"/>
							<String ID="string_42" HPOS="1222" VPOS="389" WIDTH="48" HEIGHT="27" WC="0.96" CONTENT="att"/><SP WIDTH="28" VPOS="389" HPOS="1270"/>
							<String ID="string_43" HPOS="1298" VPOS="385" WIDTH="206" HEIGHT="37" WC="0.93" CONTENT="jordbruket"/><SP WIDTH="24" VPOS="385" HPOS="1504"/>
							<String ID="string_44" HPOS="1528" VPOS="404" WIDTH="44" HEIGHT="4" WC="0.91" CONTENT="—"/><SP WIDTH="27" VPOS="404" HPOS="1572"/>
							<String ID="string_45" HPOS="1599" VPOS="385" WIDTH="10" HEIGHT="30" WC="0.96" CONTENT="i"/>
						</TextLine>
						<TextLine ID="line_5" HPOS="102" VPOS="435" WIDTH="1505" HEIGHT="37">
							<String ID="string_46" HPOS="102" VPOS="439" WIDTH="144" HEIGHT="27" WC="0.96" CONTENT="motsats"/><SP WIDTH="19" VPOS="439" HPOS="246"/>
							<String ID="string_47" HPOS="265" VPOS="435" WIDTH="51" HEIGHT="31" WC="0.95" CONTENT="till"/><SP WIDTH="20" VPOS="435" HPOS="316"/>
							<String ID="string_48" HPOS="336" VPOS="436" WIDTH="208" HEIGHT="36" WC="0.96" CONTENT="exempelvis"/><SP WIDTH="20" VPOS="436" HPOS="544"/>
							<String ID="string_49" HPOS="564" VPOS="437" WIDTH="181" HEIGHT="35" WC="0.96" CONTENT="hantverk,"/><SP WIDTH="23" VPOS="437" HPOS="745"/>
							<String ID="string_50" HPOS="768" VPOS="437" WIDTH="148" HEIGHT="30" WC="0.96" CONTENT="industri"/><SP WIDTH="20" VPOS="437" HPOS="916"/>
							<String ID="string_51" HPOS="936" VPOS="437" WIDTH="67" HEIGHT="30" WC="0.96" CONTENT="och"/><SP WIDTH="19" VPOS="437" HPOS="1003"/>
							<String ID="string_52" HPOS="1022" VPOS="437" WIDTH="128" HEIGHT="30" WC="0.93" CONTENT="handel"/><SP WIDTH="18" VPOS="437" HPOS="1150"/>
							<String ID="string_53" HPOS="1168" VPOS="455" WIDTH="44" HEIGHT="3" WC="0.90" CONTENT="—"/><SP WIDTH="21" VPOS="455" HPOS="1212"/>
							<String ID="string_54" HPOS="1233" VPOS="437" WIDTH="128" HEIGHT="30" WC="0.96" CONTENT="saknar"/><SP WIDTH="20" VPOS="437" HPOS="1361"/>
							<String ID="string_55" HPOS="1381" VPOS="437" WIDTH="154" HEIGHT="29" WC="0.93" CONTENT="ordnade"/><SP WIDTH="21" VPOS="437" HPOS="1535"/>
							<String ID="string_56" HPOS="1556" VPOS="439" WIDTH="51" HEIGHT="27" WC="0.92" CONTENT="ut-"/>
						</TextLine>
						<TextLine ID="line_6" HPOS="100" VPOS="486" WIDTH="1509" HEIGHT="38">
							<String ID="string_57" HPOS="100" VPOS="486" WIDTH="397" HEIGHT="37" WC="0.91" CONTENT="bildningsmöjligheter"/><SP WIDTH="28" VPOS="486" HPOS="497"/>
							<String ID="string_58" HPOS="525" VPOS="487" WIDTH="55" HEIGHT="30" WC="0.96" CONTENT="för"/><SP WIDTH="25" VPOS="487" HPOS="580"/>
							<String ID="string_59" HPOS="605" VPOS="487" WIDTH="163" HEIGHT="31" WC="0.93" CONTENT="blivande"/><SP WIDTH="26" VPOS="487" HPOS="768"/>
							<String ID="string_60" HPOS="794" VPOS="487" WIDTH="358" HEIGHT="37" WC="0.91" CONTENT="jordbruksarbetare."/><SP WIDTH="43" VPOS="487" HPOS="1152"/>
							<String ID="string_61" HPOS="1195" VPOS="487" WIDTH="125" HEIGHT="31" WC="0.91" CONTENT="Dessas"/><SP WIDTH="29" VPOS="487" HPOS="1320"/>
							<String ID="string_62" HPOS="1349" VPOS="487" WIDTH="167" HEIGHT="31" WC="0.96" CONTENT="fallenhet"/><SP WIDTH="28" VPOS="487" HPOS="1516"/>
							<String ID="string_63" HPOS="1544" VPOS="488" WIDTH="65" HEIGHT="30" WC="0.96" CONTENT="och"/>
						</TextLine>
						<TextLine ID="line_7" HPOS="101" VPOS="537" WIDTH="1507" HEIGHT="38">
							<String ID="string_64" HPOS="101" VPOS="537" WIDTH="68" HEIGHT="37" WC="0.96" CONTENT="håg"/><SP WIDTH="23" VPOS="537" HPOS="169"/>
							<String ID="string_65" HPOS="192" VPOS="538" WIDTH="57" HEIGHT="30" WC="0.96" CONTENT="för"/><SP WIDTH="23" VPOS="538" HPOS="249"/>
							<String ID="string_66" HPOS="272" VPOS="537" WIDTH="206" HEIGHT="37" WC="0.96" CONTENT="jordbruket"/><SP WIDTH="25" VPOS="537" HPOS="478"/>
							<String ID="string_67" HPOS="503" VPOS="537" WIDTH="57" HEIGHT="32" WC="0.96" CONTENT="får"/><SP WIDTH="21" VPOS="537" HPOS="560"/>
							<String ID="string_68" HPOS="581" VPOS="538" WIDTH="149" HEIGHT="31" WC="0.96" CONTENT="sålunda"/><SP WIDTH="24" VPOS="538" HPOS="730"/>
							<String ID="string_69" HPOS="754" VPOS="539" WIDTH="75" HEIGHT="30" WC="0.96" CONTENT="icke"/><SP WIDTH="25" VPOS="539" HPOS="829"/>
							<String ID="string_70" HPOS="854" VPOS="539" WIDTH="66" HEIGHT="30" WC="0.96" CONTENT="den"/><SP WIDTH="24" VPOS="539" HPOS="920"/>
							<String ID="string_71" HPOS="944" VPOS="538" WIDTH="198" HEIGHT="37" WC="0.96" CONTENT="utbildning"/><SP WIDTH="26" VPOS="538" HPOS="1142"/>
							<String ID="string_72" HPOS="1168" VPOS="539" WIDTH="65" HEIGHT="30" WC="0.96" CONTENT="och"/><SP WIDTH="24" VPOS="539" HPOS="1233"/>
							<String ID="string_73" HPOS="1257" VPOS="542" WIDTH="251" HEIGHT="33" WC="0.96" CONTENT="uppmuntran,"/><SP WIDTH="27" VPOS="542" HPOS="1508"/>
							<String ID="string_74" HPOS="1535" VPOS="547" WIDTH="73" HEIGHT="21" WC="0.85" CONTENT="som"/>
						</TextLine>
						<TextLine ID="line_8" HPOS="101" VPOS="588" WIDTH="1508" HEIGHT="38">
							<String ID="string_75" HPOS="101" VPOS="589" WIDTH="97" HEIGHT="30" WC="0.95" CONTENT="torde"/><SP WIDTH="25" VPOS="589" HPOS="198"/>
							<String ID="string_76" HPOS="223" VPOS="589" WIDTH="120" HEIGHT="30" WC="0.96" CONTENT="kunna"/><SP WIDTH="23" VPOS="589" HPOS="343"/>
							<String ID="string_77" HPOS="366" VPOS="588" WIDTH="262" HEIGHT="31" WC="0.96" CONTENT="åstadkommas"/><SP WIDTH="26" VPOS="588" HPOS="628"/>
							<String ID="string_78" HPOS="654" VPOS="597" WIDTH="123" HEIGHT="28" WC="0.96" CONTENT="genom"/><SP WIDTH="25" VPOS="597" HPOS="777"/>
							<String ID="string_79" HPOS="802" VPOS="599" WIDTH="42" HEIGHT="20" WC="0.96" CONTENT="en"/><SP WIDTH="26" VPOS="599" HPOS="844"/>
							<String ID="string_80" HPOS="870" VPOS="589" WIDTH="113" HEIGHT="31" WC="0.96" CONTENT="bättre"/><SP WIDTH="24" VPOS="589" HPOS="983"/>
							<String ID="string_81" HPOS="1007" VPOS="590" WIDTH="134" HEIGHT="30" WC="0.96" CONTENT="ordnad"/><SP WIDTH="25" VPOS="590" HPOS="1141"/>
							<String ID="string_82" HPOS="1166" VPOS="589" WIDTH="223" HEIGHT="37" WC="0.95" CONTENT="rekrytering."/><SP WIDTH="38" VPOS="589" HPOS="1389"/>
							<String ID="string_83" HPOS="1427" VPOS="588" WIDTH="182" HEIGHT="31" WC="0.96" CONTENT="Bristande"/>
						</TextLine>
						<TextLine ID="line_9" HPOS="101" VPOS="639" WIDTH="1507" HEIGHT="37">
							<String ID="string_84" HPOS="101" VPOS="639" WIDTH="236" HEIGHT="36" WC="0.96" CONTENT="förtrogenhet"/><SP WIDTH="23" VPOS="639" HPOS="337"/>
							<String ID="string_85" HPOS="360" VPOS="641" WIDTH="79" HEIGHT="29" WC="0.95" CONTENT="med"/><SP WIDTH="24" VPOS="641" HPOS="439"/>
							<String ID="string_86" HPOS="463" VPOS="640" WIDTH="42" HEIGHT="30" WC="0.96" CONTENT="de"/><SP WIDTH="21" VPOS="640" HPOS="505"/>
							<String ID="string_87" HPOS="526" VPOS="639" WIDTH="128" HEIGHT="37" WC="0.96" CONTENT="många"/><SP WIDTH="24" VPOS="639" HPOS="654"/>
							<String ID="string_88" HPOS="678" VPOS="640" WIDTH="93" HEIGHT="31" WC="0.96" CONTENT="olika"/><SP WIDTH="24" VPOS="640" HPOS="771"/>
							<String ID="string_89" HPOS="795" VPOS="640" WIDTH="138" HEIGHT="36" WC="0.95" CONTENT="sysslor,"/><SP WIDTH="25" VPOS="640" HPOS="933"/>
							<String ID="string_90" HPOS="958" VPOS="640" WIDTH="93" HEIGHT="31" WC="0.96" CONTENT="vilka"/><SP WIDTH="23" VPOS="640" HPOS="1051"/>
							<String ID="string_91" HPOS="1074" VPOS="641" WIDTH="95" HEIGHT="29" WC="0.96" CONTENT="möta"/><SP WIDTH="23" VPOS="641" HPOS="1169"/>
							<String ID="string_92" HPOS="1192" VPOS="640" WIDTH="95" HEIGHT="30" WC="0.96" CONTENT="inom"/><SP WIDTH="24" VPOS="640" HPOS="1287"/>
							<String ID="string_93" HPOS="1311" VPOS="639" WIDTH="206" HEIGHT="37" WC="0.96" CONTENT="jordbruket"/><SP WIDTH="26" VPOS="639" HPOS="1517"/>
							<String ID="string_94" HPOS="1543" VPOS="640" WIDTH="65" HEIGHT="30" WC="0.96" CONTENT="och"/>
						</TextLine>
						<TextLine ID="line_10" HPOS="101" VPOS="690" WIDTH="1507" HEIGHT="37">
							<String ID="string_95" HPOS="101" VPOS="690" WIDTH="94" HEIGHT="31" WC="0.96" CONTENT="vilka"/><SP WIDTH="18" VPOS="690" HPOS="195"/>
							<String ID="string_96" HPOS="213" VPOS="700" WIDTH="145" HEIGHT="21" WC="0.96" CONTENT="numera"/><SP WIDTH="18" VPOS="700" HPOS="358"/>
							<String ID="string_97" HPOS="376" VPOS="691" WIDTH="52" HEIGHT="30" WC="0.96" CONTENT="till"/><SP WIDTH="21" VPOS="691" HPOS="428"/>
							<String ID="string_98" HPOS="449" VPOS="690" WIDTH="89" HEIGHT="37" WC="0.96" CONTENT="följd"/><SP WIDTH="20" VPOS="690" HPOS="538"/>
							<String ID="string_99" HPOS="558" VPOS="700" WIDTH="42" HEIGHT="21" WC="0.96" CONTENT="av"/><SP WIDTH="19" VPOS="700" HPOS="600"/>
							<String ID="string_100" HPOS="619" VPOS="690" WIDTH="202" HEIGHT="37" WC="0.96" CONTENT="fortgående"/><SP WIDTH="20" VPOS="690" HPOS="821"/>
							<String ID="string_101" HPOS="841" VPOS="690" WIDTH="277" HEIGHT="37" WC="0.96" CONTENT="rationalisering"/><SP WIDTH="19" VPOS="690" HPOS="1118"/>
							<String ID="string_102" HPOS="1137" VPOS="691" WIDTH="66" HEIGHT="30" WC="0.93" CONTENT="och"/><SP WIDTH="21" VPOS="691" HPOS="1203"/>
							<String ID="string_103" HPOS="1224" VPOS="691" WIDTH="266" HEIGHT="36" WC="0.92" CONTENT="maskinisering"/><SP WIDTH="19" VPOS="691" HPOS="1490"/>
							<String ID="string_104" HPOS="1509" VPOS="690" WIDTH="99" HEIGHT="30" WC="0.96" CONTENT="ställa"/>
						</TextLine>
						<TextLine ID="line_11" HPOS="101" VPOS="740" WIDTH="1507" HEIGHT="38">
							<String ID="string_105" HPOS="101" VPOS="742" WIDTH="86" HEIGHT="30" WC="0.96" CONTENT="krav"/><SP WIDTH="25" VPOS="742" HPOS="187"/>
							<String ID="string_106" HPOS="212" VPOS="741" WIDTH="46" HEIGHT="37" WC="0.96" CONTENT="på"/><SP WIDTH="23" VPOS="741" HPOS="258"/>
							<String ID="string_107" HPOS="281" VPOS="742" WIDTH="309" HEIGHT="36" WC="0.95" CONTENT="yrkeskompetens"/><SP WIDTH="25" VPOS="742" HPOS="590"/>
							<String ID="string_108" HPOS="615" VPOS="742" WIDTH="11" HEIGHT="29" WC="0.96" CONTENT="i"/><SP WIDTH="25" VPOS="742" HPOS="626"/>
							<String ID="string_109" HPOS="651" VPOS="742" WIDTH="72" HEIGHT="30" WC="0.96" CONTENT="helt"/><SP WIDTH="25" VPOS="742" HPOS="723"/>
							<String ID="string_110" HPOS="748" VPOS="751" WIDTH="116" HEIGHT="21" WC="0.96" CONTENT="annan"/><SP WIDTH="25" VPOS="751" HPOS="864"/>
							<String ID="string_111" HPOS="889" VPOS="742" WIDTH="86" HEIGHT="36" WC="0.96" CONTENT="grad"/><SP WIDTH="25" VPOS="742" HPOS="975"/>
							<String ID="string_112" HPOS="1000" VPOS="743" WIDTH="45" HEIGHT="29" WC="0.91" CONTENT="än"/><SP WIDTH="26" VPOS="743" HPOS="1045"/>
							<String ID="string_113" HPOS="1071" VPOS="741" WIDTH="161" HEIGHT="36" WC="0.91" CONTENT="tillförne,"/><SP WIDTH="27" VPOS="741" HPOS="1232"/>
							<String ID="string_114" HPOS="1259" VPOS="742" WIDTH="125" HEIGHT="29" WC="0.96" CONTENT="verkar"/><SP WIDTH="25" VPOS="742" HPOS="1384"/>
							<String ID="string_115" HPOS="1409" VPOS="740" WIDTH="107" HEIGHT="31" WC="0.93" CONTENT="också"/><SP WIDTH="23" VPOS="740" HPOS="1516"/>
							<String ID="string_116" HPOS="1539" VPOS="741" WIDTH="69" HEIGHT="30" WC="0.92" CONTENT="för-"/>
						</TextLine>
						<TextLine ID="line_12" HPOS="100" VPOS="792" WIDTH="1509" HEIGHT="37">
							<String ID="string_117" HPOS="100" VPOS="792" WIDTH="140" HEIGHT="37" WC="0.90" CONTENT="klarligt"/><SP WIDTH="20" VPOS="792" HPOS="240"/>
							<String ID="string_118" HPOS="260" VPOS="800" WIDTH="67" HEIGHT="29" WC="0.91" CONTENT="nog"/><SP WIDTH="23" VPOS="800" HPOS="327"/>
							<String ID="string_119" HPOS="350" VPOS="792" WIDTH="237" HEIGHT="31" WC="0.91" CONTENT="återhållande"/><SP WIDTH="21" VPOS="792" HPOS="587"/>
							<String ID="string_120" HPOS="608" VPOS="792" WIDTH="46" HEIGHT="36" WC="0.96" CONTENT="på"/><SP WIDTH="21" VPOS="792" HPOS="654"/>
							<String ID="string_121" HPOS="675" VPOS="793" WIDTH="41" HEIGHT="29" WC="0.96" CONTENT="de"/><SP WIDTH="20" VPOS="793" HPOS="716"/>
							<String ID="string_122" HPOS="736" VPOS="793" WIDTH="233" HEIGHT="36" WC="0.96" CONTENT="uppväxande"/><SP WIDTH="21" VPOS="793" HPOS="969"/>
							<String ID="string_123" HPOS="990" VPOS="792" WIDTH="242" HEIGHT="36" WC="0.95" CONTENT="ungdomarna"/><SP WIDTH="20" VPOS="792" HPOS="1232"/>
							<String ID="string_124" HPOS="1252" VPOS="792" WIDTH="94" HEIGHT="30" WC="0.96" CONTENT="inför"/><SP WIDTH="21" VPOS="792" HPOS="1346"/>
							<String ID="string_125" HPOS="1367" VPOS="792" WIDTH="91" HEIGHT="30" WC="0.96" CONTENT="valet"/><SP WIDTH="20" VPOS="792" HPOS="1458"/>
							<String ID="string_126" HPOS="1478" VPOS="794" WIDTH="48" HEIGHT="28" WC="0.96" CONTENT="att"/><SP WIDTH="20" VPOS="794" HPOS="1526"/>
							<String ID="string_127" HPOS="1546" VPOS="792" WIDTH="63" HEIGHT="30" WC="0.96" CONTENT="där"/>
						</TextLine>
						<TextLine ID="line_13" HPOS="101" VPOS="843" WIDTH="1505" HEIGHT="36">
							<String ID="string_128" HPOS="101" VPOS="844" WIDTH="86" HEIGHT="30" WC="0.96" CONTENT="söka"/><SP WIDTH="19" VPOS="844" HPOS="187"/>
							<String ID="string_129" HPOS="206" VPOS="843" WIDTH="54" HEIGHT="30" WC="0.96" CONTENT="sin"/><SP WIDTH="20" VPOS="843" HPOS="260"/>
							<String ID="string_130" HPOS="280" VPOS="844" WIDTH="165" HEIGHT="30" WC="0.96" CONTENT="utkomst."/><SP WIDTH="36" VPOS="844" HPOS="445"/>
							<String ID="string_131" HPOS="481" VPOS="843" WIDTH="50" HEIGHT="30" WC="0.96" CONTENT="Av"/><SP WIDTH="21" VPOS="843" HPOS="531"/>
							<String ID="string_132" HPOS="552" VPOS="843" WIDTH="149" HEIGHT="36" WC="0.95" CONTENT="mången"/><SP WIDTH="23" VPOS="843" HPOS="701"/>
							<String ID="string_133" HPOS="724" VPOS="844" WIDTH="97" HEIGHT="30" WC="0.96" CONTENT="torde"/><SP WIDTH="21" VPOS="844" HPOS="821"/>
							<String ID="string_134" HPOS="842" VPOS="844" WIDTH="66" HEIGHT="30" WC="0.93" CONTENT="ock"/><SP WIDTH="22" VPOS="844" HPOS="908"/>
							<String ID="string_135" HPOS="930" VPOS="843" WIDTH="323" HEIGHT="36" WC="0.91" CONTENT="jordbruksarbetet"/><SP WIDTH="22" VPOS="843" HPOS="1253"/>
							<String ID="string_136" HPOS="1275" VPOS="843" WIDTH="245" HEIGHT="30" WC="0.96" CONTENT="underskattas"/><SP WIDTH="23" VPOS="843" HPOS="1520"/>
							<String ID="string_137" HPOS="1543" VPOS="843" WIDTH="63" HEIGHT="29" WC="0.95" CONTENT="och"/>
						</TextLine>
						<TextLine ID="line_14" HPOS="101" VPOS="894" WIDTH="1231" HEIGHT="37">
							<String ID="string_138" HPOS="101" VPOS="895" WIDTH="179" HEIGHT="36" WC="0.91" CONTENT="tillgripas,"/><SP WIDTH="28" VPOS="895" HPOS="280"/>
							<String ID="string_139" HPOS="308" VPOS="894" WIDTH="88" HEIGHT="31" WC="0.96" CONTENT="först"/><SP WIDTH="25" VPOS="894" HPOS="396"/>
							<String ID="string_140" HPOS="421" VPOS="895" WIDTH="108" HEIGHT="30" WC="0.96" CONTENT="sedan"/><SP WIDTH="28" VPOS="895" HPOS="529"/>
							<String ID="string_141" HPOS="557" VPOS="894" WIDTH="110" HEIGHT="31" WC="0.93" CONTENT="andra"/><SP WIDTH="27" VPOS="894" HPOS="667"/>
							<String ID="string_142" HPOS="694" VPOS="895" WIDTH="264" HEIGHT="35" WC="0.91" CONTENT="utkomstvägar"/><SP WIDTH="27" VPOS="895" HPOS="958"/>
							<String ID="string_143" HPOS="985" VPOS="894" WIDTH="88" HEIGHT="30" WC="0.96" CONTENT="visat"/><SP WIDTH="27" VPOS="894" HPOS="1073"/>
							<String ID="string_144" HPOS="1100" VPOS="894" WIDTH="50" HEIGHT="36" WC="0.96" CONTENT="sig"/><SP WIDTH="27" VPOS="894" HPOS="1150"/>
							<String ID="string_145" HPOS="1177" VPOS="894" WIDTH="155" HEIGHT="36" WC="0.96" CONTENT="stängda."/>
						</TextLine>
					</TextBlock>
					<TextBlock ID="block_2" HPOS="100" VPOS="944" WIDTH="1508" HEIGHT="597">
						<TextLine ID="line_15" HPOS="145" VPOS="944" WIDTH="1463" HEIGHT="38">
							<String ID="string_146" HPOS="145" VPOS="945" WIDTH="116" HEIGHT="37" WC="0.96" CONTENT="Enligt"/><SP WIDTH="17" VPOS="945" HPOS="261"/>
							<String ID="string_147" HPOS="278" VPOS="946" WIDTH="184" HEIGHT="30" WC="0.96" CONTENT="utskottets"/><SP WIDTH="19" VPOS="946" HPOS="462"/>
							<String ID="string_148" HPOS="481" VPOS="945" WIDTH="140" HEIGHT="37" WC="0.96" CONTENT="mening"/><SP WIDTH="20" VPOS="945" HPOS="621"/>
							<String ID="string_149" HPOS="641" VPOS="945" WIDTH="39" HEIGHT="30" WC="0.96" CONTENT="är"/><SP WIDTH="19" VPOS="945" HPOS="680"/>
							<String ID="string_150" HPOS="699" VPOS="954" WIDTH="42" HEIGHT="21" WC="0.96" CONTENT="en"/><SP WIDTH="21" VPOS="954" HPOS="741"/>
							<String ID="string_151" HPOS="762" VPOS="944" WIDTH="275" HEIGHT="37" WC="0.95" CONTENT="ändamålsenlig"/><SP WIDTH="20" VPOS="944" HPOS="1037"/>
							<String ID="string_152" HPOS="1057" VPOS="945" WIDTH="65" HEIGHT="30" WC="0.96" CONTENT="och"/><SP WIDTH="20" VPOS="945" HPOS="1122"/>
							<String ID="string_153" HPOS="1142" VPOS="945" WIDTH="160" HEIGHT="36" WC="0.95" CONTENT="tidsenlig"/><SP WIDTH="21" VPOS="945" HPOS="1302"/>
							<String ID="string_154" HPOS="1323" VPOS="944" WIDTH="137" HEIGHT="36" WC="0.96" CONTENT="lösning"/><SP WIDTH="20" VPOS="944" HPOS="1460"/>
							<String ID="string_155" HPOS="1480" VPOS="953" WIDTH="42" HEIGHT="21" WC="0.96" CONTENT="av"/><SP WIDTH="21" VPOS="953" HPOS="1522"/>
							<String ID="string_156" HPOS="1543" VPOS="944" WIDTH="65" HEIGHT="30" WC="0.96" CONTENT="den"/>
						</TextLine>
						<TextLine ID="line_16" HPOS="101" VPOS="994" WIDTH="1506" HEIGHT="38">
							<String ID="string_157" HPOS="101" VPOS="996" WIDTH="11" HEIGHT="30" WC="0.95" CONTENT="i"/><SP WIDTH="25" VPOS="996" HPOS="112"/>
							<String ID="string_158" HPOS="137" VPOS="996" WIDTH="235" HEIGHT="36" WC="0.96" CONTENT="föreliggande"/><SP WIDTH="26" VPOS="996" HPOS="372"/>
							<String ID="string_159" HPOS="398" VPOS="996" WIDTH="133" HEIGHT="30" WC="0.96" CONTENT="motion"/><SP WIDTH="25" VPOS="996" HPOS="531"/>
							<String ID="string_160" HPOS="556" VPOS="996" WIDTH="197" HEIGHT="30" WC="0.96" CONTENT="framförda"/><SP WIDTH="24" VPOS="996" HPOS="753"/>
							<String ID="string_161" HPOS="777" VPOS="996" WIDTH="217" HEIGHT="30" WC="0.91" CONTENT="lantbrukets"/><SP WIDTH="25" VPOS="996" HPOS="994"/>
							<String ID="string_162" HPOS="1019" VPOS="995" WIDTH="243" HEIGHT="36" WC="0.89" CONTENT="lärlingsfråga"/><SP WIDTH="27" VPOS="995" HPOS="1262"/>
							<String ID="string_163" HPOS="1289" VPOS="1004" WIDTH="42" HEIGHT="21" WC="0.96" CONTENT="av"/><SP WIDTH="24" VPOS="1004" HPOS="1331"/>
							<String ID="string_164" HPOS="1355" VPOS="995" WIDTH="175" HEIGHT="36" WC="0.93" CONTENT="betydelse"/><SP WIDTH="26" VPOS="995" HPOS="1530"/>
							<String ID="string_165" HPOS="1556" VPOS="994" WIDTH="51" HEIGHT="31" WC="0.92" CONTENT="så-"/>
						</TextLine>
						<TextLine ID="line_17" HPOS="101" VPOS="1045" WIDTH="1506" HEIGHT="38">
							<String ID="string_166" HPOS="101" VPOS="1057" WIDTH="75" HEIGHT="21" WC="0.96" CONTENT="som"/><SP WIDTH="23" VPOS="1057" HPOS="176"/>
							<String ID="string_167" HPOS="199" VPOS="1050" WIDTH="47" HEIGHT="28" WC="0.96" CONTENT="ett"/><SP WIDTH="24" VPOS="1050" HPOS="246"/>
							<String ID="string_168" HPOS="270" VPOS="1048" WIDTH="55" HEIGHT="29" WC="0.96" CONTENT="led"/><SP WIDTH="22" VPOS="1048" HPOS="325"/>
							<String ID="string_169" HPOS="347" VPOS="1047" WIDTH="11" HEIGHT="30" WC="0.96" CONTENT="i"/><SP WIDTH="25" VPOS="1047" HPOS="358"/>
							<String ID="string_170" HPOS="383" VPOS="1048" WIDTH="42" HEIGHT="29" WC="0.96" CONTENT="de"/><SP WIDTH="23" VPOS="1048" HPOS="425"/>
							<String ID="string_171" HPOS="448" VPOS="1047" WIDTH="168" HEIGHT="36" WC="0.96" CONTENT="åtgärder,"/><SP WIDTH="26" VPOS="1047" HPOS="616"/>
							<String ID="string_172" HPOS="642" VPOS="1046" WIDTH="94" HEIGHT="31" WC="0.96" CONTENT="vilka"/><SP WIDTH="23" VPOS="1046" HPOS="736"/>
							<String ID="string_173" HPOS="759" VPOS="1047" WIDTH="73" HEIGHT="30" WC="0.96" CONTENT="visa"/><SP WIDTH="23" VPOS="1047" HPOS="832"/>
							<String ID="string_174" HPOS="855" VPOS="1047" WIDTH="51" HEIGHT="36" WC="0.96" CONTENT="sig"/><SP WIDTH="22" VPOS="1047" HPOS="906"/>
							<String ID="string_175" HPOS="928" VPOS="1047" WIDTH="158" HEIGHT="30" WC="0.96" CONTENT="alltmera"/><SP WIDTH="24" VPOS="1047" HPOS="1086"/>
							<String ID="string_176" HPOS="1110" VPOS="1046" WIDTH="191" HEIGHT="36" WC="0.96" CONTENT="trängande"/><SP WIDTH="24" VPOS="1046" HPOS="1301"/>
							<String ID="string_177" HPOS="1325" VPOS="1045" WIDTH="56" HEIGHT="31" WC="0.93" CONTENT="för"/><SP WIDTH="23" VPOS="1045" HPOS="1381"/>
							<String ID="string_178" HPOS="1404" VPOS="1045" WIDTH="203" HEIGHT="37" WC="0.88" CONTENT="jordbruks-"/>
						</TextLine>
						<TextLine ID="line_18" HPOS="100" VPOS="1096" WIDTH="1508" HEIGHT="38">
							<String ID="string_179" HPOS="100" VPOS="1098" WIDTH="185" HEIGHT="36" WC="0.93" CONTENT="näringens"/><SP WIDTH="24" VPOS="1098" HPOS="285"/>
							<String ID="string_180" HPOS="309" VPOS="1097" WIDTH="323" HEIGHT="31" WC="0.92" CONTENT="vidmakthållande"/><SP WIDTH="24" VPOS="1097" HPOS="632"/>
							<String ID="string_181" HPOS="656" VPOS="1098" WIDTH="66" HEIGHT="30" WC="0.96" CONTENT="och"/><SP WIDTH="23" VPOS="1098" HPOS="722"/>
							<String ID="string_182" HPOS="745" VPOS="1097" WIDTH="207" HEIGHT="37" WC="0.96" CONTENT="utveckling."/><SP WIDTH="40" VPOS="1097" HPOS="952"/>
							<String ID="string_183" HPOS="992" VPOS="1097" WIDTH="49" HEIGHT="30" WC="0.96" CONTENT="De"/><SP WIDTH="23" VPOS="1097" HPOS="1041"/>
							<String ID="string_184" HPOS="1064" VPOS="1097" WIDTH="235" HEIGHT="36" WC="0.96" CONTENT="utredningar,"/><SP WIDTH="26" VPOS="1097" HPOS="1299"/>
							<String ID="string_185" HPOS="1325" VPOS="1106" WIDTH="75" HEIGHT="21" WC="0.96" CONTENT="som"/><SP WIDTH="25" VPOS="1106" HPOS="1400"/>
							<String ID="string_186" HPOS="1425" VPOS="1096" WIDTH="111" HEIGHT="30" WC="0.92" CONTENT="under"/><SP WIDTH="24" VPOS="1096" HPOS="1536"/>
							<String ID="string_187" HPOS="1560" VPOS="1105" WIDTH="48" HEIGHT="21" WC="0.84" CONTENT="sc-"/>
						</TextLine>
						<TextLine ID="line_19" HPOS="101" VPOS="1146" WIDTH="1507" HEIGHT="38">
							<String ID="string_188" HPOS="101" VPOS="1159" WIDTH="83" HEIGHT="21" WC="0.96" CONTENT="nare"/><SP WIDTH="28" VPOS="1159" HPOS="184"/>
							<String ID="string_189" HPOS="212" VPOS="1149" WIDTH="39" HEIGHT="31" WC="0.93" CONTENT="år"/><SP WIDTH="24" VPOS="1149" HPOS="251"/>
							<String ID="string_190" HPOS="275" VPOS="1149" WIDTH="196" HEIGHT="30" WC="0.90" CONTENT="verkställts"/><SP WIDTH="26" VPOS="1149" HPOS="471"/>
							<String ID="string_191" HPOS="497" VPOS="1149" WIDTH="10" HEIGHT="29" WC="0.96" CONTENT="i"/><SP WIDTH="26" VPOS="1149" HPOS="507"/>
							<String ID="string_192" HPOS="533" VPOS="1149" WIDTH="66" HEIGHT="30" WC="0.96" CONTENT="och"/><SP WIDTH="26" VPOS="1149" HPOS="599"/>
							<String ID="string_193" HPOS="625" VPOS="1148" WIDTH="57" HEIGHT="30" WC="0.96" CONTENT="för"/><SP WIDTH="27" VPOS="1148" HPOS="682"/>
							<String ID="string_194" HPOS="709" VPOS="1148" WIDTH="227" HEIGHT="36" WC="0.96" CONTENT="reformering"/><SP WIDTH="27" VPOS="1148" HPOS="936"/>
							<String ID="string_195" HPOS="963" VPOS="1158" WIDTH="43" HEIGHT="20" WC="0.96" CONTENT="av"/><SP WIDTH="26" VPOS="1158" HPOS="1006"/>
							<String ID="string_196" HPOS="1032" VPOS="1148" WIDTH="67" HEIGHT="30" WC="0.96" CONTENT="den"/><SP WIDTH="26" VPOS="1148" HPOS="1099"/>
							<String ID="string_197" HPOS="1125" VPOS="1148" WIDTH="93" HEIGHT="35" WC="0.92" CONTENT="lägre"/><SP WIDTH="28" VPOS="1148" HPOS="1218"/>
							<String ID="string_198" HPOS="1246" VPOS="1146" WIDTH="362" HEIGHT="32" WC="0.90" CONTENT="lantbruksundervis-"/>
						</TextLine>
						<TextLine ID="line_20" HPOS="100" VPOS="1197" WIDTH="1507" HEIGHT="39">
							<String ID="string_199" HPOS="100" VPOS="1200" WIDTH="138" HEIGHT="36" WC="0.96" CONTENT="ningen,"/><SP WIDTH="21" VPOS="1200" HPOS="238"/>
							<String ID="string_200" HPOS="259" VPOS="1200" WIDTH="46" HEIGHT="30" WC="0.96" CONTENT="ha"/><SP WIDTH="20" VPOS="1200" HPOS="305"/>
							<String ID="string_201" HPOS="325" VPOS="1199" WIDTH="116" HEIGHT="31" WC="0.96" CONTENT="såsom"/><SP WIDTH="19" VPOS="1199" HPOS="441"/>
							<String ID="string_202" HPOS="460" VPOS="1199" WIDTH="259" HEIGHT="30" WC="0.96" CONTENT="motionärerna"/><SP WIDTH="20" VPOS="1199" HPOS="719"/>
							<String ID="string_203" HPOS="739" VPOS="1199" WIDTH="136" HEIGHT="36" WC="0.96" CONTENT="påpeka"/><SP WIDTH="19" VPOS="1199" HPOS="875"/>
							<String ID="string_204" HPOS="894" VPOS="1199" WIDTH="76" HEIGHT="30" WC="0.96" CONTENT="icke"/><SP WIDTH="19" VPOS="1199" HPOS="970"/>
							<String ID="string_205" HPOS="989" VPOS="1198" WIDTH="162" HEIGHT="31" WC="0.93" CONTENT="omfattat"/><SP WIDTH="19" VPOS="1198" HPOS="1151"/>
							<String ID="string_206" HPOS="1170" VPOS="1197" WIDTH="278" HEIGHT="37" WC="0.92" CONTENT="lärlingsfrågan."/><SP WIDTH="32" VPOS="1197" HPOS="1448"/>
							<String ID="string_207" HPOS="1480" VPOS="1197" WIDTH="127" HEIGHT="31" WC="0.91" CONTENT="Visser-"/>
						</TextLine>
						<TextLine ID="line_21" HPOS="101" VPOS="1248" WIDTH="1505" HEIGHT="39">
							<String ID="string_208" HPOS="101" VPOS="1251" WIDTH="90" HEIGHT="36" WC="0.93" CONTENT="ligen"/><SP WIDTH="26" VPOS="1251" HPOS="191"/>
							<String ID="string_209" HPOS="217" VPOS="1251" WIDTH="148" HEIGHT="30" WC="0.92" CONTENT="förbiser"/><SP WIDTH="21" VPOS="1251" HPOS="365"/>
							<String ID="string_210" HPOS="386" VPOS="1251" WIDTH="168" HEIGHT="30" WC="0.96" CONTENT="utskottet"/><SP WIDTH="25" VPOS="1251" HPOS="554"/>
							<String ID="string_211" HPOS="579" VPOS="1250" WIDTH="85" HEIGHT="36" WC="0.96" CONTENT="icke,"/><SP WIDTH="26" VPOS="1250" HPOS="664"/>
							<String ID="string_212" HPOS="690" VPOS="1253" WIDTH="49" HEIGHT="27" WC="0.96" CONTENT="att"/><SP WIDTH="24" VPOS="1253" HPOS="739"/>
							<String ID="string_213" HPOS="763" VPOS="1250" WIDTH="90" HEIGHT="30" WC="0.96" CONTENT="vissa"/><SP WIDTH="25" VPOS="1250" HPOS="853"/>
							<String ID="string_214" HPOS="878" VPOS="1249" WIDTH="236" HEIGHT="36" WC="0.96" CONTENT="anordningar"/><SP WIDTH="25" VPOS="1249" HPOS="1114"/>
							<String ID="string_215" HPOS="1139" VPOS="1250" WIDTH="61" HEIGHT="29" WC="0.95" CONTENT="äro"/><SP WIDTH="24" VPOS="1250" HPOS="1200"/>
							<String ID="string_216" HPOS="1224" VPOS="1248" WIDTH="153" HEIGHT="31" WC="0.96" CONTENT="träffade"/><SP WIDTH="26" VPOS="1248" HPOS="1377"/>
							<String ID="string_217" HPOS="1403" VPOS="1248" WIDTH="55" HEIGHT="30" WC="0.93" CONTENT="för"/><SP WIDTH="23" VPOS="1248" HPOS="1458"/>
							<String ID="string_218" HPOS="1481" VPOS="1248" WIDTH="125" HEIGHT="30" WC="0.92" CONTENT="utbild-"/>
						</TextLine>
						<TextLine ID="line_22" HPOS="100" VPOS="1298" WIDTH="1508" HEIGHT="41">
							<String ID="string_219" HPOS="100" VPOS="1302" WIDTH="84" HEIGHT="37" WC="0.96" CONTENT="ning"/><SP WIDTH="17" VPOS="1302" HPOS="184"/>
							<String ID="string_220" HPOS="201" VPOS="1302" WIDTH="52" HEIGHT="30" WC="0.96" CONTENT="till"/><SP WIDTH="18" VPOS="1302" HPOS="253"/>
							<String ID="string_221" HPOS="271" VPOS="1301" WIDTH="132" HEIGHT="32" WC="0.93" CONTENT="sådana"/><SP WIDTH="17" VPOS="1301" HPOS="403"/>
							<String ID="string_222" HPOS="420" VPOS="1300" WIDTH="342" HEIGHT="38" WC="0.91" CONTENT="lantbruksgöromål"/><SP WIDTH="19" VPOS="1300" HPOS="762"/>
							<String ID="string_223" HPOS="781" VPOS="1311" WIDTH="74" HEIGHT="21" WC="0.96" CONTENT="som"/><SP WIDTH="19" VPOS="1311" HPOS="855"/>
							<String ID="string_224" HPOS="874" VPOS="1301" WIDTH="154" HEIGHT="31" WC="0.96" CONTENT="skötseln"/><SP WIDTH="19" VPOS="1301" HPOS="1028"/>
							<String ID="string_225" HPOS="1047" VPOS="1310" WIDTH="42" HEIGHT="21" WC="0.96" CONTENT="av"/><SP WIDTH="17" VPOS="1310" HPOS="1089"/>
							<String ID="string_226" HPOS="1106" VPOS="1301" WIDTH="204" HEIGHT="30" WC="0.96" CONTENT="nötkreatur"/><SP WIDTH="18" VPOS="1301" HPOS="1310"/>
							<String ID="string_227" HPOS="1328" VPOS="1301" WIDTH="67" HEIGHT="29" WC="0.96" CONTENT="och"/><SP WIDTH="19" VPOS="1301" HPOS="1395"/>
							<String ID="string_228" HPOS="1414" VPOS="1299" WIDTH="84" HEIGHT="31" WC="0.96" CONTENT="svin."/><SP WIDTH="31" VPOS="1299" HPOS="1498"/>
							<String ID="string_229" HPOS="1529" VPOS="1298" WIDTH="79" HEIGHT="31" WC="0.95" CONTENT="Men"/>
						</TextLine>
						<TextLine ID="line_23" HPOS="100" VPOS="1350" WIDTH="1507" HEIGHT="38">
							<String ID="string_230" HPOS="100" VPOS="1353" WIDTH="259" HEIGHT="31" WC="0.95" CONTENT="motionärerna"/><SP WIDTH="23" VPOS="1353" HPOS="359"/>
							<String ID="string_231" HPOS="382" VPOS="1362" WIDTH="82" HEIGHT="21" WC="0.96" CONTENT="anse"/><SP WIDTH="22" VPOS="1362" HPOS="464"/>
							<String ID="string_232" HPOS="486" VPOS="1353" WIDTH="80" HEIGHT="30" WC="0.95" CONTENT="med"/><SP WIDTH="22" VPOS="1353" HPOS="566"/>
							<String ID="string_233" HPOS="588" VPOS="1353" WIDTH="100" HEIGHT="35" WC="0.96" CONTENT="rätta,"/><SP WIDTH="24" VPOS="1353" HPOS="688"/>
							<String ID="string_234" HPOS="712" VPOS="1355" WIDTH="48" HEIGHT="27" WC="0.96" CONTENT="att"/><SP WIDTH="21" VPOS="1355" HPOS="760"/>
							<String ID="string_235" HPOS="781" VPOS="1353" WIDTH="56" HEIGHT="29" WC="0.96" CONTENT="det"/><SP WIDTH="23" VPOS="1353" HPOS="837"/>
							<String ID="string_236" HPOS="860" VPOS="1352" WIDTH="67" HEIGHT="30" WC="0.96" CONTENT="här"/><SP WIDTH="20" VPOS="1352" HPOS="927"/>
							<String ID="string_237" HPOS="947" VPOS="1352" WIDTH="107" HEIGHT="36" WC="0.96" CONTENT="gäller"/><SP WIDTH="20" VPOS="1352" HPOS="1054"/>
							<String ID="string_238" HPOS="1074" VPOS="1351" WIDTH="75" HEIGHT="31" WC="0.96" CONTENT="icke"/><SP WIDTH="21" VPOS="1351" HPOS="1149"/>
							<String ID="string_239" HPOS="1170" VPOS="1360" WIDTH="42" HEIGHT="21" WC="0.96" CONTENT="en"/><SP WIDTH="21" VPOS="1360" HPOS="1212"/>
							<String ID="string_240" HPOS="1233" VPOS="1351" WIDTH="149" HEIGHT="30" WC="0.93" CONTENT="isolerad"/><SP WIDTH="23" VPOS="1351" HPOS="1382"/>
							<String ID="string_241" HPOS="1405" VPOS="1350" WIDTH="202" HEIGHT="36" WC="0.84" CONTENT="jordbruks-"/>
						</TextLine>
						<TextLine ID="line_24" HPOS="101" VPOS="1400" WIDTH="1506" HEIGHT="40">
							<String ID="string_242" HPOS="101" VPOS="1403" WIDTH="100" HEIGHT="37" WC="0.96" CONTENT="fråga"/><SP WIDTH="18" VPOS="1403" HPOS="201"/>
							<String ID="string_243" HPOS="219" VPOS="1406" WIDTH="84" HEIGHT="28" WC="0.96" CONTENT="utan"/><SP WIDTH="20" VPOS="1406" HPOS="303"/>
							<String ID="string_244" HPOS="323" VPOS="1403" WIDTH="232" HEIGHT="31" WC="0.96" CONTENT="strävandena"/><SP WIDTH="18" VPOS="1403" HPOS="555"/>
							<String ID="string_245" HPOS="573" VPOS="1404" WIDTH="81" HEIGHT="29" WC="0.96" CONTENT="över"/><SP WIDTH="19" VPOS="1404" HPOS="654"/>
							<String ID="string_246" HPOS="673" VPOS="1403" WIDTH="120" HEIGHT="30" WC="0.96" CONTENT="huvud"/><SP WIDTH="17" VPOS="1403" HPOS="793"/>
							<String ID="string_247" HPOS="810" VPOS="1406" WIDTH="92" HEIGHT="32" WC="0.96" CONTENT="taget"/><SP WIDTH="17" VPOS="1406" HPOS="902"/>
							<String ID="string_248" HPOS="919" VPOS="1405" WIDTH="49" HEIGHT="27" WC="0.95" CONTENT="att"/><SP WIDTH="21" VPOS="1405" HPOS="968"/>
							<String ID="string_249" HPOS="989" VPOS="1401" WIDTH="243" HEIGHT="31" WC="0.96" CONTENT="åstadkomma"/><SP WIDTH="17" VPOS="1401" HPOS="1232"/>
							<String ID="string_250" HPOS="1249" VPOS="1411" WIDTH="42" HEIGHT="21" WC="0.92" CONTENT="en"/><SP WIDTH="20" VPOS="1411" HPOS="1291"/>
							<String ID="string_251" HPOS="1311" VPOS="1400" WIDTH="213" HEIGHT="37" WC="0.91" CONTENT="planmässig"/><SP WIDTH="18" VPOS="1400" HPOS="1524"/>
							<String ID="string_252" HPOS="1542" VPOS="1401" WIDTH="65" HEIGHT="30" WC="0.96" CONTENT="och"/>
						</TextLine>
						<TextLine ID="line_25" HPOS="101" VPOS="1452" WIDTH="1506" HEIGHT="38">
							<String ID="string_253" HPOS="101" VPOS="1455" WIDTH="196" HEIGHT="30" WC="0.96" CONTENT="förbättrad"/><SP WIDTH="17" VPOS="1455" HPOS="297"/>
							<String ID="string_254" HPOS="314" VPOS="1453" WIDTH="301" HEIGHT="37" WC="0.96" CONTENT="yrkesutbildning"/><SP WIDTH="20" VPOS="1453" HPOS="615"/>
							<String ID="string_255" HPOS="635" VPOS="1453" WIDTH="10" HEIGHT="30" WC="0.96" CONTENT="i"/><SP WIDTH="21" VPOS="1453" HPOS="645"/>
							<String ID="string_256" HPOS="666" VPOS="1453" WIDTH="199" HEIGHT="35" WC="0.96" CONTENT="allmänhet,"/><SP WIDTH="22" VPOS="1453" HPOS="865"/>
							<String ID="string_257" HPOS="887" VPOS="1453" WIDTH="123" HEIGHT="29" WC="0.96" CONTENT="därvid"/><SP WIDTH="19" VPOS="1453" HPOS="1010"/>
							<String ID="string_258" HPOS="1029" VPOS="1452" WIDTH="205" HEIGHT="36" WC="0.96" CONTENT="jordbruket"/><SP WIDTH="18" VPOS="1452" HPOS="1234"/>
							<String ID="string_259" HPOS="1252" VPOS="1452" WIDTH="64" HEIGHT="30" WC="0.96" CONTENT="bör"/><SP WIDTH="20" VPOS="1452" HPOS="1316"/>
							<String ID="string_260" HPOS="1336" VPOS="1452" WIDTH="176" HEIGHT="29" WC="0.96" CONTENT="betraktas"/><SP WIDTH="21" VPOS="1452" HPOS="1512"/>
							<String ID="string_261" HPOS="1533" VPOS="1460" WIDTH="74" HEIGHT="21" WC="0.95" CONTENT="som"/>
						</TextLine>
						<TextLine ID="line_26" HPOS="100" VPOS="1504" WIDTH="831" HEIGHT="37">
							<String ID="string_262" HPOS="100" VPOS="1505" WIDTH="169" HEIGHT="36" WC="0.95" CONTENT="jämställt"/><SP WIDTH="18" VPOS="1505" HPOS="269"/>
							<String ID="string_263" HPOS="287" VPOS="1505" WIDTH="65" HEIGHT="30" WC="0.96" CONTENT="och"/><SP WIDTH="19" VPOS="1505" HPOS="352"/>
							<String ID="string_264" HPOS="371" VPOS="1504" WIDTH="185" HEIGHT="36" WC="0.96" CONTENT="likvärdigt"/><SP WIDTH="20" VPOS="1504" HPOS="556"/>
							<String ID="string_265" HPOS="576" VPOS="1505" WIDTH="80" HEIGHT="30" WC="0.96" CONTENT="med"/><SP WIDTH="20" VPOS="1505" HPOS="656"/>
							<String ID="string_266" HPOS="676" VPOS="1504" WIDTH="118" HEIGHT="36" WC="0.96" CONTENT="övriga"/><SP WIDTH="17" VPOS="1504" HPOS="794"/>
							<String ID="string_267" HPOS="811" VPOS="1504" WIDTH="120" HEIGHT="36" WC="0.96" CONTENT="yrken."/>
						</TextLine>
					</TextBlock>
					<TextBlock ID="block_3" HPOS="99" VPOS="1552" WIDTH="1509" HEIGHT="597">
						<TextLine ID="line_27" HPOS="145" VPOS="1552" WIDTH="1462" HEIGHT="40">
							<String ID="string_268" HPOS="145" VPOS="1556" WIDTH="50" HEIGHT="30" WC="0.96" CONTENT="De"/><SP WIDTH="18" VPOS="1556" HPOS="195"/>
							<String ID="string_269" HPOS="213" VPOS="1556" WIDTH="216" HEIGHT="36" WC="0.95" CONTENT="synpunkter"/><SP WIDTH="17" VPOS="1556" HPOS="429"/>
							<String ID="string_270" HPOS="446" VPOS="1555" WIDTH="11" HEIGHT="30" WC="0.96" CONTENT="i"/><SP WIDTH="18" VPOS="1555" HPOS="457"/>
							<String ID="string_271" HPOS="475" VPOS="1555" WIDTH="109" HEIGHT="36" WC="0.96" CONTENT="övrigt"/><SP WIDTH="21" VPOS="1555" HPOS="584"/>
							<String ID="string_272" HPOS="605" VPOS="1554" WIDTH="45" HEIGHT="37" WC="0.96" CONTENT="på"/><SP WIDTH="19" VPOS="1554" HPOS="650"/>
							<String ID="string_273" HPOS="669" VPOS="1554" WIDTH="123" HEIGHT="36" WC="0.96" CONTENT="frågan"/><SP WIDTH="20" VPOS="1554" HPOS="792"/>
							<String ID="string_274" HPOS="812" VPOS="1563" WIDTH="58" HEIGHT="21" WC="0.96" CONTENT="om"/><SP WIDTH="18" VPOS="1563" HPOS="870"/>
							<String ID="string_275" HPOS="888" VPOS="1554" WIDTH="179" HEIGHT="30" WC="0.96" CONTENT="ordnande"/><SP WIDTH="19" VPOS="1554" HPOS="1067"/>
							<String ID="string_276" HPOS="1086" VPOS="1563" WIDTH="42" HEIGHT="21" WC="0.93" CONTENT="av"/><SP WIDTH="20" VPOS="1563" HPOS="1128"/>
							<String ID="string_277" HPOS="1148" VPOS="1552" WIDTH="345" HEIGHT="37" WC="0.91" CONTENT="yrkesutbildningen"/><SP WIDTH="19" VPOS="1552" HPOS="1493"/>
							<String ID="string_278" HPOS="1512" VPOS="1552" WIDTH="95" HEIGHT="30" WC="0.96" CONTENT="inom"/>
						</TextLine>
						<TextLine ID="line_28" HPOS="100" VPOS="1603" WIDTH="1508" HEIGHT="40">
							<String ID="string_279" HPOS="100" VPOS="1606" WIDTH="215" HEIGHT="37" WC="0.96" CONTENT="jordbruket,"/><SP WIDTH="30" VPOS="1606" HPOS="315"/>
							<String ID="string_280" HPOS="345" VPOS="1606" WIDTH="94" HEIGHT="30" WC="0.96" CONTENT="vilka"/><SP WIDTH="28" VPOS="1606" HPOS="439"/>
							<String ID="string_281" HPOS="467" VPOS="1606" WIDTH="259" HEIGHT="30" WC="0.93" CONTENT="motionärerna"/><SP WIDTH="28" VPOS="1606" HPOS="726"/>
							<String ID="string_282" HPOS="754" VPOS="1605" WIDTH="168" HEIGHT="36" WC="0.92" CONTENT="andragit,"/><SP WIDTH="31" VPOS="1605" HPOS="922"/>
							<String ID="string_283" HPOS="953" VPOS="1614" WIDTH="104" HEIGHT="26" WC="0.96" CONTENT="synas"/><SP WIDTH="28" VPOS="1614" HPOS="1057"/>
							<String ID="string_284" HPOS="1085" VPOS="1604" WIDTH="166" HEIGHT="30" WC="0.93" CONTENT="utskottet"/><SP WIDTH="27" VPOS="1604" HPOS="1251"/>
							<String ID="string_285" HPOS="1278" VPOS="1603" WIDTH="182" HEIGHT="30" WC="0.92" CONTENT="ävenledes"/><SP WIDTH="28" VPOS="1603" HPOS="1460"/>
							<String ID="string_286" HPOS="1488" VPOS="1604" WIDTH="120" HEIGHT="28" WC="0.94" CONTENT="kunna"/>
						</TextLine>
						<TextLine ID="line_29" HPOS="101" VPOS="1653" WIDTH="1505" HEIGHT="40">
							<String ID="string_287" HPOS="101" VPOS="1667" WIDTH="83" HEIGHT="21" WC="0.96" CONTENT="vara"/><SP WIDTH="26" VPOS="1667" HPOS="184"/>
							<String ID="string_288" HPOS="210" VPOS="1657" WIDTH="222" HEIGHT="36" WC="0.95" CONTENT="vägledande."/><SP WIDTH="40" VPOS="1657" HPOS="432"/>
							<String ID="string_289" HPOS="472" VPOS="1656" WIDTH="91" HEIGHT="30" WC="0.96" CONTENT="Utan"/><SP WIDTH="26" VPOS="1656" HPOS="563"/>
							<String ID="string_290" HPOS="589" VPOS="1659" WIDTH="49" HEIGHT="27" WC="0.96" CONTENT="att"/><SP WIDTH="26" VPOS="1659" HPOS="638"/>
							<String ID="string_291" HPOS="664" VPOS="1656" WIDTH="161" HEIGHT="29" WC="0.95" CONTENT="närmare"/><SP WIDTH="27" VPOS="1656" HPOS="825"/>
							<String ID="string_292" HPOS="852" VPOS="1655" WIDTH="80" HEIGHT="37" WC="0.96" CONTENT="ingå"/><SP WIDTH="26" VPOS="1655" HPOS="932"/>
							<String ID="string_293" HPOS="958" VPOS="1654" WIDTH="112" HEIGHT="37" WC="0.96" CONTENT="härpå"/><SP WIDTH="25" VPOS="1654" HPOS="1070"/>
							<String ID="string_294" HPOS="1095" VPOS="1655" WIDTH="82" HEIGHT="29" WC="0.96" CONTENT="eller"/><SP WIDTH="24" VPOS="1655" HPOS="1177"/>
							<String ID="string_295" HPOS="1201" VPOS="1654" WIDTH="175" HEIGHT="36" WC="0.96" CONTENT="föregripa"/><SP WIDTH="27" VPOS="1654" HPOS="1376"/>
							<String ID="string_296" HPOS="1403" VPOS="1663" WIDTH="39" HEIGHT="20" WC="0.87" CONTENT="ev"/><SP WIDTH="31" VPOS="1663" HPOS="1442"/>
							<String ID="string_297" HPOS="1473" VPOS="1653" WIDTH="133" HEIGHT="36" WC="0.95" CONTENT="allsidig"/>
						</TextLine>
						<TextLine ID="line_30" HPOS="99" VPOS="1704" WIDTH="1507" HEIGHT="40">
							<String ID="string_298" HPOS="99" VPOS="1708" WIDTH="185" HEIGHT="36" WC="0.96" CONTENT="utredning"/><SP WIDTH="28" VPOS="1708" HPOS="284"/>
							<String ID="string_299" HPOS="312" VPOS="1708" WIDTH="11" HEIGHT="29" WC="0.96" CONTENT="i"/><SP WIDTH="28" VPOS="1708" HPOS="323"/>
							<String ID="string_300" HPOS="351" VPOS="1708" WIDTH="118" HEIGHT="29" WC="0.96" CONTENT="ämnet"/><SP WIDTH="27" VPOS="1708" HPOS="469"/>
							<String ID="string_301" HPOS="496" VPOS="1708" WIDTH="65" HEIGHT="29" WC="0.95" CONTENT="har"/><SP WIDTH="25" VPOS="1708" HPOS="561"/>
							<String ID="string_302" HPOS="586" VPOS="1707" WIDTH="167" HEIGHT="30" WC="0.95" CONTENT="utskottet"/><SP WIDTH="26" VPOS="1707" HPOS="753"/>
							<String ID="string_303" HPOS="779" VPOS="1706" WIDTH="56" HEIGHT="30" WC="0.96" CONTENT="för"/><SP WIDTH="27" VPOS="1706" HPOS="835"/>
							<String ID="string_304" HPOS="862" VPOS="1707" WIDTH="115" HEIGHT="29" WC="0.95" CONTENT="denna"/><SP WIDTH="26" VPOS="1707" HPOS="977"/>
							<String ID="string_305" HPOS="1003" VPOS="1705" WIDTH="196" HEIGHT="36" WC="0.95" CONTENT="utbildning"/><SP WIDTH="26" VPOS="1705" HPOS="1199"/>
							<String ID="string_306" HPOS="1225" VPOS="1705" WIDTH="99" HEIGHT="30" WC="0.96" CONTENT="tänkt"/><SP WIDTH="29" VPOS="1705" HPOS="1324"/>
							<String ID="string_307" HPOS="1353" VPOS="1704" WIDTH="60" HEIGHT="36" WC="0.96" CONTENT="sig,"/><SP WIDTH="28" VPOS="1704" HPOS="1413"/>
							<String ID="string_308" HPOS="1441" VPOS="1707" WIDTH="49" HEIGHT="27" WC="0.93" CONTENT="att"/><SP WIDTH="29" VPOS="1707" HPOS="1490"/>
							<String ID="string_309" HPOS="1519" VPOS="1704" WIDTH="87" HEIGHT="30" WC="0.92" CONTENT="före-"/>
						</TextLine>
						<TextLine ID="line_31" HPOS="99" VPOS="1755" WIDTH="1508" HEIGHT="40">
							<String ID="string_310" HPOS="99" VPOS="1759" WIDTH="143" HEIGHT="36" WC="0.92" CONTENT="bildliga"/><SP WIDTH="21" VPOS="1759" HPOS="242"/>
							<String ID="string_311" HPOS="263" VPOS="1758" WIDTH="171" HEIGHT="37" WC="0.96" CONTENT="jordbruk"/><SP WIDTH="22" VPOS="1758" HPOS="434"/>
							<String ID="string_312" HPOS="456" VPOS="1768" WIDTH="42" HEIGHT="20" WC="0.96" CONTENT="av"/><SP WIDTH="21" VPOS="1768" HPOS="498"/>
							<String ID="string_313" HPOS="519" VPOS="1758" WIDTH="93" HEIGHT="30" WC="0.96" CONTENT="olika"/><SP WIDTH="21" VPOS="1758" HPOS="612"/>
							<String ID="string_314" HPOS="633" VPOS="1757" WIDTH="296" HEIGHT="36" WC="0.96" CONTENT="storleksordning"/><SP WIDTH="21" VPOS="1757" HPOS="929"/>
							<String ID="string_315" HPOS="950" VPOS="1757" WIDTH="79" HEIGHT="30" WC="0.96" CONTENT="med"/><SP WIDTH="21" VPOS="1757" HPOS="1029"/>
							<String ID="string_316" HPOS="1050" VPOS="1757" WIDTH="222" HEIGHT="35" WC="0.96" CONTENT="kompetenta"/><SP WIDTH="21" VPOS="1757" HPOS="1272"/>
							<String ID="string_317" HPOS="1293" VPOS="1756" WIDTH="66" HEIGHT="30" WC="0.96" CONTENT="och"/><SP WIDTH="21" VPOS="1756" HPOS="1359"/>
							<String ID="string_318" HPOS="1380" VPOS="1755" WIDTH="227" HEIGHT="30" WC="0.96" CONTENT="intresserade"/>
						</TextLine>
						<TextLine ID="line_32" HPOS="100" VPOS="1804" WIDTH="1508" HEIGHT="40">
							<String ID="string_319" HPOS="100" VPOS="1810" WIDTH="211" HEIGHT="30" WC="0.96" CONTENT="innehavare"/><SP WIDTH="26" VPOS="1810" HPOS="311"/>
							<String ID="string_320" HPOS="337" VPOS="1809" WIDTH="111" HEIGHT="30" WC="0.93" CONTENT="skulle"/><SP WIDTH="24" VPOS="1809" HPOS="448"/>
							<String ID="string_321" HPOS="472" VPOS="1808" WIDTH="151" HEIGHT="36" WC="0.92" CONTENT="utväljas"/><SP WIDTH="25" VPOS="1808" HPOS="623"/>
							<String ID="string_322" HPOS="648" VPOS="1808" WIDTH="10" HEIGHT="29" WC="0.96" CONTENT="i"/><SP WIDTH="26" VPOS="1808" HPOS="658"/>
							<String ID="string_323" HPOS="684" VPOS="1808" WIDTH="217" HEIGHT="36" WC="0.96" CONTENT="erforderligt"/><SP WIDTH="24" VPOS="1808" HPOS="901"/>
							<String ID="string_324" HPOS="925" VPOS="1808" WIDTH="95" HEIGHT="30" WC="0.96" CONTENT="antal"/><SP WIDTH="25" VPOS="1808" HPOS="1020"/>
							<String ID="string_325" HPOS="1045" VPOS="1808" WIDTH="64" HEIGHT="29" WC="0.96" CONTENT="och"/><SP WIDTH="26" VPOS="1808" HPOS="1109"/>
							<String ID="string_326" HPOS="1135" VPOS="1807" WIDTH="141" HEIGHT="36" WC="0.96" CONTENT="spridda"/><SP WIDTH="25" VPOS="1807" HPOS="1276"/>
							<String ID="string_327" HPOS="1301" VPOS="1807" WIDTH="82" HEIGHT="29" WC="0.96" CONTENT="över"/><SP WIDTH="24" VPOS="1807" HPOS="1383"/>
							<String ID="string_328" HPOS="1407" VPOS="1806" WIDTH="126" HEIGHT="29" WC="0.92" CONTENT="landet."/><SP WIDTH="26" VPOS="1806" HPOS="1533"/>
							<String ID="string_329" HPOS="1559" VPOS="1804" WIDTH="49" HEIGHT="31" WC="0.96" CONTENT="På"/>
						</TextLine>
						<TextLine ID="line_33" HPOS="100" VPOS="1856" WIDTH="1505" HEIGHT="40">
							<String ID="string_330" HPOS="100" VPOS="1861" WIDTH="100" HEIGHT="30" WC="0.93" CONTENT="dessa"/><SP WIDTH="24" VPOS="1861" HPOS="200"/>
							<String ID="string_331" HPOS="224" VPOS="1859" WIDTH="269" HEIGHT="37" WC="0.91" CONTENT="lärlingsgårdar"/><SP WIDTH="25" VPOS="1859" HPOS="493"/>
							<String ID="string_332" HPOS="518" VPOS="1859" WIDTH="110" HEIGHT="30" WC="0.96" CONTENT="skulle"/><SP WIDTH="27" VPOS="1859" HPOS="628"/>
							<String ID="string_333" HPOS="655" VPOS="1859" WIDTH="50" HEIGHT="35" WC="0.96" CONTENT="de,"/><SP WIDTH="27" VPOS="1859" HPOS="705"/>
							<String ID="string_334" HPOS="732" VPOS="1868" WIDTH="74" HEIGHT="20" WC="0.96" CONTENT="som"/><SP WIDTH="26" VPOS="1868" HPOS="806"/>
							<String ID="string_335" HPOS="832" VPOS="1858" WIDTH="84" HEIGHT="36" WC="0.96" CONTENT="vilja"/><SP WIDTH="23" VPOS="1858" HPOS="916"/>
							<String ID="string_336" HPOS="939" VPOS="1857" WIDTH="134" HEIGHT="31" WC="0.96" CONTENT="utbilda"/><SP WIDTH="25" VPOS="1857" HPOS="1073"/>
							<String ID="string_337" HPOS="1098" VPOS="1857" WIDTH="49" HEIGHT="36" WC="0.96" CONTENT="sig"/><SP WIDTH="26" VPOS="1857" HPOS="1147"/>
							<String ID="string_338" HPOS="1173" VPOS="1857" WIDTH="51" HEIGHT="30" WC="0.92" CONTENT="till"/><SP WIDTH="24" VPOS="1857" HPOS="1224"/>
							<String ID="string_339" HPOS="1248" VPOS="1856" WIDTH="357" HEIGHT="36" WC="0.89" CONTENT="jordbruksarbetare,"/>
						</TextLine>
						<TextLine ID="line_34" HPOS="100" VPOS="1906" WIDTH="1506" HEIGHT="40">
							<String ID="string_340" HPOS="100" VPOS="1912" WIDTH="120" HEIGHT="29" WC="0.96" CONTENT="kunna"/><SP WIDTH="22" VPOS="1912" HPOS="220"/>
							<String ID="string_341" HPOS="242" VPOS="1911" WIDTH="10" HEIGHT="29" WC="0.96" CONTENT="i"/><SP WIDTH="21" VPOS="1911" HPOS="252"/>
							<String ID="string_342" HPOS="273" VPOS="1910" WIDTH="185" HEIGHT="36" WC="0.96" CONTENT="praktiken"/><SP WIDTH="24" VPOS="1910" HPOS="458"/>
							<String ID="string_343" HPOS="482" VPOS="1909" WIDTH="117" HEIGHT="30" WC="0.96" CONTENT="utföra"/><SP WIDTH="23" VPOS="1909" HPOS="599"/>
							<String ID="string_344" HPOS="622" VPOS="1908" WIDTH="288" HEIGHT="30" WC="0.96" CONTENT="förekommande"/><SP WIDTH="22" VPOS="1908" HPOS="910"/>
							<String ID="string_345" HPOS="932" VPOS="1907" WIDTH="155" HEIGHT="37" WC="0.95" CONTENT="göromål"/><SP WIDTH="22" VPOS="1907" HPOS="1087"/>
							<String ID="string_346" HPOS="1109" VPOS="1908" WIDTH="111" HEIGHT="29" WC="0.95" CONTENT="under"/><SP WIDTH="21" VPOS="1908" HPOS="1220"/>
							<String ID="string_347" HPOS="1241" VPOS="1910" WIDTH="46" HEIGHT="27" WC="0.96" CONTENT="ett"/><SP WIDTH="22" VPOS="1910" HPOS="1287"/>
							<String ID="string_348" HPOS="1309" VPOS="1916" WIDTH="64" HEIGHT="27" WC="0.96" CONTENT="par"/><SP WIDTH="22" VPOS="1916" HPOS="1373"/>
							<String ID="string_349" HPOS="1395" VPOS="1906" WIDTH="54" HEIGHT="31" WC="0.96" CONTENT="års"/><SP WIDTH="22" VPOS="1906" HPOS="1449"/>
							<String ID="string_350" HPOS="1471" VPOS="1907" WIDTH="49" HEIGHT="29" WC="0.96" CONTENT="tid"/><SP WIDTH="22" VPOS="1907" HPOS="1520"/>
							<String ID="string_351" HPOS="1542" VPOS="1906" WIDTH="64" HEIGHT="30" WC="0.96" CONTENT="och"/>
						</TextLine>
						<TextLine ID="line_35" HPOS="99" VPOS="1957" WIDTH="1505" HEIGHT="40">
							<String ID="string_352" HPOS="99" VPOS="1962" WIDTH="9" HEIGHT="29" WC="0.96" CONTENT="i"/><SP WIDTH="15" VPOS="1962" HPOS="108"/>
							<String ID="string_353" HPOS="123" VPOS="1961" WIDTH="199" HEIGHT="36" WC="0.96" CONTENT="anslutning"/><SP WIDTH="18" VPOS="1961" HPOS="322"/>
							<String ID="string_354" HPOS="340" VPOS="1960" WIDTH="116" HEIGHT="30" WC="0.96" CONTENT="därtill"/><SP WIDTH="18" VPOS="1960" HPOS="456"/>
							<String ID="string_355" HPOS="474" VPOS="1959" WIDTH="144" HEIGHT="30" WC="0.96" CONTENT="beredas"/><SP WIDTH="19" VPOS="1959" HPOS="618"/>
							<String ID="string_356" HPOS="637" VPOS="1959" WIDTH="68" HEIGHT="29" WC="0.96" CONTENT="viss"/><SP WIDTH="20" VPOS="1959" HPOS="705"/>
							<String ID="string_357" HPOS="725" VPOS="1958" WIDTH="236" HEIGHT="36" WC="0.96" CONTENT="handledning"/><SP WIDTH="19" VPOS="1958" HPOS="961"/>
							<String ID="string_358" HPOS="980" VPOS="1958" WIDTH="65" HEIGHT="29" WC="0.96" CONTENT="och"/><SP WIDTH="20" VPOS="1958" HPOS="1045"/>
							<String ID="string_359" HPOS="1065" VPOS="1957" WIDTH="256" HEIGHT="36" WC="0.96" CONTENT="undervisning,"/><SP WIDTH="22" VPOS="1957" HPOS="1321"/>
							<String ID="string_360" HPOS="1343" VPOS="1957" WIDTH="59" HEIGHT="29" WC="0.95" CONTENT="allt"/><SP WIDTH="20" VPOS="1957" HPOS="1402"/>
							<String ID="string_361" HPOS="1422" VPOS="1957" WIDTH="109" HEIGHT="29" WC="0.93" CONTENT="under"/><SP WIDTH="20" VPOS="1957" HPOS="1531"/>
							<String ID="string_362" HPOS="1551" VPOS="1965" WIDTH="53" HEIGHT="20" WC="0.92" CONTENT="ve-"/>
						</TextLine>
						<TextLine ID="line_36" HPOS="100" VPOS="2004" WIDTH="1506" HEIGHT="43">
							<String ID="string_363" HPOS="100" VPOS="2012" WIDTH="172" HEIGHT="35" WC="0.92" CONTENT="derbörlig"/><SP WIDTH="21" VPOS="2012" HPOS="272"/>
							<String ID="string_364" HPOS="293" VPOS="2010" WIDTH="246" HEIGHT="37" WC="0.96" CONTENT="planläggning"/><SP WIDTH="22" VPOS="2010" HPOS="539"/>
							<String ID="string_365" HPOS="561" VPOS="2010" WIDTH="65" HEIGHT="30" WC="0.96" CONTENT="och"/><SP WIDTH="21" VPOS="2010" HPOS="626"/>
							<String ID="string_366" HPOS="647" VPOS="2009" WIDTH="159" HEIGHT="30" WC="0.95" CONTENT="kontroll."/><SP WIDTH="34" VPOS="2009" HPOS="806"/>
							<String ID="string_367" HPOS="840" VPOS="2004" WIDTH="93" HEIGHT="34" WC="0.96" CONTENT="Även"/><SP WIDTH="23" VPOS="2004" HPOS="933"/>
							<String ID="string_368" HPOS="956" VPOS="2009" WIDTH="109" HEIGHT="30" WC="0.96" CONTENT="andra"/><SP WIDTH="20" VPOS="2009" HPOS="1065"/>
							<String ID="string_369" HPOS="1085" VPOS="2008" WIDTH="235" HEIGHT="36" WC="0.96" CONTENT="anordningar"/><SP WIDTH="21" VPOS="2008" HPOS="1320"/>
							<String ID="string_370" HPOS="1341" VPOS="2008" WIDTH="120" HEIGHT="29" WC="0.93" CONTENT="kunna"/><SP WIDTH="20" VPOS="2008" HPOS="1461"/>
							<String ID="string_371" HPOS="1481" VPOS="2006" WIDTH="125" HEIGHT="36" WC="0.91" CONTENT="ifråga-"/>
						</TextLine>
						<TextLine ID="line_37" HPOS="100" VPOS="2057" WIDTH="1507" HEIGHT="39">
							<String ID="string_372" HPOS="100" VPOS="2064" WIDTH="143" HEIGHT="29" WC="0.96" CONTENT="komma"/><SP WIDTH="20" VPOS="2064" HPOS="243"/>
							<String ID="string_373" HPOS="263" VPOS="2063" WIDTH="64" HEIGHT="29" WC="0.96" CONTENT="och"/><SP WIDTH="20" VPOS="2063" HPOS="327"/>
							<String ID="string_374" HPOS="347" VPOS="2062" WIDTH="85" HEIGHT="30" WC="0.96" CONTENT="böra"/><SP WIDTH="19" VPOS="2062" HPOS="432"/>
							<String ID="string_375" HPOS="451" VPOS="2061" WIDTH="161" HEIGHT="30" WC="0.96" CONTENT="närmare"/><SP WIDTH="18" VPOS="2061" HPOS="612"/>
							<String ID="string_376" HPOS="630" VPOS="2060" WIDTH="186" HEIGHT="36" WC="0.96" CONTENT="övervägas"/><SP WIDTH="19" VPOS="2060" HPOS="816"/>
							<String ID="string_377" HPOS="835" VPOS="2059" WIDTH="57" HEIGHT="30" WC="0.96" CONTENT="vid"/><SP WIDTH="20" VPOS="2059" HPOS="892"/>
							<String ID="string_378" HPOS="912" VPOS="2060" WIDTH="66" HEIGHT="29" WC="0.96" CONTENT="den"/><SP WIDTH="20" VPOS="2060" HPOS="978"/>
							<String ID="string_379" HPOS="998" VPOS="2058" WIDTH="193" HEIGHT="36" WC="0.96" CONTENT="utredning,"/><SP WIDTH="21" VPOS="2058" HPOS="1191"/>
							<String ID="string_380" HPOS="1212" VPOS="2068" WIDTH="74" HEIGHT="20" WC="0.96" CONTENT="som"/><SP WIDTH="21" VPOS="2068" HPOS="1286"/>
							<String ID="string_381" HPOS="1307" VPOS="2059" WIDTH="166" HEIGHT="29" WC="0.0" CONTENT="utskottet"/><SP WIDTH="19" VPOS="2059" HPOS="1473"/>
							<String ID="string_382" HPOS="1492" VPOS="2057" WIDTH="115" HEIGHT="30" WC="0.95" CONTENT="finner"/>
						</TextLine>
						<TextLine ID="line_38" HPOS="100" VPOS="2113" WIDTH="280" HEIGHT="36">
							<String ID="string_383" HPOS="100" VPOS="2124" WIDTH="83" HEIGHT="20" WC="0.96" CONTENT="vara"/><SP WIDTH="23" VPOS="2124" HPOS="183"/>
							<String ID="string_384" HPOS="206" VPOS="2113" WIDTH="174" HEIGHT="36" WC="0.96" CONTENT="påkallad."/>
						</TextLine>
					</TextBlock>
					<TextBlock ID="block_4" HPOS="146" VPOS="2160" WIDTH="1138" HEIGHT="39">
						<TextLine ID="line_39" HPOS="146" VPOS="2160" WIDTH="1138" HEIGHT="39">
							<String ID="string_385" HPOS="146" VPOS="2165" WIDTH="116" HEIGHT="29" WC="0.96" CONTENT="Under"/><SP WIDTH="21" VPOS="2165" HPOS="262"/>
							<String ID="string_386" HPOS="283" VPOS="2163" WIDTH="220" HEIGHT="36" WC="0.95" CONTENT="åberopande"/><SP WIDTH="21" VPOS="2163" HPOS="503"/>
							<String ID="string_387" HPOS="524" VPOS="2172" WIDTH="41" HEIGHT="20" WC="0.96" CONTENT="av"/><SP WIDTH="22" VPOS="2172" HPOS="565"/>
							<String ID="string_388" HPOS="587" VPOS="2162" WIDTH="55" HEIGHT="30" WC="0.96" CONTENT="det"/><SP WIDTH="21" VPOS="2162" HPOS="642"/>
							<String ID="string_389" HPOS="663" VPOS="2161" WIDTH="147" HEIGHT="31" WC="0.96" CONTENT="anförda"/><SP WIDTH="21" VPOS="2161" HPOS="810"/>
							<String ID="string_390" HPOS="831" VPOS="2160" WIDTH="54" HEIGHT="31" WC="0.96" CONTENT="får"/><SP WIDTH="20" VPOS="2160" HPOS="885"/>
							<String ID="string_391" HPOS="905" VPOS="2161" WIDTH="165" HEIGHT="29" WC="0.93" CONTENT="utskottet"/><SP WIDTH="22" VPOS="2161" HPOS="1070"/>
							<String ID="string_392" HPOS="1092" VPOS="2160" WIDTH="192" HEIGHT="35" WC="0.91" CONTENT="hemställa,"/>
						</TextLine>
					</TextBlock>
				</ComposedBlock>
				<ComposedBlock ID="cblock_2" HPOS="1648" VPOS="236" WIDTH="126" HEIGHT="25">
					<TextBlock ID="block_5" HPOS="1648" VPOS="236" WIDTH="126" HEIGHT="25">
						<TextLine ID="line_40" HPOS="1648" VPOS="236" WIDTH="126" HEIGHT="25">
							<String ID="string_393" HPOS="1648" VPOS="236" WIDTH="126" HEIGHT="25" WC="0.96" CONTENT="Utskottet."/>
						</TextLine>
					</TextBlock>
				</ComposedBlock>
			</PrintSpace>
		</Page>
	</Layout>
</alto>
