1908 2814
257 151 40 31 28
620 156 392 38 Bevillningsutskottets
1035 157 218 32 betänkande
1285 159 50 31 Nr
1355 160 49 30 21.

827 279 169 40 Fullföljd
1019 288 46 22 av
1088 280 111 30 talan.

976 377 42 30 60
1043 377 29 37 8.

303 440 110 32 Talan
439 445 71 27 mot
534 442 113 31 beslut
673 443 10 30 i
712 444 240 31 skatteärende
976 444 57 31 må
1059 444 182 37 fullföljas,
1268 445 155 31 förutom
1450 455 42 21 av
1516 445 136 31 enskild
1678 448 87 34 part,

257 500 43 22 av
322 492 259 31 advokatfiskal
602 493 57 31 vid
679 494 149 36 hovrätt;
854 495 66 30 och
942 496 88 30 skall
1051 495 131 36 jämväl
1203 495 44 31 då
1268 496 114 31 beslut
1402 496 190 31 meddelats
1614 506 42 21 av
1677 497 88 30 läns-

258 543 143 36 styrelse
419 543 123 31 besvär
558 544 143 31 anföras
719 545 62 30 hos
800 546 192 32 hovrätten.

303 593 192 32 Innefattar
514 595 113 30 beslut
644 605 42 21 av
702 596 180 30 underrätt
899 597 82 30 eller
997 597 220 36 länsstyrelse
1236 597 171 37 prövning
1425 607 41 21 av
1485 597 100 37 fråga
1605 607 56 21 om
1683 598 82 31 fast-

258 644 179 36 ställande,
463 645 152 37 eftergift
640 647 81 29 eller
746 646 218 38 återvinning
989 657 42 21 av
1059 648 102 35 skatt,
1188 647 57 32 må
1272 648 95 31 talan
1394 648 171 36 fullföljas
1593 648 94 31 inom
1715 651 50 28 tre

257 694 39 31 år
319 694 80 32 från
423 696 162 30 beslutets
609 697 76 36 dag.
713 697 73 30 Har
812 701 78 32 part
916 698 116 30 anfört
1056 699 125 30 besvär
1205 699 64 30 och
1296 699 59 30 vill
1380 698 129 37 jämväl
1535 700 90 30 hans
1650 700 115 30 veder-

256 749 78 33 part
357 747 84 30 söka
463 747 148 37 ändring
632 747 12 30 i
667 748 154 36 beslutet,
845 749 89 30 skall
956 749 111 30 denne
1091 750 89 30 dock
1206 749 114 38 ingiva
1345 750 75 30 sina
1441 750 124 31 besvär
1587 750 61 31 sist
1671 750 95 31 inom

258 796 56 32 två
336 797 168 31 månader
526 798 81 31 från
630 799 55 30 det
710 799 196 38 delgivning
928 809 74 21 som
1027 809 99 22 avses
1149 800 11 30 i
1184 801 39 29 27
1248 801 79 36 kap.
1355 801 20 30 6
1400 801 19 37 8
1441 800 325 38 rättegångsbalken

255 847 57 37 ägt
337 858 78 20 rum
440 849 90 36 eller,
557 849 11 30 i
594 849 62 31 fall
681 859 73 21 som
781 850 228 31 omförmälas
1038 851 10 30 i
1076 852 17 29 7
1122 851 18 37 8
1166 861 134 21 samma
1327 852 138 36 kapitel,
1492 851 81 31 från
1598 852 56 30 det
1679 853 86 29 kun-

255 899 132 36 görelse
408 899 82 32 sista
514 899 134 37 gången
673 900 123 31 införts
820 901 10 30 i
854 901 177 31 allmänna
1053 901 231 37 tidningarna.
1311 903 73 29 Där
1405 902 193 37 förklaring
1623 903 142 36 avgivits

256 952 84 28 utan
367 953 49 28 att
443 950 108 31 sådan
578 951 196 37 delgivning
799 952 83 30 eller
907 953 205 35 kungörelse
1138 953 98 36 skett,
1264 953 90 31 skall
1380 953 154 31 nämnda
1560 953 50 31 tid
1638 963 41 21 av
1708 953 58 32 två

255 1000 170 31 månader
445 1002 127 30 räknas
592 1001 79 32 från
691 1003 55 30 det
766 1002 237 37 förklaringen
1023 1003 131 31 inkom.

300 1051 54 32 Då
393 1052 122 30 besvär
549 1053 187 36 behörigen
776 1053 135 31 anförts
950 1055 81 29 över
1067 1054 122 35 beslut,
1216 1063 75 21 som
1319 1064 97 21 avses
1442 1055 10 30 i
1478 1055 287 37 nästföregående

255 1103 129 36 stycke,
408 1103 87 30 skall
517 1104 214 36 klagandens
755 1104 182 36 vederpart
959 1105 115 30 städse
1098 1105 104 30 höras
1225 1105 82 30 över
1329 1105 176 36 besvären,
1530 1107 66 30 och
1622 1107 142 29 ankom-

255 1163 74 20 mer
351 1154 122 30 därvid
497 1153 44 37 på
564 1155 182 30 hovrätten
768 1157 59 33 att,
852 1164 57 21 om
932 1155 123 30 besvär
1076 1155 134 31 anförts
1235 1165 43 21 av
1300 1156 314 36 advokatfiskalen,
1638 1157 127 30 utsätta

254 1203 60 37 tid,
341 1202 94 31 inom
457 1203 116 31 vilken
596 1204 398 37 besvärshandlingarna
1017 1205 88 31 efter
1130 1205 107 31 skedd
1262 1206 196 36 delgivning
1481 1206 99 31 skola
1606 1216 82 21 vara
1713 1206 51 32 till

255 1254 183 31 hovrätten
467 1254 209 38 återställda,
705 1257 65 30 och
800 1256 98 36 eljest
925 1259 49 28 att
1002 1256 71 31 låta
1101 1257 152 30 tillställa
1280 1257 303 31 advokatfiskalen
1611 1258 153 31 besvärs-

254 1305 265 37 handlingarna.
544 1306 128 31 Tillika
697 1308 205 29 ankommer
923 1307 45 36 på
991 1308 183 30 hovrätten
1198 1311 49 27 att
1268 1308 12 29 i
1303 1318 48 20 nu
1376 1309 150 30 avsedda
1550 1308 64 31 fall
1637 1310 128 29 utsätta

255 1355 59 36 tid,
336 1356 96 30 inom
453 1357 114 30 vilken
586 1357 191 38 förklaring
799 1358 89 30 skall
909 1367 82 21 vara
1009 1358 155 36 avgiven.

299 1401 93 36 Över
412 1407 110 30 beslut
543 1417 44 21 av
607 1407 442 37 beskattningsmyndighet
1070 1409 11 29 i
1104 1408 126 37 frågor,
1251 1418 75 21 som
1348 1418 97 22 avses
1465 1409 11 30 i
1500 1410 38 29 17
1560 1410 67 30 och
1650 1410 41 30 26
1712 1410 51 37 88,

254 1457 58 31 må
334 1458 127 36 klagan
480 1457 30 37 ej
533 1458 107 31 föras.
662 1458 72 31 Har
752 1458 115 37 någon
887 1458 162 37 förelagts
1071 1462 50 27 att
1142 1459 55 30 vid
1218 1459 66 31 vite
1305 1459 150 37 fullgöra
1477 1459 191 37 åliggande,
1689 1470 74 21 var-

254 1517 57 21 om
336 1508 11 30 i
372 1509 42 30 26
437 1509 17 37 $
479 1508 175 37 förmäles,
677 1508 57 32 må
756 1509 89 31 dock
869 1509 259 37 föreläggandet
1150 1510 142 31 komma
1314 1511 111 30 under
1448 1511 171 37 prövning
1641 1511 11 30 i
1675 1521 88 21 sam-

254 1559 94 31 band
368 1560 79 30 med
467 1560 127 36 klagan
612 1561 82 29 över
713 1560 112 31 beslut
846 1569 57 21 om
923 1560 97 31 vitets
1039 1561 223 30 utdömande.

695 1672 280 49 Återbetalning
996 1690 46 22 av
1066 1682 128 40 erlagd
1217 1683 109 30 skatt.

958 1780 39 30 61
1020 1779 29 38 8.

297 1840 90 42 Äger
409 1845 46 37 på
479 1846 112 36 grund
616 1856 43 21 av
681 1846 306 32 bestämmelserna
1010 1847 10 30 i
1047 1848 40 29 27
1115 1847 28 37 8,
1168 1847 41 30 33
1236 1847 18 37 8
1281 1848 20 30 3
1325 1857 105 21 mom.
1456 1848 82 30 eller
1563 1849 129 31 56—59
1720 1849 41 38 88

253 1896 83 30 eller
366 1897 104 36 enligt
502 1897 168 31 överrätts
698 1897 111 31 beslut
841 1898 132 30 dödsbo
1001 1898 83 30 eller
1114 1898 229 38 skattskyldig
1373 1898 111 32 återfå
1511 1899 119 37 erlagd
1660 1900 101 36 skatt,

253 1947 88 30 skall
367 1947 10 30 i
401 1948 65 29 den
489 1948 159 36 ordning,
674 1957 73 21 som
771 1948 10 30 i
807 1947 99 37 fråga
928 1958 56 20 om
1010 1949 195 30 restitution
1229 1958 43 21 av
1293 1950 295 36 kronoutskylder
1610 1951 39 29 är
1672 1950 88 31 före-

252 1998 150 35 skriven,
433 1998 273 37 skattebeloppet
735 1998 45 37 på
810 1999 157 30 ansökan
999 1999 244 30 kostnadsfritt
1273 1999 204 32 återbetalas
1507 2000 94 31 ändå
1631 2004 48 27 att
1710 2001 51 30 till

252 2049 112 35 grund
390 2048 56 31 för
468 2048 293 38 återbetalningen
788 2049 166 37 åberopat
977 2050 123 36 beslut,
1129 2050 63 30 där
1217 2050 56 31 det
1298 2051 190 31 meddelats
1514 2060 43 22 av
1581 2052 180 30 underrätt

251 2099 83 30 eller
361 2100 229 36 länsstyrelse,
620 2099 32 37 ej
678 2100 121 31 vunnit
825 2100 79 37 laga
929 2100 104 32 kraft.
1064 2101 141 30 Dödsbo
1231 2101 82 30 eller
1339 2102 230 36 skattskyldig
1596 2102 62 36 äge
1684 2103 74 35 ock,

251 2152 98 28 utom
370 2150 11 30 i
402 2150 62 31 fall
484 2160 75 21 som
582 2160 98 21 avses
701 2151 10 30 i
732 2152 39 29 57
794 2152 66 29 och
882 2152 41 29 58
945 2151 50 37 88,
1019 2154 49 28 att
1093 2150 20 32 å
1136 2151 202 31 återbetalat
1359 2152 125 36 belopp
1507 2152 134 32 erhålla
1661 2153 99 31 ränta

253 2201 88 30 efter
366 2201 71 30 fem
462 2204 143 33 procent
630 2211 57 20 om
712 2201 72 31 året
810 2201 80 31 från
915 2203 66 29 och
1004 2202 81 30 med
1108 2202 66 30 den
1199 2203 65 35 dag
1288 2202 162 37 beloppet
1474 2203 89 31 efter
1585 2204 173 31 meddelat

251 2251 113 31 beslut
386 2261 57 21 om
465 2252 154 30 skattens
640 2251 241 31 fastställande
902 2253 97 30 blivit
1020 2253 167 30 inbetalat
1208 2252 50 31 till
1280 2253 68 31 den
1370 2254 66 36 dag
1458 2254 193 31 detsamma
1672 2254 85 31 åter-

252 2302 216 36 bekommes;
493 2303 90 30 dock
608 2302 59 31 må
690 2303 100 30 ränta
812 2303 32 36 ej
869 2303 83 36 utgå
972 2303 56 30 för
1051 2304 118 35 längre
1192 2303 50 31 tid
1266 2304 45 29 än
1336 2304 50 30 till
1413 2304 75 31 dess
1512 2305 116 30 trettio
1653 2305 106 36 dagar

253 2352 152 31 förflutit
426 2353 84 30 efter
533 2354 57 29 det
611 2353 78 36 laga
708 2353 94 31 kraft
825 2353 169 31 åkommit
1014 2354 57 31 det
1092 2354 121 36 beslut,
1235 2353 105 37 enligt
1361 2354 104 31 vilket
1485 2355 163 36 beloppet
1670 2355 87 31 skall

253 2402 287 37 återbekommas,
561 2404 67 30 och
649 2403 11 30 i
680 2403 94 37 varje
795 2404 63 30 fall
879 2403 31 38 ej
931 2404 54 30 för
1003 2404 118 37 längre
1141 2404 50 30 tid
1210 2405 45 30 än
1275 2407 48 28 ett
1342 2404 39 32 år
1401 2405 79 31 från
1500 2405 58 30 det
1578 2405 179 31 underrätt

252 2454 82 30 eller
355 2454 219 36 länsstyrelse
596 2454 88 30 först
705 2454 174 31 meddelat
900 2454 111 31 beslut
1033 2464 58 21 om
1112 2455 152 30 skattens
1288 2455 249 31 fastställande.
