1920 2808
505 155 394 38 Bevillningsutskottets
919 153 219 32 betänkande
1157 152 49 31 Nr
1234 152 52 30 21.
1610 142 38 31 13

141 243 213 37 egendomen
381 241 188 37 tillgänglig
596 240 54 31 för
676 238 196 36 besiktning
898 239 164 29 ävensom
1089 238 49 28 att
1164 233 214 37 tillhandagå
1404 230 240 37 förrättnings-

142 303 152 22 mannen
316 293 79 31 med
416 290 252 38 upplysningar
687 290 65 30 och
773 298 118 22 annan
911 286 193 37 utredning.
1128 284 199 37 Ersättning
1350 283 35 31 åt
1406 281 238 37 förrättnings-

142 354 152 21 mannen
317 344 161 36 erlägges,
502 351 58 22 om
582 341 212 37 egendomen
819 338 98 38 ingår
939 338 11 31 i
972 337 144 36 dödsbo,
1141 346 41 21 av
1205 336 78 30 boet
1306 335 66 30 och
1393 333 98 38 eljest
1514 342 42 22 av
1580 333 66 30 den

143 396 55 31 för
219 395 212 37 egendomen
452 391 258 38 skattskyldige.

839 492 39 30 27
900 492 30 37 8.

188 563 72 31 Har
288 563 69 30 fast
384 562 168 37 egendom
582 561 86 31 efter
694 560 67 30 den
789 559 173 37 tidpunkt,
992 567 76 22 som
1096 559 78 29 näst
1201 555 207 39 föregående
1435 555 90 31 årets
1555 557 90 28 taxe-

141 613 203 37 ringsvärde
366 615 117 33 avsett,
505 610 182 38 väsentligt
709 609 141 38 nedgått
871 610 10 30 i
903 609 104 31 värde
1028 608 46 37 på
1096 608 111 37 grund
1229 617 42 21 av
1293 607 129 31 allmän
1442 605 205 36 förändring

144 664 11 31 i
175 665 56 30 det
252 664 226 30 ekonomiska
499 663 90 36 läget
609 662 80 30 eller
708 662 66 30 har
793 660 21 31 å
834 661 80 30 börs
934 660 82 31 eller
1037 659 97 38 eljest
1163 659 2 30 i
1185 659 215 30 marknaden
1421 656 144 32 noterad
1588 656 59 31 ak-

143 715 56 36 tie,
219 714 188 37 obligation
427 714 80 30 eller
528 713 144 30 därmed
691 711 179 38 jämförlig
890 709 274 37 värdehandling
1185 710 85 30 efter
1291 709 67 30 den
1378 708 173 36 tidpunkt,
1573 715 74 22 som

145 775 96 21 avses
261 765 12 30 i
292 766 38 29 21
354 765 29 37 8,
405 763 140 37 nedgått
564 764 10 30 i
593 763 104 31 värde
716 763 80 30 med
816 771 43 21 en
877 761 169 38 fjärdedel
1067 761 82 30 eller
1168 769 95 21 mera
1282 759 66 31 och
1367 757 145 38 uppgår,
1533 758 114 30 därest

136 816 222 37 -egendomen
375 815 204 37 uppskattas
598 814 86 30 efter
701 822 89 22 ovan
809 813 11 30 i
838 813 113 30 denna
971 810 205 38 förordning
1195 810 164 37 stadgade
1378 810 159 36 grunder,
1557 809 91 30 skat-

144 870 57 28 ten
220 867 55 30 för
295 866 130 31 sådana
444 866 102 30 lotter
565 865 11 30 i
595 865 88 36 boet,
704 873 57 21 om
782 863 110 31 vilkas
912 862 227 31 beskattande
1159 863 38 30 är
1217 860 108 38 fråga,
1346 860 51 31 till
1417 860 231 36 sammanlagt

144 917 105 30 minst
274 917 99 36 3,000
396 917 139 34 kronor,
559 915 58 31 må
643 915 202 36 Konungen,
870 913 146 32 såframt
1041 914 56 30 det
1122 912 112 31 finnes
1258 912 195 36 uppenbart
1478 914 50 28 att
1551 911 96 36 utgö-

144 968 122 30 randet
291 977 43 21 av
359 968 90 30 skatt
476 967 87 30 efter
587 966 153 30 nämnda
766 964 362 37 beräkningsgrunder
1153 963 110 31 skulle
1290 963 103 30 verka
1419 961 147 37 oskäligt
1592 961 55 30 be-

144 1019 186 36 tungande,
359 1017 45 37 på
433 1018 157 30 ansökan
620 1026 42 21 av
691 1015 239 37 skattskyldig,
960 1013 333 37 boutredningsman
1323 1013 80 30 eller
1432 1015 215 28 testaments-

138 1070 173 30 -.exekutor
326 1068 167 37 medgiva,
511 1071 50 27 att
578 1068 135 30 skatten
730 1066 89 31 skall
835 1065 81 37 utgå
935 1065 86 31 efter
1038 1065 93 37 lägre
1148 1064 105 31 värde
1271 1065 47 29 än
1336 1064 65 36 det,
1419 1062 113 32 vartill
1550 1071 97 28 egen-

138 1120 133 30 .domen
292 1118 98 38 eljest
410 1119 88 30 skall
517 1118 215 37 uppskattas.

189 1170 164 30 Ansökan
372 1179 73 21 som
463 1170 10 30 i
492 1169 113 30 denna
623 1167 165 38 paragraf
805 1168 76 35 sägs
900 1167 89 30 skall
1009 1165 55 31 för
1084 1169 48 27 att
1150 1166 119 30 kunna
1290 1168 168 33 upptagas
1478 1164 51 31 till
1547 1165 100 35 pröv-

144 1220 82 37 ning
246 1230 83 21 vara
349 1220 50 31 till
419 1220 193 36 Konungen
630 1217 136 38 ingiven
786 1218 109 30 innan
913 1217 111 31 beslut
1044 1226 58 21 om
1122 1217 151 30 skattens
1294 1215 238 31 fastställande
1554 1214 94 32 med-

144 1272 104 30 delas.

653 1391 171 30 Skattens
847 1390 292 31 bestämmande.

851 1488 42 30 28
913 1487 29 37 8.

188 1556 99 31 Arvs-
317 1556 84 31 eller
429 1555 274 36 testamentslott,
733 1564 76 21 som
837 1554 212 31 tillkommer
1076 1553 98 35 barn,
1205 1552 240 36 adoptivbarn,
1475 1550 175 38 styvbarn,

146 1608 120 30 makes
294 1606 231 37 adoptivbarn
555 1607 83 29 eller
665 1605 201 36 avkomling
894 1604 50 30 till
973 1604 99 35 barn,
1104 1603 240 36 adoptivbarn,
1375 1602 164 36 styvbarn
1569 1601 81 30 eller

147 1658 119 30 makes
290 1657 242 36 adoptivbarn,
559 1657 39 30 är
622 1656 45 31 fri
691 1654 80 32 från
797 1655 101 36 skatt,
924 1655 64 30 där
1012 1654 77 30 dess
1114 1653 104 30 värde
1242 1652 76 31 icke
1343 1651 185 37 överstiger
1553 1651 96 35 3,000

148 1708 138 30 kronor.

192 1758 169 31 Tillfaller
378 1759 61 29 lott
455 1758 99 35 barn,
573 1756 239 37 adoptivbarn,
832 1755 174 37 styvbarn,
1025 1754 120 30 makes
1163 1753 230 36 adoptivbarn
1410 1753 82 29 eller
1508 1751 141 31 avkom-

149 1809 69 36 ling
236 1809 50 30 till
306 1809 126 30 avlidet
450 1809 99 34 barn,
569 1807 240 36 adoptivbarn,
830 1806 164 36 styvbarn
1012 1805 84 30 eller
1114 1804 119 30 makes
1251 1802 231 37 adoptivbarn
1502 1801 66 31 och
1587 1802 64 30 har

149 1860 57 29 vid
231 1859 95 30 tiden
352 1859 56 30 för
432 1857 307 37 skattskyldighets
766 1856 135 30 inträde
927 1857 216 33 mottagaren
1169 1862 42 21 av
1237 1854 107 29 lotten
1370 1852 31 36 ej
1428 1852 79 36 fyllt
1536 1852 39 30 18
1602 1850 48 36 år,

149 1910 39 29 är
204 1910 107 29 lotten
331 1907 167 36 skattefri,
519 1917 58 20 om
597 1907 76 30 dess
691 1906 105 30 värde
814 1905 32 37 ej
866 1904 187 36 överstiger
1071 1913 89 21 ovan
1179 1903 150 36 angivna
1347 1903 124 35 belopp
1492 1911 42 21 av
1554 1901 96 35 3,000

143 1960 132 30 kronor
301 1959 82 30 ökat
410 1958 79 30 med
520 1957 95 36 1,000
643 1957 129 29 kronor
799 1955 57 31 för
882 1954 96 37 varje
1004 1955 72 29 helt
1102 1953 40 31 år
1168 1953 81 31 eller
1276 1953 55 30 del
1359 1953 116 35 därav,
1506 1960 75 22 som
1609 1950 45 31 då

143 2009 152 32 återstod
317 2009 51 31 till
388 2009 76 30 dess
485 2008 107 36 sagda
613 2006 95 31 ålder
728 2005 147 38 uppnås.

189 2059 243 31 Efterlevande
458 2058 104 31 make
588 2056 265 32 tillkommande
880 2056 71 35 lott,
981 2064 78 21 vars
1088 2054 104 31 värde
1219 2054 76 30 icke
1322 2052 184 36 överstiger
1533 2051 119 36 25,000

146 2111 137 35 kronor,
307 2111 39 29 är
368 2109 44 30 fri
436 2108 80 31 från
539 2109 101 30 skatt.

190 2160 14 30 I
226 2159 100 37 fråga
348 2169 57 21 om
428 2158 108 32 sådan
560 2159 11 29 i
593 2158 109 30 andra
723 2157 66 30 och
811 2156 110 36 tredje
944 2156 165 36 styckena
1132 2154 127 31 avsedd
1282 2154 72 35 lott,
1377 2153 115 31 vilken
1515 2150 138 38 jämlikt

147 2211 30 33 6,
196 2211 29 34 7,
246 2211 20 28 8
283 2209 83 29 eller
382 2209 19 29 9
421 2209 19 36 8
459 2209 177 29 beskattas
654 2207 86 30 först
758 2206 197 35 framdeles,
974 2205 88 30 skall
1080 2204 58 30 vid
1157 2203 223 31 beräknande
1400 2212 42 21 av
1459 2202 58 31 det
1535 2201 115 35 värde,

146 2260 111 30 vartill
277 2260 108 29 lotten
404 2259 56 30 för
480 2261 49 28 att
550 2267 83 21 vara
654 2257 157 31 skattefri
833 2257 100 35 högst
954 2255 56 31 får
1029 2253 127 38 uppgå,
1178 2255 136 35 hänsyn
1335 2256 94 33 tagas
1451 2252 131 36 jämväl
1604 2250 50 31 till

147 2310 118 29 värdet
292 2318 43 21 av
362 2317 117 22 annan
506 2307 81 31 från
613 2316 132 22 samme
772 2305 170 32 arvlåtare
975 2303 165 40 (testator)
1174 2302 153 32 erhållen
1355 2303 71 34 lott,
1455 2301 56 31 för
1539 2301 115 29 vilken

146 2359 135 30 inträde
304 2368 44 21 av
372 2357 288 37 skattskyldighet
684 2357 88 30 varit
795 2359 48 28 att
867 2355 149 31 hänföra
1041 2355 51 30 till
1118 2354 143 36 tidigare
1284 2352 171 36 tidpunkt.

191 2407 165 32 Skattefri
373 2410 38 29 är
427 2408 141 37 jämväl,
587 2408 78 30 med
683 2408 56 30 det
758 2407 177 35 undantag
954 2414 74 22 som
1047 2403 155 37 framgår
1218 2413 43 21 av
1278 2403 82 30 sista
1378 2402 141 36 stycket,
1539 2409 116 21 annan

149 2460 58 29 lott
228 2460 45 29 än
292 2458 92 31 förut
405 2459 148 34 nämnts,
575 2458 63 30 där
656 2457 119 31 värdet
794 2457 76 30 icke
889 2455 185 36 överstiger
1096 2454 93 35 1,000
1211 2454 137 29 kronor.
