2230 2658
738 187 251 33 Statsutskottets
1017 187 170 34 Utlåtande
1211 188 62 33 N:o
1296 190 28 31 ”.
1746 192 38 30 13

364 266 41 36 af
430 266 86 36 herr
544 265 92 37 Sven
664 267 158 37 Nilsson
852 267 158 50 (motion
1040 282 61 23 n:o
1134 271 70 34 125
1234 269 11 36 i
1273 269 131 37 Andra
1433 269 260 50 Kammaren),

365 324 54 31 att
460 318 234 49 Riksdagen,
738 319 85 37 med
866 320 101 49 syfte
996 326 55 31 att
1084 321 264 37 åstadkomma
1376 322 71 36 och
1475 322 248 50 understödja
1753 323 73 38 för-

235 369 406 51 säkringsföreningar
669 371 59 37 för
754 372 284 49 fiskemateriel,
1069 377 116 33 måtte
1215 374 88 49 höja
1331 374 64 37 det
1411 375 221 37 nuvarande
1657 389 171 24 reserva-

234 423 283 48 tionsanslaget
558 424 55 35 till
657 424 340 49 fiskerinäringens
1026 426 209 36 understöd
1265 426 86 36 med
1381 428 136 46 25,000
1542 427 157 46 kronor;
1730 435 98 30 samt

364 475 41 35 af
429 474 86 37 herr
544 476 44 36 4.
621 476 40 35 P.
691 476 201 37 Danielson
921 477 156 45 (motion
1108 478 10 35 i
1147 478 130 36 Andra
1306 478 230 37 Kammaren
1565 492 62 23 n:o
1659 482 98 45 176),

363 532 55 31 att
460 527 223 49 Riksdagen
727 531 116 33 måtte
886 530 76 34 dels
990 532 48 46 på
1067 535 107 31 extra
1204 536 76 30 stat
1308 530 58 36 för
1398 533 95 34 1891
1524 532 134 36 anvisa
1688 534 138 45 48,000

235 579 153 46 kronor,
419 584 56 31 att
504 579 131 37 ställas
665 580 56 36 till
752 580 138 50 Kongl.
920 581 128 48 Maj:ts
1077 581 226 50 förfogande
1332 582 59 36 för
1419 589 56 30 att
1503 583 85 36 med
1618 585 113 46 3,000
1751 584 77 37 kro-

234 644 69 23 nor
346 631 168 36 tilldelas
543 632 45 35 de
619 632 196 48 landsting
843 633 92 36 eller
964 633 453 50 hushållningssällskap,
1449 635 86 36 med
1563 635 200 51 undantag
1792 637 42 35 af

234 684 98 46 dem,
377 696 82 23 som
499 684 222 36 förefunnes
765 685 10 35 i
806 685 260 48 Kronobergs,
1095 686 260 49 Jönköpings,
1387 685 253 50 Skaraborgs,
1672 687 155 48 Orebro,

234 735 311 48 Vestmanlands,
580 736 214 49 Elfsborgs,
831 736 241 49 Vermlands,
1101 738 276 49 Kopparbergs
1406 738 70 36 och
1505 739 218 37 Jemtlands
1752 740 75 47 län,

234 800 77 23 som
355 786 147 37 ettdera
543 787 91 36 eller
675 795 241 41 gemensamt
958 790 86 35 med
1087 790 116 36 minst
1247 792 110 45 1,000
1399 791 141 36 kronor
1581 791 160 49 bidroge
1770 792 58 36 till

233 839 343 49 fiskerinärimgens
619 840 324 49 understödjande
976 841 102 36 inom
1108 842 67 36 sitt
1204 842 165 46 område,
1400 843 85 35 med
1514 848 76 31 rätt
1618 843 57 36 för
1702 844 127 36 lands-

234 892 125 48 tinget
388 891 91 37 eller
508 891 486 51 hushållningssällskapet
1022 900 55 30 att
1101 894 41 36 af
1166 895 64 35 det
1258 894 158 37 sålunda
1438 895 84 36 dem
1541 895 287 38 tillkommande

234 943 140 49 belopp
415 944 129 36 utdela
588 945 111 46 2,000
743 945 150 47 kronor,
931 946 118 48 jemte
1093 948 73 35 500
1208 946 139 36 kronor
1389 947 40 36 af
1450 947 63 36 det
1542 947 41 36 af
1607 947 85 36 dem
1720 948 108 49 gifna

235 995 146 49 anslag,
412 998 124 34 såsom
566 996 208 37 understöd
804 1005 89 28 utan
924 998 528 50 återbetalningsskyldighet
1468 999 55 36 till
1546 1000 174 36 enskilde
1737 1000 91 36 eller

234 1048 234 48 föreningar,
499 1061 79 23 som
609 1048 138 37 idkade
776 1049 93 36 fiske
900 1050 70 36 och
999 1063 89 23 vore
1112 1051 12 35 i
1152 1051 119 36 behof
1296 1051 41 36 af
1359 1051 209 37 understöd
1597 1051 57 36 till
1675 1053 153 35 anskaf-

235 1099 114 36 fande
378 1100 41 36 af
443 1099 264 50 fiskeredskap
738 1101 70 36 och
837 1102 108 35 båtar
975 1102 91 36 eller
1094 1103 116 35 andra
1241 1103 57 35 för
1325 1103 113 36 fisket
1466 1104 141 48 nödiga
1636 1105 190 46 åtgärder,

235 1155 125 33 såsom
394 1151 186 48 salterier,
610 1152 92 37 eller
732 1153 57 36 för
819 1159 194 43 transport
1041 1155 41 35 af
1106 1155 73 36 den
1210 1155 170 36 erhållna
1409 1156 192 46 fångsten,
1631 1156 71 36 och
1732 1159 95 33 åter-

234 1204 149 46 stoden,
429 1206 110 44 1,000
582 1205 151 47 kronor,
778 1205 113 49 jemte
922 1207 72 35 500
1026 1207 140 35 kronor
1194 1207 41 35 af
1259 1208 44 35 de
1334 1208 40 35 af
1394 1207 197 49 landsting
1620 1208 91 36 eller
1739 1208 89 36 hus-

234 1255 367 49 hållningssällskap
630 1257 252 36 tillsammans
912 1257 91 37 eller
1028 1264 149 31 ensamt
1206 1259 181 36 anvisade
1406 1261 109 43 1,000
1531 1260 151 47 kronor,
1702 1263 124 33 såsom

232 1307 63 36 lån
337 1308 57 36 för
435 1307 343 49 fiskerinäringens
821 1310 200 35 enahanda
1062 1310 272 49 befrämjande,
1365 1316 55 31 att
1448 1311 229 36 återbetalas
1706 1312 122 36 under

235 1359 46 36 de
324 1365 195 31 närmaste
563 1363 19 33 5
626 1363 89 33 åren
763 1361 85 36 med
895 1375 46 22 en
993 1362 181 37 femtedel
1222 1362 147 49 årligen
1416 1363 95 36 dock
1558 1369 90 30 utan
1698 1369 128 40 ränta;

234 1412 74 35 dels
337 1413 62 35 ock
427 1411 12 36 i
468 1412 277 48 sammanhang
778 1413 154 36 dermed
960 1413 160 48 besluta,
1151 1419 54 31 att
1234 1415 46 35 de
1309 1414 134 47 vilkor,
1474 1428 81 23 som
1585 1415 116 37 borde
1730 1417 98 35 iakt-

233 1470 123 41 tagas,
395 1464 47 36 då
471 1464 207 37 understöd
703 1471 95 30 utan
828 1465 528 50 återbetalningsskyldighet
1386 1466 255 48 meddelades,
1671 1468 70 36 och
1770 1468 57 45 de,

235 1528 78 24 som
360 1515 116 37 borde
517 1516 156 49 stadgas
707 1517 58 36 för
814 1517 72 36 den
916 1518 153 36 afsedda
1100 1518 236 49 utlåningen,
1366 1519 116 36 borde
1512 1519 42 35 af
1576 1519 250 49 landstinget,

235 1568 128 36 derest
392 1568 64 36 det
484 1577 150 27 ensamt
661 1569 142 36 lemnat
832 1569 188 48 bidraget,
1054 1572 109 45 1,000
1193 1571 150 47 kronor,
1373 1571 92 36 eller
1485 1571 41 36 af
1542 1571 287 49 hushållnings-

234 1620 223 48 sällskapet,
488 1634 60 22 om
578 1621 63 35 det
670 1624 41 32 så
739 1621 113 48 gjort,
882 1622 90 35 eller
1001 1622 43 35 af
1066 1622 125 48 begge
1220 1628 251 42 gemensamt,
1501 1636 59 22 om
1592 1624 125 48 begge
1746 1624 83 36 der-

233 1671 58 36 till
334 1671 179 49 bidragit,
554 1672 242 48 bestämmas,
828 1680 98 29 samt
954 1678 55 31 att
1038 1674 73 36 alla
1140 1674 44 36 de
1215 1675 187 48 åtgärder,
1433 1688 80 23 som
1544 1676 82 36 med
1657 1676 171 36 medlens

235 1723 205 37 utdelande
471 1724 70 36 och
567 1724 205 37 utlånande
802 1725 250 49 erfordrades,
1070 1727 116 36 borde
1202 1730 48 46 på
1266 1727 201 36 enahanda
1483 1732 76 32 sätt
1575 1727 252 49 handhafvas,

234 1775 134 36 dervid
395 1789 79 23 som
496 1776 278 37 förberedande
795 1778 141 36 nämnd
958 1778 128 36 härtill
1103 1778 124 36 skulle
1248 1780 161 47 utväljas
1431 1779 184 49 lämpliga
1632 1793 194 35 personer,

234 1827 117 36 minst
380 1840 46 23 en
457 1828 58 36 för
544 1828 131 49 hvarje
705 1829 117 37 härad
851 1829 102 36 inom
981 1830 220 48 landstings
1218 1831 91 36 eller
1325 1831 503 50 hushållningssällskapets

234 1880 163 46 område,
428 1880 133 36 hvilka
581 1881 122 36 skulle
727 1882 62 35 vid
805 1889 241 41 gemensamt
1063 1884 282 36 sammanträde
1362 1883 144 49 afgifva
1521 1884 180 48 yttrande
1722 1884 107 37 öfver

235 1930 46 37 de
305 1932 276 47 ansökningar,
613 1946 80 22 som
722 1934 203 36 inkommit
954 1935 80 35 dels
1060 1948 60 22 om
1150 1935 207 36 understöd
1387 1941 92 30 utan
1509 1936 320 49 återbetalnings-

235 1983 223 49 skyldighet
499 1984 72 36 och
600 1985 80 36 dels
709 1999 59 22 om
797 1985 73 45 lån,
900 1986 193 36 hvarefter
1122 1987 313 48 ansökningarna
1464 1988 116 35 borde
1610 1988 64 36 vid
1703 1988 126 36 lands-

234 2035 126 49 tinget
389 2036 93 36 eller
511 2036 62 36 vid
604 2036 138 37 allmän
773 2038 302 36 sammankomst
1104 2039 81 36 med
1218 2039 482 50 hushållningssällskapet
1728 2040 101 49 pröf-

234 2099 67 24 vas
345 2088 71 36 och
455 2088 164 49 afgöras,
663 2090 84 35 med
789 2090 248 49 iakttagande
1067 2096 67 39 att,
1164 2104 59 23 om
1254 2091 311 48 ansökningarna
1595 2092 150 36 komme
1774 2097 55 31 att

234 2139 155 48 pröfvas
419 2140 41 35 af
486 2140 93 36 både
607 2141 199 49 landsting
835 2142 71 36 och
938 2142 441 50 hushållningssällskap
1409 2144 70 35 och
1510 2143 47 37 de
1577 2144 133 36 dervid
1727 2149 103 31 stan-

234 2191 97 36 nade
358 2191 13 35 1
400 2192 98 36 olika
528 2193 138 47 beslut,
696 2194 257 49 landstingets
984 2194 157 50 mening
1170 2195 116 37 borde
1314 2196 103 47 gälla
1446 2208 81 24 som
1557 2196 218 48 afgörande.

367 2244 13 34 [
422 2244 59 36 sin
526 2245 115 36 ofvan
684 2246 166 36 nämnda
885 2246 144 37 motion
1059 2246 69 36 har
1155 2247 88 36 herr
1271 2248 186 49 Kerfstedt
1486 2247 153 47 erinrat,
1670 2253 55 31 att
1753 2248 77 35 han

234 2295 64 36 vid
328 2301 154 31 senaste
511 2296 160 49 riksdag
699 2297 190 37 framstält
918 2304 54 30 ett
1003 2298 84 36 med
1117 2299 63 36 det
1209 2312 51 23 nu
1289 2300 138 35 väckta
1454 2299 78 36 lika
1561 2300 166 47 lydande
1757 2300 73 36 för-

236 2347 94 50 slag,
387 2349 83 36 med
524 2349 73 36 den
645 2350 151 36 skilnad
844 2350 161 37 allenast
1048 2356 55 31 att
1153 2351 249 37 lånefondens
1451 2351 141 37 storlek
1640 2352 47 36 då
1732 2352 98 36 före-
