1908 2848
340 189 18 30 6
637 192 415 37 Bevillningsutskottets
1074 193 222 33 betänkande
1317 194 52 32 Nr
1394 194 50 30 72.

295 278 45 20 av
373 268 284 36 stämpelmedlen
689 269 54 30 för
776 269 233 31 innevarande
1043 269 165 37 budgetår
1235 270 57 31 till
1315 272 233 36 sammanlagt
1571 273 40 30 48
1635 273 162 36 miljoner

296 321 124 30 kronor
448 320 61 31 och
534 320 181 37 beräknar,
739 323 52 29 att
814 321 107 31 därav
945 322 196 36 uppbörden
1164 332 43 20 av
1230 324 177 30 arvsskatt
1429 324 62 31 och
1515 325 93 31 skatt
1631 326 52 30 för
1707 327 90 35 gåva

295 374 133 35 uppgår
460 373 57 30 till
553 373 98 36 högst
685 375 40 29 21
762 374 162 36 miljoner
945 374 126 31 kronor
1094 376 88 29 samt
1207 375 196 36 uppbörden
1426 387 45 20 av
1494 378 122 35 övriga
1640 379 158 35 stämpel-

295 425 109 31 medel
436 425 55 30 till
516 426 91 36 lägst
630 426 39 31 27
693 426 165 35 miljoner
880 427 135 30 kronor.
1061 426 64 31 Att
1147 427 254 37 avkastningen
1424 439 46 20 av
1492 439 94 21 arvs-
1609 430 62 31 och
1695 432 103 34 gåvo-

296 477 262 37 beskattningen
595 478 73 31 icke
705 478 114 31 skulle
852 478 137 31 komma
1023 480 50 29 att
1107 479 108 31 under
1249 479 201 37 budgetåret
1483 483 115 35 uppgå
1625 483 56 30 till
1705 483 92 31 det
1777 473 22 49 i

297 529 185 32 riksstaten
506 531 176 35 upptagna
706 530 156 36 beloppet
884 541 63 20 var
970 531 60 30 vid
1053 531 199 31 riksstatens
1276 532 238 32 fastställande
1539 534 168 31 förutsett.
1733 535 65 30 Det

296 582 12 30 i
343 582 170 37 budgeten
536 582 193 31 beräknade
753 583 155 35 beloppet
931 583 39 30 25
995 583 164 36 miljoner
1181 584 129 31 kronor
1332 594 131 27 angavs
1486 596 45 20 av
1555 587 169 30 särskilda
1748 588 51 29 ut-

296 634 124 31 skottet
442 635 234 36 uttryckligen
700 636 177 30 motsvara
900 635 154 31 skattens
1077 636 211 36 avkastning
1312 637 53 31 för
1387 638 72 30 helt
1481 639 52 34 år;
1557 640 43 34 på
1623 639 114 36 grund
1753 649 46 21 av

295 686 205 36 tidpunkten
534 687 54 31 för
610 687 360 37 skattehöjningarnas
994 688 275 31 ikraftträdande
1293 689 61 31 och
1377 692 102 29 sättet
1503 691 52 30 för
1578 691 154 37 uppbörd
1756 702 45 21 av

296 739 134 31 skatten
464 740 70 30 kan
568 740 120 31 endast
710 749 43 22 en
778 740 53 30 del
854 750 43 20 av
920 740 214 36 årsbeloppet
1157 741 179 31 förväntas
1359 742 122 37 inflyta
1505 743 57 31 det
1584 744 107 31 första
1714 745 84 30 året.

296 791 67 31 För
396 793 50 29 att
481 792 156 31 undvika
671 794 51 29 att
751 792 228 31 kassafonden
1015 793 90 35 finge
1128 792 194 33 vidkännas
1346 795 194 36 belastning
1565 796 53 30 till
1643 796 87 36 följd
1753 807 45 20 av

297 844 277 36 uppkommande
598 845 201 30 underskott
822 844 116 37 vidtog
961 845 185 37 riksdagen
1169 845 64 31 den
1257 846 249 37 anordningen,
1530 850 51 28 att
1596 848 56 31 det
1668 849 132 36 belopp,

297 896 138 31 varmed
459 897 388 36 amorteringsanslaget
869 897 109 31 skulle
1002 898 37 30 få
1055 898 152 36 belastas,
1224 898 209 32 fastställdes
1449 900 56 30 till
1521 909 132 22 samma
1670 901 129 36 belopp,

296 958 73 21 som
401 949 85 30 efter
520 949 218 36 budgetårets
766 950 72 30 slut
869 950 213 31 beräknades
1113 950 90 31 hava
1226 950 135 32 influtit
1382 952 21 29 å
1426 952 262 32 inkomsttiteln.
1734 954 67 31 Det

297 1001 147 31 väntade
467 1001 235 32 underskottet
724 1003 22 29 å
768 1003 153 30 skattens
943 1003 212 36 avkastning
1177 1004 172 35 påverkar
1371 1004 130 31 således
1524 1006 74 30 icke
1620 1006 182 36 budgetut-

297 1054 98 31 fallet
418 1055 12 29 i
453 1055 126 36 övrigt.

341 1106 17 31 I
381 1107 443 36 statsverkspropositionen
847 1107 89 31 hava
959 1108 282 35 stämpelmedlen
1265 1109 54 30 för
1334 1109 282 32 nästkommande
1635 1111 166 36 budgetår

297 1160 174 35 upptagits
506 1160 58 30 till
598 1160 233 35 sammanlagt
865 1160 39 30 62
939 1160 163 36 miljoner
1129 1160 136 36 kronor,
1291 1171 109 21 varav
1424 1162 40 30 26
1489 1163 162 35 miljoner
1674 1164 127 30 kronor

299 1212 154 30 hänförts
487 1212 58 30 till
578 1213 176 30 arvsskatt
777 1212 62 31 och
862 1213 91 30 skatt
976 1212 55 31 för
1055 1214 89 35 gåva
1167 1215 91 29 samt
1282 1213 18 30 6
1325 1214 158 36 miljoner
1507 1215 126 31 kronor
1656 1216 57 30 till
1736 1216 65 31 den

298 1264 191 37 föreslagna
512 1275 69 26 nya
605 1265 481 36 bouppteckningsstämpeln;
1111 1266 42 35 på
1175 1266 122 35 övriga
1321 1267 255 35 stämpelmedel
1592 1268 91 30 hava
1699 1269 103 30 alltså

298 1317 183 31 beräknats
503 1317 139 31 komma
665 1319 47 29 ett
736 1317 121 36 belopp
879 1327 42 21 av
945 1317 41 31 30
1010 1317 160 36 miljoner
1193 1318 138 31 kronor.

342 1369 17 31 I
382 1369 64 31 den
469 1370 81 30 från
574 1370 381 36 generalpoststyrelsen
978 1370 242 31 överlämnade
1236 1381 69 26 nya
1322 1371 382 38 förslagsberäkningen
1719 1383 84 26 upp-

297 1422 132 31 skattas
462 1422 471 36 stämpelmedelsuppbörden
967 1431 123 28 genom
1118 1423 197 35 postverket
1337 1424 52 30 för
1412 1425 286 31 nästkommande
1721 1425 78 31 bud-

298 1475 95 35 getår
417 1474 54 31 till
497 1475 41 30 57
563 1475 160 36 miljoner
747 1475 136 30 kronor.
913 1474 134 31 Därvid
1070 1475 74 36 har,
1168 1475 111 36 enligt
1303 1476 65 30 vad
1391 1477 59 36 jag
1474 1477 184 36 inhämtat,
1681 1478 122 31 öknin-

299 1536 65 26 gen
397 1537 44 20 av
476 1527 475 37 stämpelmedelsuppbörden
984 1528 57 30 till
1073 1527 86 37 följd
1193 1538 44 20 av
1272 1528 66 31 den
1360 1530 39 29 år
1428 1529 83 31 1933
1537 1530 171 31 beslutade
1732 1531 70 36 höj-

299 1579 129 37 ningen
461 1590 45 20 av
534 1590 92 20 arvs-
652 1579 62 31 och
739 1579 354 37 gåvobeskattningen
1117 1581 216 35 uppskattats
1356 1581 56 31 till
1447 1582 7 30 7
1478 1582 163 37 miljoner
1664 1583 137 33 kronor,

299 1631 65 31 den
399 1632 194 36 föreslagna
628 1632 464 37 bouppteckningsstämpeln
1120 1633 185 31 beräknats
1327 1636 97 29 nästa
1448 1634 167 37 budgetår
1637 1635 166 36 inbringa

300 1683 49 31 3.5
376 1685 160 35 miljoner
560 1685 126 30 kronor
701 1686 90 29 samt
807 1685 190 36 höjningen
1013 1695 43 21 av
1073 1685 396 37 skuldebrevsstämpeln
1485 1687 62 31 och
1563 1688 241 30 avskaffandet

297 1746 46 20 av
377 1737 459 36 inteckningsförnyelserna
869 1738 151 35 antagits
1054 1738 136 30 komma
1225 1740 52 29 att
1311 1739 80 36 giva
1425 1749 42 20 en
1495 1740 227 36 nettoökning
1750 1740 53 30 för

299 1791 99 28 nästa
429 1789 168 37 budgetår
630 1800 44 20 av
709 1790 50 30 0.5
797 1789 124 36 miljon
954 1790 137 31 kronor.
1144 1790 129 31 Utöver
1309 1790 40 31 de
1383 1799 123 27 genom
1534 1791 195 36 postverket
1754 1792 49 30 in-

298 1841 150 37 flytande
484 1842 284 36 stämpelmedlen
791 1842 152 31 kommer
967 1842 70 31 viss
1061 1843 428 36 stämpelmedelsuppbörd
1514 1853 121 26 genom
1658 1845 145 36 länssty-

300 1894 150 30 relserna
478 1894 63 31 och
565 1895 251 30 statskontoret.

344 1946 110 31 Innan
489 1947 195 31 erfarenhet
719 1948 144 30 vunnits
896 1957 54 21 om
974 1948 66 30 den
1063 1948 210 36 avkastning
1298 1958 43 21 av
1365 1958 93 22 arvs-
1481 1949 63 30 och
1567 1950 237 35 gåvobeskatt-

299 1999 136 36 ningen,
470 2009 75 21 som
579 2001 40 29 är
641 2001 50 29 att
713 2000 155 35 påräkna
891 2000 84 30 efter
999 2000 65 31 den
1088 2001 12 29 i
1124 2000 61 36 fjol
1209 2000 167 37 vidtagna
1399 2001 191 37 höjningen
1612 2012 45 20 av
1680 2002 124 30 skatte-

300 2053 160 34 satserna,
486 2053 94 29 möta
604 2052 89 30 vissa
716 2052 172 31 särskilda
912 2053 215 36 svårigheter
1150 2053 58 30 vid
1231 2053 273 31 bestämmandet
1527 2064 45 20 av
1595 2054 55 31 det
1673 2054 130 36 belopp,

300 2104 139 31 varmed
473 2104 284 36 stämpelmedlen
792 2105 81 30 böra
906 2107 167 34 upptagas
1097 2105 11 31 i
1133 2105 194 31 riksstaten.
1373 2105 67 31 För
1472 2115 84 27 egen
1579 2106 53 31 del
1655 2107 65 30 vill
1743 2106 60 36 jag

300 2156 145 36 förorda,
469 2157 52 30 att
545 2157 253 36 avkastningen
820 2167 44 20 av
886 2167 93 21 arvs-
1002 2157 62 31 och
1089 2158 352 36 gåvobeskattningen
1465 2158 160 36 uppföres
1648 2158 77 31 med
1749 2158 55 31 det

299 2219 47 20 av
379 2208 171 32 särskilda
585 2209 164 31 utskottet
772 2210 13 30 i
810 2209 62 36 fjol
907 2209 195 31 beräknade
1124 2210 213 36 årsbeloppet
1359 2220 45 21 av
1428 2211 39 30 25
1493 2210 160 37 miljoner
1677 2211 128 31 kronor

299 2262 90 29 samt
411 2262 50 30 att
484 2261 66 31 den
573 2261 196 37 föreslagna
794 2262 465 36 bouppteckningsstämpeln
1275 2262 54 31 för
1345 2264 97 29 nästa
1458 2263 166 36 budgetår
1640 2265 166 35 upptages

300 2313 77 31 med
399 2313 149 32 allenast
572 2314 17 30 3
615 2314 161 36 miljoner
799 2315 134 36 kronor,
957 2315 242 31 motsvarande
1222 2315 135 31 hälften
1380 2326 45 20 av
1444 2315 66 31 den
1526 2316 193 31 beräknade
1736 2318 70 39 års-

300 2365 263 37 avkastningen.
610 2366 74 31 Vad
718 2367 125 35 övriga
876 2367 254 36 stämpelmedel
1163 2368 112 36 angår
1298 2377 99 27 synes
1420 2367 55 31 det
1498 2368 73 36 mig
1595 2368 137 36 befogat
1754 2370 53 29 att

302 2417 154 32 vidhålla
479 2419 67 31 den
562 2419 13 30 i
591 2419 440 36 statsverkspropositionen
1056 2419 120 37 gjorda
1200 2420 246 36 beräkningen,
1463 2420 111 36 enligt
1590 2420 117 31 vilken
1724 2431 82 26 upp-

302 2470 125 31 börden
461 2471 112 30 härav
607 2473 97 29 nästa
739 2471 167 36 budgetår
940 2472 154 30 kommer
1127 2474 51 29 att
1201 2473 115 35 uppgå
1340 2472 55 30 till
1418 2472 41 31 30
1483 2472 162 36 miljoner
1667 2473 128 31 kronor
