1920 2848
282 170 18 29 4
429 170 244 32 Sammansatlt
698 173 111 35 stats-,
834 171 228 38 bevillnings-
1087 173 64 31 och
1175 173 273 33 bankoutskotts
1469 175 187 32 utlåtande
1678 177 52 30 Nr
1753 177 28 29 2.

284 247 141 32 tanden.
470 247 386 38 Kommerskollegium
878 250 66 30 har
966 249 131 32 därvid
1120 250 223 32 överlämnat
1367 253 52 29 ett
1440 262 46 21 av
1510 252 197 37 kollegium
1730 254 51 30 in-

284 298 197 32 förskaffat
507 300 171 36 yttrande
702 311 45 20 av
770 300 69 31 den
866 302 17 30 1
910 310 96 23 mars
1031 302 79 31 1934
1139 302 82 31 från
1245 302 177 37 styrelsen
1447 303 55 31 för
1528 302 166 39 Sveriges
1719 305 62 30 all-

281 353 135 29 männa
439 352 304 37 exportförening.

321 401 276 38 Statskontoret,
621 413 75 21 som
721 404 177 31 förklarat
920 405 54 37 sig
998 406 89 36 utgå
1110 405 98 31 ifrån
1231 407 53 30 att
1305 406 61 31 det
1388 407 12 30 i
1423 407 102 37 varje
1549 407 66 32 fall
1638 408 32 36 ej
1693 408 88 31 kun-

281 454 43 32 de
348 454 99 31 bliva
469 455 106 36 fråga
598 465 57 21 om
678 456 117 36 någon
818 456 135 37 ökning
976 467 45 20 av
1044 456 61 32 det
1127 456 125 38 belopp
1278 458 20 30 å
1321 458 106 37 högst
1451 459 37 31 75
1511 459 169 37 miljoner
1701 460 79 31 kro-

282 515 75 27 nor,
384 506 57 31 för
466 506 113 32 vilket
606 508 117 30 staten
752 507 100 37 finge
877 507 140 32 iklädas
1042 508 348 38 betalningsansvar,
1420 510 65 31 har
1512 510 33 37 ej
1574 511 122 31 funnit
1719 521 61 22 an-

281 556 148 39 ledning
456 558 56 31 till
539 558 148 31 erinran
713 560 73 29 mot
812 558 282 37 ifrågavarande
1123 560 246 32 verksamhets
1396 561 171 32 fortsatta
1594 562 187 32 bedrivan-

280 609 43 31 de
349 609 137 37 jämväl
513 609 114 32 under
653 610 293 32 nästkommande
970 610 186 38 budgetår.

320 662 184 37 Styrelsen
526 662 58 36 för
606 661 164 39 Sveriges
792 663 184 31 allmänna
997 663 295 38 exportförening
1314 664 66 31 har
1402 665 230 32 beträffande
1654 666 59 32 det
1736 675 48 21 nu

280 712 211 38 tillämpade
512 715 171 35 systemet
705 714 197 32 framställt
924 715 180 31 önskemål
1128 725 56 21 om
1205 716 294 32 modifikationer
1523 717 12 30 i
1559 718 61 31 två
1643 727 140 22 avseen-

278 765 80 37 den,
376 765 190 36 åsyftande
581 765 78 32 dels
676 776 41 21 en
733 766 151 37 höjning
901 777 45 21 av
962 767 281 36 statsgarantins
1257 768 209 36 maximum,
1483 768 74 32 dels
1575 769 66 31 ock
1658 778 125 28 garan-

280 817 73 32 tins
375 817 252 37 utsträckning
651 818 55 31 till
729 820 52 30 att
804 818 98 37 gälla
924 821 90 29 även
1035 829 25 21 s.
1082 819 33 31 k.
1143 819 365 38 fabrikationsrisker,
1531 820 251 37 innebärande,

280 870 54 30 att
362 869 12 31 i
404 869 105 37 fråga
536 879 58 22 om
622 870 347 36 specialtillverkade
996 881 108 21 varor
1136 872 169 35 garantin
1333 874 92 29 även
1451 872 115 31 skulle
1595 874 87 35 utgå
1711 874 72 29 mot

280 920 122 32 risken
420 931 44 21 av
483 921 132 32 förlust
632 923 46 35 på
697 922 116 37 grund
831 933 46 20 av
898 923 54 31 att
971 923 202 31 fabricerad
1191 933 89 22 vara
1299 924 57 30 till
1376 923 90 36 följd
1484 934 45 20 av
1549 924 234 31 beställarens

279 972 181 32 insolvens
477 973 85 32 eller
579 974 12 30 i
607 973 131 32 dennes
754 974 168 31 hemland
939 974 200 32 inträffade
1158 975 376 32 valutarestriktioner
1550 976 78 31 icke
1645 976 137 31 komme

279 1026 54 30 att
359 1025 187 31 levereras.
593 1025 18 31 I
639 1026 249 31 förstnämnda
915 1026 171 32 avseende
1113 1027 67 31 har
1205 1027 176 36 styrelsen
1407 1027 122 31 anfört
1554 1028 11 30 i
1593 1028 189 31 huvudsak

280 1076 174 37 följande:

319 1126 99 32 Från
440 1127 95 32 olika
557 1128 76 31 håll
655 1129 89 31 hade
765 1130 174 36 påpekats
961 1130 287 31 önskvärdheten
1270 1141 45 20 av
1338 1131 54 30 att
1413 1141 49 20 nu
1488 1130 166 37 gällande
1676 1132 103 30 stats-

280 1171 155 36 garanti,
476 1181 75 22 som
592 1172 211 37 begränsats
834 1172 57 31 till
921 1173 38 31 60
988 1175 149 34 procent
1166 1184 45 20 av
1242 1173 293 37 kreditbeloppet,
1566 1174 125 36 höjdes
1722 1172 54 33 till

278 1214 39 32 75
344 1215 21 30 å
393 1215 38 31 80
456 1218 157 33 procent.
661 1214 123 33 Såsom
809 1216 158 31 bärande
994 1217 114 30 motiv
1136 1217 126 31 härför
1288 1217 91 31 hade
1406 1217 73 31 dels
1508 1218 151 35 anförts,
1686 1219 52 30 att
1765 1218 9 30 i

277 1257 43 31 de
347 1258 107 31 flesta
478 1258 79 31 med
582 1258 148 37 Sverige
757 1259 291 32 konkurrerande
1073 1259 126 32 länder
1223 1260 261 37 statsgarantin
1510 1261 183 36 uppginge
1721 1261 55 31 till

277 1301 225 32 sistnämnda
522 1302 145 36 storlek,
689 1303 72 32 dels
781 1303 12 31 i
814 1304 52 31 ett
886 1303 90 31 visst
996 1303 66 31 fali
1084 1303 58 31 för
1162 1313 43 21 en
1224 1303 293 37 industrigrupps
1539 1304 242 32 vidkomman-

277 1344 43 32 de
344 1345 110 31 bland
475 1347 111 29 annat
607 1345 182 37 påpekats,
812 1347 54 30 att
890 1346 155 31 förutom
1066 1346 44 31 de
1133 1348 105 30 svåra
1261 1347 138 36 hinder,
1420 1357 74 21 som
1516 1349 111 30 mötte
1649 1348 12 30 i
1685 1348 92 30 form

278 1397 46 22 av
353 1388 323 37 handelspolitiska
706 1389 260 36 förhållanden,
995 1390 158 31 nämnda
1181 1390 275 37 industrigrupp
1485 1393 91 28 även
1607 1391 89 31 hade
1725 1393 54 29 att

277 1431 134 37 kämpa
438 1432 78 31 med
546 1432 266 36 kapitalstarka
841 1433 293 31 internationella
1160 1433 205 37 koncerner,
1394 1434 100 30 vilka
1525 1434 144 37 erbjöde
1698 1434 79 31 vill-

277 1474 76 37 kor,
383 1485 74 21 som
486 1475 55 31 till
570 1475 213 37 ytterlighet
813 1476 209 31 försvårade
1051 1476 209 37 avsättning
1290 1487 46 20 av
1365 1477 283 36 ifrågavarande
1677 1477 100 32 indu-

277 1518 87 31 stris
386 1517 109 32 alster
517 1519 11 30 i
553 1518 174 32 utlandet.
771 1517 184 38 Styrelsen
981 1519 98 37 finge
1102 1519 125 31 därför
1250 1520 142 36 föreslå,
1415 1521 53 30 att
1491 1520 205 32 direktiven
1720 1521 56 31 för

279 1561 428 36 exportkreditnämnden
751 1562 318 32 omformulerades
1113 1563 13 30 i
1169 1562 68 31 den
1281 1563 174 36 riktning,
1500 1564 55 30 att
1601 1564 177 31 nämnden

276 1606 115 31 måtte
421 1607 68 35 äga
516 1605 177 37 rättighet
723 1607 62 34 att,
815 1606 66 31 där
910 1606 145 31 alldeles
1083 1606 167 36 speciella
1278 1606 306 37 omständigheter
1614 1608 166 36 förelåge,

277 1657 76 21 som
378 1648 219 31 motiverade
624 1658 43 21 en
691 1648 109 37 högre
824 1649 247 36 statsgaranti,
1095 1649 135 37 bevilja
1255 1659 41 21 en
1322 1649 112 32 sådan
1458 1660 73 26 upp
1557 1650 57 31 till
1637 1651 38 30 75
1699 1661 76 26 pro-

277 1692 81 30 cent
386 1701 46 21 av
458 1691 292 37 kreditbeloppet.
803 1691 140 32 Därvid
973 1693 192 30 förutsatte
1195 1692 197 32 emellertid
1420 1693 185 37 styrelsen,
1633 1695 53 29 att
1712 1694 64 30 lik-

277 1743 76 23 som
378 1734 426 37 exportkreditnämnden
831 1735 132 32 hittills
988 1735 182 37 tillämpat
1195 1736 99 36 lägre
1319 1736 251 36 premiesatser
1596 1737 12 30 i
1633 1737 42 31 de
1701 1737 75 35 fall,

276 1777 47 32 då
348 1779 265 35 statsgarantin
639 1778 211 37 understege
878 1779 173 31 fastställt
1078 1779 197 31 maximum
1300 1789 57 21 om
1383 1780 38 30 60
1445 1782 157 34 procent,
1629 1780 147 36 premie-

276 1822 120 30 satsen
423 1822 56 30 för
503 1822 278 36 överskjutande
805 1821 128 37 belopp
957 1822 139 31 komme
1124 1824 53 29 att
1201 1822 102 36 höjas
1328 1823 64 31 och
1420 1823 270 37 vederbörligen
1718 1834 55 20 av-

276 1873 126 27 passas
419 1865 12 31 i
448 1865 208 36 proportion
672 1865 56 32 till
745 1866 189 36 garantins
950 1866 132 31 storlek
1099 1866 66 31 och
1180 1865 68 32 den
1264 1866 112 31 ökade
1392 1866 129 31 risken.

315 1933 396 39 Kommerskollegium,
745 1944 75 22 som
855 1935 177 37 tillstyrkt
1067 1935 147 32 fortsatt
1237 1935 125 37 statlig
1386 1936 392 36 exportkreditgaranti

276 1985 138 36 Jämväl
436 1986 112 31 under
571 1987 295 32 nästkommande
890 1987 183 37 budgetår,
1096 1987 67 31 har
1185 1987 228 32 beträffande
1435 1987 150 37 höjning
1610 1998 45 20 av
1677 1989 102 30 stats-

276 2038 190 35 garantins
483 2038 200 31 maximum
702 2039 121 31 anfört
842 2039 171 36 följande:

315 2088 208 37 Kollegium
541 2090 92 32 hade
653 2091 97 30 varit
767 2091 12 30 i
798 2090 147 32 tillfälle
963 2091 217 35 konstatera,
1199 2092 53 30 att
1272 2091 275 32 förhållandena
1564 2091 215 32 åtminstone

276 2131 97 33 inom
392 2143 44 21 en
456 2133 72 31 viss
547 2133 295 36 exportindustri,
863 2143 75 22 som
957 2144 45 20 av
1021 2134 134 31 sociala
1175 2134 77 31 skäl
1271 2134 102 32 torde
1393 2135 122 31 kunna
1535 2135 162 36 påräkna
1716 2134 62 31 all-

274 2175 97 32 deles
396 2175 155 32 särskild
575 2176 142 37 hänsyn
741 2177 11 31 i
776 2176 100 32 detta
901 2177 181 36 samband,
1107 2187 86 22 vore
1216 2178 145 36 sådana,
1386 2180 54 29 att
1464 2178 315 35 exportaffärerna

276 2218 57 32 för
355 2220 55 31 att
431 2219 309 37 överhuvudtaget
760 2220 144 32 komma
928 2220 55 31 till
1006 2221 105 31 stånd
1131 2222 113 30 måste
1265 2221 145 31 baseras
1434 2221 56 31 till
1511 2222 111 31 minst
1644 2222 36 31 75
1702 2231 77 27 pro-

275 2264 80 30 cent
378 2263 45 35 på
446 2263 310 35 statsgaranterad
777 2263 130 32 kredit.
949 2264 207 36 Kollegium
1180 2264 83 31 ville
1287 2265 123 32 därför
1433 2264 76 32 icke
1532 2266 170 30 motsätta
1724 2265 54 37 sig

275 2305 50 31 ett
350 2305 287 36 bemyndigande
662 2307 37 30 åt
723 2306 436 37 exportkreditnämnden,
1182 2309 65 34 att,
1271 2318 58 20 om
1354 2308 208 36 synnerliga
1587 2308 77 31 skäl
1690 2309 88 31 före-

274 2347 91 37 låge,
390 2349 56 30 för
466 2349 148 32 särskilt
636 2349 66 31 fall
723 2350 11 30 i
758 2350 106 36 fråga
886 2360 55 21 om
962 2350 204 31 industriell
1187 2350 117 33 kredit
1325 2351 122 31 lämna
1466 2352 237 36 statsgaranti
1725 2352 51 30 in-

275 2391 56 31 till
358 2392 105 36 högst
489 2393 37 30 75
552 2396 147 32 procent
726 2403 43 21 av
796 2392 293 37 kreditbeloppet.
1136 2393 136 32 Härför
1298 2394 225 32 erfordrades
1550 2397 51 29 ett
1627 2396 150 30 motsva-

274 2434 113 33 rande
405 2435 128 37 tillägg
552 2436 58 31 till
629 2435 313 32 bestämmelserna
959 2437 11 30 i
989 2437 18 30 4
1027 2435 17 37 $
1063 2437 257 36 förordningen
1340 2438 182 36 angående
1541 2438 235 37 statsgaranti

276 2477 56 31 för
353 2479 246 35 exportkredit
619 2489 45 22 m.
687 2489 44 22 m.
755 2479 56 36 (nr
832 2479 176 37 429/1933).
