2186 2626
361 195 19 30 2
577 192 119 31 Andra
720 192 204 30 kammarens
949 190 112 32 femte
1085 188 168 41 tillfälliga
1277 188 135 31 utskotts
1435 186 166 32 utlåtande
1625 186 53 31 Nr
1703 189 52 28 17.

469 285 79 34 Som
581 283 141 35 bekant
750 282 66 35 har
845 281 204 35 samarbete
1078 282 45 44 på
1152 278 301 48 lagstiftningens
1482 277 146 35 område
1658 276 132 34 mellan
1811 275 163 47 Sverige,

361 339 122 46 Norge
525 337 68 35 och
636 335 190 36 Danmark
869 335 112 34 sedan
1022 334 106 46 länge
1157 335 125 44 pågått
1311 332 67 35 och
1407 331 137 35 lämnat
1572 329 208 47 betydande
1809 329 165 35 resultat.

361 391 142 37 Jämväl
531 390 161 36 Finland
719 389 67 35 har
815 390 46 44 på
891 399 126 24 senare
1046 386 55 36 tid
1130 386 193 35 anknutits
1352 384 57 36 till
1438 385 60 34 det
1526 394 270 36 gemensamma
1820 382 155 47 lagstift-

361 445 263 47 ningsarbetet,
669 443 68 36 och
777 442 216 47 betydelsen
1022 441 110 35 därav
1162 440 66 35 har
1256 438 217 49 ytterligare
1501 437 171 35 betonats
1701 448 130 34 genom
1862 436 116 35 första

362 500 230 35 kammarens
634 497 14 35 i
690 495 116 47 enligt
848 496 83 34 med
974 495 113 35 första
1115 493 262 47 lagutskottets
1407 491 217 35 hemställan
1652 489 154 48 nyligen
1836 489 141 36 fattade

362 554 131 42 beslut,
524 555 54 32 att
605 551 200 45 riksdagen
834 551 113 33 måtte
976 548 12 34 i
1017 547 178 36 skrivelse
1222 546 58 36 till
1299 545 139 47 Kungl.
1459 543 108 49 Maj:t
1587 543 155 44 anhålla,
1765 546 54 32 att
1838 543 137 46 Kungl.

362 606 107 48 Maj:t
507 607 112 33 måtte
647 608 85 43 taga
759 603 14 35 i
802 602 252 47 övervägande
1082 600 13 36 i
1124 601 70 35 vad
1223 602 84 33 mån
1338 599 141 35 arbetet
1507 600 46 44 på
1583 598 71 35 den
1683 596 159 36 svenska
1871 599 109 32 rätte-

362 659 300 48 gångsreformen
704 656 199 47 lämpligen
945 656 85 42 kan,
1075 654 56 36 för
1173 653 185 37 vinnande
1402 664 44 23 av
1490 651 359 36 överensstämmelse
1897 650 81 35 med

362 713 158 36 Finland
562 714 47 45 på
651 712 101 34 detta
795 710 157 43 område,
996 707 172 37 bedrivas
1205 710 46 44 på
1279 706 231 48 grundvalen
1539 717 45 23 av
1613 704 205 36 samarbete
1848 704 132 35 mellan

365 767 147 46 Sverige
540 766 70 36 och
639 764 167 36 Finland.

471 820 189 36 Utskottet
688 818 214 35 instämmer
931 816 81 35 med
1042 815 224 36 motionären
1294 813 14 35 i
1337 814 92 34 hans
1457 811 190 37 uttalande
1677 823 56 23 om
1763 811 216 46 betydelsen

364 887 44 23 av
438 878 53 31 att
518 873 160 36 nämnda
707 871 204 35 samarbete
939 870 187 35 fortsättes
1155 869 78 42 och,
1263 867 13 35 i
1305 867 71 36 den
1397 868 84 33 mån
1500 866 131 35 sådant
1651 865 166 35 befinnes
1839 863 141 48 möjligt

364 929 67 35 och
460 926 178 48 lämpligt,
669 924 171 48 utvidgas
869 927 54 32 att
951 922 152 36 omfatta
1127 921 136 48 jämväl
1293 920 125 47 övriga
1446 919 258 47 grannländer,
1733 917 120 36 vilkas
1875 921 107 31 rätts-

365 981 157 46 ordning
550 979 93 37 vilar
671 981 46 44 på
746 989 137 25 samma
912 977 119 47 grund
1060 988 75 23 som
1166 976 70 35 den
1265 974 169 36 svenska.
1478 973 70 35 För
1576 970 268 49 befrämjandet
1868 971 113 35 härav

366 1041 39 29 är
447 1036 62 34 det
550 1033 158 48 givetvis
751 1044 44 23 av
838 1030 92 44 vikt,
975 1033 53 32 att
1064 1030 44 35 de
1137 1027 181 37 särskilda
1346 1027 175 35 länderna
1550 1028 56 33 stå
1635 1025 13 35 i
1677 1026 115 35 sådan
1821 1024 160 36 kontakt

366 1089 82 35 med
477 1087 190 43 varandra,
699 1089 64 40 att,
794 1084 63 36 vid
886 1083 314 47 uppkommandet
1228 1094 43 23 av
1300 1079 437 49 lagstiftningsspörsmål
1766 1091 45 23 av
1833 1078 150 35 allmän-

365 1154 91 23 nare
499 1141 199 47 betydelse,
743 1138 263 47 överläggning
1049 1139 58 33 må
1141 1136 126 35 kunna
1295 1136 148 34 komma
1471 1134 57 36 till
1556 1133 120 44 stånd,
1709 1131 183 36 huruvida
1921 1132 62 34 det

367 1195 248 47 föreliggande
659 1193 149 36 ärendet
851 1190 200 48 lämpligen
1093 1191 75 34 kan
1197 1189 97 36 bliva
1325 1189 151 35 föremål
1507 1187 54 35 för
1589 1198 208 35 gemensam
1827 1185 154 46 lagstift-

366 1261 102 35 ning.

475 1303 98 35 Utan
602 1304 53 32 att
683 1301 122 34 lämna
834 1301 111 44 något
972 1297 251 36 uttömmande
1245 1297 136 45 förslag
1400 1295 56 36 uti
1475 1293 279 47 ifrågavarande
1774 1292 210 35 hänseende

367 1357 65 36 vill
464 1356 181 35 utskottet
674 1366 74 23 som
779 1353 57 35 sin
866 1351 149 47 mening
1044 1351 201 40 framhålla,
1277 1353 54 32 att
1361 1348 202 36 motionens
1592 1347 98 47 syfte
1719 1358 108 34 synes
1857 1345 127 35 kunna

367 1410 130 36 vinnas
532 1407 224 48 exempelvis
785 1406 224 47 därigenom,
1041 1408 54 32 att
1123 1404 13 35 i
1165 1405 44 34 de
1238 1402 181 37 särskilda
1447 1402 175 35 länderna
1651 1400 169 46 uppdrag
1846 1398 140 35 lämnas

369 1467 37 32 åt
448 1465 119 45 någon
610 1462 85 35 eller
736 1463 114 44 några
893 1472 44 23 av
980 1459 93 43 dem,
1105 1470 75 23 som
1211 1463 60 29 äro
1301 1456 212 48 sysselsatta
1542 1456 83 33 med
1653 1454 113 35 redan
1796 1452 190 47 pågående

368 1516 293 37 internationellt
688 1512 393 49 lagstiftningsarbete,
1113 1512 88 34 eller
1231 1512 35 33 åt
1295 1510 116 35 andra
1439 1508 171 47 lämpliga
1630 1519 174 35 personer
1824 1510 53 31 att
1897 1504 88 48 följa

369 1569 355 47 rättsutvecklingen
766 1568 67 35 och
875 1565 283 49 lagstiftningen
1186 1564 12 35 i
1227 1565 44 34 de
1300 1562 183 36 särskilda
1511 1562 177 35 länderna
1717 1564 93 31 samt
1839 1560 65 34 hos
1933 1571 52 23 re-

370 1624 168 48 spektive
566 1623 213 48 regeringar
806 1626 87 42 göra
922 1618 272 47 framställning
1221 1630 55 23 om
1307 1616 166 36 initiativ
1501 1616 56 35 till
1582 1617 226 44 gemensamt
1827 1612 159 47 lagstift-

369 1678 236 47 ningsarbete
643 1676 13 35 i
693 1677 45 34 de
767 1675 78 43 fall,
877 1674 45 34 då
952 1671 305 48 förutsättningar
1285 1671 124 35 därför
1438 1670 127 34 kunna
1595 1668 209 36 förefinnas.
1863 1666 124 47 Några

370 1732 130 35 enbart
543 1731 55 35 för
640 1728 279 48 ifrågavarande
948 1726 167 36 ändamål
1143 1725 182 35 inrättade
1354 1736 113 35 organ
1496 1723 86 35 eller
1610 1722 157 48 tjänster
1796 1732 109 35 synas
1934 1722 52 32 så-

370 1786 98 34 ledes
498 1784 30 48 ej
561 1796 88 23 vara
678 1781 247 46 erforderliga.

477 1838 88 35 Med
608 1838 144 46 hänsyn
794 1834 151 36 särskilt
986 1833 59 36 till
1087 1832 159 36 rådande
1288 1830 177 48 politiska
1503 1828 254 37 förhållanden
1787 1839 110 35 synes
1926 1827 63 34 det

370 1892 181 36 utskottet
593 1890 82 36 icke
718 1889 178 46 lämpligt,
941 1891 53 32 att
1022 1886 199 46 riksdagen
1250 1890 64 42 gör
1343 1888 110 42 något
1483 1883 189 35 uttalande
1702 1893 69 32 om,
1802 1880 58 36 till
1890 1880 98 35 vilka

370 1945 180 36 särskilda
592 1945 128 34 länder
761 1942 250 36 hänvändelse
1053 1940 56 36 uti
1142 1940 98 34 förut
1268 1938 160 47 angivna
1458 1936 208 36 hänseende
1696 1935 65 35 bör
1790 1934 77 44 ske,
1898 1937 90 31 utan

370 2000 103 36 torde
502 1999 101 35 detta
632 1998 88 35 böra
748 1996 100 35 bliva
877 1995 180 36 beroende
1087 1996 45 45 på
1161 1993 137 46 Kungl.
1330 1991 127 48 Maj:ts
1487 1993 83 44 eget
1599 1989 218 47 avgörande.

479 2053 127 35 Under
635 2050 230 46 åberopande
895 2061 45 23 av
969 2049 70 35 vad
1068 2047 180 36 utskottet
1276 2046 155 34 sålunda
1457 2045 132 41 anfört,
1613 2044 56 34 får
1688 2042 182 35 utskottet
1891 2041 99 34 hem-

371 2106 117 44 ställa,
519 2109 53 32 att
602 2105 113 35 första
744 2104 214 34 kammaren
987 2103 112 34 måtte
1127 2101 56 34 för
1212 2100 57 34 sin
1298 2099 59 35 del
1386 2098 153 43 besluta,
1572 2099 52 33 att
1653 2096 201 46 riksdagen
1877 2097 112 32 måtte

372 2162 65 34 hos
472 2159 137 48 Kungl.
645 2158 108 47 Maj:t
782 2156 157 43 anhålla,
971 2156 61 34 det
1060 2155 137 45 Kungl.
1228 2152 109 48 Maj:t
1366 2152 145 35 täcktes
1539 2151 74 34 låta
1641 2150 140 43 utreda,
1813 2149 70 35 vad
1912 2158 75 24 som

372 2215 75 34 kan
488 2214 66 35 och
598 2212 65 36 bör
705 2214 143 43 åtgöras
893 2209 56 35 för
991 2207 249 49 befrämjande
1279 2219 44 22 av
1352 2208 227 44 gemensamt
1607 2200 384 50 lagstiftningsarbete

373 2267 132 36 mellan
548 2265 151 47 Sverige
741 2265 67 35 och
845 2264 81 34 dess
956 2262 256 47 grannländer,
1243 2263 94 32 samt
1367 2258 159 37 därefter
1555 2256 149 48 vidtaga
1734 2257 44 34 de
1807 2254 182 46 åtgärder,

372 2321 57 35 till
459 2320 99 36 vilka
586 2318 248 46 utredningen
863 2317 76 34 kan
968 2315 84 48 giva
1080 2314 235 46 anledning.»
