2195 2680
706 170 247 32 Statsutskotlels
984 170 168 32 Utlåtande
1175 171 62 31 N:o
1262 173 27 29 5.
1694 173 59 31 173

304 256 85 36 Den
417 255 173 50 verkliga
618 256 216 37 kostnaden
863 256 60 37 för
952 257 232 37 statsverket
1211 257 150 36 komme
1390 257 98 37 dock
1515 257 83 38 icke
1627 263 55 32 att
1703 259 92 37 ökas

201 308 87 38 med
330 308 104 37 detta
471 308 150 50 belopp,
651 314 41 44 ty
721 309 115 37 sedan
865 309 91 37 flera
986 312 39 34 år
1052 309 158 38 tillbaka
1239 309 95 37 hade
1362 310 123 36 Eders
1514 310 142 49 Kungl.
1686 311 111 49 Maj:t

200 364 48 46 på
276 361 409 49 arméförvaltningens
713 361 263 49 underdåniga
993 362 284 48 framställning
1296 363 150 36 anvisat
1467 363 186 37 särskilda
1671 364 124 37 medel

200 413 58 37 till
300 413 214 49 ersättning
550 416 37 34 åt
624 419 106 31 extra
759 414 171 37 biträden
958 414 103 37 inom
1089 414 296 48 ämbetsverket,
1415 415 84 48 och,
1529 416 118 36 ehuru
1675 416 121 37 under

201 469 40 33 år
284 468 97 34 1903
423 466 111 36 dessa
574 466 208 36 kostnader
822 470 165 45 uppgått
1022 467 56 36 till
1114 467 84 37 icke
1226 468 146 36 mindre
1401 472 48 31 än
1477 468 176 48 omkring
1682 470 113 46 7,000

201 518 151 47 kronor,
390 520 119 34 måste
539 518 57 36 till
623 518 296 37 kammarrätten
948 519 239 49 ogranskade
1217 519 180 37 aflämnas
1425 524 92 33 nära
1548 522 110 46 1,000
1687 521 108 36 redo-

201 570 185 49 görelser.

304 622 75 37 För
407 625 41 34 år
478 624 98 36 1904
605 623 96 36 hade
729 623 122 36 Eders
881 622 139 50 Kungl.
1052 623 106 49 Maj:t
1186 623 214 49 medgifvit,
1430 628 55 32 att
1512 625 60 35 för
1597 624 198 37 aflönande

202 675 40 36 af
281 679 107 33 extra
430 675 172 37 biträden
642 675 69 37 hos
753 675 390 49 arméförvaltningen
1172 648 127 79 finge,
1302 653 165 60 "utöfver
1494 676 59 37 för
1581 677 215 36 ändamålet

201 727 243 49 tillgängliga
472 727 135 48 medel,
638 728 40 36 af
703 706 391 71 arméförvaltningen
1119 728 209 49 förskjutas
1348 728 159 50 tillhopa
1526 729 113 49 högst
1658 731 137 46 17,000

202 756 161 70 kronor,
394 757 149 60 hvilket
583 757 139 72 belopp
765 780 86 36 med
894 785 141 32 största
1063 781 244 36 sannolikhet
1330 781 145 49 jämväl
1502 781 61 36 för
1576 758 220 60 framtiden

202 832 126 37 blefve
348 832 195 49 behöfligt.
577 832 17 36 I
614 832 182 37 händelse
817 835 80 33 åter
916 832 41 36 af
973 832 105 37 bifall
1098 832 56 36 till
1169 833 412 49 arméförvaltningens
1595 847 49 22 nu
1659 834 138 48 gjorda

202 883 285 50 framställning
505 885 150 36 komme
674 884 242 49 naturligtvis
937 884 233 38 sistberörda
1185 885 124 37 medel
1323 885 83 37 icke
1422 890 55 32 att
1492 886 200 37 erfordras.
1723 885 73 38 Vid

202 936 134 37 sådant
365 936 236 37 förhållande
631 937 116 36 borde
776 937 209 37 emellertid
1014 937 74 37 den
1117 938 114 36 ofvan
1259 938 218 36 beräknade
1501 938 216 37 kostnaden
1736 939 60 36 för

201 988 395 50 personaltillökning,
640 991 138 44 32,600
822 989 153 47 kronor,
1016 989 169 37 minskas
1227 990 85 36 med
1342 990 264 37 motsvarande
1636 1004 159 34 summa,

205 1042 136 47 17,000
388 1041 152 46 kronor,
583 1041 93 37 eller
719 1041 58 36 till
824 1043 137 46 15,600
1002 1042 152 47 kronor,
1197 1042 147 36 hvilket
1384 1042 140 50 belopp
1554 1042 157 37 sålunda
1738 1048 58 31 ut-

202 1093 136 49 gjorde
380 1093 72 37 den
494 1093 174 48 verkliga
709 1093 333 50 utgiftsökningen
1070 1094 65 36 vid
1163 1094 103 37 bifall
1296 1094 58 36 till
1384 1094 411 50 arméförvaltningens

202 1146 251 36 förevarande
482 1146 265 49 underdåniga
774 1145 155 49 förslag.

305 1197 72 37 Vid
419 1198 411 49 arméförvaltningens
873 1198 248 38 omförmälda
1153 1198 261 49 underdåniga
1443 1199 202 37 skrifvelse
1674 1200 122 36 finnes

201 1249 136 49 fogadt
360 1250 147 48 förslag
534 1250 57 36 till
619 1264 52 36 ny
699 1255 75 32 stat
801 1251 59 36 för
889 1251 295 45 ämbetsverket,
1214 1227 175 60 slutande
1414 1254 20 33 å
1465 1253 68 35 191
1540 1254 84 45 ,341
1655 1252 142 36 kronor

201 1279 70 59 och
300 1302 247 49 upptagande
576 1303 46 36 de
645 1292 230 59 ifrågasatta
902 1316 75 35 nya
1004 1276 335 80 beställningarna.

305 1458 53 36 På
385 1458 125 48 grund
539 1458 41 37 af
597 1458 74 37 den
693 1458 213 50 utredning,
928 1458 420 50 arméförvaltningen
1337 1454 23 58 i
1370 1459 124 37 denna
1514 1459 109 49 fråga
1642 1460 154 46 lämnat,

202 1523 113 36 synes
334 1510 80 49 mig
432 1510 265 48 förstärkning
717 1511 41 36 af
774 1511 85 36 dess
879 1511 274 37 arbetskrafter
1173 1524 90 23 vara
1283 1488 314 72 oundgängligen
1611 1512 185 49 behöflig,

201 1562 58 36 för
278 1567 56 31 att
352 1539 286 61 ämbetsverket
658 1562 96 37 skall
774 1564 127 36 kunna
920 1564 87 36 fullt
1025 1563 355 38 tillfredsställande
1400 1564 163 48 fullgöra
1583 1564 81 37 sina
1680 1541 116 60 nuva-

201 1614 116 37 rande
338 1614 232 49 åligganden
589 1615 71 36 och
679 1621 189 31 motsvara
888 1616 46 36 de
955 1616 119 36 ökade
1093 1616 228 48 fordringar,
1334 1616 73 36 den
1421 1615 282 38 fortskridande
1719 1630 78 23 om-

203 1667 311 48 organisationen
535 1668 41 35 af
587 1668 130 35 armén
737 1668 172 36 kommer
925 1672 55 32 att
995 1668 109 37 ställa
1121 1671 47 43 på
1183 1668 218 37 detsamma.
1432 1669 68 35 Att
1516 1668 93 37 söka
1624 1669 93 48 fylla
1732 1668 65 37 be-

201 1719 132 36 hofvet
368 1719 40 36 af
437 1719 116 36 ökadt
581 1719 102 37 antal
710 1720 232 48 tjänstemän
969 1733 140 36 genom
1139 1720 214 48 antagande
1382 1720 41 36 af
1438 1720 90 37 flere
1549 1734 248 23 amanuenser

201 1771 87 36 med
316 1771 73 36 den
416 1771 61 36 för
505 1772 111 36 dessa
643 1772 154 47 vanliga
825 1772 218 49 aflöningen
1072 1772 41 36 af
1137 1773 116 47 högst
1285 1774 110 45 1,500
1423 1773 141 36 kronor
1583 1774 109 36 torde
1711 1773 85 36 icke

202 1836 90 23 vara
320 1822 211 50 tillrådligt.
575 1823 56 37 De
651 1824 166 48 arbeten,
838 1838 81 23 som
943 1825 128 48 åligga
1090 1829 55 31 ett
1164 1824 254 48 ämbetsverk,
1438 1825 129 36 kunna
1587 1825 134 37 endast
1742 1825 55 36 till

202 1888 47 24 en
264 1875 77 37 viss
355 1880 117 44 gräns
489 1875 254 38 öfverlämnas
758 1879 37 34 åt
811 1881 106 32 extra
933 1876 186 37 ordinarie
1133 1877 229 49 tjänstemän
1377 1877 86 36 med
1479 1880 41 33 så
1535 1878 64 48 låg
1615 1877 180 49 aflöning,

201 1928 69 36 och
300 1928 125 36 denna
452 1933 118 43 gräns
599 1928 75 37 kan
704 1929 135 36 endast
873 1929 258 36 öfverskridas
1146 1932 48 46 på
1209 1929 214 37 bekostnad
1442 1929 41 37 af
1499 1930 298 49 arbetsproduk-

200 1986 74 30 ten.
330 1980 231 49 Därigenom
592 1980 122 37 skulle
744 1981 71 36 ock
844 1981 240 49 svårigheter
1104 1984 40 33 så
1164 1981 239 49 småningom
1423 1984 139 46 uppstå
1581 1986 55 32 att
1655 1982 141 36 erhålla

200 2032 86 36 fullt
306 2032 157 49 dugliga
492 2032 69 37 och
590 2033 100 36 inom
720 2033 131 36 verket
879 2033 247 50 uppfostrade
1154 2033 231 48 tjänstemän
1413 2037 48 45 på
1489 2034 47 36 de
1562 2034 118 48 högre
1700 2035 96 48 plat-

202 2097 123 35 serna,
355 2089 41 43 ty
424 2085 42 36 af
491 2085 47 36 de
567 2089 109 32 extra
704 2085 187 37 ordinarie
921 2085 306 48 tjänstemännen
1255 2086 163 47 komme,
1449 2085 55 37 till
1532 2085 96 50 följd
1656 2086 41 37 af
1721 2086 75 36 den

200 2136 111 48 ringa
347 2136 171 37 utsikten
555 2137 59 36 för
642 2137 206 37 befordran
876 2138 57 35 till
962 2138 124 36 bättre
1114 2137 173 37 aflönade
1315 2138 271 49 befattningar,
1616 2138 46 37 de
1690 2138 106 37 bästa

201 2188 207 48 krafterna,
451 2202 82 23 som
576 2189 96 36 hade
713 2189 132 36 lättast
886 2195 55 31 att
981 2190 114 36 vinna
1137 2189 233 50 anställning
1404 2193 48 46 på
1481 2195 115 32 annat
1623 2190 89 48 håll,
1741 2195 56 32 att

201 2240 124 37 lämna
353 2241 146 36 verket.
555 2241 194 49 Därjämte
777 2242 107 36 torde
913 2242 64 36 det
1004 2242 37 36 få
1070 2255 112 23 anses
1212 2242 150 49 obilligt
1391 2247 54 31 att
1459 2243 121 36 under
1600 2256 48 23 en
1662 2244 133 47 längre

200 2292 96 49 följd
326 2292 41 36 af
393 2295 40 34 år
462 2298 79 32 mot
570 2306 47 24 en
646 2293 65 37 allt
739 2294 59 36 för
826 2294 105 48 liten,
968 2294 167 48 tillfällig
1163 2294 169 49 aflöning
1360 2294 133 37 kräfva
1521 2299 54 32 ett
1602 2294 127 37 arbete
1757 2295 36 36 at
