2190 2671
688 180 249 32 Statsutskottets
968 180 168 32 Utlåtande
1158 181 63 31 N:o
1245 183 28 29 5.
1697 182 39 31 29

184 266 237 49 undanrödja
464 266 69 37 sist
575 266 162 37 nämnda
775 266 204 49 olägenhet
1008 267 69 36 och
1105 270 48 46 på
1182 280 143 23 samma
1353 270 105 46 gång
1486 267 136 49 bringa
1650 270 126 46 någon

184 317 146 38 lättnad
357 319 13 36 i
397 319 164 37 berörda
589 319 250 37 ekonomiska
868 319 240 49 svårigheter
1136 344 44 3 —
1213 320 97 36 dock
1338 325 92 31 utan
1458 325 55 31 att
1534 325 123 32 staten
1681 320 94 37 däri-

182 384 140 35 genom
368 370 230 37 nämnvärdt
642 372 189 48 betungas
878 395 49 4 —
974 385 114 34 synes
1134 385 90 24 vara
1270 377 55 31 att
1369 372 96 37 inslå
1493 375 47 47 på
1569 373 73 36 den
1674 373 102 36 inom

183 423 204 36 utländska
416 424 146 36 arméer
590 423 59 37 för
678 437 142 23 samma
849 423 173 37 ändamål
1060 423 111 37 valda
1198 429 137 43 vägen,
1364 425 194 48 nämligen
1587 430 55 31 att
1673 425 103 36 med-

183 475 105 48 gifva
317 478 47 46 på
392 488 99 34 egna
519 476 273 47 tjänstehästar
820 476 158 36 beridna
1006 476 194 36 officerare
1228 480 76 31 rätt
1324 481 55 31 att
1397 490 44 22 ur
1460 481 167 45 truppen
1645 481 131 45 uttaga

183 527 254 36 hästskötare.
511 527 144 37 Därvid
699 527 110 37 torde
854 528 93 36 böra
988 528 201 48 iakttagas,
1233 532 55 32 att
1325 528 56 36 till
1410 529 140 36 sådana
1578 529 11 35 i
1617 529 157 37 främsta

182 584 162 31 rummet
384 584 104 31 utses
531 580 166 48 menige,
728 593 80 23 som
842 579 167 37 förklara
1038 580 59 48 sig
1124 580 130 48 villige
1282 580 57 36 till
1368 580 104 49 dylik
1500 581 273 49 tjänstgöring,

183 636 98 31 samt
309 636 54 31 att
390 632 120 35 under
538 632 101 36 vissa
667 632 262 36 förhållanden
958 645 43 25 en
1033 632 159 49 lämplig
1219 632 115 49 afoift
1362 633 97 35 skall
1488 634 41 35 af
1544 634 232 48 hästägaren

183 684 177 48 erläggas
402 683 58 36 till
501 689 125 31 staten
666 685 59 35 för
759 684 269 36 användandet
1056 684 42 37 af
1122 684 139 37 militär
1289 685 253 47 hästskötare,
1572 688 125 33 såsom
1725 700 51 22 nu

183 736 120 49 enligt
332 736 121 36 IEders
483 736 142 49 Kungl.
660 736 126 49 Maj:ts
805 736 201 37 föreskrift
1031 737 89 36 sker
1139 737 122 48 ifråga
1285 750 60 23 om
1365 737 192 49 stallhyra,
1579 738 46 36 då
1645 738 132 37 officer

183 788 91 37 eller
294 788 228 37 civilmilitär
563 802 138 36 person
743 788 169 49 tillhörig
949 789 227 48 tjänstehäst
1203 789 208 49 uppställes
1438 790 12 36 i
1478 790 167 36 kronans
1677 789 98 48 stall,

183 841 91 36 eller
302 841 71 35 ock
403 845 65 42 att,
497 841 121 36 under
646 842 118 35 andra
791 841 276 47 förhållanden,
1097 842 155 36 officern
1273 842 106 46 skall,
1400 845 48 46 på
1470 847 75 30 sätt
1564 843 69 35 här
1651 843 125 36 nedan

181 897 173 32 närmare
397 893 173 49 antydes,
599 893 170 37 bestrida
796 896 127 46 någon
952 893 60 37 del
1042 893 40 36 af
1107 893 288 37 hästskötarens
1424 894 196 36 underhåll
1648 908 47 22 m.
1725 908 48 22 m.

284 945 75 36 Det
394 945 267 49 föreliggande
704 945 255 36 önskemålets
996 945 309 51 förverkligande
1334 946 131 36 ställer
1494 946 60 48 sig
1581 946 195 49 nämligen

182 997 57 35 till
268 1010 44 23 en
342 997 79 36 viss
450 998 95 48 grad
575 997 99 36 olika
702 997 65 36 vid
796 998 296 48 garnisonerade
1120 998 277 49 truppförband
1426 1001 20 33 å
1475 998 72 36 den
1577 1012 71 22 ena
1667 999 109 35 sidan

183 1054 97 31 samt
312 1049 124 48 öfriga
467 1049 281 49 truppförband
777 1050 69 35 och
876 1049 128 36 skolor
1032 1053 20 32 å
1073 1049 73 37 den
1179 1050 127 36 andra.
1363 1050 134 36 Denna
1517 1050 162 36 skillnad
1699 1051 76 35 för-

183 1100 152 37 svinner
354 1100 228 49 visserligen
619 1101 12 35 i
669 1101 73 37 den
771 1104 85 33 mån
884 1101 439 48 kasernetablissemang
1350 1102 115 36 hinna
1492 1102 183 49 uppföras
1705 1103 70 35 och

182 1153 178 47 samtliga
400 1158 251 44 regementen
694 1153 71 36 och
807 1154 110 35 kårer
957 1154 117 35 varda
1101 1154 310 48 garnisonerade,
1441 1167 86 23 men
1555 1154 221 37 densamma

182 1208 120 33 måste
333 1204 76 37 tills
438 1205 129 36 vidare
596 1210 112 44 tagas
737 1205 86 36 med
851 1206 12 35 i
892 1205 224 49 räkningen.

285 1256 72 37 Vid
374 1257 45 36 de
435 1257 299 49 garnisonerade
749 1258 344 48 truppförbanden,
1109 1258 60 36 för
1189 1257 129 36 hvilka
1333 1258 443 48 kasernetablissemang

181 1309 117 36 redan
331 1309 134 48 finnas,
483 1322 113 36 synes
626 1310 72 35 den
728 1309 263 49 föreliggande
1020 1310 137 48 frågan
1184 1309 130 36 kunna
1342 1310 69 36 och
1439 1309 92 37 böra
1561 1310 138 36 ordnas
1727 1313 48 46 på

181 1360 167 48 följande
391 1366 86 31 sätt.
533 1361 74 36 För
649 1361 45 36 de
736 1361 190 37 officerare
966 1361 91 37 eller
1099 1361 250 37 civilmilitära
1377 1375 193 36 personer,
1600 1376 80 22 som
1711 1367 63 31 äro

181 1413 156 36 beridna
365 1416 48 46 på
442 1426 99 35 egna
569 1414 286 48 tjänstehästar,
872 1418 154 44 uttagas
1056 1417 126 33 såsom
1211 1414 254 47 hästskötare,
1495 1414 55 36 till
1580 1414 64 36 det
1672 1414 104 36 antal

183 1478 80 23 som
307 1466 169 36 befinnes
518 1465 256 48 erforderligt,
818 1466 149 48 meniga
1008 1466 229 47 volontärer,
1268 1479 79 23 som
1377 1469 224 46 genomgått
1628 1467 147 48 rekryt-

182 1518 118 46 skola,
329 1530 87 24 men
446 1518 33 47 ej
509 1518 98 36 visat
636 1518 60 48 sig
723 1518 180 49 lämpliga
922 1519 60 36 för
999 1518 219 49 utbildning
1232 1518 57 36 till
1304 1518 235 48 underbefäl,
1556 1519 91 36 eller
1667 1523 108 31 värn-

181 1569 174 49 pliktige,
397 1570 131 36 hvilka
564 1574 65 32 äro
658 1570 125 36 därtill
811 1570 186 49 passande
1027 1570 80 47 och,
1136 1570 102 36 hvad
1266 1573 118 46 angår
1412 1571 231 46 infanteriet,
1674 1571 102 36 afses

181 1626 56 32 att
270 1622 63 35 vid
361 1622 265 47 mobilisering
653 1622 214 49 tjänstgöra
896 1636 80 22 som
1004 1622 240 37 hästskötare
1274 1622 90 36 eller
1392 1622 63 36 vid
1483 1627 291 45 truppträngen,

182 1674 86 35 med
297 1674 220 48 skyldighet
547 1674 58 36 för
633 1674 335 49 truppförbandets
997 1674 91 37 chef
1112 1680 55 30 att
1194 1674 114 47 tillse,
1338 1679 55 31 att
1419 1688 139 34 genom
1587 1675 105 36 detta
1720 1680 56 30 ut-

181 1726 166 47 tagande
379 1726 97 36 intet
516 1725 136 37 hinder
680 1729 157 46 uppstår
865 1726 60 37 för
953 1727 245 48 manskapets
1228 1726 235 36 beordrande
1492 1727 12 35 i
1532 1726 244 49 vederbörlig

183 1777 165 49 ordning
375 1777 57 36 till
461 1778 129 36 skolor
618 1779 70 36 och
717 1783 56 31 att
800 1778 12 36 i
840 1778 205 37 allmänhet
1072 1778 96 36 intet
1195 1778 153 48 intrång
1376 1783 110 43 göres
1506 1781 49 46 på
1575 1779 86 36 dess
1677 1779 98 36 före-

183 1829 145 36 skrifna
369 1830 162 36 militära
559 1830 226 47 utbildning.
841 1830 110 36 Dock
978 1831 90 36 böra
1099 1831 139 36 sådana
1266 1830 239 36 hästskötare
1533 1831 84 35 icke
1646 1831 38 35 få
1711 1844 64 23 an-

182 1881 145 36 vändas
368 1882 12 35 i
421 1881 148 49 privata
603 1882 86 36 stall
730 1882 103 36 inom
862 1882 321 48 garnisonsorten,
1212 1887 95 31 utan
1335 1882 160 36 allenast
1523 1883 46 35 då
1596 1883 180 36 hästarna

182 1938 66 31 äro
277 1933 218 49 uppställda
524 1934 11 35 i
563 1933 97 48 stall,
678 1947 81 23 som
788 1934 151 36 tillhöra
959 1934 146 36 kronan
1125 1934 91 37 eller
1232 1934 85 36 med
1333 1934 259 49 vederbörligt
1607 1934 169 37 tillstånd

182 1990 64 31 äro
284 1986 42 35 af
351 1985 173 37 enskilde
553 1986 190 36 officerare
773 1986 92 36 eller
892 1986 181 49 förening
1101 1986 42 36 af
1168 1986 140 36 sådana
1335 1986 191 49 uppförda
1553 1990 48 45 på
1630 1992 145 31 statens

181 2037 119 47 mark,
330 2037 92 36 eller
451 2038 69 35 ock
549 2038 47 36 då
625 2038 184 46 officeren,
826 2038 170 48 beriden,
1014 2043 40 31 är
1082 2038 187 37 beordrad
1297 2038 58 36 till
1383 2039 260 48 tjänstgöring
1671 2044 103 30 utom

181 2088 393 50 förläggningsorten.
629 2090 75 36 För
732 2090 248 37 användande
1010 2092 41 35 af
1075 2090 73 37 den
1177 2090 161 37 militäre
1366 2090 267 37 hästskötaren
1653 2091 123 48 erläg-

180 2154 70 35 ger
293 2141 176 37 officeren
509 2141 57 37 till
607 2142 148 37 kronan
796 2147 25 31 t.
861 2156 56 23 ex.
962 2144 47 35 20
1052 2147 64 32 öre
1159 2156 61 22 om
1261 2143 124 48 dagen
1425 2143 59 36 för
1516 2143 134 49 hvarje
1678 2143 96 36 häst.

181 2193 174 36 Nämnda
394 2194 185 48 rättighet
619 2194 57 37 till
704 2194 139 37 militär
870 2195 238 36 hästskötare
1137 2195 80 47 bör,
1247 2195 67 36 där
1342 2195 133 36 sådant
1502 2200 91 31 utan
1621 2196 155 48 olägen-

182 2245 65 36 het
288 2245 76 36 kan
406 2246 77 46 ske,
527 2246 85 37 med
654 2247 114 36 ofvan
805 2247 155 47 angifna
988 2247 279 49 inskränkning
1294 2248 11 34 i
1335 2247 180 37 afseende
1542 2251 48 45 på
1617 2248 158 36 hästens

181 2298 386 49 uppställningsplats
604 2299 214 48 medgifvas
861 2299 112 37 äfven
1016 2313 124 22 annan
1176 2299 11 36 i
1224 2299 338 49 truppförbandets
1605 2299 170 49 förlägg-
