2179 2679
695 199 257 34 Statsutskottets
987 202 175 33 Utlåtande
1189 204 65 32 N:o
1284 207 29 29 5.
1724 205 18 35 1

920 797 85 39 N:o
1035 798 43 39 5.

772 1004 77 28 Ank.
872 1004 51 28 till
945 1005 102 29 Riksd.
1071 1007 97 28 kansli
1192 1008 56 28 den
1273 1010 36 27 16
1333 1019 77 18 mars
1434 1011 89 35 1905,
1547 1011 40 29 kl.
1612 1013 70 34 4,30
1706 1023 23 19 e.
1754 1024 37 20 m.

542 1148 202 47 Utlåtande,
783 1152 182 47 angående
1000 1153 216 50 regleringen
1252 1154 45 48 af
1329 1157 195 49 utgifterna
1561 1160 114 35 under
1703 1160 88 36 riks-

624 1217 130 29 statens
787 1212 172 49 fjärde
1000 1214 226 49 hufvudtitel,
1265 1217 222 49 omfattande
1529 1220 171 49 anslagen
1738 1222 54 35 till

625 1271 289 50 landtförsvaret.

1458 1330 66 48 (I:a
1553 1331 43 37 U.
1626 1332 61 48 A.)

746 1519 263 50 Ordinarie
1042 1523 196 61 anslag.

808 1685 367 43 Generalitetsstaten.

301 1784 73 50 1:0)
421 1785 17 36 I
474 1787 73 36 den
587 1788 59 36 till
686 1788 220 51 Riksdagen
947 1792 72 35 den
1051 1794 46 34 14
1120 1794 150 48 januari
1297 1795 258 38 innevarande
1585 1800 39 34 år
1651 1799 138 38 aflåtna
1818 1825 64 29 Ang.
1902 1825 92 23 minsk-

195 1837 288 49 propositionen
512 1840 196 49 angående
738 1843 249 37 statsverkets
1014 1844 172 38 tillstånd
1214 1847 68 36 och
1311 1847 120 37 behof
1456 1849 78 47 har,
1560 1851 120 37 under
1701 1852 85 37 åbe-
1822 1860 62 29 ning
1902 1861 26 22 at
1950 1868 42 33 an-

193 1890 169 48 ropande
399 1890 41 36 af
475 1891 64 37 det
571 1894 286 48 propositionen
886 1895 153 50 bilagda
1068 1898 427 50 stadsrådsprotokollet
1524 1902 107 37 öfver
1662 1903 123 38 landt-
1821 1896 176 63 Ae

193 1941 338 39 försvarsärenden
573 1945 41 35 af
643 1959 143 23 samma
813 1947 85 48 dag,
929 1948 140 49 Kungl.
1099 1949 107 50 Maj:t
1234 1952 117 36 under
1378 1953 122 49 fjärde
1529 1955 255 38 hufvudtiteln
1859 1966 93 22 staten.

193 1993 12 36 i
246 1994 171 49 punkten
461 1998 18 33 1
522 1996 197 50 föreslagit
759 1998 218 51 Riksdagen
1018 2006 66 42 att,
1126 2003 85 36 med
1252 2004 279 48 godkännande
1560 2007 41 36 af
1626 2008 65 36 det
1718 2009 65 37 vid
1829 1989 18 68 =
1872 2007 66 46 [1.]

194 2046 422 50 statsrådsprotokollet
656 2051 140 48 fogade
837 2052 146 49 förslag
1023 2053 57 36 till
1121 2068 52 35 ny
1209 2061 75 31 stat
1311 2057 59 36 för
1397 2058 389 51 generalitetsstaten,

194 2098 149 37 minska
383 2101 175 47 anslaget
599 2102 56 35 till
691 2103 384 50 generalitetsstaten,
1105 2121 51 21 nu
1187 2109 161 46 155,233
1378 2109 149 46 kronor,
1557 2112 87 36 med
1672 2115 113 45 4,599

193 2149 142 37 kronor
362 2151 58 36 till
450 2153 162 48 150,634
637 2154 153 37 kronor.

295 2253 214 39 Statsrådet
537 2257 70 36 och
636 2257 135 38 chefen
792 2259 59 35 för
869 2260 578 52 landtförsvarsdepartementet
1465 2266 69 37 har
1549 2267 234 39 beträffande

190 2305 124 38 denna
341 2307 110 49 fråga
478 2307 57 37 till
563 2309 212 50 åberopade
805 2313 416 48 statsrådsprotokollet
1249 2316 126 37 anfört
1401 2313 182 58 följande.

270 2367 64 28 Bih.
360 2368 48 28 till
428 2369 95 28 Riksd.
548 2370 75 28 Prot.
648 2368 92 32 1905.
788 2370 19 30 4
831 2373 88 28 Saml.
959 2374 17 29 1
1000 2374 69 36 Afd.
1120 2374 21 29 5
1161 2376 84 36 Bäft.
1291 2378 72 36 (N:o
1388 2377 43 41 3.)
1725 2384 15 26 1
