2185 2692
431 166 40 32 56
894 168 247 32 Statsutskottets
1171 168 169 33 Utlåtande
1362 169 64 32 N:o
1450 173 28 28 5.

493 254 153 37 Inträde
688 255 12 36 i
741 268 143 35 reserv,
926 255 176 37 förenadt
1143 256 85 37 med
1256 256 215 48 befordran,
1501 257 120 37 skulle
1650 257 175 51 beviljas:
1856 261 126 34 såsom

390 308 268 49 underlöjtnant
698 308 59 36 för
786 308 84 47 den,
899 322 81 23 som
1008 308 168 49 uppfyllt
1204 309 45 37 de
1277 309 11 36 i
1317 309 248 37 förenämnda
1592 310 244 50 kungörelse,
1865 314 116 45 angå-

389 360 95 37 ende
514 365 114 33 sättet
655 360 59 37 för
743 361 164 37 officers-
939 361 70 37 och
1037 362 523 38 reservofficersvolontärers
1589 364 209 49 antagning
1826 364 70 37 och
1924 370 58 31 ut-

388 413 186 49 bildning,
616 414 230 37 föreskrifna
873 414 150 49 villkor,
1054 414 71 37 och
1154 418 125 34 såsom
1308 424 160 41 sergeant
1496 416 58 36 för
1582 416 401 51 distinktionskorpral

389 465 366 51 (förstekonstapel),
798 480 81 24 som
920 467 178 50 fullgjort
1138 467 59 38 för
1237 468 206 37 befordran
1488 469 57 36 till
1586 469 253 37 underofficer
1880 470 101 37 stad-

389 519 99 49 gade
516 519 150 37 villkor.

492 572 120 37 Dessa
655 572 195 37 officerare
893 573 70 36 och
1004 573 318 37 underofficerare
1365 574 133 48 skulle,
1543 579 78 32 mot
1661 575 180 50 angifven
1870 575 112 50 godt-

387 625 164 50 görelse,
594 638 89 24 vara
725 625 177 51 skyldiga
931 630 54 32 att
1012 626 166 50 fullgöra
1208 640 142 24 samma
1377 627 270 50 tjänstgöring,
1677 641 82 24 som
1788 628 45 37 de
1861 628 121 38 under

387 683 84 32 näst
513 678 234 49 föregående
788 684 169 32 moment
998 679 248 38 omförmälda
1276 680 222 38 officerarna
1527 681 71 37 och
1626 681 353 38 underofficerarna.

490 730 112 35 Hvad
644 731 221 35 officerarna
906 732 190 45 beträffar,
1137 732 206 35 innefattar
1371 733 243 35 kommitténs
1642 734 147 47 förslag
1816 734 13 34 i
1858 734 124 35 denna

388 781 61 37 del
475 781 116 50 ingen
620 795 125 23 annan
774 782 164 50 ändring
964 782 12 37 i
1004 783 216 37 nuvarande
1248 783 263 38 förhållanden
1539 788 48 33 än
1615 784 10 36 i
1653 784 110 49 fråga
1792 798 60 23 om
1872 784 110 38 deras

386 834 270 49 tjänstgöring,
699 835 155 37 hvilken
896 835 79 37 dels
1004 835 125 37 blifvit
1157 839 116 46 något
1301 838 109 46 ökad,
1440 837 81 37 dels
1549 838 11 35 i
1589 837 215 37 hufvudsak
1832 838 150 49 förlagd

386 886 58 37 till
471 887 457 49 repetitionsöfningarna
954 888 12 36 i
996 888 116 36 afsikt
1141 893 55 31 att
1223 888 89 49 höja
1338 889 112 37 dessa
1470 889 215 37 officerares
1706 890 201 49 duglighet
1926 895 56 32 att

387 940 83 36 föra
497 944 115 45 trupp
640 939 12 36 1
680 939 79 37 fält.

491 992 134 48 Enligt
639 993 245 35 kommitténs
899 993 146 48 förslag
1061 993 119 36 skulle
1196 994 235 37 beträffande
1446 995 13 35 i
1474 1007 130 23 reserv
1620 994 124 37 direkt
1754 995 228 36 befordrade

387 1044 316 37 underofficerare
744 1045 144 37 införas
916 1045 298 48 bestämmelser,
1243 1046 184 37 likartade
1456 1046 86 37 med
1571 1046 85 37 dem
1685 1047 58 37 för
1772 1047 207 37 officerare.

175 1091 177 56 Värnpliktige
492 1100 34 33 4.
584 1097 205 37 Officerare
831 1098 70 36 och
940 1098 315 37 underofficerare
1296 1099 11 35 i
1348 1099 359 48 värnpliktsåldern,
1751 1113 81 23 som
1859 1101 123 48 afgått

163 1144 57 57 51
258 1143 87 57 Eon
391 1149 86 37 från
505 1149 77 37 fast
610 1149 233 50 anställning
870 1155 92 32 utan
989 1155 54 31 att
1073 1150 92 37 söka
1192 1151 149 36 inträde
1369 1151 12 36 i
1408 1164 192 24 reserven.

199 1196 135 57 officerare.
496 1202 120 36 Dessa
645 1202 120 36 skulle
794 1202 99 36 intill
922 1204 48 34 40
1000 1206 60 32 års
1081 1203 102 36 ålder
1202 1203 152 36 tillhöra
1374 1204 288 36 vederbörande
1681 1204 300 49 truppförbands

390 1267 131 23 reserv
558 1254 68 36 och
663 1255 87 35 med
788 1254 59 36 sin
883 1254 228 37 åldersklass
1148 1254 153 50 deltaga
1328 1255 12 36 i
1369 1256 46 36 de
1445 1255 54 37 uti
1525 1255 329 50 värnpliktslagen
1881 1257 100 36 före-

391 1306 146 37 skrifna
566 1306 178 49 öfningar
785 1311 108 44 samt,
932 1307 128 36 därest
1089 1307 45 37 de
1163 1307 84 37 icke
1284 1308 126 36 blifvit
1436 1308 87 36 från
1552 1308 83 36 sina
1663 1308 277 50 beställningar
1969 1308 12 37 i

388 1359 88 48 laga
518 1359 163 48 ordning
724 1359 135 48 skilda,
901 1359 164 48 fullgöra
1107 1360 111 36 dessa
1260 1360 180 49 öfningar
1467 1361 13 35 i
1506 1360 284 37 innehafvande
1819 1361 161 37 officers-

387 1412 72 35 och
503 1411 367 49 underofficersgrad
916 1417 78 31 mot
1040 1412 126 36 därför
1212 1412 182 49 angifven
1439 1413 256 49 godtgörelse.
1773 1413 206 37 Dessutom

387 1463 119 37 skulle
549 1464 63 35 det
654 1463 127 49 åligga
822 1464 84 36 dem
940 1469 68 41 att,
1048 1467 40 33 så
1120 1464 114 49 länge
1268 1465 45 36 de
1341 1465 177 37 tillhörde
1547 1479 191 33 reserven,
1766 1466 215 49 tjänstgöra

386 1516 65 36 vid
487 1516 228 37 inträffande
753 1516 260 49 mobilisering
1053 1517 71 36 och
1165 1517 12 36 i
1218 1517 87 49 krig
1351 1522 98 32 samt
1484 1517 64 37 vid
1577 1518 117 36 sådan
1722 1518 146 49 öfning,
1898 1532 82 24 som

387 1568 56 36 till
484 1568 211 36 utrönande
737 1569 41 36 af
815 1569 139 35 härens
996 1569 322 49 krigsberedskap
1352 1569 91 37 eller
1470 1570 61 36 för
1557 1570 217 49 utbildning
1801 1572 41 35 af
1866 1571 114 36 bevä-

387 1620 155 48 ringens
571 1620 117 36 andra
716 1621 152 49 uppbåd
896 1620 92 37 eller
1015 1620 259 38 landstormen
1303 1622 75 35 kan
1406 1622 117 37 blifva
1551 1622 201 37 anbefalld.

166 1685 159 23 Underbefäl
344 1685 25 21 af
497 1673 449 49 Underbefälspersonalen
983 1675 46 47 af
1061 1675 210 47 manskapet
1301 1675 11 34 i
1341 1679 243 44 regementes
1614 1674 90 37 eller
1733 1675 87 36 kårs
1849 1688 131 23 reserv

194 1720 145 57 manekape"
388 1725 121 36 skulle
537 1730 157 41 utgöras
724 1726 40 35 af

490 1777 282 49 vicekorpraler
783 1776 346 50 (vicekonstaplar),
1142 1777 196 50 korpraler
1350 1777 367 50 (andrekonstaplar)
1735 1778 70 37 och
1822 1779 157 36 distink-

388 1829 300 49 tionskorpraler
717 1828 384 50 (förstekonstaplar),
1130 1829 129 37 hvilka
1287 1830 64 36 vid
1381 1830 91 37 eller
1501 1830 98 37 efter
1627 1831 146 48 afgång
1800 1831 85 36 från
1904 1831 76 37 fast

388 1881 234 49 anställning
651 1881 149 37 erhållit
827 1881 172 37 tillstånd
1027 1886 54 32 att
1108 1882 148 37 inträda
1283 1883 13 35 i
1325 1882 114 37 sådan
1467 1896 143 34 reserv,
1641 1883 70 36 och

491 1934 269 48 värnpliktige,
791 1947 79 23 som
900 1935 97 35 efter
1025 1934 183 49 fullgjord
1235 1935 593 49 reservunderbefälsutbildning
1854 1935 124 36 befor-

389 1986 104 36 drats
521 1985 59 36 till
607 1985 481 50 underbefälsbeställning
1115 1987 13 35 i
1156 1992 242 43 regementes
1427 1987 92 36 eller
1547 1987 88 36 kärs
1664 2000 140 23 reserv.

492 2038 135 36 Denna
654 2038 423 49 underbefälspersonal
1119 2039 132 46 skulle,
1295 2043 41 33 så
1363 2039 115 49 länge
1507 2039 218 37 densamma
1754 2053 91 23 vore
1873 2040 13 36 1
1914 2040 64 36 be-

389 2090 299 48 värlmngsåldern,
731 2091 154 36 kvarstå
912 2091 12 36 i
952 2091 338 49 truppförbandets
1331 2105 131 23 reserv
1503 2097 97 31 samt
1635 2105 91 23 vara
1754 2091 141 50 pliktig
1923 2097 55 31 att

388 2143 67 36 där
481 2143 216 49 tjänstgöra
735 2143 63 36 vid
833 2143 225 37 inträffande
1097 2143 261 49 mobilisering
1392 2144 70 36 och
1489 2144 12 35 i
1529 2144 87 49 krig
1644 2149 97 32 samt
1768 2144 64 36 vid
1861 2144 116 37 sådan

388 2195 144 49 öfning,
563 2208 81 24 som
673 2195 57 36 till
757 2196 211 36 utrönande
988 2196 41 36 af
1044 2196 138 36 härens
1201 2196 321 49 krigsberedskap
1543 2197 75 35 kan
1636 2196 118 37 blifva
1773 2196 203 46 anbefalld,

388 2248 198 36 äfvensom
615 2252 67 44 att,
711 2252 79 32 mot
826 2248 162 36 särskild
1024 2248 256 49 godtgörelse,
1309 2248 13 36 i
1348 2249 280 42 innehafvande
1662 2249 95 49 grad
1787 2249 150 49 deltaga
1965 2250 12 35 i

388 2300 46 36 de
463 2300 188 48 öfningar,
682 2313 81 23 som
789 2300 13 36 1
830 2301 328 48 värnpliktslagen
1186 2301 262 36 föreskrifvas.
