1902 2820
574 172 273 32 Statsutskottets
874 170 175 32 utlåtande
1074 171 49 30 Nr
1147 173 47 28 359.
1589 164 36 29 21

119 258 66 30 den
206 256 19 31 å
248 258 172 35 1,200,000
440 258 137 35 kronor,
600 258 70 29 dels
691 258 62 29 ock
774 256 19 31 å
814 257 303 36 kapitalbudgeten
1139 256 108 29 under
1270 254 129 30 fonden
1420 254 52 29 för
1494 256 126 27 statens

120 300 108 30 aktier
246 303 46 27 ett
313 299 348 36 reservationsanslag
680 300 49 29 till
748 300 209 29 Tecknande
977 309 42 19 av
1039 298 109 30 aktier
1168 297 9 30 i
1198 297 152 30 Svenska
1369 295 251 36 Penninglotte-

119 342 63 31 riet
200 342 201 36 Aktiebolag
419 341 20 31 å
460 343 137 34 100,000
616 343 128 29 kronor
762 345 88 27 samt
869 342 110 29 under
998 341 128 30 fonden
1146 340 54 30 för
1219 340 111 35 förlag
1348 339 52 30 till
1420 338 199 31 statsverket

119 388 46 27 elt
185 385 348 36 reservationsanslag
554 384 50 31 till
625 385 159 30 Förskott
808 384 19 30 å
848 383 375 32 lotterimedelsfonden
1245 382 20 31 å
1287 382 174 35 3,000,000
1481 382 138 29 kronor.

165 461 62 30 Det
246 471 42 20 av
307 461 122 37 Kungl.
450 460 100 38 Maj:t
568 461 194 36 framlagda
782 461 162 36 förslaget
963 470 57 20 om
1040 459 208 30 inrättandet
1268 467 41 21 av
1330 461 45 27 ett
1396 457 126 37 statligt
1542 466 77 28 pen-

121 512 194 37 ninglotteri
340 521 100 22 anser
463 513 49 37 sig
535 513 163 30 utskottet
724 513 9 29 i
756 512 60 30 allt
840 511 180 37 väsentligt
1046 512 117 29 kunna
1188 510 146 30 biträda.

165 562 152 31 Sålunda
333 564 64 29 har
416 563 164 30 utskottet
599 563 10 29 i
629 562 97 36 fråga
745 572 57 20 om
822 562 55 30 det
897 562 161 30 blivande
1078 561 161 30 lotteriets
1260 563 59 34 typ
1341 559 83 31 intet
1443 561 48 28 att
1510 558 112 31 erinra

121 617 71 27 mot
213 617 46 27 ett
279 613 243 31 bibehållande
544 623 41 21 av
608 614 55 30 det
684 623 25 20 s.
732 614 32 29 k.
787 613 102 30 enkla
912 612 145 30 lotteriet
1081 611 113 31 såsom
1217 611 92 30 form
1331 610 54 30 för
1408 610 137 30 fortsatt
1567 610 55 29 be-

123 665 167 31 drivande
310 675 42 21 av
375 665 394 37 penninglotterirörelse
790 664 9 30 i
823 663 145 37 Sverige.

167 716 225 31 Beträffande
416 716 164 30 lotteriets
604 715 210 36 omfattning
840 715 153 30 ansluter
1018 714 50 36 sig
1091 714 166 29 utskottet
1282 712 51 31 till
1357 713 267 35 departements-

121 766 140 31 chefens
282 766 129 36 förslag
431 766 130 35 därom,
582 768 49 27 att
651 765 122 36 Kungl.
795 764 101 37 Maj:t
918 764 78 30 från
1015 763 125 37 början
1161 763 186 30 fastställer
1368 762 54 30 för
1442 762 93 30 olika
1555 761 68 30 för-

121 816 352 38 säljningsalternativ
496 817 198 30 beräknade
717 816 91 30 fasta
832 815 244 36 lotteriplaner,
1102 814 127 31 mellan
1253 814 93 29 vilka
1369 812 163 31 lotteriets
1557 814 66 35 sty-

122 868 84 31 relse
224 868 88 30 skall
329 869 64 36 äga
410 870 48 28 att
475 866 91 38 välja
584 868 65 29 och
664 867 94 30 inom
776 866 93 30 vilka
887 865 213 37 dragningen
1119 865 87 30 skall
1225 874 79 20 avse
1323 863 95 31 såväl
1437 862 95 31 sålda
1550 872 75 21 som

125 918 119 31 osålda
275 919 111 31 lotter.
432 919 141 30 Liksom
607 917 379 38 departementschefen
1018 916 115 30 finner
1166 916 165 30 utskottet
1364 914 261 36 försiktigheten

121 968 118 38 bjuda,
264 972 49 27 att
335 978 83 21 man
441 968 207 31 åtminstone
672 969 54 29 för
750 969 66 29 den
840 968 174 29 närmaste
1050 966 187 30 framtiden
1272 966 75 29 icke
1383 965 128 30 räknar
1547 963 78 31 med

122 1021 107 29 större
246 1019 271 37 lottförsäljning
535 1021 44 28 än
597 1019 10 30 i
625 1019 160 30 medeltal
799 1019 141 34 325,000
960 1018 98 30 lotter
1077 1017 50 30 till
1145 1015 95 38 varje
1259 1015 178 37 dragning.

166 1070 434 36 Statslotteriutredningen
624 1070 88 30 hade
736 1069 220 30 beträffande
979 1068 218 36 vinstplanen
1222 1066 185 37 föreslagit,
1433 1068 47 27 att
1504 1066 122 35 högsta

122 1121 134 31 vinsten
281 1121 107 31 borde
413 1121 186 30 fastställas
625 1120 50 30 till
701 1120 118 35 50,000
846 1120 139 29 kronor.
1024 1118 180 35 Utskottet,
1232 1127 75 20 som
1332 1117 115 29 finner
1472 1115 154 31 bärande

123 1173 75 30 skäl
219 1173 69 29 tala
310 1172 54 30 för
386 1174 49 28 att
455 1172 121 36 högsta
597 1171 134 30 vinsten
753 1170 75 30 icke
845 1170 208 30 bestämmes
1075 1169 51 30 till
1148 1169 91 36 lägre
1262 1168 126 36 belopp
1410 1168 45 29 än
1478 1169 147 28 motsva-

125 1224 108 30 rande
250 1224 89 29 vinst
359 1223 9 30 i
387 1223 201 30 nuvarande
605 1221 313 38 penninglotterier,
937 1221 187 35 tillstyrker
1140 1217 398 39 departemenischefens
1557 1217 68 30 för-

123 1274 80 36 slag,
226 1276 49 27 att
298 1273 154 30 nämnda
473 1273 90 30 vinst
584 1272 184 30 fastställes
791 1272 50 30 till
866 1272 139 35 100,000
1028 1271 138 29 kronor.

167 1325 13 30 I
201 1324 98 37 fråga
315 1334 58 20 om
393 1324 218 37 vinstplanen
631 1323 10 30 i
662 1323 109 36 övrigt
791 1323 63 29 har
876 1320 380 38 departementschefen
1277 1320 76 30 icke
1374 1318 114 31 funnit
1510 1318 114 30 anled-

125 1376 82 36 ning
225 1375 166 36 föreligga
410 1378 49 27 att
478 1374 132 37 frångå,
633 1375 67 29 vad
721 1384 74 20 som
815 1383 48 20 nu
883 1374 106 35 gäller
1007 1373 10 29 i
1040 1372 97 36 fråga
1158 1382 55 19 om
1234 1372 41 29 de
1297 1370 170 31 särskilda
1486 1370 141 29 vinster-

125 1436 63 21 nas
210 1427 143 30 valörer.
399 1425 171 31 Utskottet
592 1425 59 30 vill
675 1424 190 31 emellertid
888 1424 54 29 för
965 1423 54 30 sin
1043 1423 53 29 del
1120 1422 212 35 ifrågasätta,
1358 1420 173 30 huruvida
1553 1420 76 30 icke

124 1477 185 36 lämpligen
335 1475 86 31 efter
441 1476 120 36 högsta
586 1474 134 30 vinsten
745 1474 107 30 borde
878 1476 169 34 upptagas
1072 1471 57 31 två
1154 1472 128 29 vinster
1308 1470 20 31 å
1355 1471 117 34 50,000
1499 1471 128 29 kronor

123 1528 146 30 vardera
287 1526 79 31 med
386 1526 65 30 den
470 1525 182 37 jämkning
670 1524 19 31 å
708 1524 230 36 vinstplanen,
958 1526 49 27 att
1026 1523 128 29 antalet
1173 1522 127 29 vinster
1320 1520 20 31 å
1364 1521 114 35 10,000
1498 1521 128 29 kronor

125 1578 154 31 minskas
300 1578 79 30 med
397 1587 52 20 en.
494 1577 171 30 Utskottet
683 1577 65 29 har
766 1575 174 36 nämligen
960 1575 65 29 den
1047 1574 192 35 meningen,
1263 1576 48 27 att
1329 1582 42 20 en
1391 1572 95 36 dylik
1505 1571 123 31 anord-

124 1629 82 37 ning
228 1629 110 30 skulle
359 1628 76 30 icke
457 1627 202 35 oväsentligt
682 1626 117 30 stärka
822 1626 56 29 det
902 1625 196 35 föreslagna
1121 1623 249 31 statslotteriets
1395 1622 230 30 konkurrens-

125 1680 95 31 kraft
239 1682 172 34 gentemot
430 1679 42 30 de
490 1678 186 31 utländska
696 1677 208 30 lotterierna.

169 1730 119 31 Såsom
318 1728 380 38 departementschefen
728 1726 202 35 framhållit,
961 1727 63 29 har
1055 1724 427 36 statslotteriutredningen
1513 1722 114 31 såsom

126 1782 105 36 nyhet
250 1781 176 35 föreslagit
445 1780 197 30 införandet
659 1789 41 20 av
718 1779 193 29 halvlotter.
952 1773 93 34 Även
1064 1787 67 25 om,
1149 1776 105 30 vilket
1272 1774 219 36 framhållits,
1509 1784 41 20 en
1569 1774 59 35 dy-

125 1833 47 29 lik
193 1831 213 37 uppdelning
427 1840 41 20 av
489 1831 146 29 lotterna
657 1829 110 30 skulle
789 1829 141 29 komma
952 1830 47 27 att
1022 1827 142 36 fördyra
1186 1826 163 29 lotteriets
1372 1824 254 35 omkostnader,

125 1892 99 21 anser
246 1882 166 30 utskottet
434 1881 88 30 dock
545 1881 119 29 skälen
687 1880 54 29 för
764 1878 238 36 anordningen
1026 1878 10 29 i
1059 1876 98 36 fråga
1180 1886 82 20 vara
1286 1875 37 31 så
1341 1878 98 33 tungt
1462 1874 165 37 vägande,

125 1936 48 28 att
196 1933 165 29 utskottet
386 1932 208 34 förutsätter,
618 1933 49 27 att
691 1930 162 34 förslaget
877 1938 42 20 av
945 1928 122 35 Kungl.
1093 1926 99 36 Maj:t
1218 1930 92 32 tages
1335 1926 110 29 under
1469 1926 159 29 närmare

125 1983 239 37 omprövning.

172 2033 278 31 Vidkommande
479 2031 278 38 organisationen
787 2040 41 21 av
858 2030 56 30 det
943 2029 201 36 ifrågasatta
1173 2027 282 34 lotteriföretaget
1485 2027 64 29 har
1577 2028 51 27 ut-

126 2085 124 30 skottet
273 2084 83 30 intet
378 2086 49 27 att
449 2083 112 30 erinra
584 2085 71 27 mot
677 2084 48 27 att
748 2080 254 36 förvaltningen
1026 2089 42 20 av
1092 2079 191 29 detsamma
1306 2078 195 36 uppdrages
1525 2076 34 30 åt
1582 2078 46 27 ett

125 2135 137 30 särskilt
286 2135 53 29 för
358 2133 197 31 ändamålet
578 2132 108 31 under
710 2134 128 27 statens
862 2130 209 30 medverkan
1096 2129 108 30 stiftat
1229 2128 195 36 aktiebolag
1448 2127 124 29 liksom
1596 2125 30 37 ej

125 2186 105 30 heller
252 2188 71 27 mot
344 2184 304 30 bestämmelserna
669 2183 8 28 i
700 2183 66 28 den
788 2181 195 35 föreslagna
1004 2179 322 35 bolagsordningen.

170 2236 73 29 Vad
273 2234 379 37 departementschefen
685 2232 174 35 föreslagit
889 2230 221 30 beträffande
1153 2228 373 35 lotteribehållningens
1569 2236 58 20 an-

126 2286 175 35 vändning
322 2285 65 29 och
407 2283 219 36 redovisning
646 2283 113 29 finner
779 2282 50 35 sig
849 2281 165 29 utskottet
1036 2280 7 29 i
1065 2280 59 29 allt
1144 2280 83 28 böra
1250 2279 180 35 tillstyrka.
1464 2277 40 36 Ej
1523 2277 105 29 heller

126 2337 63 29 har
210 2336 164 29 utskottet
396 2334 113 30 funnit
531 2333 102 36 något
654 2335 48 27 att
722 2332 113 29 erinra
858 2334 70 26 mot
951 2331 40 29 de
1013 2330 193 34 föreslagna
1230 2329 176 28 formerna
1429 2328 52 28 för
1504 2327 123 29 fördel-

127 2386 124 35 ningen
276 2395 41 20 av
343 2384 249 30 lotterimedlen
617 2383 64 29 och
707 2382 178 36 avstyrker
911 2379 215 37 följaktligen
1149 2379 195 29 inrättande
1370 2388 41 19 av
1436 2387 41 20 en
1503 2376 124 35 ifråga-

127 2439 65 27 satt
215 2436 148 29 särskild
386 2434 209 36 rådgivande
618 2433 140 30 nämnd.

171 2487 73 29 Vad
267 2484 380 38 departementschefen
670 2483 9 29 i
702 2482 108 35 övrigt
836 2481 173 35 föreslagit
1033 2481 8 28 i
1066 2479 94 36 fråga
1185 2489 56 20 om
1266 2478 280 30 lotterirörelsens
1570 2486 57 20 an-

127 2537 178 30 ordnande
324 2537 62 29 har
407 2536 164 30 utskottet
594 2535 130 29 lämnat
747 2535 81 28 utan
852 2532 148 29 erinran.

177 2595 109 30 Bihang
307 2593 41 25 till
369 2593 166 30 riksdagens
559 2591 143 32 protokoll
727 2592 73 22 1938.
837 2591 15 22 6
877 2589 79 24 saml.
997 2589 38 22 Nr
1052 2588 106 24 55—059.
1583 2582 16 24 3

1673 460 127 24 Utskottet.
