1906 2816
302 141 41 47 138
750 150 272 32 Statsutskottets
1049 152 174 31 utlåtande
1248 153 49 31 Nr
1328 155 48 29 59.

346 231 76 31 Vad
440 232 106 36 angår
567 233 190 36 detaljerna
779 235 8 28 i
810 235 265 36 lotteribolagets
1095 236 233 35 organisation
1352 238 94 29 torde
1466 240 128 29 antalet
1616 240 188 30 ledamöter

303 275 191 35 respektive
521 276 221 35 suppleanter
766 277 9 29 i
804 278 164 35 styrelsen
995 279 75 29 icke
1095 279 85 30 böra
1204 280 168 35 överstiga
1399 280 79 30 fem.
1533 281 116 35 Dessa,
1679 282 124 30 liksom

303 317 222 35 revisorerna,
550 318 199 36 förslagsvis
776 318 56 31 två
857 320 50 29 till
932 321 138 34 antalet,
1096 321 97 30 torde
1218 322 156 35 samtliga
1400 323 83 29 böra
1509 326 92 27 utses
1625 323 20 30 å
1670 325 133 35 bolags-

304 360 147 29 stämma
475 360 54 29 för
555 363 46 27 ett
625 360 38 30 år
689 361 9 29 i
724 362 132 29 sänder.
909 362 227 36 Utdelningen
1163 363 20 30 å
1208 364 259 36 aktiekapitalet
1493 366 97 29 torde
1616 366 187 30 tillsvidare

302 402 85 29 böra
406 402 207 30 maximeras
634 403 50 29 till
706 403 77 37 fyra
806 408 150 31 procent.

348 443 129 30 Genom
495 444 65 29 den
579 445 356 36 organisationsform,
957 456 73 21 som
1049 457 47 19 nu
1117 447 153 36 föreslås,
1291 458 99 27 synes
1411 459 80 20 man
1511 449 70 37 mig
1600 450 119 31 kunna
1738 451 64 30 till-

302 486 126 35 godose
449 486 118 30 kravet
588 486 46 36 på
655 488 158 30 effektivt
835 489 127 35 statligt
983 489 193 37 inflytande
1199 490 10 29 i
1231 491 279 35 lotteriföretaget
1532 492 175 36 samtidigt
1729 502 74 20 som

302 537 82 20 man
408 529 180 35 möjliggör
614 539 42 20 en
683 530 61 29 lätt
768 531 211 36 anpassning
1005 532 86 29 efter
1117 532 41 29 de
1183 532 174 30 skiftande
1379 533 266 31 förhållandena
1672 534 44 36 på
1742 536 60 28 lot-

302 570 280 31 terimarknaden
609 572 66 29 och
702 573 85 29 även
812 573 9 29 i
849 573 110 36 övrigt
984 574 91 34 giver
1102 574 163 30 lotteriets
1291 575 138 35 ledning
1456 575 181 37 tillräcklig
1664 577 139 29 rörelse-

302 612 105 30 frihet
432 613 55 29 för
512 614 395 31 lotteriverksamhetens
934 615 263 37 affärsmässiga
1223 617 263 30 handhavande.
1540 617 131 31 Genom
1698 619 105 30 aktie-

302 655 256 35 bolagsformen
582 656 120 30 vinnes
726 658 85 28 även
836 657 179 36 möjlighet
1036 661 49 27 att
1107 659 173 35 upplägga
1304 669 40 19 en
1370 660 221 34 garantifond
1614 661 50 29 till
1690 661 113 30 säker-

303 697 56 29 het
379 697 55 29 för
452 697 191 31 vinsternas
662 699 223 35 utbetalning,
906 700 197 35 varigenom
1124 701 65 29 den
1210 711 47 20 nu
1276 702 159 35 brukliga
1455 702 274 36 bankgarantien
1749 703 55 30 för

303 739 187 30 framtiden
513 741 109 29 skulle
642 741 92 30 bliva
754 742 199 36 överflödig.
1000 742 64 36 Jag
1083 744 153 29 ansluter
1256 743 68 36 mig
1345 744 50 30 till
1416 745 40 29 de
1478 745 235 35 sakkunnigas
1736 746 67 28 för-

303 782 72 35 slag
396 782 10 29 i
428 781 97 36 fråga
545 792 57 20 om
621 783 209 30 inrättandet
852 794 42 19 av
915 794 41 20 en
978 784 108 30 sådan
1107 785 95 30 fond.
1245 785 72 30 Vad
1340 785 106 36 angår
1468 787 171 29 storleken
1659 797 41 20 av
1723 788 79 29 den-

303 833 134 21 samma
458 842 44 2 —
526 825 104 35 enligt
655 826 41 29 de
722 826 235 35 sakkunnigas
982 827 233 35 beräkningar
1240 828 139 35 500,000
1406 829 128 29 kronor
1556 846 44 3 —
1626 830 96 29 torde
1747 830 56 29 det

303 865 37 30 få
370 867 188 30 ankomma
589 866 46 37 på
666 867 120 36 Kungl.
820 868 101 36 Maj:t
949 871 48 28 att
1027 869 212 30 härutinnan
1269 871 134 29 besluta
1432 871 85 29 efter
1548 871 254 36 omständighe-

302 911 106 27 terna.

347 951 64 29 Det
435 951 95 30 torde
554 951 10 30 i
590 952 183 30 huvudsak
797 954 85 29 böra
907 953 169 31 överlåtas
1102 953 45 36 på
1172 954 248 36 lotteribolaget
1446 958 47 26 att
1517 954 44 36 på
1588 956 215 35 lämpligaste

303 993 65 29 sätt
393 994 155 29 anordna
573 994 325 37 lottförsäljningen.
946 996 13 29 I
986 996 362 30 lotterikoncessionen
1375 997 95 30 torde
1496 997 10 29 i
1533 996 123 32 sådant
1681 998 121 30 hänse-

303 1035 86 29 ende
417 1036 119 29 endast
563 1036 85 30 böra
675 1037 173 30 meddelas
874 1040 45 27 ett
949 1039 143 28 allmänt
1120 1038 189 36 åläggande
1338 1039 54 29 för
1418 1040 135 34 bolaget
1581 1043 49 27 att
1656 1041 146 29 anställa

302 1077 357 36 försäljningsombud
667 1073 21 48 i
718 1079 182 36 tillräcklig
925 1080 219 35 omfattning.
1192 1081 52 29 En
1271 1081 65 30 viss
1360 1081 129 36 ökning
1514 1091 42 20 av
1581 1082 128 30 antalet
1734 1082 68 30 för-

302 1119 291 36 säljningsställen
622 1122 120 29 utöver
769 1122 55 29 det
852 1123 201 29 nuvarande
1079 1123 89 29 lärer
1195 1123 9 29 i
1233 1124 170 29 samband
1429 1124 79 29 med
1533 1124 199 35 utgivandet
1760 1134 42 20 av

302 1164 46 27 ett
369 1163 107 29 större
497 1163 93 29 antal
613 1164 100 29 lotter
734 1164 92 30 bliva
845 1163 234 37 ofrånkomlig
1101 1164 114 31 såsom
1238 1168 45 27 ett
1306 1166 54 29 led
1383 1166 9 29 i
1416 1164 204 37 åtgärderna
1642 1166 56 30 för
1719 1167 82 29 stär-

301 1204 114 30 kande
438 1214 42 20 av
501 1205 56 29 det
579 1206 148 29 svenska
750 1206 163 30 lotteriets
935 1207 323 30 konkurrenskraft.

346 1246 13 29 I
382 1245 98 36 fråga
500 1256 57 20 om
578 1247 56 30 det
654 1247 195 35 föreslagna
872 1248 298 34 lotteriföretagets
1234 1249 254 30 inkomster
1529 1251 87 29 och
1658 1251 144 35 utgif-

302 1291 72 27 ter
409 1288 98 36 utgår
523 1288 57 36 jag
600 1288 114 31 såsom
734 1290 143 35 tidigare
896 1291 131 29 berörts
1046 1289 79 31 från
1145 1294 48 26 att
1211 1290 112 36 någon
1346 1292 254 36 stämpelavgift
1622 1292 74 31 icke
1715 1294 87 29 skall

301 1331 163 35 erläggas,
489 1332 164 28 ävensom
676 1334 48 27 att
746 1332 343 36 lotteriaktiebolaget
1113 1333 9 28 i
1147 1334 59 29 allt
1230 1334 179 35 väsentligt
1432 1334 140 35 fritages
1596 1334 78 31 från
1697 1336 104 30 skatt-

302 1373 193 36 skyldighet
518 1373 54 29 för
595 1373 162 30 inkomst.
799 1373 75 30 Vad
896 1373 106 37 angår
1025 1375 220 35 principerna
1267 1375 54 30 för
1345 1375 374 37 lotteribehållningens
1743 1387 58 20 an-

301 1415 176 36 vändning
501 1416 144 29 innebär
672 1416 41 29 de
738 1416 235 36 sakkunnigas
1001 1417 139 35 förslag,
1168 1420 48 27 att
1244 1427 63 21 ena
1331 1418 132 30 hälften
1489 1428 42 20 av
1558 1418 243 37 behållningen

301 1458 110 29 skulle
430 1458 177 29 användas
627 1458 56 29 för
704 1459 219 29 statsverkets
943 1459 111 30 behov
1075 1460 66 28 och
1163 1459 173 31 redovisas
1356 1459 19 31 å
1396 1461 148 29 särskild
1565 1461 235 35 inkomsttitel,

301 1500 125 29 medan
448 1500 64 29 den
533 1500 110 30 andra
662 1500 132 30 hälften
816 1501 110 29 skulle
945 1502 213 30 omedelbart
1177 1501 146 31 tillföras
1343 1512 41 20 en
1405 1512 42 20 av
1468 1503 245 30 statskontoret
1733 1504 68 29 för-

300 1542 117 29 valtad
446 1542 94 35 fond,
568 1542 200 36 förslagsvis
800 1543 176 29 benämnd
1005 1543 386 36 lotterimedelsfonden,
1424 1544 78 31 från
1531 1545 116 30 vilken
1678 1546 122 35 Kungl.

301 1583 100 36 Maj:t
424 1584 108 30 skulle
556 1584 180 35 tillgodose
759 1584 90 31 vissa
872 1585 264 37 allmännyttiga
1161 1585 171 31 ändamål.
1381 1586 268 36 Ifrågavarande
1673 1588 129 36 förslag

300 1627 96 29 torde
418 1627 75 29 leda
515 1627 49 29 till
586 1626 10 30 i
620 1627 182 30 huvudsak
826 1637 134 20 samma
982 1628 141 29 resultat
1145 1637 73 20 som
1241 1629 64 29 den
1329 1630 200 30 nuvarande
1550 1630 249 35 fördelningen,

300 1668 57 30 vid
382 1669 113 29 vilken
522 1669 203 30 statsverket
747 1669 130 35 jämväl
901 1670 143 30 tillföres
1070 1670 151 30 inkomst
1247 1680 41 20 av
1314 1671 145 30 lotteriet
1480 1672 9 29 i
1514 1671 92 30 form
1631 1682 42 20 av
1699 1674 102 28 stäm-

300 1711 178 35 pelmedel.
515 1711 63 35 Jag
596 1711 63 30 har
678 1711 54 30 för
752 1720 81 26 egen
851 1712 54 29 del
923 1712 10 29 i
952 1712 134 36 princip
1106 1712 116 30 funnit
1239 1713 163 35 förslaget
1420 1714 155 35 lämpligt
1594 1715 123 35 avvägt
1735 1714 66 30 och

300 1754 103 34 ägnat
422 1756 57 32 att,
498 1752 209 31 åtminstone
726 1753 9 30 i
755 1757 83 26 stort
858 1757 72 32 sett,
950 1755 115 35 läggas
1083 1754 49 30 till
1152 1755 110 35 grund
1281 1755 54 30 för
1352 1756 111 29 beslut
1481 1765 57 20 om
1557 1755 243 31 lotteribehåll-

299 1795 145 36 ningens
462 1796 253 36 huvudsakliga
733 1796 232 36 användning.
999 1797 13 29 I
1030 1797 186 36 anledning
1232 1807 42 20 av
1291 1798 66 29 vad
1376 1798 244 30 stalskontoret
1636 1799 66 29 och
1716 1799 84 29 riks-

299 1838 334 35 räkenskapsverket
655 1839 116 29 anfört
797 1839 96 29 torde
918 1839 188 29 emellertid
1130 1840 84 29 böra
1240 1840 174 35 tillämpas
1440 1840 89 30 vissa
1553 1839 79 31 från
1657 1841 42 29 de
1724 1841 76 30 sak-

299 1880 170 36 kunnigas
493 1879 214 37 ståndpunkt
730 1881 193 29 avvikande
943 1881 149 35 grunder
1114 1881 54 29 för
1192 1882 366 30 lotteriinkomsternas
1581 1883 220 34 redovisning

297 1923 64 29 och
386 1922 209 36 behandling
620 1922 10 30 i
655 1923 192 29 riksstaten.
886 1922 62 31 Det
973 1924 96 29 torde
1095 1923 146 30 sålunda
1266 1934 41 19 ur
1332 1924 264 36 budgetteknisk
1622 1925 176 37 synpunkt

297 1973 79 21 vara
403 1964 164 36 riktigast,
595 1967 48 27 att
668 1965 76 29 hela
770 1965 366 36 lotteribehållningen,
1164 1966 223 30 allteftersom
1413 1968 65 29 den
1504 1967 218 31 inlevererats
1748 1967 50 30 till

297 2008 252 33 statskontoret,
569 2016 41 20 av
629 2007 214 30 sistnämnda
862 2008 215 30 ämbetsverk
1096 2008 242 36 uppdebiteras
1357 2009 19 30 å
1396 2009 146 30 särskild
1561 2009 235 31 inkomsttitel.

297 2049 123 30 Vidare
449 2058 98 27 synes
576 2050 56 29 det
658 2050 135 36 belopp,
819 2059 74 20 som
920 2060 41 20 av
989 2050 249 31 lotterimedlen
1264 2051 129 36 årligen
1421 2052 87 29 skall
1534 2062 96 20 avses
1658 2053 53 29 för
1738 2053 59 29 all-

296 2092 129 29 männa
451 2091 300 36 budgetändamål,
779 2092 185 37 lämpligen
993 2093 84 30 böra
1104 2094 208 30 bestämmas
1340 2094 50 30 till
1417 2104 41 21 en
1484 2095 68 29 fast
1580 2104 136 21 summa
1743 2095 54 30 för

295 2133 175 36 budgetår.
506 2134 67 29 För
595 2133 266 37 tillgodoseende
884 2144 124 27 genom
1032 2136 122 35 Kungl.
1178 2136 116 36 Maj:ts
1319 2137 132 35 försorg
1473 2146 42 21 av
1538 2136 91 32 vissa
1653 2138 143 29 allmän-

295 2176 130 35 nyttiga
448 2176 162 30 ändamål
633 2178 109 29 skulle
766 2177 43 30 då
832 2177 125 31 återstå
981 2178 66 30 den
1070 2179 55 29 del
1146 2188 42 20 av
1212 2179 363 36 lotteribehållningen,
1602 2190 73 20 som
1702 2181 93 29 Över-

295 2217 131 36 skjuter
445 2219 152 29 nämnda
616 2219 134 37 belopp.
782 2220 120 29 Denna
921 2220 54 30 del
994 2221 62 29 bör
1075 2222 150 29 avsättas
1245 2221 51 30 till
1315 2222 65 29 den
1400 2221 193 37 föreslagna
1613 2222 183 30 lotterime-

295 2260 212 30 delsfonden.
545 2261 246 36 Avsättningen
817 2271 100 27 synes
943 2263 84 30 böra
1052 2264 60 29 ske
1136 2263 43 37 på
1206 2263 37 30 så
1268 2264 75 34 sätt,
1370 2267 47 27 att
1444 2264 198 30 månadsvis
1670 2267 45 28 ett
1740 2265 55 30 be-

293 2301 91 38 lopp,
402 2304 241 30 motsvarande
662 2304 193 30 skillnaden
875 2306 125 29 mellan
1018 2305 20 30 å
1057 2315 62 20 ena
1138 2306 99 29 sidan
1255 2315 161 21 summan
1435 2316 41 21 av
1494 2307 110 30 under
1622 2307 172 30 månaden

294 2343 229 32 inlevererade
547 2345 223 31 lotterimedel
793 2348 64 28 och
881 2347 18 30 å
923 2348 108 30 andra
1053 2348 99 29 sidan
1176 2358 41 20 en
1240 2349 153 30 tolftedel
1415 2359 41 20 av
1480 2350 237 36 nyssnämnda
1741 2350 54 30 för

293 2386 176 31 allmänna
491 2388 291 35 budgetändamål
805 2390 108 29 under
936 2390 200 36 budgetåret
1159 2391 148 30 avsedda
1329 2392 133 36 belopp,
1487 2401 41 21 av
1551 2393 244 29 statskontoret

294 2428 143 31 tillföres
469 2430 128 30 fonden
627 2432 81 29 över
737 2434 45 27 ett
812 2432 109 30 under
951 2432 115 31 tionde
1097 2433 217 30 huvudtiteln
1345 2434 141 37 uppfört
1517 2434 277 37 förslagsanslag,

294 2470 164 33 benämnt
480 2472 202 38 Avsättning
705 2474 50 30 till
780 2475 385 31 lotterimedelsfonden.
1199 2476 48 30 Av
1272 2477 55 30 det
1352 2478 104 35 sagda
1481 2477 154 38 framgår
1657 2480 48 28 att
1727 2477 67 38 jag,
