1892 2828
322 173 20 28 6
508 172 110 28 Första
636 173 199 27 kammarens
867 174 109 27 andra
1037 175 155 34 tillfälliga
1211 175 132 27 utskotts
1363 175 159 28 utlåtande
1541 185 37 18 nr
1599 177 26 26 6.

366 253 226 31 Beträffande
620 253 125 40 frågan
771 264 56 21 om
854 254 414 40 pensionsårsberäkning
1295 265 101 22 anser
1422 258 176 37 styrelsen,
1627 260 50 28 att
1705 257 109 32 sådan

322 298 175 38 knappast
519 299 69 30 kan
610 299 142 31 komma
775 300 10 29 i
809 299 100 39 fråga
932 300 56 30 för
1010 310 89 20 ovan
1122 300 233 32 omförmälda
1379 302 127 35 läkare,
1531 302 56 30 för
1610 302 37 31 så
1671 303 63 30 vitt
1757 304 55 29 de-

322 351 135 22 samma
480 343 75 30 icke
578 343 193 31 tillerkänts
793 345 68 29 rätt
883 344 52 30 till
960 344 357 40 tjänstårsberäkning
1339 346 71 31 lika
1433 347 80 30 med
1537 347 102 31 civila
1661 348 120 30 läkare
1802 349 11 29 i

322 389 129 28 statens
474 386 114 39 tjänst.

365 428 80 33 Med
467 431 186 40 anledning
673 442 43 21 av
736 435 50 28 att
805 433 258 32 motionärerna
1085 435 138 29 särskilt
1243 434 166 39 åberopat
1430 435 267 32 förhållandena
1716 437 96 30 inom

321 474 225 31 Norrbottens
568 476 68 35 län,
659 476 62 30 ber
743 478 164 37 styrelsen
930 476 37 31 få
988 478 198 30 överlämna
1209 478 10 30 i
1244 478 147 31 avskrift
1415 479 72 30 dels
1508 489 44 20 en
1575 480 164 31 skrivelse
1762 480 51 30 till

320 520 168 37 styrelsen
509 521 66 29 den
597 522 14 28 1
636 521 145 31 oktober
804 523 80 29 1941
909 522 81 31 från
1012 522 222 32 Norrbottens
1256 525 76 30 läns
1352 525 193 38 landstings
1567 526 244 38 förvaltnings-

319 565 134 30 utskott
475 564 177 39 angående
676 565 196 32 inrättande
896 577 43 20 av
963 568 90 30 vissa
1076 577 68 29 nya
1169 569 202 37 provinsial-
1397 570 65 30 och
1487 572 96 29 extra
1608 570 202 38 provinsial-

319 609 239 31 läkardistrikt
587 610 97 30 inom
715 611 92 30 länet
836 612 165 30 ävensom
1033 612 235 32 förordnande
1298 613 20 31 å
1349 613 57 31 två
1437 617 92 28 orter
1559 615 178 31 därstädes
1769 625 42 21 av

317 655 97 27 extra
440 653 126 36 läkare,
591 653 72 31 dels
687 655 65 30 ock
775 657 45 28 ett
844 664 42 21 av
910 656 244 38 länsstyrelsen
1178 657 10 29 i
1213 657 153 30 nämnda
1391 658 59 30 län
1474 658 66 30 den
1564 660 19 28 2
1606 668 93 21 mars
1727 660 83 29 1942

318 698 148 30 däröver
487 699 133 38 avgivet
643 701 168 37 yttrande.
848 700 352 40 Medicinalstyrelsen
1222 703 154 30 ansluter
1399 704 51 37 sig
1472 704 52 29 till
1547 705 263 38 länsstyrelsens

317 743 12 28 i
347 743 155 31 nämnda
521 745 159 36 yttrande
700 746 151 29 uttalade
869 746 142 38 mening
1029 749 57 33 att,
1106 747 109 30 innan
1232 746 107 39 några
1359 748 182 31 definitiva
1558 748 161 39 åtgärder
1738 749 71 31 vid-

319 790 96 35 tagas
434 788 11 29 i
464 787 180 39 ifrågasatt
661 789 162 39 riktning,
844 799 43 21 en
906 791 185 38 utredning
1108 792 64 29 bör
1189 792 142 31 komma
1350 793 51 29 till
1420 792 101 31 stånd
1541 793 88 30 efter
1647 795 42 29 de
1708 794 103 38 linjer

317 831 246 39 länsstyrelsen
585 833 139 38 angivit.
762 833 351 40 Medicinalstyrelsen
1138 836 115 31 finner
1276 838 57 29 det
1357 838 166 30 önskvärt
1546 841 49 28 att
1620 839 114 30 denna
1758 841 50 27 ut-

317 876 148 38 redning
481 877 135 38 infogas
634 888 75 20 som
726 882 46 27 ett
790 880 54 29 led
861 880 11 29 i
890 880 68 29 den
974 890 42 20 av
1035 881 165 37 styrelsen
1218 880 184 39 påkallade
1418 883 229 38 utredningen
1665 893 57 20 om
1740 883 68 31 för-

317 919 179 32 hållandet
521 923 127 29 mellan
676 924 111 29 sluten
813 924 65 29 och
904 925 115 37 öppen
1044 925 166 38 sjukvård
1238 926 56 30 för
1318 926 79 31 hela
1424 926 76 31 vårt
1525 928 99 30 lands
1652 928 156 30 vidkom-

317 966 137 35 mande,
477 966 65 30 och
564 966 55 30 får
641 968 166 37 styrelsen
827 968 10 29 i
859 969 93 30 detta
975 970 168 30 avseende
1163 970 145 31 hänvisa
1332 971 51 29 till
1405 972 67 29 vad
1495 982 42 20 av
1559 973 168 37 styrelsen
1749 982 58 21 an-

317 1008 87 31 förts
429 1010 11 29 i
465 1011 42 29 de
531 1011 182 30 skrivelser
737 1013 66 29 den
827 1013 20 29 9
871 1012 154 31 februari
1050 1014 65 30 och
1139 1015 68 29 den
1232 1015 41 29 28
1298 1017 194 36 september
1518 1017 83 29 1939
1627 1020 89 27 samt
1741 1018 68 30 den

316 1054 42 29 29
375 1054 146 30 oktober
539 1055 93 36 1940,
650 1056 93 31 vilka
760 1057 64 29 här
839 1057 137 39 bifogas
994 1058 11 30 i
1021 1059 146 30 avskrift
1184 1060 192 38 respektive
1393 1063 181 28 transumt.
1605 1060 110 40 Något
1733 1061 75 31 skäl

315 1100 49 28 att
384 1098 170 39 begränsa
573 1101 230 38 utredningen
823 1101 45 39 på
889 1103 68 30 sätt
976 1103 256 32 motionärerna
1252 1104 191 39 ifrågasatt,
1466 1114 101 22 anser
1587 1107 167 37 styrelsen
1776 1107 31 38 ej

316 1142 177 39 föreligga.

359 1187 14 29 I
396 1187 305 40 handläggningen
723 1199 43 21 av
787 1191 92 30 detta
902 1192 128 30 ärende
1052 1192 90 31 hava
1165 1193 141 39 deltagit
1329 1195 336 37 generaldirektören
1689 1195 117 39 Höjer,

314 1231 284 33 medicinalrådet
622 1233 106 37 Edén,
754 1234 261 40 föredragande,
1039 1241 88 27 samt
1150 1238 285 31 medicinalrådet
1458 1239 151 38 Byttner.

359 1293 202 32 Stockholm
584 1296 67 30 den
676 1296 39 29 12
738 1306 92 22 mars
856 1298 94 30 1942.

887 1378 29 30 J.
936 1378 117 30 AXEL
1072 1374 156 37 HÖJER.

400 1435 115 30 EINAR
540 1437 112 30 EDÉN.

1403 1485 122 35 /Einar
1545 1489 169 40 Hedberg.

1580 1704 120 40 Bilaga
1721 1706 35 30 B.

354 1812 49 31 På
423 1814 112 37 grund
553 1823 42 21 av
613 1814 121 31 remiss
752 1815 64 30 har
834 1816 246 30 statskontoret
1098 1820 49 27 att
1166 1818 50 29 till
1237 1817 90 31 Eder
1344 1819 180 35 inkomma
1543 1822 80 29 med
1642 1823 160 37 yttrande

310 1858 81 29 över
411 1866 44 21 en
475 1858 95 30 inom
590 1858 202 39 riksdagens
814 1859 109 31 första
945 1860 178 32 kammare
1144 1862 102 31 väckt
1266 1863 133 31 motion
1427 1864 54 38 (nr
1500 1865 53 38 68)
1583 1876 56 20 om
1662 1868 68 29 rätt
1751 1867 50 30 till

309 1901 120 38 tjänst-
453 1903 65 29 och
540 1903 415 40 pensionsårsberäkning
978 1905 55 30 för
1053 1906 200 32 chefläkare
1276 1908 57 30 vid
1356 1908 190 40 sjukstuga.
1583 1910 78 31 Med
1684 1912 116 30 anled-

308 1946 84 38 ning
413 1946 109 31 härav
545 1946 54 31 får
620 1948 253 31 ämbetsverket
894 1949 125 31 anföra
1041 1950 164 39 följande.

353 1990 14 29 I
383 1991 178 31 motionen
578 1992 65 30 har
659 1992 203 39 föreslagits,
881 1997 50 27 att
948 1994 185 39 riksdagen
1150 1996 111 30 skulle
1276 1997 12 29 i
1306 1998 164 31 skrivelse
1487 1999 50 30 till
1556 1999 123 39 Kungl.
1700 1996 101 48 Maj:t

307 2034 194 37 hemställa,
525 2039 49 27 att
597 2036 124 39 Kungl.
746 2036 100 40 Maj:t
868 2037 108 32 måtte
998 2038 70 32 låta
1090 2041 131 35 utreda,
1246 2041 183 37 huruvida,
1454 2043 10 30 i
1488 2044 116 30 vilken
1628 2044 83 31 mån
1734 2044 65 31 och

307 2078 44 39 på
370 2079 107 31 vilket
496 2081 66 29 sätt
580 2080 160 39 åtgärder
758 2082 106 31 borde
884 2083 65 30 och
969 2084 116 31 kunde
1104 2085 164 38 vidtagas,
1290 2085 37 32 så
1346 2090 49 27 att
1414 2088 128 36 läkare,
1563 2098 75 21 som
1658 2091 141 37 antoges

307 2124 50 29 till
376 2124 201 32 chefläkare
597 2126 57 30 vid
673 2126 189 39 sjukstuga,
885 2137 75 21 som
980 2130 90 36 regel
1089 2130 129 30 erhölle
1237 2131 67 30 rätt
1325 2132 51 29 till
1395 2132 120 38 tjänst-
1537 2134 65 29 och
1621 2135 177 37 pensions-

306 2167 252 41 årsberäkning
577 2170 87 30 efter
684 2171 239 39 ungefärligen
943 2182 133 21 samma
1098 2175 158 36 grunder,
1279 2185 74 20 som
1375 2177 89 37 gälla
1485 2177 55 30 för
1559 2178 102 31 civila
1680 2179 120 30 läkare

307 2214 78 29 med
411 2213 243 38 tjänstårsrätt,
682 2216 88 29 även
794 2225 57 21 om
876 2217 154 30 nämnda
1056 2217 303 39 sjukstuguläkare
1382 2221 77 30 icke
1483 2221 173 32 innehade
1682 2232 117 22 annan

306 2257 205 39 befattning,
531 2268 74 21 som
625 2259 213 39 berättigade
856 2261 51 30 till
928 2262 106 38 sagda
1054 2261 148 32 förmån.

349 2301 262 38 Statskontoret,
646 2313 75 21 som
754 2305 210 36 förutsätter,
998 2309 49 28 att
1079 2308 217 31 motionären
1327 2310 222 31 beträffande
1582 2310 125 39 frågan
1740 2323 58 20 om

305 2345 404 42 tjänstårsberäkningen
742 2348 130 40 åsyftat
905 2351 69 30 rätt
1008 2351 55 31 för
1096 2352 303 39 sjukstuguläkare
1433 2357 50 28 att
1517 2355 57 31 vid
1608 2356 190 30 befordran

304 2391 112 31 räkna
435 2391 147 38 tjänstår
598 2393 72 31 lika
687 2395 79 29 med
784 2394 101 32 civila
903 2396 119 30 läkare
1039 2397 10 29 i
1068 2399 128 29 statens
1215 2398 116 38 tjänst,
1352 2398 55 32 får
1424 2401 79 29 med
1524 2402 169 29 avseende
1710 2400 87 32 härå

305 2435 123 36 erinra,
462 2439 48 27 att
539 2436 137 38 jämlikt
706 2438 40 30 57
777 2436 21 41 $
829 2440 131 30 allmän
989 2441 310 32 läkarinstruktion
1329 2444 68 30 den
1429 2445 39 29 19
1499 2445 182 31 december
1713 2446 84 30 1930

310 2479 53 38 (nr
384 2480 76 39 442)
488 2480 95 39 dylik
605 2483 68 29 rätt
695 2482 219 38 tillkommer,
938 2485 106 30 bland
1067 2487 119 35 andra,
1210 2488 76 35 den,
1310 2497 75 21 som
1408 2499 42 21 av
1474 2489 123 39 Kungl.
1620 2490 102 39 Maj:t
1744 2494 51 27 ut-
