1908 2792
559 148 292 35 Statsutskottets
874 146 182 36 utlåtande
1080 158 42 24 nr
1143 152 74 30 112.
1615 150 19 30 7

848 231 17 40 8
894 232 53 31 16.

188 293 109 33 Detta
315 292 92 34 avtal
424 292 98 34 berör
539 292 29 42 ej
589 291 64 35 den
671 295 81 37 rätt,
769 291 120 34 staden
905 291 102 42 enligt
1025 291 93 42 eljest
1137 291 153 42 gällande
1307 290 254 34 bestämmelser
1578 291 57 33 må

144 342 62 39 äga
224 341 51 30 att
293 337 122 34 erhålla
434 336 207 43 statsbidrag
658 336 48 34 till
725 336 195 42 sjukhusets
936 335 213 43 uppförande
1165 335 64 34 och
1247 335 93 35 drift.

188 399 199 35 Stockholm
407 400 63 34 den
491 403 16 30 1
529 399 179 34 december
729 402 99 32 1947.

701 461 68 34 För
788 461 144 34 svenska
953 464 123 30 staten:

758 515 76 35 Nils
852 515 162 34 Löwbeer

188 571 134 34 Anders
341 570 88 35 Örne
542 570 108 34 Gösta
669 569 144 35 Forssell
922 569 88 35 Karl
1033 569 173 35 Wistrand
1316 568 47 34 H.
1384 568 208 42 Bergstrand

683 632 68 33 För
771 631 216 35 Stockholms
1008 631 88 34 stad:

732 685 133 34 Harald
885 686 160 33 Mårtens

144 740 102 35 Knut
261 740 179 34 Anderson
467 739 110 43 Helge
592 739 174 43 Berglund
793 738 78 35 Nils
887 739 162 34 Hansson
1088 738 111 36 K.G.
1219 738 111 33 Tham
1367 738 66 33 Per
1453 737 185 35 Wetterdal

191 829 249 43 Förslaget
389 823 77 53 till
478 829 160 34 avtal
675 828 112 34 med
822 828 367 35 Stockholms
1225 827 122 35 stad
1383 827 255 43 angående

146 883 339 42 försäljning
518 883 97 33 till
650 882 179 34 staden
856 894 56 21 av
939 881 272 34 stiftelsen
1237 880 401 35 serafimerlasa-

148 941 212 30 rettets
394 936 360 43 fastigheter
781 931 56 52 har
859 935 147 43 följande
1027 935 140 43 lydelse.

191 1007 118 34 Under
334 1005 246 44 förutsättning
606 1009 52 31 att
685 1018 40 23 en
752 1006 110 34 denna
890 1006 67 43 dag
983 1006 124 35 mellan
1134 1010 270 38 representanter
1430 1005 54 34 för
1510 1005 129 43 Kungl.

148 1052 106 42 Maj:t
276 1052 64 34 och
362 1052 131 33 kronan
516 1056 91 29 samt
630 1051 216 35 Stockholms
868 1051 78 34 stad
970 1050 127 35 träffad
1120 1050 324 34 överenskommelse
1467 1050 174 42 angående

148 1097 187 43 upplåtelse
352 1109 43 21 av
414 1096 245 43 Sabbatsbergs
677 1096 143 42 sjukhus
837 1095 52 34 för
907 1095 66 34 den
991 1095 208 34 medicinska
1218 1094 282 43 undervisningen
1520 1095 121 33 varder

147 1143 71 33 före
235 1142 66 33 den
321 1145 15 30 1
356 1141 74 43 juni
450 1144 88 31 1948
556 1141 160 43 godkänd
734 1153 44 21 av
796 1140 129 43 Kungl.
944 1140 109 42 Maj:t
1072 1140 63 33 och
1153 1139 177 43 riksdagen
1349 1144 88 29 samt
1458 1151 43 22 av
1520 1139 119 35 Stock-

148 1187 109 34 holms
272 1186 310 42 stadsfullmäktige
596 1197 121 31 genom
733 1185 121 40 beslut,
869 1197 73 22 som
959 1185 117 33 vinner
1092 1185 76 42 laga
1181 1184 103 41 kraft,
1299 1184 61 34 har
1375 1184 119 34 mellan
1512 1184 128 42 Kungl.

148 1231 109 43 Maj:t
281 1231 64 34 och
368 1231 132 34 kronan
524 1231 64 33 och
614 1230 164 34 stiftelsen
803 1229 366 41 Serafimerlasarettet,
1193 1230 112 33 nedan
1329 1229 133 34 kallade
1486 1229 155 42 säljaren,

148 1280 21 31 å
189 1289 75 28 ena,
284 1281 90 29 samt
396 1275 215 35 Stockholms
633 1275 88 40 stad,
742 1275 112 33 nedan
875 1274 114 34 kallad
1010 1274 162 42 köparen,
1194 1275 20 33 å
1236 1274 105 33 andra
1364 1274 107 40 sidan,
1493 1273 148 41 träffats,

148 1322 106 34 under
271 1321 65 34 den
353 1321 195 43 ytterligare
563 1319 255 43 förutsättning,
835 1331 73 22 som
925 1319 111 34 nedan
1054 1320 11 34 i
1084 1320 17 42 $
1122 1322 19 30 9
1160 1318 148 44 angives,
1325 1318 149 43 följande

812 1408 162 34 Avtal

866 1481 17 42 8
912 1483 31 31 1.

193 1544 152 43 Säljaren
362 1544 168 34 överlåter
546 1543 50 34 till
613 1543 150 42 köparen
781 1543 78 33 med
878 1542 61 34 full
958 1542 199 42 äganderätt
1175 1541 239 43 fastigheterna
1432 1541 68 34 nris
1520 1545 32 37 2,
1570 1545 33 37 3,
1621 1544 20 30 4

150 1590 63 34 och
236 1593 20 30 8
279 1590 10 34 i
311 1589 174 34 kvarteret
508 1588 167 34 Pilträdet
700 1589 90 33 inom
814 1587 234 43 Kungsholms
1072 1587 197 42 församling
1291 1587 10 33 i
1326 1586 217 34 Stockholms
1567 1586 76 34 stad

150 1635 51 34 för
221 1646 42 22 en
283 1634 222 43 köpeskilling
527 1645 43 22 av
592 1634 75 33 åtta
690 1632 155 42 miljoner
870 1633 34 42 (8
919 1635 65 30 000
999 1633 81 41 000)
1106 1631 135 41 kronor,
1265 1631 86 34 dock
1374 1635 52 30 att
1448 1630 76 35 från
1547 1634 95 31 över-

150 1679 135 35 låtelsen
309 1679 211 42 undantages
542 1677 369 35 Serafimerlasarettets
933 1677 59 34 vid
1017 1676 325 43 Hantverkargatan
1365 1676 141 43 belägna
1532 1676 111 43 gamla

151 1724 327 42 huvudentréportal
508 1723 80 34 med
620 1722 199 34 tillhörande
851 1721 303 43 entrébyggnader,
1186 1721 112 33 vilken
1329 1721 186 34 emellertid
1549 1720 95 40 skall,

152 1770 109 33 därest
283 1769 29 42 ej
336 1773 105 30 annat
461 1768 123 34 mellan
607 1767 269 43 avtalsparterna
897 1766 306 41 överenskommes,
1225 1778 44 22 av
1288 1765 131 34 kronan
1440 1765 72 34 före
1535 1766 66 34 den
1625 1769 15 29 1

150 1814 133 42 januari
305 1817 86 30 1963
411 1825 84 22 vara
513 1811 149 35 därifrån
680 1811 165 34 bortförd.

868 1883 17 42 8
905 1883 39 42 2.

195 1946 152 43 Säljaren
363 1949 77 39 äger
453 1949 72 30 rätt
541 1949 52 30 att
608 1944 84 35 intill
709 1945 65 33 den
791 1948 15 29 1
824 1944 134 42 januari
976 1947 84 30 1961
1079 1946 84 31 utan
1178 1943 187 42 ersättning
1379 1942 72 34 fritt
1468 1942 176 42 disponera

152 1996 81 30 över
254 1992 42 33 all
318 1992 10 34 i
349 1991 97 34 detta
467 1990 95 34 avtal
584 1989 171 34 överlåten
777 1988 164 43 egendom
962 1988 53 34 för
1037 1988 170 40 ändamål,
1229 1987 90 34 vilka
1342 1998 93 23 avses
1458 1988 9 33 i
1490 1987 155 42 gällande

153 2036 251 35 bestämmelser
424 2034 175 44 angående
620 2033 371 35 Serafimerlasarettets
1011 2032 82 34 drift
1115 2045 46 22 m.
1183 2045 46 21 m.
1251 2035 158 31 ävensom
1432 2035 51 30 att
1507 2032 138 41 vidtaga

153 2082 125 34 sådana
303 2080 148 35 ändrade
474 2079 245 43 dispositioner,
744 2078 90 34 vilka
859 2077 189 34 föranledas
1073 2090 44 21 av
1141 2077 105 42 sagda
1268 2077 263 33 bestämmelser.
1556 2077 89 32 Där-

152 2130 120 30 utöver
292 2126 52 33 för
364 2125 276 34 verksamhetens
662 2122 283 43 ändamålsenliga
966 2122 208 34 bedrivande
1195 2121 193 34 önskvärda
1412 2121 234 42 dispositioner

154 2170 211 35 beträffande
388 2170 41 33 de
452 2169 177 33 överlåtna
653 2168 243 42 fastigheterna
918 2167 59 33 må
1000 2167 79 33 bero
1105 2179 44 21 av
1172 2165 325 34 överenskommelse
1523 2165 122 34 mellan

153 2216 126 40 köpare
299 2214 62 33 och
382 2213 131 42 säljare.

198 2259 123 33 Därest
344 2259 44 41 på
409 2257 108 43 grund
541 2269 43 21 av
606 2256 299 42 omständigheter,
926 2258 82 30 över
1029 2255 90 32 vilka
1140 2258 158 38 parterna
1320 2253 72 34 icke
1412 2254 117 33 kunna
1551 2253 95 39 råda,

154 2302 118 35 hinder
296 2306 110 30 möter
430 2305 51 30 att
506 2301 72 33 före
601 2300 150 34 nämnda
778 2300 63 33 den
869 2303 15 29 1
911 2299 133 42 januari
1072 2302 84 29 1961
1184 2298 71 34 helt
1280 2298 77 33 eller
1381 2298 48 33 till
1456 2298 111 41 någon
1594 2297 51 33 del

154 2347 208 42 färdigställa
387 2358 69 30 nya
481 2345 127 33 lokaler
633 2345 51 32 för
710 2344 64 34 den
799 2343 209 34 medicinska
1032 2342 253 42 undervisning,
1311 2354 71 21 som
1409 2342 153 33 bedrives
1589 2341 57 33 vid

154 2392 363 40 Serafimerlasarettet,
542 2389 172 33 förbinder
738 2389 49 41 sig
811 2388 150 42 köparen
988 2391 63 36 att,
1075 2387 48 33 till
1150 2387 73 33 dess
1250 2386 125 34 sådana
1401 2386 125 33 lokaler
1551 2386 96 33 blivit

155 2435 229 44 färdigställda
408 2435 64 33 och
497 2433 282 41 undervisningen
807 2433 50 34 dit
882 2432 230 42 överflyttats,
1144 2431 3 33 i
1173 2430 240 34 motsvarande
1439 2430 209 42 omfattning

157 2484 108 32 såsom
287 2480 202 34 huvudman
510 2478 181 43 uppehålla
712 2476 266 44 sjukhusdriften
999 2476 58 33 vid
1079 2475 354 35 Serafimerlasarettet
1455 2475 78 34 med
1555 2475 91 33 bibe-
