1860 2790
531 172 330 36 Bevillningsutskottets
882 174 175 31 betänkande
1077 186 38 19 nr
1138 177 48 28 36.
1598 179 15 29 1

766 424 61 41 Nr
858 425 66 41 36.

408 528 411 40 Bevillningsutskottets
860 532 221 31 betänkande
1122 534 11 29 i
1172 534 192 40 anledning
1403 545 42 20 av
1485 536 128 39 Kungl.

497 589 126 40 Maj:ts
662 592 221 38 proposition
923 593 81 30 med
1041 593 134 40 förslag
1216 594 53 30 till
1306 595 211 40 förordning
1555 605 55 21 om

499 650 136 30 ändrad
662 651 131 39 lydelse
820 661 43 20 av
889 653 20 28 9
939 653 16 36 $
982 653 256 40 förordningen
1266 655 67 29 den
1362 655 39 30 17
1429 656 184 30 december

500 710 84 29 1948
623 711 61 33 (nr
709 711 81 34 766)
828 713 181 38 angående
1047 714 159 39 taxering
1240 715 64 30 och
1340 715 196 40 debitering
1569 726 43 20 av

497 770 97 29 skatt
619 771 57 29 vid
699 772 153 39 ändring
876 773 12 29 i
911 772 210 31 kommunal
1144 774 84 30 eller
1253 774 225 32 ecklesiastik
1503 776 110 30 indel-

496 831 95 38 ning,
617 841 46 20 m.
688 841 47 20 m.

150 930 12 29 I
184 940 44 20 en
249 931 68 29 den
338 931 20 29 4
379 932 90 39 april
493 932 84 30 1952
599 934 232 39 dagtecknad,
854 936 53 29 till
928 936 388 40 bevillningsutskottet
1336 938 174 31 hänvisad
1532 948 79 31 pro-

93 982 165 40 position,
281 992 42 19 nr
345 983 75 34 217,
442 984 66 29 har
531 985 126 39 Kungl.
681 986 118 39 Maj:t,
824 988 113 29 under
960 987 222 41 åberopande
1206 998 43 21 av
1272 990 266 39 propositionen
1560 991 51 30 bi-

92 1034 72 39 lagt
181 1035 128 38 utdrag
326 1044 42 20 av
387 1035 389 41 statsrådsprotokollet
793 1039 83 29 över
895 1038 279 32 finansärenden
1192 1040 56 31 för
1268 1050 137 22 samma
1423 1042 77 39 dag,
1520 1042 91 31 före-

93 1086 103 39 slagit
219 1086 192 40 riksdagen
436 1089 52 27 att
512 1089 129 38 antaga
664 1089 59 30 vid
748 1090 268 39 propositionen
1040 1091 98 40 fogat
1163 1092 134 40 förslag
1322 1093 53 30 till
1401 1093 210 41 förordning

93 1146 57 21 om
170 1137 137 30 ändrad
327 1138 131 39 lydelse
479 1148 43 20 av
541 1139 19 29 9
582 1139 16 37 8
619 1140 256 40 förordningen
895 1142 69 30 den
985 1142 38 30 17
1045 1143 184 30 december
1251 1144 85 30 1948
1362 1145 59 33 (nr
1443 1145 80 35 766)
1549 1155 61 21 an-

92 1189 133 40 gående
261 1190 160 40 taxering
457 1191 66 29 och
560 1191 196 41 debitering
792 1202 42 20 av
872 1194 96 29 skatt
993 1194 58 30 vid
1077 1195 152 40 ändring
1254 1196 11 29 i
1291 1196 209 31 kommunal
1526 1198 84 30 eller

92 1241 227 30 ecklesiastik
338 1241 194 41 indelning,
554 1252 46 20 m.
622 1253 45 20 m.

147 1293 164 30 Rörande
337 1293 421 41 författningsförslagets
786 1297 132 38 lydelse
945 1297 129 30 tillåter
1102 1298 52 40 sig
1181 1299 173 30 utskottet
1379 1301 150 31 hänvisa
1556 1302 53 29 till

91 1345 267 39 propositionen
385 1345 44 34 (s.
453 1345 53 34 2).

145 1446 231 31 Beträffande
410 1448 286 40 propositionens
731 1449 261 41 huvudsakliga
1029 1452 158 30 innehåll
1221 1453 59 30 må
1316 1454 64 29 här
1416 1455 192 30 anmärkas

91 1498 170 39 följande.

145 1550 73 29 Har
247 1550 11 29 i
288 1551 173 30 samband
489 1552 80 29 med
598 1552 151 40 ändring
778 1553 10 29 i
818 1554 209 30 kommunal
1056 1555 84 29 eller
1170 1556 226 31 ecklesiastik
1424 1558 184 40 indelning

89 1602 277 30 handhavandet
390 1612 43 20 av
457 1603 92 29 folk-
573 1604 65 29 och
664 1604 521 41 fortsättningsskoleväsendet
1211 1608 158 39 övergått
1394 1609 82 30 från
1501 1610 107 39 kyrk-

88 1653 47 39 lig
155 1653 54 29 till
229 1653 174 40 borgerlig
423 1654 184 35 kommun,
628 1655 73 30 kan
721 1656 110 39 enligt
851 1657 162 39 gällande
1034 1658 267 31 bestämmelser
1323 1660 285 40 fastighetsskat-

89 1706 59 28 ten
169 1705 59 29 det
248 1704 50 35 år,
319 1705 402 41 indelningsändringen
743 1709 119 29 träder
884 1709 10 29 i
917 1709 107 35 kraft,
1046 1710 12 29 i
1079 1710 95 30 vissa
1197 1711 63 30 fall
1283 1711 144 31 komma
1450 1714 51 28 att
1523 1714 84 38 utgå

89 1755 109 40 enligt
219 1756 238 40 utdebitering
480 1757 56 30 för
559 1758 231 31 skattekrona
812 1760 66 29 och
902 1760 186 35 skatteöre,
1111 1762 120 29 vilken
1254 1763 194 31 innefattar
1471 1765 136 30 utdebi-

89 1807 113 39 tering
226 1807 56 30 för
307 1808 266 30 skolväsendets
597 1809 113 30 behov
734 1811 53 29 till
813 1811 96 30 såväl
934 1812 68 29 den
1026 1812 196 40 borgerliga
1248 1823 76 20 som
1350 1815 68 29 den
1442 1816 164 40 kyrkliga

88 1860 230 28 kommunen.
338 1859 67 30 För
425 1861 51 28 att
495 1860 157 30 undvika
671 1862 97 29 detta
787 1862 149 30 föreslås
956 1865 51 27 att
1026 1864 342 39 fastighetsskatten,
1388 1867 53 29 till
1462 1868 68 29 den
1550 1869 55 29 del

88 1911 68 29 den
183 1910 91 29 skall
301 1910 141 30 tillfalla
469 1912 67 28 den
564 1912 163 39 kyrkliga
754 1913 230 35 kommunen,
1011 1915 12 28 i
1050 1915 127 30 sådant
1205 1916 64 30 fall
1297 1917 89 30 skall
1414 1918 84 40 utgå
1525 1921 81 29 med

88 1962 126 29 endast
236 1962 59 29 det
316 1961 126 40 belopp
466 1962 55 30 för
545 1963 231 31 skattekrona
798 1965 66 29 och
889 1965 186 35 skatteöre,
1100 1976 76 20 som
1199 1967 171 31 bestämts
1394 1970 52 29 till
1470 1971 136 30 utdebi-

88 2013 114 39 tering
223 2013 53 29 till
297 2012 150 40 kyrkan.

143 2107 163 28 Rörande
326 2107 67 29 vad
414 2108 392 39 departementschefen
825 2111 58 29 vid
904 2112 163 29 ärendets
1089 2112 252 41 föredragning
1360 2115 95 30 inför
1477 2115 127 41 Kungl.

88 2157 107 39 Maj:t
232 2158 120 29 anfört
390 2158 55 29 får
484 2159 172 30 utskottet
694 2161 149 30 hänvisa
883 2162 52 29 till
975 2164 248 30 ovannämnda
1253 2165 351 41 statsrådsprotokoll

93 2210 114 38 (prop.
231 2218 25 20 s.
280 2208 118 34 3—7).

142 2309 187 29 Utskottet,
358 2309 185 32 Utskotlet,
569 2317 74 20 som
670 2311 76 27 icke
773 2312 119 28 funnil
916 2313 191 39 anledning
1134 2315 50 28 till
1210 2316 142 29 erinran
1378 2319 73 28 mot
1477 2318 126 39 Kungl.

88 2361 124 39 Maj:ts
233 2361 143 40 förslag,
398 2362 55 29 får
473 2363 197 35 hemstäla,

399 2415 52 28 att
478 2414 189 40 riksdagen
695 2416 120 35 måtte,
843 2418 81 29 med
951 2418 99 30 bifall
1080 2419 51 29 till
1159 2419 128 40 Kungl.
1316 2420 125 40 Maj:ts
1469 2422 135 31 föreva-

355 2465 109 30 rande
484 2467 219 39 proposition
725 2476 41 20 nr
788 2468 74 35 217,
884 2470 127 38 antaga
1032 2470 58 29 det
1110 2470 58 30 vid
1191 2472 265 39 propositionen
1477 2473 126 40 fogade

88 2531 109 23 84152
247 2527 117 35 Bihang
387 2527 45 29 till
454 2528 171 36 riksdagens
644 2531 148 36 protokoll
818 2531 90 29 1952.
956 2532 19 28 7
995 2533 84 28 saml.
1126 2533 46 28 Nr
1195 2536 49 27 36.
