1876 2844
248 188 119 30 Andra
390 187 206 30 kammarens
617 185 163 39 fjärde
804 184 171 39 tillfälliga
996 184 142 31 utskotts
1159 183 173 31 utlåtande
1354 192 42 21 nr
1417 184 28 31 4,
1574 181 19 30 3

104 285 236 39 inrättningar.
375 284 118 39 Enligt
514 283 178 32 utskottets
713 282 135 39 mening
868 282 62 31 har
952 282 108 31 denna
1080 280 110 33 metod
1211 280 75 32 med
1306 280 180 38 framgång
1505 279 88 31 kom-

104 339 60 31 mit
181 338 53 32 till
248 337 219 39 användning
485 337 59 31 och
560 336 174 31 resultatet
750 335 97 32 torde
863 335 11 31 i
890 335 95 38 varje
1003 334 62 31 fall
1081 334 81 31 böra
1178 333 168 38 avvaktas,
1365 333 105 30 innan
1487 332 108 31 andra

103 391 157 40 åtgärder
286 390 162 40 vidtagas.
487 389 126 32 Vidare
641 389 81 31 böra
749 388 209 32 förbättrade
984 387 154 32 bostäder
1166 386 199 32 åtminstone
1393 385 105 32 delvis
1524 385 70 31 lösa

104 447 83 30 även
206 445 122 38 frågan
346 454 53 21 om
416 444 204 37 tvättstugor
636 442 61 31 och
716 441 74 32 med
805 441 43 32 de
866 440 291 39 ansträngningar,
1177 449 68 22 som
1263 449 48 21 nu
1331 439 96 39 göras
1446 442 50 28 att
1514 438 80 38 höja

104 497 338 33 bostadsstandarden
468 496 70 31 icke
564 495 102 32 minst
692 495 44 39 på
761 494 238 39 landsbygden,
1026 493 95 32 torde
1148 494 82 30 även
1258 492 255 39 möjligheterna
1539 491 55 32 till

104 552 87 31 tvätt
218 551 3 30 i
239 551 150 31 hemmen
407 550 47 31 bli
470 549 153 37 utökade,
641 549 103 31 vilket
762 558 97 28 synes
877 557 82 22 vara
977 557 41 22 en
1035 557 42 21 ur
1095 546 284 39 arbetssynpunkt
1397 545 197 39 lämpligare

102 606 63 37 väg
186 605 41 30 än
248 603 208 32 inrättandet
476 613 41 21 av
537 602 148 32 centrala
704 602 212 38 tvättstugor.
937 601 175 31 Dessutom
1131 600 60 31 bör
1210 600 83 30 även
1312 598 282 31 hälsovårdsstad-

105 668 81 29 gans
208 657 225 32 bestämmelse
456 666 52 21 om.
531 659 50 28 att
603 654 288 39 bostadslägenhet
914 654 60 31 bör
997 654 61 38 äga
1081 653 142 38 tillgång
1246 652 53 31 till
1322 652 187 38 tvättstuga
1532 651 61 31 och

105 711 150 31 torkrum
277 710 143 31 beaktas.
454 710 43 37 Ej
522 709 102 31 heller
647 710 43 37 på
709 708 112 31 denna
842 707 107 39 punkt
972 717 96 21 anser
1089 706 49 38 sig
1161 705 116 32 därför
1298 705 162 31 utskottet
1480 705 116 30 kunna

105 764 169 38 tillstyrka
292 763 100 31 bifall
411 762 53 32 till
483 762 175 31 motionen.

188 870 169 32 Utskottet
378 870 55 31 får
452 869 98 31 alltså
569 867 182 39 hemställa,

466 925 50 28 att
532 921 125 32 motion
672 931 43 21 nr
732 920 60 32 386
809 920 32 39 ej
860 921 54 31 må
930 920 53 32 till
999 920 109 39 någon
1126 919 106 32 andra
1248 919 207 31 kammarens
1474 917 120 40 åtgärd

425 975 182 32 föranleda.

190 1082 188 32 Stockholm
397 1082 63 31 den
479 1081 18 31 6
516 1080 88 40 april
623 1081 90 31 1937.

645 1205 50 31 På
710 1204 179 32 utskottets
906 1204 144 38 vägnar;

688 1284 124 31 KARL
839 1281 165 34 MÄLER.

146 1498 234 31 Närvarande:
403 1498 129 30 Herrar
551 1498 116 38 Mäler,
688 1497 159 31 Eriksson
869 1497 11 30 i
900 1497 152 38 Frägsta,
1072 1496 143 30 Larsson
1236 1495 11 30 i
1268 1494 118 38 Julita,
1407 1494 187 31 Johansson

105 1543 11 30 i
147 1543 130 37 Öckerö,
308 1542 57 31 fru
394 1542 133 38 Björck,
557 1542 118 31 herrar
702 1540 127 39 Annér,
859 1541 191 30 Andersson
1079 1540 11 30 i
1119 1538 174 39 Torngård
1321 1539 61 30 och
1410 1538 142 31 Jonsson
1582 1538 13 30 i

106 1587 162 31 Haverö."

150 1675 15 17 x
193 1673 35 32 Ej
247 1673 174 26 närvarande
437 1673 47 25 vid
500 1672 173 26 utlåtandets
689 1672 147 33 justering.
