2239 2679
433 214 18 32 6
883 211 255 33 Statsutskottets
1161 209 172 32 Memorial
1354 208 65 32 N:o
1442 208 51 31 71.

517 283 262 58 »Öfverstiger
807 291 64 37 vid
901 290 208 51 sjukbesök
1134 287 243 51 väglängden
1404 286 60 37 till
1486 285 72 38 den
1582 284 109 50 sjuka
1705 283 83 37 från
1803 282 176 37 läkarens

395 346 137 39 bostad
575 345 91 38 eller
707 351 115 31 annat
856 344 109 37 ställe
994 343 101 37 inom
1125 341 205 47 distriktet,
1362 338 164 38 derifrån
1557 350 111 24 resan
1698 336 188 47 anträdes,
1916 338 64 33 två

391 400 216 48 kilometer,
650 401 112 46 utgår
804 397 185 48 arfvodet,
1031 397 57 35 för
1129 394 119 38 besök
1290 396 47 47 på
1370 392 150 37 afstånd
1554 391 32 49 ej
1617 388 286 50 öfverstigande
1933 401 46 23 en

390 453 84 36 half
499 452 74 47 mil,
612 451 82 37 med
726 453 19 34 5
775 450 140 37 kronor
944 454 109 42 samt,
1082 448 58 36 för
1168 446 119 38 besök
1316 448 49 47 på
1392 445 134 47 längre
1555 442 162 48 afstånd,
1748 441 83 37 med
1863 445 117 45 ytter-

390 505 119 48 ligare
541 507 18 34 1
591 505 119 36 krona
738 503 58 38 för
824 502 132 50 hvarje
985 499 315 51 öfverskjutande
1330 497 131 50 börjad
1490 496 84 37 half
1598 495 65 37 mil
1690 494 100 37 intill
1810 494 83 49 fyra
1916 492 65 37 mil

391 559 72 36 och
493 557 163 38 derefter
685 557 87 36 med
799 558 17 34 1
844 556 119 36 krona
993 555 58 36 för
1078 553 131 49 hvarje
1235 549 313 51 öfverskjutande
1577 548 132 49 börjad
1739 547 63 36 mil
1833 546 41 36 af
1888 551 92 42 väg-

392 611 165 48 längden
600 609 59 37 till
702 609 73 37 den
805 609 120 49 sjuke,
955 612 90 32 utan
1075 612 74 30 rätt
1176 605 59 37 för
1262 604 154 37 läkaren
1442 602 57 37 till
1528 601 182 38 särskildt
1739 598 156 39 arfvode
1924 599 57 36 för

391 663 246 38 återfärden.»

522 715 235 35 Kamrarnes
799 712 125 37 beslut
964 711 235 36 beträffande
1237 709 173 49 punkten
1457 710 56 33 1:o
1542 706 41 36 af
1608 706 205 35 utskottets
1843 704 138 47 ifråga-

393 767 168 37 varande
590 765 197 38 utlåtande
813 763 110 50 skilja
953 763 62 49 sig
1043 761 149 38 således
1222 760 241 46 derutinnan,
1493 763 55 31 att
1576 759 18 45 $
1619 759 21 34 4
1665 756 11 36 i
1697 757 71 36 den
1790 755 192 36 arfvodes-

393 827 103 41 taxa,
532 820 115 36 hvars
692 817 227 37 utfärdande
948 817 122 48 gjorts
1098 815 57 36 till
1184 813 123 37 vilkor
1335 812 58 36 för
1421 812 74 36 den
1523 824 77 34 nya
1628 810 235 36 lönestatens
1891 807 92 36 fast-

394 872 203 47 ställande,
628 870 133 46 skulle,
790 870 11 36 i
831 869 106 49 fråga
967 881 57 23 om
1057 865 205 51 sjukbesök
1282 868 49 47 på
1349 864 133 49 längre
1503 862 151 37 afstånd
1674 867 46 31 än
1741 874 45 23 en
1808 859 83 37 half
1906 859 77 48 mil,

393 925 124 49 enligt
558 924 138 36 Första
738 923 253 36 Kammarens
1032 919 126 38 beslut
1199 918 152 37 komma
1394 923 54 30 att
1489 914 191 38 innehålla
1714 912 270 38 bestämmelse

395 979 141 46 derom,
580 982 56 31 att
664 976 177 36 läkarens
871 973 156 37 arfvode
1056 972 118 37 borde
1203 971 152 37 utöfver
1383 969 46 37 de
1460 971 20 34 5
1505 968 153 46 kronor,
1689 979 80 24 som
1799 965 103 48 finge
1931 967 53 33 åt-

396 1031 125 49 njutas
563 1029 58 37 för
657 1032 73 33 den
766 1028 118 36 första
913 1025 130 37 halfva
1071 1025 114 36 milen
1215 1023 41 36 af
1279 1022 256 49 väglängden,
1561 1023 93 45 utgå
1682 1018 84 37 med
1796 1021 20 33 2
1845 1017 141 36 kronor

395 1083 58 36 för
495 1082 132 48 hvarje
672 1079 313 48 öfverskjutande
1029 1077 131 50 börjad
1190 1076 82 36 half
1296 1075 67 36 mil
1390 1073 99 37 intill
1516 1073 85 48 fyra
1628 1071 65 37 mil
1722 1070 70 38 och
1821 1069 165 38 derefter

397 1135 85 37 med
512 1138 20 34 2
563 1135 142 36 kronor
739 1133 58 37 för
831 1131 130 50 hvarje
991 1128 309 49 öfverskjutande
1330 1126 131 51 börjad
1491 1125 75 48 mil,
1597 1137 85 24 men
1709 1123 122 49 enligt
1858 1122 129 37 Andra

397 1188 252 35 Kammarens
680 1186 124 36 beslut
828 1185 154 35 komma
1010 1188 55 30 att
1093 1182 188 36 innefatta
1309 1179 196 36 föreskrift
1533 1192 72 32 om,
1636 1182 54 31 att
1715 1176 184 46 arfvodet,
1929 1180 58 30 ut-

397 1240 108 35 öfver
526 1239 264 47 ersättningen
820 1236 58 37 för
907 1236 72 36 den
1008 1235 117 36 första
1156 1232 127 37 halfva
1311 1231 128 47 milen,
1472 1230 114 37 borde
1607 1231 92 46 utgå
1719 1227 85 36 med
1826 1227 162 36 allenast

400 1294 17 34 1
449 1292 119 36 krona
598 1291 57 36 för
683 1289 132 49 hvarje
845 1286 310 50 öfverskjutande
1184 1284 131 49 börjad
1337 1283 83 37 half
1437 1282 64 37 mil
1522 1282 97 36 intill
1637 1281 83 49 fyra
1735 1279 64 37 mil
1815 1279 70 36 och
1905 1279 83 36 der-

398 1344 96 36 efter
524 1343 86 36 med
641 1343 165 36 allenast
836 1346 12 31 1
885 1340 118 36 krona
1032 1339 57 36 för
1117 1338 131 48 hvarje
1277 1334 311 49 öfverskjutande
1612 1333 132 49 börjad
1774 1332 74 36 mil.

528 1396 122 36 Dessa
693 1392 224 50 skiljaktiga
956 1391 125 36 beslut
1124 1390 115 36 hafva
1273 1394 109 43 synts
1413 1387 187 35 utskottet
1628 1384 208 49 lämpligen
1861 1383 130 35 kunna

402 1447 322 49 sammanjemkas
754 1449 46 46 på
830 1445 65 36 det
924 1449 86 42 sätt,
1041 1448 55 31 att
1123 1442 53 36 uti
1206 1439 291 50 ifrågavarande
1527 1438 182 49 paragraf
1725 1436 142 37 införes
1888 1434 102 38 stad-

403 1501 126 48 gande
558 1500 143 46 derom,
731 1504 55 30 att
816 1497 176 37 läkarens
1021 1494 155 38 arfvode
1206 1494 57 36 för
1292 1491 207 50 sjukbesök
1525 1493 46 47 på
1601 1491 134 47 längre
1764 1488 149 36 afstånd
1943 1492 46 31 än

400 1566 46 22 en
476 1552 83 36 half
598 1551 64 36 mil
705 1551 77 46 bör,
826 1549 152 36 utöfver
1021 1546 263 48 ersättningen
1326 1545 83 35 med
1441 1546 19 33 5
1492 1544 141 35 kronor
1675 1542 56 36 för
1769 1541 73 35 den
1873 1540 116 35 första

398 1604 129 37 halfva
557 1603 128 46 milen,
714 1605 92 45 utgå
835 1600 85 37 med
952 1602 16 34 1
1001 1600 119 36 krona
1150 1601 47 34 50
1219 1602 63 31 öre
1304 1596 57 37 för
1377 1596 130 48 hvarje
1524 1592 315 50 öfverskjutande
1858 1591 131 49 börjad

398 1656 82 36 half
506 1656 64 36 mil
599 1655 99 36 intill
726 1655 84 49 fyra
840 1653 64 36 mil
933 1653 70 36 och
1033 1651 164 37 derefter
1213 1649 84 37 med
1321 1651 17 34 1
1362 1649 118 35 krona
1502 1649 46 35 50
1566 1652 62 32 öre
1646 1646 56 37 för
1720 1645 129 48 hvarje
1868 1644 124 36 öfver-

399 1708 202 49 skjutande
631 1706 134 50 börjad
793 1706 75 36 mil.

527 1760 202 38 Utskottet
759 1771 112 24 anser
901 1757 60 48 sig
989 1756 125 37 derför
1142 1755 89 36 böra
1263 1753 213 46 hemställa,

929 1866 56 31 att
1027 1860 200 36 kamrarne
1271 1861 71 45 må,
1388 1856 85 37 med
1520 1854 270 38 frånträdande
1833 1853 40 37 af
1911 1852 81 36 sina

804 1915 103 36 förra
948 1912 125 37 beslut
1110 1911 11 36 i
1150 1911 107 48 fråga
1295 1924 59 22 om
1397 1909 173 48 lydelsen
1600 1908 41 36 af
1665 1909 18 45 $
1711 1909 23 34 4
1758 1906 12 36 i
1800 1906 71 36 den
1903 1911 88 30 taxa

800 1967 58 35 för
889 1965 154 37 arfvode
1066 1967 36 33 åt
1123 1964 100 35 vissa
1244 1963 9 35 i
1275 1962 86 37 civil
1384 1961 117 49 tjenst
1521 1959 175 37 anstälde
1715 1959 141 47 läkare,
1877 1957 115 36 hvars

804 2017 227 38 utfärdande
1061 2017 201 35 kamrarne
1293 2011 413 39 sammanstämmande
1735 2010 170 50 uppstält
1935 2012 57 33 så-

800 2084 81 23 som
926 2070 122 36 vilkor
1090 2068 58 36 för
1186 2066 299 49 godkännandet
1522 2065 41 35 af
1587 2065 71 35 den
1691 2063 56 36 för
1767 2061 226 48 provinsial-

800 2123 257 36 läkarestaten
1086 2120 41 37 af
1147 2119 135 49 Kongl.
1304 2118 105 49 Maj:t
1429 2117 216 48 föreslagna
1667 2129 74 36 nya
1765 2115 226 45 lönestaten,

800 2175 158 47 besluta,
990 2179 56 30 att
1074 2171 247 38 omförmälda
1347 2170 183 49 paragraf
1547 2169 97 36 skall
1664 2166 139 38 erhålla
1825 2165 168 50 följande

800 2227 172 49 lydelse:

930 2276 259 49 »Öfverstiger
1231 2274 63 37 vid
1324 2273 209 50 sjukbesök
1566 2271 240 50 väglängden
1834 2269 59 38 till
1921 2270 73 35 den

800 2331 110 48 sjuke
943 2330 82 36 från
1060 2330 176 35 läkarens
1279 2326 135 37 bostad
1457 2326 91 36 eller
1582 2331 116 29 annat
1740 2323 109 36 ställe
1887 2323 103 34 inom

798 2383 204 47 distriktet,
1033 2381 165 37 derifrån
1227 2392 111 24 resan
1368 2378 190 47 anträdes,
1575 2380 64 33 två
1656 2376 210 46 kilometer,
1884 2376 109 47 utgår
