1914 2848
513 156 415 30 Konstitutionsutskottets
950 156 165 28 utlåtande
1138 154 48 29 Nr
1208 159 47 26 13.
1617 152 19 31 3

123 246 43 32 de
189 245 171 33 särskilda
383 244 254 39 elektorsvalen,
660 243 194 38 varigenom
878 243 117 32 vinnes
1021 254 40 20 en
1086 247 82 27 även
1194 241 96 38 eljest
1314 240 168 33 önskvärd
1507 239 123 32 minsk-

124 297 81 37 ning
225 307 42 21 av
284 295 368 37 valförrättningarnas
673 293 104 33 antal.
817 294 19 31 I
855 293 60 32 och
935 293 53 31 för
1006 292 278 39 tillgodoseendet
1303 303 42 20 av
1365 291 62 31 den
1447 290 183 38 proportio-

125 346 89 33 nella
236 345 167 33 rättvisan
425 345 58 32 vid
504 344 373 38 mandatfördelningen
898 344 82 31 böra
1000 343 98 32 valen
1121 355 42 20 av
1186 340 446 34 förstakammarledamöter

123 397 62 32 ske
205 397 44 38 på
270 397 37 32 så
328 399 78 36 sätt,
428 399 52 29 att
501 394 313 39 stadsfullmäktige
835 394 12 32 i
868 394 39 32 de
928 394 123 38 städer,
1074 405 69 21 som
1164 393 72 32 icke
1258 392 136 38 deltaga
1415 392 11 31 i
1447 391 183 37 landsting,

126 448 74 32 med
222 447 175 38 undantag
419 447 55 32 för
497 445 193 33 Stockholm
711 446 60 32 och
794 444 179 40 Göteborg,
995 444 90 33 inom
1106 444 54 38 sig
1181 447 74 28 utse
1277 442 170 33 särskilda
1469 441 163 32 elektorer

126 501 52 30 att
209 497 224 33 tillsammans
468 497 74 32 med
562 497 209 37 landstinget
792 496 53 32 för
866 496 56 32 det
942 494 338 39 landstingsområde,
1302 493 75 32 vari
1400 492 117 33 staden
1540 491 94 32 förut

126 548 121 39 ingått,
267 548 146 32 förrätta
430 548 93 32 valet
541 560 43 20 av
602 547 457 33 förstakammarledamöter.

170 599 19 32 I
224 599 162 32 samband
419 599 75 32 med
528 598 241 39 upphävandet
792 610 42 20 av
858 597 203 38 stadgandet
1085 608 51 20 om
1163 596 62 32 den
1251 594 169 33 särskilda
1445 594 61 33 och
1530 593 103 39 högre

125 649 264 33 valrättsåldern
405 649 59 32 vid
480 649 57 32 val
554 661 42 20 av
612 648 270 38 landstingsmän
899 647 94 33 torde
1011 652 83 27 även
1111 645 254 34 bestämmelsen
1382 657 53 20 om
1452 644 62 32 den
1531 644 102 37 högre

126 700 117 33 åldern
265 700 54 32 för
339 700 178 32 valbarhet
537 699 54 32 till
613 699 269 38 landstingsman
906 703 42 27 än
970 698 55 32 till
1046 696 214 33 kommunala
1284 695 349 38 förtroendeuppdrag

128 749 12 32 i
157 749 112 39 övrigt
287 749 80 32 böra
385 749 186 38 borttagas,
591 749 37 32 så
647 752 51 28 att
716 760 40 20 en
773 748 149 38 enhetlig
940 747 194 32 kommunal
1152 745 288 34 valbarhetsålder
1458 745 44 39 på
1521 744 113 39 fyllda

128 801 42 32 25
197 800 37 32 år
257 800 66 32 blir
346 799 169 39 gällande.
561 799 54 32 En
640 798 234 33 motsvarande
896 798 178 38 jämkning
1099 809 42 21 av
1166 797 115 32 åldern
1306 796 54 32 för
1383 795 177 33 valbarhet
1582 794 55 33 till

129 851 146 32 ledamot
296 863 42 20 av
360 850 200 39 riksdagens
584 849 106 33 andra
711 849 171 32 kammare
905 849 59 32 bör
986 848 12 32 i
1021 847 161 33 samband
1204 847 137 32 härmed
1365 846 183 39 lämpligen
1571 850 65 34 äga

130 913 83 28 rum,
232 902 104 38 något
353 913 70 21 som
440 901 138 32 innebär
596 912 40 21 en
654 900 140 38 höjning
811 912 42 20 av
871 900 107 31 denna
996 899 94 32 ålder
1108 898 74 32 med
1200 897 154 39 omkring
1372 900 48 29 ett
1437 897 48 32 år.

174 952 74 32 Den
268 957 152 27 närmare
440 951 223 38 utredningen
682 951 12 31 i
716 954 111 29 ämnet
847 955 156 27 ävensom
1024 948 236 33 utarbetandet
1281 960 42 20 av
1343 947 201 38 erforderlig
1565 947 70 38 lag-

129 1006 71 29 text
232 1002 54 33 för
318 1002 40 33 de
388 1002 142 32 berörda
561 1000 457 39 författningsändringarna
1049 999 92 33 torde
1173 999 80 32 böra
1282 998 203 33 verkställas
1518 1009 118 27 genom

129 1053 130 39 Kungl.
282 1053 118 38 Maj:ts
423 1053 144 38 försorg.

174 1103 49 33 På
242 1104 110 38 grund
371 1115 42 21 av
432 1103 66 33 vad
518 1103 142 32 sålunda
678 1102 130 32 anförts
828 1102 55 32 får
901 1101 167 32 utskottet
1085 1100 188 40 hemställa,

488 1185 36 41 1)
554 1191 51 28 att
624 1186 182 38 riksdagen
827 1186 11 32 i
860 1186 162 32 skrivelse
1043 1185 55 32 till
1118 1184 128 39 Kungl.
1267 1184 103 38 Maj:t
1389 1183 80 33 ville
1491 1182 145 37 anhålla,

443 1241 51 29 att
513 1238 127 38 Kungl.
662 1237 103 38 Maj:t
783 1236 130 33 täcktes
932 1236 71 32 låta
1022 1236 154 38 företaga
1195 1234 180 38 utredning
1395 1237 87 29 samt
1502 1233 71 32 före
1592 1244 46 20 nu

442 1288 142 39 löpande
610 1287 272 39 fyraårsperiods
909 1287 131 38 utgång
1065 1286 53 32 för
1144 1285 181 38 riksdagen
1350 1284 195 38 framlägga
1571 1283 66 32 för-

443 1339 75 38 slag
541 1339 54 32 till
620 1338 106 33 sådan
750 1338 144 38 ändring
918 1338 12 31 i
954 1337 179 38 grundlag,
1159 1335 252 38 kommunallag
1436 1335 60 32 och
1520 1334 119 38 övriga

443 1389 258 38 författningar,
727 1392 51 29 att
803 1388 115 32 åldern
944 1388 54 32 för
1024 1387 200 38 deltagande
1248 1386 11 32 i
1284 1386 56 32 val
1366 1398 42 20 av
1432 1385 205 38 landstings-

443 1445 78 27 män
540 1439 119 33 sänkes
678 1439 55 32 till
753 1438 329 33 överensstämmelse
1103 1437 73 32 med
1196 1437 61 32 den
1277 1436 53 32 för
1348 1435 215 33 kommunala
1582 1434 57 33 val

443 1491 12 31 i
479 1490 112 38 övrigt
616 1495 156 27 ävensom
797 1489 53 32 för
873 1489 58 31 val
956 1500 42 20 av
1023 1488 181 32 ledamöter
1228 1487 54 32 till
1308 1486 199 38 riksdagens
1533 1485 105 32 andra

443 1541 170 31 kammare
639 1552 44 19 nu
707 1539 157 38 gällande
890 1538 286 38 rösträttsåldern,
1202 1540 51 29 att
1277 1537 12 31 i
1314 1536 162 33 samband
1500 1535 138 33 härmed

445 1591 62 32 den
530 1590 192 32 nuvarande
745 1588 379 34 elektorsinstitutionen
1147 1588 54 31 för
1222 1587 57 32 val
1299 1599 42 20 av
1363 1586 275 32 förstakammar-

444 1641 181 32 ledamöter
645 1641 53 31 för
719 1640 40 32 de
779 1640 129 32 städers
929 1639 62 38 del,
1011 1651 70 20 som
1100 1638 72 32 icke
1193 1638 136 38 deltaga
1347 1637 11 32 i
1378 1636 184 39 landsting,
1583 1648 55 20 av-

442 1692 147 39 skaffas,
613 1695 88 29 samt
721 1695 52 29 att
794 1691 61 32 den
878 1691 53 32 för
952 1690 206 32 kommunal-
1182 1689 60 32 och
1265 1686 373 39 stadsfullmäktigeval

445 1742 157 39 gällande
622 1741 312 33 valbarhetsåldern
955 1740 44 38 på
1020 1739 113 39 fyllda
1155 1740 39 32 25
1217 1739 37 32 år
1273 1738 189 33 utsträckes
1486 1741 50 28 att
1556 1737 82 38 jäm-

443 1793 58 32 väl
521 1792 93 39 gälla
634 1792 53 32 för
706 1791 250 38 landstingsval
976 1790 61 32 och
1055 1790 56 32 val
1131 1790 54 31 till
1204 1789 199 38 riksdagens
1423 1788 105 32 andra
1546 1787 92 32 kam-

444 1855 105 26 mare;

491 1941 36 40 2)
555 1946 50 28 att
628 1942 204 32 motionerna
855 1941 66 32 I:5
946 1940 60 32 och
1032 1942 17 30 6
1074 1940 102 31 måtte
1199 1951 95 20 anses
1316 1938 183 33 besvarade
1522 1950 118 26 genom

444 1993 67 32 vad
534 1992 165 32 utskottet
721 2003 84 21 ovan
827 1991 105 32 under
957 1989 35 41 1)
1020 1990 182 32 hemställt.

177 2095 195 33 Stockholm
393 2094 62 32 den
479 2095 39 31 16
539 2105 87 20 mars
650 2093 95 31 1933.

556 2210 48 31 På
625 2208 425 33 konstitutionsutskottets
1071 2212 143 33 vägnar:

665 2276 201 32 HARALD
900 2272 208 35 HALLEN.
