1886 2794
289 143 19 29 6
438 143 124 30 Första
579 144 225 31 kammarens
825 147 134 30 andra
980 147 174 40 tillfälliga
1171 149 153 30 utskotts
1341 149 180 31 utlåtande
1537 160 43 20 nr
1596 152 30 29 6.

335 232 271 40 Tågvärdinnor.
635 235 67 30 Om
719 245 82 20 man
815 236 11 29 i
841 236 151 40 enlighet
1008 238 79 30 med
1104 238 280 31 motionärernas
1398 240 142 40 mening
1556 240 113 30 skulle
1686 250 89 21 sam-

288 286 137 30 manslå
441 287 256 40 tågstäderske-
712 289 64 30 och
793 289 509 39 tågvärdinneverksamheten,
1321 293 111 30 skulle
1449 294 95 29 detta
1559 293 10 30 i
1586 294 188 40 praktiken

288 340 123 30 kunna
434 340 76 30 leda
532 341 53 29 till
609 343 51 28 att
683 341 102 40 ingen
809 352 43 20 av
874 344 40 29 de
938 343 58 30 två
1019 345 345 39 arbetsuppgifterna
1385 346 95 30 bleve
1504 346 99 40 fylld.
1628 347 53 29 En
1703 347 72 40 tåg-

290 393 183 31 städerska
493 393 11 30 i
525 396 48 28 ett
593 396 153 29 normalt
768 396 150 40 snälltåg
937 397 65 30 har
1021 400 51 27 att
1092 399 200 39 ombesörja
1312 399 186 40 rengöring
1518 400 11 28 i
1550 400 163 40 omkring
1736 401 38 29 10

288 446 253 40 boggievagnar
557 448 80 29 med
654 450 48 28 ett
720 449 105 29 20-tal
841 450 169 30 toaletter.
1027 452 68 29 För
1112 454 50 27 att
1178 452 115 30 denna
1308 452 222 40 renhållning
1547 454 89 29 skall
1653 454 121 30 kunna

288 499 120 30 skötas
436 500 44 39 på
505 502 48 28 ett
580 500 57 30 för
663 502 67 29 den
756 503 146 29 resande
930 503 237 31 allmänheten
1193 505 167 30 önskvärt
1388 506 77 34 sätt,
1492 506 64 30 bör
1581 506 192 39 tågstäder-

288 552 88 30 skan
392 552 37 30 få
445 553 118 30 arbeta
579 555 129 33 ostörd,
726 564 56 21 om
797 565 83 20 man
895 556 135 30 bortser
1045 557 81 29 från
1141 558 141 30 enklare
1299 558 216 40 rutinfrågor
1531 559 80 30 från
1627 561 146 29 resande

289 614 57 20 om
375 608 361 38 restaurangvagnens
764 609 91 39 plats
883 609 10 29 i
922 609 93 40 tåget
1042 612 64 28 etc.
1147 611 276 39 Tågstäderskor
1451 612 88 39 följa
1567 613 76 29 icke
1672 613 102 40 tågen

286 658 82 30 från
395 659 163 40 utgångs-
585 660 52 30 till
665 661 432 32 bestämmelsestationen.
1138 665 14 28 I
1179 665 91 39 regel
1299 665 136 40 påstiga
1462 665 311 40 tågstäderskorna

288 712 111 30 under
422 714 109 38 vägen
554 713 90 30 efter
667 714 109 40 några
798 715 160 30 timmars
981 726 78 20 resa
1083 717 80 30 från
1185 717 111 40 tågets
1321 718 291 40 utgångsstation.
1647 719 49 30 De
1720 721 53 28 ut-

287 764 79 31 föra
383 766 107 30 sedan
507 766 59 30 sitt
583 768 406 39 uppsnyggningsarbete
1006 769 11 29 i
1034 769 93 40 tåget
1144 771 110 29 under
1265 772 113 29 dettas
1389 771 89 40 gång
1489 772 109 39 några
1613 772 162 30 stations-

286 818 72 30 håll
380 819 64 29 och
466 819 118 30 lämna
604 820 93 40 tåget
719 821 166 30 likaledes
905 822 11 29 i
936 823 91 38 regel
1048 824 113 29 under
1180 825 109 38 vägen
1309 824 75 30 före
1403 824 111 40 tågets
1536 826 165 29 ankomst
1720 826 52 30 till

286 872 80 29 dess
395 872 211 31 slutstation.
635 873 276 40 Tågstäderskor
939 875 119 30 finnas
1088 876 149 31 sålunda
1264 877 11 29 i
1303 877 112 39 tjänst
1443 878 44 40 på
1516 878 103 40 tågen
1648 879 124 30 endast

285 924 139 31 relativt
442 926 201 40 kortvariga
662 928 154 29 stunder.
836 927 140 31 Arbetet
994 930 79 29 med
1091 929 230 40 rengöringen
1340 930 110 30 måste
1468 931 121 30 därför
1607 931 165 30 forceras.

330 987 66 30 Det
419 997 111 30 synes,
554 990 50 28 att
626 998 44 20 en
691 989 454 40 tågvärdinneverksamhet
1165 992 71 29 kan
1257 992 87 39 fylla
1365 992 53 30 sin
1440 992 147 31 mission
1607 993 88 34 bäst,
1716 1002 57 21 om

285 1041 68 29 den
374 1040 56 30 får
450 1041 160 30 bedrivas
630 1042 72 30 helt
722 1043 91 29 skild
833 1043 80 30 från
933 1044 110 30 andra
1064 1045 306 39 arbetsuppgifter.
1390 1046 71 29 Här
1479 1046 119 29 träder
1617 1046 45 29 då
1682 1055 91 21 ome-

286 1093 135 30 delbart
439 1094 41 30 de
499 1095 230 31 ekonomiska
748 1097 266 39 synpunkterna
1031 1097 47 30 in.
1098 1098 81 29 Man
1197 1098 110 30 måste
1326 1099 111 29 räkna
1453 1099 90 33 med,
1560 1098 108 31 vilket
1686 1100 87 29 även

288 1155 104 30 synes
416 1147 47 30 ha
487 1147 89 30 varit
601 1148 280 31 motionärernas
906 1150 116 34 tanke,
1049 1153 50 27 att
1125 1150 250 40 tågvärdinnor
1399 1151 56 30 för
1481 1154 50 27 att
1557 1153 69 28 rätt
1653 1152 120 29 kunna

287 1199 87 39 fylla
391 1199 55 30 sin
461 1200 138 40 uppgift
616 1201 85 30 böra
716 1202 46 29 ha
777 1211 43 20 en
836 1212 118 20 annan
970 1203 64 30 och
1050 1203 106 40 högre
1173 1204 206 40 kompetens
1394 1206 45 28 än
1453 1204 320 40 tågstäderskorna,

287 1252 64 30 och
382 1262 75 21 som
485 1254 90 39 följd
604 1255 109 29 därav
741 1255 110 30 måste
880 1255 12 29 i
921 1256 383 39 avlöningshänseende
1336 1258 120 29 ställas
1484 1258 107 38 högre
1621 1259 46 28 än
1697 1258 77 29 sist-

286 1307 155 30 nämnda
464 1307 166 39 kategori.
655 1308 103 30 Detta
781 1308 404 40 avlöningsförhållande
1208 1311 98 29 torde
1329 1313 225 27 accentueras
1577 1319 125 31 genom
1725 1320 47 20 nu

284 1359 156 30 rådande
461 1360 167 30 situation
647 1360 46 40 på
713 1362 345 30 arbetsmarknaden.
1080 1362 95 30 även
1195 1372 57 20 om
1271 1363 298 39 tågvärdinnorna
1589 1374 43 20 av
1650 1364 123 30 motio-

286 1413 152 29 närerna
462 1413 119 30 tänkts
604 1414 123 30 enbart
751 1414 55 30 för
829 1416 146 29 resande
998 1425 43 20 av
1063 1416 244 39 kategorierna
1329 1417 87 29 barn
1440 1417 64 29 och
1528 1417 143 30 mödrar
1694 1418 79 29 med

285 1466 99 34 barn,
405 1466 56 30 för
481 1466 107 30 vilket
609 1468 88 29 även
716 1467 71 30 viss
808 1468 329 40 specialutbildning
1155 1469 98 30 torde
1273 1470 162 34 behövas,
1456 1470 62 29 bör
1537 1479 84 21 man
1640 1470 11 29 i
1670 1471 103 39 prak-

286 1519 97 30 tiken
408 1520 112 30 räkna
544 1521 90 33 med,
660 1522 50 28 att
734 1520 297 40 tågvärdinnorna
1055 1522 144 30 komma
1223 1524 49 28 att
1296 1522 127 30 anlitas
1448 1524 87 29 även
1560 1533 42 20 av
1625 1524 147 29 resande

285 1572 12 29 i
315 1573 201 33 allmänhet,
536 1573 64 30 och
618 1574 58 29 det
693 1575 97 29 torde
808 1574 121 30 därför
945 1574 91 40 ligga
1054 1575 9 29 i
1081 1584 44 21 en
1142 1576 65 38 god
1224 1575 192 40 planering,
1434 1578 50 28 att
1501 1577 41 29 de
1558 1576 120 30 valdes
1694 1577 78 29 med

285 1626 140 38 hänsyn
449 1626 51 29 till
526 1627 111 29 andra
662 1627 295 40 arbetsuppgifter
980 1637 43 21 av
1046 1637 97 21 mera
1167 1628 219 30 kvalificerat
1412 1629 82 39 slag,
1518 1628 255 41 upplysningar

285 1679 53 29 till
358 1679 225 40 utlänningar
603 1682 64 27 etc.
698 1680 102 30 Detta
819 1680 11 29 i
849 1680 161 40 förening
1029 1682 80 29 med
1128 1682 41 29 de
1189 1681 195 40 säkerligen
1402 1681 226 40 påfrestande
1647 1681 127 39 tjänst-

286 1732 411 39 göringsförhållandena
716 1734 97 29 torde
833 1735 92 37 göra,
947 1735 49 29 att
1016 1734 173 39 avlöning,
1210 1734 254 30 inkluderande
1484 1734 196 30 eventuella
1698 1734 77 29 mil-

286 1794 133 31 pengar
441 1786 56 30 för
519 1786 137 30 åkande
679 1787 172 39 personal,
874 1787 110 30 måste
1008 1787 92 30 bliva
1123 1797 43 20 en
1189 1787 118 30 faktor
1330 1797 42 20 av
1394 1788 69 29 rätt
1486 1787 172 40 väsentlig
1680 1788 94 39 bety-

285 1839 104 29 delse.

330 1892 65 29 Det
418 1892 175 39 förtjänar
613 1892 11 29 i
644 1893 96 29 detta
760 1893 256 40 sammanhang
1036 1895 51 28 att
1108 1893 207 30 framhållas
1335 1902 44 21 en
1400 1893 70 30 viss
1491 1893 133 31 olikhet
1644 1894 128 30 mellan

286 1947 23 27 t.
324 1954 51 20 ex.
394 1945 73 39 flyg
483 1945 64 30 och
563 1945 159 40 järnväg,
741 1945 11 30 i
767 1947 67 29 vad
850 1946 57 30 det
924 1947 57 29 rör
997 1946 270 39 möjligheterna
1282 1946 53 30 till
1352 1947 280 30 resandeservice
1649 1955 124 31 genom

287 1998 175 30 särskilda
479 1998 201 30 värdinnor.
700 1999 57 30 Ett
776 1999 157 40 flygplan
949 2001 55 28 tar
1021 1999 183 30 maximalt
1222 1999 163 40 omkring
1401 1998 41 31 40
1459 2008 237 31 passagerare.
1715 1999 58 30 Ett

287 2051 153 30 normalt
459 2053 132 28 statens
607 2051 208 41 järnvägars
834 2052 149 40 snälltåg
1000 2052 138 30 medför
1156 2052 62 30 800
1235 2053 146 29 resande
1400 2053 64 29 och
1482 2062 85 20 mer.

331 2113 53 30 En
405 2131 45 4 —
472 2115 86 28 även
581 2113 56 30 för
659 2114 87 30 barn
768 2114 64 30 och
855 2115 141 29 mödrar
1018 2115 80 29 med
1121 2114 88 30 barn
1229 2132 44 3 —
1294 2114 327 30 tillfredsställande
1644 2113 128 31 service

286 2175 125 29 genom
437 2167 251 39 tågvärdinnor
711 2168 98 29 torde
835 2167 134 30 således
993 2168 123 29 kunna
1139 2167 126 30 vinnas
1288 2167 124 30 endast
1437 2175 125 31 genom
1587 2166 185 31 införande

286 2228 42 21 av
345 2229 44 20 en
406 2220 72 29 helt
495 2229 55 30 ny,
568 2220 53 30 till
638 2222 211 28 numerären
866 2220 137 30 relativt
1020 2220 133 39 kraftig
1169 2220 378 39 tjänstemannagrupp
1565 2219 57 30 vid
1641 2221 132 28 statens

288 2273 196 39 järnvägar,
510 2275 48 28 ett
584 2280 254 33 arrangemang
864 2283 42 20 av
930 2273 195 39 betydande
1150 2273 208 30 ekonomisk
1383 2272 178 31 räckvidd.
1586 2273 187 39 Järnvägs-

287 2326 171 39 styrelsen
476 2326 64 29 har
558 2328 176 37 gentemot
752 2326 279 30 motionärernas
1049 2325 158 40 parallell
1226 2326 79 30 med
1322 2325 246 30 förhållanden
1585 2325 11 29 i
1615 2326 158 30 utlandet

286 2378 195 30 framhållit
501 2379 57 29 det
577 2379 11 29 i
610 2379 158 30 utlandet
788 2379 74 30 ofta
881 2379 198 29 florerande
1101 2380 165 37 systemet
1286 2379 80 29 med
1385 2378 262 40 drickspengar,
1666 2379 107 30 vilket

287 2433 70 37 gör,
383 2433 50 28 att
458 2432 370 39 transportföretagets
853 2430 163 41 avlöning
1041 2431 52 30 till
1118 2431 162 39 personal
1306 2441 43 20 av
1372 2431 64 29 här
1460 2431 118 30 berört
1605 2432 74 39 slag
1703 2432 70 29 kan

285 2484 114 29 hållas
424 2484 55 39 låg
503 2484 64 30 och
591 2485 227 39 personalens
842 2484 163 40 avlöning
1027 2484 53 29 till
1105 2485 73 28 stor
1200 2484 55 30 del
1279 2485 170 39 upptages
1471 2483 115 31 direkt
1609 2484 82 30 från
1714 2484 60 29 all-
