2232 2640
662 197 357 32 Jordbruksutskottets
1048 195 169 32 utlåtande
1245 195 52 31 Nr
1324 197 54 28 92.
1795 192 19 31 3

323 281 97 37 Hört
462 285 90 32 över
593 279 123 37 denna
756 278 225 37 hemställan
1022 276 171 50 föreslog
1232 275 533 52 fortifikationsdepartementet
1804 273 12 36 i

221 334 186 37 skrivelse
437 332 74 37 den
540 334 22 34 4
591 331 165 37 februari
803 333 107 45 1911,
953 334 56 32 att
1049 329 239 49 Linköpings
1330 326 219 51 skyttegille
1591 329 114 34 måtte
1733 326 83 35 från

222 386 119 48 fjärde
371 384 262 37 huvudtitelns
674 382 190 37 allmänna
898 381 251 49 besparingar
1175 380 247 37 tillerkännas
1451 380 113 45 5,000
1593 379 137 35 kronor
1759 377 58 37 för

221 437 183 49 flyttning
433 436 71 36 och
532 434 254 49 omläggning
814 447 46 23 av
888 433 87 36 dess
1003 432 216 37 nuvarande
1249 431 210 49 skjutbana.

324 489 150 48 Frågan
504 500 61 22 om
595 486 45 37 de
669 489 21 33 å
717 486 135 36 kartan
880 484 87 37 med
994 485 29 46 I,
1052 483 66 47 III,
1147 483 53 37 IV
1229 483 71 37 och
1327 482 87 37 XIV
1442 481 233 37 betecknade
1696 482 119 34 områ-

221 541 119 36 denas
383 538 244 39 överlåtande
665 538 74 37 den
771 539 45 35 14
846 550 99 23 mars
976 538 95 35 1911
1104 536 82 36 från
1215 534 330 49 domänstyrelsen
1574 532 57 37 till
1659 532 157 36 lantför-

221 598 128 31 svaret
377 592 58 36 för
463 596 56 32 att
547 590 182 49 tilläggas
759 588 276 50 övningsfältet
1064 588 62 36 vid
1155 587 220 49 Linköping
1400 587 86 36 blev
1506 584 207 38 emellertid
1734 584 81 36 icke

221 644 228 48 föredragen
492 642 57 37 för
590 642 142 48 Kungl.
771 641 117 48 Maj:t,
931 645 91 31 enär
1058 639 151 48 jämlikt
1247 639 132 48 nådigt
1408 637 123 37 beslut
1559 637 71 36 den
1663 638 43 34 16
1731 635 84 49 juni

224 698 95 34 1911
351 695 195 50 uppdrogs
574 697 37 33 åt
640 693 155 37 särskilt
824 691 209 37 tillkällade
1063 691 242 49 sakkunniga
1329 695 54 31 att
1403 690 172 47 företaga
1593 687 223 50 ytterligare

221 747 208 49 utredning
457 746 160 37 rörande
646 745 242 50 lämpligaste
919 743 333 50 förläggningsort
1280 743 70 48 för,
1379 741 116 38 bland
1523 741 130 47 andra,
1682 740 134 36 Första

222 800 71 37 och
320 799 130 37 Andra
478 798 542 49 livgrenadjärregementena.

327 851 125 37 Sedan
493 851 112 36 dessa
646 849 240 48 sakkunniga
923 847 147 50 avgivit
1096 847 179 49 yttrande
1303 847 12 35 i
1343 851 124 31 ämnet
1496 845 71 37 och
1594 843 222 51 ytterligare

222 903 225 37 ekonomisk
490 902 205 48 utredning
736 901 227 48 förebragts,
993 900 91 36 fann
1112 899 141 48 Kungl.
1285 898 105 48 Maj:t
1419 897 207 37 emellertid
1654 896 12 36 i
1694 895 124 37 beslut

222 956 73 36 den
326 957 47 35 25
403 954 94 50 april
528 955 97 35 1913
656 953 32 49 ej
720 953 81 36 skäl
829 958 93 43 göra
950 951 165 50 ändring
1143 951 10 35 i
1182 951 103 35 förut
1314 950 143 36 fattade
1488 948 123 37 beslut
1640 961 59 23 om
1727 960 90 36 nyss

223 1007 163 37 nämnda
412 1010 269 45 regementens
709 1004 253 49 förläggning
988 1003 58 42 till
1074 1002 229 50 Linköping.

326 1109 131 37 Under
485 1107 240 50 åberopande
753 1107 117 37 härav
898 1106 68 37 har
994 1118 49 24 nu
1065 1104 135 37 chefen
1224 1104 60 37 för
1311 1103 117 37 andra
1447 1100 370 49 arméfördelningen

223 1162 10 35 i
264 1160 186 37 skrivelse
489 1160 75 37 den
595 1160 45 36 15
665 1159 71 48 juli
767 1161 96 34 1913
892 1158 58 36 till
978 1156 410 48 arméförvaltningens
1418 1153 399 49 fortifikationsdepar-

222 1217 144 32 tement
395 1211 258 51 återupptagit
682 1211 133 49 frågan
846 1223 61 23 om
934 1209 45 37 de
1008 1223 47 23 av
1084 1207 572 50 fortifikationsdepartementet
1682 1205 12 36 i
1723 1205 95 36 skri-

223 1265 133 37 velsen
389 1264 72 37 den
492 1267 20 33 3
543 1263 215 50 september
789 1264 97 35 1910
916 1261 167 49 angivna
1112 1260 224 37 områdenas
1365 1258 244 38 överlåtande
1638 1257 55 36 till
1722 1256 95 37 lant-

224 1317 201 37 försvaret.
481 1314 499 49 Arméfördelningschefen
1008 1314 68 36 har
1104 1312 134 37 härvid
1267 1311 136 48 anfört,
1433 1318 54 29 att
1506 1310 113 37 dessa
1640 1308 177 37 områden

223 1374 64 31 äro
329 1368 246 48 nödvändiga
616 1367 60 36 för
706 1365 337 50 åvägabringande
1071 1378 48 24 av
1148 1363 241 48 erforderligt
1418 1362 238 49 övningsfält
1686 1360 58 37 för
1772 1360 45 36 de

223 1420 57 37 till
308 1420 217 49 Linköping
558 1418 176 49 förlagda
762 1416 340 51 truppförbanden,
1132 1424 51 28 att
1211 1416 178 36 arbetena
1420 1414 83 36 med
1531 1413 175 37 markens
1734 1412 83 36 drä-

223 1472 169 37 nerande
420 1471 70 37 och
523 1470 285 50 igenläggande
836 1484 48 22 m.
915 1483 46 22 m.
992 1469 83 36 icke
1103 1468 129 36 kunna
1260 1467 239 50 uppskjutas,
1529 1470 91 32 enär
1649 1464 168 49 skjutba-

224 1538 71 23 nor
336 1524 60 36 för
438 1523 45 37 de
524 1523 97 37 båda
656 1521 533 50 livgrenadjärregementena
1218 1525 64 31 äro
1311 1518 163 38 avsedda
1503 1523 54 31 att
1585 1516 183 49 anläggas
1798 1519 20 33 å

223 1576 243 50 Djurgården
486 1576 71 36 och
578 1588 29 23 s.
624 1575 35 36 k.
681 1573 324 38 handexercisfält
1032 1572 108 37 blivit
1168 1571 159 37 utsedda
1347 1574 20 33 å
1387 1571 46 36 de
1462 1570 85 36 med
1576 1570 15 35 I
1620 1569 69 36 och
1717 1568 52 36 III
1798 1571 20 33 å

225 1629 135 37 kartan
401 1627 235 38 betecknade
679 1626 215 47 områdena,
937 1633 49 29 att
1027 1624 323 50 överflyttningen
1379 1623 83 36 från
1491 1620 327 50 domänstyrelsen

225 1680 57 37 till
324 1680 273 36 lantförsvaret
637 1679 68 37 bör
748 1679 66 36 ske
856 1676 274 51 ofördröjligen
1173 1676 85 36 med
1296 1677 148 48 hänsyn
1473 1679 95 32 även
1597 1672 137 47 därtill,
1763 1678 55 31 att

226 1733 80 37 dels
335 1731 382 38 arrendekontraktet
745 1744 60 23 om
835 1730 157 37 marken
1020 1729 57 36 till
1106 1729 74 36 den
1209 1727 175 49 avlägset
1411 1726 162 49 belägna
1593 1725 225 49 skjutbanan

225 1785 63 36 vid
330 1784 165 49 Tornby,
537 1783 143 38 avsedd
709 1783 58 37 för
796 1782 142 37 sådana
967 1781 256 49 skjutningar,
1253 1793 80 23 som
1361 1779 83 36 icke
1474 1779 126 36 kunna
1628 1777 142 36 utföras
1799 1779 20 34 å

226 1837 177 47 Malmen,
445 1838 111 47 utgår
598 1836 74 36 den
715 1837 47 35 14
805 1848 97 23 mars
948 1835 109 45 1915,
1087 1833 79 36 dels
1196 1833 69 36 ock
1293 1846 46 23 en
1368 1830 202 50 skjutbana
1597 1830 68 36 bör
1692 1829 127 36 kunna

225 1888 208 37 tillsvidare
475 1887 176 50 upplåtas
694 1890 37 33 åt
772 1886 191 37 allmänna
1003 1885 217 37 läroverket
1262 1884 68 36 och
1372 1881 446 38 folkskoleseminariet
1797 1877 24 64 i

226 1940 221 49 Linköping
484 1946 97 30 samt
619 1938 239 49 Linköpings
889 1937 221 50 skyttegille
1138 1937 12 35 i
1179 1936 127 37 stället
1333 1936 59 35 för
1420 1935 72 36 den
1522 1934 95 37 bana
1646 1936 20 33 å
1693 1932 125 49 hospi-

228 1992 110 36 talets
366 1992 186 48 indragna
574 1990 118 37 första
708 1990 219 50 jordskifte,
957 2003 79 22 som
1065 1988 121 49 enligt
1204 1988 130 48 kungl.
1351 1987 93 36 brev
1460 1987 70 36 den
1548 1988 44 33 21
1616 1985 203 36 november

229 2045 97 35 1902
349 2046 36 33 åt
401 2043 83 37 dem
508 2042 182 50 upplåtits
715 2042 71 36 och
815 2054 82 24 som
926 2042 33 48 ej
981 2041 133 48 längre
1142 2040 73 36 kan
1244 2040 207 48 begagnas,
1472 2043 68 31 när
1560 2037 260 48 kasernbygg-

226 2095 279 37 nadsarbetena
549 2095 151 35 komma
741 2098 54 32 att
836 2093 140 48 börjas,
1004 2099 93 29 samt
1137 2099 50 29 att
1219 2104 90 36 nyss
1338 2089 162 37 nämnda
1530 2088 199 47 skjutbana
1756 2087 63 36 vid

227 2146 155 49 Tornby
423 2159 156 24 numera
622 2146 73 36 kan
736 2146 199 48 begagnas
977 2144 135 38 endast
1139 2143 63 37 vid
1231 2142 154 37 särskilt
1412 2155 189 35 gynnsam
1630 2139 188 47 väderlek,

228 2203 90 33 enär
348 2199 73 36 den
449 2197 58 37 till
535 2203 122 32 större
686 2197 111 37 delen
826 2203 40 30 är
894 2196 138 49 anlagd
1062 2199 48 46 på
1137 2195 197 37 kärrmark
1353 2194 104 37 invid
1478 2193 188 49 Stångåus
1685 2191 134 50 utlopp

227 2251 12 36 i
266 2251 131 36 Roxen
439 2250 72 36 och
548 2250 46 37 de
623 2250 59 36 för
711 2249 87 37 dess
827 2248 235 48 nödtorftiga
1090 2247 208 48 dränering
1325 2246 136 49 gjorda
1489 2245 332 50 anläggningarna

227 2316 155 24 numera
411 2307 64 32 äro
504 2302 57 37 till
591 2307 79 32 stor
699 2302 58 37 del
790 2301 190 37 förstörda
1008 2312 141 38 genom
1178 2298 272 38 vattenflöden.
