1878 2784
395 160 124 36 Tredje
545 159 248 37 lagutskottets
819 160 180 30 utlåtande
1025 170 42 20 nr
1093 162 39 29 19
1157 161 40 30 år
1223 162 85 29 1956
1578 161 16 29 7

150 249 125 29 Därest
292 249 278 37 betänkligheter
587 249 114 30 skulle
718 258 101 21 anses
837 249 167 37 föreligga
1020 252 73 28 mot
1110 259 42 21 en
1168 250 216 37 obegränsad
1402 249 193 37 fullföljds-

105 294 70 29 rätt
200 293 55 29 för
280 294 135 29 kronan
440 294 52 29 till
519 294 131 29 allmän
674 294 150 29 domstol
849 294 223 30 beträffande
1097 304 41 20 av
1163 294 430 37 fiskevärderingsnämnd

105 338 203 30 meddelade
343 338 115 30 beslut
493 338 10 30 i
540 338 380 37 ersättningsärenden,
944 339 99 29 torde
1067 339 10 29 i
1103 339 259 30 administrativ
1385 340 64 36 väg
1473 339 121 29 kunna

107 382 224 35 föreskrivas,
352 384 50 28 att
422 383 326 37 kammarkollegiet
768 383 115 30 såsom
904 383 216 30 företrädare
1140 384 54 29 för
1214 383 135 30 kronan
1368 384 76 30 icke
1463 384 57 30 må
1538 383 56 30 be-

105 434 113 30 gagna
236 427 51 37 sig
307 437 41 20 av
367 427 53 30 sin
440 428 175 37 klagorätt
633 428 11 29 i
663 428 109 29 andra
791 427 61 30 fall
872 429 44 28 än
934 428 43 30 då
996 428 124 37 frågan
1138 437 56 20 om
1213 429 66 29 den
1299 428 171 37 påstådda
1488 428 106 30 fiske-

106 472 133 29 rättens
258 474 54 28 art
331 472 65 30 och
414 472 214 38 omfattning
647 472 107 37 enligt
772 473 96 30 äldre
887 473 69 30 rätt
974 474 38 28 är
1030 473 136 35 osäker,
1185 473 43 30 då
1246 472 239 39 principfråga
1504 474 90 29 före-

105 516 108 37 ligger
237 518 91 29 samt
353 516 43 31 då
421 517 145 30 utdömd
591 517 195 37 ersättning
811 518 159 29 avsevärt
993 517 191 38 överstiger
1206 518 66 29 vad
1297 527 74 21 som
1396 518 70 29 kan
1491 527 102 21 anses

105 561 145 37 rimligt;
280 561 162 37 kollegiet
467 561 59 30 vill
554 562 193 29 emellertid
773 562 143 37 tillägga
942 563 50 28 att
1017 562 174 37 kollegiet,
1217 563 86 29 även
1329 564 85 28 utan
1440 563 152 29 särskild

104 605 184 30 föreskrift
312 606 135 35 härom,
472 606 91 30 lärer
587 606 142 30 komma
754 608 50 28 att
828 606 170 37 begränsa
1021 607 244 36 utnyttjandet
1289 616 41 20 av
1354 616 41 21 en
1420 608 172 29 eventuell

106 649 249 38 fullföljdsrätt
375 651 53 29 till
450 652 49 29 att
522 659 80 22 avse
623 651 147 29 allenast
790 660 47 20 nu
860 651 149 37 angivna
1029 651 83 29 eller
1132 652 143 28 därmed
1296 651 203 38 jämförliga
1519 651 73 30 fall.

148 757 491 36 Fiskevärderingsnämnden
658 757 57 37 för
736 757 144 30 Kalmar
899 758 64 30 och
983 758 167 36 Blekinge
1171 758 57 30 län
1248 759 61 36 gör
1329 758 10 29 i
1359 759 115 29 denna
1494 758 100 37 fråga

104 811 157 37 följande
281 811 191 30 uttalande.

147 927 164 37 Vidtages
333 927 158 37 ändring,
512 928 99 29 torde
631 927 295 37 fullföljdsrätten
946 929 192 29 emellertid
1158 929 84 29 böra
1260 928 189 37 begränsas
1470 927 50 29 till
1542 928 50 29 att

103 981 81 20 avse
202 972 147 30 allenast
368 972 131 29 sådana
517 972 74 34 fall,
608 972 45 30 då
670 974 48 28 ett
735 972 148 37 verkligt
900 973 111 29 behov
1029 982 41 20 av
1087 982 42 20 en
1147 973 149 36 förnyad
1313 972 172 37 prövning
1502 971 90 30 före-

105 1016 115 37 ligger.
243 1016 47 30 På
310 1017 65 29 vad
398 1017 68 29 sätt
487 1025 42 21 en
551 1017 97 36 dylik
667 1016 236 38 begränsning
923 1017 89 29 skall
1034 1017 142 30 komma
1195 1018 53 28 till
1269 1017 140 37 uttryck
1429 1017 11 29 i
1461 1017 130 36 lagreg-

105 1061 96 29 lerna
219 1062 38 28 är
274 1070 43 21 en
335 1061 109 37 fråga,
462 1070 74 20 som
555 1062 178 29 nämnden
751 1070 103 21 anser
871 1062 51 37 sig
938 1062 76 29 icke
1031 1062 122 29 kunna
1169 1062 42 37 gå
1228 1062 35 29 in
1281 1061 54 37 på.
1353 1061 119 30 Skulle
1489 1061 103 30 emel-

103 1106 113 34 lertid,
234 1105 116 30 såsom
366 1106 98 29 torde
480 1115 84 20 vara
582 1107 50 28 att
648 1107 142 33 emotse,
806 1106 214 37 svårigheter
1036 1115 92 28 yppa
1145 1107 51 36 sig
1213 1108 49 28 att
1278 1106 44 37 på
1338 1106 150 29 förhand
1506 1106 85 29 kon-

103 1152 141 33 statera,
270 1151 65 29 när
358 1150 111 30 behov
494 1150 70 30 kan
589 1151 127 29 tänkas
742 1151 143 29 komma
910 1152 49 28 att
984 1150 179 38 föreligga,
1188 1159 103 28 synes
1316 1159 81 20 man
1422 1150 169 37 möjligen

102 1195 121 29 kunna
249 1195 187 29 reflektera
460 1195 44 37 på
530 1197 49 28 att
606 1195 70 30 låta
701 1194 313 38 fullföljdsrättens
1039 1196 175 29 utövande
1237 1195 93 30 bliva
1353 1195 172 30 beroende
1550 1204 41 20 av

102 1240 125 37 Kungl.
243 1240 123 36 Maj:ts
381 1240 229 37 medgivande
624 1240 10 29 i
648 1240 98 37 varje
761 1240 143 29 särskilt
919 1240 72 29 fall.

145 1337 490 36 Fiskevärderingsnämnden
657 1338 56 36 för
734 1338 230 30 Norrbottens
987 1338 64 29 och
1076 1339 262 29 Västerbottens
1361 1338 55 30 län
1441 1338 150 29 framför

102 1401 42 19 en
161 1392 166 29 liknande
342 1391 208 37 tankegång.

146 1498 227 29 Beträffande
392 1498 179 37 frågan
590 1507 67 21 om
677 1498 730 37 rättegångskostnader
1271 1494 136 46 uttalar
1425 1499 50 36 sig
1494 1498 96 29 kam-

101 1551 266 36 markollegium
388 1551 158 30 sålunda.

145 1605 76 30 Med
242 1605 138 37 hänsyn
399 1605 52 29 till
472 1606 41 28 de
534 1605 449 37 ersättningsberättigades
1005 1606 172 29 intressen
1197 1615 102 27 synes
1319 1605 195 37 ersättning
1534 1605 55 29 för

100 1650 155 29 kronans
279 1650 393 37 rättegångskostnader
695 1650 75 29 icke
792 1650 85 29 böra
899 1650 105 37 yrkas
1027 1650 10 29 i
1059 1651 42 29 de
1123 1650 73 35 fall,
1219 1650 44 30 då
1285 1650 180 29 sökanden
1487 1649 101 37 nöjer

101 1694 51 37 sig
172 1695 77 29 med
269 1695 196 30 nämndens
484 1695 115 29 beslut
619 1704 79 20 men
718 1695 136 29 kronan
875 1695 172 36 fullföljer
1066 1695 53 29 till
1140 1695 130 29 allmän
1290 1695 161 34 domstol,
1471 1695 117 29 därest

99 1739 76 29 icke
209 1739 175 29 särskilda
417 1739 299 37 omständigheter
755 1739 39 30 (t.
829 1749 49 20 ex.
913 1739 150 37 oriktiga
1086 1739 178 37 uppgifter
1286 1739 79 30 från
1388 1739 199 29 sökandens

99 1784 92 34 sida)
213 1784 116 29 därtill
346 1791 58 29 ger
420 1784 199 37 anledning.

144 1828 65 29 Det
244 1828 113 29 skulle
392 1828 167 37 möjligen
595 1829 121 28 kunna
751 1828 236 37 ifrågasättas,
1010 1838 56 19 om
1091 1838 81 20 man
1195 1828 76 29 icke
1294 1828 62 30 bör
1378 1828 40 37 gå
1443 1830 48 28 ett
1514 1830 74 35 steg

100 1873 119 36 längre
239 1873 65 28 och
326 1872 70 29 låta
417 1873 179 29 sökanden
618 1872 35 30 få
675 1873 194 36 ersättning
890 1873 54 28 för
964 1880 87 29 egna
1072 1873 190 29 kostnader
1286 1872 67 37 (jfr
1372 1873 40 29 67
1430 1873 14 33 8
1467 1882 120 27 expro-

99 1917 306 36 priationslagen).
427 1917 213 36 Visserligen
660 1917 64 28 har
745 1917 180 29 sökanden
946 1917 75 29 icke
1042 1917 115 29 denna
1178 1916 211 37 förmånliga
1409 1917 178 36 ställning,

99 1961 44 29 då
165 1961 70 29 han
258 1961 91 36 själv
372 1961 173 36 fullföljer
567 1961 108 34 talan,
698 1970 79 20 men
800 1962 57 29 det
879 1962 98 29 torde
998 1970 84 20 vara
1104 1962 111 29 större
1238 1961 187 37 anledning
1448 1963 49 28 att
1519 1961 68 29 till-

98 2006 127 36 godose
240 2006 198 29 sökandens
454 2006 184 34 intressen,
653 2006 44 29 då
712 2006 136 29 kronan
864 2005 183 37 fullföljer.

143 2102 90 30 Även
259 2103 521 36 fiskevärderingsnämnderna
803 2103 58 36 för
886 2103 143 30 Kalmar
1054 2104 64 29 och
1143 2103 165 36 Blekinge
1334 2104 57 29 län
1416 2106 91 27 samt
1531 2103 57 37 för

96 2157 230 29 Norrbottens
354 2157 64 29 och
449 2157 262 29 Västerbottens
740 2157 56 29 län
826 2157 160 29 förordar
1014 2166 41 20 en
1084 2157 465 37 rättegångskostnadsregel
1578 2158 10 28 i

98 2210 151 36 enlighet
265 2210 78 29 med
360 2210 39 29 67
417 2210 14 33 8
449 2210 393 36 expropriationslagen.

143 2263 72 28 Vad
242 2263 163 36 slutligen
432 2263 122 36 frågan
580 2272 56 19 om
663 2262 159 29 forum
848 2263 172 29 beträffar
1045 2263 36 29 så
1108 2263 101 29 anför
1234 2262 351 36 kammarkollegium

99 2317 131 28 härom.

142 2423 165 29 Gällande
344 2423 53 35 lag
432 2431 56 20 om
524 2422 195 36 ersättning
744 2423 54 28 för
823 2422 124 29 mistad
975 2422 162 29 fiskerätt
1162 2422 193 29 innehåller
1379 2422 74 30 icke
1477 2422 108 36 några

101 2467 218 30 föreskrifter
338 2476 56 20 om
415 2467 114 28 forum
552 2467 53 29 för
624 2467 56 29 det
700 2467 72 32 fall,
792 2468 49 28 att
860 2466 339 37 ersättningsfrågan
1219 2467 122 36 drages
1361 2467 110 29 under
1490 2467 95 29 dom-
