2200 2624
723 152 248 32 Statsutskoltets
993 151 163 31 utlåtande
1180 150 51 31 Nr
1255 152 19 28 7
1288 151 41 30 A.
1741 148 38 31 15

221 238 54 30 ett
302 231 193 48 kvinnligt
523 230 284 46 kanslibiträde,
836 230 129 35 oaktat
993 230 62 36 det
1084 242 46 23 av
1159 228 285 49 propositionen
1465 227 11 36 i
1496 228 127 48 övrigt
1643 229 179 46 framgår,

222 290 54 30 att
317 283 81 48 fyra
439 282 129 49 dylika
609 282 173 37 biträden
824 286 64 31 äro
929 280 257 48 erforderliga.
1255 279 133 48 Enligt
1429 279 72 36 vad
1536 279 56 36 till
1621 278 202 36 utskottets

223 334 210 37 kännedom
477 335 170 45 kommit,
678 339 40 30 är
745 333 101 37 detta
877 333 187 36 beroende
1092 335 49 45 på
1169 331 248 36 förbiseende.
1474 330 53 36 På
1554 330 126 49 grund
1709 330 114 35 härav

222 386 185 36 erfordras
436 399 44 22 en
512 385 146 48 ökning
685 398 45 23 av
759 385 63 35 det
849 397 46 23 av
924 384 140 48 Kungl.
1095 383 104 48 Maj:t
1226 383 140 36 äskade
1386 382 333 48 anslagsbeloppet
1739 381 85 36 med

222 438 45 35 de
310 437 58 36 för
410 437 211 36 avlönande
663 450 46 22 av
750 436 109 36 dessa
887 435 170 36 biträden
1085 434 249 48 erforderliga
1362 433 119 36 medel
1512 433 91 35 eller
1631 433 120 46 enligt
1778 432 46 36 de

225 488 268 48 beräkningar,
523 500 81 24 som
634 488 107 47 ligga
769 486 57 36 till
855 486 124 48 grund
1008 486 57 36 för
1094 486 140 47 Kungl.
1266 485 124 47 Maj:ts
1419 485 157 46 förslag,
1605 484 85 36 med
1713 485 110 42 7,308

223 540 141 36 kronor
391 539 35 46 (3
449 553 20 19 x
492 540 112 44 2,436
643 537 151 48 kronor)
822 538 55 35 till
906 538 11 35 i
945 543 89 30 runt
1062 537 52 35 tal
1143 538 139 38 50,300
1311 536 151 35 kronor.
1519 535 128 36 Under
1675 534 150 36 hänvis-

224 591 94 47 ning
357 590 56 36 till
455 590 71 35 vad
555 589 184 37 utskottet
765 589 12 35 i
806 588 65 36 sitt
899 588 191 36 utlåtande
1118 601 45 22 nr
1191 590 21 33 2
1229 589 44 43 A,
1302 587 122 48 punkt
1452 589 35 44 4,
1517 587 137 45 anfört,
1684 586 56 35 får
1769 591 55 30 ut-

223 642 142 36 skottet
393 640 158 37 sålunda
579 640 212 46 hemställa,

757 748 55 31 att
845 743 206 49 riksdagen
1080 745 60 34 må
1168 743 54 36 till
1246 743 258 44 förstärkning
1535 754 42 23 av
1606 740 219 43 arbetskraf-

629 800 101 32 terna
772 797 62 34 hos
872 797 202 34 statistiska
1116 795 254 44 centralbyrån
1404 794 65 43 för
1509 794 236 35 anordnande
1782 805 43 22 av

627 849 95 34 vissa
758 848 329 44 finansstatistiska
1128 847 316 42 undersökningar
1471 847 21 33 å
1520 850 107 30 extra
1665 848 75 31 stat
1768 843 58 36 för

627 901 40 33 år
689 900 97 34 1922
809 898 139 48 bevilja
968 903 53 30 ett
1042 896 312 50 förslagsanslag,
1376 896 126 47 högst,
1520 896 139 46 50,300
1675 895 149 35 kronor.

358 1037 97 48 11:0)
511 1036 143 48 Kungl.
696 1036 106 47 Maj:t
842 1035 69 36 har
952 1035 196 48 föreslagit
1188 1034 206 48 riksdagen
1427 1033 138 50 (punkt
1596 1032 61 49 12)
1686 1038 54 30 att
1770 1032 56 36 för

225 1088 333 51 upprätthållande
588 1101 46 23 av
663 1087 208 37 statistiska
898 1086 284 50 centralbyråns
1209 1085 245 37 verksamhet
1482 1088 21 33 å
1531 1090 106 31 extra
1665 1089 75 31 stat
1768 1084 59 36 för

227 1145 39 32 år
296 1143 97 35 1922
422 1140 141 49 bevilja
591 1145 54 31 ett
673 1139 312 49 förslagsanslag,
1014 1138 126 49 högst,
1172 1139 137 46 16,000
1337 1138 150 36 kronor.

355 1193 18 36 I
402 1193 108 48 fråga
547 1205 62 23 om
637 1191 254 48 utredningen
919 1191 12 35 i
955 1196 127 30 ämnet
1114 1190 56 36 får
1196 1190 185 36 utskottet
1409 1189 158 36 hänvisa
1595 1188 56 36 till
1679 1187 67 37 sid.
1777 1189 48 35 50

226 1247 99 34 —51
356 1245 12 35 i
401 1243 421 49 statsrådsprotokollet.

357 1365 72 36 Till
473 1364 260 47 förstärkning
774 1377 46 22 av
862 1363 64 36 det
968 1362 134 36 hittills
1144 1365 21 32 å
1192 1362 204 36 riksstaten
1424 1361 189 49 uppförda
1641 1361 185 36 ordinarie

227 1416 426 49 reservationsanslaget
693 1415 57 36 till
780 1427 259 33 amanuenser,
1069 1413 440 48 vikariatsersättningar
1537 1413 72 36 och
1637 1412 191 49 tillfälliga

227 1468 173 37 biträden
441 1468 65 36 vid
552 1467 209 37 statistiska
788 1466 264 49 centralbyrån
1089 1468 21 33 å
1152 1466 138 47 28,200
1331 1464 139 37 kronor
1498 1464 198 37 anvisades
1724 1464 11 36 1
1764 1477 63 23 en-

227 1521 123 48 lighet
389 1520 85 36 med
516 1519 145 48 Kungl.
697 1519 125 48 Maj:ts
851 1518 144 48 förslag
1022 1531 48 23 av
1101 1519 97 35 1920
1226 1520 59 33 års
1314 1517 160 48 riksdag
1501 1518 76 35 dels
1605 1519 21 33 å
1653 1517 174 48 tilläggs-

229 1579 75 30 stat
345 1572 58 36 för
436 1574 41 34 år
513 1573 98 35 1920
641 1574 123 33 såsom
794 1570 312 49 förslagsanslag,
1134 1569 127 49 högst,
1293 1570 111 46 7,000
1432 1569 155 46 kronor,
1614 1570 77 35 dels
1717 1571 63 34 ock
1808 1570 21 34 å

229 1630 106 31 extra
367 1629 75 31 stat
469 1623 59 36 för
556 1626 41 33 år
626 1624 95 35 1921
751 1622 180 36 likaledes
961 1624 123 34 såsom
1115 1621 310 48 förslagsanslag,
1455 1621 127 47 högst,
1611 1626 53 30 ett
1690 1620 137 49 belopp

230 1689 47 23 av
308 1677 135 45 12,000
471 1675 152 36 kronor.

360 1727 80 36 Den
477 1740 46 23 av
560 1726 143 49 Kungl.
737 1725 107 49 Maj:t
876 1725 138 37 äskade
1044 1725 272 49 förhöjningen
1344 1737 46 23 av
1418 1724 249 37 förevarande
1695 1725 133 47 anslag

229 1784 42 32 är
299 1778 194 37 föranledd
522 1792 47 22 av
597 1778 73 37 den
698 1791 75 36 nya
800 1776 330 49 löneregleringen
1158 1776 57 37 för
1233 1776 381 49 befattningshavare
1636 1775 59 37 vid
1716 1782 111 30 stats-

230 1831 258 49 departement
515 1843 49 23 m.
596 1843 49 22 m.

360 1951 206 47 Utskottet,
605 1963 81 24 som
723 1950 125 36 funnit
876 1949 61 49 sig
964 1950 91 36 böra
1082 1949 149 36 biträda
1258 1948 141 49 Kungl.
1430 1948 128 49 Maj:ts
1587 1948 156 49 förslag,
1771 1949 57 35 får

232 2005 121 45 alltså,
382 2003 121 37 under
529 2002 233 48 hänvisning
788 2001 57 37 till
872 2001 72 36 vad
972 2001 187 37 utskottet
1187 2000 11 36 i
1226 2000 66 37 sitt
1320 2000 195 37 utlåtande
1539 2014 45 22 nr
1604 2002 22 34 2
1642 2001 43 46 A,
1705 2000 123 49 punkt

230 2059 35 44 4,
296 2055 134 47 anfört,
461 2054 213 47 hemställa,

760 2145 56 31 att
837 2140 202 48 riksdagen
1059 2142 61 33 må
1141 2139 57 36 för
1216 2139 327 46 upprätthållande
1562 2151 45 24 av
1626 2140 202 35 statistiska

632 2193 272 45 centralbyråns
944 2192 223 36 verksamhet
1193 2193 22 34 å
1242 2196 106 31 extra
1383 2196 75 31 stat
1485 2190 60 36 för
1574 2193 41 33 år
1645 2192 96 35 1922
1770 2189 58 37 be-

631 2244 89 48 vilja
748 2250 53 31 ett
828 2243 313 49 förslagsanslag,
1170 2242 126 49 högst,
1328 2244 138 45 16,000
1495 2241 150 37 kronor.

1865 1046 167 31 Upprättaål-

1846 1082 76 23 lande
1946 1089 32 16 av
1996 1084 54 21 sta-

1862 1117 101 23 tistiska
1983 1124 54 16 ceon-

1870 1151 153 31 traälbyråns

1861 1187 170 23 verksamhet.

1900 1222 94 46 12.)
