2190 2618
398 143 41 31 28
845 146 252 34 Statsutskottets
1119 149 163 32 utlåtande
1307 150 52 32 Nr
1381 152 22 29 7
1417 151 43 32 ÅA.

756 224 253 38 innevarande
1051 229 60 33 års
1151 227 170 45 riksstat;
1364 228 95 37 dock
1491 235 56 30 att
1575 230 12 35 i
1615 230 348 51 förslagsanslaget

756 275 66 50 till
825 275 255 50 -bestridande
1109 290 46 24 av
1182 279 438 49 tryckningskostnader,
1645 295 80 24 som
1744 284 84 37 icke
1847 284 107 37 skola

757 340 47 23 av
846 328 115 36 andra
1000 329 124 36 medel
1165 330 146 48 gäldas,
1349 334 60 33 må
1437 332 37 36 få
1502 330 115 50 göras
1644 333 73 37 den
1739 335 217 49 jämkning,

756 391 82 24 som
867 379 58 36 för
947 380 205 49 jämnande
1173 394 47 23 av
1239 382 260 37 huvudtitelns
1518 384 224 37 slutsumma
1761 386 75 36 kan
1854 387 102 37 bliva

757 430 234 50 erforderlig.

487 531 222 38 Stockholm
742 534 72 37 den
845 536 20 35 5
896 534 93 49 april
1020 537 108 34 1921.

873 638 51 36 På
951 639 303 37 statsutskottets
1281 646 162 44 vägnar:

904 740 36 37 S.
970 741 46 36 H.
1047 742 375 39 KVARNZELIUS.

487 1151 54 27 Vid
560 1152 178 27 förestående
757 1153 119 27 ärendes
897 1153 233 36 slutbehandling
1148 1156 76 25 inom
1244 1155 139 27 utskottet
1401 1155 73 28 hava
1492 1159 137 25 närvarit:

485 1195 63 27 från
576 1195 90 28 första
693 1196 175 27 kammaren:
898 1197 95 27 herrar
1021 1197 28 27 S.
1078 1199 38 25 H.
1144 1199 215 32 Kvarnzelius,
1389 1200 81 27 Ollas
1489 1201 32 26 A.
1548 1202 151 29 Ericsson,
1720 1203 34 25 N.
1774 1202 32 26 A.
1829 1204 130 32 Nilsson,

355 1239 36 26 H.
422 1238 35 27 F.
484 1239 119 29 Lamm,
632 1241 26 26 J.
686 1241 124 26 Nilsson
838 1241 9 26 i
872 1240 232 30 Skottlandshus,
1123 1243 38 25 H.
1181 1242 40 26 M.
1240 1242 187 32 Bäckström,
1444 1245 26 25 J.
1490 1244 34 26 L.
1548 1245 116 29 Widell,
1685 1246 30 27 0.
1739 1246 30 26 U.
1790 1246 34 26 B.
1846 1246 113 30 Olsson,

358 1282 28 28 C.
410 1281 33 27 G.
464 1282 131 33 Ekman,
618 1283 30 27 0.
669 1284 167 33 Bergqvist,
857 1284 27 28 C.
905 1285 23 25 I.
948 1285 140 33 Asplund
1106 1284 52 27 och
1177 1286 27 26 J.
1221 1286 150 27 Jeansson
1389 1289 75 24 samt

483 1325 62 27 från
564 1326 90 26 andra
672 1326 175 27 kammaren:
867 1327 96 27 herrar
980 1328 33 26 4.
1034 1328 159 27 Anderson
1212 1330 8 25 i
1240 1329 133 31 Råstock,
1395 1331 37 26 A.
1454 1331 152 30 Wiklund,
1619 1332 27 26 J.
1658 1328 126 46 Jönsson
1798 1334 10 25 i
1826 1328 131 46 Revinge,

361 1368 29 27 0.
410 1369 94 27 H:son
538 1369 133 30 Waldén,
700 1371 33 26 P.
762 1371 122 26 Nilsson
902 1372 9 25 i
930 1370 121 37 Bonarp,
1082 1372 28 27 C.
1142 1374 35 25 R.
1205 1373 133 27 Jansson
1355 1373 10 26 i
1384 1373 97 32 Falun,
1510 1375 33 26 P.
1573 1376 35 25 B.
1636 1377 123 26 Nilsson
1777 1377 8 26 i
1804 1376 153 36 Landeryd,

355 1412 35 26 L.
417 1412 26 26 J.
478 1412 324 31 Carlsson-Frosterud,
834 1413 30 28 S.
894 1415 32 26 E.
948 1415 24 26 J.
996 1415 127 34 Libeck,
1156 1417 41 26 W.
1225 1417 185 32 Bäckström,
1436 1419 37 26 K.
1493 1419 32 26 A.
1553 1419 150 27 Westman
1723 1419 51 27 och
1794 1420 34 27 L.
1850 1420 106 28 Olsson

359 1456 9 26 i
386 1455 72 27 Hov.
