1890 2850
278 177 40 31 62
561 180 103 29 Andra
686 180 192 37 lagutskottets
901 180 145 30 utlåtande
1068 180 46 29 Nr
1137 181 48 28 24.
1232 180 260 35 (Reservationer.)

546 254 123 38 drives,
687 254 152 41 skäligen
862 254 66 31 kan
951 265 101 21 anses
1075 265 39 21 av
1137 254 113 32 nöden
1273 255 53 31 för
1348 257 51 29 att
1422 254 131 41 skydda
1569 254 65 31 hos
1649 254 127 31 honom

546 305 203 41 sysselsatta
771 305 154 31 arbetare
952 307 72 29 mot
1046 305 177 42 olycksfall
1246 305 64 32 och
1333 305 120 31 ohälsa
1475 305 12 30 i
1509 305 142 31 arbetet.

598 355 191 32 Arbetarna
822 357 58 30 äro
914 356 143 41 pliktiga
1090 355 149 42 iakttaga
1272 355 167 42 tillbörlig
1471 355 221 41 försiktighet
1714 355 64 31 och

545 406 124 40 jämväl
701 406 11 30 i
746 406 110 41 övrigt
885 406 69 31 låta
978 406 52 42 sig
1051 406 178 42 angeläget
1251 417 79 20 vara
1353 408 59 36 att,
1443 406 4 31 i
1470 406 64 31 vad
1557 407 44 40 på
1624 405 77 32 dem
1724 417 53 20 an-

544 456 162 39 kommer,
730 456 181 32 medverka
934 457 52 31 till
1008 457 276 31 förekommande
1308 467 40 20 av
1371 456 178 42 olycksfall
1573 456 63 31 och
1660 455 118 32 ohälsa

545 506 11 31 i
579 506 141 32 arbetet.

1126 592 71 42 48.

597 650 98 41 (Lika
718 651 76 32 med
819 651 185 32 utskottets
1027 651 149 42 förslag.)

1125 752 71 42 58

596 810 107 42 (a)—I)
725 811 68 31 lika
816 811 79 32 med
917 811 188 32 utskottets
1127 811 149 42 förslag.)

597 869 44 41 m)
664 860 46 41 Åt
742 870 164 38 arbetare,
931 881 73 21 som
1038 872 82 30 utan
1154 872 154 30 avsevärt
1340 869 165 42 uppehåll
1528 870 174 31 användes
1726 870 52 31 till

544 920 117 32 arbete
684 922 72 30 året
777 923 81 29 runt
881 921 64 31 och
967 921 87 31 varit
1076 921 149 32 anställd
1248 921 64 31 hos
1328 920 253 42 arbetsgivaren
1598 920 83 32 eller
1696 920 82 31 före-

545 972 92 40 taget
670 973 111 39 någon
815 971 117 42 längre
965 972 60 38 tid,
1049 971 71 39 bör,
1144 971 11 31 i
1178 971 186 32 allmänhet
1398 971 108 31 under
1536 971 67 31 den
1626 980 151 22 varmare

544 1021 163 39 årstiden,
730 1022 145 31 beredas
899 1022 319 41 semesterledighet
1240 1022 109 31 under
1372 1022 106 31 minst
1500 1032 42 21 en
1566 1021 111 32 vecka.

1126 1124 70 42 18

595 1183 98 41 (Lika
715 1183 78 32 med
816 1183 125 41 Kungl.
966 1183 116 41 Maj:ts
1106 1183 63 32 och
1192 1184 188 31 utskottets
1403 1182 148 42 förslag.)

608 1300 181 27 Särskilda
807 1300 219 27 föreskrifter
1045 1300 150 27 rörande
1213 1299 257 34 minderårigas
1489 1299 233 28 användande

1080 1344 13 25 i
1112 1344 132 26 arbete.

1072 1525 101 30 9—11
1197 1524 52 41 8$.

595 1583 98 40 (Lika
715 1583 77 31 med
815 1583 126 41 Kungl.
966 1583 116 41 Maj:ts
1105 1583 147 41 förslag.)

1116 1685 38 31 12
1177 1685 29 41 8.

594 1743 98 41 (Lika
714 1744 77 31 med
818 1744 188 31 utskottets
1029 1743 149 42 förslag.)

1116 1846 38 31 13
1176 1845 29 41 &.

594 1904 98 41 (Lika
715 1904 77 31 med
815 1904 127 41 Kungl.
967 1904 116 41 Maj:ts
1106 1904 64 32 och
1193 1904 188 32 utskottets
1404 1905 147 41 förslag.)

1114 2008 39 29 14
1175 2006 30 42 8.
1322 2013 7 10 ,

593 2065 29 41 (1
646 2076 88 21 mom.
759 2066 63 31 och
844 2069 22 28 2
888 2076 88 21 mom.
1000 2065 69 32 lika
1092 2065 78 31 med
1192 2066 126 41 Kungl.
1344 2065 116 41 Maj:ts
1482 2066 147 41 förslag.)

594 2128 22 28 3
638 2135 88 21 mom.
771 2125 77 31 Den
883 2124 225 41 minderårige
1142 2124 87 32 skall
1261 2125 53 31 för
1346 2125 144 31 nattvila
1522 2124 145 32 beredas
1701 2135 73 21 oav-

541 2174 124 32 bruten
698 2174 153 40 ledighet
884 2175 73 31 från
992 2175 132 31 arbetet
1157 2175 108 31 under
1298 2175 106 31 minst
1427 2176 74 31 elva
1523 2176 137 31 timmar
1682 2176 91 40 varje

541 2225 102 42 dygn,
660 2226 64 31 och
748 2226 85 31 skall
856 2226 12 30 i
892 2226 111 31 denna
1026 2225 152 41 ledighet
1200 2225 78 42 ingå
1301 2226 94 31 tiden
1420 2226 123 31 mellan
1566 2226 143 31 klockan
1736 2226 38 30 10

541 2287 26 20 e.
592 2287 42 20 m.
660 2276 63 32 och
745 2276 144 31 klockan
913 2276 20 31 5
954 2277 21 31 f.
1000 2287 43 21 m.

1113 2371 38 30 15
1173 2369 29 42 8.

592 2429 98 41 (Lika
713 2429 76 32 med
812 2429 127 42 Kungl.
963 2430 115 40 Maj:ts
1101 2429 64 31 och
1188 2429 187 32 utskottets
1398 2428 148 42 förslag.)
