2202 2738
415 234 20 33 8
891 235 226 39 Lag-Utskottets
1143 235 146 31 Utlåtande
1314 236 54 30 N:o
1392 239 49 26 13.

373 325 110 33 mande
519 325 88 33 deraf
638 326 46 31 att
719 326 44 32 ett
800 325 128 42 olagligt
968 325 347 42 förmånsrättsyrkande
1356 326 74 32 eller
1457 325 43 32 ett
1528 325 126 43 oriktigt
1681 325 283 43 fordringsanspråk

372 378 51 33 må
449 379 99 32 kunna
575 388 110 32 genom
713 378 189 33 förbiseende
925 379 122 32 lemnas
1075 380 73 32 utan
1172 379 198 41 anmärkning
1388 379 95 33 finnes
1504 379 76 32 dock
1599 380 157 41 uppstäldt
1775 379 185 42 derigenom,

375 432 63 32 dels
466 432 46 31 att
539 431 155 38 domaren,
716 434 54 29 när
796 431 223 42 granskningen
1047 432 33 31 af
1104 431 407 42 bevakningshandlingarne
1540 432 67 31 sker
1624 431 38 41 på
1680 432 280 42 inställelsedagen,

372 484 77 32 skall
476 483 147 42 redogöra
650 484 45 32 för
721 483 315 42 fordringsanspråket
1064 484 57 32 och
1149 484 56 32 den
1233 484 246 42 betalningsrätt,
1495 494 67 22 som
1589 484 100 42 yrkas,
1721 484 65 34 dels
1815 485 46 32 att
1887 485 73 32 Rät-

374 538 67 31 tens
478 536 202 33 ombudsman
715 540 32 28 är
773 536 112 41 pligtig
912 538 55 37 att,
998 536 52 32 der
1078 537 235 41 handlingarnes
1341 537 185 41 granskning
1553 537 25 40 ej
1608 537 100 32 blifvit
1736 537 17 31 å
1780 538 184 31 inställelse-

376 589 98 42 dagen
511 588 144 40 afslutad,
686 588 179 43 skyndsamt
897 590 143 40 upprätta
1074 600 36 22 en
1137 590 198 41 förteckning,
1365 589 160 33 utvisande
1552 590 141 41 beloppet
1721 590 34 32 af
1777 589 104 42 hvarje
1909 599 53 22 an-

376 643 84 32 mäld
495 642 132 39 fordran,
657 641 33 33 så
726 642 55 32 ock
815 642 56 32 den
898 643 79 40 plats
1005 643 10 31 i
1042 641 389 43 förmånsrättsordningen,
1462 652 77 28 som,
1570 642 95 42 enligt
1692 642 50 33 det
1768 642 196 33 framställda

374 695 159 42 yrkandet,
570 695 95 32 skulle
701 694 174 41 fordringen
910 695 184 32 tillkomma.
1149 695 106 32 Denna
1291 695 188 42 förteckning
1515 695 76 32 skall
1628 705 73 22 vara
1733 695 56 32 hos
1817 694 146 34 ombuds-

375 758 131 23 mannen
542 747 175 42 tillgänglig
753 748 95 32 minst
874 748 67 41 fyra
970 748 94 41 dagar
1090 747 63 33 före
1181 748 153 41 utgången
1362 748 34 32 af
1421 748 56 32 den
1505 748 45 32 för
1578 748 250 42 anmärkningars
1856 748 107 33 aflem-

375 800 99 31 nande
501 799 161 32 bestämda
687 800 57 30 tid.

530 852 45 32 De
612 851 235 43 anmärkningar
886 852 189 32 motionären
1102 852 94 33 riktat
1223 852 83 33 emot
1334 851 184 43 stadgandet
1545 853 10 31 i
1587 853 68 32 117
1686 856 14 33 $
1729 853 19 32 2
1778 861 107 30 mom.,
1915 855 49 30 rö-

376 905 92 32 rande
504 905 165 39 beräkning
696 905 33 31 af
761 905 88 31 ränta
877 904 17 32 å
920 905 133 38 fordran,
1083 915 66 22 som
1176 905 71 32 med
1273 904 196 33 förmånsrätt
1495 904 98 41 utgår,
1623 905 126 32 härleda
1776 906 48 39 sig
1850 914 114 32 uppen-

376 957 138 42 barligen
549 956 66 32 från
650 957 272 41 missuppfattning
958 957 34 31 af
1023 957 106 40 lagens
1165 957 119 41 tydliga
1312 957 132 42 mening.
1501 956 133 33 Sålunda
1661 957 88 42 utgår
1776 957 189 33 motionären

375 1010 66 31 från
470 1009 51 33 det
547 1009 171 42 antagande
747 1010 45 31 att
819 1009 159 42 utdelning
1004 1010 10 31 i
1041 1010 130 31 konkurs
1199 1010 96 32 skulle
1322 1010 174 32 tillkomma
1524 1010 109 32 endast
1660 1009 216 42 oprioriterade
1904 1010 61 31 for-

377 1062 206 41 dringsegare,
614 1062 57 31 och
698 1062 46 32 att
771 1063 158 40 borgenär,
949 1062 45 31 för
1021 1062 90 31 hvars
1139 1061 121 33 fordran
1287 1062 196 33 förmånsrätt
1510 1072 70 31 eger
1608 1072 77 29 rum,
1703 1062 25 41 ej
1758 1062 93 33 borde
1879 1063 10 31 i
1916 1062 48 31 ut-

378 1114 285 42 delningsförslaget
697 1115 150 41 upptagas
883 1114 48 32 till
966 1114 98 41 någon
1097 1114 167 41 utdelning.
1319 1115 93 32 Detta
1440 1115 171 41 antagande
1640 1115 110 31 saknar
1777 1115 57 32 allt
1861 1114 68 33 stöd
1956 1114 10 30 i

376 1167 99 41 lagen,
506 1176 67 23 som
609 1167 10 31 i
655 1167 127 31 berörda
818 1167 169 31 hänseende
1024 1167 65 31 icke
1121 1170 54 37 gör
1201 1166 93 41 något
1320 1167 156 41 undantag
1501 1167 45 31 för
1572 1167 198 40 prioriterade
1797 1166 169 41 fordrings-

378 1228 100 32 egare.
533 1218 187 41 Visserligen
748 1222 32 29 är
808 1219 50 32 det
885 1218 94 33 under
1006 1218 82 33 vissa
1115 1219 96 32 vilkor
1238 1218 95 32 sådan
1360 1219 243 41 fordringsegare
1632 1219 166 41 medgifvet
1817 1219 46 32 att
1881 1219 87 41 njuta

377 1271 157 40 betalning
561 1271 91 31 redan
680 1272 91 30 innan
799 1271 290 40 utdelningsförslag
1115 1270 107 32 hunnit
1249 1272 174 39 upprättas;
1445 1281 69 22 men
1543 1272 86 30 äfven
1649 1281 50 21 om
1718 1270 33 32 så
1769 1271 78 38 sker,
1868 1270 98 32 måste

376 1322 202 32 förhållandet
605 1323 149 40 upptagas
782 1323 10 31 i
819 1322 330 41 utdelningsförslaget,
1167 1322 116 41 jemväl
1309 1323 39 40 på
1376 1323 50 32 det
1455 1324 45 31 att
1528 1323 54 31 den
1609 1323 114 32 skedda
1740 1323 133 40 liqviden
1893 1323 75 31 eller

376 1375 207 40 utdelningen,
606 1375 52 32 der
686 1375 64 32 skäl
778 1375 102 32 dertill
907 1375 169 38 förefinnes,
1098 1374 50 32 må
1175 1375 100 31 kunna
1302 1379 89 37 göras
1420 1375 49 32 till
1495 1374 127 33 föremål
1648 1375 45 32 för
1712 1374 94 33 sådan
1824 1375 141 31 klander-

375 1427 96 39 talan,
493 1434 66 24 som
587 1427 10 31 i
629 1428 68 31 120
727 1431 13 32 $
769 1427 204 32 omförmäles.
1020 1427 66 32 Den
1114 1427 227 40 omständighet
1369 1428 45 31 att
1440 1427 74 32 flera
1541 1427 193 41 utdelningar
1752 1427 10 32 i
1781 1437 36 22 en
1836 1427 131 32 konkurs

376 1480 100 31 kunna
513 1489 57 32 ega
606 1489 77 28 rum,
718 1480 168 31 föranleder
913 1480 165 41 ingalunda
1105 1479 92 41 något
1223 1480 153 41 grundadt
1402 1479 186 33 tvifvelsmål
1616 1489 50 22 om
1693 1480 81 31 rätta
1800 1479 167 42 tydningen

377 1532 34 32 af
443 1531 192 41 stadgandet,
667 1533 45 31 att
748 1532 17 31 å
801 1532 132 37 fordran,
964 1542 66 22 som
1066 1532 70 32 med
1172 1532 196 32 förmånsrätt
1401 1532 97 41 utgår,
1528 1532 56 31 full
1611 1533 88 30 ränta
1727 1532 78 31 skall
1833 1531 134 42 åtnjutas

376 1584 49 32 till
454 1584 56 32 den
544 1583 69 42 dag,
645 1594 66 23 som
738 1585 45 31 för
810 1584 158 41 utdelning
997 1585 194 38 bestämmes,
1222 1584 53 33 der
1302 1586 186 40 borgenären
1516 1584 25 41 ej
1572 1584 208 32 dessförinnan
1807 1583 58 33 fått
1892 1594 74 30 upp-

376 1637 75 31 bära
486 1637 168 40 betalning.
710 1636 102 42 Något
845 1636 290 41 utdelningsförslag
1170 1637 58 31 kan
1263 1637 153 41 nemligen
1452 1637 64 32 icke
1544 1637 168 40 upprättas,
1747 1636 91 31 innan
1865 1635 103 33 utredt

376 1688 102 32 blifvit
505 1688 10 31 i
542 1688 81 32 hvad
650 1688 70 32 mån
748 1689 199 40 prioriterade
975 1688 171 42 fordringar
1174 1689 96 32 blifva
1297 1690 143 31 betäckta
1467 1690 81 30 samt
1576 1689 100 32 medel
1705 1688 102 32 dertill
1834 1688 130 36 influtit;

377 1740 56 32 och
466 1740 50 32 det
544 1743 32 29 är
604 1740 116 33 således
747 1741 123 41 tydligt,
902 1742 45 30 att
974 1740 231 42 ifrågavarande
1234 1741 169 41 stadgande
1431 1741 25 40 ej
1486 1741 57 32 kan
1573 1742 63 30 afse
1663 1740 99 41 någon
1791 1750 98 22 annan
1917 1740 48 31 ut-

376 1792 123 41 delning
527 1795 36 29 än
592 1792 67 38 den,
690 1802 67 22 som
785 1792 37 41 på
848 1792 98 42 grund
974 1793 33 31 af
1032 1793 50 31 det
1108 1793 75 31 först
1210 1792 180 41 upprättade
1418 1793 146 41 förslaget
1592 1802 70 32 eger
1688 1802 79 22 rum.
1812 1792 153 32 Motionä-

375 1854 53 22 ren
456 1847 98 38 säger,
584 1845 46 31 att
658 1845 184 40 stadgandet
869 1849 33 27 är
930 1845 146 40 orimligt,
1108 1845 114 32 derföre
1252 1846 45 30 att
1324 1846 158 39 borgenär,
1513 1845 90 32 hvars
1631 1844 123 33 fordran
1781 1844 90 41 utgår
1898 1843 70 32 med

376 1896 206 37 förmånsrätt,
612 1897 54 31 bör
698 1897 85 40 njuta
810 1898 88 31 ränta
925 1897 63 31 tills
1017 1897 157 40 betalning
1202 1897 81 37 sker;
1314 1907 69 21 men
1411 1897 156 31 Utskottet
1594 1897 59 31 kan
1680 1897 44 31 för.
1752 1896 47 31 sin
1827 1896 49 31 del
1903 1896 65 31 icke

375 1948 82 32 finna
492 1948 99 41 någon
628 1949 175 40 orimlighet
840 1949 107 37 deruti,
979 1949 45 31 att
1060 1948 67 39 den,
1158 1958 66 22 som
1253 1949 171 32 underlåter
1452 1950 46 31 att
1525 1948 17 32 å
1570 1948 57 32 den
1654 1949 45 31 för
1726 1948 160 41 utdelning
1913 1948 52 31 be-

377 2000 121 32 stämda
535 2000 60 42 dag
630 2001 77 40 lyfta
743 2001 66 31 sina
836 2001 110 38 medel,
976 2001 50 31 till
1053 2000 73 41 följd
1154 2001 88 31 deraf
1266 2000 54 41 går
1347 2001 91 31 miste
1466 2011 50 21 om
1543 2001 88 31 ränta
1658 2001 45 31 för
1731 2000 56 32 den
1814 2000 55 38 tid,
1900 2009 66 22 som

377 2052 173 32 sedermera
576 2052 145 42 förflyter.
776 2053 60 32 Det
865 2056 32 29 är
920 2053 34 41 ju
981 2053 76 31 hans
1085 2053 68 40 eget
1180 2053 51 38 fel,
1249 2063 50 22 om
1327 2053 120 32 medlen
1474 2053 119 31 lemnas
1622 2052 176 32 ofruktbara
1821 2052 11 31 i
1851 2051 115 42 sysslo-

377 2107 146 29 männens
559 2104 83 32 vård.
697 2105 59 32 Det
793 2105 33 31 af
858 2105 190 32 motionären
1083 2105 48 31 till
1168 2105 178 41 ytterligare
1384 2105 83 31 bevis
1502 2105 45 31 för
1584 2104 198 41 stadgandets
1817 2104 151 31 förmenta

378 2156 174 42 orimlighet
585 2157 124 31 anförda
737 2158 145 40 exempel,
913 2158 45 31 att
986 2167 35 22 en
1050 2157 148 41 borgenär
1225 2157 97 32 kunde
1350 2157 162 32 innehafva
1539 2156 102 33 såsom
1668 2157 155 40 hypothek
1850 2157 44 31 ett
1921 2156 45 30 in-

377 2208 143 32 tecknadt
553 2209 182 38 skuldebref,
764 2210 127 40 löpande
918 2209 71 32 med
1016 2210 97 37 ränta,
1144 2219 69 22 men
1240 2209 161 41 rättegång
1428 2209 184 41 uppkomma
1640 2218 49 22 om
1719 2208 107 41 sjelfva
1853 2208 115 32 inteck-

377 2261 121 41 ningen,
528 2261 57 32 och
618 2261 68 32 dess
714 2262 127 41 slutliga
870 2262 162 41 afgörande
1059 2261 147 42 fördröjas
1234 2261 117 33 utöfver
1379 2261 56 32 den
1464 2261 68 41 dag,
1564 2271 66 22 som
1658 2261 45 31 för
1729 2260 158 41 utdelning
1914 2261 53 31 be-

378 2314 157 38 stämmes,
566 2317 33 28 är
631 2314 69 41 föga
728 2315 197 40 upplysande,
956 2314 128 33 emedan
1113 2314 43 31 ett
1184 2313 109 32 sådant
1320 2313 188 33 förhållande
1536 2314 65 31 icke
1630 2323 93 31 gerna
1750 2314 58 31 kan
1835 2312 132 38 inträffa,

1835 2364 34 33 så
