2333 2727
545 230 20 32 2
1012 233 74 36 Lag-
1095 228 148 46 Utskottets
1270 232 146 30 Utlåtande
1440 234 53 28 N:o
1518 237 49 25 13.

502 332 70 22 vore
609 322 111 41 egnadt
757 321 45 32 att
829 321 162 32 framkalla
1018 321 143 42 missnöje
1191 323 91 31 bland
1309 323 103 31 folket.
1469 324 186 40 Visserligen
1683 324 98 32 kunde
1809 334 36 22 en
1871 325 127 32 Rättens
2027 335 66 22 om-

502 374 150 33 budsman
691 384 72 23 vara
800 373 131 42 behoflig
967 375 9 31 i
1013 374 161 42 vidlyftiga
1211 375 180 38 konkurser;
1430 386 68 22 men
1527 376 114 33 derföre
1669 376 92 33 borde
1789 377 51 32 det
1868 378 159 31 ankomma
2058 377 37 41 på

503 428 220 41 borgenärerne
760 426 106 40 sjelfva
905 427 45 31 att
977 427 10 30 i
1015 426 102 41 hvarje
1153 427 144 32 särskildt
1324 428 54 31 fall
1407 428 115 41 afgöra,
1552 428 147 32 huruvida
1728 439 34 21 en
1793 429 94 32 sådan
1916 430 95 31 skulle
2041 439 52 22 an-

500 481 99 41 tagas.
655 479 223 46 Motionärerne
906 478 109 33 föreslå
1043 478 127 39 således,

655 533 77 32 Herr
761 532 68 31 Ake
857 532 200 37 Andersson,
1090 532 67 32 med
1185 532 119 32 hvilken
1332 533 78 32 Herr
1440 535 34 30 J.
1511 534 47 34 W.
1589 535 182 41 Lundqvist
1797 534 117 32 förenat
1942 535 58 41 sig,
2031 536 63 30 »att

499 585 51 32 vid
587 584 248 33 sammanträden
864 585 9 30 i
901 585 163 31 konkurser
1099 585 44 31 för
1177 584 142 33 utseende
1348 586 33 31 af
1404 585 77 42 gode
1509 590 69 28 män
1608 587 56 31 och
1692 587 170 41 sysslomän
1891 587 50 31 det
1969 587 50 31 må
2047 587 45 31 stå

500 639 183 40 borgenärer
710 637 66 31 fritt
805 638 44 30 att
877 638 130 37 besluta,
1038 647 49 22 om
1116 637 35 32 de
1180 647 71 22 anse
1271 639 127 31 KRättens
1419 639 203 32 ombudsman
1641 649 72 22 vara
1732 639 43 31 för
1794 640 217 31 konkursboets
2032 639 59 31 för-

501 691 137 39 valtning
666 690 140 40 behöflig,
837 689 37 32 då
903 689 116 42 sjelfva,
1051 690 73 32 eller
1151 690 9 31 i
1190 690 120 31 samråd
1339 691 69 31 med
1436 691 121 38 Rätten,
1588 693 67 31 utse
1683 702 35 22 en
1746 692 44 32 för
1818 692 189 40 sakkunskap
2037 692 55 31 och

499 743 164 32 redbarhet
699 742 77 32 känd
814 752 68 21 man
918 742 48 31 till
1004 742 87 32 deras
1119 742 118 32 biträde
1265 752 65 22 som
1358 744 114 31 rättens
1502 743 214 39 ombudsman,
1746 754 69 22 men
1844 745 9 30 i
1881 745 129 31 motsatt
2037 745 55 31 fall

499 795 185 31 öfverlemna
712 793 168 41 uppdraget
908 795 120 30 ensamt
1055 793 30 31 åt
1112 793 77 41 gode
1218 797 70 27 män
1317 794 56 31 och
1401 795 199 40 sysslomän»:
1632 796 81 30 samt

653 846 78 32 Herr
758 846 149 42 Sjögren,
945 847 63 30 »att
1035 846 50 31 vid
1113 845 142 32 inträffad
1282 846 129 32 konkurs
1439 846 97 41 någon
1563 848 127 31 Rättens
1720 847 202 32 ombudsman
1950 848 65 31 icke
2043 848 49 31 må

498 898 169 36 förordnas,
704 898 90 31 innan
832 898 219 40 borgenärerne
1088 898 91 31 hörde
1215 898 101 31 blifvit
1352 899 56 31 och
1446 898 87 32 deras
1568 900 159 39 pluralitet
1761 899 54 32 hos
1845 899 144 32 domaren
2019 900 74 32 eller

500 950 171 32 domstolen
701 950 102 31 derom
832 950 169 31 framställt
1028 950 143 41 begäran,
1203 950 153 32 äfvensom
1387 952 45 30 att
1461 950 35 31 då
1525 952 127 31 Rättens
1673 951 202 32 ombudsman
1895 952 65 31 icke
1983 952 109 31 tillför-

498 1002 120 39 ordnas,
658 1002 110 32 dennes
804 1002 9 31 i
850 1002 219 41 konkurslagen
1097 1003 153 40 upptagna
1278 1002 161 42 åliggande
1468 1002 50 32 må
1544 1003 187 41 öfverflyttas
1759 1002 17 32 å
1803 1004 85 31 boets
1916 1004 76 41 gode
2021 1008 70 28 män

498 1055 56 31 och
582 1055 182 40 sysslomän,
795 1053 104 32 såvida
928 1054 25 41 ej
983 1064 84 22 mera
1094 1055 141 40 lämpligt
1263 1064 97 28 anses,
1382 1056 45 30 att
1447 1055 89 32 dessa
1555 1056 104 41 bestyr
1678 1056 33 31 af
1727 1055 144 33 domaren
1891 1056 199 41 öfvertages.»

650 1106 43 31 På
730 1107 62 30 sätt
827 1106 240 41 Lag-Utskottet
1095 1106 8 31 i
1132 1106 159 32 enahanda
1318 1106 84 42 fråga
1430 1107 150 32 tillförene
1609 1109 123 36 erinrat,
1763 1118 54 22 var
1845 1108 57 32 den
1929 1118 60 31 nya
2016 1109 73 31 kon-

497 1159 159 39 kurslagen
698 1158 180 41 föregången
921 1159 33 30 af
991 1168 34 21 en
1068 1158 61 31 lika
1163 1159 113 30 allmän
1305 1168 67 22 som
1399 1159 107 32 rättvis
1533 1160 112 40 klagan
1673 1160 82 31 öfver
1783 1160 56 31 den
1866 1161 111 40 ytterst
2004 1160 86 42 lång-

496 1220 121 23 samma
653 1210 221 41 förvaltningen
912 1210 56 32 och
1005 1210 197 41 utredningen
1241 1211 33 31 af
1306 1211 260 39 konkursmassor,
1606 1212 154 32 äfvensom
1789 1212 82 32 öfver
1899 1212 192 41 svårigheten

498 1264 46 30 att
571 1262 97 32 förmå
695 1262 177 41 försumlige
900 1262 77 41 gode
1004 1265 70 28 män
1104 1262 56 31 och
1189 1263 171 40 sysslomän
1389 1264 45 30 att
1460 1263 130 41 fullgöra
1619 1264 65 31 sina
1712 1264 216 40 skyldigheter.
1984 1263 106 33 Såsom

497 1316 45 30 ett
570 1314 151 32 korrektiv
749 1315 9 30 i
786 1314 84 31 detta
898 1314 170 32 hänseende
1097 1314 56 32 och
1181 1315 44 31 för
1254 1315 46 31 att
1327 1315 188 32 förekomma
1543 1316 56 31 den
1629 1316 159 31 osäkerhet
1807 1316 56 31 och
1882 1316 36 31 de
1938 1316 151 38 förluster,

496 1376 65 22 som
603 1366 197 42 egennyttiga
841 1365 142 42 åtgärder
1010 1366 34 31 af
1075 1366 77 41 gode
1188 1370 72 28 män
1296 1367 57 32 och
1380 1368 172 40 sysslomän
1579 1368 98 31 kunde
1703 1368 166 41 tillskynda
1896 1368 194 41 borgenärer,

495 1419 131 31 infördes
663 1419 210 31 institutionen
911 1418 34 31 af
977 1428 36 22 en
1049 1419 127 31 Rättens
1213 1419 214 32 ombudsman.
1498 1420 102 32 Denne
1629 1420 33 31 af
1686 1420 111 31 Rätten
1834 1420 73 31 eller
1944 1420 144 33 domaren

495 1470 178 32 förordnade
702 1470 212 38 ombudsman,
945 1470 119 32 hvilken
1093 1470 70 41 sjelf
1187 1471 65 31 icke
1279 1471 105 41 lägger
1412 1471 81 31 hand
1512 1472 51 32 vid
1582 1472 221 40 förvaltningen
1823 1472 74 32 eller
1916 1472 56 32 har
1990 1472 98 41 någon

493 1523 136 40 uppbörd
656 1523 45 31 för
728 1523 235 40 borgenärernes
991 1522 126 41 räkning
1145 1522 47 41 sig
1212 1523 183 38 anförtrodd,
1419 1523 115 41 åligger
1553 1525 45 30 att
1616 1534 79 31 noga
1714 1524 77 31 vaka
1809 1524 82 32 öfver
1909 1525 179 31 förvaltnin-

494 1584 74 30 gens
604 1575 117 40 lagliga
754 1574 80 41 gång
871 1574 55 32 och
964 1575 55 38 att,
1059 1584 48 22 om
1136 1575 77 40 gode
1241 1578 129 29 männen
1399 1576 74 31 eller
1500 1576 230 41 sysslomännen
1758 1576 144 32 beträdas
1930 1577 70 31 med
2028 1577 60 31 för-

495 1627 164 31 summelse
688 1627 73 30 eller
788 1626 218 40 motvillighet,
1037 1626 109 31 sådant
1174 1627 121 30 anmäla
1324 1627 54 31 hos
1405 1628 122 37 Rätten,
1557 1637 66 22 som
1652 1627 37 31 då
1715 1628 54 30 bör
1795 1627 133 32 tillhålla
1955 1628 67 31 dem
2043 1629 46 30 att

495 1678 65 32 sina
588 1678 183 41 åligganden
800 1678 140 40 fullgöra,
971 1678 83 38 eller,
1085 1678 76 32 efter
1189 1678 310 42 omständigheterna,
1530 1680 109 40 genast
1666 1679 89 41 skilja
1783 1679 69 32 dem
1877 1679 65 32 från
1961 1680 125 31 förvalt-

494 1730 122 39 ningen.
671 1729 48 32 Då
754 1740 35 21 en
826 1731 150 39 borgenär
1012 1730 160 37 tillförene,
1212 1730 45 32 för
1293 1732 45 30 att
1373 1734 74 35 göra
1483 1731 46 31 sin
1556 1732 62 31 rätt
1645 1732 141 40 gällande
1814 1732 66 31 mot
1906 1732 182 31 tredskande

493 1782 263 40 utredningsmän,
794 1781 156 41 nödgades
986 1781 184 32 underkasta
1199 1782 47 41 sig
1275 1782 233 41 olägenheterna
1538 1783 34 31 af
1596 1792 35 22 en
1659 1783 180 31 tidsödande
1867 1783 56 31 och
1950 1783 137 32 kostsam

492 1833 170 41 rättegång,
700 1833 151 32 erfordras
885 1843 39 21 nu
953 1834 79 31 blott
1060 1843 34 22 en
1123 1834 141 31 anmälan
1293 1834 55 32 hos
1377 1834 273 38 ombudsmannen,
1681 1835 91 32 hvars
1799 1835 78 41 pligt
1904 1835 50 32 det
1982 1839 33 28 är
2043 1836 46 31 att

492 1886 112 32 bereda
632 1885 56 32 den
716 1886 136 37 rättelse,
884 1885 124 32 hvartill
1036 1895 35 22 en
1101 1885 94 32 sådan
1223 1887 142 30 anmälan
1393 1886 178 32 föranleder.
1627 1887 165 32 Dessutom
1820 1887 188 32 tillkommer
2037 1887 50 32 det

492 1937 111 32 honom
632 1938 46 31 att
705 1937 68 32 leda
800 1937 72 32 flera
902 1938 33 30 af
960 1938 235 40 borgenärernas
1224 1938 117 41 vigtiga
1368 1938 265 41 öfverläggningar
1661 1940 82 30 samt
1762 1940 46 30 att
1825 1939 142 32 meddela
1986 1940 100 31 beslut

491 1989 7 30 i
529 1989 154 40 åtskilliga
712 1989 313 41 förvaltningsfrågor,
1057 1990 90 31 likväl
1174 1990 73 32 utan
1275 1990 212 32 förnärmande
1516 1990 34 32 af
1574 1990 56 32 den
1656 1991 179 32 beslutande
1855 1992 70 37 rätt,
1946 2001 65 21 som
2031 1992 54 31 bör

491 2042 219 40 borgenärerne
747 2041 99 32 allena
882 2041 185 39 tillkomma,
1106 2041 155 32 äfvensom
1298 2043 46 31 att
1379 2042 9 31 i
1425 2042 123 32 samråd
1584 2042 69 32 med
1687 2043 229 41 sysslomännen
1943 2044 142 40 upprätta

490 2093 299 42 utdelningsförslag.
845 2094 104 31 Denna
986 2093 172 32 institution
1188 2097 32 28 är
1248 2094 117 32 således
1395 2095 44 31 ett
1465 2095 115 40 ganska
1608 2095 111 41 vigtigt
1746 2096 136 31 moment
1909 2096 9 30 i
1946 2095 52 32 vår
2025 2105 59 31 nya

490 2145 193 41 konkurslag,
714 2145 56 32 och
798 2145 73 32 flera
898 2146 33 31 af
956 2145 97 32 denna
1080 2146 68 40 Jags
1177 2146 189 39 stadganden
1395 2149 49 29 äro
1474 2146 90 41 derpå
1591 2147 166 40 grundade.

592 2198 240 31 Motionärernes
861 2198 193 31 förmenande
1083 2199 45 30 att
1156 2198 55 31 den
1240 2197 180 41 ifrågasatta
1449 2199 265 41 lagförändringen
1743 2199 95 32 skulle
1867 2209 72 22 vara
1967 2200 34 30 af
2025 2199 57 31 all-

490 2252 110 28 männa
629 2249 159 41 meningen
817 2249 140 40 påkallad
987 2250 78 31 lärer
1092 2250 64 31 icke
1185 2259 55 31 ega
1268 2250 97 41 någon
1393 2251 108 41 grund.
1557 2251 143 31 Tvärtom
1730 2251 86 32 torde
1845 2251 52 32 det
1924 2261 69 21 vara
2024 2252 57 30 all-

489 2302 86 30 mänt
611 2302 135 37 erkändt,
786 2302 45 30 att
865 2301 230 40 ifrågavarande
1124 2302 170 31 institution
1324 2302 38 40 på
1390 2304 43 30 ett
1461 2303 114 40 ganska
1602 2303 284 31 tillfredsställande
1915 2304 60 30 sätt
2003 2305 79 29 mot-

489 2354 104 31 svarat
620 2354 54 30 sitt
702 2352 152 38 ändamål,
885 2353 65 32 icke
978 2354 95 31 minst
1102 2353 174 41 derigenom
1306 2354 45 32 att
1378 2354 36 32 de
1443 2354 88 32 flesta
1558 2354 108 32 tvister
1693 2354 126 33 rörande
1848 2355 153 31 bevakade
2021 2355 61 31 for-
