1888 2778
250 137 40 31 12
677 138 290 32 Statsutskottets
989 138 181 32 utlåtande
1191 148 44 21 nr
1260 138 72 32 160.

253 220 335 40 tingkommissarie.
607 222 248 31 Kostnaderna
873 222 55 31 för
947 222 187 41 uttagning
1152 223 65 30 och
1234 222 87 31 vård
1339 232 46 21 m.
1403 232 47 21 m.
1469 232 43 21 av
1530 223 42 30 de
1589 223 182 40 tbe-sjuka

253 270 136 31 barnen
412 271 11 30 i
447 271 135 30 Trieste
605 272 111 40 jämte
741 272 196 39 utgifterna
960 273 55 30 för
1041 273 348 39 omhändertagande
1417 282 44 21 av
1484 273 154 32 barnens
1662 273 111 31 anhö-

253 321 76 39 riga
353 330 102 21 anses
479 321 122 31 därför
626 322 85 30 böra
734 322 175 31 bestridas
933 323 83 30 från
1038 323 157 30 nämnda
1221 323 133 39 anslag.
1378 323 231 30 Beträffande
1632 324 43 30 de
1698 323 74 31 tbe-

253 371 109 39 sjuka
380 371 145 40 judiska
545 372 244 40 flyktingarna
808 373 75 34 har,
904 373 117 31 såsom
1042 373 157 39 framgår
1221 383 43 21 av
1283 373 69 30 den
1371 374 97 30 förut
1488 374 164 30 lämnade
1672 374 100 30 redo-

253 421 170 39 görelsen,
448 421 98 32 Joint
570 422 109 40 åtagit
703 423 54 39 sig
781 424 52 29 att
857 423 115 30 betala
998 423 220 40 uttagnings-
1243 423 67 31 och
1334 423 319 31 resekostnaderna
1678 426 93 28 samt

253 471 189 38 därutöver
466 473 50 29 ett
542 472 126 41 belopp
693 482 44 21 av
764 473 97 31 19000
886 473 131 32 dollars
1046 473 55 31 för
1125 473 100 40 varje
1250 473 75 31 fall.
1351 474 98 30 Joint
1474 474 66 30 har
1566 483 124 21 senare
1716 481 56 32 ge-

253 530 86 21 nom
367 521 188 40 ledningen
583 522 56 31 för
666 522 179 31 Mosaiska
873 523 254 40 församlingen
1154 523 12 30 i
1196 523 204 31 Stockholm
1428 524 204 40 skriftligen
1657 524 114 30 utfäst

253 571 55 40 sig
333 573 52 29 att
410 572 156 31 bestrida
592 573 164 40 samtliga
783 573 191 31 kostnader
1001 573 12 30 i
1040 574 172 30 samband
1242 574 82 30 med
1351 574 42 30 de
1419 574 126 40 sjukas
1572 575 198 39 uttagning,

252 621 233 32 överförande
504 623 66 30 och
592 622 86 31 vård
696 623 115 30 under
828 623 206 40 budgetåret
1055 624 162 36 1952/53.
1238 625 68 29 För
1324 625 103 30 nästa
1447 624 171 40 budgetår
1636 625 135 30 behöva

251 671 107 32 alltså
375 672 77 30 icke
471 672 142 31 anvisas
632 673 110 40 några
760 674 116 30 medel
894 673 56 31 för
968 674 97 30 detta
1086 674 177 31 ändamål.
1282 674 400 40 Departementschefen
1700 675 72 31 för-

252 723 161 34 utsätter,
432 724 51 29 att
501 723 193 30 kostnader
715 723 57 32 för
792 723 200 41 starthjälp,
1012 724 187 40 uppehälle
1218 724 114 31 under
1350 725 227 40 omskolning
1595 725 85 31 eller
1698 734 73 21 om-

251 773 289 39 händertagande
560 783 44 20 av
625 773 328 40 arbetsoförmögna
973 774 172 40 anhöriga
1165 775 100 30 skola
1285 775 175 30 bestridas
1482 775 82 30 från
1585 776 42 30 de
1648 775 124 40 anslag

252 823 115 30 under
388 823 107 30 femte
517 823 67 31 och
607 823 143 31 åttonde
774 824 279 34 huvudtitlarna,
1076 824 159 31 varifrån
1258 825 134 31 sådana
1415 825 146 40 utgifter
1584 826 188 39 regelmäs-

253 872 69 41 sigt
337 873 93 40 utgå.

298 923 79 30 Med
395 923 140 40 hänsyn
553 924 54 30 till
628 924 41 30 de
688 924 203 36 kostnader,
913 934 75 20 som
1008 925 190 30 framdeles
1217 926 123 29 kunna
1360 926 219 40 uppkomma
1599 926 56 30 för
1675 926 96 30 med-

252 973 150 31 delande
418 983 43 21 av
475 974 88 30 vård
580 974 35 30 åt
634 974 41 30 de
692 974 107 40 sjuka
816 975 253 39 flyktingarna,
1087 984 103 21 anses
1207 976 209 39 riksdagens
1437 976 232 39 medgivande
1685 976 86 31 böra

251 1023 181 31 inhämtas
453 1023 53 30 till
526 1024 43 30 de
590 1033 90 22 ovan
701 1024 190 31 förordade
911 1025 323 40 hjälpaktionerna.

299 1098 186 32 Utskottet.
507 1099 51 30 De
578 1099 230 31 humanitära
831 1100 87 36 skäl,
941 1109 75 21 som
1038 1100 193 31 förestavat
1252 1101 208 39 riksdagens
1486 1101 149 40 tidigare
1656 1102 116 30 beslut

253 1157 59 21 om
337 1149 232 31 Ööverförande
593 1150 55 29 till
674 1150 78 30 vårt
778 1150 84 30 land
888 1159 43 21 av
955 1150 107 39 sjuka
1088 1150 196 40 flyktingar
1310 1152 66 29 och
1401 1152 171 39 anhöriga
1598 1152 54 29 till
1680 1152 91 34 dem,

250 1199 146 31 kvarstå
426 1200 162 40 alltjämt.
623 1201 79 31 Med
732 1201 142 39 hänsyn
904 1202 120 30 härtill
1056 1202 194 39 tillstyrker
1281 1203 173 29 utskottet
1485 1203 127 39 Kungl.
1644 1203 127 40 Maj:ts

250 1248 144 41 förslag.

295 1299 177 32 Utskottet
493 1299 214 36 hemställer,

607 1351 51 30 att
681 1349 191 41 riksdagen
895 1351 58 29 må
976 1352 170 38 medgiva,
1172 1353 50 29 att
1247 1352 9 29 i
1283 1352 137 40 Sverige
1445 1353 100 31 skola
1568 1354 55 30 för
1647 1354 125 30 varak-

563 1399 50 41 tig
632 1399 140 31 vistelse
794 1401 174 38 mottagas
990 1401 164 40 omkring
1174 1401 41 31 35
1237 1403 317 39 tuberkulossjuka
1576 1404 195 39 flyktingar

562 1449 111 40 jämte
692 1450 105 39 högst
816 1450 40 30 25
878 1451 170 40 anhöriga
1066 1451 52 30 till
1138 1452 90 29 dem.

300 1546 203 31 Stockholm
525 1548 68 30 den
616 1548 39 30 16
679 1548 70 40 maj
777 1548 95 31 1952.

743 1648 48 30 På
818 1650 281 31 statsutskottets
1128 1651 147 38 vägnar:

785 1749 175 30 MARTIN
986 1750 247 31 SKOGLUND.

294 1905 242 32 Närvarande:
557 1916 36 22 se
612 1908 111 31 under
743 1908 198 31 utlåtandet
960 1918 41 22 nr
1023 1909 71 30 158.
