1904 2822
250 140 42 32 36
660 146 111 28 Andra
795 145 225 37 lagutskottets
1043 147 166 29 utlåtande
1231 148 48 28 Nr
1290 149 48 28 18.

253 216 31 41 1)
313 216 67 31 För
416 217 123 31 hustru
579 218 91 38 eller,
710 219 61 31 där
810 219 119 41 bidrag
957 220 31 41 ej
1019 222 98 39 utgår
1144 221 54 31 för
1226 221 132 38 hustru,
1386 232 111 21 annan

315 266 286 41 familjemedlem,
629 277 74 23 som
730 269 147 31 förestår
903 269 66 32 den
996 270 246 41 värnpliktiges
1269 270 78 32 hem
1377 296 117 5 .........
1520 271 125 32 kronor
1668 273 86 30 2:—

249 316 32 42 2)
310 317 68 31 För
397 329 111 20 annan
529 318 278 42 familjemedlem
828 322 78 29 över
927 321 38 30 16
986 323 37 28 år
1043 323 42 29 än
1105 332 73 21 som
1198 331 100 22 avses
1318 322 12 31 i
1349 322 108 41 punkt
1489 323 5 29 1
1574 336 14 14 »
1666 323 85 30 1:50

250 367 33 42 3)
312 367 68 32 För
396 379 111 20 annan
525 369 278 41 familjemedlem
820 370 107 32 wnder
946 371 39 31 16
1003 373 37 29 år
1057 373 42 30 än
1117 382 73 21 som
1207 381 99 23 avses
1324 372 12 31 i
1352 373 109 40 punkt
1491 374 3 29 I
1576 386 13 15 »
1668 375 86 30 1:—

304 451 31 42 6)
363 464 40 19 av
421 453 117 31 herrar
557 453 109 39 Hage,
690 453 150 33 Olovson
859 455 12 30 i
888 455 163 32 Västerås
1072 456 61 31 och
1152 455 191 41 Molander,
1363 457 89 32 vilka
1471 457 93 32 inom
1584 458 169 31 utskottet

247 502 184 38 hemställt,
455 505 50 29 att
528 503 166 32 utskottet
716 506 106 29 måtte
846 505 170 41 tillstyrka

303 552 75 32 dels
403 553 56 31 det
483 554 12 30 i
521 554 174 31 motionen
720 554 50 31 II:
785 555 61 31 213
869 556 12 30 i
905 556 199 42 anslutning
1127 556 54 32 till
1205 561 21 28 4
1250 558 22 40 $
1296 558 185 32 framförda
1505 559 166 41 yrkandet
1695 570 56 20 om

247 603 114 40 någon
382 602 145 43 höjning
547 614 40 21 av
608 603 295 42 familjebidraget,

303 654 75 31 dels
394 655 60 30 ock
470 654 59 31 det
544 655 12 30 i
572 655 173 31 motionen
761 655 50 31 IT:
826 656 59 31 208
901 657 187 32 framförda
1102 658 175 41 yrkandet,
1294 661 50 29 att
1359 659 181 41 riksdagen
1557 660 71 32 icke
1644 662 104 30 måtte

248 703 121 32 bifalla
402 704 126 41 Kungl.
565 704 117 41 Maj:ts
718 705 131 41 förslag
881 716 53 22 om
958 717 42 21 en
1025 710 41 29 16
1087 709 22 39 $
1131 718 41 20 av
1195 707 178 40 innebörd,
1398 711 50 29 att
1471 709 277 41 familjemedlem

247 753 112 33 skulle
381 754 114 32 kunna
518 754 181 41 förpliktas
722 757 51 30 att
795 756 64 31 hos
882 756 322 44 arbetsförmedling
1226 758 132 31 anmäla
1381 760 53 41 sig
1456 759 55 32 för
1534 760 149 33 sökande
1706 771 41 20 av

246 805 117 31 arbete
384 805 61 32 och
465 808 150 39 mottaga
636 806 123 31 sådant
778 806 123 32 arbete.

682 2455 133 21 Stockholm
832 2457 58 19 1940.
913 2459 28 18 K.
955 2459 25 19 L.
995 2446 133 33 Beckmans
1137 2460 160 22 Boktryckeri.
