1912 2804
93 1817 157 24 Riksråken-

86 1852 171 29 skapsverket.

340 148 41 30 30
647 149 421 36 Bevillningsutskottets
1086 149 224 32 betänkande
1326 150 52 31 Nr
1404 149 50 30 53.

295 235 96 31 vissa
415 234 61 31 vid
500 234 120 36 piano-
644 234 63 31 och
731 234 361 36 orgelfabrikationen
1115 234 164 31 använda
1303 234 245 31 halvfabrikat
1564 232 234 35 (betänkande

295 296 44 21 nr
363 283 65 39 11),
463 286 95 31 vissa
591 286 77 37 slag
703 296 44 21 av
781 286 124 32 böcker
929 283 231 37 (betänkande
1188 296 42 20 nr
1255 284 64 38 12),
1344 286 96 31 vissa
1463 286 78 36 slag
1564 296 45 22 av
1633 287 165 36 gardiner

295 337 233 36 (betänkande
551 348 43 21 nr
628 337 65 38 13),
727 338 208 38 kardbeslag
969 336 232 36 (betänkande
1226 348 42 21 nr
1292 336 64 39 14),
1381 339 180 31 vävnader
1584 349 45 21 av
1653 340 53 31 ull
1730 337 68 36 (be-

295 391 176 31 tänkande
500 400 43 21 nr
566 388 65 38 15),
656 391 95 30 vissa
774 391 142 31 arbeten
939 401 45 20 av
1007 390 166 31 eelluloid
1197 400 46 21 m.
1268 391 34 30 fl.
1327 391 229 36 konstgjorda
1580 394 127 28 ämnen
1731 390 67 35 (be-

295 442 177 31 tänkande
506 452 42 20 nr
584 439 64 38 16),
684 442 215 35 skördegarn
933 440 231 35 (betänkande
1192 451 43 21 nr
1260 440 65 37 19),
1350 442 190 31 konstister
1564 439 233 36 (betänkande

295 504 42 20 nr
362 491 65 38 21),
464 493 95 31 vissa
593 503 69 27 nya
698 493 332 31 kemiskt-tekniska
1053 494 162 35 preparat
1238 490 233 36 (betänkande
1496 503 42 21 nr
1562 491 64 38 27),
1650 495 148 31 fönster-

293 546 76 36 glas
404 543 233 36 (betänkande
672 555 42 21 nr
747 546 40 30 29
811 546 63 30 och
897 545 183 31 memorial
1104 555 43 20 nr
1171 543 65 38 33),
1260 545 142 31 arbeten
1426 555 45 21 av
1495 546 216 31 aluminium
1735 547 62 31 och

294 597 219 31 underreden
536 597 58 31 till
619 597 158 36 flygplan
800 599 92 28 samt
915 597 78 31 med
1017 597 262 35 gummiringar
1302 597 161 31 försedda
1488 597 78 36 hjul
1591 597 58 31 till
1665 598 133 31 sådana

294 648 124 31 fordon
451 646 233 35 (betänkande
718 658 43 20 nr
795 646 63 38 30),
883 650 172 34 eyanväte
1078 646 235 34 (betänkande
1336 658 43 20 nr
1402 645 65 38 31),
1491 658 26 21 s.
1542 648 34 31 k.
1600 649 104 30 oäkta
1727 659 71 21 sar-

293 700 101 31 diner
428 699 63 31 och
526 709 25 21 s.
577 700 32 30 k.
645 699 276 36 rågummisulor
954 701 91 29 samt
1081 699 283 35 gummiklaekar
1398 699 63 31 och
1494 700 236 34 gummisulor
1753 710 44 20 av

293 751 100 37 mjuk
429 750 200 32 kautsehuk
664 749 233 35 (betänkande
931 760 42 22 nr
1001 748 54 36 49)
1090 752 91 30 samt
1216 750 223 37 superfosfat,
1475 751 236 37 kalksalpeter
1735 752 63 31 och

294 803 124 32 karbid
453 800 232 37 (betänkande
710 813 43 21 nr
778 800 63 40 50),
866 803 97 32 torde
987 803 75 31 icke
1086 813 85 21 vara
1194 813 45 21 av
1264 803 65 31 den
1355 803 175 37 betydelse
1550 804 52 30 att
1622 804 177 31 desamma

293 856 134 31 behöva
462 857 100 34 tagas
586 855 12 31 i
621 855 229 31 betraktande
884 855 61 31 vid
980 855 239 36 beräkningen
1253 865 46 21 av
1332 855 271 31 inkomsttiteln.
1649 856 150 36 Hänsyn

293 917 103 27 synes
420 907 124 31 därvid
568 907 33 36 ej
624 907 111 31 heller
759 907 134 31 behöva
915 908 101 35 tagas
1040 907 57 30 till
1122 906 40 31 de
1186 917 44 20 av
1255 906 241 31 innevarande
1520 907 143 36 riksdag
1686 908 113 31 beslu-

293 959 77 31 tade
403 958 242 36 ändringarna
669 959 12 30 i
705 958 405 37 tulltaxeförordningen
1144 956 282 35 (betänkandena
1450 968 43 20 nr
1517 958 51 36 26,
1593 959 40 30 28
1657 959 63 31 och
1744 956 55 36 30)

293 1011 63 31 och
390 1010 253 36 förordningen
678 1009 66 32 den
779 1010 39 31 13
853 1010 179 31 december
1056 1010 83 31 1912
1163 1009 180 37 angående
1367 1009 275 32 tullrestitution
1667 1011 12 30 i
1703 1011 96 31 vissa

293 1063 65 30 fall
382 1062 61 32 vid
467 1062 225 32 återutförsel
715 1072 45 21 av
784 1062 167 31 utländsk
975 1072 86 21 vara
1084 1060 232 35 (betänkande
1339 1071 42 22 nr
1405 1059 64 36 198).

337 1165 69 31 Vid
429 1165 245 36 övervägande
697 1174 45 21 av
766 1165 57 31 det
846 1165 134 36 förslag
1003 1165 58 31 till
1085 1165 198 35 beräkning
1307 1175 45 20 av
1376 1164 230 32 förevarande
1630 1165 168 31 inkomst-

293 1217 90 36 titel,
407 1226 74 22 som
516 1216 135 36 Kungl.
686 1215 103 37 Maj:t
823 1216 12 31 i
869 1217 263 35 propositionen
1166 1226 42 21 nr
1244 1217 62 30 227
1335 1216 180 36 framlagt,
1540 1216 64 31 har
1628 1216 170 32 utskottet

294 1270 141 30 stannat
459 1268 60 32 vid
544 1269 51 30 att
619 1268 140 31 förorda
783 1268 101 32 bifall
910 1268 56 31 till
991 1268 202 32 detsamma.

337 1372 179 32 Utskottet
539 1372 203 33 hemställer
765 1372 115 35 alltså,

737 1459 52 29 att
824 1457 209 32 tullmedlen
1063 1458 108 30 måtte
1197 1457 53 31 för
1274 1457 209 36 budgetåret
1507 1458 213 32 1926—1927
1745 1458 53 31 be-

695 1509 128 31 räknas
847 1509 57 30 till
1262 1534 98 2 cc
1421 1510 128 30 kronor
1574 1510 224 35 128,000,000.

1013 1613 62 30 8:0.

863 1705 361 41 Sockerskatten.

338 1811 156 32 Rörande
517 1812 111 30 denna
653 1811 226 31 inkomsttitel
902 1811 64 31 har
990 1811 398 36 riksräkenskapsverket
1411 1811 114 31 anfört
1549 1812 164 36 följande:

341 1875 250 33 »Sockerskatt,
614 1872 205 36 bevillning,
843 1874 40 28 är
905 1872 13 31 i
941 1872 225 31 riksstaterna
1189 1872 52 31 för
1266 1872 208 36 budgetåren
1498 1873 215 31 1924—1925
1737 1873 61 31 och

294 1916 199 32 1925—1926
514 1918 183 35 upptagen
719 1916 57 31 till
797 1916 179 36 25,000,000
996 1916 202 36 respektive
1219 1916 179 37 25,400,000
1418 1916 141 32 kronor.

335 1959 76 32 Den
433 1959 168 32 behållna
626 1959 200 32 inkomsten
849 1959 68 31 har
938 1959 154 37 utgjort:

491 2020 39 31 år
553 2019 85 32 1921
660 2046 296 2 soossssmmnmnmnnnnsnnsn
976 2046 242 2 nns
1246 2020 124 30 Kronor
1394 2019 194 37 25,113,690

506 2075 14 16 »
558 2063 84 31 1922
686 2088 132 4 sirresversenses
992 2088 2 4 SAS
1070 2088 132 4 ETENNERNRAN
1310 2075 13 16 »
1363 2059 18 46 —
1394 2064 194 35 24,718,447

505 2118 13 17 »
556 2106 84 31 1923
664 2105 97 42 (/,—
767 2106 66 41 301.)
848 2090 26 44 ..
1024 2132 2 2 .
1134 2132 34 2 a
1308 2118 14 16 »
1393 2107 193 35 11,679,525

491 2150 199 36 budgetåret
712 2149 126 32 1923—
843 2131 117 50 1924
992 2176 80 2 ÖDE
1156 2176 46 2 brad
1309 2161 14 17 »
1362 2144 18 48 —
1394 2150 193 35 28,266,992

583 2204 13 17 »
712 2194 214 30 1924—1925
1038 2218 12 4 9
1134 2218 90 4 NN
1310 2204 13 17 »
1394 2193 204 36 29,768,558.

328 2280 19 31 I
358 2290 43 22 en
415 2281 83 32 från
510 2280 334 38 kontrollstyrelsen
857 2280 57 32 till
926 2280 423 37 riksräkenskapsverket
1360 2280 232 32 överlämnad
1604 2290 191 27 promemo-

296 2324 56 31 ria
376 2325 156 31 anföres:
560 2324 85 32 ”Den
668 2324 167 32 behållna
858 2325 199 31 inkomsten
1082 2336 45 20 av
1152 2325 267 31 sockerskatten
1441 2324 166 37 utgjorde
1633 2325 56 31 för
1713 2323 85 33 bud-

295 2369 137 34 getåret
463 2368 198 31 1924-1925
692 2368 179 36 29,768,557
892 2369 131 30 kronor
1044 2368 38 31 95
1105 2370 69 29 öre.
1212 2367 18 31 I
1252 2367 465 37 statsverkspropositionen
1739 2366 58 32 till

295 2411 78 31 1925
392 2412 60 31 års
470 2410 149 37 riksdag
637 2411 221 32 beräknades
877 2421 138 21 samma
1033 2411 97 32 skatt
1150 2411 58 31 till
1227 2411 178 36 28,000,000
1423 2411 132 31 kronor
1576 2411 56 31 för
1649 2410 145 36 budget-

294 2455 78 31 året
412 2454 207 31 1925—1926.
659 2454 53 32 På
751 2454 117 36 grund
897 2464 46 21 av
963 2454 210 36 riksdagens
1192 2454 116 31 beslut
1328 2454 153 31 rörande
1500 2453 234 36 nedsättning
1751 2463 46 22 av
