1914 2800
480 173 421 38 Bevillningsutskottets
919 171 223 34 belänkande
1159 171 53 31 Nr
1236 171 50 30 53.
1544 166 40 31 49

127 257 118 31 vilken
279 255 149 36 ändring
463 254 94 31 torde
579 253 83 31 böra
685 252 100 31 träda
809 252 11 30 i
845 251 92 30 kraft
961 250 63 31 den
1048 251 17 29 1
1091 249 66 36 juli
1182 249 94 30 1926.
1323 247 140 34 Förslag
1487 245 54 31 till
1564 245 65 30 för-

128 309 151 35 fattning
302 318 56 21 om
383 307 135 31 fortsatt
540 305 225 36 tillämpning
790 303 54 31 för
866 303 200 35 budgetåret
1096 301 77 31 1926
1191 302 113 29 —1927
1329 310 43 20 av
1396 298 149 31 nämnda
1564 298 66 29 för-

128 361 148 36 ordning
312 358 237 32 innefattande
583 358 66 30 den
682 366 43 21 av
754 356 72 35 mig
850 365 48 20 nu
921 354 194 35 föreslagna
1138 353 191 35 ändringen
1354 352 61 30 har
1438 351 191 35 upprättats

128 415 94 30 inom
246 411 407 37 finansdepartementet.»

171 517 125 36 Enligt
319 515 68 31 vad
411 515 171 30 utskottet
605 513 81 30 från
710 510 413 36 riksräkenskapsverket
1147 509 186 34 inhämtat,
1349 507 137 30 utvisar
1501 507 128 36 ifråga-

129 568 154 31 varande
307 566 235 32 inkomsttitel
566 566 54 30 för
643 565 39 30 år
707 564 83 30 1925
814 562 64 31 och
902 562 40 31 de
966 562 79 35 fyra
1068 561 109 30 första
1201 559 212 31 månaderna
1428 569 45 20 av
1490 559 40 30 år
1547 558 82 31 1926

128 619 157 37 följande
309 618 190 36 ställning:

541 672 40 23 1:a
591 667 126 27 halvåret
728 670 66 23 19235
814 660 9 39 =
833 670 40 22 2:a
890 664 119 28 halvåret
1026 668 59 23 1925
1125 667 74 25 1925,
1220 666 62 23 hela
1300 664 59 24 året
1405 666 11 22 1
1439 665 87 23 kvart.
1548 665 65 23 1926

130 715 170 31 Behållen
311 714 155 30 inkomst
483 712 51 31 kr.
548 711 203 37 18,516,337:
767 719 37 21 «4
831 709 204 36 18,954,765:
1051 717 36 21 30
1114 707 203 35 37,471,102:
1334 715 34 21 74
1395 705 181 36 8,942,320:
1594 715 34 20 17

1434 761 76 30 April
1530 761 67 23 1926

222 817 13 17 »
374 820 13 17 »
502 819 13 16 »
1396 801 181 35 3,436,831:
1595 810 34 21 13

176 879 180 32 Utskottet
379 878 64 30 har
467 877 76 31 icke
566 876 122 31 funnit
712 874 192 36 anledning
929 873 57 31 till
1010 873 146 31 erinran
1166 873 91 30 emot
1271 871 56 31 det
1344 871 11 31 i
1373 871 260 36 propositionen

130 942 44 20 nr
202 932 62 30 227
288 929 201 36 framlagda
512 929 168 35 förslaget
703 927 58 31 till
786 926 231 36 omläggning
1041 935 45 21 av
1110 924 248 35 omsättnings-
1382 923 61 31 och
1467 922 166 31 utskänk-

131 983 247 36 ningsskatten
401 982 20 30 å
444 980 239 37 spritdrycker
717 979 63 31 och
815 978 76 31 dess
926 978 162 30 fortsatta
1111 976 191 36 uttagande
1327 975 108 31 under
1458 974 175 32 nästkom-

132 1035 127 31 mande
282 1034 182 36 budgetår.

174 1087 17 30 I
214 1087 158 35 enlighet
395 1085 77 31 med
496 1084 68 31 vad
587 1084 136 36 Kungl.
747 1083 103 35 Maj:t
873 1081 183 36 föreslagit
1079 1081 63 29 har
1166 1080 169 30 utskottet
1358 1080 114 29 ansett
1495 1078 139 31 skatten

134 1139 121 30 kunna
280 1139 172 34 upptagas
476 1136 56 31 till
557 1136 193 35 38,000,000
775 1135 138 30 kronor.

176 1241 179 32 Utskottet
378 1239 203 32 hemställer
604 1238 159 35 sålunda,

577 1341 39 40 ÅA)
650 1343 52 29 att
727 1341 188 36 riksdagen
940 1341 118 34 måtte,
1075 1339 77 31 med
1170 1339 102 31 bifall
1289 1338 57 31 till
1363 1337 134 36 Kungl.
1515 1336 119 37 Maj:ts

534 1394 217 36 proposition
779 1403 42 20 nr
845 1393 72 35 227,
943 1393 12 30 i
978 1391 68 31 vad
1071 1391 201 31 densamma
1296 1399 100 22 avser
1419 1390 141 30 fortsatt
1582 1391 53 28 ut-

535 1445 151 37 tagande
710 1456 45 20 av
779 1444 248 36 omsättnings-
1043 1443 63 31 och
1123 1441 358 37 utskänkningsskatt
1497 1442 20 29 å
1533 1441 102 35 sprit-

537 1498 158 36 drycker,
728 1498 132 34 antaga
884 1496 56 31 det
964 1495 76 31 med
1064 1495 260 36 propositionen
1348 1492 199 37 framlagda
1570 1493 66 30 för-

540 1550 76 36 slag
651 1549 58 31 till
737 1549 207 35 förordning
970 1546 177 37 angående
1172 1547 141 30 fortsatt
1336 1545 230 36 tillämpning
1593 1554 45 20 av

537 1601 254 35 förordningen
825 1600 68 31 den
927 1601 18 30 8
976 1599 79 36 juni
1079 1598 83 31 1923
1188 1595 55 36 (nr
1267 1596 75 34 155)
1366 1596 178 37 angående
1568 1606 69 20 om-

539 1653 191 36 sättnings-
748 1652 64 32 och
835 1650 360 36 utskänkningsskatt
1218 1651 20 30 å
1262 1649 251 36 spritdrycker;
1548 1649 90 29 samt

582 1756 40 38 B)
656 1758 53 29 att
744 1755 248 35 omsättnings-
1015 1754 63 31 och
1112 1753 358 35 utskänkningsskatt
1494 1752 20 30 å
1538 1751 101 36 sprit-

539 1808 147 37 drycker
727 1808 107 30 måtte
881 1807 54 30 för
973 1806 208 36 budgetåret
1220 1805 210 31 1926—1927
1468 1803 172 31 beräknas

538 1860 58 31 till
848 1882 2 4 c
952 1882 4 3 -
1286 1857 127 31 kronor
1437 1855 202 36 38,000,000.

144 2542 109 30 Bihanq
269 2543 40 24 till
324 2542 167 29 riksdagens
508 2541 142 30 protokoll
668 2541 74 25 1926.
783 2543 14 23 7
816 2543 81 23 saml.
934 2542 33 23 34
988 2541 67 31 håäft.
1091 2538 53 28 (Nr
1163 2540 53 28 53.)
1596 2541 16 22 4

1691 492 134 25 Utskottet.
