1916 2804
478 157 420 39 Bevillningsutskottets
917 162 223 34 betänkande
1160 164 51 32 Nr
1234 166 51 30 53.
1550 169 40 30 17

122 227 152 30 frnuuouo>«;,'y/
290 227 29 30 frn
330 227 34 30 pt
371 227 44 30 LYYDDL
453 227 63 30 nywjjiumnmv
527 227 134 30 fsnvoononunmnr
697 227 50 30 mhnhyh
772 227 24 30 my
815 227 20 30 in
842 227 42 30 nn
907 227 12 30 nun
937 227 70 30 äö.nnnr
1035 227 32 30 nn
1080 227 77 30 ijpny.enr
1183 227 115 30 nuncsel>=P—
1331 227 31 30 SS
1389 227 38 30 pm

957 277 63 21 1921
1140 278 64 22 1922
1323 280 65 22 1923
1506 282 65 22 1924

947 326 93 23 kronor
1078 296 2 58 |
1129 328 95 23 kronor
1313 330 93 23 kronor
1444 356 2 5 |
1496 332 94 24 kronor

1078 370 2 18 ;

154 399 174 32 Handlingar
347 400 43 24 till
410 401 291 32 lagfartsprotokollet
720 420 168 6 ...............|
920 403 160 33 11,215,152|
1119 407 145 29 9,657,889!
1303 409 144 25 9.540.488|
1486 411 138 29 8,914,422

153 434 175 32 Handlingar
357 436 44 23 till
433 437 187 32 intecknings-
653 439 53 24 och
734 441 156 23 tomträtts-

188 470 180 30 protokollen
386 466 8 39 =
402 487 320 8 -sstrsssesterrsessssärersnst
790 491 26 4 EE
837 491 39 5 con
935 460 145 43 3,321,085|
1120 477 143 31 1,768,284
1281 473 11 42 —
1304 479 143 28 1,464,806)
1488 481 134 30 1,232,191

155 504 173 32 Handlingar
347 506 43 23 till
410 506 428 34 äktenskapsförordsprotokoll
858 528 28 2 -..
979 508 101 59 10,420]
1164 512 100 29 17,995,
1346 512 100 33 26,170/
1530 516 94 29 27,550

154 539 174 31 Handlingar
346 541 44 23 till
409 541 399 33 bouppteckningsprotokoll:

189 574 267 32 Bouppteckningar
474 591 413 10 ..ssssrsssserserrasrsrersentrernrnna
919 571 161 59 16,736,364|
1103 581 153 29 13,920,371,'
1288 583 150 28 12,492.567'
1470 585 154 30 14,995,654

187 608 206 30 Testamenten,
413 610 44 24 till
476 611 75 24 vilka
570 612 110 31 hänsyn
699 614 23 30 ej
742 615 82 29 tagits
843 615 47 23 vid
1078 634 1 6 |

223 643 283 33 bouppteckningens
525 646 285 33 stämpelbeläggning
858 666 29 4 -....-
997 647 82 30 5,785/
1206 648 57 28 827|
1391 653 48 25 189
1545 655 76 30 2,061

187 678 210 31 Avhandlingar
415 686 47 17 om
481 680 145 32 lösöreköp
647 698 239 7 «.......issssssesssses
976 683 103 29 75,841'
1162 682 92 39 835,411
1345 688 101 30 81,198;
1529 690 94 29 62,303

151 713 53 23 Till
224 713 232 31 länsstyrelserna
479 716 115 30 avgivna
613 716 210 26 deklarationer
842 727 47 16 om

186 744 68 35 gåva
270 764 87 5 sissoses
412 766 16 2 SV
448 768 2 2 ERE
482 766 17 4 -
495 742 24 41 Så
518 766 51 5 Ås
588 768 181 5 Serene
671 742 17 41 or
695 742 29 41 ror
728 742 16 41 vc
751 742 6 41 a
764 742 8 41 a
961 752 111 32 895,687
1144 755 118 30 676,077/
1286 751 8 41 —
1303 756 135 28 1.926,124
1510 759 113 29 577,264

901 766 150 41 ——
939 786 682 15 CNN

643 804 117 24 Summa
779 805 110 26 kronor!
916 805 155 29 32,260,334'
1099 807 157 32 26,126,854
1283 809 154 27 25,531.342
1466 811 157 29 925,831,445

170 924 166 34 Rörande
358 928 184 32 arvsskatt
564 929 63 31 och
650 930 98 31 skatt
770 931 57 31 för
847 933 95 35 gåva
961 934 211 34 utfärdades
1194 936 67 32 den
1282 938 37 31 19
1340 939 188 32 november
1550 941 78 31 1914

130 968 113 36 nådig
259 969 214 38 förordning
489 970 58 36 (nr
562 971 85 38 381),
662 973 123 33 vilken
802 976 90 31 trätt
907 976 13 31 i
935 976 99 33 kraft
1051 978 67 31 den
1133 980 19 29 1
1168 979 144 37 januari
1328 982 87 32 1915.
1439 983 71 31 Till
1528 984 99 32 dessa

129 1010 138 33 skatter
308 1014 63 30 äro
409 1023 47 21 av
488 1015 43 31 de
558 1015 13 31 i
601 1016 225 33 förestående
846 1019 160 32 statistik
1025 1023 186 35 upptagna
1232 1024 158 36 avgifter
1411 1025 216 38 hänförliga,

130 1055 99 30 utom
260 1055 208 36 avgifterna
503 1057 57 32 för
592 1058 333 39 bouppteckningar
955 1063 67 32 och
1043 1064 236 34 testamenten
1301 1070 92 29 samt
1417 1065 213 45 deklaratio-

131 1105 112 24 nerna
264 1108 56 22 om
342 1100 103 36 gåva,
467 1102 91 30 även
577 1101 44 32 de
642 1103 11 31 i
676 1103 170 37 beloppen
869 1106 55 31 för
946 1107 169 32 rubriken
1138 1108 226 39 ”handlingar
1384 1111 55 31 till
1462 1112 166 37 lagfarts-

132 1141 223 35 protokollet”
384 1144 172 36 ingående
586 1147 357 37 stämpelavgifterna
973 1150 55 31 för
1057 1152 179 35 gåvobrev
1264 1154 65 30 och
1359 1150 271 47 fideikommiss-

129 1183 88 32 brev
239 1186 154 32 rörande
416 1187 72 32 fast
512 1189 179 34 egendom.

170 1226 249 39 Sammanlagt
439 1230 95 32 hava
554 1231 283 36 ifrågavarande
858 1234 137 33 skatter
1014 1236 117 37 belöpt
1150 1237 58 37 sig
1228 1238 69 32 till:

325 1350 40 30 år
388 1350 84 31 1920
504 1376 546 9 oooseeeersrrneneransrsninssnnnnnrnnnsnnrnss
1089 1357 126 31 KTONOT
1238 1359 192 36 17,056,152

340 1404 13 17 »
392 1393 84 32 1921
508 1420 22 4 ..
604 1420 14 4 a
626 1420 90 4 SA
736 1422 46 4 RErSS
800 1422 48 4 ASA
866 1422 14 4 Gläd
909 1424 15 2 då
932 1424 78 4 adm
991 1393 29 42 rne
1061 1425 4 4 sne
1154 1412 13 16 »
1239 1403 190 36 17,946,906

340 1448 13 16 ER
392 1437 180 31 UTE
586 1433 9 44 T
608 1433 31 44 rr
670 1464 2 4 a
692 1464 12 4 Sr
768 1466 112 4 ELR
944 1468 120 5 ti
1153 1456 13 16 »
1201 1442 17 44 —
1238 1446 191 36 14,992,789

339 1491 14 16 AR
404 1481 21 30 15
432 1480 43 31 3275
528 1507 526 8 FA
1152 1500 13 15 »
1238 1490 191 35 14,552,983

339 1534 13 16 »
391 1524 84 31 1924
624 1550 48 4 TÅ
690 1550 222 7 veersverepernergänser
936 1521 31 44 RR.
974 1553 37 5 ond
1050 1554 14 5 vo
1153 1543 13 15 »
1239 1533 201 36 15,700,613.

168 1693 72 32 För
256 1693 214 37 budgetåret
490 1697 198 32 1926—1927
707 1699 100 32 torde
827 1710 83 22 man
927 1701 123 32 kunna
1068 1702 158 32 beräkna
1245 1705 181 31 arvsskatt
1446 1706 63 31 och
1530 1707 95 31 skatt

128 1736 57 31 för
205 1737 93 35 gåva
319 1738 56 31 till
396 1739 178 37 14,500,000
593 1740 140 33 kronor.

168 1779 238 34 Förestående
427 1781 200 39 beräkning
647 1784 66 32 har
736 1784 124 38 gjorts,
881 1787 46 31 då
947 1787 59 32 det
1026 1788 71 31 kan
1119 1799 88 21 vara
1229 1800 46 21 av
1295 1792 50 30 ett
1367 1791 89 33 visst
1476 1792 149 33 intresse

127 1825 55 29 att
212 1823 130 38 känna,
370 1825 94 32 huru
495 1827 142 36 mycket
665 1829 184 32 arvsskatt
868 1830 64 31 och
954 1831 95 31 skatt
1070 1833 45 35 på
1136 1834 95 34 gåva
1251 1833 177 38 inbringa,
1449 1835 112 32 ehuru
1584 1837 40 31 de

127 1866 78 32 icke
222 1868 183 32 redovisas
423 1869 147 32 särskilt
589 1871 56 31 för
663 1871 57 37 sig
736 1872 12 31 i
766 1872 288 38 räkenskaperna
1072 1875 64 32 och
1154 1875 242 38 beräkningen
1415 1879 78 31 icke
1509 1879 115 32 inver-

129 1909 68 31 kar
229 1912 46 35 på
310 1911 252 38 efterföljande
598 1914 202 38 utredning,
835 1926 73 21 som
941 1927 103 22 avser
1077 1918 79 32 hela
1191 1920 220 33 skattetiteln
1444 1918 184 46 ”Stämpel-

130 1952 133 32 medel”.

171 1996 132 33 Genom
322 1998 135 36 nådiga
477 1999 257 38 förordningen
756 2002 66 32 den
843 2003 38 30 12
901 2003 79 36 juni
1000 2004 88 37 1925,
1108 2015 44 21 nr
1172 2006 67 36 256,
1260 2006 95 32 hava
1375 2008 95 31 vissa
1491 2012 136 28 smärre

128 2039 199 37 ändringar
366 2042 178 36 vidtagits
583 2043 13 32 i
637 2044 167 36 gällande
845 2046 212 37 förordning
1085 2050 185 34 angående
1300 2051 325 36 stämpelavgiften.

128 2082 112 33 Dessa
270 2084 199 37 ändringar
501 2096 109 27 synas
639 2087 89 32 dock
757 2088 78 32 icke
857 2099 88 22 vara
965 2100 47 21 av
1034 2091 66 31 den
1121 2091 190 38 betydelse,
1332 2095 54 29 att
1407 2093 140 38 hänsyn
1569 2095 57 31 till

126 2125 182 33 desamma
332 2127 153 33 behöver
509 2131 103 35 tagas
636 2131 62 32 vid
721 2131 411 39 inkomstberäkningen.
1174 2135 204 32 Detsamma
1401 2137 112 35 gäller
1536 2138 90 36 jäm-

127 2170 61 31 väl
212 2170 41 32 de
276 2171 199 36 ändringar
496 2183 47 20 av
565 2174 135 36 nådiga
723 2174 258 38 förordningen
1003 2177 66 31 den
1091 2177 18 31 6
1132 2180 188 31 november
1342 2180 78 31 1908
1441 2181 184 35 angående

127 2221 43 22 en
194 2214 155 32 särskild
371 2216 272 36 stämpelavgift
666 2217 63 32 vid
750 2218 69 37 köp
841 2219 63 31 och
929 2219 83 37 byte
1033 2230 46 21 av
1103 2221 230 39 fondpapper,
1355 2233 73 21 som
1451 2224 174 36 vidtagits

127 2264 128 27 genom
272 2257 136 37 nådiga
428 2258 257 38 förordningen
705 2261 67 32 den
792 2262 18 31 8
830 2262 72 37 maj
923 2263 78 31 1925
1023 2262 58 37 (nr
1099 2262 84 37 123).

168 2299 17 31 I
220 2299 423 40 riksräkenskapsverket
677 2304 343 34 tillhandakommen
1053 2307 172 33 skrivelse
1250 2309 65 31 den
1338 2309 19 31 3
1380 2309 145 33 oktober
1547 2311 78 31 1925

127 2342 182 33 meddelar
328 2345 412 39 generalpoststyrelsen,
759 2349 56 30 att
834 2348 41 32 de
897 2349 83 32 från
998 2350 176 37 styrelsen
1191 2352 131 32 månad
1344 2353 55 31 för
1418 2353 130 32 månad
1568 2354 66 33 till.

127 2386 223 33 statskassan
368 2388 244 34 inlevererade
628 2391 293 36 stämpelmedlen
938 2393 113 32 under
1067 2395 41 30 år
1126 2394 78 31 1924
1221 2398 91 29 samt
1330 2396 95 31 intill
1443 2398 181 35 utgången

127 2438 47 21 av
193 2430 199 36 september
413 2433 132 32 månad
564 2433 78 32 1925
665 2434 142 37 framgå
827 2446 47 20 av
894 2436 263 33 nedanstående
1180 2438 118 37 tabell,
1320 2440 77 30 vari
1419 2440 124 32 endast
1565 2451 59 20 av-

127 2472 161 33 rundade
308 2472 126 38 belopp
457 2474 139 34 insatts.

127 2533 109 31 Bihang
252 2535 42 25 till
309 2535 166 31 riksdagens
491 2537 143 31 protokoll
650 2539 76 25 1926.
766 2541 15 23 7
799 2542 80 23 saml.
916 2541 33 24 34
970 2542 68 30 häft.
1075 2538 53 29 (Nr
1149 2543 53 30 53.)
1577 2545 15 22 2
