1890 2794
298 177 111 27 Första
427 177 199 27 kammarens
644 178 130 33 första
793 179 155 34 tillfälliga
966 179 133 28 utskotts
1117 181 157 27 utlåtande
1292 191 37 17 nr
1348 183 25 26 7.
1581 184 15 30 1

781 437 66 39 Nr
876 437 37 39 7.

304 539 123 29 Första
452 539 221 30 kammarens
699 540 139 37 första
864 541 171 39 tillfälliga
1062 542 146 30 utskotts
1236 542 176 31 utlåtande
1439 544 10 29 i
1475 544 115 30 anled-

503 595 83 36 ning
605 603 41 20 av
666 594 101 29 väckt
786 596 132 28 motion
937 604 55 20 om
1013 596 90 29 vissa
1123 595 159 39 åtgärder
1302 596 55 37 för
1376 600 49 26 att
1443 597 148 39 avskilja

504 647 272 38 svårhantierliga
793 648 64 29 och
873 648 160 30 störande
1051 649 144 29 element
1211 649 79 37 från
1308 650 41 29 de
1365 650 225 30 kommunala

503 700 369 31 ålderdomshemmen.

150 841 14 29 I
184 850 41 20 en
244 840 98 31 inom
360 842 111 30 första
492 843 207 30 kammaren
718 845 113 34 väckt,
852 844 52 30 till
925 845 77 29 dess
1023 845 111 30 första
1154 845 176 39 tillfälliga
1349 846 135 30 utskott
1504 847 84 29 hän-

106 894 98 30 visad
223 895 146 35 motion,
392 906 42 19 nr
456 897 49 34 71,
529 897 46 29 ha
596 897 122 30 herrar
740 898 268 30 Mannerskantz
1030 900 66 28 och
1118 898 184 39 Lundgren
1326 899 187 36 hemställt,
1539 902 49 27 att

106 948 188 39 riksdagen
315 949 10 29 i
347 949 167 31 skrivelse
534 950 52 30 till
607 951 123 38 Kungl.
753 952 101 38 Maj:t
874 951 108 31 måtte
1002 953 186 30 hemställa
1210 963 57 20 om
1288 954 168 39 lämpliga
1477 953 112 41 åtgär-

106 1002 61 29 der
185 1001 10 29 i
216 1002 91 37 syfte
325 1005 50 27 att
395 1002 36 30 få
451 1003 52 29 till
522 1002 102 31 stånd
644 1014 42 19 en
706 1004 138 30 mindre
865 1005 179 30 restriktiv
1063 1006 224 39 tillämpning
1307 1016 42 21 av
1368 1008 220 30 bestämmel-

106 1064 102 20 serna
226 1064 58 20 om
301 1055 183 40 intagning
503 1056 20 30 å
541 1057 200 30 arbetshem
760 1058 55 29 för
834 1061 50 27 att
902 1058 208 39 möjliggöra
1130 1062 47 27 ett
1196 1059 221 39 avskiljande
1436 1070 42 20 av
1496 1060 92 31 svår-

105 1108 196 39 hanterliga
328 1109 66 29 och
421 1111 164 28 störande
611 1111 150 30 element
788 1110 80 31 från
897 1112 41 29 de
964 1112 231 30 kommunala
1222 1112 365 33 ålderdomshemmen

105 1160 46 39 på
170 1162 68 29 sätt
259 1162 9 28 i
290 1162 181 30 motionen
491 1163 208 39 föreslagits.

149 1218 230 31 Beträffande
397 1219 255 40 motiveringen
670 1219 55 31 får
743 1221 171 30 utskottet
933 1221 148 30 hänvisa
1101 1221 51 30 till
1171 1222 191 30 motionen.

149 1274 176 31 Utskottet
350 1276 65 29 har
438 1276 10 29 i
472 1277 218 39 vederbörlig
714 1278 150 39 ordning
889 1278 174 30 inhämtat
1087 1280 189 37 yttranden
1301 1281 82 28 över
1407 1280 180 30 motionen

105 1326 79 30 från
204 1328 290 39 socialstyrelsen,
518 1330 154 30 Svenska
693 1331 299 36 stadsförbundet,
1014 1332 155 30 Svenska
1190 1332 397 40 landstingsförbundet,

105 1381 152 30 Svenska
282 1382 398 31 socialvårdsförbundet
705 1385 65 29 och
797 1385 152 30 Svenska
975 1385 612 39 socialvårdstjänstemannaförbun-

104 1435 64 29 det.
192 1435 136 30 Jämväl
353 1436 388 31 Landskommunernas
764 1437 154 30 förbund
942 1439 64 29 har
1030 1439 124 29 beretts
1178 1439 133 30 tillfälle
1337 1443 48 26 att
1409 1439 178 30 inkomma

104 1488 79 29 med
200 1489 160 37 yttrande
380 1498 78 20 men
478 1489 75 30 icke
574 1490 170 38 begagnat
764 1491 50 38 sig
834 1491 117 29 härav.

148 1549 280 39 Socialstyrelsen
450 1551 135 30 erinrar
607 1561 56 20 om
686 1555 51 27 att
759 1552 206 39 riksdagens
989 1553 172 30 revisorer
1184 1554 107 29 redan
1316 1553 76 31 före
1415 1554 172 30 motionä-

104 1612 102 20 rerna
225 1602 10 29 i
254 1606 47 26 ett
318 1605 181 29 uttalande
518 1604 108 30 riktat
644 1606 363 38 uppmärksamheten
1025 1605 46 39 på
1090 1607 66 29 den
1176 1606 138 30 relativt
1334 1607 99 38 ringa
1451 1607 136 39 belägg-

80 1656 339 47 ningsfrekvensen
444 1657 19 30 å
485 1659 283 29 arbetshemmen
792 1662 90 27 samt
905 1660 179 29 hemställt
1108 1662 50 27 att
1181 1658 125 40 frågan
1331 1669 57 20 om
1412 1663 47 27 ett
1483 1660 103 30 ratio-

104 1710 130 29 neliare
254 1711 224 38 utnyttjande
498 1713 65 28 och
583 1712 291 39 tillvaratagande
893 1723 43 20 av
954 1714 302 30 arbetshemmens
1277 1713 310 41 vårdmöjligheter

104 1766 169 35 upptages
300 1764 52 29 till
379 1765 215 30 omedelbart
623 1767 251 39 övervägande.
903 1767 12 29 I
944 1767 190 39 anledning
1162 1777 42 20 av
1232 1767 237 31 revisorernas
1496 1771 90 28 utta-

103 1816 103 29 lande
227 1817 169 29 framhöll
418 1818 280 38 socialstyrelsen
719 1819 10 29 i
751 1823 48 26 ett
821 1819 181 30 utlåtande
1024 1821 67 29 den
1116 1821 37 29 14
1176 1820 139 38 januari
1341 1822 82 29 1949
1446 1824 50 27 att
1518 1824 67 36 sty-

103 1870 113 29 relsen
247 1870 225 38 fortlöpande
503 1871 110 38 följde
645 1872 255 39 beläggningen
931 1872 20 30 å
982 1873 284 30 arbetshemmen
1298 1874 66 29 och
1396 1873 45 39 på
1474 1875 112 37 grund

98 1923 108 29 härav
234 1924 113 28 under
369 1923 85 30 åren
479 1925 214 29 1943-—1948
718 1926 204 29 medverkat
947 1926 50 29 till
1022 1925 205 39 avveckling
1251 1935 43 20 av
1317 1927 268 29 verksamheten

103 1975 57 30 vid
180 1976 72 29 fem
272 1977 210 35 arbetshem,
506 1977 94 30 vilka
622 1978 102 38 tagits
746 1978 9 29 i
777 1979 92 28 bruk
890 1978 55 30 för
968 1982 109 26 annat
1099 1978 174 31 ändamål.
1297 1979 175 38 Styrelsen
1496 1980 89 31 erin-

102 2029 83 29 rade
211 2029 120 30 vidare
359 2039 57 20 om
442 2033 49 27 att
518 2031 302 31 arbetshemmens
848 2033 168 30 framtida
1044 2033 165 39 ställning
1238 2034 98 30 torde
1364 2035 143 30 komma
1535 2038 50 27 att

103 2085 170 35 upptagas
296 2082 52 30 till
372 2084 160 38 grundlig
554 2084 215 39 behandling
792 2095 43 20 av
859 2085 427 31 socialvårdskommittén
1312 2087 96 30 inom
1432 2097 42 21 en
1499 2089 85 29 nära

102 2135 154 29 framtid.
282 2136 68 29 För
373 2137 218 29 närvarande
614 2136 108 40 pågår
746 2137 20 30 å
788 2139 188 37 styrelsens
1000 2138 303 40 socialvårdsbyrå
1327 2150 42 20 en
1393 2141 191 30 undersök-

102 2188 83 38 ning
215 2189 151 29 rörande
397 2189 287 40 omdisponering
715 2191 65 29 och
811 2191 201 39 ytterligare
1044 2192 206 39 reducering
1282 2202 42 20 av
1355 2194 178 37 platserna
1565 2193 20 30 å

102 2241 293 30 arbetshemmen.

147 2303 11 28 I
188 2303 99 38 fråga
316 2312 57 20 om
404 2304 164 29 störande
597 2305 331 38 understödstagare
958 2305 19 30 å
1008 2305 282 31 ålderdomshem
1321 2307 64 30 har
1415 2308 168 37 styrelsen

102 2355 201 38 visserligen
334 2356 126 29 räknat
489 2357 79 29 med
597 2360 49 26 alt
675 2358 293 37 genomförandet
997 2368 42 20 av
1072 2359 80 29 1947
1184 2358 55 31 års
1269 2358 315 32 ålderdomshems-

102 2409 131 28 reform
254 2408 70 30 kan
347 2409 77 29 leda
446 2409 50 29 till
519 2412 50 27 alt
595 2410 85 29 flera
704 2411 165 29 störande
892 2420 167 29 personer
1082 2412 43 28 än
1150 2411 123 30 hittills
1298 2412 120 30 kunna
1441 2413 143 31 komma

101 2464 50 27 att
172 2462 181 29 överföras
379 2462 46 29 till
450 2463 209 29 arbetshem.
686 2463 78 29 Men
787 2466 20 26 å
830 2464 109 29 andra
965 2463 99 30 sidan
1089 2465 63 28 har
1176 2465 169 38 styrelsen
1371 2465 75 30 icke
1470 2469 113 27 ansett

101 2532 9 25 1
158 2531 119 34 Bihang
299 2532 45 26 till
365 2532 179 34 riksdagens
565 2533 156 34 protokoll
744 2534 84 26 1949.
852 2535 34 25 12
907 2533 86 27 saml.
1018 2535 11 24 1
1053 2534 67 26 avd.
1144 2534 43 26 Nr
1208 2535 25 26 7.
