2136 2628
615 152 364 41 Bevillningsutskuttets
1003 150 203 33 betänkande
1230 151 52 31 Nr
1306 154 28 28 7.
1757 152 19 30 3

909 462 68 40 Nr
1009 462 48 40 7.

728 568 114 25 Ankom
863 568 40 25 till
928 568 171 32 riksdagens
1122 566 93 26 kansli
1236 566 58 26 den
1314 566 34 25 22
1368 566 126 26 februari
1516 567 66 25 1917
1604 567 36 25 kl.
1660 567 16 25 3
1695 575 24 18 e.
1740 575 36 17 m.

496 711 396 44 Bevillningsutskottets
928 711 226 42 betänkande,
1189 711 13 34 i
1236 710 185 44 anledning
1451 722 43 23 av
1522 711 102 34 väckt
1650 711 127 34 motion

602 785 54 23 om
697 772 163 36 skrivelse
902 772 53 36 till
998 772 131 45 Kungl.
1174 772 110 43 Moj:t
1311 773 178 44 angående
1516 773 189 43 införande
1733 784 44 24 av

602 835 155 35 särskild
796 835 206 44 progressiv
1045 835 215 43 beskattning
1308 836 21 33 å
1375 834 110 44 ogifta
1521 846 168 33 personer
1717 835 60 36 och

601 899 124 34 makar
752 899 77 34 med
856 899 96 43 högst
980 899 57 34 två
1066 899 97 33 barn.
1554 922 65 41 (2:a
1643 922 90 41 avd.)

389 1055 198 27 Närvarande:
609 1057 100 25 herrar
738 1057 34 25 K.
803 1056 33 25 G.
867 1057 149 31 Karlsson,
1046 1056 114 26 Nilsson
1180 1056 8 25 i
1208 1057 121 32 Bonarp,
1358 1055 76 27 Ollas
1463 1056 32 25 ÅA.
1524 1056 144 32 Ericsson,
1688 1056 36 26 K.
1744 1057 32 25 A.

604 1092 109 30 Nilson,
742 1093 177 25 Antonsson.
948 1092 66 25 frih.
1044 1092 138 33 Fleming,
1210 1092 178 31 Bäckström,
1416 1091 89 26 Jacob
1525 1093 133 30 Larsson,
1677 1092 99 33 Röing,

601 1128 143 26 Jeansson
764 1128 9 25 i
792 1128 128 30 Kalmar,
941 1128 91 32 RAne,
1052 1128 148 31 Månsson,
1219 1128 126 26 Jonsson
1364 1127 9 26 i
1392 1128 140 30 Hökhult,
1545 1128 124 31 Knaust,
1682 1128 94 26 Forss-

600 1172 76 23 man,
705 1164 100 31 Neess,
834 1164 188 31 Holmström,
1050 1164 163 25 Johansson
1234 1164 8 24 i
1262 1163 172 33 Uppmälbv,
1461 1163 127 27 Jönsson
1606 1164 9 26 i
1635 1164 58 26 Boa
1721 1164 53 26 och

601 1199 182 33 Uddenberg.

280 1317 19 35 I
328 1329 46 23 en
402 1316 98 36 inom
521 1317 114 35 andra
663 1316 213 35 kammaren
905 1329 43 23 av
978 1317 86 34 herr
1082 1317 201 36 Johansson
1302 1317 12 35 1
1334 1318 149 34 Brånalt
1498 1318 108 35 väckt
1626 1318 147 43 motion,

175 1383 44 22 nr
239 1373 88 42 223,
358 1369 126 36 vilken
522 1369 188 36 hänvisats
739 1369 55 36 till
814 1369 410 48 bevillningsutskottet,
1241 1370 217 45 hemställes,
1486 1374 74 32 »att
1578 1370 197 49 riksdagen

175 1423 84 37 ville
294 1424 142 35 besluta
465 1425 53 33 att
546 1422 13 35 i
588 1422 174 36 skrivelse
790 1422 57 36 till
875 1423 137 47 Kungl.
1042 1422 109 48 Maj:t
1179 1424 154 44 anhålla,
1365 1427 53 33 att
1445 1424 199 47 utredning
1672 1425 102 36 verk-

174 1477 146 37 ställdes
348 1490 57 23 om
432 1476 210 37 införandet
670 1489 44 23 av
742 1476 156 36 särskild
927 1477 207 47 progressiv
1161 1477 236 47 beskattning

284 1532 68 45 1:0)
383 1533 20 33 å
431 1531 69 35 alla
528 1530 114 47 ogifta
670 1535 84 31 män
783 1535 85 31 över
898 1533 48 32 30
977 1533 54 43 år;

282 1586 70 45 2:0)
382 1587 21 33 å
430 1585 70 35 alla
528 1584 118 47 ogifta
673 1584 159 36 kvinnor
859 1589 86 31 över
975 1586 48 33 30
1053 1587 39 33 år
1120 1585 67 35 och

283 1639 70 46 3:0)
384 1641 19 32 å
432 1639 70 34 alla
529 1638 171 35 barnlösa
728 1638 125 35 makar
882 1639 66 34 och
978 1638 126 35 makar
1132 1639 81 35 med
1241 1639 30 48 ej
1303 1639 64 35 fler
1396 1645 45 29 än
1470 1641 61 34 två
1558 1640 103 44 barn,
1683 1644 93 32 samt

173 1692 72 35 låta
288 1692 161 35 beräkna
488 1692 62 35 det
578 1691 263 47 skattebelopp,
873 1704 74 23 som
977 1691 210 48 härigenom
1221 1696 128 32 väntas
1377 1692 129 49 inflyta
1534 1694 66 35 och
1629 1696 146 34 eventu-

170 1746 68 35 ellt
278 1746 72 35 låta
391 1748 172 44 upprätta
606 1745 133 48 förslag
766 1745 57 35 till
852 1745 205 48 fördelning
1084 1746 112 35 härav
1224 1746 110 36 bland
1363 1747 211 36 behövande
1603 1747 172 36 barnrika

174 1798 156 49 familjer
372 1800 67 35 och
480 1798 159 36 därefter
681 1799 56 35 för
778 1798 198 48 riksdagen
1013 1799 199 48 framlägga
1240 1800 61 36 det
1330 1800 146 48 förslag,
1507 1800 121 36 vartill
1657 1802 118 35 denna

173 1853 198 47 utredning
406 1853 74 35 kan
510 1852 84 47 giva
623 1852 209 47 anledning,
863 1853 92 35 dock
984 1852 31 49 ej
1046 1865 126 23 senare
1201 1859 47 29 än
1277 1853 187 48 samtidigt
1491 1855 82 35 med
1602 1855 61 36 det
1690 1860 84 31 vän-

173 1907 83 35 tade
299 1907 170 46 förslaget
512 1906 186 47 angående
736 1905 235 49 omläggning
1008 1919 44 23 av
1090 1907 70 35 den
1189 1907 233 36 kommunala
1449 1908 318 48 beskattningen.»

280 1987 230 36 Beträffande
539 1986 265 48 motiveringen
833 1987 57 35 för
918 1987 236 36 omförmälda
1182 1988 134 47 förslag
1344 1988 54 35 får
1423 1989 180 36 utskottet
1621 1989 153 36 hänvisa

171 2040 57 36 till
256 2040 192 37 motionen.

281 2166 121 36 Såsom
446 2165 225 37 motionären
712 2166 91 48 själv
846 2165 147 45 erinrat,
1024 2172 39 29 är
1092 2167 61 35 det
1181 2166 115 49 tredje
1326 2168 76 35 året
1438 2167 13 36 i
1479 2167 91 49 följd
1597 2180 75 24 som
1702 2170 71 35 den

175 2219 246 49 föreliggande
441 2220 129 46 frågan
590 2232 44 24 av
648 2220 132 35 honom
797 2219 184 37 framförts
996 2220 13 35 i
1023 2219 209 48 riksdagen.
1277 2221 72 35 Det
1362 2233 73 36 nya
1449 2221 14 35 i
1477 2222 71 35 den
1562 2223 211 36 nuvarande

174 2273 182 37 motionen
398 2280 39 30 är
465 2274 152 36 allenast
646 2274 60 35 det
735 2273 203 48 föreslagna
967 2276 109 34 sättet
1104 2274 56 36 för
1188 2274 44 35 de
1261 2275 201 36 eventuella
1490 2275 283 37 skattemedlens

1811 2174 143 32 Utskottet.
