2210 2628
399 199 19 31 6
904 195 248 33 Statsutskottets
1173 195 164 31 utlålarde
1358 194 53 32 Nr
1434 195 51 31 81.

1119 442 68 40 Nr
1213 442 68 40 81.

876 551 126 28 Ankom
1026 550 50 28 till
1098 550 186 37 riksdagens
1307 549 104 28 kansli
1435 548 60 28 den
1521 548 38 28 24
1584 548 80 37 april
1690 547 77 28 1917
1792 547 42 28 kl.
1863 547 18 27 4
1905 555 24 19 e.
1954 555 40 19 m.

711 634 204 47 Utlåtande,
943 635 15 35 i
984 633 197 49 anledning
1210 645 43 24 av
1273 632 134 48 Kungl.
1428 632 128 48 Maj:ts
1568 630 224 49 proposition
1813 629 183 50 angående

800 695 248 48 ålderstillägg
1077 694 39 36 åt
1138 694 113 49 förste
1278 692 187 36 aktuarien
1493 691 14 36 i
1533 691 194 37 statistiska
1747 690 249 49 centralbyrån

801 756 113 36 Ernst
938 755 118 37 Jonas
1084 754 126 49 Höijer
1236 754 61 36 och
1326 753 189 36 aktuarien
1544 752 188 36 därstädes
1760 752 95 35 Kurt
1880 751 117 36 Jonas

801 816 138 36 Henrik
974 815 173 36 Wittrock.
1694 810 72 50 (3:e
1796 809 98 50 avd.)

504 920 17 36 I
549 932 49 24 en
625 919 59 36 till
711 918 206 49 riksdagen
945 917 75 37 den
1052 919 46 34 14
1127 916 96 50 april
1253 918 95 34 1917
1373 916 160 47 avlåten,
1554 914 58 37 till
1632 913 286 38 statsutskottet
1937 913 60 37 för

402 971 277 38 förberedande
720 970 233 48 behandling
993 968 245 38 överlämnad
1280 967 240 50 proposition
1552 966 60 50 (nr
1641 965 86 50 204)
1755 966 69 36 har
1852 965 142 49 Kungl.

403 1025 117 48 Maj:t,
562 1024 122 36 under
726 1022 239 50 åberopande
994 1034 46 24 av
1068 1021 123 49 bilagt
1217 1020 140 49 utdrag
1385 1033 47 23 av
1460 1017 420 50 statsrådsprotokollet
1908 1022 90 32 över

402 1075 291 38 finansärenden
733 1075 59 37 för
834 1087 142 25 samma
1004 1074 88 48 dag,
1122 1072 196 48 föreslagit
1344 1072 207 48 riksdagen
1580 1070 187 49 medgiva,
1798 1074 55 32 att
1880 1069 117 37 förste

402 1128 197 37 aktvuarien
642 1128 12 35 i
696 1127 211 36 statistiska
948 1125 266 49 centralbyrån
1251 1125 117 36 Ernst
1395 1123 118 38 Jonas
1540 1123 135 49 Höijer
1702 1122 70 37 och
1801 1122 195 37 aktuarien

402 1180 199 37 därstädes
631 1180 98 36 Kurt
756 1179 121 37 Jonas
906 1178 147 37 Henrik
1081 1177 186 37 Wittrock
1296 1179 60 34 må
1385 1176 58 37 för
1471 1175 224 49 åtnjutande
1723 1187 48 24 av
1799 1173 198 38 ålderstill-

402 1233 93 48 lägg
522 1235 21 33 å
571 1231 46 37 de
646 1231 86 37 med
761 1232 109 36 deras
898 1230 164 49 tjänster
1099 1229 181 37 förenade
1308 1228 106 37 löner
1441 1227 283 48 tillgodoräkna
1753 1226 62 50 sig
1842 1226 72 37 den
1942 1225 56 37 tid

403 1285 46 36 de
478 1284 154 37 bestritt
660 1286 20 34 å
708 1289 106 32 extra
842 1287 76 33 stat
950 1282 6 36 i
989 1281 281 38 ämbetsverket
1296 1280 189 50 uppförda
1512 1279 272 49 befattningar,
1801 1279 75 36 den
1895 1278 102 37 förre

403 1340 124 34 såsom
556 1336 119 37 förste
704 1335 169 37 aktuarie
902 1335 70 37 och
1000 1334 75 37 den
1104 1346 132 25 senare
1265 1335 125 35 såsom
1418 1331 183 38 aktuarie.

506 1421 132 38 Under
665 1421 233 49 hänvisning
925 1420 58 37 till
1011 1421 75 36 den
1113 1420 12 36 i
1154 1419 213 50 åberopade
1387 1416 418 51 statsrådsprotokollet
1824 1415 173 39 lämnade

403 1474 256 50 utredningen
687 1474 57 37 får
773 1473 183 38 utskottet
983 1471 212 49 hemställa,

907 1581 54 32 att
987 1576 209 49 riksdagen
1224 1577 60 35 må
1312 1574 190 50 medgiva,
1531 1578 56 32 att
1616 1573 118 37 förste
1763 1572 195 37 aktuarien
1986 1572 12 36 i

804 1628 210 37 statistiska
1042 1628 261 49 centralbyrån
1333 1627 116 36 Ernst
1475 1626 122 37 Jonas
1624 1625 133 49 Höijer
1782 1625 69 37 och
1871 1625 127 36 aktua-

803 1681 82 37 rien
913 1680 195 37 därstädes
1135 1680 99 36 Kurt
1260 1678 118 38 Jonag
1406 1678 144 37 Henrik
1577 1677 185 37 Wittrock
1790 1680 60 33 må
1870 1677 58 36 för
1947 1679 52 34 åt-

804 1732 182 51 njutande
1027 1746 47 23 av
1116 1730 262 50 ålderstillägg
1414 1733 20 34 å
1475 1730 47 37 de
1562 1730 87 36 med
1690 1730 109 36 deras
1840 1729 159 49 tjänster

805 1785 179 36 förenade
1016 1785 107 36 löner
1150 1783 280 50 tillgodoräkna
1458 1783 60 48 sig
1546 1782 47 36 de
1622 1781 108 48 tider,
1758 1781 121 36 under
1897 1781 102 36 vilka

806 1837 45 37 de
889 1836 208 50 uppehållit
1138 1838 21 34 å
1199 1840 105 32 extra
1344 1840 77 31 stat
1465 1835 12 36 i
1505 1834 282 37 ämbetsverket
1815 1832 185 51 uppförda

805 1889 273 48 befattningar,
1107 1888 73 37 den
1208 1888 100 36 förre
1337 1890 125 34 såsom
1491 1887 119 37 förste
1639 1885 168 37 aktuarie
1836 1884 164 38 och-den

806 1954 133 24 senare
967 1943 127 35 sågom
1123 1940 180 37 aktuarie.

510 2008 223 38 Stockholm
762 2009 73 37 den
865 2012 48 34 24
941 2010 96 49 april
1068 2011 109 34 1917.

922 2087 53 36 På
1003 2086 304 37 statsutskottets
1337 2090 158 44 vägnar:

1028 2163 135 37 AXEL
1190 2163 192 37 EKMAN.

512 2322 219 28 Närvarande:
767 2321 38 29 Se
828 2322 102 28 under
951 2321 168 29 utlåtande
1141 2330 39 18 nr
1203 2321 47 28 78.
