1872 2796
451 169 297 35 Statsutskottets
764 171 186 33 utlåtande
967 184 43 20 nr
1027 174 66 31 135
1111 173 39 32 år
1167 175 89 31 1955
1581 177 21 29 8

110 245 161 34 kulteten
288 246 11 33 i
317 247 102 35 Lund
439 253 91 28 samt
548 249 60 33 det
626 249 112 34 ökade
757 250 283 44 studentintaget
1058 251 60 34 vid
1137 263 135 22 samma
1288 252 154 34 fakultet
1458 273 45 4 -—
1519 253 80 33 med

110 289 155 43 följande
287 291 251 43 befattningar:

157 335 150 40 Docent,
330 336 249 34 företrädesvis
602 337 54 34 för
678 338 192 34 medicinsk
893 339 104 42 fysik.

158 380 118 34 Andre
293 381 166 33 assistent
476 382 60 33 vid
553 383 223 33 anatomiska
792 383 261 34 institutionen.

155 423 123 34 Förste
299 437 191 21 amanuens
510 425 55 34 för
583 426 192 34 medicinsk
794 427 105 43 fysik.

156 468 139 34 Arvode
315 469 55 33 för
386 470 249 43 undervisning
651 472 11 33 i
679 471 195 34 medicinsk
893 472 158 34 statistik
1074 472 165 43 (kostnad
1262 477 15 30 1
1295 477 66 31 700
1379 474 157 42 kronor).

156 512 140 34 Arvode
317 513 56 33 för
392 514 248 44 undervisning
659 515 11 34 i
690 516 195 34 medicinsk
904 516 141 43 genetik
1068 517 167 43 (kostnad
1258 521 15 30 1
1291 521 67 31 200
1378 518 156 43 kronor).

156 557 140 34 Arvode
313 557 55 34 för
383 558 249 44 undervisning
646 559 111 42 jämte
774 560 119 34 förhör
908 562 11 33 i
935 561 184 43 psykologi
1139 562 167 42 (kostnad
1324 566 20 29 2
1358 565 67 32 450
1442 563 156 43 kronor).

154 601 366 35 Laboratoriebiträde
540 604 11 33 i
570 603 103 42 högst
693 604 49 34 Ce
758 607 41 31 13
821 605 60 34 vid
901 605 229 43 histologiska
1147 606 259 35 institutionen.

155 645 365 36 Laboratoriebiträde
539 647 11 33 i
568 648 103 42 högst
690 649 51 33 Ce
755 652 41 30 13
816 649 60 34 vid
895 650 366 34 medicinsk-kemiska
1278 651 257 35 institutionen.

156 689 202 35 Anvisande
383 703 47 21 av
452 694 20 30 4
488 695 65 30 000
576 692 128 34 kronor
726 692 54 34 till
803 693 170 43 flyttning
996 706 46 21 av
1064 693 458 44 histologiundervisningen
1545 696 54 33 till

110 738 54 29 ett
185 734 147 42 tidigare
354 735 105 34 skede
482 747 45 21 av
549 736 59 34 det
628 736 250 43 morfologiska
899 738 86 39 året,
1006 750 111 21 varav
1140 743 19 29 3
1175 742 66 30 000
1261 739 130 34 kronor
1412 740 54 33 för
1486 752 42 22 en
1549 740 48 34 bi-

110 779 173 33 trädande
306 779 111 34 lärare
440 781 79 33 med
542 781 159 43 uppdrag
723 786 56 29 att
800 782 81 42 giva
903 794 42 21 en
967 782 83 33 halv
1073 782 312 44 föreläsningskurs
1409 784 64 34 och
1498 788 16 29 1
1532 788 66 31 000

109 822 131 34 kronor
258 823 54 33 för
332 823 71 34 viss
424 826 351 41 amanuenspersonal
796 826 112 34 under
926 827 65 33 två
1010 827 178 34 månader.

154 867 124 34 Förste
297 880 193 21 amanuens
508 869 59 34 vid
587 869 223 34 anatomiska
827 870 258 35 institutionen.

131 931 3 3 :
154 911 124 34 Förste
301 924 192 22 amanuens
516 913 59 34 vid
598 911 229 45 histologiska
849 914 258 35 institutionen.

155 955 127 42 Tredje
303 968 191 22 amanuens
515 957 61 34 vid
594 957 226 43 fysiologiska
839 959 259 35 institutionen.

155 1000 127 42 Tredje
301 1013 191 21 amanuens
510 1002 59 33 vid
588 1002 366 35 medicinsk-kemiska
972 1004 258 34 institutionen.

155 1062 58 37 20)
240 1062 142 34 Arvode
401 1064 21 32 å
440 1067 15 29 1
474 1067 64 30 008
556 1064 129 33 kronor
702 1065 37 33 åt
757 1077 42 21 en
818 1064 238 35 studierektor
1073 1066 59 34 vid
1150 1066 216 35 medicinska
1383 1067 215 35 fakultetens

108 1106 411 43 undervisningsnämnd.

154 1186 87 34 Med
260 1186 139 43 hänsyn
417 1188 52 33 till
490 1188 294 43 angelägenheten
803 1201 45 22 av
868 1194 55 29 att
942 1190 42 34 de
1003 1202 71 30 nya
1093 1190 378 44 lärarbefattningarna
1489 1192 11 34 i
1518 1205 78 31 pro-

109 1238 125 35 fessors
273 1240 65 34 och
378 1240 194 35 laborators
616 1241 278 43 (motsvarande)
937 1243 176 43 ställning,
1152 1243 96 34 vilka
1286 1244 11 34 i
1336 1245 262 43 propositionen

110 1296 100 31 1954:
229 1296 60 30 212
316 1293 196 43 föreslagits
540 1294 98 34 skola
663 1294 163 41 inrättas,
853 1296 114 34 måtte
993 1296 109 34 redan
1129 1296 78 34 från
1233 1297 126 43 början
1385 1299 47 34 bli
1458 1298 140 35 besatta

108 1346 80 33 med
210 1346 172 34 ordinarie
403 1346 210 35 innehavare
635 1348 105 43 begär
760 1348 131 42 Kungl.
914 1349 113 42 Maj:t
1046 1370 46 4 —
1113 1350 10 34 i
1145 1350 151 43 enlighet
1318 1352 80 33 med
1418 1351 179 34 kanslerns

108 1398 128 43 förslag
255 1420 46 4 —
323 1399 204 43 riksdagens
549 1400 279 43 bemyndigande
852 1406 56 29 att
930 1402 36 33 få
988 1402 164 43 medgiva
1173 1407 55 31 att
1251 1403 266 43 ifrågavarande
1540 1405 56 34 be-

108 1451 194 43 fattningar
320 1452 264 43 ledigförklaras
603 1453 146 43 tidigast
768 1459 54 28 ett
842 1455 39 32 år
897 1455 109 33 innan
1027 1455 42 34 de
1089 1455 108 42 enligt
1215 1456 68 34 den
1303 1458 11 33 i
1334 1457 263 43 propositionen

108 1504 150 43 angivna
275 1505 128 42 planen
422 1505 87 34 skall
526 1505 142 34 komma
685 1506 53 34 till
757 1507 116 33 stånd.

151 1558 231 34 Beträffande
422 1558 677 36 universitetsbiblioteket
1137 1561 64 33 har
1227 1561 79 34 från
1334 1562 263 35 universitetets

107 1611 76 34 sida
207 1611 181 42 framlagts
413 1611 128 43 förslag
564 1624 57 21 om
646 1624 42 21 en
712 1613 204 42 betydande
941 1613 239 44 förstärkning
1203 1627 46 21 av
1272 1615 223 35 bibliotekets
1519 1629 76 31 per-

107 1664 109 34 sonal.
238 1665 178 33 Kanslern
439 1664 62 34 har
524 1665 55 33 för
602 1665 52 33 sin
676 1665 55 34 del
756 1665 159 35 förordat
938 1678 43 21 en
1005 1667 171 33 successiv
1198 1668 173 43 utökning
1393 1681 45 21 av
1461 1670 134 33 antalet

105 1717 241 43 befattningar
366 1717 60 34 vid
446 1718 216 39 biblioteket;
684 1718 180 34 kanslerns
886 1719 129 44 förslag
1035 1720 55 33 för
1109 1723 105 31 nästa
1233 1721 173 43 budgetår
1426 1722 170 35 omfattar

105 1771 65 32 två
187 1783 72 30 nya
276 1771 162 42 tjänster.

151 1824 398 42 Departementschefen
564 1822 63 35 har
642 1825 148 33 allenast
804 1825 174 42 tillstyrkt
992 1826 221 34 inrättandet
1226 1826 79 34 från
1320 1828 63 33 och
1399 1829 77 33 med
1491 1832 105 31 nästa

105 1876 172 42 budgetår
295 1889 45 20 av
359 1877 68 32 den
445 1889 93 21 ovan
557 1877 111 33 under
687 1878 55 41 10)
766 1878 206 33 redovisade
990 1877 257 44 befattningen.
1264 1880 19 33 I
1302 1880 101 35 detta
1422 1893 173 22 samman-

104 1931 94 43 hang
216 1931 64 33 har
300 1932 381 41 departementschefen
703 1932 193 35 framhållit
916 1938 55 28 att
991 1938 54 29 ett
1065 1934 201 42 ytterligare
1288 1936 307 43 ställningstagan-

106 1988 42 33 de
165 1987 78 33 från
262 1987 294 34 statsmakternas
575 1987 76 35 sida
666 1989 53 32 till
736 1988 223 34 bibliotekets
977 1989 276 42 personalbehov
1269 1995 121 38 syntes
1408 1993 184 42 lämpligen

104 2042 86 33 böra
203 2042 136 42 föregås
355 2054 45 21 av
416 2055 42 21 en
474 2043 518 43 organisationsundersökning
1006 2044 223 35 beträffande
1243 2045 217 39 biblioteket,
1476 2048 120 33 varför

105 2098 384 41 departementschefen
511 2099 190 33 förutsatte
722 2103 67 35 att,
811 2100 107 32 innan
938 2112 72 30 nya
1031 2100 179 34 äskanden
1232 2102 9 32 i
1263 2101 122 42 frågan
1407 2102 188 35 framlades

104 2152 79 34 från
204 2153 261 33 universitetets
487 2154 86 39 sida,
596 2154 347 33 överbibliotekarien
966 2156 10 32 i
999 2156 139 33 samråd
1161 2157 78 33 med
1263 2161 134 29 statens
1420 2159 173 41 organisa-

103 2208 228 34 tionsnämnd
357 2209 210 33 verkställde
592 2221 42 21 en
657 2212 147 39 översyn
830 2223 44 19 av
897 2210 223 34 bibliotekets
1143 2211 249 41 organisation.

150 2265 238 43 Sammanlagt
405 2267 142 32 innebär
563 2267 129 42 Kungl.
709 2267 128 41 Maj:ts
855 2268 127 42 förslag
996 2280 41 21 en
1055 2267 284 44 anslagshöjning
1354 2271 78 33 med
1449 2275 65 30 340
1526 2276 66 29 000

103 2321 138 33 kronor.

149 2376 86 33 Med
258 2376 183 42 anledning
462 2389 44 20 av
527 2377 60 33 det
608 2377 7 32 i
638 2377 220 34 motionerna
877 2379 29 32 I:
922 2382 42 29 94
986 2379 63 33 och
1072 2380 48 32 II:
1139 2384 63 30 117
1223 2381 220 34 framställda
1464 2382 127 42 yrkan-

104 2431 60 33 det
182 2432 100 32 torde
301 2431 36 33 få
355 2432 129 32 erinras
504 2445 57 21 om
581 2437 54 28 att
653 2433 163 33 kanslern
836 2434 88 32 efter
942 2435 130 42 förslag
1089 2448 44 20 av
1154 2436 260 34 vederbörande
1434 2439 154 41 myndig-

103 2486 99 33 heter
222 2486 92 41 gjort
336 2487 257 43 framställning
613 2501 56 20 om
690 2489 44 33 bl.
749 2502 30 20 a.
801 2502 43 20 en
868 2490 178 33 laboratur
1068 2491 7 33 i
1098 2491 205 34 elektronik.
