1884 2788
267 153 39 31 16
716 155 285 31 Statsutskottets
1027 157 179 30 utlåtande
1231 167 43 20 nr
1295 156 70 32 100.

314 236 116 40 Enligt
448 237 115 30 beslut
583 247 43 22 av
646 238 81 29 1942
749 239 57 29 års
828 238 141 40 riksdag
988 239 64 30 har
1071 240 194 40 förefintlig
1286 241 201 40 behållning
1506 242 20 29 å
1545 242 157 39 anslaget
1722 242 53 30 till

267 287 138 30 inlösen
424 297 42 20 av
486 288 348 30 skattefrälseräntor
855 289 66 30 fått
942 289 204 40 disponeras
1166 291 134 39 jämväl
1321 291 88 30 efter
1429 292 177 39 utgången
1627 301 42 22 av
1689 292 86 30 bud-

268 338 133 37 getåret
424 338 149 35 1941/42
596 338 55 30 för
672 339 145 30 därmed
839 341 110 29 avsett
972 341 164 29 ändamål
1163 341 52 34 (se
1240 341 100 30 1942:
1356 342 60 31 VII
1438 343 39 28 ht
1499 352 26 20 s.
1549 342 74 32 38).

314 389 14 29 I
349 388 165 30 skrivelse
535 389 68 29 den
621 389 37 29 31
679 389 139 37 januari
839 390 74 30 1951
933 390 64 30 har
1016 391 248 39 länsstyrelsen
1285 392 11 29 i
1314 392 222 30 Stockholms
1557 393 56 30 län
1632 411 44 3 —
1694 394 80 29 med

268 438 173 30 förmälan
461 440 49 28 att
530 439 246 37 länsstyrelsen
796 440 138 37 jämlikt
954 441 228 30 förenämnda
1205 443 55 37 lag
1280 443 67 29 den
1369 442 37 30 12
1427 443 89 37 april
1539 443 78 30 1935
1639 443 136 31 förord-

268 490 63 28 nat
356 498 57 20 om
436 489 138 30 inlösen
599 499 43 21 av
666 490 276 31 frälseräntorna
967 501 43 21 av
1034 492 93 30 vissa
1152 492 152 40 angivna
1330 493 205 40 fastigheter
1561 494 65 30 och
1651 494 123 30 därvid

266 539 153 30 bestämt
439 540 259 37 sammanlagda
718 541 258 30 lösensumman
999 542 55 29 för
1076 543 164 29 räntorna
1262 543 54 30 till
1341 543 58 31 116
1411 543 58 30 827
1492 544 130 30 kronor
1644 544 38 30 25
1705 545 69 33 öre,

268 590 52 28 att
348 590 250 39 länsstyrelsen
625 591 147 30 utbetalt
802 592 95 30 detta
923 593 125 40 belopp
1076 593 52 29 till
1156 595 233 38 ränteägarna
1415 595 81 29 från
1524 595 152 30 särskild
1704 596 70 29 för-

267 640 191 30 skottstitel
475 642 93 28 samt
585 642 51 29 att
655 642 259 30 reservationen
930 643 20 30 å
968 643 157 40 anslaget
1142 644 53 30 till
1212 644 137 30 inlösen
1367 654 43 21 av
1427 645 347 30 skattefrälseräntor

267 690 59 31 vid
347 691 174 39 ingången
544 701 43 21 av
610 692 206 40 budgetåret
842 693 146 36 1950/51
1013 694 134 40 utgjort
1171 695 40 30 37
1227 694 64 31 943
1314 696 130 29 kronor
1467 696 41 30 20
1532 697 59 29 öre
1613 714 44 3 —
1678 697 96 29 hem-

268 741 107 34 ställt,
401 743 50 28 att
475 742 127 39 Kungl.
629 743 105 39 Maj:t
760 744 57 29 för
843 744 198 30 ändamålet
1066 745 108 30 måtte
1200 746 104 30 ställa
1329 746 227 40 erforderliga
1582 747 112 29 medel
1720 747 54 29 till

267 791 268 40 länsstyrelsens
556 793 217 39 förfogande.

312 892 175 30 Utskottet
512 893 56 30 får
596 894 80 30 med
700 894 246 40 tillstyrkande
972 905 44 21 av
1041 896 125 39 Kungl.
1193 897 126 39 Maj:ts
1344 897 268 39 ifrågavarande
1639 898 132 40 förslag

263 942 195 34 hemställa,

622 995 50 28 att
694 994 189 40 riksdagen
905 996 58 30 må
985 995 54 30 till
1061 996 138 31 Inlösen
1224 1006 44 21 av
1290 997 349 39 skattefrälseräntor
1662 999 20 30 å
1706 998 68 30 till-

575 1045 166 39 läggsstat
763 1046 30 28 II
814 1046 53 30 till
888 1046 191 30 riksstaten
1099 1047 55 30 för
1175 1047 205 39 budgetåret
1404 1049 148 35 1950/51
1576 1049 122 30 anvisa
1719 1051 48 28 ett

575 1095 356 40 reservationsanslag
954 1106 43 20 av
1021 1096 41 30 80
1077 1097 62 30 000
1164 1098 141 29 kronor.

312 1159 200 31 Stockholm
531 1161 68 29 den
618 1161 41 31 20
678 1162 89 39 april
789 1161 94 31 1951.

755 1263 50 30 På
830 1263 278 30 statsutskottets
1132 1265 147 38 vägnar:

871 1363 118 30 KARL
1012 1364 148 30 WARD.

308 1520 241 29 Närvarande:
571 1529 35 21 se
625 1521 110 29 under
753 1521 197 30 utlåtandet
969 1531 43 20 nr
1032 1522 51 30 95.
