1924 2818
332 157 19 30 6
663 158 129 31 Första
821 158 255 36 lagutskottets
1104 157 190 33 utlåtande
1321 158 53 31 Nr
1396 158 29 29 2.

285 235 352 37 artilleriregemente,
680 235 158 31 Skånska
879 235 209 36 trängkåren
1126 235 61 31 och
1222 235 249 36 straffängelset
1506 236 11 30 i
1547 235 250 32 Kristianstad.

288 288 227 32 Härförutom
538 287 63 32 har
624 287 419 32 militieombudsmannen
1064 288 12 30 i
1092 288 198 31 Stockholm
1306 288 206 36 inspekterat
1528 288 87 32 Svea
1632 288 166 37 livgarde,

288 341 188 36 Livgardet
509 341 56 30 till
598 341 78 30 häst
709 341 63 30 och
806 341 156 30 Flottans
996 341 125 30 station
1150 341 12 30 i
1186 340 207 32 Stockholm.
1439 341 119 31 Under
1581 341 65 31 den
1669 341 61 36 tid,
1755 341 44 31 då

288 393 421 30 militieombudsmannen
728 392 112 36 åtnjöt
851 394 170 33 semester,
1035 392 132 35 företog
1180 392 321 35 tjänstförrättande
1513 393 286 30 militieombuds-

288 454 150 21 mannen
461 444 305 35 inspektionsresor
788 444 56 30 till
867 443 225 36 Stockholms,
1117 443 300 36 Södermanlands,
1441 444 185 35 Göteborgs
1650 444 62 30 och
1735 444 63 30 Bo-

288 497 64 31 hus
375 498 88 30 samt
485 494 123 34 Örebro
632 497 68 36 län,
725 496 61 31 och
809 496 134 31 besökte
966 496 70 31 han
1059 496 126 31 härvid
1209 496 87 31 Svea
1312 496 233 37 ingenjörkår,
1562 496 237 37 Fälttelegraf-

289 550 122 31 kårens
445 549 270 36 radiokompani,
748 548 286 32 Södermanlands
1069 550 203 35 regemente,
1309 549 333 36 Skeppsgossekåren
1671 549 12 30 i
1706 549 91 31 Mar-

288 602 129 36 strand,
455 602 292 35 Livregementets
790 601 230 36 grenadjärer,
1064 601 89 31 Svea
1191 601 167 35 trängkår
1396 601 61 30 och
1495 602 252 35 straffängelset
1786 602 12 29 i

289 652 135 32 Örebro.

331 706 117 31 Under
468 705 268 30 ämbetsresorna
751 705 90 30 hava
857 704 436 36 rullföringsexpeditioner
1308 704 143 35 besökts,
1469 704 43 30 då
1527 704 120 31 sådant
1663 705 134 29 kunnat

287 759 69 35 ske,
380 759 85 29 utan
487 758 52 30 att
562 767 137 21 resorna
723 757 199 35 därigenom
945 756 216 36 väsentligen
1185 756 171 36 förlängts
1379 756 83 31 eller
1485 756 184 36 fördyrats.

332 811 69 31 Vid
426 810 276 36 inspektionerna
725 810 64 30 har
812 810 422 30 militieombudsmannen
1256 809 138 30 biträtts
1418 819 44 20 av
1487 809 206 36 byråchefen
1715 809 85 30 eller

288 863 309 36 byråintendenten
631 862 60 30 vid
726 861 606 36 militieombudsmansexpeditionen
1366 862 89 29 samt
1487 862 12 29 i
1524 862 91 29 vissa
1639 862 62 30 fall
1725 861 74 31 där-

288 916 106 35 jämte
428 925 44 19 av
507 924 41 20 en
583 914 314 36 byggnadskunnig
932 914 125 29 officer.
1104 913 68 31 Vid
1207 913 238 35 inspektionen
1478 923 44 19 av
1547 913 252 35 truppförband

289 967 91 30 hava
413 966 142 30 särskilt
586 965 406 35 krigsrättsprotokollen,
1027 965 280 35 krigsdomarnas
1343 964 127 30 diarier
1492 964 62 30 och
1578 964 222 36 anteckning-

289 1029 86 21 arna
408 1020 83 29 över
525 1018 223 35 disciplinära
781 1017 277 35 bestraffningar,
1083 1017 379 35 kassaförvaltningens
1486 1017 315 35 räkenskapshand-

290 1072 113 35 lingar
437 1072 91 29 samt
561 1070 209 35 handlingar
805 1069 144 31 rörande
981 1069 239 36 upphandling
1243 1069 62 30 och
1329 1069 222 35 redovisning
1575 1079 44 20 av
1643 1069 156 30 materiel

289 1134 45 20 av
366 1123 94 30 olika
493 1123 74 35 slag
602 1124 161 28 ävensom
798 1121 394 30 marketenterirörelsen
1227 1120 190 35 granskats.
1464 1120 130 30 "'Fillika
1628 1120 64 30 har
1719 1130 81 26 upp-

289 1174 235 31 märksamhet
553 1175 122 35 ägnats
698 1175 35 29 åt
756 1173 129 30 vården
909 1182 43 20 av
975 1172 163 30 kaserner
1160 1172 61 30 och
1245 1172 156 30 materiel
1425 1174 89 29 samt
1537 1174 35 29 åt
1596 1173 206 36 hygieniska

291 1226 250 32 förhållanden.
588 1226 17 30 I
640 1225 164 31 samband
838 1224 75 31 med
947 1225 278 36 inspektionerna
1258 1235 45 20 av
1326 1225 250 36 truppförband
1599 1225 90 31 hava
1712 1227 88 29 även

290 1279 286 31 arrestlokalerna
610 1278 144 32 besökts.
800 1278 49 30 De
882 1278 12 30 i
917 1278 210 31 förestående
1150 1277 207 36 redogörelse
1381 1278 208 30 omnämnda
1612 1278 146 31 besöken
1781 1279 22 29 å

290 1333 41 30 de
369 1333 177 30 allmänna
580 1331 311 31 straffanstalterna
925 1331 91 30 hava
1051 1330 214 31 uteslutande
1298 1332 111 29 avsett
1444 1340 170 26 personer,
1649 1340 72 21 som
1756 1341 45 19 av

290 1383 241 37 krigsdomstol
555 1383 111 31 dömts
689 1383 55 30 till
768 1382 231 31 frihetsstraff.

334 1436 19 30 TI
376 1435 92 31 detta
483 1435 249 35 sammanhang
748 1434 100 30 anför
860 1434 422 30 militieombudsmannen
1295 1435 12 29 i
1318 1434 202 30 berättelsen
1533 1434 164 36 följande:
1728 1434 73 30 Den

292 1487 212 32 verkställda
516 1487 258 35 granskningen
790 1497 45 19 av
851 1486 345 35 krigsdomstolarnas
1214 1486 168 36 protokoll
1399 1486 85 30 hade
1498 1487 11 29 i
1522 1486 193 31 allmänhet
1727 1486 76 30 icke

292 1541 90 35 givit
404 1540 188 35 anledning
616 1539 56 31 till
696 1541 112 34 någon
832 1539 234 35 anmärkning
1082 1549 45 20 av
1143 1538 222 36 allvarligare
1382 1538 244 36 beskaffenhet,
1640 1539 62 30 och
1715 1539 88 30 hade

291 1592 422 31 militieombudsmannen
748 1591 116 30 därför
887 1592 12 29 i
923 1591 109 30 likhet
1066 1591 78 30 med
1168 1592 76 29 sina
1267 1592 172 29 närmaste
1463 1591 210 30 företrädare
1697 1591 12 30 i
1733 1593 69 28 äm-

291 1645 91 30 betet
398 1644 127 35 funnit,
538 1645 51 28 att
601 1643 328 36 krigsdomstolarna
939 1643 12 29 i
961 1644 85 29 stort
1056 1645 63 28 sett
1129 1642 187 36 fungerade
1326 1642 137 37 mycket
1473 1642 329 31 tillfredsställande.

292 1695 101 33 Även
421 1696 64 31 den
509 1695 223 36 disciplinära
755 1695 325 35 bestraffningsrätt,
1103 1705 73 20 som
1200 1705 79 20 vore
1303 1694 201 31 anförtrodd
1527 1696 36 29 åt
1586 1694 40 31 de
1649 1695 155 30 militära

291 1749 260 35 befälhavarna,
586 1748 97 36 hade,
714 1748 105 31 såvitt
842 1748 258 35 granskningen
1123 1758 45 19 av
1191 1747 349 36 förhörsprotokollen
1563 1747 135 30 kunnat
1721 1747 84 36 giva

292 1802 61 31 vid
375 1800 145 36 handen,
544 1800 186 31 handhafts
754 1801 43 35 på
820 1800 227 31 ansvarsfullt
1070 1800 62 30 och
1156 1800 253 36 omdömesgillt
1432 1801 76 29 sätt.
1535 1818 37 3 —
1598 1799 18 30 I
1632 1799 97 37 fråga
1745 1809 56 21 om

292 1854 65 31 den
391 1853 221 31 ekonomiska
642 1853 258 35 förvaltningen
924 1853 60 30 vid
1008 1852 294 36 truppförbanden
1326 1852 86 31 hade
1436 1852 368 30 militieombudsman-

292 1916 66 21 nen
382 1907 12 29 i
418 1906 87 29 visst
527 1905 167 30 avseende
717 1905 118 30 funnit
857 1906 49 29 ett
928 1906 71 29 mot
1023 1904 157 36 gällande
1204 1904 255 31 bestämmelser
1474 1904 139 35 avgjort
1628 1903 177 31 stridande

293 1958 258 35 förfaringssätt
585 1956 90 31 hava
709 1957 189 35 tillämpats
932 1956 59 31 vid
1018 1958 48 29 ett
1089 1956 112 30 flertal
1225 1955 259 36 truppförband.
1531 1955 34 31 S.
1590 1956 32 30 k.
1647 1955 157 31 avskeds-

292 2010 148 36 premier
464 2026 38 4 —
527 2008 110 36 enligt
660 2008 161 36 gällande
844 2008 61 31 och
928 2018 44 20 av
996 2009 183 35 riksdagen
1202 2010 153 34 antagna
1378 2008 254 30 bestämmelser
1654 2007 151 31 avsedda

292 2063 55 29 för
381 2061 68 30 fast
482 2060 142 31 anställt
653 2060 200 31 underbefäl
876 2070 45 20 av
944 2060 210 36 manskapet,
1178 2070 74 20 som
1275 2060 86 30 efter
1384 2060 70 30 viss
1478 2059 68 31 tids
1569 2059 235 36 tjänstgöring

292 2114 149 36 avginge
464 2113 78 30 från
570 2112 205 36 beställning
803 2114 43 33 på
861 2114 67 29 stat
945 2130 37 3 —
1001 2112 86 30 hade
1103 2113 12 29 i
1131 2113 48 29 ett
1195 2112 136 36 mycket
1351 2113 86 29 stort
1452 2111 95 31 antal
1564 2111 62 30 fall
1642 2111 162 31 utbetalts

294 2167 55 30 till
383 2174 167 28 personer,
586 2174 71 21 som
692 2165 202 35 visserligen
929 2164 59 31 vid
1022 2165 131 36 utgång
1181 2174 44 20 av
1249 2164 71 31 viss
1343 2163 297 36 kontraktsperiod
1663 2163 142 31 erhållit

294 2218 127 32 avsked
444 2227 78 21 men
545 2227 73 21 som
634 2217 210 31 omedelbart
859 2217 84 31 eller
959 2219 38 29 så
1012 2219 73 34 gott
1100 2227 72 20 som
1189 2216 209 31 omedelbart
1414 2216 149 31 därefter
1578 2216 198 30 återinträtt
1792 2216 13 30 i

295 2272 115 36 tjänst.
434 2271 68 30 För
525 2271 52 30 att
600 2270 180 30 förhindra
803 2270 55 30 det
881 2270 234 35 kringgående
1138 2279 45 20 av
1207 2269 160 36 gällande
1383 2268 266 36 bestämmelser,
1666 2278 72 21 som
1755 2269 49 29 så-

295 2324 135 31 lunda
411 2316 21 46 i
454 2325 69 28 stor
546 2322 240 36 utsträckning
810 2322 231 36 förekommit,
1065 2322 87 30 hade
1175 2321 422 31 militieombudsmannen
1614 2321 11 30 i
1638 2320 167 31 skrivelse

295 2377 57 30 till
374 2376 196 34 Konungen
592 2384 46 20 av
654 2374 65 30 den
734 2375 41 30 29
792 2374 174 31 december
983 2374 83 30 1926
1083 2374 187 36 hemställt,
1287 2375 51 29 att
1354 2373 159 36 gällande
1530 2372 276 31 bestämmelser
1789 2368 21 47 i

296 2429 116 31 ämnet
444 2428 107 29 måtte
585 2426 151 36 skärpas,
771 2426 172 35 varjämte
976 2426 130 36 jämväl
1130 2426 12 30 i
1165 2426 93 30 vissa
1286 2425 110 31 andra
1423 2424 226 36 hänseenden,
1673 2425 12 29 i
1708 2424 99 31 vilka

295 2481 173 35 villkoren
502 2478 54 30 för
589 2478 201 36 åtnjutande
825 2488 44 20 av
895 2477 296 37 avskedspremier
1214 2479 96 35 synts
1335 2477 53 30 för
1410 2479 151 34 stränga,
1586 2476 151 36 ändring
1760 2486 46 20 av
