2156 2608
221 260 141 26 Historik.

445 188 17 27 2
627 189 112 28 Första
763 190 198 28 kammarens
980 188 138 39 första
1142 191 159 36 tillfälliga
1326 191 141 28 utskotts
1493 192 163 28 utlåtande
1680 191 45 29 Nr
1751 192 28 29 6.

536 268 472 47 Gymnastikinspektionen
1047 270 12 34 i
1098 270 68 34 vad
1207 270 70 34 den
1316 274 96 31 rörer
1452 271 42 34 de
1535 271 55 34 till
1618 272 385 46 folkundervisningen

403 318 159 35 hörande
602 319 294 35 läroanstalterna
936 320 139 35 daterar
1114 321 55 45 sig
1208 320 81 35 från
1316 322 38 33 år
1383 322 105 34 1864.
1544 322 20 34 I
1595 322 69 34 den
1696 335 72 33 nya
1795 322 126 47 stadga
1947 323 56 34 för

402 369 247 45 gymnastiska
688 370 331 45 centralinstitutet,
1061 383 75 23 som
1177 371 45 35 då
1256 371 227 45 fastställdes,
1517 384 133 34 angavs
1676 373 185 46 nämligen
1887 375 115 33 såsom

401 431 44 22 en
485 432 44 21 av
570 420 243 35 direktionens
853 421 54 34 för
959 421 183 35 institutet
1181 422 249 46 skyldigheter
1469 424 55 33 att
1562 425 109 32 utöva
1705 423 188 35 inseendet
1919 428 84 31 över

401 470 515 47 gymnastikundervisningen
956 472 61 34 vid
1056 472 110 35 rikets
1207 473 358 35 elementarläroverk
1605 474 67 34 och
1706 474 199 35 folkskolor
1935 475 66 35 och

402 521 212 44 bestämdes,
643 523 54 32 att
724 521 227 35 direktionen
978 522 114 35 skulle
1116 526 65 43 äga
1200 525 55 33 att
1273 536 131 33 genom
1422 523 171 47 lämpliga
1611 536 170 35 personer
1798 525 205 46 inspektera

400 571 509 47 gymnastikinrättningarna.
956 573 19 34 I
995 573 196 35 allmänhet
1209 574 184 46 uppdrogs
1412 574 117 35 denna
1547 575 456 46 inspektionsverksamhet

399 623 37 32 åt
463 622 201 35 institutets
691 623 253 35 föreståndare.

533 673 507 46 Inspektionsverksamheten
1067 674 158 46 fortgick
1253 674 114 47 enligt
1396 676 96 34 1864
1519 677 55 33 års
1600 676 127 46 stadga
1754 676 56 35 till
1837 678 38 33 år
1893 677 106 44 1887,

397 721 44 35 då
467 735 51 21 nu
545 723 163 46 gällande
736 724 127 46 stadga
889 724 207 36 utfärdades
1124 722 69 48 (Sv.
1224 725 82 35 förf.
1336 726 98 34 saml.
1464 739 43 21 nr
1535 723 188 49 54/1887).
1774 727 127 46 Enligt
1933 726 20 46 $
1976 728 20 34 3

396 773 11 33 i
447 773 222 35 sistnämnda
708 775 127 45 stadga
874 775 114 35 skulle
1021 775 227 36 direktionen
1280 776 92 35 hava
1399 778 54 33 att
1480 778 110 33 utöva
1617 777 273 35 överinseendet
1917 781 84 32 över

395 824 517 47 gymnastikundervisningen
952 826 61 34 vid
1052 828 37 33 så
1120 829 82 43 gott
1242 839 76 22 som
1346 827 67 35 alla
1440 827 77 46 slag
1543 840 43 22 av
1614 827 129 35 skolor.
1799 828 123 35 Såsom
1949 829 49 34 in-

395 874 146 46 spektör
581 875 55 35 för
674 876 516 47 gymnastikundervisningen
1230 877 12 34 i
1269 878 95 34 riket
1391 878 231 35 förordnades
1649 878 223 36 fortfarande
1900 880 99 34 insti-

394 925 114 34 tutets
536 926 252 35 föreståndare.
850 927 19 34 I
896 927 126 46 början
1050 940 43 22 av
1123 928 200 35 1900-talet
1349 928 150 35 tillsatte
1527 928 228 36 direktionen
1783 929 175 47 därjämte
1986 930 12 34 i

393 975 93 35 vissa
514 976 96 35 delar
636 989 43 22 av
705 977 124 35 landet
856 977 171 35 särskilda
1053 978 225 46 inspektörer
1305 979 56 34 för
1388 979 253 35 folkskolorna.

531 1027 92 35 1887
657 1029 54 33 års
738 1028 127 45 stadga
891 1028 11 34 i
930 1028 232 35 förevarande
1190 1029 58 34 del
1276 1029 171 35 ändrades
1474 1042 132 33 genom
1635 1030 213 46 kungörelse
1877 1031 70 35 den
1976 1032 20 34 6

389 1076 68 45 juli
500 1077 95 35 1906
650 1075 70 47 (Sv.
764 1078 81 34 förf.
888 1079 97 34 saml.
1028 1092 42 21 nr
1099 1076 187 48 60/1906).
1345 1080 237 35 Direktionen
1622 1081 115 35 skulle
1782 1082 91 34 hava
1900 1085 96 32 över-

391 1127 188 35 inseendet
606 1131 83 31 över
715 1129 518 46 gymnastikundervisningen
1260 1130 62 34 vid
1349 1130 198 35 folkskolor
1574 1132 66 34 och
1668 1131 328 37 folkskolesemina-

391 1177 68 34 rier
486 1180 93 33 samt
605 1179 166 34 tekniska
799 1179 324 45 elementarskolor,
1153 1193 84 22 men
1264 1180 255 47 inspektionen
1548 1185 85 31 över
1658 1183 338 45 gymnastikunder-

391 1228 191 46 visningen
624 1229 58 34 vid
722 1229 43 35 de
806 1230 179 35 allmänna
1024 1230 210 35 läroverken
1275 1232 67 34 och
1369 1232 92 35 vissa
1488 1232 110 35 andra
1625 1232 249 36 läroanstalter
1901 1237 96 32 över-

391 1277 168 47 flyttades
586 1280 56 34 till
668 1280 172 35 särskilda
867 1293 43 22 av
937 1281 139 46 Kungl.
1107 1281 107 46 Maj:t
1243 1282 91 35 efter
1362 1282 133 46 förslag
1522 1295 43 22 av
1593 1283 229 36 direktionen
1845 1284 151 35 utsedda

390 1341 177 33 personer.
622 1330 70 34 Till
731 1331 187 47 inspektör
951 1332 56 34 för
1033 1332 64 34 sist
1124 1333 157 45 angivna
1308 1333 247 35 läroanstalter
1582 1335 105 45 utsåg
1716 1334 140 47 Kungl.
1886 1335 109 47 Maj:t

388 1380 203 35 institutets
631 1382 253 44 föreståndare,
917 1394 77 23 som
1026 1382 66 35 ock
1119 1395 43 22 av
1190 1383 228 35 direktionen
1445 1384 233 36 förordnades
1706 1387 56 33 att
1789 1386 206 46 inspektera

389 1430 42 34 de
471 1431 257 45 läroanstalter,
764 1444 78 23 som
872 1445 132 33 genom
1035 1433 79 35 dess
1141 1433 140 47 försorg
1308 1433 114 36 skulle
1450 1435 234 46 inspekteras.
1741 1436 71 34 För
1839 1436 156 36 folksko-

387 1480 100 36 lorna
515 1482 12 34 i
555 1482 91 35 vissa
672 1483 185 45 provinser
883 1483 132 35 funnos
1043 1484 174 46 därjämte
1246 1485 221 35 fortfarande
1495 1485 172 36 särskilda
1695 1498 43 23 av
1767 1487 227 36 direktionen

388 1532 151 35 utsedda
565 1533 443 47 gymnastikinspektörer.

522 1584 19 33 I
580 1584 63 34 sitt
682 1585 38 33 år
749 1585 96 34 1912
886 1585 153 46 avgivna
1078 1585 228 36 betänkande
1347 1588 140 45 upptog
1528 1586 70 35 den
1637 1588 38 34 år
1705 1588 97 35 1910
1841 1588 153 36 tillsatta

386 1632 218 37 kommittén
643 1634 55 34 för
737 1636 305 45 omorganisation
1082 1648 43 22 av
1152 1636 248 46 gymnastiska
1427 1637 325 36 centralinstitutet
1779 1638 127 47 frågan
1933 1652 59 23 om

375 1685 474 46 :gymnastikinspektionen
888 1686 56 34 till
984 1687 231 46 behandling.
1271 1687 128 47 Enligt
1437 1688 237 35 kommitténs
1715 1689 135 46 förslag
1882 1690 110 36 borde

374 1725 263 56 iinspektionen
677 1748 43 22 av
750 1737 518 47 gymnastikundervisningen
1296 1738 60 34 vid
1384 1738 43 35 de
1455 1738 114 35 under
1596 1738 399 49 läroverksöverstyrel-

374 1796 88 39 Sens
489 1786 168 35 inseende
685 1787 147 34 stående
859 1787 294 36 läroanstalterna
1172 1788 309 36 omhänderhavas
1500 1802 44 22 av
1563 1790 157 34 nämnda
1740 1792 250 45 överstyrelse.

373 1834 93 35 Som
494 1838 119 44 någon
642 1837 233 46 överstyrelse
903 1838 55 34 för
986 1838 432 36 folkskoleseminarierna
1444 1840 68 35 och
1539 1840 249 36 folkskolorna
1817 1841 45 36 då
1899 1845 97 32 ännu

381 1885 77 35 icke
498 1887 178 44 inrättats,
718 1888 109 35 borde
867 1889 253 46 inspektionen
1160 1902 43 23 av
1243 1890 520 47 gymnastikundervisningen
1804 1892 62 35 vid
1894 1892 101 36 dessa

380 1936 246 37 läroanstalter
651 1938 123 46 läggas
802 1939 117 35 direkt
945 1940 115 34 under
1088 1940 138 47 Kungl.
1256 1940 118 47 Maj:t.
1430 1941 71 35 För
1523 1943 55 33 att
1597 1954 43 23 en
1661 1941 102 47 dylik
1783 1943 207 47 anordning

380 1986 114 36 skulle
522 1989 96 34 bliva
644 1989 127 46 möjlig
798 1990 109 35 borde
935 2003 44 22 en
1006 1990 205 47 sakkunnig
1239 2004 128 34 person
1395 1992 186 35 förordnas
1608 1994 55 33 att
1689 1993 101 35 inom
1822 1993 167 37 ecklesia-

379 2038 361 47 stikdepartementet
767 2041 139 34 biträda
932 2041 62 34 vid
1021 2042 247 46 beredningen
1295 2055 43 22 av
1357 2042 270 47 ifrågavarande
1647 2043 168 36 ärenden.
1859 2044 127 36 Under

380 2088 117 35 denna
524 2090 236 46 sakkunnige,
789 2103 77 23 som
892 2091 89 46 själv
1008 2092 110 35 borde
1146 2093 205 46 inspektera
1377 2093 522 48 gymnastikundervisningen
1926 2096 62 35 vid

379 2140 263 45 seminarierna,
683 2141 115 35 skulle
838 2141 84 46 lyda
961 2143 171 35 särskilda
1171 2144 436 47 gymnastikinspektörer
1640 2144 56 35 för
1723 2145 256 46 folkskolorna,

379 2190 66 34 och
487 2191 108 35 borde
636 2192 120 34 härtill
788 2192 115 46 enligt
929 2192 235 37 kommitténs
1191 2195 150 46 mening
1367 2195 12 34 i
1405 2195 113 35 första
1546 2194 95 36 hand
1669 2195 188 37 förordnas
1883 2210 101 33 gym-

376 2241 232 36 nastiklärare
649 2242 59 35 vid
749 2243 329 46 folkhögskolorna.
1139 2244 78 36 Vad
1256 2247 111 44 angår
1406 2245 253 47 inspektionen
1690 2258 44 23 av
1761 2248 227 46 gymnastik-
