2242 2652
705 220 230 42 Lagutskottets
967 218 168 34 Utlåtande
1159 218 63 32 N:o
1246 219 55 31 20.
1783 215 18 32 7

207 325 85 24 vara
334 325 99 24 mera
462 311 183 50 förbjudet
672 317 47 31 än
748 312 71 36 åtal
847 311 57 36 för
933 310 198 45 förseelser,
1163 320 74 25 som
1267 308 109 37 hafva
1405 307 142 36 mindre
1580 306 224 47 verkningar

206 367 56 36 till.
292 366 101 49 följd,
422 366 129 38 hvilka
578 366 168 48 åklagare
774 378 51 24 nu
853 377 67 36 ega
947 364 129 37 beifra.

366 420 57 36 Af
447 421 106 35 dessa
580 420 80 36 skäl
688 422 110 46 vågar
822 419 63 50 jag
914 419 141 44 föreslå,

367 475 62 36 det
457 473 212 48 Riksdagen
696 474 177 36 beslutar:

367 531 54 33 att
448 528 14 36 i
494 531 46 33 15
570 528 83 47 kap.
685 527 215 48 strafflagen,
933 538 75 25 som
1037 526 153 36 handlar
1218 537 57 24 om
1303 524 97 36 brott
1429 526 74 33 mot
1523 534 138 25 annans
1681 521 121 45 frihet,

209 585 57 33 må
294 582 146 48 intagas
469 594 46 24 en
542 581 249 37 bestämmelse
820 581 40 36 af
885 580 160 49 följande
1073 580 153 48 lydelse:

368 637 93 44 Den,
507 648 75 25 som
624 636 180 48 förbryter
847 634 55 48 sig
936 638 75 33 mot
1040 645 138 24 annans
1208 632 112 36 frihet
1348 631 220 48 derigenom,
1599 633 52 33 att
1679 631 84 45 han;
1793 628 14 37 i

209 689 109 48 afsigt
360 693 53 33 att
456 690 248 37 åstadkomma:
740 689 124 45 skada,
900 689 154 35 medelst
1082 687 73 45 list,
1186 687 94 44 lock,
1311 687 64 35 hot
1404 686 89 35 eller
1520 686 121 46 tvång,
1672 684 135 36 förmår

209 746 118 45 någon
370 747 54 34 att
459 744 94 36 afstå
594 744 116 47 lofligt
751 744 131 44 arbete,
928 743 87 35 eller
1057 740 152 37 hindrar
1246 741 81 35 dess
1362 739 205 46 utförande,
1598 739 122 35 dömes
1748 738 59 36 till

209 798 228 36 straffarbete
466 798 82 36 från
576 797 66 37 och
670 798 82 35 med
783 800 20 33 6
834 797 173 35 månader
1034 795 58 37 till
1121 796 67 35 och
1216 794 83 36 med
1326 796 62 35 två
1417 795 54 44 år;
1503 794 93 35 samt

316 855 64 42 att,
411 864 56 24 om
497 853 119 35 denna
645 851 267 47 framställning
941 849 131 37 vinner
1099 848 115 45 bifall,
1245 848 70 36 den
1344 847 213 48 ifrågasatta
1584 845 223 37 bestämmel-

210 918 63 23 sen
311 905 142 48 intages
491 906 116 36 under
643 906 22 46 $
705 908 48 33 24
791 906 66 36 och
892 905 44 35 de
965 903 210 37 nuvarande
1206 904 48 34 24
1284 902 66 36 och
1380 904 47 33 25
1459 901 46 47 $$
1534 900 187 36 förändras
1748 898 59 37 till

209 960 47 46 $$
288 962 46 33 25
365 961 67 35 och
463 962 84 34 26.»

317 1175 187 38 Utskottet
545 1174 99 37 delar
686 1174 240 37 motionärens
970 1173 206 48 förtrytelse
1214 1171 100 38 öfver
1342 1171 44 36 de
1414 1170 230 49 upprörande
1673 1169 133 37 kränk-

210 1230 131 47 ningar
369 1230 40 35 af
434 1230 61 35 det
524 1229 167 36 enskilda
718 1228 144 37 aftalets
892 1228 122 45 frihet,
1046 1240 75 23 som
1151 1226 253 36 erfarenheten
1433 1225 79 35 från
1541 1236 125 24 senare
1694 1224 113 36 tiders

212 1283 340 37 arbetsinställelser
580 1283 13 34 i
621 1285 81 35 vårt
730 1283 85 35 land
845 1295 75 22 mer
950 1287 46 30 än
1025 1293 45 24 en
1099 1284 96 44 gång
1216 1279 76 37 haft
1313 1282 53 33 att
1385 1278 182 45 framvisa,
1590 1278 66 36 och
1676 1279 128 43 finner,

211 1337 76 36 lika
328 1338 81 35 med
452 1336 234 45 motionären,
722 1336 209 36 arbetarnes
960 1338 82 44 eget
1070 1335 58 36 väl
1157 1333 127 36 kräfva
1313 1336 52 32 ett
1394 1332 266 37 verksammare
1689 1331 119 48 skydd

212 1394 73 33 mot
327 1390 126 49 dylika
494 1390 263 48 kränkningar,
797 1395 45 30 än
886 1390 70 35 den
998 1388 168 48 gällande
1208 1386 278 48 lagstiftningen
1519 1385 132 36 förmår
1678 1386 128 35 lemnå.

213 1445 66 36 Att
316 1444 13 36 i
367 1445 128 35 sådant
533 1445 215 44 hänseende,
780 1447 45 44 på
855 1446 71 34 sätt
955 1442 223 37 motionären
1208 1440 194 48 föreslagit,
1434 1439 14 36 i
1475 1440 106 47 lagen
1609 1438 119 37 införa
1756 1442 53 33 ett

212 1502 82 44 nytt
323 1499 94 47 slags
448 1498 237 45 frihetsbrott,
717 1498 107 37 hvars
854 1496 179 37 särskilda
1051 1496 174 36 karakter
1245 1495 118 35 skulle
1382 1494 103 36 bestå
1505 1492 77 37 deri
1602 1496 52 33 att
1673 1495 132 45 någon,

212 1552 13 36 i
253 1551 110 49 afsigt
391 1555 54 33 att
473 1552 246 36 åstadkomma
748 1552 123 45 skada,
894 1551 151 36 medelst
1072 1549 72 45 list,
1167 1549 92 44 lock,
1281 1550 63 35 hot
1373 1548 86 36 eller
1487 1550 112 45 tvång
1623 1547 184 36 förmådde

212 1619 120 23 annan
361 1609 53 33 att
443 1605 94 37 afstå
566 1606 81 35 från
676 1609 51 33 ett
755 1606 115 47 lofligt
899 1605 122 35 arbete
1050 1604 87 36 eller
1165 1603 178 36 hindrade
1372 1602 81 36 dess
1481 1601 202 45 utförande,
1706 1600 102 37 torde

213 1659 203 36 emellertid
453 1659 82 36 icke
573 1672 85 25 vara
695 1659 127 47 nödigt
851 1659 89 35 eller
969 1670 63 24 ens
1061 1658 55 35 för
1146 1656 200 37 motionens
1375 1659 82 44 eget
1485 1655 96 48 syfte
1609 1654 196 48 gagneligt.

213 1714 86 36 Dels
337 1725 109 36 synes
484 1713 183 47 nemligen
705 1713 70 35 den
813 1716 55 31 art
904 1712 40 35 af
976 1711 239 45 frihetsbrott,
1245 1722 76 23 som
1349 1709 13 35 i
1391 1709 108 36 ofvan
1528 1708 150 36 anförda
1709 1710 46 33 22
1786 1708 22 46 $

213 1768 11 34 i
259 1767 225 47 strafflagens
523 1768 43 33 15
598 1767 83 46 kap.
713 1765 298 44 karakteriseras,
1042 1764 108 36 äfven
1178 1764 12 35 i
1220 1763 169 36 afseende
1418 1764 20 33 å
1467 1762 69 35 den
1565 1761 241 45 strafflatitud,

213 1833 73 23 som
317 1821 117 35 finnes
465 1820 183 47 angifven,
680 1818 230 47 fullständigt
938 1818 106 36 täcka
1073 1818 70 35 den
1173 1816 167 49 speciella
1368 1816 182 44 brottsart,
1576 1815 54 36 för
1658 1814 150 37 hvilken

213 1874 222 36 motionären
467 1873 160 36 förordar
656 1886 44 22 en
729 1872 157 36 särskild
915 1871 367 44 straffbestämmelse,
1309 1870 65 36 och
1404 1869 77 36 dels
1510 1869 117 36 skulle
1647 1868 60 36 det
1727 1868 86 36 kraf

213 1928 224 36 motionären
473 1927 12 36 i
523 1927 99 47 fråga
651 1940 55 22 om
736 1927 119 36 denna
885 1925 169 48 speciella
1083 1928 55 33 art
1167 1925 39 35 af
1232 1923 228 37 frihetsbrott
1488 1922 161 48 uppstält
1678 1925 45 44 på
1750 1922 57 36 be-

213 1981 233 46 fintligheten
490 1981 39 35 af
568 1993 45 24 en
655 1981 12 35 i
708 1980 126 48 hvarje
864 1979 174 37 särskildt
1067 1979 63 35 fall
1159 1977 154 47 bevislig
1342 1977 110 47 afsigt
1481 1980 54 33 att
1562 1976 246 36 åstadkomma

214 2035 113 35 skada
357 2034 12 35 i
398 2034 191 47 betänklig
617 2035 88 46 grad
735 2034 150 35 förlama
914 2032 241 37 straffbudets
1186 2031 230 35 effektivitet.

319 2087 229 36 Motionären
582 2088 65 34 har
681 2086 201 36 emellertid
912 2085 86 48 sjelf
1023 2085 130 46 antydt
1181 2096 45 23 en
1255 2096 119 22 annan
1403 2087 111 42 utväg
1543 2083 54 35 för
1626 2083 182 36 vinnande

214 2141 39 34 af
280 2141 201 35 motionens
511 2140 104 47 syfte,
648 2141 69 33 den
746 2139 183 47 nemligen
960 2141 53 33 att
1041 2138 105 35 ställa
1175 2137 234 36 förevarande
1440 2139 55 32 art
1524 2135 39 36 af
1584 2135 224 37 rättskränk-

213 2194 91 47 ning
341 2194 116 35 noder
495 2194 149 35 allmänt
682 2192 83 45 åtal,
796 2193 66 36 och
896 2192 179 35 utskottet
1103 2196 39 30 är
1172 2191 54 35 för
1254 2190 56 35 sin
1339 2190 58 36 del
1426 2189 229 48 öfvertygadt
1683 2191 53 33 att
1764 2190 45 45 på

215 2249 118 34 denna
362 2253 68 41 väg
460 2247 206 47 syftemålet
695 2247 79 34 med
804 2245 184 36 motionen
1017 2244 142 36 säkrast
1188 2244 66 35 och
1282 2243 80 36 bäst
1386 2244 73 34 står
1478 2245 53 33 att
1550 2242 120 37 vinna.
1714 2241 96 36 Lika

214 2303 82 33 med
338 2301 225 36 motionären
607 2299 115 36 håller
763 2298 181 37 utskottet
984 2297 183 47 nemligen
1209 2297 87 44 före,
1326 2298 54 34 att
1411 2295 152 37 fruktan
1591 2295 56 37 för
1674 2295 136 35 hämnd
