2208 2640
391 257 116 31 Andra
530 257 221 31 Kammarens
778 257 177 41 Tillfälliga
985 258 137 31 Utskotts
1147 258 80 39 (N:o
1256 260 32 34 1)
1319 258 170 31 Utlåtande
1513 258 63 34 N:o
1603 260 30 30 3.
1793 260 20 29 3

213 339 101 35 orsak
343 351 76 23 som
449 340 181 47 sjukdom,
660 340 77 35 icke
767 340 62 35 bör
857 340 99 47 ligga
984 341 133 35 honom
1146 340 57 35 till
1232 353 79 23 men
1343 341 59 35 vid
1427 342 294 47 pensionsrätten.
1768 342 45 35 Så

214 393 75 35 vidt
324 394 63 46 jag
429 393 64 35 har
534 394 75 47 mig
646 393 144 44 bekant,
829 397 37 32 är
895 394 66 35 ock
990 395 116 34 denna
1135 394 189 47 grundsats
1353 395 212 46 genomförd
1594 395 219 35 beträffande

213 447 107 35 andra
343 448 235 46 tjenstemäns
607 447 263 48 pensionering.

319 812 81 34 Den
445 811 165 47 paragraf
651 811 12 33 i
701 811 413 47 pensionsreglementet,
1153 813 12 34 i
1198 813 146 34 hvilken
1374 814 222 35 motionären
1625 814 188 47 ifrågasatt

213 865 161 47 ändring,
405 866 64 33 bar
497 865 12 34 i
537 877 51 21 nu
617 864 236 35 omhandlade
877 865 57 35 del
963 865 157 47 följande
1149 866 149 48 lydelse:

324 969 106 32 »Från
464 968 182 41 tjenstetid,
671 969 106 32 hvarå
800 972 65 28 rätt
888 969 49 32 till
963 970 139 41 pension
1126 970 159 41 grundas,
1311 972 56 30 må
1391 971 118 42 afdrag
1533 973 29 40 ej
1589 971 59 33 ske
1672 972 51 32 för
1747 972 64 32 den

213 1013 58 39 tid,
307 1013 108 32 under
447 1013 137 32 hvilken
614 1013 252 42 tjenstledighet
889 1015 163 40 åtnjutits,
1078 1016 37 30 så
1142 1014 75 33 vida
1240 1015 73 32 icke
1338 1015 111 32 denna
1473 1016 149 42 ledighet
1646 1017 167 32 oafbrutet

214 1058 142 32 fortfarit
380 1058 108 32 under
512 1058 104 32 minst
639 1060 47 29 ett
708 1058 95 32 läsår.
849 1058 79 32 Icke
952 1058 103 33 heller
1079 1061 56 30 må
1160 1059 116 43 afdrag
1300 1060 58 32 ske
1382 1060 52 32 för
1457 1060 65 32 den
1543 1060 58 39 tid,
1620 1061 193 33 hvarunder

213 1103 260 42 tjenstledighet,
500 1103 75 31 med
609 1102 140 42 behörig
772 1102 161 39 tillåtelse,
960 1103 183 42 begagnats
1167 1105 51 31 för
1242 1107 47 29 att
1312 1104 57 33 vid
1394 1105 194 32 läroanstalt
1611 1106 91 32 inom
1728 1107 85 32 riket

214 1148 78 32 eller
315 1158 124 31 genom
463 1158 91 21 resor
577 1148 11 30 i
611 1147 212 32 främmande
847 1147 118 33 länder
989 1148 140 42 utvidga
1153 1149 65 31 den
1242 1149 228 42 tjenstlediges
1494 1151 148 41 insigter,
1668 1151 78 32 eller
1761 1152 52 31 för

214 1196 56 34 att,
304 1192 49 32 till
385 1192 83 42 följd
503 1193 34 30 af
570 1191 157 32 särskildt
759 1192 225 32 förordnande
1017 1193 79 32 eller
1129 1194 63 37 val,
1223 1193 146 33 bestrida
1393 1194 139 32 allmänt
1554 1195 156 42 uppdrag
1734 1196 79 32 eller

214 1237 150 41 offentlig
388 1237 188 41 befattning
601 1240 93 28 utom
720 1236 225 33 skolområdet
968 1237 78 32 eller
1070 1238 266 32 skoldistriktet.»

320 1337 51 34 Af
399 1337 99 34 detta
531 1336 196 47 stadgande
766 1337 168 46 framgår,
965 1339 64 42 att,
1060 1351 57 21 om
1147 1338 108 35 lärare
1284 1340 45 46 på
1358 1340 118 45 grund
1501 1340 36 34 af
1565 1340 119 47 styrkt
1712 1341 100 46 sjuk-

213 1391 82 34 dom
323 1391 64 34 har
415 1389 275 48 tjenstledighet
717 1388 73 36 helt
814 1388 116 46 läsår,
960 1391 148 35 förlorar
1132 1392 70 34 han
1222 1392 55 35 för
1296 1392 117 35 denna
1432 1393 53 34 tid
1504 1395 71 33 rätt
1594 1393 55 35 till
1669 1394 143 46 tjenste-

214 1444 255 46 årsberäkning
496 1444 13 34 1
538 1443 101 47 fråga
668 1456 57 22 om
755 1444 159 47 pension.
974 1445 69 34 För
1076 1446 54 34 att
1159 1445 119 46 undgå
1307 1445 98 36 detta
1434 1446 121 48 plägar
1584 1447 119 35 derför
1730 1448 82 46 sjuk

213 1498 108 35 lärare
350 1498 12 34 i
390 1497 122 47 regeln
538 1498 30 46 ej
600 1499 83 45 taga
712 1497 272 47 tjenstledighet
1012 1499 55 34 för
1094 1499 81 34 hela
1203 1498 136 41 läsåret,
1366 1501 86 34 utan
1472 1500 103 35 söker
1594 1501 70 34 han
1685 1501 128 35 bevara

213 1552 52 34 sin
296 1553 70 33 rätt
394 1550 57 36 till
478 1551 173 46 tjensteår
678 1563 128 35 genom
836 1553 54 33 att
917 1552 218 35 åtminstone
1164 1565 44 22 en
1237 1552 125 36 veckas
1382 1553 53 35 tid
1455 1554 113 34 under
1586 1554 127 35 läsåret
1730 1555 84 47 sjelf

214 1604 190 49 uppehålla
436 1604 311 47 undervisningen.
806 1605 138 35 Endast
973 1605 254 48 undantagsvis
1255 1607 100 34 torde
1376 1606 61 36 det
1456 1607 153 44 inträffa,
1631 1609 54 33 att
1703 1608 108 35 lärare

213 1662 37 31 är
277 1660 37 33 så
342 1658 96 46 sjuk,
468 1659 53 34 att
549 1658 72 35 han
649 1658 78 35 icke
759 1658 67 35 kan
854 1658 157 36 bestrida
1035 1659 301 47 undervisningen
1367 1660 113 35 under
1508 1662 74 33 åtta
1602 1661 125 46 dagars
1746 1662 64 43 tid,

215 1724 79 22 vare
323 1712 55 45 sig
408 1711 59 34 vid
495 1711 144 35 läsårets
668 1711 124 47 början
817 1711 85 35 eller
931 1712 77 34 dess
1037 1712 73 35 slut
1138 1712 85 35 eller
1250 1714 44 46 på
1323 1725 119 23 annan
1470 1714 64 34 tid.

321 1764 226 35 Motionären
578 1765 63 34 har
670 1764 196 35 emellertid
898 1767 84 33 utan
1012 1765 128 35 tvifvel
1167 1767 71 33 rätt
1266 1766 86 44 deri,
1382 1768 55 33 att
1464 1767 181 47 åtskilliga
1674 1767 137 47 olägen-

215 1819 108 39 heter,
353 1817 167 35 särskildt
557 1818 55 34 för
641 1817 315 47 undervisningen,
993 1820 129 46 uppstå
1155 1831 129 34 genom
1314 1821 53 33 ett
1395 1820 120 47 dylikt
1543 1820 36 34 af
1608 1821 203 36 nuvarande

215 1871 264 36 bestämmelser
507 1871 183 47 påkalladt
717 1871 213 36 förfarande.
989 1872 75 35 Och
1093 1872 119 35 dertill
1240 1872 172 45 kommer,
1443 1875 53 33 att
1524 1876 53 32 ett
1604 1874 206 46 stadgande,

215 1938 74 22 som
318 1926 38 34 så
381 1924 259 47 jemförelsevis
668 1925 67 35 lätt
763 1925 69 34 kan
862 1925 180 47 kringgås,
1073 1927 112 34 måste
1214 1938 99 23 anses
1342 1926 135 46 ganska
1506 1927 198 48 olämpligt.

320 1979 82 33 Den
433 1979 54 33 för
515 1978 222 35 folkskolans
760 1978 274 48 lärarepersonal
1073 1979 183 47 härvidlag
1284 1979 162 46 gällande
1476 1980 270 35 bestämmelsen
1775 1985 37 31 är

216 2031 197 35 emellertid
456 2031 102 46 långt
599 2031 284 47 fördelaktigare,
909 2035 43 31 än
991 2032 94 35 hvad
1113 2044 77 23 som
1221 2032 109 46 gäller
1360 2033 54 34 för
1437 2033 220 35 småskolans
1685 2033 125 35 lärare-

216 2085 170 46 personal.
431 2085 21 34 I
480 2084 237 46 reglementet
744 2085 54 34 för
817 2085 304 35 småskolelärares
1149 2098 46 21 m.
1214 2086 33 33 fl.
1266 2086 546 36 ålderdomsunderstödsanstalt

216 2137 140 46 stadgas
385 2138 11 33 i
426 2138 22 42 8
483 2139 44 32 10
558 2137 173 46 följande:

327 2223 193 42 »'Tjensteår
553 2223 122 31 räknas
709 2224 74 31 med
818 2223 156 34 afscende
1008 2225 42 39 på
1083 2226 65 29 rätt
1180 2223 45 31 till
1253 2224 182 31 understöd
1460 2226 109 30 såsom
1594 2224 84 38 fullt,
1703 2224 109 32 derest

215 2268 127 32 läraren
379 2267 168 32 derunder
579 2268 193 41 tjenstgjort
802 2270 18 28 8
850 2267 321 33 kalendermånader
1195 2268 77 32 oller
1297 2268 96 33 34'!/>
1419 2268 130 33 veckor.
1598 2269 76 31 Med
1700 2269 39 32 de
1764 2271 45 36 år,
