1927 2830
484 204 351 40 Bevillningsutskottets
856 206 196 32 betänkande
1074 220 36 19 nr
1129 208 40 31 57
1191 209 34 31 år
1248 210 77 31 1967
1632 212 17 30 5

165 283 60 29 den
244 283 109 39 högsta
371 284 76 39 grad
467 295 39 19 av
523 285 150 30 säkerhet.
692 287 48 28 De
759 286 57 30 har
833 287 107 30 därför
958 288 8 29 i
986 288 61 30 den
1066 289 44 29 till
1130 290 330 39 bevillningsutskottet
1479 292 170 30 hänvisade

164 336 160 30 motionen
347 337 113 30 II:701
486 338 165 30 framställt
673 346 44 24 ett
740 341 327 40 utredningsyrkande,
1090 353 65 19 som
1177 343 95 40 syftar
1294 344 45 30 till
1362 345 164 31 införande
1550 357 38 19 av
1611 357 37 19 en

165 391 212 30 bestämmelse
397 402 53 20 om
471 394 61 28 rätt
554 393 48 29 för
623 394 206 39 arbetsgivare
851 395 85 30 inom
957 396 84 30 såväl
1063 399 95 28 större
1180 408 65 19 som
1267 399 122 30 mindre
1411 399 120 40 företag
1553 407 45 23 att
1619 420 30 3 —

165 446 108 28 utöver
293 445 38 30 de
352 445 97 40 årliga
469 446 173 39 avgifterna
663 447 45 30 till
728 448 83 30 ATP
832 468 29 3 —
880 450 166 30 skattefritt
1066 453 120 28 avsätta
1205 452 102 30 medel
1329 453 44 29 till
1394 464 77 28 egen
1492 455 155 38 pensions-

164 499 133 30 stiftelse.
321 500 225 39 Avsättningen
571 501 56 29 bör
649 502 185 30 maximeras
859 503 44 30 till
926 504 172 30 skillnaden
1122 505 115 30 mellan
1261 506 18 30 å
1303 517 59 19 ena
1385 507 88 30 sidan
1498 508 61 30 den
1583 515 66 23 mot

165 553 327 38 pensionsstiftelserna
522 555 152 30 svarande
704 556 251 40 genomsnittliga
986 557 221 32 årskostnaden
1238 560 95 39 enligt
1364 561 283 40 försäkringsmate-

163 607 130 29 matiska
309 607 208 39 beräkningar
531 609 60 28 och
608 608 18 29 å
642 610 100 28 andra
757 610 87 29 sidan
862 611 38 29 de
916 612 230 38 A'TP-avgifter
1163 614 227 38 arbetsgivaren
1408 615 57 29 har
1483 622 45 23 att
1545 617 103 28 betala

162 659 48 30 för
223 660 66 30 sina
304 660 162 31 anställda.

202 714 74 29 Som
300 714 138 40 framgår
461 726 39 19 av
522 716 61 29 den
606 716 218 40 inledningsvis
847 718 147 30 lämnade
1017 720 214 39 redogörelsen
1255 722 57 29 har
1335 733 112 28 genom
1472 724 99 31 beslut
1595 726 51 29 vid

162 767 78 31 årets
262 768 181 40 vårriksdag
465 769 78 30 skett
566 780 37 19 en
627 769 33 30 så
682 776 67 33 gott
772 781 65 19 som
860 772 182 39 fullständig
1064 774 202 40 omläggning
1289 786 38 19 av
1351 777 139 39 reglerna
1514 779 49 29 för
1587 780 59 29 den

161 821 122 39 privata
301 822 381 41 tjänstepensioneringen.
702 824 276 31 Bestämmelserna
996 827 75 29 skall
1090 827 82 39 gälla
1190 828 36 30 fr.
1239 839 28 19 o.
1281 840 41 19 m.
1346 831 76 30 1969
1441 831 47 30 års
1508 833 139 39 taxering

160 876 59 29 och
242 876 131 30 innebär
395 877 9 29 i
427 877 196 30 förhållande
648 878 44 29 till
716 878 388 42 kommunalskattelagens
1127 884 183 29 nuvarande
1334 885 97 38 regler
1455 896 38 19 en
1517 886 57 30 viss
1599 894 47 23 ut-

161 929 149 40 vidgning
329 941 39 19 av
387 931 102 29 rätten
510 930 44 30 till
576 932 118 39 avdrag
713 932 49 29 för
781 933 318 39 pensionskostnader.
1122 936 74 30 F.n.
1219 937 88 30 krävs
1328 938 48 29 för
1397 938 110 31 sådant
1529 941 117 39 avdrag

161 990 45 22 att
227 984 229 38 arbetsgivaren
477 985 101 29 bildar
598 996 38 18 en
656 986 269 38 pensionsstiftelse
946 988 59 29 och
1027 989 45 29 dit
1093 992 134 27 avsätter
1247 991 201 40 erforderliga
1468 995 101 29 medel
1592 1006 53 18 an-

161 1036 105 40 tingen
286 1047 113 29 genom
418 1038 189 30 utfärdande
627 1049 38 19 av
685 1050 100 19 revers
805 1040 73 30 eller
897 1051 113 29 genom
1029 1043 243 31 överlämnande
1293 1056 38 19 av
1352 1046 98 30 andra
1472 1047 172 40 tillgångar.

160 1091 13 28 I
194 1090 240 40 fortsättningen
453 1092 74 29 skall
547 1092 60 30 alla
627 1093 205 39 arbetsgivare
851 1113 31 3 —
900 1094 116 31 således
1035 1098 79 28 även
1133 1098 138 29 enskilda
1291 1098 173 41 företagare
1483 1120 30 3 —
1533 1112 110 28 genom

158 1155 39 18 en
215 1145 127 29 särskild
360 1146 129 38 spärrad
508 1146 159 39 skuldpost
684 1147 10 29 i
712 1147 205 40 bokföringen
934 1149 117 38 kunna,
1069 1151 72 29 med
1160 1153 62 28 rätt
1241 1152 44 29 till
1305 1154 118 39 avdrag
1440 1155 52 29 vid
1511 1155 133 31 beskatt-

158 1198 125 39 ningen,
302 1209 154 19 reservera
473 1200 101 29 medel
592 1200 49 29 för
658 1201 128 38 pension
805 1212 65 19 som
889 1202 88 39 ingår
994 1203 10 29 i
1022 1214 38 19 en
1078 1205 118 29 central
1215 1207 295 31 överenskommelse
1529 1210 115 29 mellan

159 1252 310 31 arbetsmarknadens
497 1261 105 31 parter
635 1254 131 39 (allmän
795 1256 248 40 pensionsplan).
1074 1258 193 40 Aktiebolag,
1296 1261 178 30 ekonomisk
1503 1263 141 40 förening

159 1305 59 30 och
237 1305 146 31 liknande
403 1307 198 39 rättssubjekt
620 1314 79 23 samt
717 1327 31 3 —
766 1309 78 29 efter
863 1310 122 39 dispens
1004 1321 39 19 av
1061 1311 116 40 Kungl.
1200 1313 105 39 Maj:t
1323 1333 30 3 —
1373 1316 78 28 även
1471 1327 104 19 annan
1596 1328 47 19 ar-

159 1359 170 39 betsgivare
346 1360 75 29 skall
439 1360 168 30 härutöver
623 1371 112 29 genom
754 1373 38 18 en
809 1362 97 30 sådan
923 1364 193 40 skuldföring
1134 1365 8 30 i
1160 1366 248 41 räkenskaperna
1426 1370 106 29 kunna
1551 1381 92 19 reser-

159 1424 72 19 vera
254 1414 101 29 medel
378 1414 49 29 för
448 1414 10 30 i
481 1415 121 39 princip
626 1415 40 29 all
689 1416 88 30 skuld
801 1416 48 30 för
871 1417 123 39 privata
1017 1419 171 38 pensioner.
1214 1420 357 42 Skuldföringssystemet
1596 1424 47 30 får

158 1468 159 29 användas
339 1469 79 28 även
441 1479 39 18 av
501 1468 214 40 familjebolag
737 1469 47 29 för
807 1477 45 23 att
875 1477 106 33 trygga
1004 1472 128 38 pension
1156 1473 31 29 åt
1210 1474 264 41 huvuddelägare,
1498 1477 145 31 förutsatt

159 1526 44 24 att
218 1521 169 39 pensionen
401 1521 89 39 ingår
502 1522 10 29 i
526 1522 116 30 allmän
657 1523 228 40 pensionsplan.

199 1574 150 40 Systemet
375 1576 72 29 med
474 1575 194 40 skuldföring
693 1577 9 29 i
729 1577 249 40 räkenskaperna
1004 1581 128 29 ersätter
1159 1581 38 30 de
1225 1584 181 29 nuvarande
1434 1586 208 29 reversstiftel-

156 1638 97 20 serna.
277 1628 194 39 Härigenom
493 1630 141 29 kommer
655 1641 37 19 ca
716 1630 88 31 7000
826 1632 287 39 pensionsstiftelser
1135 1641 45 23 att
1202 1635 167 32 försvinna.
1393 1638 152 31 Däremot
1567 1640 75 29 skall

157 1682 259 38 realstiftelserna,
443 1684 84 29 d.v.s.
556 1684 286 39 pensionsstiftelser
868 1687 71 29 med
969 1687 99 30 andra
1096 1688 164 40 tillgångar
1287 1692 40 28 än
1355 1688 286 49 reversfordringar,

156 1736 94 37 bestå,
265 1737 60 29 och
341 1747 60 29 nya
416 1737 117 30 sådana
548 1738 142 30 stiftelser
705 1738 48 30 får
767 1739 91 30 också
874 1740 106 30 bildas.
998 1742 186 39 Avsättning
1201 1743 43 29 till
1260 1743 96 31 sådan
1373 1746 125 30 stiftelse
1514 1746 48 30 får
1578 1748 63 29 inte

156 1790 50 29 ske
230 1790 73 29 med
327 1800 109 20 revers.
462 1791 225 39 Avsättningen
713 1791 48 30 får
785 1793 171 30 emellertid
983 1805 69 19 avse
1078 1797 169 37 tryggande
1273 1799 78 28 även
1378 1809 39 19 av
1442 1800 127 39 pension
1597 1801 43 30 till

156 1844 255 39 huvuddelägare
433 1844 8 30 i
463 1844 221 40 familjebolag.
707 1846 121 30 Härvid
849 1847 95 39 gäller
965 1849 109 29 endast
1095 1849 61 30 den
1177 1850 246 41 begränsningen
1445 1860 45 23 att
1511 1855 61 29 den
1594 1861 46 24 ut-

157 1897 79 30 fästa
255 1898 169 38 pensionen
443 1898 63 30 inte
526 1898 48 30 får
592 1899 152 39 överstiga
763 1901 61 29 vad
843 1911 66 19 som
929 1901 61 30 kan
1010 1913 85 19 anses
1114 1904 172 39 sedvanligt
1306 1905 49 30 för
1374 1917 38 18 en
1432 1908 208 39 arbetstagare

156 1951 71 29 med
247 1952 220 29 motsvarande
487 1952 268 40 arbetsuppgifter.
778 1954 65 29 Om
862 1955 197 40 bankmässig
1078 1957 141 30 säkerhet
1239 1958 82 30 ställs
1342 1961 72 37 äger
1435 1961 205 39 arbetsgivare

156 2004 140 30 återlåna
309 2006 101 29 medel
425 2016 65 19 som
505 2012 113 24 avsatts
633 2006 45 30 till
692 2007 278 39 pensionsstiftelse.

195 2059 70 29 Den
285 2069 59 29 nya
362 2059 90 39 lagen
469 2070 53 19 om
540 2061 169 38 tryggande
727 2072 38 18 av
784 2062 300 38 pensionsutfästelse
1103 2075 40 19 m.
1157 2075 40 19 m.
1217 2065 130 31 innebär
1365 2068 95 38 enligt
1480 2069 160 31 utskottets

155 2112 126 39 mening
299 2123 38 19 en
357 2113 149 30 avsevärd
524 2113 175 40 förenkling
716 2114 10 29 i
745 2114 196 31 förhållande
960 2116 45 30 till
1023 2127 43 19 nu
1085 2118 144 38 gällande
1248 2120 107 38 regler,
1374 2121 64 29 inte
1457 2122 92 31 minst
1570 2123 69 30 där-

154 2165 123 39 igenom
293 2172 45 24 att
353 2167 272 30 bestämmelserna
638 2178 53 19 om
705 2168 193 40 skuldföring
913 2180 38 19 av
966 2171 311 38 pensionskostnader
1290 2173 10 29 i
1317 2174 248 40 räkenskaperna
1580 2178 59 29 och

153 2230 52 19 om
224 2220 178 39 avsättning
419 2220 45 30 till
482 2221 270 39 pensionsstiftelse
770 2222 165 31 utformats
955 2223 41 40 på
1013 2230 44 24 ett
1075 2224 111 31 sådant
1204 2228 59 28 sätt
1282 2233 45 24 att
1346 2228 38 30 de
1403 2228 61 30 kan
1483 2230 156 40 tillämpas

154 2273 91 30 också
268 2273 41 39 på
332 2274 362 39 beskattningsområdet.
720 2275 193 40 Härigenom
937 2277 140 30 kommer
1101 2279 38 29 de
1164 2279 150 31 olikheter
1338 2292 65 19 som
1429 2282 62 31 f.n.
1518 2284 121 40 förelig-

153 2337 52 29 ger
224 2328 115 29 mellan
359 2328 192 39 civilrättslig
569 2329 59 29 och
648 2329 219 40 skatterättslig
886 2331 245 39 pensionsreserv
1150 2333 10 29 i
1180 2334 123 39 princip
1324 2342 45 23 att
1391 2336 167 39 försvinna,
1579 2340 59 28 och

154 2381 86 30 detta
264 2381 10 29 i
299 2381 45 30 sin
369 2388 50 23 tur
444 2382 61 29 kan
531 2382 178 30 underlätta
735 2383 135 31 fusioner
895 2385 59 29 och
981 2386 99 30 andra
1105 2386 116 31 former
1247 2399 38 19 av
1310 2390 187 39 samgående
1523 2393 115 29 mellan

153 2434 129 40 företag.
300 2435 167 40 Samtidigt
482 2436 109 39 skapas
607 2442 44 24 ett
666 2437 101 29 bättre
783 2438 151 40 underlag
950 2439 48 29 för
1013 2440 272 39 myndigheternas
1303 2443 98 40 tillsyn
1418 2445 59 29 och
1494 2445 142 31 kontroll.

195 2489 159 30 Utskottet
371 2490 57 29 har
445 2489 130 40 tidigare
592 2490 10 29 i
618 2490 83 30 olika
717 2492 228 39 sammanhang
962 2493 172 31 framhållit
1152 2501 46 23 att
1215 2496 60 29 den
1293 2498 281 39 omständigheten,
1593 2508 45 22 att

154 2542 239 40 finansieringen
417 2554 38 19 av
478 2544 60 29 den
562 2543 160 31 allmänna
745 2545 378 41 tilläggspensioneringen
1146 2549 173 40 uppbyggts
1343 2550 40 39 på
1407 2552 60 29 den
1490 2553 61 30 s.k.
1577 2554 60 30 för-
