1918 2810
95 1597 136 24 Utskottet.

321 162 39 29 14
637 160 397 33 Jordbruksutskottets
1062 160 189 32 utlätande
1278 160 52 32 Nr
1353 160 51 31 50.

319 237 381 36 Departementschefen
732 237 63 30 har
818 237 60 31 vid
901 237 157 31 ärendets
1081 237 163 30 anmälan
1267 236 94 31 inför
1383 237 132 35 Kungl.
1539 236 101 37 Maj:t
1661 237 117 30 anfört

276 289 162 37 följande.

324 362 13 17 »
343 350 220 31 Beträffande
586 350 124 36 frågan
733 359 55 21 om
812 349 65 31 den
893 350 79 35 rätt,
989 359 71 21 som
1075 351 126 34 ägaren
1217 359 45 21 av
1278 349 199 36 Tunabergs
1493 349 214 36 kopparverk
1723 350 56 30 må

276 395 174 31 innehava
472 394 55 31 till
561 393 471 37 Tunabergsallmänningen,
1060 393 62 31 har
1154 393 79 31 från
1267 393 94 31 olika
1384 393 72 30 håll
1479 393 107 36 gjorts
1609 393 169 36 gällande,

276 440 52 30 att
349 438 255 36 kopparverket,
633 439 131 29 oavsett
789 437 239 36 upphävandet
1050 447 44 20 av
1118 437 317 35 skatteköpsrätten,
1459 436 212 31 fortfarande
1694 437 86 30 oför-

276 482 126 31 kränkt
425 483 82 35 äger
530 481 87 30 kvar
640 481 55 30 sin
718 489 122 28 genom
864 478 242 38 bergskollegii
1129 480 114 36 utslag
1267 480 65 30 den
1356 480 18 30 5
1397 479 66 37 juli
1481 480 84 30 1757
1582 480 196 36 medgivna,

276 526 202 36 visserligen
512 534 123 27 genom
667 523 247 36 förordningen
937 524 65 31 den
1026 524 40 31 27
1090 524 70 36 maj
1185 523 84 32 1898
1293 523 182 36 reglerade,
1500 525 69 29 rätt
1591 525 51 29 att
1666 523 113 37 nyttja

275 570 271 35 allmänningen.
593 566 32 34 Å
648 568 108 32 andra
779 568 98 31 sidan
901 567 62 31 har
986 568 141 31 uttalats
1152 567 265 37 uppfattningen
1439 568 61 35 att,
1523 567 105 31 sedan
1651 567 128 32 driften

275 614 60 32 vid
370 613 247 37 kopparverket
650 612 164 37 nedlagts,
850 613 132 30 verkets
1016 612 251 36 nyttjanderätt
1300 611 55 31 till
1389 611 262 37 allmänningen
1673 612 106 31 måste

275 668 96 21 anses
405 658 90 30 hava
525 657 158 36 upphört.
729 656 167 31 Häremot
919 656 68 30 kan
1010 655 188 31 emellertid
1224 656 132 35 bolaget
1378 655 146 36 åberopa
1546 655 93 31 Munk
1664 655 95 62 can
1767 656 12 30 i

275 701 133 36 Kungl.
433 701 116 35 Maj:ts
572 700 226 30 förenämnda
821 699 78 31 dom
924 699 65 30 den
1013 699 40 30 19
1078 709 91 20 mars
1194 699 95 30 1908.

319 743 199 32 Emellertid
534 744 196 35 disponeras
746 743 53 30 för
814 742 216 31 närvarande
1046 742 127 36 skogen
1189 743 20 29 å
1224 742 262 35 allmänningen
1501 742 107 35 enligt
1623 709 157 68 stadgan-

275 788 87 32 dena
395 788 13 30 i
439 786 150 32 nämnda
623 786 201 36 förordning
857 786 64 31 den
950 786 40 31 27
1015 786 70 35 maj
1111 786 95 35 1898,
1230 785 233 31 innebärande
1486 786 50 30 att
1560 785 132 31 kronan
1716 785 65 30 har

275 833 145 31 allenast
442 841 41 21 en
507 831 184 31 inskränkt
714 831 70 30 rätt
806 830 56 31 till
884 830 137 36 skogen.
1068 829 77 31 Med
1170 839 42 21 en
1235 829 97 36 dylik
1356 829 148 35 ordning
1521 829 100 36 följer
1637 829 142 36 jämväl,

275 878 50 30 att
349 876 132 31 kronan
504 875 73 31 icke
601 875 68 31 kan
693 875 53 30 för
769 874 188 36 upplåtelse
981 873 133 36 förfoga
1137 875 82 29 över
1241 873 277 35 allmänningens
1542 872 108 31 mark.

319 920 120 30 Såsom
455 918 291 36 domänstyrelsen
759 917 178 36 meddelat,
950 919 40 28 är
1001 916 200 31 nuvarande
1214 916 234 31 innehavaren
1459 926 44 20 av
1515 916 265 36 kopparverkets

276 965 79 34 rätt,
390 962 200 35 Tunabergs
623 960 351 36 trävaruaktiebolag,
1009 960 103 36 villig
1146 962 49 28 att
1222 961 70 29 mot
1314 969 42 20 en
1378 959 192 36 ersättning
1592 969 45 20 av
1661 959 117 35 30,000

275 1007 126 30 kronor
434 1006 99 30 avstå
566 1005 79 30 från
680 1003 293 37 nyttjanderätten
1000 1003 55 31 till
1078 1003 271 35 allmänningen.
1396 1002 160 31 Nämnda
1578 1002 121 36 belopp
1721 1011 59 21 an-

276 1050 98 37 tyder
406 1049 57 32 det
496 1048 251 38 jämförelsevis
781 1048 102 36 ringa
916 1047 105 31 värde
1044 1046 291 38 nyttjanderätten
1358 1046 108 31 under
1489 1045 202 32 nuvarande
1715 1045 66 31 för-

276 1093 185 32 hållanden
492 1103 98 21 anses
617 1095 66 34 äga
706 1092 54 31 för
782 1092 144 36 bolaget.
972 1091 377 37 Ersättningsbeloppet
1370 1100 101 27 synes
1494 1090 73 36 mig
1589 1089 191 32 emellertid

277 1138 57 31 väl
357 1139 172 29 motsvara
551 1137 64 31 den
639 1136 118 35 fördel,
782 1136 132 30 kronan
937 1135 111 31 skulle
1071 1135 118 35 vinna,
1210 1135 112 30 därest
1339 1134 64 31 den
1419 1134 116 36 gamla
1551 1133 229 36 tvistefrågan

277 1192 54 21 om
365 1180 265 37 kopparverkets
664 1181 71 29 rätt
766 1179 55 31 till
853 1179 260 35 allmänningen
1137 1178 141 35 bringas
1301 1177 56 31 till
1380 1177 156 31 definitiv
1559 1177 136 36 lösning
1718 1176 63 31 och

276 1225 152 30 kronans
450 1223 225 31 oinskränkta
698 1222 271 36 förfoganderätt
990 1224 81 28 över
1093 1221 200 31 densamma
1317 1221 65 30 blir
1406 1220 195 36 fastslagen.
1635 1220 67 36 Jag
1716 1220 65 30 vill

277 1267 213 32 fördenskull
514 1267 186 36 tillstyrka,
724 1267 51 29 att
800 1265 148 37 bolagets
971 1265 152 31 nämnda
1145 1264 211 36 erbjudande
1378 1266 150 34 antages.

320 1312 50 31 De
404 1311 120 36 medel,
558 1320 73 21 som
663 1309 171 32 erfordras
858 1310 53 30 för
933 1309 251 36 ersättningens
1207 1308 178 37 gäldande,
1408 1307 95 32 torde
1526 1307 84 31 böra
1633 1308 83 35 utgå
1739 1317 44 20 ur

277 1355 262 32 domänfonden.

321 1399 79 31 Med
434 1399 135 36 hänsyn
603 1397 56 31 till
682 1397 41 31 de
746 1397 93 31 olika
863 1397 223 36 synpunkter,
1110 1406 70 21 som
1204 1395 108 36 gjorts
1334 1395 158 35 gällande
1516 1394 77 31 med
1616 1393 167 31 avseende

277 1445 22 29 å
321 1443 124 36 frågan
468 1452 55 20 om
547 1443 112 29 rätten
682 1441 56 30 till
762 1441 273 35 allmänningen,
1058 1449 100 27 synes
1181 1438 190 32 emellertid
1394 1438 139 31 ärendet
1556 1438 83 30 böra
1662 1437 119 31 under-

277 1486 121 31 ställas
422 1485 201 36 riksdagens
646 1484 204 36 prövning.»

322 1591 54 31 En
399 1591 71 31 viss
492 1589 260 32 betänksamhet
774 1590 72 30 mot
868 1589 163 36 förslaget
1054 1588 63 31 har
1140 1588 59 31 hos
1222 1587 164 32 utskottet
1411 1586 217 31 förefunnits.
1674 1584 107 33 Onek-

279 1645 92 36 ligen
399 1644 72 31 tala
498 1642 191 32 emellertid
712 1642 156 37 vägande
890 1642 75 30 skäl
989 1641 54 31 för
1065 1642 52 30 att
1139 1651 48 21 nu
1211 1649 121 28 genom
1355 1639 326 31 överenskommelse
1704 1638 77 31 med

279 1696 136 31 verkets
437 1698 103 34 ägare
562 1695 82 30 söka
668 1695 35 30 få
726 1694 112 31 denna
861 1693 203 36 tvistefråga
1087 1693 190 36 slutgiltigt
1298 1691 133 31 avförd.
1469 1691 150 31 Särskilt
1642 1691 64 30 vill
1728 1692 53 29 ut-

279 1749 125 30 skottet
419 1748 12 30 i
448 1747 92 31 detta
556 1746 190 31 hänseende
761 1745 231 37 understryka
1004 1745 57 31 det
1075 1755 46 20 av
1137 1744 292 36 domänstyrelsen
1442 1743 211 30 framhållna
1665 1742 116 31 önske-

279 1800 106 31 målet
400 1799 145 31 rörande
568 1798 251 36 försäljningen
834 1808 45 20 av
895 1798 92 31 vissa
1003 1799 85 35 torp.
1124 1797 66 31 Det
1205 1796 194 36 föreslagna
1415 1795 367 36 ersättningsbeloppet

280 1852 63 31 har
365 1852 75 30 icke
463 1851 91 37 givit
575 1851 166 31 utskottet
763 1850 187 36 anledning
973 1850 56 30 till
1052 1849 149 31 erinran.
1248 1848 174 32 Utskottet
1443 1856 100 22 anser
1566 1847 52 36 sig
1649 1846 133 31 förden-

280 1904 92 31 skull
396 1904 82 31 böra
501 1903 177 37 tillstyrka
702 1902 312 36 framställningen.

324 1955 118 32 Under
464 1954 213 37 åberopande
699 1964 46 21 av
769 1954 56 31 det
847 1953 145 31 anförda
1016 1953 199 31 hemställer
1237 1952 176 35 utskottet,

726 2042 52 31 att
800 2040 184 38 riksdagen
1007 2041 57 30 må
1086 2040 124 31 bifalla
1234 2038 225 33 förevarande
1481 2038 220 37 proposition.

326 2138 195 31 Stockholm
545 2137 64 31 den
634 2137 41 31 22
698 2146 93 22 mars
815 2137 95 30 1927.

730 2241 50 31 På
802 2240 367 37 jordbruksutskottets
1192 2242 148 34 vägnar:

851 2345 37 31 G.
923 2343 292 33 SEDERHOLM.
