1888 2784
462 144 287 34 Statsutskottets
770 140 179 31 utlåtande
970 147 41 21 nr
1030 137 41 30 87
1092 136 39 30 år
1152 135 83 29 1963
1583 128 18 29 5

145 239 67 30 Vid
238 237 101 30 sidan
363 235 110 28 härav
497 232 65 29 har
588 228 125 40 Kungl.
740 226 108 40 Maj:t
873 225 11 29 i
910 222 182 31 december
1120 220 79 30 1961
1229 216 165 32 tillkallat
1418 224 43 20 en
1487 212 113 39 rådgi-

101 281 113 30 vande
242 276 182 33 kommitté
455 275 56 29 för
539 269 290 41 överläggningar
856 265 151 31 rörande
1035 263 119 39 frågor
1182 269 42 21 av
1252 258 131 31 central
1413 254 187 41 betydelse,

103 332 75 21 som
205 322 80 38 äger
310 317 170 32 samband
505 315 80 29 med
613 312 154 39 Sveriges
794 307 214 31 medverkan
1031 306 13 29 i
1070 305 67 29 den
1162 299 287 41 västeuropeiska
1474 297 128 30 ekono-

103 364 116 30 miska
239 359 265 41 integrationen.
528 356 95 30 Även
644 355 11 29 i
677 353 117 29 denna
813 349 185 32 kommitté
1022 348 38 29 är
1083 345 94 31 olika
1199 352 125 31 grenar
1346 350 41 22 av
1410 337 194 41 näringsliv

103 407 66 29 och
192 401 290 33 arbetsmarknad
505 395 202 32 företrädda
729 394 59 30 vid
811 392 101 30 sidan
934 400 43 20 av
998 390 43 30 de
1061 389 12 29 i
1096 388 113 29 första
1230 385 95 30 hand
1347 382 150 31 berörda
1520 381 83 29 stat-

104 449 69 39 liga
195 444 284 42 departementen
501 440 65 30 och
588 432 300 49 myndigheterna.

148 488 195 39 Kollegium
367 486 66 29 har
456 484 13 30 i
493 482 149 38 tidigare
668 476 256 39 sammanhang
949 472 187 32 anbefallts
1160 472 95 38 yttra
1280 468 51 39 sig
1355 468 82 29 över
1462 464 142 38 förslag,

106 531 165 30 liknande
290 529 66 34 det,
377 536 76 22 som
469 524 190 31 framföres
676 522 12 29 i
705 522 42 29 de
765 517 154 33 aktuella
936 516 230 30 motionerna.
1185 511 196 39 Kollegium
1399 509 65 29 har
1483 505 122 31 därvid

106 574 85 39 givit
211 571 141 39 uttryck
373 569 36 31 åt
430 568 54 30 sin
506 563 237 43 uppfattning,
767 563 51 28 att
839 560 69 30 den
928 557 200 39 föreslagna
1149 555 139 30 formen
1308 552 56 30 för
1384 549 222 38 utrednings-

106 616 150 29 arbetets
277 610 211 33 bedrivande
509 618 43 20 ur
573 606 179 30 allmänna
774 602 220 41 synpunkter
1014 599 77 30 icke
1113 599 39 28 är
1172 595 154 40 lämplig.

153 657 120 30 Såsom
297 652 169 39 underlag
490 650 56 30 för
570 647 292 32 statsmakternas
886 639 362 41 ställningstaganden
1271 638 11 29 i
1308 637 41 29 de
1372 631 237 41 handelspoli-

107 699 93 30 tiska
218 698 166 38 frågorna
402 692 180 32 erfordras
600 688 223 41 fortlöpande
841 685 179 40 objektiva
1038 679 313 42 näringspolitiska
1368 675 239 38 utredningar,

109 740 124 40 gjorda
256 740 13 29 i
295 736 210 32 samverkan
529 733 82 31 med
635 729 248 40 näringslivets
908 727 65 30 och
999 721 357 34 arbetsmarknadens
1381 712 226 48 företrädare.

108 782 119 39 Enligt
245 779 140 39 kollegii
403 775 230 42 uppfattning
652 774 65 29 har
737 773 43 29 de
799 767 281 33 hittillsvarande
1102 765 179 30 formerna
1302 762 55 30 för
1377 761 96 29 detta
1492 757 117 31 utred-

109 823 221 39 ningsarbete
352 821 91 29 visat
466 819 51 39 sig
539 825 86 21 vara
647 811 301 39 ändamålsenliga
968 810 67 30 och
1058 807 123 39 medge
1204 815 42 20 en
1271 803 127 39 smidig
1419 800 191 38 handlägg-

110 867 85 39 ning
220 874 41 21 av
286 859 288 43 uppkommande
598 857 166 41 problem,
791 863 76 22 som
892 853 102 30 berör
1019 850 96 31 olika
1139 848 96 31 delar
1260 856 42 21 av
1327 843 193 40 näringsliv
1545 841 65 30 och

112 908 117 40 statlig
251 904 213 39 förvaltning
487 902 66 30 och
576 909 75 22 som
673 894 368 39 erfarenhetsmässigt
1061 892 122 31 växlar
1203 889 135 32 snabbt.
1361 888 76 30 Den
1457 883 156 32 aktuella

111 947 314 40 handelspolitiska
446 943 216 31 situationen
680 959 46 4 —
747 948 77 22 som
843 938 45 30 bl.
912 947 29 20 a.
963 933 279 33 karakteriseras
1264 940 42 21 av
1328 927 212 33 strävanden
1560 926 52 29 att

112 993 45 38 på
182 991 92 30 olika
299 988 168 31 områden
492 985 153 39 utbygga
669 983 66 30 och
759 980 169 40 fördjupa
953 979 59 29 det
1036 973 339 34 EFTA-samarbete,
1403 979 75 21 som
1503 968 111 30 redan

114 1035 39 29 är
173 1033 165 30 förutsett
365 1031 5 29 i
390 1027 261 31 konventionen
670 1043 45 4 —
735 1023 56 31 för
810 1020 182 40 härvidlag
1012 1019 78 30 icke
1110 1018 39 30 in
1170 1016 105 39 något
1295 1012 187 39 väsentligt
1502 1011 81 38 nytt
1601 1008 13 30 i

114 1076 127 29 bilden.
258 1075 40 39 Ej
317 1072 109 31 heller
441 1072 75 33 har,
534 1068 105 32 såvitt
654 1066 191 39 kollegium
861 1064 65 30 har
942 1062 53 39 sig
1009 1061 140 33 bekant,
1166 1058 82 30 från
1263 1054 228 40 näringslivet
1507 1052 109 30 fram-

114 1119 89 29 förts
224 1114 181 32 önskemål
424 1122 58 21 om
504 1110 148 39 ändring
674 1118 42 21 av
735 1108 69 30 den
824 1115 49 20 nu
894 1103 162 41 gällande
1075 1099 283 42 uppläggningen
1379 1105 42 21 av
1441 1094 174 39 ifrågava-

115 1159 109 30 rande
244 1154 336 41 utredningsarbete.

160 1197 324 42 Frågeställningen
501 1194 69 32 blir
589 1193 121 31 därför
728 1192 12 30 i
760 1190 192 33 realiteten,
972 1185 177 33 huruvida
1166 1184 113 30 behov
1298 1180 185 39 föreligger
1503 1186 44 21 av
1564 1178 53 38 yt-

115 1243 162 38 terligare
296 1242 48 29 ett
362 1238 213 40 rådgivande
595 1236 65 30 och
679 1232 193 32 utredande
892 1238 108 32 organ
1020 1228 56 31 för
1094 1224 261 41 handläggning
1375 1232 42 21 av
1434 1221 182 30 hithöran-

117 1286 43 29 de
182 1284 127 39 frågor,
334 1280 233 31 sammansatt
589 1287 43 21 av
654 1275 218 31 företrädare
894 1272 55 30 för
972 1270 169 41 regering,
1163 1267 153 39 riksdag,
1338 1262 194 41 näringsliv
1553 1260 67 31 och

118 1323 299 33 arbetsmarknad.
443 1320 198 40 Kollegium
666 1318 118 30 finner
809 1325 43 21 en
878 1315 98 39 dylik
1000 1312 149 39 ordning
1174 1310 78 30 icke
1276 1307 153 41 lämplig.
1456 1305 59 30 Ett
1541 1304 78 39 nytt

118 1376 109 31 organ
248 1376 42 21 av
310 1366 69 30 den
397 1363 201 38 föreslagna
617 1362 108 39 typen
746 1358 114 32 skulle
879 1357 80 30 med
981 1355 45 31 all
1048 1352 224 32 sannolikhet
1294 1350 109 39 skapa
1422 1346 198 40 komplika-

119 1410 113 29 tioner
251 1410 12 29 i
281 1405 351 39 utredningsarbetet.
654 1400 161 42 Speciellt
834 1400 64 29 när
918 1398 57 30 det
996 1396 108 40 gäller
1124 1397 51 28 att
1194 1393 159 30 inhämta
1374 1388 246 40 näringslivets

118 1450 253 38 bedömningar
392 1448 71 29 kan
485 1446 59 30 det
566 1445 124 29 endast
711 1442 109 31 verka
841 1437 285 42 komplicerande
1148 1437 51 29 att
1221 1434 47 40 på
1289 1434 96 29 detta
1408 1432 69 30 sätt
1499 1428 121 31 fortlö-

120 1492 115 40 pande
251 1491 120 30 arbeta
387 1489 46 40 på
449 1488 59 30 två
525 1487 130 30 nivåer.
673 1484 127 31 Härtill
817 1483 160 29 kommer
995 1482 52 28 att
1064 1488 44 21 en
1125 1478 110 30 sådan
1253 1474 149 39 ordning
1419 1473 72 30 kan
1510 1471 111 30 förut-

121 1535 110 30 sättas
249 1534 48 30 bli
316 1530 211 32 tidsödande
546 1529 67 30 och
631 1526 161 40 fördröja
809 1524 181 39 lösningar
1008 1530 43 22 av
1070 1520 167 41 problem.

166 1576 71 30 Mot
258 1572 232 41 bakgrunden
512 1580 43 21 av
577 1570 68 30 vad
666 1570 12 29 i
700 1568 58 31 det
782 1565 209 40 föregående
1014 1563 138 31 anförts
1174 1561 57 30 får
1252 1554 370 40 kommerskollegium

122 1617 129 31 föreslå
273 1618 51 28 att
346 1614 222 30 motionerna
589 1611 77 30 icke
689 1608 199 32 föranleder
912 1606 116 40 någon
1050 1604 132 40 åtgärd.

168 1662 13 29 I
201 1658 161 31 ärendets
382 1655 142 39 slutliga
542 1651 262 41 handläggning
822 1651 66 29 har
907 1649 156 30 förutom
1081 1643 340 43 generaldirektören
1440 1638 185 32 Malmfors

125 1701 143 40 deltagit
282 1701 123 29 herrar
421 1698 42 30 de
480 1696 141 35 Besche,
639 1694 147 34 Brodén,
805 1691 198 40 Engström,
1021 1688 175 34 Enström,
1215 1686 220 31 Håkansson,
1453 1681 172 31 Klacken-

123 1745 92 37 berg,
239 1741 137 35 Kördel,
399 1740 145 33 Larson,
568 1737 189 38 Lindskog,
780 1733 197 39 Lundberg,
1000 1730 159 34 Nilstein,
1183 1728 175 39 Pihlgren,
1383 1724 130 34 Sahlin,
1538 1723 87 30 Sun-

125 1780 77 49 dén,
222 1783 189 73 Söderberg
428 1782 65 29 och
512 1780 112 30 Åhlén
641 1780 90 28 samt
748 1773 300 33 kommerserådet
1065 1771 193 41 Lindqvist.
1279 1767 200 33 Stockholm
1498 1765 67 30 den
1584 1763 40 31 30

125 1836 95 21 mars
241 1826 94 30 1963.

694 1911 99 31 NILS
814 1908 246 31 MALMFORS

127 2013 153 25 RUTGER
300 2010 226 26 CRONEBORG

1418 2078 35 29 G.
1477 2078 153 29 Jansson
