1880 2798
277 154 39 31 16
663 158 122 30 Första
809 158 239 36 lagutskottets
1074 159 176 30 utlåtande
1273 168 42 21 nr
1342 160 49 29 490.

278 241 98 36 regel,
400 240 77 31 icke
501 240 105 31 fallet.
631 240 198 31 Emellertid
853 242 65 29 har
943 243 86 28 även
1054 242 65 30 den
1145 244 162 28 motsatta
1331 242 269 37 uppfattningen
1624 244 156 30 hävdats.

280 290 67 31 För
367 294 49 27 att
437 290 139 36 skingra
597 290 96 37 varje
714 291 125 30 tvekan
859 300 57 21 om
936 295 51 27 att
1006 292 11 30 i
1039 292 116 38 dylika
1176 292 61 31 fall
1259 292 153 37 politiskt
1434 292 237 37 flyktingskap
1694 295 87 30 skall

279 341 142 31 beaktas
452 340 115 31 finner
593 340 58 37 jag
682 345 46 26 ett
755 342 387 36 undantagsstadgande
1173 341 225 38 erforderligt,
1431 343 199 36 varigenom
1662 344 117 30 straff-

278 391 265 30 bestämmelsen
565 391 74 30 icke
663 390 146 31 erhåller
831 391 219 37 tillämpning
1072 391 45 36 på
1139 392 68 30 den
1229 401 74 22 som
1326 392 156 31 återvänt
1504 392 115 32 såsom
1642 393 137 37 politisk

280 440 158 38 flykting.
469 441 271 37 Invändningen,
772 444 50 27 att
852 444 47 27 ett
929 441 111 37 dylikt
1068 443 387 36 undantagsstadgande
1486 444 71 30 kan
1588 444 106 30 verka
1725 454 55 21 av-

276 491 195 31 trubbande
493 490 46 38 på
561 491 268 37 uppfattningen
851 502 44 22 av
917 491 235 37 utvisningens
1177 493 178 39 innebörd,
1381 503 102 28 synes
1504 494 71 37 mig
1598 495 77 30 icke
1697 495 84 31 böra

277 540 165 33 tillmätas
464 542 195 36 avgörande
680 542 183 37 betydelse.
884 537 96 35 Även
1001 552 57 21 om
1080 552 48 21 nu
1149 543 154 32 nämnda
1325 544 179 36 undantag
1525 544 138 36 stadgas
1685 545 96 31 torde

279 592 67 30 den
372 601 43 21 av
443 592 42 30 de
511 591 218 37 sakkunniga
755 592 197 36 föreslagna
979 592 274 37 begränsningen
1280 593 223 32 beträffande
1528 594 170 37 häktning
1725 595 56 30 vid

277 641 189 31 misstanke
490 642 55 31 för
566 642 91 31 brott
679 653 43 20 av
743 642 266 37 ifrågavarande
1032 644 71 35 slag
1125 644 86 30 böra
1232 647 179 34 upptagas.

324 716 131 31 Genom
476 717 43 31 de
542 717 188 38 ändringar
750 728 76 21 som
848 718 145 32 föreslås
1016 719 10 30 i
1048 720 300 37 utlänningslagen
1372 719 173 38 undergår
1568 720 212 38 utlännings-

278 767 193 31 nämndens
493 768 164 38 ställning
678 768 76 31 icke
779 768 114 37 någon
916 769 168 38 väsentlig
1107 769 213 38 förändring.
1356 770 116 37 Enligt
1496 771 67 30 den
1586 771 195 37 föreslagna

278 817 171 31 särskilda
472 818 99 37 lagen
595 817 178 38 angående
795 819 341 37 omhändertagande
1158 830 43 21 av
1223 820 181 38 utlänning
1425 821 11 30 i
1458 821 128 31 anstalt
1608 822 82 30 eller
1711 821 70 31 för-

278 868 160 36 läggning
462 868 147 31 erhåller
634 870 156 30 däremot
813 870 178 31 nämnden
1017 879 68 28 nya
1109 870 177 38 uppgifter
1311 881 43 21 av
1379 874 71 29 stor
1474 872 83 30 vikt.
1583 872 200 32 Emellertid

277 919 97 30 torde
396 919 161 36 gällande
582 919 273 38 utlänningslags
881 921 110 35 regler
1018 930 57 20 om
1099 921 193 31 nämndens
1318 923 313 36 sammansättning
1656 923 11 30 i
1692 923 42 30 46
1762 923 19 37 8

277 967 113 38 fjärde
409 970 133 36 stycket
558 979 83 21 vara
659 969 243 38 betryggande.
919 988 46 4 —
979 988 46 4 —
1039 981 61 15 —>

274 1108 153 41 Förslag
449 1109 64 32 till
535 1109 61 40 lag
617 1110 188 41 angående
828 1110 365 42 omhändertagande
1210 1120 41 23 av
1267 1111 200 41 utlänning
1489 1112 14 32 i
1527 1112 141 33 anstalt
1690 1113 94 33 eller

907 1160 252 41 förläggning.

319 1211 51 31 De
386 1210 234 38 sakkunniga.

321 1269 151 31 Jämfört
489 1270 80 31 med
588 1270 68 31 vad
673 1280 75 21 som
767 1280 47 21 nu
832 1271 107 36 gäller
957 1270 188 32 innefattar
1163 1271 44 31 de
1228 1272 236 37 sakkunnigas
1487 1272 130 39 förslag
1635 1274 146 37 ändring

277 1319 276 37 huvudsakligen
570 1320 12 30 i
601 1320 156 37 följande
774 1321 231 31 hänseenden.
1029 1321 163 37 Tagande
1211 1322 12 30 i
1241 1322 118 31 förvar
1379 1323 90 31 skall
1486 1323 220 33 förekomma
1723 1333 57 22 en-

276 1370 78 31 dast
374 1380 76 21 som
470 1380 43 21 en
532 1375 76 26 rent
627 1370 210 37 provisorisk
858 1371 301 37 säkerhetsåtgärd
1177 1372 12 30 i
1208 1373 175 30 avvaktan
1401 1372 46 38 på
1468 1374 122 36 beslut,
1612 1375 93 31 huru
1724 1375 57 31 det

277 1421 87 30 skall
386 1421 152 31 förfaras
557 1421 80 31 med
655 1421 189 37 utlänning.
866 1421 75 31 Den
964 1423 151 29 centrala
1134 1422 465 38 utlänningsmyndighetens
1618 1425 161 37 befogen-

276 1472 59 30 het
354 1472 49 30 att
425 1472 156 30 utskriva
601 1472 295 36 omhändertagen
919 1472 182 37 utlänning
1124 1473 158 37 utvidgas
1303 1477 59 33 att,
1386 1475 81 30 med
1488 1474 84 32 visst
1592 1476 188 37 undantag,

276 1530 80 22 avse
376 1521 107 31 också
504 1522 72 35 fall,
596 1523 64 29 där
677 1522 357 37 omhändertagandet
1052 1523 165 31 beslutats
1237 1533 44 21 av
1300 1524 123 37 Kungl.
1446 1525 111 37 Maj:t.
1580 1525 199 38 Skyldighe-

277 1576 59 27 ten
354 1576 49 27 att
423 1572 96 31 inom
538 1572 68 31 viss
628 1573 50 30 tid
698 1574 147 30 anställa
865 1573 123 31 förhör
1007 1574 80 30 med
1108 1575 294 37 omhändertagen
1423 1576 192 31 utsträckes
1637 1579 49 28 att
1709 1586 71 21 om-

277 1622 86 31 fatta
381 1624 88 29 även
490 1622 129 32 sådana
639 1623 73 35 fall,
730 1622 44 31 då
795 1623 122 36 Kungl.
936 1623 103 37 Maj:t
1055 1624 148 30 beslutat
1223 1634 57 21 om
1298 1624 344 33 frihetsberövandet.
1663 1626 117 31 Utlän-

276 1672 279 37 ningsnämnden
569 1673 67 30 blir
651 1673 342 37 förhörsmyndighet
1008 1674 12 30 i
1039 1675 110 30 stället
1166 1674 54 31 för
1237 1675 254 37 länsstyrelsen.
1508 1677 132 30 Endast
1656 1677 123 37 Kungl.

277 1723 101 36 Maj:t
399 1724 89 30 skall
506 1724 103 36 enligt
628 1723 163 37 förslaget
808 1725 66 35 äga
895 1724 134 30 besluta
1047 1724 137 31 fortsatt
1202 1725 251 32 kvarhållande
1474 1736 43 21 av
1536 1727 243 31 omhänderta-

276 1781 64 29 gen
356 1774 190 36 utlänning,
565 1774 109 30 under
691 1775 57 29 det
762 1777 49 27 att
829 1773 109 31 sådan
954 1774 206 37 befogenhet
1179 1775 54 30 för
1253 1776 218 31 närvarande
1486 1777 212 31 tillkommer
1714 1778 66 31 den

275 1825 153 31 centrala
451 1824 446 37 utlänningsmyndigheten
922 1825 220 30 beträffande
1167 1826 190 37 utlänning,
1386 1837 75 21 som
1485 1828 294 38 omhändertagits

278 1876 213 30 omedelbart
512 1874 45 37 på
577 1875 111 36 grund
708 1884 44 21 av
771 1876 112 30 beslut
904 1885 42 21 av
970 1875 121 37 Kungl.
1115 1876 111 37 Maj:t.

326 1967 408 37 Departementschefen.

324 2025 68 30 »De
418 2025 235 37 sakkunnigas
678 2025 129 36 förslag
834 2035 100 27 synes
957 2026 11 29 i
992 2029 84 27 stort
1099 2029 64 28 sett
1186 2026 248 32 tillfredsställa
1460 2031 42 29 de
1527 2029 151 36 anspråk
1704 2039 75 21 som

277 2077 120 29 kunna
414 2077 117 30 ställas
553 2076 44 37 på
616 2086 42 21 en
678 2076 214 37 lagstiftning
912 2086 43 21 av
973 2077 113 31 denna
1105 2081 62 28 art.
1190 2077 131 31 Endast
1340 2078 10 30 i
1370 2078 170 32 särskilda
1559 2080 221 31 hänseenden

277 2127 65 30 har
357 2126 163 37 förslaget
537 2127 163 31 föranlett
715 2126 138 31 erinran
871 2126 81 31 från
968 2128 42 29 de
1026 2128 110 29 hörda
1151 2128 286 37 myndigheterna
1455 2130 66 30 och
1538 2130 241 31 sammanslut-

275 2176 178 37 ningarna.
472 2194 44 4 —
534 2195 45 3 —
594 2187 62 16 —>

587 2274 407 41 Omhändertagandets
1019 2276 179 33 innebörd
1222 2277 69 33 och
1314 2278 152 32 former.

318 2345 51 30 De
388 2343 234 37 sakkunniga.

321 2401 50 31 De
392 2401 219 37 sakkunniga
632 2404 82 35 säga
733 2403 51 36 sig
806 2403 74 30 icke
901 2403 47 31 ha
969 2404 134 29 kunnat
1122 2403 116 37 undgå
1261 2408 48 27 att
1330 2407 321 35 uppmärksamma,
1675 2406 104 29 huru-

276 2461 76 22 som
373 2452 285 37 förvarstagande
680 2452 115 33 såsom
818 2463 44 21 en
886 2454 176 37 strängare
1084 2454 92 31 form
1199 2464 43 21 av
1265 2456 236 37 övervakning
1522 2457 111 30 under
1654 2465 43 22 en
1718 2455 59 32 nå-
