1884 2798
276 156 38 30 26
666 164 120 31 Första
810 166 237 37 lagutskottets
1073 170 176 31 utlåtande
1273 180 41 21 nr
1340 174 48 29 20.

280 244 118 31 kunna
414 245 155 31 besluten
586 246 169 38 svårligen
773 253 107 27 annat
897 251 45 29 än
959 251 11 30 i
989 252 140 30 alldeles
1140 254 168 30 särskilda
1320 254 62 31 fall
1393 257 212 31 omedelbart
1616 260 163 30 verkstäl-

280 295 58 29 las.
359 295 168 31 Avvisade
547 299 167 29 norrmän
738 300 64 29 och
827 300 152 31 danskar
1001 302 84 30 böra
1110 303 119 31 därför
1251 305 287 38 omhändertagas
1560 308 10 29 i
1592 309 93 35 läger
1706 319 73 21 var-

278 345 88 30 efter
388 346 11 30 i
424 346 234 32 samförstånd
683 350 78 29 med
785 350 218 31 härvarande
1025 354 129 30 norska
1179 355 65 29 och
1270 355 133 31 danska
1428 358 238 35 myndigheter
1692 359 86 31 före-

278 398 93 33 tages
392 405 44 21 en
457 397 162 31 närmare
639 399 259 38 undersökning
921 410 42 22 av
986 402 254 38 flyktingarnas
1266 405 252 33 förhållanden.
1544 407 138 32 Sådana
1705 406 73 45 per-

279 454 99 22 soner
412 456 75 21 som
520 448 59 30 vid
616 449 114 31 denna
766 459 239 28 noggrannare
1038 454 260 38 undersökning
1320 456 161 33 befinnas
1507 468 82 21 vara
1614 460 166 37 patrioter

276 496 86 30 böra
397 496 142 36 givetvis
576 499 214 32 omedelbart
815 501 140 37 frigivas
981 504 64 29 och
1072 504 354 38 avvisningsbesluten
1452 508 222 32 beträffande
1699 511 79 30 dem

276 546 84 30 böra
382 546 117 38 hävas,
523 548 112 32 under
656 549 56 31 det
734 554 50 27 att
805 552 190 37 quislingar
1015 555 66 29 och
1102 557 277 30 samarbetsmän
1402 558 198 31 kvarhållas
1626 559 50 32 till
1700 561 77 31 dess

275 595 43 31 de
337 596 87 32 efter
445 598 129 36 Norges
592 600 67 29 och
683 600 197 32 Danmarks
904 603 176 36 frigörelse
1103 605 121 32 kunna
1246 607 288 38 omhändertagas
1556 618 42 21 av
1620 611 156 36 myndig-

275 646 141 31 heterna
434 648 188 32 därstädes.
641 649 76 32 Vad
733 651 152 31 härefter
903 652 106 38 angår
1027 655 101 36 tyska
1147 656 190 37 flyktingar
1354 657 80 33 från
1453 659 111 36 Norge
1585 660 81 31 eller
1685 661 89 30 Dan-

275 697 98 30 mark
394 698 98 31 torde
510 698 169 33 militärer
696 701 86 31 böra
802 703 288 38 omhändertagas
1112 715 43 21 av
1177 705 128 32 militär
1325 708 211 38 myndighet,
1560 711 109 30 andra
1691 711 85 31 böra

274 747 288 38 omhändertagas
584 759 44 21 av
648 750 79 31 civil
746 752 212 37 myndighet.
981 754 14 30 I
1016 753 92 33 båda
1128 755 108 32 fallen
1257 756 63 32 bör
1342 758 56 30 det
1418 767 123 28 genom
1563 761 211 37 avvisnings-

273 797 110 31 beslut
405 799 80 30 eller
507 799 43 36 på
573 800 144 32 därmed
737 801 192 39 jämförligt
952 805 66 30 sätt
1038 806 190 37 klargöras,
1250 811 48 27 att
1318 808 42 31 de
1380 808 76 33 icke
1476 811 120 31 kunna
1617 810 158 38 påräkna

273 846 114 38 någon
409 849 124 32 fristad
554 850 11 30 i
587 850 77 32 vårt
688 852 92 31 land.

925 968 194 41 Lagrådet.

314 1039 172 37 Lagrådet
510 1042 64 30 har
596 1043 68 30 den
688 1045 20 29 6
731 1045 90 36 april
848 1046 82 30 1945
953 1047 128 36 avgivit
1104 1048 182 33 utlåtande
1309 1052 82 30 över
1416 1052 43 31 de
1484 1053 10 30 i
1518 1054 153 36 enlighet
1693 1056 81 30 med

268 1089 396 37 departementschefens
691 1104 89 21 ovan
802 1095 176 38 återgivna
1001 1099 202 30 uttalanden
1227 1103 206 34 upprättade
1457 1103 241 38 lagförslagen.
1724 1106 50 30 De

267 1139 224 39 jämkningar
507 1146 65 29 och
589 1144 280 37 förtydliganden
887 1157 119 23 varom
1023 1149 153 36 lagrådet
1194 1151 174 31 hemställt
1387 1153 46 30 ha
1450 1154 10 30 i
1478 1155 191 32 allmänhet
1686 1156 86 30 iakt-

268 1191 99 35 tagits
392 1192 11 29 i
428 1193 267 38 propositionen,
722 1196 169 36 varjämte
917 1197 106 37 några
1051 1200 132 30 smärre
1209 1201 248 32 redaktionella
1483 1204 189 37 ändringar
1699 1206 71 30 vid-

267 1241 109 36 tagits.

919 1321 203 35 Utskottet.

309 1392 71 31 Mot
394 1395 278 36 propositionens
688 1396 138 38 förslag,
843 1401 49 27 att
914 1399 3 30 i
932 1400 169 31 samband
1118 1403 79 30 med
1215 1405 208 35 antagandet
1437 1415 43 21 av
1494 1416 47 27 ny
1556 1408 213 37 utlännings-

264 1443 54 37 lag
337 1444 320 37 huvudgrunderna
676 1447 57 31 för
751 1448 318 33 frihetsberövande
1089 1451 161 37 åtgärder
1271 1458 72 27 mot
1362 1456 224 37 utlänningar
1605 1459 166 36 lagfästas

262 1501 125 28 genom
408 1504 42 21 en
471 1496 156 37 särskild,
651 1498 212 36 provisorisk
885 1501 63 37 lag,
972 1501 64 31 har
1056 1503 165 31 utskottet
1244 1505 84 30 intet
1347 1508 49 28 att
1416 1506 123 34 erinra.
1563 1507 207 38 Visserligen

262 1544 46 31 ha
327 1545 42 29 de
385 1546 295 36 utrikespolitiska
697 1548 267 35 förhållandena
981 1552 64 30 och
1066 1553 68 30 den
1151 1554 144 31 därmed
1312 1558 348 36 sammanhängande
1678 1560 90 36 flyk-

262 1594 280 36 tingsituationen
561 1598 183 37 undergått
761 1601 292 36 genomgripande
1073 1603 253 40 förändringar,
1348 1606 88 32 efter
1455 1609 55 30 det
1531 1612 50 27 att
1603 1610 166 30 utskottet

262 1643 39 32 år
321 1647 82 29 1942
422 1646 56 31 för
494 1647 108 31 första
621 1649 137 37 gången
775 1652 152 30 uttalade
945 1652 52 37 sig
1015 1653 56 31 för
1089 1658 50 26 att
1157 1654 167 38 åtgärder,
1345 1667 75 23 som
1440 1659 122 36 avsåge
1584 1661 183 30 inskränk-

262 1695 122 36 ningar
399 1697 11 30 i
430 1697 67 31 den
514 1699 196 36 personliga
727 1700 158 39 friheten,
904 1703 106 30 borde
1029 1706 122 29 utöver
1168 1708 67 29 vad
1252 1708 106 29 redan
1376 1718 81 21 vore
1474 1709 97 31 fallet
1590 1711 148 36 regleras
1756 1712 11 30 i

261 1746 63 36 lag.
351 1747 80 30 Men
457 1749 117 35 dylika
598 1749 161 37 åtgärder
783 1753 96 29 torde
903 1753 157 37 alltjämt,
1088 1755 208 32 åtminstone
1323 1759 110 30 under
1459 1769 43 22 en
1526 1757 241 45 övergångstid

261 1796 67 32 tills
353 1807 97 21 mera
472 1799 122 32 stabila
616 1800 245 34 förhållanden
884 1803 127 37 inträtt,
1036 1805 77 31 icke
1139 1807 119 32 kunna
1281 1810 181 36 undvikas,
1488 1811 119 32 varför
1629 1822 44 24 en
1697 1814 68 36 lag-

259 1846 160 40 stiftning
439 1849 10 30 i
469 1850 115 30 ämnet
603 1851 218 32 fortfarande
841 1855 40 29 är
900 1854 163 36 påkallad
1083 1866 43 21 av
1145 1858 137 37 hänsyn
1302 1860 51 29 till
1374 1861 301 32 rättssäkerheten.
1699 1864 66 30 En-

259 1897 59 37 ligt
338 1899 183 32 utskottets
540 1902 140 37 mening
699 1903 109 30 skulle
830 1905 187 31 emellertid
1036 1907 121 30 värdet
1178 1918 42 21 av
1241 1912 45 28 ett
1306 1910 215 36 lagfästande
1542 1912 222 39 förminskas,

260 1947 114 32 därest
402 1953 47 27 ett
476 1951 144 31 allmänt
649 1953 370 38 fullmaktsstadgande
1047 1957 124 32 sådant
1198 1968 74 21 som
1297 1960 11 30 i
1336 1962 260 35 propositionen
1622 1964 142 31 föresla-

259 1998 65 35 gits
356 1999 53 38 (16
436 2001 18 36 $
482 2002 99 35 lagen
604 2002 177 37 angående
809 2006 197 37 utlännings
1032 2009 340 37 omhändertagande
1398 2012 10 29 i
1434 2014 125 29 anstalt
1586 2015 81 29 eller
1695 2014 68 31 för-

258 2048 187 41 läggning),
465 2051 164 37 medgåve
649 2054 122 36 Kungl.
793 2054 101 37 Maj:t
912 2059 49 28 att
978 2057 140 32 utfärda
1136 2059 81 32 från
1233 2061 114 36 lagens
1366 2063 109 35 regler
1494 2064 194 31 avvikande
1707 2065 55 30 be-

258 2100 222 32 stämmelser.
504 2102 51 31 Då
576 2104 118 30 vidare
713 2108 47 27 ett
780 2106 110 36 dylikt
908 2108 144 30 allmänt
1072 2109 372 39 fullmaktsstadgande
1464 2114 75 30 icke
1559 2124 101 27 synes
1681 2124 83 22 vara

257 2151 275 37 oundgängligen
552 2154 225 38 erforderligt,
800 2159 179 35 avstyrker
999 2160 164 31 utskottet
1186 2162 75 30 dess
1284 2164 221 36 upptagande
1528 2165 10 30 i
1560 2165 101 36 lagen
1683 2174 81 21 men

256 2199 146 32 föreslår
422 2202 11 30 i
456 2204 110 30 stället
587 2214 42 21 en
649 2206 207 36 befogenhet
878 2208 55 31 för
954 2209 121 37 Kungl.
1100 2211 102 36 Maj:t
1224 2215 48 28 att
1293 2214 10 29 i
1326 2214 168 33 särskilda
1518 2215 62 31 fall
1603 2215 159 36 medgiva

256 2252 178 38 undantag
453 2253 79 30 från
555 2255 91 31 vissa
667 2257 259 32 bestämmelser
947 2260 10 29 i
981 2261 107 35 lagen.

301 2301 191 36 Självfallet
514 2303 110 32 måste
644 2306 57 32 vid
726 2307 259 38 utformningen
1008 2321 42 20 av
1071 2311 67 30 den
1160 2321 70 27 nya
1251 2313 299 39 utlänningslagen
1572 2317 66 29 och
1660 2316 100 35 lagen

255 2351 177 36 angående
459 2354 198 38 utlännings
687 2358 339 38 omhändertagande
1054 2361 11 30 i
1092 2363 127 30 anstalt
1248 2364 81 31 eller
1359 2364 218 39 förläggning
1605 2367 153 35 beaktas,

255 2405 48 26 att
332 2404 40 29 de
400 2405 107 35 bägge
532 2406 142 35 lagarna
699 2410 86 30 nära
813 2412 273 35 sammanhänga
1111 2414 81 29 med
1218 2416 181 31 varandra.
1428 2416 332 31 Frihetsberövande

256 2460 123 27 genom
402 2456 147 35 tagande
571 2456 10 30 i
606 2457 119 32 förvar
746 2459 143 32 föreslås
913 2461 11 30 i
946 2462 183 31 huvudsak
1154 2464 126 31 liksom
1301 2466 120 31 hittills
1444 2468 146 35 reglerat
1612 2467 12 30 i
1646 2467 111 30 utlän-
