2220 2640
451 117 20 31 4
915 121 234 34 Statsutskotltets
1177 122 174 43 Utlåtande,
1378 125 65 32 N:o
1463 128 54 30 24.

542 200 56 32 att
625 196 65 36 vid
716 197 258 49 värderingen
1001 199 278 50 byggnaderna
1302 202 253 39 tillsammans
1585 205 88 37 med
1700 205 66 37 det
1792 207 57 37 till
1879 208 132 48 gårds-

409 245 90 49 plan
533 245 59 38 för
634 247 87 36 dem
762 248 186 49 anslagna
982 251 155 37 område
1166 258 146 31 ansetts
1340 254 129 37 kunna
1497 255 146 37 skattas
1671 256 56 37 till
1754 257 119 50 högst
1901 260 109 45 6,000

410 296 154 46 kronor;

543 352 67 42 att,
639 348 130 37 derest
790 349 298 49 jordområdena
1111 352 189 38 försåldes
1321 355 183 37 särskildt
1523 356 60 37 för
1603 357 61 49 sig
1682 358 72 37 och
1773 363 92 32 utan
1885 361 126 48 bygg-

409 398 181 47 naderna,
630 398 47 38 de
704 399 86 37 icke
819 406 148 32 ansetts
994 402 129 38 kunna
1150 404 160 49 betinga
1338 405 120 50 högre
1487 407 80 49 pris
1596 413 48 31 än
1672 411 71 35 300
1771 410 144 37 kronor
1941 425 69 35 per

409 448 202 46 tunnland;

542 504 56 32 att
624 499 393 51 värderingsmännen
1055 505 215 37 emellertid
1298 505 126 39 funnit
1450 508 88 37 med
1565 509 167 37 kronans
1760 510 120 38 fördel
1911 518 99 31 mest

410 549 418 40 öfverensstämmande
857 558 55 32 att
934 554 167 49 nedtaga
1124 556 278 49 byggnaderna
1430 559 69 36 och
1525 560 174 37 använda
1723 561 85 36 dem
1834 562 57 36 till
1914 576 95 37 upp-

408 600 156 37 förande
601 604 21 34 å
662 601 188 51 Refvinge
880 605 226 49 mötesplats
1135 606 42 37 af
1199 612 54 31 ett
1279 613 88 44 nytt
1395 608 172 49 sjukhus,
1596 611 12 36 i
1636 611 156 37 hvilken
1821 613 186 38 händelse

409 651 197 37 desamma
630 657 146 32 ansetts
805 653 131 38 kunna
957 656 230 49 uppskattas
1215 657 57 37 till
1303 660 135 45 10,000
1462 660 158 46 kronor;

541 707 56 32 att
638 716 138 35 egaren
817 705 56 36 till
913 705 336 40 Skrifvaremöllan
1282 709 168 49 erbjudit
1482 711 61 48 sig
1570 717 55 31 att
1651 712 59 37 för
1737 713 74 37 den
1834 714 174 48 jordlott,

409 765 81 23 som
515 754 282 48 exproprierats
825 755 84 38 från
936 757 94 36 hans
1058 758 190 48 hemman,
1276 759 128 38 betala
1427 766 55 32 ett
1508 762 143 50 belopp
1675 763 42 36 af
1735 766 112 44 2,500
1867 765 141 37 kronor

409 802 94 37 eller
528 806 120 46 något
675 818 103 24 mera
806 811 47 31 än
878 807 102 37 hvad
1003 808 87 48 den,
1120 809 122 49 enligt
1270 811 416 49 värderingsmännens
1714 815 293 50 uppskattning,

408 858 145 33 ansetts
581 868 93 23 vara
701 856 108 45 värd;

541 910 55 31 att
634 918 140 36 egaren
815 907 42 37 af
889 908 65 36 det
986 908 82 37 från
1106 909 186 51 indragna
1320 911 352 50 kaptensbostället
1697 915 72 36 n:is
1812 918 21 34 2
1863 916 73 37 och
1963 920 43 34 13

406 954 202 38 Hellestad
631 956 59 36 till
716 958 228 49 mötesplats
972 959 230 39 afsöndrade
1231 962 71 36 och
1331 963 221 38 sedermera
1579 964 168 38 försålda
1769 950 236 69 jordområde

408 1005 166 49 erbjudit
613 1006 61 49 sig
712 1012 54 32 att
798 1008 59 37 för
885 1009 75 37 den
988 1010 83 37 från
1099 1024 144 25 samma
1271 1013 164 38 boställe
1464 1014 239 50 afsöndrade,
1731 1030 50 23 nu
1809 1017 58 37 till
1895 1023 111 32 tomt-

406 1056 100 49 plats
542 1056 61 37 för
634 1057 291 49 ifrågavarande
954 1061 230 48 byggnader
1209 1063 184 49 upplåtna
1422 1066 146 47 egolott
1595 1067 158 49 erlägga
1781 1073 55 31 ett
1864 1069 141 50 belopp

407 1106 42 37 af
484 1109 111 45 2,000
631 1108 141 37 kronor
811 1110 95 37 eller
944 1111 185 38 likaledes
1163 1116 119 46 något
1317 1128 106 23 mera
1450 1121 44 32 än
1525 1118 193 37 områdets
1745 1119 118 37 värde
1888 1120 120 48 enligt

407 1157 74 37 den
509 1158 150 37 skedda
682 1159 271 51 värderingen;
982 1168 99 31 samt
1109 1163 180 49 slutligen

539 1214 55 31 att
636 1209 41 37 af
713 1211 194 48 åtskilliga
934 1225 185 36 personer
1145 1214 58 36 för
1230 1215 204 48 sjukhuset
1460 1217 88 37 med
1577 1217 125 38 dertill
1729 1219 171 38 hörande
1928 1235 78 22 om-

406 1258 90 38 råde
524 1259 145 49 bjudits
698 1263 108 46 6,500
835 1275 99 37 resp.
959 1265 109 45 4,000
1098 1264 140 37 kronor
1265 1266 72 36 och
1366 1266 60 37 för
1454 1267 262 39 förrådshuset
1731 1277 151 31 ensamt
1899 1273 106 46 1,000

407 1309 150 38 kronor.

538 1361 115 37 Hvad
681 1362 182 49 slutligen
891 1364 165 49 anginge
1080 1365 215 38 kostnaden
1320 1367 58 37 för
1402 1368 66 37 det
1485 1369 193 38 tilltänkta
1691 1384 75 35 nya
1783 1372 222 48 sjukhusets

407 1413 21 34 å
454 1411 189 49 Refvinge
677 1413 239 49 uppförande
945 1415 96 37 hade
1071 1416 390 51 arméförvaltningen
1489 1420 313 50 tillkännagifvit,
1832 1428 55 32 att
1914 1423 92 37 den-

406 1474 144 25 samma
577 1463 164 37 skattats
767 1464 57 37 till
851 1467 134 44 33,000
1013 1466 154 48 kronor,
1197 1471 41 33 så
1261 1474 65 41 att,
1356 1469 48 37 då
1430 1469 82 38 från
1540 1471 125 37 denna
1692 1486 148 23 summa
1864 1474 140 49 droges

407 1512 65 37 det
508 1513 57 36 till
609 1516 133 45 10,000
783 1515 142 37 kronor
962 1517 219 38 beräknade
1221 1519 135 37 värdet
1391 1520 41 37 af
1455 1522 280 37 materialierna
1762 1523 12 36 i
1802 1524 203 48 sjukhuset

406 1563 73 37 och
506 1563 387 51 förrådsbyggnaden
922 1570 20 33 å
968 1567 208 49 Tvedörra,
1205 1575 147 32 statens
1372 1571 183 37 kontanta
1573 1572 116 49 utgift
1708 1574 122 37 skulle
1853 1576 152 37 komma

406 1618 55 32 att
500 1618 133 46 uppgå
672 1615 57 37 till
756 1618 136 46 23,000
920 1617 156 46 kronor;
1106 1619 72 37 och
1206 1620 127 37 kunde
1362 1621 121 38 under
1510 1622 275 51 förutsättning
1812 1631 56 31 att
1895 1626 109 37 Riks-

406 1664 126 49 dagen
555 1665 202 49 medgåfve
781 1667 228 50 försäljning
1035 1669 85 37 utaf
1138 1669 291 50 ifrågavarande
1449 1672 272 49 jordområden
1745 1676 72 36 och
1843 1681 55 31 att
1921 1677 83 36 der-

405 1714 59 37 för
491 1716 164 37 erhölles
684 1718 230 37 åtminstone
944 1719 63 37 det
1033 1720 143 50 belopp
1205 1723 109 45 4,500
1346 1723 152 48 kronor,
1515 1723 92 38 derå
1626 1725 125 37 anbud
1771 1726 117 37 redan
1905 1727 98 38 före-

404 1765 98 49 låge,
529 1766 169 49 tillgång
723 1768 56 37 till
808 1770 241 36 återstående
1079 1771 250 50 erforderliga
1356 1774 184 49 beloppet
1566 1777 132 45 18,500
1713 1776 154 48 kronor,
1883 1778 121 49 enligt

404 1816 101 37 hvad
545 1817 391 51 arméförvaltningen
977 1821 168 49 upplyst,
1184 1823 164 37 beredas
1376 1824 83 37 från
1487 1825 177 49 anslaget
1690 1826 55 37 till
1774 1828 229 49 byggnader

405 1867 72 36 och
505 1868 235 48 sängkläder
765 1872 49 46 på
838 1871 321 49 mötesplatserna
1186 1887 46 23 m.
1258 1887 48 23 m.

537 1918 133 37 Under
712 1920 242 50 åberopande
994 1922 112 37 häraf
1143 1923 97 37 hade
1281 1924 391 51 arméförvaltningen
1716 1928 192 49 hemstält,
1950 1935 53 31 att

405 1967 138 49 Kongl.
584 1969 109 49 Maj:t
729 1971 162 47 täcktes,
924 1972 113 37 bland
1070 1979 128 41 annat,
1227 1975 92 36 äska
1347 1975 242 50 Riksdagens
1619 1978 270 49 medgifvande
1918 1980 84 37 der-

403 2018 69 47 till,
514 2024 54 32 att
595 2019 291 49 ifrågavarande
910 2023 273 48 jordområden
1211 2028 115 34 måtte
1355 2029 49 45 på
1430 2026 58 37 för
1515 2028 145 37 kronan
1688 2029 313 50 fördelaktigaste

403 2069 123 37 vilkor
552 2070 38 36 få
618 2070 160 50 afyttras
807 2078 99 31 samt
932 2073 209 50 inflytande
1174 2076 311 49 köpeskillingen
1504 2079 195 37 användas
1719 2083 127 34 såsom
1866 2082 136 50 bidrag

403 2119 56 36 till
487 2120 257 39 kostnaderna
770 2122 59 38 för
857 2123 66 37 det
949 2137 73 35 nya
1050 2125 221 48 sjukhusets
1301 2130 20 33 å
1349 2127 186 50 Refvinge
1563 2130 248 49 uppförande.
