<?xml version="1.0" encoding="UTF-8"?>
<alto xmlns="http://www.loc.gov/standards/alto/ns-v3#" xmlns:xlink="http://www.w3.org/1999/xlink" xmlns:xsi="http://www.w3.org/2001/XMLSchema-instance" xsi:schemaLocation="http://www.loc.gov/standards/alto/ns-v3# http://www.loc.gov/alto/v3/alto-3-0.xsd">
	<Description>
		<MeasurementUnit>pixel</MeasurementUnit>
		<sourceImageInformation>
			<fileName>/tmp/tess_du44nxfv_input.PNG</fileName>
		</sourceImageInformation>
		<OCRProcessing ID="OCR_0">
			<ocrProcessingStep>
				<processingSoftware>
					<softwareName>tesseract 5.3.0</softwareName>
				</processingSoftware>
			</ocrProcessingStep>
		</OCRProcessing>
	</Description>
	<Layout>
		<Page WIDTH="1892" HEIGHT="2824" PHYSICAL_IMG_NR="0" ID="page_0">
			<PrintSpace HPOS="0" VPOS="0" WIDTH="1892" HEIGHT="2824">
				<ComposedBlock ID="cblock_0" HPOS="108" VPOS="508" WIDTH="137" HEIGHT="24">
					<TextBlock ID="block_0" HPOS="108" VPOS="508" WIDTH="137" HEIGHT="24">
						<TextLine ID="line_0" HPOS="108" VPOS="508" WIDTH="137" HEIGHT="24">
							<String ID="string_0" HPOS="108" VPOS="508" WIDTH="137" HEIGHT="24" WC="0.94" CONTENT="Utskottet."/>
						</TextLine>
					</TextBlock>
				</ComposedBlock>
				<ComposedBlock ID="cblock_1" HPOS="91" VPOS="1131" WIDTH="162" HEIGHT="61">
					<TextBlock ID="block_1" HPOS="91" VPOS="1131" WIDTH="162" HEIGHT="61">
						<TextLine ID="line_1" HPOS="91" VPOS="1131" WIDTH="162" HEIGHT="32">
							<String ID="string_1" HPOS="91" VPOS="1131" WIDTH="162" HEIGHT="32" WC="0.89" CONTENT="Propositio-"/>
						</TextLine>
						<TextLine ID="line_2" HPOS="142" VPOS="1175" WIDTH="58" HEIGHT="17">
							<String ID="string_2" HPOS="142" VPOS="1175" WIDTH="58" HEIGHT="17" WC="0.94" CONTENT="nen."/>
						</TextLine>
					</TextBlock>
				</ComposedBlock>
				<ComposedBlock ID="cblock_2" HPOS="116" VPOS="1965" WIDTH="112" HEIGHT="26">
					<TextBlock ID="block_2" HPOS="116" VPOS="1965" WIDTH="112" HEIGHT="26">
						<TextLine ID="line_3" HPOS="116" VPOS="1965" WIDTH="112" HEIGHT="26">
							<String ID="string_3" HPOS="116" VPOS="1965" WIDTH="112" HEIGHT="26" WC="0.92" CONTENT="Motion."/>
						</TextLine>
					</TextBlock>
				</ComposedBlock>
				<ComposedBlock ID="cblock_3" HPOS="342" VPOS="161" WIDTH="1359" HEIGHT="41">
					<TextBlock ID="block_3" HPOS="342" VPOS="161" WIDTH="1359" HEIGHT="41">
						<TextLine ID="line_4" HPOS="342" VPOS="161" WIDTH="1359" HEIGHT="41">
							<String ID="string_4" HPOS="342" VPOS="162" WIDTH="41" HEIGHT="31" WC="0.93" CONTENT="26"/><SP WIDTH="53" VPOS="162" HPOS="383"/>
							<String ID="string_5" HPOS="436" VPOS="161" WIDTH="243" HEIGHT="34" WC="0.85" CONTENT="Sammansatt"/><SP WIDTH="22" VPOS="161" HPOS="679"/>
							<String ID="string_6" HPOS="701" VPOS="165" WIDTH="111" HEIGHT="31" WC="0.93" CONTENT="andra"/><SP WIDTH="22" VPOS="165" HPOS="812"/>
							<String ID="string_7" HPOS="834" VPOS="165" WIDTH="72" HEIGHT="37" WC="0.92" CONTENT="lag-"/><SP WIDTH="24" VPOS="165" HPOS="906"/>
							<String ID="string_8" HPOS="930" VPOS="167" WIDTH="63" HEIGHT="30" WC="0.93" CONTENT="och"/><SP WIDTH="22" VPOS="167" HPOS="993"/>
							<String ID="string_9" HPOS="1015" VPOS="166" WIDTH="350" HEIGHT="36" WC="0.92" CONTENT="jordbruksutskotts"/><SP WIDTH="22" VPOS="166" HPOS="1365"/>
							<String ID="string_10" HPOS="1387" VPOS="169" WIDTH="186" HEIGHT="32" WC="0.95" CONTENT="utlåtande"/><SP WIDTH="22" VPOS="169" HPOS="1573"/>
							<String ID="string_11" HPOS="1595" VPOS="171" WIDTH="52" HEIGHT="30" WC="0.94" CONTENT="Nr"/><SP WIDTH="24" VPOS="171" HPOS="1647"/>
							<String ID="string_12" HPOS="1671" VPOS="172" WIDTH="30" HEIGHT="30" WC="0.94" CONTENT="2."/>
						</TextLine>
					</TextBlock>
				</ComposedBlock>
				<ComposedBlock ID="cblock_4" HPOS="294" VPOS="240" WIDTH="1510" HEIGHT="217">
					<TextBlock ID="block_4" HPOS="294" VPOS="240" WIDTH="1510" HEIGHT="217">
						<TextLine ID="line_5" HPOS="295" VPOS="240" WIDTH="1508" HEIGHT="54">
							<String ID="string_13" HPOS="295" VPOS="240" WIDTH="198" HEIGHT="37" WC="0.91" CONTENT="inflytelser."/><SP WIDTH="46" VPOS="240" HPOS="493"/>
							<String ID="string_14" HPOS="539" VPOS="240" WIDTH="325" HEIGHT="38" WC="0.91" CONTENT="Centralstyrelsens"/><SP WIDTH="33" VPOS="240" HPOS="864"/>
							<String ID="string_15" HPOS="897" VPOS="243" WIDTH="135" HEIGHT="37" WC="0.96" CONTENT="uppgift"/><SP WIDTH="33" VPOS="243" HPOS="1032"/>
							<String ID="string_16" HPOS="1065" VPOS="245" WIDTH="111" HEIGHT="31" WC="0.96" CONTENT="skulle"/><SP WIDTH="29" VPOS="245" HPOS="1176"/>
							<String ID="string_17" HPOS="1205" VPOS="255" WIDTH="82" HEIGHT="21" WC="0.96" CONTENT="vara"/><SP WIDTH="24" VPOS="255" HPOS="1287"/>
							<String ID="string_18" HPOS="1311" VPOS="247" WIDTH="52" HEIGHT="30" WC="0.96" CONTENT="att"/><SP WIDTH="23" VPOS="247" HPOS="1363"/>
							<String ID="string_19" HPOS="1386" VPOS="249" WIDTH="230" HEIGHT="33" WC="0.96" CONTENT="representera"/><SP WIDTH="24" VPOS="249" HPOS="1616"/>
							<String ID="string_20" HPOS="1640" VPOS="245" WIDTH="163" HEIGHT="49" WC="0.90" CONTENT="enhetlig-"/>
						</TextLine>
						<TextLine ID="line_6" HPOS="296" VPOS="284" WIDTH="1506" HEIGHT="43">
							<String ID="string_21" HPOS="296" VPOS="285" WIDTH="98" HEIGHT="30" WC="0.96" CONTENT="heten"/><SP WIDTH="24" VPOS="285" HPOS="394"/>
							<String ID="string_22" HPOS="418" VPOS="284" WIDTH="12" HEIGHT="30" WC="0.96" CONTENT="i"/><SP WIDTH="23" VPOS="284" HPOS="430"/>
							<String ID="string_23" HPOS="453" VPOS="285" WIDTH="130" HEIGHT="31" WC="0.96" CONTENT="arbetet"/><SP WIDTH="35" VPOS="285" HPOS="583"/>
							<String ID="string_24" HPOS="618" VPOS="285" WIDTH="53" HEIGHT="30" WC="0.96" CONTENT="för"/><SP WIDTH="34" VPOS="285" HPOS="671"/>
							<String ID="string_25" HPOS="705" VPOS="286" WIDTH="40" HEIGHT="30" WC="0.96" CONTENT="de"/><SP WIDTH="34" VPOS="286" HPOS="745"/>
							<String ID="string_26" HPOS="779" VPOS="287" WIDTH="125" HEIGHT="30" WC="0.93" CONTENT="sociala"/><SP WIDTH="33" VPOS="287" HPOS="904"/>
							<String ID="string_27" HPOS="937" VPOS="288" WIDTH="258" HEIGHT="37" WC="0.91" CONTENT="jordfrågornas"/><SP WIDTH="35" VPOS="288" HPOS="1195"/>
							<String ID="string_28" HPOS="1230" VPOS="289" WIDTH="148" HEIGHT="37" WC="0.96" CONTENT="lösning,"/><SP WIDTH="34" VPOS="289" HPOS="1378"/>
							<String ID="string_29" HPOS="1412" VPOS="292" WIDTH="51" HEIGHT="29" WC="0.96" CONTENT="att"/><SP WIDTH="30" VPOS="292" HPOS="1463"/>
							<String ID="string_30" HPOS="1493" VPOS="292" WIDTH="80" HEIGHT="35" WC="0.96" CONTENT="taga"/><SP WIDTH="24" VPOS="292" HPOS="1573"/>
							<String ID="string_31" HPOS="1597" VPOS="291" WIDTH="40" HEIGHT="31" WC="0.96" CONTENT="de"/><SP WIDTH="24" VPOS="291" HPOS="1637"/>
							<String ID="string_32" HPOS="1661" VPOS="292" WIDTH="141" HEIGHT="33" WC="0.96" CONTENT="ledande"/>
						</TextLine>
						<TextLine ID="line_7" HPOS="295" VPOS="328" WIDTH="1508" HEIGHT="43">
							<String ID="string_33" HPOS="295" VPOS="328" WIDTH="199" HEIGHT="34" WC="0.90" CONTENT="initiativen"/><SP WIDTH="23" VPOS="328" HPOS="494"/>
							<String ID="string_34" HPOS="517" VPOS="328" WIDTH="13" HEIGHT="30" WC="0.96" CONTENT="i"/><SP WIDTH="24" VPOS="328" HPOS="530"/>
							<String ID="string_35" HPOS="554" VPOS="328" WIDTH="40" HEIGHT="31" WC="0.96" CONTENT="de"/><SP WIDTH="32" VPOS="328" HPOS="594"/>
							<String ID="string_36" HPOS="626" VPOS="329" WIDTH="264" HEIGHT="36" WC="0.96" CONTENT="förehavanden,"/><SP WIDTH="23" VPOS="329" HPOS="890"/>
							<String ID="string_37" HPOS="913" VPOS="341" WIDTH="72" HEIGHT="21" WC="0.96" CONTENT="som"/><SP WIDTH="23" VPOS="341" HPOS="985"/>
							<String ID="string_38" HPOS="1008" VPOS="331" WIDTH="98" HEIGHT="32" WC="0.96" CONTENT="bleve"/><SP WIDTH="23" VPOS="331" HPOS="1106"/>
							<String ID="string_39" HPOS="1129" VPOS="334" WIDTH="278" HEIGHT="35" WC="0.93" CONTENT="organisationen"/><SP WIDTH="24" VPOS="334" HPOS="1407"/>
							<String ID="string_40" HPOS="1431" VPOS="334" WIDTH="185" HEIGHT="37" WC="0.91" CONTENT="förelagda,"/><SP WIDTH="24" VPOS="334" HPOS="1616"/>
							<String ID="string_41" HPOS="1640" VPOS="338" WIDTH="89" HEIGHT="29" WC="0.92" CONTENT="samt"/><SP WIDTH="24" VPOS="338" HPOS="1729"/>
							<String ID="string_42" HPOS="1753" VPOS="340" WIDTH="50" HEIGHT="28" WC="0.92" CONTENT="ut-"/>
						</TextLine>
						<TextLine ID="line_8" HPOS="295" VPOS="372" WIDTH="1509" HEIGHT="45">
							<String ID="string_43" HPOS="295" VPOS="373" WIDTH="66" HEIGHT="29" WC="0.96" CONTENT="öva"/><SP WIDTH="23" VPOS="373" HPOS="361"/>
							<String ID="string_44" HPOS="384" VPOS="372" WIDTH="140" HEIGHT="30" WC="0.96" CONTENT="effektiv"/><SP WIDTH="23" VPOS="372" HPOS="524"/>
							<String ID="string_45" HPOS="547" VPOS="373" WIDTH="195" HEIGHT="35" WC="0.96" CONTENT="inspektion"/><SP WIDTH="24" VPOS="373" HPOS="742"/>
							<String ID="string_46" HPOS="766" VPOS="375" WIDTH="80" HEIGHT="29" WC="0.93" CONTENT="över"/><SP WIDTH="17" VPOS="375" HPOS="846"/>
							<String ID="string_47" HPOS="863" VPOS="374" WIDTH="89" HEIGHT="31" WC="0.93" CONTENT="läns-"/><SP WIDTH="19" VPOS="374" HPOS="952"/>
							<String ID="string_48" HPOS="971" VPOS="375" WIDTH="62" HEIGHT="31" WC="0.93" CONTENT="och"/><SP WIDTH="21" VPOS="375" HPOS="1033"/>
							<String ID="string_49" HPOS="1054" VPOS="376" WIDTH="336" HEIGHT="37" WC="0.92" CONTENT="kommunorganens"/><SP WIDTH="18" VPOS="376" HPOS="1390"/>
							<String ID="string_50" HPOS="1408" VPOS="378" WIDTH="228" HEIGHT="32" WC="0.92" CONTENT="verksamhet."/><SP WIDTH="40" VPOS="378" HPOS="1636"/>
							<String ID="string_51" HPOS="1676" VPOS="379" WIDTH="128" HEIGHT="38" WC="0.85" CONTENT="Styrel-"/>
						</TextLine>
						<TextLine ID="line_9" HPOS="294" VPOS="415" WIDTH="1213" HEIGHT="42">
							<String ID="string_52" HPOS="294" VPOS="425" WIDTH="60" HEIGHT="21" WC="0.96" CONTENT="sen"/><SP WIDTH="23" VPOS="425" HPOS="354"/>
							<String ID="string_53" HPOS="377" VPOS="415" WIDTH="112" HEIGHT="31" WC="0.96" CONTENT="skulle"/><SP WIDTH="24" VPOS="415" HPOS="489"/>
							<String ID="string_54" HPOS="513" VPOS="416" WIDTH="60" HEIGHT="30" WC="0.96" CONTENT="ock"/><SP WIDTH="25" VPOS="416" HPOS="573"/>
							<String ID="string_55" HPOS="598" VPOS="418" WIDTH="122" HEIGHT="34" WC="0.96" CONTENT="utgöra"/><SP WIDTH="23" VPOS="418" HPOS="720"/>
							<String ID="string_56" HPOS="743" VPOS="417" WIDTH="133" HEIGHT="31" WC="0.96" CONTENT="instans"/><SP WIDTH="24" VPOS="417" HPOS="876"/>
							<String ID="string_57" HPOS="900" VPOS="418" WIDTH="54" HEIGHT="30" WC="0.96" CONTENT="för"/><SP WIDTH="24" VPOS="418" HPOS="954"/>
							<String ID="string_58" HPOS="978" VPOS="419" WIDTH="90" HEIGHT="30" WC="0.96" CONTENT="vissa"/><SP WIDTH="24" VPOS="419" HPOS="1068"/>
							<String ID="string_59" HPOS="1092" VPOS="419" WIDTH="123" HEIGHT="31" WC="0.96" CONTENT="besvär"/><SP WIDTH="23" VPOS="419" HPOS="1215"/>
							<String ID="string_60" HPOS="1238" VPOS="421" WIDTH="60" HEIGHT="30" WC="0.96" CONTENT="och"/><SP WIDTH="26" VPOS="421" HPOS="1298"/>
							<String ID="string_61" HPOS="1324" VPOS="421" WIDTH="183" HEIGHT="36" WC="0.96" CONTENT="klagomål."/>
						</TextLine>
					</TextBlock>
				</ComposedBlock>
				<ComposedBlock ID="cblock_5" HPOS="293" VPOS="502" WIDTH="1509" HEIGHT="506">
					<TextBlock ID="block_5" HPOS="293" VPOS="502" WIDTH="1509" HEIGHT="506">
						<TextLine ID="line_10" HPOS="339" VPOS="502" WIDTH="1463" HEIGHT="44">
							<String ID="string_62" HPOS="339" VPOS="502" WIDTH="173" HEIGHT="32" WC="0.96" CONTENT="Utskottet"/><SP WIDTH="23" VPOS="502" HPOS="512"/>
							<String ID="string_63" HPOS="535" VPOS="503" WIDTH="69" HEIGHT="30" WC="0.96" CONTENT="kan"/><SP WIDTH="23" VPOS="503" HPOS="604"/>
							<String ID="string_64" HPOS="627" VPOS="504" WIDTH="45" HEIGHT="35" WC="0.96" CONTENT="på"/><SP WIDTH="24" VPOS="504" HPOS="672"/>
							<String ID="string_65" HPOS="696" VPOS="504" WIDTH="11" HEIGHT="29" WC="0.96" CONTENT="i"/><SP WIDTH="24" VPOS="504" HPOS="707"/>
							<String ID="string_66" HPOS="731" VPOS="504" WIDTH="181" HEIGHT="31" WC="0.96" CONTENT="huvudsak"/><SP WIDTH="24" VPOS="504" HPOS="912"/>
							<String ID="string_67" HPOS="936" VPOS="505" WIDTH="39" HEIGHT="31" WC="0.96" CONTENT="de"/><SP WIDTH="23" VPOS="505" HPOS="975"/>
							<String ID="string_68" HPOS="998" VPOS="506" WIDTH="86" HEIGHT="36" WC="0.96" CONTENT="skäl,"/><SP WIDTH="25" VPOS="506" HPOS="1084"/>
							<String ID="string_69" HPOS="1109" VPOS="516" WIDTH="73" HEIGHT="21" WC="0.96" CONTENT="som"/><SP WIDTH="23" VPOS="516" HPOS="1182"/>
							<String ID="string_70" HPOS="1205" VPOS="507" WIDTH="132" HEIGHT="31" WC="0.96" CONTENT="anförts"/><SP WIDTH="16" VPOS="507" HPOS="1337"/>
							<String ID="string_71" HPOS="1353" VPOS="508" WIDTH="12" HEIGHT="30" WC="0.96" CONTENT="i"/><SP WIDTH="17" VPOS="508" HPOS="1365"/>
							<String ID="string_72" HPOS="1382" VPOS="509" WIDTH="265" HEIGHT="37" WC="0.96" CONTENT="propositionen,"/><SP WIDTH="18" VPOS="509" HPOS="1647"/>
							<String ID="string_73" HPOS="1665" VPOS="511" WIDTH="137" HEIGHT="32" WC="0.95" CONTENT="biträda"/>
						</TextLine>
						<TextLine ID="line_11" HPOS="294" VPOS="555" WIDTH="1508" HEIGHT="40">
							<String ID="string_74" HPOS="294" VPOS="555" WIDTH="162" HEIGHT="36" WC="0.96" CONTENT="förslaget"/><SP WIDTH="23" VPOS="555" HPOS="456"/>
							<String ID="string_75" HPOS="479" VPOS="564" WIDTH="55" HEIGHT="21" WC="0.95" CONTENT="om"/><SP WIDTH="25" VPOS="564" HPOS="534"/>
							<String ID="string_76" HPOS="559" VPOS="555" WIDTH="198" HEIGHT="31" WC="0.96" CONTENT="inrättande"/><SP WIDTH="23" VPOS="555" HPOS="757"/>
							<String ID="string_77" HPOS="780" VPOS="567" WIDTH="45" HEIGHT="19" WC="0.96" CONTENT="av"/><SP WIDTH="22" VPOS="567" HPOS="825"/>
							<String ID="string_78" HPOS="847" VPOS="567" WIDTH="43" HEIGHT="20" WC="0.93" CONTENT="en"/><SP WIDTH="23" VPOS="567" HPOS="890"/>
							<String ID="string_79" HPOS="913" VPOS="557" WIDTH="329" HEIGHT="38" WC="0.90" CONTENT="egnahemsstyrelse"/><SP WIDTH="23" VPOS="557" HPOS="1242"/>
							<String ID="string_80" HPOS="1265" VPOS="560" WIDTH="12" HEIGHT="29" WC="0.96" CONTENT="i"/><SP WIDTH="24" VPOS="560" HPOS="1277"/>
							<String ID="string_81" HPOS="1301" VPOS="560" WIDTH="117" HEIGHT="31" WC="0.96" CONTENT="stället"/><SP WIDTH="23" VPOS="560" HPOS="1418"/>
							<String ID="string_82" HPOS="1441" VPOS="561" WIDTH="53" HEIGHT="31" WC="0.96" CONTENT="för"/><SP WIDTH="23" VPOS="561" HPOS="1494"/>
							<String ID="string_83" HPOS="1517" VPOS="561" WIDTH="66" HEIGHT="31" WC="0.96" CONTENT="den"/><SP WIDTH="16" VPOS="561" HPOS="1583"/>
							<String ID="string_84" HPOS="1599" VPOS="564" WIDTH="203" HEIGHT="31" WC="0.96" CONTENT="nuvarande"/>
						</TextLine>
						<TextLine ID="line_12" HPOS="294" VPOS="607" WIDTH="1507" HEIGHT="43">
							<String ID="string_85" HPOS="294" VPOS="607" WIDTH="416" HEIGHT="36" WC="0.89" CONTENT="egnahemsavdelningen"/><SP WIDTH="35" VPOS="607" HPOS="710"/>
							<String ID="string_86" HPOS="745" VPOS="608" WIDTH="93" HEIGHT="30" WC="0.92" CONTENT="inom"/><SP WIDTH="34" VPOS="608" HPOS="838"/>
							<String ID="string_87" HPOS="872" VPOS="608" WIDTH="460" HEIGHT="39" WC="0.79" CONTENT="jordbruksdepartementet."/><SP WIDTH="52" VPOS="608" HPOS="1332"/>
							<String ID="string_88" HPOS="1384" VPOS="612" WIDTH="211" HEIGHT="38" WC="0.96" CONTENT="Därigenom"/><SP WIDTH="36" VPOS="612" HPOS="1595"/>
							<String ID="string_89" HPOS="1631" VPOS="615" WIDTH="95" HEIGHT="31" WC="0.96" CONTENT="torde"/><SP WIDTH="34" VPOS="615" HPOS="1726"/>
							<String ID="string_90" HPOS="1760" VPOS="626" WIDTH="41" HEIGHT="21" WC="0.96" CONTENT="en"/>
						</TextLine>
						<TextLine ID="line_13" HPOS="294" VPOS="659" WIDTH="1507" HEIGHT="42">
							<String ID="string_91" HPOS="294" VPOS="659" WIDTH="112" HEIGHT="30" WC="0.95" CONTENT="bättre"/><SP WIDTH="23" VPOS="659" HPOS="406"/>
							<String ID="string_92" HPOS="429" VPOS="659" WIDTH="141" HEIGHT="35" WC="0.96" CONTENT="ledning"/><SP WIDTH="23" VPOS="659" HPOS="570"/>
							<String ID="string_93" HPOS="593" VPOS="669" WIDTH="44" HEIGHT="20" WC="0.96" CONTENT="av"/><SP WIDTH="25" VPOS="669" HPOS="637"/>
							<String ID="string_94" HPOS="662" VPOS="660" WIDTH="61" HEIGHT="30" WC="0.95" CONTENT="och"/><SP WIDTH="23" VPOS="660" HPOS="723"/>
							<String ID="string_95" HPOS="746" VPOS="670" WIDTH="42" HEIGHT="20" WC="0.95" CONTENT="en"/><SP WIDTH="24" VPOS="670" HPOS="788"/>
							<String ID="string_96" HPOS="812" VPOS="661" WIDTH="153" HEIGHT="31" WC="0.96" CONTENT="starkare"/><SP WIDTH="22" VPOS="661" HPOS="965"/>
							<String ID="string_97" HPOS="987" VPOS="662" WIDTH="151" HEIGHT="31" WC="0.96" CONTENT="kontroll"/><SP WIDTH="23" VPOS="662" HPOS="1138"/>
							<String ID="string_98" HPOS="1161" VPOS="665" WIDTH="81" HEIGHT="29" WC="0.96" CONTENT="över"/><SP WIDTH="23" VPOS="665" HPOS="1242"/>
							<String ID="string_99" HPOS="1265" VPOS="664" WIDTH="65" HEIGHT="30" WC="0.96" CONTENT="den"/><SP WIDTH="23" VPOS="664" HPOS="1330"/>
							<String ID="string_100" HPOS="1353" VPOS="665" WIDTH="135" HEIGHT="36" WC="0.96" CONTENT="mycket"/><SP WIDTH="23" VPOS="665" HPOS="1488"/>
							<String ID="string_101" HPOS="1511" VPOS="667" WIDTH="212" HEIGHT="32" WC="0.96" CONTENT="omfattande"/><SP WIDTH="16" VPOS="667" HPOS="1723"/>
							<String ID="string_102" HPOS="1739" VPOS="669" WIDTH="62" HEIGHT="30" WC="0.96" CONTENT="och"/>
						</TextLine>
						<TextLine ID="line_14" HPOS="294" VPOS="711" WIDTH="1507" HEIGHT="41">
							<String ID="string_103" HPOS="294" VPOS="721" WIDTH="42" HEIGHT="21" WC="0.96" CONTENT="ur"/><SP WIDTH="23" VPOS="721" HPOS="336"/>
							<String ID="string_104" HPOS="359" VPOS="711" WIDTH="93" HEIGHT="30" WC="0.95" CONTENT="olika"/><SP WIDTH="24" VPOS="711" HPOS="452"/>
							<String ID="string_105" HPOS="476" VPOS="712" WIDTH="214" HEIGHT="36" WC="0.96" CONTENT="synpunkter"/><SP WIDTH="15" VPOS="712" HPOS="690"/>
							<String ID="string_106" HPOS="705" VPOS="713" WIDTH="221" HEIGHT="36" WC="0.95" CONTENT="synnerligen"/><SP WIDTH="16" VPOS="713" HPOS="926"/>
							<String ID="string_107" HPOS="942" VPOS="713" WIDTH="261" HEIGHT="37" WC="0.93" CONTENT="betydelsefulla"/><SP WIDTH="16" VPOS="713" HPOS="1203"/>
							<String ID="string_108" HPOS="1219" VPOS="716" WIDTH="447" HEIGHT="36" WC="0.91" CONTENT="egnahemsverksamheten"/><SP WIDTH="16" VPOS="716" HPOS="1666"/>
							<String ID="string_109" HPOS="1682" VPOS="719" WIDTH="119" HEIGHT="32" WC="0.96" CONTENT="kunna"/>
						</TextLine>
						<TextLine ID="line_15" HPOS="294" VPOS="764" WIDTH="1507" HEIGHT="39">
							<String ID="string_110" HPOS="294" VPOS="765" WIDTH="134" HEIGHT="30" WC="0.95" CONTENT="vinnas."/><SP WIDTH="44" VPOS="765" HPOS="428"/>
							<String ID="string_111" HPOS="472" VPOS="764" WIDTH="68" HEIGHT="31" WC="0.95" CONTENT="För"/><SP WIDTH="23" VPOS="764" HPOS="540"/>
							<String ID="string_112" HPOS="563" VPOS="765" WIDTH="199" HEIGHT="31" WC="0.95" CONTENT="erhållande"/><SP WIDTH="23" VPOS="765" HPOS="762"/>
							<String ID="string_113" HPOS="785" VPOS="776" WIDTH="45" HEIGHT="20" WC="0.92" CONTENT="av"/><SP WIDTH="23" VPOS="776" HPOS="830"/>
							<String ID="string_114" HPOS="853" VPOS="765" WIDTH="320" HEIGHT="33" WC="0.91" CONTENT="tillfredsställande"/><SP WIDTH="23" VPOS="765" HPOS="1173"/>
							<String ID="string_115" HPOS="1196" VPOS="769" WIDTH="142" HEIGHT="30" WC="0.96" CONTENT="resultat"/><SP WIDTH="23" VPOS="769" HPOS="1338"/>
							<String ID="string_116" HPOS="1361" VPOS="769" WIDTH="140" HEIGHT="31" WC="0.96" CONTENT="särskilt"/><SP WIDTH="23" VPOS="769" HPOS="1501"/>
							<String ID="string_117" HPOS="1524" VPOS="770" WIDTH="213" HEIGHT="32" WC="0.96" CONTENT="beträffande"/><SP WIDTH="23" VPOS="770" HPOS="1737"/>
							<String ID="string_118" HPOS="1760" VPOS="772" WIDTH="41" HEIGHT="31" WC="0.96" CONTENT="de"/>
						</TextLine>
						<TextLine ID="line_16" HPOS="293" VPOS="817" WIDTH="1508" HEIGHT="44">
							<String ID="string_119" HPOS="293" VPOS="827" WIDTH="68" HEIGHT="26" WC="0.95" CONTENT="nya"/><SP WIDTH="32" VPOS="827" HPOS="361"/>
							<String ID="string_120" HPOS="393" VPOS="817" WIDTH="173" HEIGHT="36" WC="0.96" CONTENT="uppgifter"/><SP WIDTH="24" VPOS="817" HPOS="566"/>
							<String ID="string_121" HPOS="590" VPOS="818" WIDTH="12" HEIGHT="30" WC="0.96" CONTENT="i"/><SP WIDTH="25" VPOS="818" HPOS="602"/>
							<String ID="string_122" HPOS="627" VPOS="817" WIDTH="98" HEIGHT="36" WC="0.96" CONTENT="fråga"/><SP WIDTH="24" VPOS="817" HPOS="725"/>
							<String ID="string_123" HPOS="749" VPOS="828" WIDTH="54" HEIGHT="20" WC="0.91" CONTENT="om"/><SP WIDTH="23" VPOS="828" HPOS="803"/>
							<String ID="string_124" HPOS="826" VPOS="818" WIDTH="312" HEIGHT="38" WC="0.43" CONTENT="jordanskaffning,"/><SP WIDTH="24" VPOS="818" HPOS="1138"/>
							<String ID="string_125" HPOS="1162" VPOS="820" WIDTH="330" HEIGHT="38" WC="0.90" CONTENT="arrendefrilösning"/><SP WIDTH="23" VPOS="820" HPOS="1492"/>
							<String ID="string_126" HPOS="1515" VPOS="823" WIDTH="61" HEIGHT="30" WC="0.96" CONTENT="och"/><SP WIDTH="24" VPOS="823" HPOS="1576"/>
							<String ID="string_127" HPOS="1600" VPOS="824" WIDTH="201" HEIGHT="37" WC="0.96" CONTENT="utveckling"/>
						</TextLine>
						<TextLine ID="line_17" HPOS="293" VPOS="870" WIDTH="1508" HEIGHT="40">
							<String ID="string_128" HPOS="293" VPOS="879" WIDTH="43" HEIGHT="21" WC="0.95" CONTENT="av"/><SP WIDTH="35" VPOS="879" HPOS="336"/>
							<String ID="string_129" HPOS="371" VPOS="870" WIDTH="250" HEIGHT="36" WC="0.88" CONTENT="ofullständiga"/><SP WIDTH="34" VPOS="870" HPOS="621"/>
							<String ID="string_130" HPOS="655" VPOS="870" WIDTH="177" HEIGHT="36" WC="0.83" CONTENT="jordbruk,"/><SP WIDTH="33" VPOS="870" HPOS="832"/>
							<String ID="string_131" HPOS="865" VPOS="881" WIDTH="72" HEIGHT="20" WC="0.96" CONTENT="som"/><SP WIDTH="32" VPOS="881" HPOS="937"/>
							<String ID="string_132" HPOS="969" VPOS="882" WIDTH="47" HEIGHT="20" WC="0.95" CONTENT="nu"/><SP WIDTH="29" VPOS="882" HPOS="1016"/>
							<String ID="string_133" HPOS="1045" VPOS="872" WIDTH="231" HEIGHT="36" WC="0.95" CONTENT="ifrågasättas,"/><SP WIDTH="25" VPOS="872" HPOS="1276"/>
							<String ID="string_134" HPOS="1301" VPOS="873" WIDTH="95" HEIGHT="31" WC="0.92" CONTENT="torde"/><SP WIDTH="23" VPOS="873" HPOS="1396"/>
							<String ID="string_135" HPOS="1419" VPOS="875" WIDTH="292" HEIGHT="35" WC="0.89" CONTENT="centralorganets"/><SP WIDTH="23" VPOS="875" HPOS="1711"/>
							<String ID="string_136" HPOS="1734" VPOS="876" WIDTH="67" HEIGHT="31" WC="0.92" CONTENT="för-"/>
						</TextLine>
						<TextLine ID="line_18" HPOS="293" VPOS="922" WIDTH="1506" HEIGHT="41">
							<String ID="string_137" HPOS="293" VPOS="922" WIDTH="182" HEIGHT="36" WC="0.91" CONTENT="stärkning"/><SP WIDTH="17" VPOS="922" HPOS="475"/>
							<String ID="string_138" HPOS="492" VPOS="923" WIDTH="61" HEIGHT="30" WC="0.93" CONTENT="och"/><SP WIDTH="16" VPOS="923" HPOS="553"/>
							<String ID="string_139" HPOS="569" VPOS="923" WIDTH="207" HEIGHT="35" WC="0.91" CONTENT="omändring"/><SP WIDTH="16" VPOS="923" HPOS="776"/>
							<String ID="string_140" HPOS="792" VPOS="934" WIDTH="85" HEIGHT="20" WC="0.96" CONTENT="vara"/><SP WIDTH="16" VPOS="934" HPOS="877"/>
							<String ID="string_141" HPOS="893" VPOS="934" WIDTH="46" HEIGHT="20" WC="0.96" CONTENT="av"/><SP WIDTH="16" VPOS="934" HPOS="939"/>
							<String ID="string_142" HPOS="955" VPOS="924" WIDTH="143" HEIGHT="31" WC="0.96" CONTENT="behovet"/><SP WIDTH="16" VPOS="924" HPOS="1098"/>
							<String ID="string_143" HPOS="1114" VPOS="925" WIDTH="170" HEIGHT="35" WC="0.93" CONTENT="påkallad."/><SP WIDTH="25" VPOS="925" HPOS="1284"/>
							<String ID="string_144" HPOS="1309" VPOS="925" WIDTH="238" HEIGHT="32" WC="0.92" CONTENT="Förevarande"/><SP WIDTH="12" VPOS="925" HPOS="1547"/>
							<String ID="string_145" HPOS="1559" VPOS="928" WIDTH="164" HEIGHT="35" WC="0.93" CONTENT="paragraf"/><SP WIDTH="13" VPOS="928" HPOS="1723"/>
							<String ID="string_146" HPOS="1736" VPOS="928" WIDTH="63" HEIGHT="31" WC="0.91" CONTENT="för-"/>
						</TextLine>
						<TextLine ID="line_19" HPOS="293" VPOS="974" WIDTH="938" HEIGHT="34">
							<String ID="string_147" HPOS="293" VPOS="974" WIDTH="138" HEIGHT="31" WC="0.90" CONTENT="anleder"/><SP WIDTH="23" VPOS="974" HPOS="431"/>
							<String ID="string_148" HPOS="454" VPOS="975" WIDTH="101" HEIGHT="30" WC="0.96" CONTENT="alltså"/><SP WIDTH="24" VPOS="975" HPOS="555"/>
							<String ID="string_149" HPOS="579" VPOS="975" WIDTH="73" HEIGHT="30" WC="0.96" CONTENT="icke"/><SP WIDTH="24" VPOS="975" HPOS="652"/>
							<String ID="string_150" HPOS="676" VPOS="976" WIDTH="141" HEIGHT="30" WC="0.96" CONTENT="erinran"/><SP WIDTH="24" VPOS="976" HPOS="817"/>
							<String ID="string_151" HPOS="841" VPOS="976" WIDTH="77" HEIGHT="30" WC="0.96" CONTENT="från"/><SP WIDTH="24" VPOS="976" HPOS="918"/>
							<String ID="string_152" HPOS="942" VPOS="976" WIDTH="182" HEIGHT="31" WC="0.95" CONTENT="utskottets"/><SP WIDTH="24" VPOS="976" HPOS="1124"/>
							<String ID="string_153" HPOS="1148" VPOS="977" WIDTH="83" HEIGHT="31" WC="0.95" CONTENT="sida."/>
						</TextLine>
					</TextBlock>
				</ComposedBlock>
				<ComposedBlock ID="cblock_6" HPOS="291" VPOS="1072" WIDTH="1509" HEIGHT="827">
					<TextBlock ID="block_6" HPOS="1009" VPOS="1072" WIDTH="71" HEIGHT="38">
						<TextLine ID="line_20" HPOS="1009" VPOS="1072" WIDTH="71" HEIGHT="38">
							<String ID="string_154" HPOS="1009" VPOS="1073" WIDTH="18" HEIGHT="37" WC="0.86" CONTENT="$"/><SP WIDTH="24" VPOS="1073" HPOS="1027"/>
							<String ID="string_155" HPOS="1051" VPOS="1072" WIDTH="29" HEIGHT="31" WC="0.93" CONTENT="3."/>
						</TextLine>
					</TextBlock>
					<TextBlock ID="block_7" HPOS="291" VPOS="1130" WIDTH="1509" HEIGHT="769">
						<TextLine ID="line_21" HPOS="337" VPOS="1130" WIDTH="1462" HEIGHT="39">
							<String ID="string_156" HPOS="337" VPOS="1130" WIDTH="17" HEIGHT="30" WC="0.96" CONTENT="I"/><SP WIDTH="24" VPOS="1130" HPOS="354"/>
							<String ID="string_157" HPOS="378" VPOS="1130" WIDTH="110" HEIGHT="31" WC="0.96" CONTENT="denna"/><SP WIDTH="34" VPOS="1130" HPOS="488"/>
							<String ID="string_158" HPOS="522" VPOS="1131" WIDTH="165" HEIGHT="35" WC="0.96" CONTENT="paragraf"/><SP WIDTH="33" VPOS="1131" HPOS="687"/>
							<String ID="string_159" HPOS="720" VPOS="1131" WIDTH="138" HEIGHT="36" WC="0.96" CONTENT="stadgas"/><SP WIDTH="22" VPOS="1131" HPOS="858"/>
							<String ID="string_160" HPOS="880" VPOS="1132" WIDTH="255" HEIGHT="32" WC="0.95" CONTENT="bestämmelser"/><SP WIDTH="23" VPOS="1132" HPOS="1135"/>
							<String ID="string_161" HPOS="1158" VPOS="1143" WIDTH="56" HEIGHT="20" WC="0.93" CONTENT="om"/><SP WIDTH="23" VPOS="1143" HPOS="1214"/>
							<String ID="string_162" HPOS="1237" VPOS="1134" WIDTH="369" HEIGHT="35" WC="0.90" CONTENT="egnahemsstyrelsens"/><SP WIDTH="24" VPOS="1134" HPOS="1606"/>
							<String ID="string_163" HPOS="1630" VPOS="1145" WIDTH="169" HEIGHT="21" WC="0.92" CONTENT="samman-"/>
						</TextLine>
						<TextLine ID="line_22" HPOS="293" VPOS="1183" WIDTH="1505" HEIGHT="40">
							<String ID="string_164" HPOS="293" VPOS="1183" WIDTH="154" HEIGHT="36" WC="0.95" CONTENT="sättning"/><SP WIDTH="24" VPOS="1183" HPOS="447"/>
							<String ID="string_165" HPOS="471" VPOS="1183" WIDTH="61" HEIGHT="30" WC="0.94" CONTENT="och"/><SP WIDTH="25" VPOS="1183" HPOS="532"/>
							<String ID="string_166" HPOS="557" VPOS="1183" WIDTH="152" HEIGHT="35" WC="0.96" CONTENT="grunder"/><SP WIDTH="23" VPOS="1183" HPOS="709"/>
							<String ID="string_167" HPOS="732" VPOS="1184" WIDTH="53" HEIGHT="30" WC="0.96" CONTENT="för"/><SP WIDTH="16" VPOS="1184" HPOS="785"/>
							<String ID="string_168" HPOS="801" VPOS="1184" WIDTH="74" HEIGHT="31" WC="0.96" CONTENT="dess"/><SP WIDTH="17" VPOS="1184" HPOS="875"/>
							<String ID="string_169" HPOS="892" VPOS="1185" WIDTH="191" HEIGHT="30" WC="0.96" CONTENT="arbetssätt."/><SP WIDTH="40" VPOS="1185" HPOS="1083"/>
							<String ID="string_170" HPOS="1123" VPOS="1185" WIDTH="154" HEIGHT="31" WC="0.95" CONTENT="Sålunda"/><SP WIDTH="16" VPOS="1185" HPOS="1277"/>
							<String ID="string_171" HPOS="1293" VPOS="1186" WIDTH="151" HEIGHT="36" WC="0.96" CONTENT="föreslås,"/><SP WIDTH="16" VPOS="1186" HPOS="1444"/>
							<String ID="string_172" HPOS="1460" VPOS="1188" WIDTH="50" HEIGHT="29" WC="0.96" CONTENT="att"/><SP WIDTH="16" VPOS="1188" HPOS="1510"/>
							<String ID="string_173" HPOS="1526" VPOS="1187" WIDTH="167" HEIGHT="36" WC="0.96" CONTENT="styrelsen"/><SP WIDTH="17" VPOS="1187" HPOS="1693"/>
							<String ID="string_174" HPOS="1710" VPOS="1188" WIDTH="88" HEIGHT="31" WC="0.96" CONTENT="skall"/>
						</TextLine>
						<TextLine ID="line_23" HPOS="293" VPOS="1235" WIDTH="1505" HEIGHT="42">
							<String ID="string_175" HPOS="293" VPOS="1235" WIDTH="94" HEIGHT="30" WC="0.96" CONTENT="bestå"/><SP WIDTH="33" VPOS="1235" HPOS="387"/>
							<String ID="string_176" HPOS="420" VPOS="1246" WIDTH="44" HEIGHT="19" WC="0.96" CONTENT="av"/><SP WIDTH="35" VPOS="1246" HPOS="464"/>
							<String ID="string_177" HPOS="499" VPOS="1245" WIDTH="42" HEIGHT="20" WC="0.96" CONTENT="en"/><SP WIDTH="34" VPOS="1245" HPOS="541"/>
							<String ID="string_178" HPOS="575" VPOS="1235" WIDTH="78" HEIGHT="31" WC="0.96" CONTENT="chef"/><SP WIDTH="35" VPOS="1235" HPOS="653"/>
							<String ID="string_179" HPOS="688" VPOS="1236" WIDTH="61" HEIGHT="30" WC="0.96" CONTENT="och"/><SP WIDTH="35" VPOS="1236" HPOS="749"/>
							<String ID="string_180" HPOS="784" VPOS="1236" WIDTH="77" HEIGHT="36" WC="0.96" CONTENT="fyra"/><SP WIDTH="33" VPOS="1236" HPOS="861"/>
							<String ID="string_181" HPOS="894" VPOS="1236" WIDTH="194" HEIGHT="37" WC="0.96" CONTENT="ledamöter,"/><SP WIDTH="24" VPOS="1236" HPOS="1088"/>
							<String ID="string_182" HPOS="1112" VPOS="1238" WIDTH="162" HEIGHT="36" WC="0.96" CONTENT="samtliga"/><SP WIDTH="24" VPOS="1238" HPOS="1274"/>
							<String ID="string_183" HPOS="1298" VPOS="1238" WIDTH="142" HEIGHT="31" WC="0.96" CONTENT="utsedda"/><SP WIDTH="23" VPOS="1238" HPOS="1440"/>
							<String ID="string_184" HPOS="1463" VPOS="1249" WIDTH="45" HEIGHT="20" WC="0.96" CONTENT="av"/><SP WIDTH="24" VPOS="1249" HPOS="1508"/>
							<String ID="string_185" HPOS="1532" VPOS="1239" WIDTH="132" HEIGHT="37" WC="0.96" CONTENT="Kungl."/><SP WIDTH="26" VPOS="1239" HPOS="1664"/>
							<String ID="string_186" HPOS="1690" VPOS="1240" WIDTH="108" HEIGHT="37" WC="0.96" CONTENT="Maj:t,"/>
						</TextLine>
						<TextLine ID="line_24" HPOS="292" VPOS="1287" WIDTH="1506" HEIGHT="40">
							<String ID="string_187" HPOS="292" VPOS="1287" WIDTH="171" HEIGHT="36" WC="0.95" CONTENT="varjämte"/><SP WIDTH="32" VPOS="1287" HPOS="463"/>
							<String ID="string_188" HPOS="495" VPOS="1287" WIDTH="60" HEIGHT="31" WC="0.96" CONTENT="hos"/><SP WIDTH="24" VPOS="1287" HPOS="555"/>
							<String ID="string_189" HPOS="579" VPOS="1288" WIDTH="167" HEIGHT="36" WC="0.96" CONTENT="styrelsen"/><SP WIDTH="23" VPOS="1288" HPOS="746"/>
							<String ID="string_190" HPOS="769" VPOS="1289" WIDTH="165" HEIGHT="30" WC="0.96" CONTENT="anställas"/><SP WIDTH="23" VPOS="1289" HPOS="934"/>
							<String ID="string_191" HPOS="957" VPOS="1290" WIDTH="210" HEIGHT="35" WC="0.96" CONTENT="tjänstemän"/><SP WIDTH="23" VPOS="1290" HPOS="1167"/>
							<String ID="string_192" HPOS="1190" VPOS="1290" WIDTH="62" HEIGHT="30" WC="0.93" CONTENT="och"/><SP WIDTH="23" VPOS="1290" HPOS="1252"/>
							<String ID="string_193" HPOS="1275" VPOS="1290" WIDTH="159" HEIGHT="31" WC="0.92" CONTENT="biträden"/><SP WIDTH="23" VPOS="1290" HPOS="1434"/>
							<String ID="string_194" HPOS="1457" VPOS="1291" WIDTH="108" HEIGHT="36" WC="0.96" CONTENT="enligt"/><SP WIDTH="24" VPOS="1291" HPOS="1565"/>
							<String ID="string_195" HPOS="1589" VPOS="1292" WIDTH="68" HEIGHT="31" WC="0.96" CONTENT="vad"/><SP WIDTH="25" VPOS="1292" HPOS="1657"/>
							<String ID="string_196" HPOS="1682" VPOS="1292" WIDTH="116" HEIGHT="31" WC="0.96" CONTENT="därom"/>
						</TextLine>
						<TextLine ID="line_25" HPOS="292" VPOS="1339" WIDTH="1506" HEIGHT="41">
							<String ID="string_197" HPOS="292" VPOS="1340" WIDTH="139" HEIGHT="30" WC="0.96" CONTENT="särskilt"/><SP WIDTH="22" VPOS="1340" HPOS="431"/>
							<String ID="string_198" HPOS="453" VPOS="1340" WIDTH="213" HEIGHT="31" WC="0.93" CONTENT="bestämmes."/><SP WIDTH="35" VPOS="1340" HPOS="666"/>
							<String ID="string_199" HPOS="701" VPOS="1339" WIDTH="139" HEIGHT="38" WC="0.95" CONTENT="Chefen,"/><SP WIDTH="17" VPOS="1339" HPOS="840"/>
							<String ID="string_200" HPOS="857" VPOS="1341" WIDTH="115" HEIGHT="31" WC="0.96" CONTENT="tillika"/><SP WIDTH="17" VPOS="1341" HPOS="972"/>
							<String ID="string_201" HPOS="989" VPOS="1341" WIDTH="171" HEIGHT="32" WC="0.96" CONTENT="benämnd"/><SP WIDTH="16" VPOS="1341" HPOS="1160"/>
							<String ID="string_202" HPOS="1176" VPOS="1344" WIDTH="127" HEIGHT="29" WC="0.92" CONTENT="statens"/><SP WIDTH="16" VPOS="1344" HPOS="1303"/>
							<String ID="string_203" HPOS="1319" VPOS="1343" WIDTH="374" HEIGHT="37" WC="0.92" CONTENT="egnahemsinspektör,"/><SP WIDTH="16" VPOS="1343" HPOS="1693"/>
							<String ID="string_204" HPOS="1709" VPOS="1345" WIDTH="89" HEIGHT="30" WC="0.96" CONTENT="skall"/>
						</TextLine>
						<TextLine ID="line_26" HPOS="292" VPOS="1392" WIDTH="1507" HEIGHT="39">
							<String ID="string_205" HPOS="292" VPOS="1392" WIDTH="12" HEIGHT="30" WC="0.95" CONTENT="i"/><SP WIDTH="24" VPOS="1392" HPOS="304"/>
							<String ID="string_206" HPOS="328" VPOS="1392" WIDTH="143" HEIGHT="31" WC="0.96" CONTENT="främsta"/><SP WIDTH="35" VPOS="1392" HPOS="471"/>
							<String ID="string_207" HPOS="506" VPOS="1394" WIDTH="150" HEIGHT="29" WC="0.95" CONTENT="rummet"/><SP WIDTH="35" VPOS="1394" HPOS="656"/>
							<String ID="string_208" HPOS="691" VPOS="1403" WIDTH="83" HEIGHT="20" WC="0.95" CONTENT="vara"/><SP WIDTH="32" VPOS="1403" HPOS="774"/>
							<String ID="string_209" HPOS="806" VPOS="1394" WIDTH="163" HEIGHT="36" WC="0.96" CONTENT="ansvarig"/><SP WIDTH="25" VPOS="1394" HPOS="969"/>
							<String ID="string_210" HPOS="994" VPOS="1394" WIDTH="52" HEIGHT="30" WC="0.96" CONTENT="för"/><SP WIDTH="24" VPOS="1394" HPOS="1046"/>
							<String ID="string_211" HPOS="1070" VPOS="1394" WIDTH="183" HEIGHT="37" WC="0.96" CONTENT="styrelsens"/><SP WIDTH="23" VPOS="1394" HPOS="1253"/>
							<String ID="string_212" HPOS="1276" VPOS="1395" WIDTH="227" HEIGHT="36" WC="0.95" CONTENT="förvaltning."/><SP WIDTH="47" VPOS="1395" HPOS="1503"/>
							<String ID="string_213" HPOS="1550" VPOS="1396" WIDTH="249" HEIGHT="32" WC="0.75" CONTENT="Ledamöterna"/>
						</TextLine>
						<TextLine ID="line_27" HPOS="292" VPOS="1445" WIDTH="1505" HEIGHT="39">
							<String ID="string_214" HPOS="292" VPOS="1445" WIDTH="95" HEIGHT="30" WC="0.96" CONTENT="skola"/><SP WIDTH="24" VPOS="1445" HPOS="387"/>
							<String ID="string_215" HPOS="411" VPOS="1445" WIDTH="135" HEIGHT="35" WC="0.96" CONTENT="deltaga"/><SP WIDTH="23" VPOS="1445" HPOS="546"/>
							<String ID="string_216" HPOS="569" VPOS="1445" WIDTH="12" HEIGHT="30" WC="0.96" CONTENT="i"/><SP WIDTH="25" VPOS="1445" HPOS="581"/>
							<String ID="string_217" HPOS="606" VPOS="1446" WIDTH="292" HEIGHT="36" WC="0.96" CONTENT="överläggningar"/><SP WIDTH="22" VPOS="1446" HPOS="898"/>
							<String ID="string_218" HPOS="920" VPOS="1446" WIDTH="61" HEIGHT="31" WC="0.96" CONTENT="och"/><SP WIDTH="23" VPOS="1446" HPOS="981"/>
							<String ID="string_219" HPOS="1004" VPOS="1447" WIDTH="110" HEIGHT="30" WC="0.96" CONTENT="beslut"/><SP WIDTH="23" VPOS="1447" HPOS="1114"/>
							<String ID="string_220" HPOS="1137" VPOS="1447" WIDTH="144" HEIGHT="31" WC="0.96" CONTENT="rörande"/><SP WIDTH="23" VPOS="1447" HPOS="1281"/>
							<String ID="string_221" HPOS="1304" VPOS="1447" WIDTH="129" HEIGHT="31" WC="0.96" CONTENT="sådana"/><SP WIDTH="16" VPOS="1447" HPOS="1433"/>
							<String ID="string_222" HPOS="1449" VPOS="1448" WIDTH="174" HEIGHT="36" WC="0.96" CONTENT="viktigare"/><SP WIDTH="16" VPOS="1448" HPOS="1623"/>
							<String ID="string_223" HPOS="1639" VPOS="1449" WIDTH="158" HEIGHT="35" WC="0.96" CONTENT="ärenden,"/>
						</TextLine>
						<TextLine ID="line_28" HPOS="292" VPOS="1497" WIDTH="1506" HEIGHT="40">
							<String ID="string_224" HPOS="292" VPOS="1506" WIDTH="72" HEIGHT="21" WC="0.96" CONTENT="som"/><SP WIDTH="24" VPOS="1506" HPOS="364"/>
							<String ID="string_225" HPOS="388" VPOS="1497" WIDTH="140" HEIGHT="36" WC="0.93" CONTENT="Jämlikt"/><SP WIDTH="23" VPOS="1497" HPOS="528"/>
							<String ID="string_226" HPOS="551" VPOS="1497" WIDTH="185" HEIGHT="36" WC="0.96" CONTENT="styrelsens"/><SP WIDTH="22" VPOS="1497" HPOS="736"/>
							<String ID="string_227" HPOS="758" VPOS="1508" WIDTH="45" HEIGHT="20" WC="0.96" CONTENT="av"/><SP WIDTH="24" VPOS="1508" HPOS="803"/>
							<String ID="string_228" HPOS="827" VPOS="1498" WIDTH="130" HEIGHT="36" WC="0.95" CONTENT="Kungl."/><SP WIDTH="26" VPOS="1498" HPOS="957"/>
							<String ID="string_229" HPOS="983" VPOS="1499" WIDTH="100" HEIGHT="35" WC="0.96" CONTENT="Maj:t"/><SP WIDTH="24" VPOS="1499" HPOS="1083"/>
							<String ID="string_230" HPOS="1107" VPOS="1499" WIDTH="179" HEIGHT="31" WC="0.96" CONTENT="utfärdade"/><SP WIDTH="25" VPOS="1499" HPOS="1286"/>
							<String ID="string_231" HPOS="1311" VPOS="1500" WIDTH="211" HEIGHT="30" WC="0.96" CONTENT="instruktion"/><SP WIDTH="19" VPOS="1500" HPOS="1522"/>
							<String ID="string_232" HPOS="1541" VPOS="1501" WIDTH="96" HEIGHT="30" WC="0.96" CONTENT="skola"/><SP WIDTH="16" VPOS="1501" HPOS="1637"/>
							<String ID="string_233" HPOS="1653" VPOS="1503" WIDTH="145" HEIGHT="34" WC="0.95" CONTENT="avgöras"/>
						</TextLine>
						<TextLine ID="line_29" HPOS="291" VPOS="1549" WIDTH="1508" HEIGHT="38">
							<String ID="string_234" HPOS="291" VPOS="1549" WIDTH="156" HEIGHT="31" WC="0.91" CONTENT="samfällt"/><SP WIDTH="22" VPOS="1549" HPOS="447"/>
							<String ID="string_235" HPOS="469" VPOS="1559" WIDTH="45" HEIGHT="20" WC="0.96" CONTENT="av"/><SP WIDTH="23" VPOS="1559" HPOS="514"/>
							<String ID="string_236" HPOS="537" VPOS="1550" WIDTH="121" HEIGHT="30" WC="0.96" CONTENT="chefen"/><SP WIDTH="23" VPOS="1550" HPOS="658"/>
							<String ID="string_237" HPOS="681" VPOS="1550" WIDTH="60" HEIGHT="30" WC="0.96" CONTENT="och"/><SP WIDTH="25" VPOS="1550" HPOS="741"/>
							<String ID="string_238" HPOS="766" VPOS="1550" WIDTH="229" HEIGHT="31" WC="0.96" CONTENT="ledamöterna"/><SP WIDTH="24" VPOS="1550" HPOS="995"/>
							<String ID="string_239" HPOS="1019" VPOS="1551" WIDTH="12" HEIGHT="30" WC="0.96" CONTENT="i"/><SP WIDTH="24" VPOS="1551" HPOS="1031"/>
							<String ID="string_240" HPOS="1055" VPOS="1551" WIDTH="150" HEIGHT="36" WC="0.96" CONTENT="plenum."/><SP WIDTH="40" VPOS="1551" HPOS="1205"/>
							<String ID="string_241" HPOS="1245" VPOS="1551" WIDTH="69" HEIGHT="31" WC="0.93" CONTENT="Till"/><SP WIDTH="25" VPOS="1551" HPOS="1314"/>
							<String ID="string_242" HPOS="1339" VPOS="1552" WIDTH="185" HEIGHT="31" WC="0.96" CONTENT="ledamöter"/><SP WIDTH="16" VPOS="1552" HPOS="1524"/>
							<String ID="string_243" HPOS="1540" VPOS="1552" WIDTH="82" HEIGHT="31" WC="0.96" CONTENT="böra"/><SP WIDTH="17" VPOS="1552" HPOS="1622"/>
							<String ID="string_244" HPOS="1639" VPOS="1555" WIDTH="90" HEIGHT="28" WC="0.96" CONTENT="utses"/><SP WIDTH="16" VPOS="1555" HPOS="1729"/>
							<String ID="string_245" HPOS="1745" VPOS="1553" WIDTH="54" HEIGHT="31" WC="0.96" CONTENT="för"/>
						</TextLine>
						<TextLine ID="line_30" HPOS="292" VPOS="1601" WIDTH="1507" HEIGHT="40">
							<String ID="string_246" HPOS="292" VPOS="1601" WIDTH="189" HEIGHT="36" WC="0.96" CONTENT="uppdraget"/><SP WIDTH="24" VPOS="1601" HPOS="481"/>
							<String ID="string_247" HPOS="505" VPOS="1602" WIDTH="167" HEIGHT="36" WC="0.95" CONTENT="lämpliga"/><SP WIDTH="23" VPOS="1602" HPOS="672"/>
							<String ID="string_248" HPOS="695" VPOS="1603" WIDTH="62" HEIGHT="29" WC="0.96" CONTENT="och"/><SP WIDTH="24" VPOS="1603" HPOS="757"/>
							<String ID="string_249" HPOS="781" VPOS="1603" WIDTH="218" HEIGHT="36" WC="0.95" CONTENT="sakkunniga"/><SP WIDTH="23" VPOS="1603" HPOS="999"/>
							<String ID="string_250" HPOS="1022" VPOS="1613" WIDTH="171" HEIGHT="26" WC="0.96" CONTENT="personer,"/><SP WIDTH="24" VPOS="1613" HPOS="1193"/>
							<String ID="string_251" HPOS="1217" VPOS="1604" WIDTH="107" HEIGHT="31" WC="0.96" CONTENT="därav"/><SP WIDTH="17" VPOS="1604" HPOS="1324"/>
							<String ID="string_252" HPOS="1341" VPOS="1605" WIDTH="52" HEIGHT="30" WC="0.96" CONTENT="tre"/><SP WIDTH="16" VPOS="1605" HPOS="1393"/>
							<String ID="string_253" HPOS="1409" VPOS="1604" WIDTH="77" HEIGHT="31" WC="0.96" CONTENT="med"/><SP WIDTH="17" VPOS="1604" HPOS="1486"/>
							<String ID="string_254" HPOS="1503" VPOS="1605" WIDTH="108" HEIGHT="31" WC="0.96" CONTENT="insikt"/><SP WIDTH="16" VPOS="1605" HPOS="1611"/>
							<String ID="string_255" HPOS="1627" VPOS="1615" WIDTH="57" HEIGHT="21" WC="0.93" CONTENT="om"/><SP WIDTH="16" VPOS="1615" HPOS="1684"/>
							<String ID="string_256" HPOS="1700" VPOS="1615" WIDTH="99" HEIGHT="26" WC="0.92" CONTENT="egna-"/>
						</TextLine>
						<TextLine ID="line_31" HPOS="292" VPOS="1653" WIDTH="1506" HEIGHT="40">
							<String ID="string_257" HPOS="292" VPOS="1653" WIDTH="378" HEIGHT="32" WC="0.92" CONTENT="hemsverksamhetens"/><SP WIDTH="23" VPOS="1653" HPOS="670"/>
							<String ID="string_258" HPOS="693" VPOS="1654" WIDTH="177" HEIGHT="36" WC="0.93" CONTENT="praktiska"/><SP WIDTH="23" VPOS="1654" HPOS="870"/>
							<String ID="string_259" HPOS="893" VPOS="1655" WIDTH="207" HEIGHT="31" WC="0.92" CONTENT="bedrivande"/><SP WIDTH="21" VPOS="1655" HPOS="1100"/>
							<String ID="string_260" HPOS="1121" VPOS="1656" WIDTH="61" HEIGHT="30" WC="0.93" CONTENT="och"/><SP WIDTH="18" VPOS="1656" HPOS="1182"/>
							<String ID="string_261" HPOS="1200" VPOS="1656" WIDTH="238" HEIGHT="31" WC="0.91" CONTENT="företrädande"/><SP WIDTH="16" VPOS="1656" HPOS="1438"/>
							<String ID="string_262" HPOS="1454" VPOS="1657" WIDTH="40" HEIGHT="30" WC="0.96" CONTENT="de"/><SP WIDTH="16" VPOS="1657" HPOS="1494"/>
							<String ID="string_263" HPOS="1510" VPOS="1657" WIDTH="93" HEIGHT="30" WC="0.96" CONTENT="olika"/><SP WIDTH="18" VPOS="1657" HPOS="1603"/>
							<String ID="string_264" HPOS="1621" VPOS="1657" WIDTH="177" HEIGHT="36" WC="0.96" CONTENT="intressen,"/>
						</TextLine>
						<TextLine ID="line_32" HPOS="291" VPOS="1706" WIDTH="1508" HEIGHT="39">
							<String ID="string_265" HPOS="291" VPOS="1715" WIDTH="72" HEIGHT="21" WC="0.95" CONTENT="som"/><SP WIDTH="35" VPOS="1715" HPOS="363"/>
							<String ID="string_266" HPOS="398" VPOS="1706" WIDTH="106" HEIGHT="30" WC="0.94" CONTENT="därav"/><SP WIDTH="36" VPOS="1706" HPOS="504"/>
							<String ID="string_267" HPOS="540" VPOS="1706" WIDTH="148" HEIGHT="31" WC="0.94" CONTENT="beröras."/><SP WIDTH="47" VPOS="1706" HPOS="688"/>
							<String ID="string_268" HPOS="735" VPOS="1707" WIDTH="73" HEIGHT="30" WC="0.96" CONTENT="Den"/><SP WIDTH="23" VPOS="1707" HPOS="808"/>
							<String ID="string_269" HPOS="831" VPOS="1707" WIDTH="111" HEIGHT="36" WC="0.96" CONTENT="fjärde"/><SP WIDTH="24" VPOS="1707" HPOS="942"/>
							<String ID="string_270" HPOS="966" VPOS="1707" WIDTH="202" HEIGHT="36" WC="0.96" CONTENT="ledamoten,"/><SP WIDTH="24" VPOS="1707" HPOS="1168"/>
							<String ID="string_271" HPOS="1192" VPOS="1708" WIDTH="75" HEIGHT="31" WC="0.96" CONTENT="med"/><SP WIDTH="23" VPOS="1708" HPOS="1267"/>
							<String ID="string_272" HPOS="1290" VPOS="1708" WIDTH="137" HEIGHT="36" WC="0.96" CONTENT="uppgift"/><SP WIDTH="22" VPOS="1708" HPOS="1427"/>
							<String ID="string_273" HPOS="1449" VPOS="1710" WIDTH="50" HEIGHT="29" WC="0.96" CONTENT="att"/><SP WIDTH="22" VPOS="1710" HPOS="1499"/>
							<String ID="string_274" HPOS="1521" VPOS="1709" WIDTH="278" HEIGHT="36" WC="0.96" CONTENT="huvudsakligen"/>
						</TextLine>
						<TextLine ID="line_33" HPOS="291" VPOS="1758" WIDTH="1509" HEIGHT="38">
							<String ID="string_275" HPOS="291" VPOS="1758" WIDTH="136" HEIGHT="35" WC="0.96" CONTENT="deltaga"/><SP WIDTH="36" VPOS="1758" HPOS="427"/>
							<String ID="string_276" HPOS="463" VPOS="1758" WIDTH="59" HEIGHT="31" WC="0.95" CONTENT="vid"/><SP WIDTH="33" VPOS="1758" HPOS="522"/>
							<String ID="string_277" HPOS="555" VPOS="1758" WIDTH="253" HEIGHT="36" WC="0.96" CONTENT="behandlingen"/><SP WIDTH="35" VPOS="1758" HPOS="808"/>
							<String ID="string_278" HPOS="843" VPOS="1760" WIDTH="94" HEIGHT="30" WC="0.96" CONTENT="inom"/><SP WIDTH="27" VPOS="1760" HPOS="937"/>
							<String ID="string_279" HPOS="964" VPOS="1760" WIDTH="167" HEIGHT="36" WC="0.95" CONTENT="styrelsen"/><SP WIDTH="24" VPOS="1760" HPOS="1131"/>
							<String ID="string_280" HPOS="1155" VPOS="1770" WIDTH="44" HEIGHT="21" WC="0.96" CONTENT="av"/><SP WIDTH="24" VPOS="1770" HPOS="1199"/>
							<String ID="string_281" HPOS="1223" VPOS="1760" WIDTH="116" HEIGHT="36" WC="0.96" CONTENT="frågor"/><SP WIDTH="24" VPOS="1760" HPOS="1339"/>
							<String ID="string_282" HPOS="1363" VPOS="1761" WIDTH="144" HEIGHT="30" WC="0.93" CONTENT="rörande"/><SP WIDTH="22" VPOS="1761" HPOS="1507"/>
							<String ID="string_283" HPOS="1529" VPOS="1761" WIDTH="271" HEIGHT="31" WC="0.91" CONTENT="medelsförvalt-"/>
						</TextLine>
						<TextLine ID="line_34" HPOS="291" VPOS="1811" WIDTH="1509" HEIGHT="38">
							<String ID="string_284" HPOS="291" VPOS="1811" WIDTH="130" HEIGHT="35" WC="0.96" CONTENT="ningen"/><SP WIDTH="35" VPOS="1811" HPOS="421"/>
							<String ID="string_285" HPOS="456" VPOS="1811" WIDTH="60" HEIGHT="30" WC="0.96" CONTENT="och"/><SP WIDTH="35" VPOS="1811" HPOS="516"/>
							<String ID="string_286" HPOS="551" VPOS="1811" WIDTH="196" HEIGHT="31" WC="0.96" CONTENT="kontrollen"/><SP WIDTH="31" VPOS="1811" HPOS="747"/>
							<String ID="string_287" HPOS="778" VPOS="1812" WIDTH="154" HEIGHT="35" WC="0.96" CONTENT="däröver,"/><SP WIDTH="23" VPOS="1812" HPOS="932"/>
							<String ID="string_288" HPOS="955" VPOS="1812" WIDTH="88" HEIGHT="31" WC="0.96" CONTENT="skall"/><SP WIDTH="26" VPOS="1812" HPOS="1043"/>
							<String ID="string_289" HPOS="1069" VPOS="1814" WIDTH="230" HEIGHT="35" WC="0.96" CONTENT="representera"/><SP WIDTH="24" VPOS="1814" HPOS="1299"/>
							<String ID="string_290" HPOS="1323" VPOS="1813" WIDTH="205" HEIGHT="31" WC="0.96" CONTENT="samarbetet"/><SP WIDTH="24" VPOS="1813" HPOS="1528"/>
							<String ID="string_291" HPOS="1552" VPOS="1814" WIDTH="128" HEIGHT="30" WC="0.92" CONTENT="mellan"/><SP WIDTH="23" VPOS="1814" HPOS="1680"/>
							<String ID="string_292" HPOS="1703" VPOS="1816" WIDTH="97" HEIGHT="29" WC="0.91" CONTENT="stats-"/>
						</TextLine>
						<TextLine ID="line_35" HPOS="294" VPOS="1862" WIDTH="443" HEIGHT="37">
							<String ID="string_293" HPOS="294" VPOS="1862" WIDTH="158" HEIGHT="31" WC="0.96" CONTENT="kontoret"/><SP WIDTH="23" VPOS="1862" HPOS="452"/>
							<String ID="string_294" HPOS="475" VPOS="1862" WIDTH="62" HEIGHT="31" WC="0.96" CONTENT="och"/><SP WIDTH="25" VPOS="1862" HPOS="537"/>
							<String ID="string_295" HPOS="562" VPOS="1863" WIDTH="175" HEIGHT="36" WC="0.96" CONTENT="styrelsen."/>
						</TextLine>
					</TextBlock>
				</ComposedBlock>
				<ComposedBlock ID="cblock_7" HPOS="291" VPOS="1958" WIDTH="1509" HEIGHT="298">
					<TextBlock ID="block_8" HPOS="291" VPOS="1958" WIDTH="1509" HEIGHT="298">
						<TextLine ID="line_36" HPOS="335" VPOS="1958" WIDTH="1464" HEIGHT="40">
							<String ID="string_296" HPOS="335" VPOS="1958" WIDTH="118" HEIGHT="31" WC="0.95" CONTENT="Under"/><SP WIDTH="24" VPOS="1958" HPOS="453"/>
							<String ID="string_297" HPOS="477" VPOS="1959" WIDTH="213" HEIGHT="36" WC="0.96" CONTENT="hänvisning"/><SP WIDTH="26" VPOS="1959" HPOS="690"/>
							<String ID="string_298" HPOS="716" VPOS="1959" WIDTH="54" HEIGHT="30" WC="0.96" CONTENT="till"/><SP WIDTH="25" VPOS="1959" HPOS="770"/>
							<String ID="string_299" HPOS="795" VPOS="1959" WIDTH="235" HEIGHT="36" WC="0.96" CONTENT="redogörelsen"/><SP WIDTH="24" VPOS="1959" HPOS="1030"/>
							<String ID="string_300" HPOS="1054" VPOS="1960" WIDTH="112" HEIGHT="30" WC="0.93" CONTENT="under"/><SP WIDTH="22" VPOS="1960" HPOS="1166"/>
							<String ID="string_301" HPOS="1188" VPOS="1960" WIDTH="18" HEIGHT="38" WC="0.93" CONTENT="$"/><SP WIDTH="23" VPOS="1960" HPOS="1206"/>
							<String ID="string_302" HPOS="1229" VPOS="1961" WIDTH="17" HEIGHT="29" WC="0.95" CONTENT="2"/><SP WIDTH="26" VPOS="1961" HPOS="1246"/>
							<String ID="string_303" HPOS="1272" VPOS="1960" WIDTH="52" HEIGHT="30" WC="0.96" CONTENT="för"/><SP WIDTH="24" VPOS="1960" HPOS="1324"/>
							<String ID="string_304" HPOS="1348" VPOS="1960" WIDTH="64" HEIGHT="31" WC="0.96" CONTENT="den"/><SP WIDTH="20" VPOS="1960" HPOS="1412"/>
							<String ID="string_305" HPOS="1432" VPOS="1971" WIDTH="45" HEIGHT="19" WC="0.95" CONTENT="av"/><SP WIDTH="19" VPOS="1971" HPOS="1477"/>
							<String ID="string_306" HPOS="1496" VPOS="1961" WIDTH="80" HEIGHT="31" WC="0.96" CONTENT="herr"/><SP WIDTH="16" VPOS="1961" HPOS="1576"/>
							<String ID="string_307" HPOS="1592" VPOS="1961" WIDTH="207" HEIGHT="37" WC="0.96" CONTENT="Lindhagen"/>
						</TextLine>
						<TextLine ID="line_37" HPOS="292" VPOS="2011" WIDTH="1508" HEIGHT="37">
							<String ID="string_308" HPOS="292" VPOS="2011" WIDTH="124" HEIGHT="30" WC="0.96" CONTENT="väckta"/><SP WIDTH="34" VPOS="2011" HPOS="416"/>
							<String ID="string_309" HPOS="450" VPOS="2011" WIDTH="172" HEIGHT="30" WC="0.91" CONTENT="motionen"/><SP WIDTH="35" VPOS="2011" HPOS="622"/>
							<String ID="string_310" HPOS="657" VPOS="2011" WIDTH="112" HEIGHT="35" WC="0.65" CONTENT="TI:274,"/><SP WIDTH="34" VPOS="2011" HPOS="769"/>
							<String ID="string_311" HPOS="803" VPOS="2012" WIDTH="76" HEIGHT="29" WC="0.96" CONTENT="vari"/><SP WIDTH="24" VPOS="2012" HPOS="879"/>
							<String ID="string_312" HPOS="903" VPOS="2011" WIDTH="103" HEIGHT="31" WC="0.96" CONTENT="bland"/><SP WIDTH="24" VPOS="2011" HPOS="1006"/>
							<String ID="string_313" HPOS="1030" VPOS="2013" WIDTH="109" HEIGHT="29" WC="0.93" CONTENT="annat"/><SP WIDTH="23" VPOS="2013" HPOS="1139"/>
							<String ID="string_314" HPOS="1162" VPOS="2012" WIDTH="128" HEIGHT="36" WC="0.91" CONTENT="yrkats,"/><SP WIDTH="24" VPOS="2012" HPOS="1290"/>
							<String ID="string_315" HPOS="1314" VPOS="2014" WIDTH="52" HEIGHT="29" WC="0.96" CONTENT="att"/><SP WIDTH="23" VPOS="2014" HPOS="1366"/>
							<String ID="string_316" HPOS="1389" VPOS="2014" WIDTH="277" HEIGHT="34" WC="0.96" CONTENT="organisationen"/><SP WIDTH="23" VPOS="2014" HPOS="1666"/>
							<String ID="string_317" HPOS="1689" VPOS="2014" WIDTH="111" HEIGHT="30" WC="0.96" CONTENT="skulle"/>
						</TextLine>
						<TextLine ID="line_38" HPOS="291" VPOS="2062" WIDTH="1509" HEIGHT="40">
							<String ID="string_318" HPOS="291" VPOS="2062" WIDTH="177" HEIGHT="37" WC="0.92" CONTENT="omläggas"/><SP WIDTH="23" VPOS="2062" HPOS="468"/>
							<String ID="string_319" HPOS="491" VPOS="2064" WIDTH="12" HEIGHT="29" WC="0.96" CONTENT="i"/><SP WIDTH="25" VPOS="2064" HPOS="503"/>
							<String ID="string_320" HPOS="528" VPOS="2063" WIDTH="234" HEIGHT="36" WC="0.95" CONTENT="huvudsaklig"/><SP WIDTH="24" VPOS="2063" HPOS="762"/>
							<String ID="string_321" HPOS="786" VPOS="2064" WIDTH="204" HEIGHT="36" WC="0.95" CONTENT="anslutning"/><SP WIDTH="24" VPOS="2064" HPOS="990"/>
							<String ID="string_322" HPOS="1014" VPOS="2064" WIDTH="56" HEIGHT="30" WC="0.96" CONTENT="till"/><SP WIDTH="26" VPOS="2064" HPOS="1070"/>
							<String ID="string_323" HPOS="1096" VPOS="2064" WIDTH="40" HEIGHT="30" WC="0.96" CONTENT="de"/><SP WIDTH="23" VPOS="2064" HPOS="1136"/>
							<String ID="string_324" HPOS="1159" VPOS="2074" WIDTH="44" HEIGHT="20" WC="0.92" CONTENT="av"/><SP WIDTH="23" VPOS="2074" HPOS="1203"/>
							<String ID="string_325" HPOS="1226" VPOS="2064" WIDTH="346" HEIGHT="36" WC="0.92" CONTENT="jordkommissionen"/><SP WIDTH="25" VPOS="2064" HPOS="1572"/>
							<String ID="string_326" HPOS="1597" VPOS="2066" WIDTH="203" HEIGHT="36" WC="0.96" CONTENT="ifrågasatta"/>
						</TextLine>
						<TextLine ID="line_39" HPOS="292" VPOS="2115" WIDTH="1506" HEIGHT="39">
							<String ID="string_327" HPOS="292" VPOS="2115" WIDTH="159" HEIGHT="36" WC="0.96" CONTENT="linjerna,"/><SP WIDTH="24" VPOS="2115" HPOS="451"/>
							<String ID="string_328" HPOS="475" VPOS="2116" WIDTH="57" HEIGHT="30" WC="0.95" CONTENT="må"/><SP WIDTH="23" VPOS="2116" HPOS="532"/>
							<String ID="string_329" HPOS="555" VPOS="2115" WIDTH="12" HEIGHT="30" WC="0.96" CONTENT="i"/><SP WIDTH="23" VPOS="2115" HPOS="567"/>
							<String ID="string_330" HPOS="590" VPOS="2115" WIDTH="93" HEIGHT="31" WC="0.96" CONTENT="detta"/><SP WIDTH="23" VPOS="2115" HPOS="683"/>
							<String ID="string_331" HPOS="706" VPOS="2116" WIDTH="251" HEIGHT="36" WC="0.93" CONTENT="sammanhang"/><SP WIDTH="23" VPOS="2116" HPOS="957"/>
							<String ID="string_332" HPOS="980" VPOS="2116" WIDTH="134" HEIGHT="31" WC="0.91" CONTENT="erinras"/><SP WIDTH="23" VPOS="2116" HPOS="1114"/>
							<String ID="string_333" HPOS="1137" VPOS="2126" WIDTH="55" HEIGHT="21" WC="0.92" CONTENT="om"/><SP WIDTH="22" VPOS="2126" HPOS="1192"/>
							<String ID="string_334" HPOS="1214" VPOS="2117" WIDTH="360" HEIGHT="36" WC="0.90" CONTENT="jordkommissionens"/><SP WIDTH="24" VPOS="2117" HPOS="1574"/>
							<String ID="string_335" HPOS="1598" VPOS="2118" WIDTH="128" HEIGHT="36" WC="0.96" CONTENT="förslag"/><SP WIDTH="17" VPOS="2118" HPOS="1726"/>
							<String ID="string_336" HPOS="1743" VPOS="2118" WIDTH="55" HEIGHT="30" WC="0.95" CONTENT="till"/>
						</TextLine>
						<TextLine ID="line_40" HPOS="292" VPOS="2168" WIDTH="1507" HEIGHT="38">
							<String ID="string_337" HPOS="292" VPOS="2168" WIDTH="313" HEIGHT="36" WC="0.95" CONTENT="sammansättning"/><SP WIDTH="28" VPOS="2168" HPOS="605"/>
							<String ID="string_338" HPOS="633" VPOS="2178" WIDTH="46" HEIGHT="20" WC="0.96" CONTENT="av"/><SP WIDTH="25" VPOS="2178" HPOS="679"/>
							<String ID="string_339" HPOS="704" VPOS="2168" WIDTH="65" HEIGHT="31" WC="0.96" CONTENT="den"/><SP WIDTH="23" VPOS="2168" HPOS="769"/>
							<String ID="string_340" HPOS="792" VPOS="2178" WIDTH="45" HEIGHT="20" WC="0.96" CONTENT="av"/><SP WIDTH="23" VPOS="2178" HPOS="837"/>
							<String ID="string_341" HPOS="860" VPOS="2168" WIDTH="268" HEIGHT="31" WC="0.95" CONTENT="kommissionen"/><SP WIDTH="25" VPOS="2168" HPOS="1128"/>
							<String ID="string_342" HPOS="1153" VPOS="2169" WIDTH="177" HEIGHT="31" WC="0.96" CONTENT="förordade"/><SP WIDTH="24" VPOS="2169" HPOS="1330"/>
							<String ID="string_343" HPOS="1354" VPOS="2170" WIDTH="297" HEIGHT="36" WC="0.96" CONTENT="centralstyrelsen"/><SP WIDTH="26" VPOS="2170" HPOS="1651"/>
							<String ID="string_344" HPOS="1677" VPOS="2171" WIDTH="52" HEIGHT="29" WC="0.93" CONTENT="för"/><SP WIDTH="22" VPOS="2171" HPOS="1729"/>
							<String ID="string_345" HPOS="1751" VPOS="2180" WIDTH="48" HEIGHT="21" WC="0.90" CONTENT="so-"/>
						</TextLine>
						<TextLine ID="line_41" HPOS="292" VPOS="2220" WIDTH="317" HEIGHT="36">
							<String ID="string_346" HPOS="292" VPOS="2220" WIDTH="89" HEIGHT="30" WC="0.92" CONTENT="ciala"/><SP WIDTH="24" VPOS="2220" HPOS="381"/>
							<String ID="string_347" HPOS="405" VPOS="2220" WIDTH="204" HEIGHT="36" WC="0.92" CONTENT="jordfrågor."/>
						</TextLine>
					</TextBlock>
				</ComposedBlock>
				<ComposedBlock ID="cblock_8" HPOS="292" VPOS="2272" WIDTH="1508" HEIGHT="256">
					<TextBlock ID="block_9" HPOS="292" VPOS="2272" WIDTH="1508" HEIGHT="256">
						<TextLine ID="line_42" HPOS="335" VPOS="2272" WIDTH="1465" HEIGHT="37">
							<String ID="string_348" HPOS="335" VPOS="2272" WIDTH="72" HEIGHT="31" WC="0.95" CONTENT="Sist"/><SP WIDTH="33" VPOS="2272" HPOS="407"/>
							<String ID="string_349" HPOS="440" VPOS="2272" WIDTH="104" HEIGHT="36" WC="0.95" CONTENT="sagda"/><SP WIDTH="35" VPOS="2272" HPOS="544"/>
							<String ID="string_350" HPOS="579" VPOS="2273" WIDTH="144" HEIGHT="36" WC="0.96" CONTENT="styrelse"/><SP WIDTH="33" VPOS="2273" HPOS="723"/>
							<String ID="string_351" HPOS="756" VPOS="2273" WIDTH="110" HEIGHT="30" WC="0.96" CONTENT="skulle"/><SP WIDTH="34" VPOS="2273" HPOS="866"/>
							<String ID="string_352" HPOS="900" VPOS="2272" WIDTH="95" HEIGHT="31" WC="0.96" CONTENT="bestå"/><SP WIDTH="33" VPOS="2272" HPOS="995"/>
							<String ID="string_353" HPOS="1028" VPOS="2283" WIDTH="45" HEIGHT="20" WC="0.96" CONTENT="av"/><SP WIDTH="35" VPOS="2283" HPOS="1073"/>
							<String ID="string_354" HPOS="1108" VPOS="2283" WIDTH="42" HEIGHT="21" WC="0.96" CONTENT="en"/><SP WIDTH="33" VPOS="2283" HPOS="1150"/>
							<String ID="string_355" HPOS="1183" VPOS="2273" WIDTH="205" HEIGHT="31" WC="0.96" CONTENT="ordförande"/><SP WIDTH="22" VPOS="2273" HPOS="1388"/>
							<String ID="string_356" HPOS="1410" VPOS="2274" WIDTH="62" HEIGHT="30" WC="0.96" CONTENT="och"/><SP WIDTH="23" VPOS="2274" HPOS="1472"/>
							<String ID="string_357" HPOS="1495" VPOS="2276" WIDTH="62" HEIGHT="29" WC="0.96" CONTENT="två"/><SP WIDTH="22" VPOS="2276" HPOS="1557"/>
							<String ID="string_358" HPOS="1579" VPOS="2274" WIDTH="110" HEIGHT="31" WC="0.93" CONTENT="andra"/><SP WIDTH="24" VPOS="2274" HPOS="1689"/>
							<String ID="string_359" HPOS="1713" VPOS="2274" WIDTH="87" HEIGHT="31" WC="0.92" CONTENT="leda-"/>
						</TextLine>
						<TextLine ID="line_43" HPOS="292" VPOS="2316" WIDTH="1506" HEIGHT="38">
							<String ID="string_360" HPOS="292" VPOS="2317" WIDTH="119" HEIGHT="34" WC="0.96" CONTENT="möter,"/><SP WIDTH="35" VPOS="2317" HPOS="411"/>
							<String ID="string_361" HPOS="446" VPOS="2316" WIDTH="97" HEIGHT="30" WC="0.96" CONTENT="vilka"/><SP WIDTH="34" VPOS="2316" HPOS="543"/>
							<String ID="string_362" HPOS="577" VPOS="2316" WIDTH="106" HEIGHT="36" WC="0.95" CONTENT="jämte"/><SP WIDTH="32" VPOS="2316" HPOS="683"/>
							<String ID="string_363" HPOS="715" VPOS="2318" WIDTH="52" HEIGHT="29" WC="0.96" CONTENT="tre"/><SP WIDTH="27" VPOS="2318" HPOS="767"/>
							<String ID="string_364" HPOS="794" VPOS="2316" WIDTH="218" HEIGHT="36" WC="0.96" CONTENT="suppleanter"/><SP WIDTH="23" VPOS="2316" HPOS="1012"/>
							<String ID="string_365" HPOS="1035" VPOS="2317" WIDTH="112" HEIGHT="30" WC="0.96" CONTENT="skulle"/><SP WIDTH="25" VPOS="2317" HPOS="1147"/>
							<String ID="string_366" HPOS="1172" VPOS="2319" WIDTH="89" HEIGHT="28" WC="0.96" CONTENT="utses"/><SP WIDTH="23" VPOS="2319" HPOS="1261"/>
							<String ID="string_367" HPOS="1284" VPOS="2328" WIDTH="44" HEIGHT="19" WC="0.96" CONTENT="av"/><SP WIDTH="24" VPOS="2328" HPOS="1328"/>
							<String ID="string_368" HPOS="1352" VPOS="2318" WIDTH="197" HEIGHT="36" WC="0.96" CONTENT="Konungen"/><SP WIDTH="24" VPOS="2318" HPOS="1549"/>
							<String ID="string_369" HPOS="1573" VPOS="2318" WIDTH="55" HEIGHT="30" WC="0.96" CONTENT="för"/><SP WIDTH="24" VPOS="2318" HPOS="1628"/>
							<String ID="string_370" HPOS="1652" VPOS="2320" WIDTH="49" HEIGHT="28" WC="0.96" CONTENT="tre"/><SP WIDTH="23" VPOS="2320" HPOS="1701"/>
							<String ID="string_371" HPOS="1724" VPOS="2319" WIDTH="39" HEIGHT="29" WC="0.95" CONTENT="år"/><SP WIDTH="23" VPOS="2319" HPOS="1763"/>
							<String ID="string_372" HPOS="1786" VPOS="2318" WIDTH="12" HEIGHT="30" WC="0.95" CONTENT="i"/>
						</TextLine>
						<TextLine ID="line_44" HPOS="292" VPOS="2359" WIDTH="1508" HEIGHT="38">
							<String ID="string_373" HPOS="292" VPOS="2359" WIDTH="131" HEIGHT="31" WC="0.96" CONTENT="sänder."/><SP WIDTH="38" VPOS="2359" HPOS="423"/>
							<String ID="string_374" HPOS="461" VPOS="2360" WIDTH="177" HEIGHT="36" WC="0.96" CONTENT="Styrelsen"/><SP WIDTH="24" VPOS="2360" HPOS="638"/>
							<String ID="string_375" HPOS="662" VPOS="2360" WIDTH="111" HEIGHT="31" WC="0.96" CONTENT="skulle"/><SP WIDTH="24" VPOS="2360" HPOS="773"/>
							<String ID="string_376" HPOS="797" VPOS="2360" WIDTH="54" HEIGHT="31" WC="0.96" CONTENT="för"/><SP WIDTH="15" VPOS="2360" HPOS="851"/>
							<String ID="string_377" HPOS="866" VPOS="2360" WIDTH="91" HEIGHT="30" WC="0.93" CONTENT="vissa"/><SP WIDTH="16" VPOS="2360" HPOS="957"/>
							<String ID="string_378" HPOS="973" VPOS="2361" WIDTH="132" HEIGHT="35" WC="0.92" CONTENT="frågors"/><SP WIDTH="16" VPOS="2361" HPOS="1105"/>
							<String ID="string_379" HPOS="1121" VPOS="2361" WIDTH="211" HEIGHT="35" WC="0.96" CONTENT="behandling"/><SP WIDTH="17" VPOS="2361" HPOS="1332"/>
							<String ID="string_380" HPOS="1349" VPOS="2361" WIDTH="119" HEIGHT="30" WC="0.96" CONTENT="kunna"/><SP WIDTH="16" VPOS="2361" HPOS="1468"/>
							<String ID="string_381" HPOS="1484" VPOS="2362" WIDTH="84" HEIGHT="30" WC="0.96" CONTENT="efter"/><SP WIDTH="17" VPOS="2362" HPOS="1568"/>
							<String ID="string_382" HPOS="1585" VPOS="2362" WIDTH="215" HEIGHT="35" WC="0.96" CONTENT="Konungens"/>
						</TextLine>
						<TextLine ID="line_45" HPOS="292" VPOS="2403" WIDTH="1508" HEIGHT="38">
							<String ID="string_383" HPOS="292" VPOS="2403" WIDTH="229" HEIGHT="31" WC="0.96" CONTENT="förordnande"/><SP WIDTH="24" VPOS="2403" HPOS="521"/>
							<String ID="string_384" HPOS="545" VPOS="2403" WIDTH="190" HEIGHT="31" WC="0.95" CONTENT="förstärkas"/><SP WIDTH="24" VPOS="2403" HPOS="735"/>
							<String ID="string_385" HPOS="759" VPOS="2404" WIDTH="76" HEIGHT="30" WC="0.95" CONTENT="med"/><SP WIDTH="24" VPOS="2404" HPOS="835"/>
							<String ID="string_386" HPOS="859" VPOS="2413" WIDTH="42" HEIGHT="20" WC="0.96" CONTENT="en"/><SP WIDTH="23" VPOS="2413" HPOS="901"/>
							<String ID="string_387" HPOS="924" VPOS="2404" WIDTH="81" HEIGHT="30" WC="0.95" CONTENT="eller"/><SP WIDTH="24" VPOS="2404" HPOS="1005"/>
							<String ID="string_388" HPOS="1029" VPOS="2404" WIDTH="82" HEIGHT="31" WC="0.96" CONTENT="flera"/><SP WIDTH="24" VPOS="2404" HPOS="1111"/>
							<String ID="string_389" HPOS="1135" VPOS="2414" WIDTH="166" HEIGHT="26" WC="0.96" CONTENT="personer,"/><SP WIDTH="25" VPOS="2414" HPOS="1301"/>
							<String ID="string_390" HPOS="1326" VPOS="2414" WIDTH="73" HEIGHT="21" WC="0.96" CONTENT="som"/><SP WIDTH="24" VPOS="2414" HPOS="1399"/>
							<String ID="string_391" HPOS="1423" VPOS="2405" WIDTH="85" HEIGHT="36" WC="0.96" CONTENT="ägde"/><SP WIDTH="17" VPOS="2405" HPOS="1508"/>
							<String ID="string_392" HPOS="1525" VPOS="2405" WIDTH="136" HEIGHT="35" WC="0.96" CONTENT="deltaga"/><SP WIDTH="17" VPOS="2405" HPOS="1661"/>
							<String ID="string_393" HPOS="1678" VPOS="2405" WIDTH="12" HEIGHT="29" WC="0.92" CONTENT="i"/><SP WIDTH="16" VPOS="2405" HPOS="1690"/>
							<String ID="string_394" HPOS="1706" VPOS="2407" WIDTH="94" HEIGHT="29" WC="0.92" CONTENT="över-"/>
						</TextLine>
						<TextLine ID="line_46" HPOS="293" VPOS="2446" WIDTH="1505" HEIGHT="39">
							<String ID="string_395" HPOS="293" VPOS="2446" WIDTH="254" HEIGHT="37" WC="0.91" CONTENT="läggningarna"/><SP WIDTH="33" VPOS="2446" HPOS="547"/>
							<String ID="string_396" HPOS="580" VPOS="2457" WIDTH="78" HEIGHT="21" WC="0.96" CONTENT="men"/><SP WIDTH="25" VPOS="2457" HPOS="658"/>
							<String ID="string_397" HPOS="683" VPOS="2447" WIDTH="29" HEIGHT="36" WC="0.95" CONTENT="ej"/><SP WIDTH="25" VPOS="2447" HPOS="712"/>
							<String ID="string_398" HPOS="737" VPOS="2447" WIDTH="12" HEIGHT="30" WC="0.96" CONTENT="i"/><SP WIDTH="25" VPOS="2447" HPOS="749"/>
							<String ID="string_399" HPOS="774" VPOS="2447" WIDTH="162" HEIGHT="31" WC="0.95" CONTENT="besluten."/><SP WIDTH="48" VPOS="2447" HPOS="936"/>
							<String ID="string_400" HPOS="984" VPOS="2447" WIDTH="68" HEIGHT="31" WC="0.95" CONTENT="Vid"/><SP WIDTH="24" VPOS="2447" HPOS="1052"/>
							<String ID="string_401" HPOS="1076" VPOS="2448" WIDTH="210" HEIGHT="31" WC="0.96" CONTENT="tillsättande"/><SP WIDTH="24" VPOS="2448" HPOS="1286"/>
							<String ID="string_402" HPOS="1310" VPOS="2458" WIDTH="43" HEIGHT="20" WC="0.96" CONTENT="av"/><SP WIDTH="24" VPOS="2458" HPOS="1353"/>
							<String ID="string_403" HPOS="1377" VPOS="2449" WIDTH="98" HEIGHT="30" WC="0.96" CONTENT="såväl"/><SP WIDTH="23" VPOS="2449" HPOS="1475"/>
							<String ID="string_404" HPOS="1498" VPOS="2448" WIDTH="300" HEIGHT="37" WC="0.96" CONTENT="centralstyrelsen"/>
						</TextLine>
						<TextLine ID="line_47" HPOS="293" VPOS="2490" WIDTH="1507" HEIGHT="38">
							<String ID="string_405" HPOS="293" VPOS="2499" WIDTH="71" HEIGHT="21" WC="0.95" CONTENT="som"/><SP WIDTH="24" VPOS="2499" HPOS="364"/>
							<String ID="string_406" HPOS="388" VPOS="2490" WIDTH="40" HEIGHT="31" WC="0.96" CONTENT="de"/><SP WIDTH="24" VPOS="2490" HPOS="428"/>
							<String ID="string_407" HPOS="452" VPOS="2491" WIDTH="113" HEIGHT="30" WC="0.96" CONTENT="lokala"/><SP WIDTH="23" VPOS="2491" HPOS="565"/>
							<String ID="string_408" HPOS="588" VPOS="2500" WIDTH="152" HEIGHT="27" WC="0.96" CONTENT="organen"/><SP WIDTH="23" VPOS="2500" HPOS="740"/>
							<String ID="string_409" HPOS="763" VPOS="2491" WIDTH="108" HEIGHT="36" WC="0.93" CONTENT="enligt"/><SP WIDTH="23" VPOS="2491" HPOS="871"/>
							<String ID="string_410" HPOS="894" VPOS="2490" WIDTH="359" HEIGHT="37" WC="0.86" CONTENT="jordkommissionens"/><SP WIDTH="23" VPOS="2490" HPOS="1253"/>
							<String ID="string_411" HPOS="1276" VPOS="2492" WIDTH="129" HEIGHT="36" WC="0.95" CONTENT="förslag"/><SP WIDTH="23" VPOS="2492" HPOS="1405"/>
							<String ID="string_412" HPOS="1428" VPOS="2493" WIDTH="112" HEIGHT="30" WC="0.96" CONTENT="skulle"/><SP WIDTH="17" VPOS="2493" HPOS="1540"/>
							<String ID="string_413" HPOS="1557" VPOS="2492" WIDTH="104" HEIGHT="36" WC="0.96" CONTENT="gälla,"/><SP WIDTH="17" VPOS="2492" HPOS="1661"/>
							<String ID="string_414" HPOS="1678" VPOS="2494" WIDTH="49" HEIGHT="29" WC="0.96" CONTENT="att"/><SP WIDTH="17" VPOS="2494" HPOS="1727"/>
							<String ID="string_415" HPOS="1744" VPOS="2493" WIDTH="56" HEIGHT="30" WC="0.96" CONTENT="till"/>
						</TextLine>
					</TextBlock>
				</ComposedBlock>
			</PrintSpace>
		</Page>
	</Layout>
</alto>
