1890 2824
330 150 40 30 80
413 150 245 32 Sammansatt
680 150 113 31 andra
816 149 74 37 lag-
912 149 66 32 och
999 148 349 37 jordbruksutskotts
1370 149 187 33 utlåtande
1580 150 52 31 Nr
1658 152 29 29 2.

390 227 150 38 (Kungl.
562 227 130 36 Maj:ts
713 226 163 38 förslag.)
1233 226 216 36 (Utskottets
1469 227 165 39 förslag.)

284 288 46 31 då
353 288 108 36 sagda
484 289 71 30 rätt
578 287 120 31 förföll
722 287 86 31 eller
832 287 227 31 förverkades
1082 287 86 31 eller
1190 288 307 36 återbetalningen
1521 289 90 36 ägde
1635 299 90 27 rum,
1743 290 52 31 in-

285 340 133 31 betalas
442 350 45 20 av
510 338 318 32 låneförmedlaren
853 339 57 30 till
934 338 263 32 statskontoret.

327 391 66 32 Det
426 391 139 36 åligger
599 390 364 37 egnahemsstyrelsen
997 391 54 30 att
1082 391 139 36 årligen
1243 393 117 29 senast
1384 391 65 31 den
1474 393 18 30 1
1517 402 95 21 mars
1636 392 159 32 meddela

283 443 251 31 statskontoret
567 442 231 37 erforderliga
834 443 178 35 uppgifter
1050 442 180 37 angående
1265 443 41 31 de
1330 443 134 37 belopp,
1488 453 44 21 en
1557 454 64 21 var
1644 445 150 31 låneför-

284 495 154 32 medlare
462 495 64 30 har
549 495 54 30 att
626 494 144 36 jämlikt
793 494 114 31 denna
929 494 168 36 paragraf
1120 494 166 32 inbetala.

283 592 265 28 Gemensamma
571 591 220 28 föreskrifter
814 599 56 20 om
898 590 350 37 egnahemsstatslåns
1268 593 66 27 och
1356 591 352 39 premielåneanslags
1731 595 64 27 till-

908 643 265 36 godonjutande.

993 725 18 38 $
1036 729 52 30 24,

326 799 320 35 Låneförmedlare,
668 808 74 22 som
772 798 172 31 tilldelats
968 798 340 37 egnahemsstatslån
1332 799 84 31 eller
1440 800 353 37 premielåneanslag,

283 853 40 29 är
347 851 143 37 skyldig
518 852 52 30 att
598 850 218 31 beträffande
839 850 65 31 här
927 849 131 32 avsedd
1082 850 286 36 egnahemslåne-
1390 851 63 31 och
1476 852 317 35 premielåneverk-

282 903 137 31 samhet
453 903 106 31 ställa
594 903 55 35 sig
684 902 57 31 till
776 902 231 31 efterrättelse
1043 901 41 31 de
1116 902 222 31 föreskrifter
1362 903 62 31 och
1447 904 247 36 anvisningar,
1718 914 75 21 som

282 954 366 37 egnahemsstyrelsen
681 954 58 30 må
773 953 168 36 meddela,
968 955 93 29 samt
1085 955 53 30 att
1161 954 119 31 lämna
1304 955 170 35 styrelsen
1498 955 199 32 omedelbar
1721 956 72 31 till-

283 1007 96 36 gång
413 1006 57 31 till
506 1006 167 36 samtliga
707 1005 270 31 verksamheten
1011 1005 191 32 berörande
1231 1006 234 36 räkenskaper
1488 1007 64 31 och
1576 1007 217 37 handlingar

283 1060 166 29 ävensom
473 1059 52 30 att
550 1058 58 31 till
631 1058 173 36 styrelsen
828 1058 129 36 avgiva
981 1057 40 31 de
1046 1057 237 37 redogörelser
1306 1060 83 29 över
1413 1059 280 37 verksamheten,
1717 1069 75 22 som

281 1110 100 31 skola
416 1110 137 31 lämnas
589 1110 113 36 enligt
737 1110 219 31 instruktion
991 1109 86 32 eller
1111 1120 44 20 av
1187 1110 173 36 styrelsen
1393 1110 202 32 meddelade
1618 1111 174 32 särskilda

282 1162 232 31 föreskrifter.

992 1210 18 37 $
1035 1214 51 30 25.

324 1274 133 31 Finner
489 1274 376 36 egnahemsstyrelsen,
894 1275 51 29 att
967 1274 303 36 låneförmedlare,
1295 1284 74 21 som
1393 1275 173 31 tilldelats
1590 1276 200 36 egnahems-

282 1327 151 31 statslån
455 1326 86 31 eller
564 1326 354 36 premielåneanslag,
941 1327 136 29 använt
1101 1325 125 32 sådant
1249 1326 124 36 belopp
1397 1326 12 31 i
1433 1327 87 31 strid
1537 1328 73 31 mot
1627 1327 163 37 gällande

281 1378 261 32 bestämmelser
576 1378 87 30 eller
696 1377 103 37 eljest
826 1378 132 31 brustit
981 1377 13 31 i
1018 1377 335 31 låneförmedlarens
1376 1378 244 37 skyldigheter
1644 1379 147 31 rörande

280 1429 342 37 tillgodonjutandet
645 1439 44 21 av
713 1429 96 31 lånet
832 1428 86 32 eller
941 1429 172 36 anslaget,
1137 1431 83 35 äger
1243 1429 173 37 styrelsen
1438 1431 144 31 anmäla
1598 1431 192 31 förhållan-

281 1482 58 31 det
373 1482 54 31 för
461 1481 135 37 Kungl.
631 1481 114 37 Maj:t,
774 1491 74 21 som
871 1481 219 36 bestämmer,
1115 1481 177 31 huruvida
1316 1481 158 37 beloppet
1496 1483 94 31 skall
1614 1493 84 21 vara
1722 1483 68 31 för-

281 1533 101 32 fallet
406 1534 58 31 till
488 1533 273 37 återbetalning.

325 1585 116 31 Sådan
475 1585 168 31 anmälan
676 1586 58 30 må
765 1585 136 36 jämväl
932 1587 101 34 göras
1065 1595 45 20 av
1135 1585 261 36 statskontoret,
1420 1586 116 31 därest
1559 1586 231 32 låneförmed-

280 1637 74 31 lare
389 1637 74 31 icke
488 1637 123 31 ställer
635 1637 54 36 sig
713 1637 58 31 till
795 1637 233 31 efterrättelse
1058 1636 199 32 meddelade
1286 1637 261 33 bestämmelser
1571 1639 13 31 i
1608 1639 101 36 fråga
1733 1648 56 22 om

280 1690 113 30 ränte-
417 1689 63 31 och
503 1689 422 36 kapitalavbetalningar.

842 1785 393 36 Jordanskaffningslån.

985 1868 19 37 $
1028 1870 52 31 26.

323 1939 401 36 Jordanskaffningslån
749 1941 39 28 är
811 1940 117 29 avsett
951 1940 53 29 att
1027 1949 45 20 av
1097 1939 410 37 hushållningssällskap
1531 1941 182 31 användas
1732 1942 55 31 för

280 1991 108 36 inköp
411 2002 45 20 av
480 1991 73 31 viss
577 1991 181 36 fastighet,
782 1991 152 35 lämplig
957 1991 52 30 att
1032 1990 74 31 helt
1122 1990 84 31 eller
1223 1991 113 31 delvis
1352 1992 181 31 användas
1550 1993 55 31 för
1622 1993 164 32 bildande

279 2053 46 21 av
359 2052 89 27 egna
482 2043 79 30 hem
593 2042 289 36 huvudsakligen
906 2042 54 31 för
982 2042 367 37 jordbruksändamål,
1373 2045 89 30 samt
1485 2045 55 30 för
1563 2045 222 31 bestridande

279 2105 45 20 av
348 2094 41 31 de
412 2095 54 31 för
489 2095 231 35 fastighetens
744 2094 243 36 exploatering
1012 2094 12 30 i
1048 2093 117 37 dylikt
1189 2095 91 36 syfte
1304 2095 163 32 förenade
1491 2096 199 32 kostnader.

989 2176 18 38 $
1031 2181 51 31 27.

322 2250 430 36 Hushållningssällskap,
772 2259 75 21 som
863 2249 128 31 önskar
1123 2250 427 37 Hushållningssällskap,
1568 2261 73 22 som
1657 2252 128 31 önskar

277 2302 137 31 erhålla
459 2301 398 37 jordanskaffningslån,
901 2301 89 31 skall
1082 2301 135 31 erhålla
1253 2302 400 38 jordanskaffningslån,
1692 2304 92 31 skall

278 2353 58 31 till
361 2355 132 30 statens
516 2353 337 37 egnahemsstyrelse
870 2352 120 32 därom
1080 2353 58 31 till
1161 2355 132 29 statens
1309 2355 338 37 egnahemsstyrelse
1663 2355 119 32 därom

279 2405 124 36 ingiva
437 2405 55 32 till
520 2405 131 37 Kungl.
676 2405 103 36 Maj:t
802 2405 107 31 ställd
932 2414 59 21 an-
1081 2405 125 36 ingiva
1229 2406 209 36 ansökning.

279 2457 163 37 sökning.
