2222 2644
725 200 227 28 Statsutskottets
979 199 153 29 Utlåtande
1154 199 56 28 N:o
1233 200 49 28 48.
1773 199 37 28 13

206 277 157 36 likasom
401 277 11 35 i
450 277 288 48 propositionen
779 277 58 36 till
880 278 96 35 1894
1018 280 59 32 års
1117 275 169 49 Riksdag
1325 276 204 36 beräknats
1565 277 58 35 till
1651 278 160 42 304,000

206 328 153 44 kronor,
387 328 197 48 grundade
613 331 48 44 på
688 341 140 22 samma
848 326 337 50 kostnadsförslag,
1205 340 79 23 som
1306 327 47 36 då
1372 326 189 37 förelades
1582 326 228 47 Riksdagen.

206 379 72 36 Vid
321 378 179 48 pröfning
540 378 40 37 af
610 378 134 48 Kongl.
776 378 123 47 Maj:ts
927 378 233 36 sistnämnda
1188 381 41 32 år
1257 377 211 48 framlagda
1496 378 316 36 kostnadsberäk-

205 431 135 47 ningar
380 429 58 36 för
478 430 175 48 samtliga
694 430 47 36 då
781 428 216 49 föreslagna
1037 428 436 45 kasernetablissement,
1513 428 152 48 yttrade
1705 428 106 36 Riks-

206 481 133 47 dagen,
368 480 114 36 bland
511 487 127 38 annat,
666 487 55 29 att
748 480 216 47 Riksdagen
992 479 126 37 funnit
1145 480 192 35 desamma
1365 480 11 34 i
1404 480 98 35 vissa
1531 479 202 36 afseenden
1753 479 58 35 för

207 532 108 47 höga,
352 532 11 34 i
400 531 64 36 det
505 532 244 47 exempelvis,
786 532 119 47 jemte
949 531 64 35 det
1053 536 55 30 att
1149 530 58 36 för
1240 530 247 36 oförutsedda
1521 530 159 48 utgifter
1707 531 10 35 i
1746 530 64 35 all-

206 582 155 36 mänhet
396 582 204 36 beräknats
634 585 20 33 5
688 588 159 42 procent
875 581 40 36 af
940 581 86 36 hela
1053 581 477 48 anläggningskostnaden,
1559 581 253 36 kostnaderna

206 633 59 36 för
292 633 438 49 vinterstallbyggnader
760 633 196 47 upptagits
985 632 58 36 till
1071 632 153 48 belopp,
1253 645 80 22 som
1358 632 240 35 motsvarade
1618 631 59 36 för
1696 631 115 49 bygg-

206 683 117 37 nader
363 682 38 37 af
439 689 83 31 sten
564 684 105 35 öfver
706 686 70 35 600
814 684 142 35 kronor
984 683 71 36 och
1083 682 60 37 för
1171 683 221 48 byggnader
1419 682 40 36 af
1484 688 59 30 trä
1572 684 71 35 500
1672 683 140 35 kronor

206 734 59 36 för
305 734 128 48 hvarje
474 735 125 47 spilta.
652 734 85 36 Med
771 735 143 48 hänsyn
948 733 128 37 dertill
1105 734 70 35 och
1205 734 48 35 då
1280 733 229 47 Riksdagen,
1537 735 11 33 i
1576 733 122 36 likhet
1726 733 84 36 med

206 785 434 48 departementschefen,
680 785 115 36 funne
837 785 175 47 lämpligt
1044 790 56 30 att
1131 784 64 36 vid
1229 784 214 48 beviljande
1472 783 39 37 af
1537 784 65 36 det
1629 797 183 23 samman-

205 836 113 48 lagda
346 836 153 48 belopp,
528 849 80 23 som
637 835 57 36 för
722 836 162 35 berörda
912 835 411 48 kasernanläggningar
1351 835 125 35 kunde
1497 847 107 23 anses
1625 834 187 36 erforder-

206 888 83 46 ligt,
330 887 266 48 medgifvande
638 887 191 35 lemnades
870 886 135 47 Kongl.
1047 885 104 48 Maj:t
1184 891 56 30 att
1267 886 58 35 till
1354 885 187 36 täckande
1570 885 39 36 af
1633 886 178 47 möjligen

206 938 307 48 uppkommande
554 938 95 35 brist
681 938 11 35 i
725 938 153 47 belopp,
915 950 80 23 som
1024 936 204 36 beräknats
1255 936 59 36 för
1342 942 56 30 ett
1426 936 296 44 etablissement,
1749 949 63 23 an-

205 988 123 36 vända
361 988 254 36 öfverskottet
648 991 20 32 å
696 988 151 47 belopp,
875 1000 81 24 som
985 987 132 36 afsetts
1146 987 58 36 för
1233 993 56 30 ett
1316 992 127 39 annat,
1473 987 96 35 hade
1597 987 214 48 Riksdagen

206 1045 125 30 ansett
370 1040 83 35 icke
495 1039 235 48 oväsentliga
766 1039 247 47 besparingar
1049 1038 128 36 kunna
1209 1045 111 40 göras
1353 1039 10 34 i
1397 1038 46 35 de
1478 1037 59 36 för
1565 1038 107 35 dessa
1700 1038 112 35 ända-

206 1091 74 35 mål
322 1090 216 36 beräknade
579 1090 217 36 kostnader.
849 1089 54 36 På
943 1089 124 47 grund
1110 1088 110 37 deraf
1244 1088 195 36 minskade
1468 1087 215 49 Riksdagen
1712 1089 100 35 kost-

206 1141 357 48 nadsberäkningen
604 1140 58 36 för
698 1141 47 35 då
782 1140 197 37 beslutade
1017 1139 423 37 kasernetablissement
1472 1139 87 36 med
1588 1139 174 49 omkring
1790 1142 20 34 8

205 1197 171 42 procent.

305 1241 85 37 Med
419 1242 145 48 hänsyn
592 1242 129 36 härtill
750 1242 67 36 har
846 1242 188 36 utskottet
1061 1241 126 36 funnit
1215 1240 211 37 kostnaden
1447 1240 58 36 för
1525 1240 286 48 ifrågavarande

205 1293 494 48 kasernbyggnadsarbeten
739 1293 92 35 böra
872 1292 126 36 kunna
1026 1292 204 46 begränsas
1258 1292 58 35 till
1345 1293 160 42 280,000
1534 1291 151 42 kronor,
1715 1291 97 36 helst

205 1357 80 22 som
314 1344 191 36 utskottet
537 1356 110 23 anser
674 1344 186 47 lämpligt,
889 1349 67 36 att,
991 1344 5 34 i
1026 1343 169 47 enlighet
1223 1342 83 35 med
1338 1344 95 34 1894
1463 1345 59 32 års
1549 1341 185 48 Riksdags
1750 1342 62 35 be-

205 1394 89 47 slut,
322 1394 304 49 bemyndigande
654 1394 142 35 lemnas
824 1394 135 45 Kongl.
987 1392 105 48 Maj:t
1120 1399 56 30 att
1203 1393 58 36 till
1286 1393 108 35 dessa
1413 1392 157 36 arbeten
1591 1392 157 36 likasom
1765 1392 45 36 de

206 1448 21 32 å
254 1444 207 48 Karlsborg
488 1444 214 46 föreslagna
730 1445 10 35 i
770 1447 84 33 mån
884 1444 40 36 af
948 1443 119 36 behof
1090 1443 172 36 använda
1290 1444 46 35 de
1365 1443 217 48 tillgångar,
1597 1442 214 49 Riksdagen

206 1499 42 32 år
277 1498 95 34 1894
401 1496 165 47 anslagit
593 1496 59 35 till
680 1495 506 49 kasernbyggnadsarbeten.
1240 1493 85 37 Med
1354 1493 133 48 afdrag
1515 1493 40 36 af
1580 1493 65 36 det
1665 1494 146 47 bidrag,

205 1559 80 23 som
327 1546 80 36 från
450 1546 274 39 Kristianstads
751 1546 84 36 stad
863 1554 41 28 är
932 1545 60 36 för
1020 1545 215 36 ändamålet
1263 1551 55 30 att
1346 1545 180 48 påräkna,
1554 1545 122 35 skulle
1704 1545 108 35 alltså

205 1596 59 36 för
304 1596 151 36 Vendes
498 1598 397 45 artilleriregementes
932 1597 246 46 kasernering
1204 1596 140 47 nödiga
1372 1595 356 48 byggnadsarbeten
1757 1608 55 22 er-

205 1646 147 37 fordras
392 1653 57 31 att
489 1648 137 47 bevilja
668 1650 158 43 240,000
854 1648 152 34 kronor.
1065 1646 148 48 Lägges
1242 1646 128 36 härtill
1399 1646 65 35 det
1492 1645 57 36 för
1578 1645 234 48 inrednings-

205 1698 156 36 arbeten
391 1702 20 32 å
440 1697 207 49 Karlsborg
687 1698 189 48 behöfliga
904 1698 182 46 beloppet
1115 1699 146 41 26,400,
1289 1697 122 35 skulle
1439 1695 59 36 för
1526 1695 285 48 ifrågavarande

205 1748 157 36 arbeten
391 1748 191 36 erfordras
610 1755 56 29 att
693 1748 137 47 bevilja
858 1748 246 35 tillsammans
1134 1749 159 41 266,400
1321 1748 152 34 kronor.

306 1799 100 35 Enär
449 1801 96 34 1894
587 1802 59 32 års
678 1798 167 47 Riksdag
873 1798 58 36 för
959 1797 237 48 uppförande
1225 1797 40 35 af
1288 1810 73 35 nya
1389 1797 423 37 kasernetablissement

206 1850 186 46 beviljade
435 1851 197 42 2,791,160
673 1849 151 44 kronor,
866 1849 136 36 hvaraf
1038 1848 97 36 dock
1179 1850 194 44 1,411,925
1405 1848 141 35 kronor
1574 1854 55 29 att
1656 1852 92 43 utgå
1776 1847 40 36 af

206 1900 368 47 försäljningsmedel
615 1899 39 37 af
691 1900 98 35 vissa
830 1900 164 35 kronans
1035 1906 140 28 tomter
1216 1912 47 22 in.
1293 1912 61 31 m.,
1382 1903 98 31 samt
1507 1897 40 37 af
1572 1899 239 36 återstående

209 1953 193 41 1,379,235
445 1951 141 35 kronor
627 1951 176 35 anvisade
845 1952 161 41 400,000
1047 1950 141 35 kronor
1229 1953 47 44 på
1309 1955 108 30 extra
1445 1954 75 31 stat
1546 1948 60 36 för
1634 1952 40 32 år
1704 1952 106 41 1895,

205 2001 134 44 skulle,
381 2001 127 36 derest
548 2002 222 46 ytterligare
812 2003 160 42 266,400
1002 2001 139 34 kronor
1170 2000 156 47 beviljas
1354 1999 60 36 för
1441 2012 51 22 nu
1522 1999 288 48 ifrågavarande

206 2051 350 48 kasernbyggnads-
584 2052 70 35 och
684 2051 377 46 inredningsarbeten
1082 2056 106 38 samt,
1208 2051 11 34 i
1240 2050 169 47 enlighet
1429 2049 86 36 med
1536 2049 135 47 Kongl.
1688 2050 123 46 Maj:ts

207 2103 9 33 i
246 2102 496 46 statsverkspropositionen
770 2102 134 47 gjorda
931 2099 292 48 framställning,
1252 2101 198 35 hvaremot
1478 2100 189 35 utskottet
1691 2101 31 45 ej
1745 2101 66 34 har

206 2155 116 44 något
362 2157 56 30 att
459 2152 136 45 erinra,
624 2154 159 43 420,000
812 2152 141 35 kronor
981 2151 146 35 anvisas
1157 2154 46 43 på
1232 2156 109 30 extra
1369 2155 75 30 stat
1471 2149 60 35 för
1560 2154 40 31 år
1630 2152 94 34 1896
1753 2149 59 36 för

206 2201 236 48 uppförande
472 2201 41 36 af
537 2215 72 34 nya
637 2201 432 43 kasernetablissement,
1098 2201 109 35 alltså
1236 2200 39 36 af
1299 2201 64 35 det
1391 2200 152 47 belopp,
1572 2213 78 23 som
1680 2199 57 36 för
1765 2200 45 35 de
