1866 2788
341 173 188 31 Allmänna
547 174 399 39 beredningsutskottets
965 175 179 31 utlåtande
1160 185 44 20 nr
1221 176 40 29 16
1277 176 40 30 år
1335 176 83 29 1963
1598 176 17 29 7

128 254 273 29 informationen
418 254 251 39 undantagsvis
687 255 112 30 skulle
817 255 120 30 kunna
954 263 39 31 ge
1010 255 208 39 tillräckliga
1235 256 254 39 upplysningar
1505 256 111 29 måste

127 298 137 30 ändock
286 298 67 31 den
375 299 258 40 hjälpsökande
656 299 11 30 i
690 300 90 38 regel
805 300 90 30 sätta
919 300 53 39 sig
994 300 11 29 i
1029 300 211 30 förbindelse
1264 300 78 30 med
1366 300 249 39 myndigheten

129 343 54 30 för
202 345 51 28 att
272 343 133 31 erhålla
424 343 206 34 blanketter,
652 344 36 29 få
708 344 98 40 hjälp
827 344 80 30 med
928 345 234 39 upprättande
1183 354 42 20 av
1244 345 159 29 ansökan
1425 354 44 20 m.
1484 354 45 20 m.
1551 344 65 30 Det

128 387 194 30 värdefulla
336 387 11 29 i
362 388 180 29 motionen
555 389 39 29 är
609 388 120 29 därför
744 388 106 40 enligt
866 389 188 39 styrelsens
1071 389 226 39 uppfattning
1312 389 165 40 förslaget
1493 398 57 20 om
1565 391 51 28 att

129 432 236 29 allmänheten
396 432 112 30 skulle
538 441 57 30 ges
626 433 252 40 upplysningar
907 434 10 28 i
947 433 394 39 rikstelefonkatalogen
1371 434 43 39 på
1445 435 49 28 ett
1523 434 94 29 klart

129 477 65 29 och
216 476 156 40 entydigt
395 477 69 29 sätt
486 486 58 20 om
565 479 76 28 vart
665 487 82 20 man
770 477 89 30 skall
881 478 115 30 vända
1020 478 52 39 sig
1093 478 9 29 i
1126 487 42 20 en
1190 478 70 29 viss
1285 478 108 39 fråga.
1417 478 78 29 Med
1517 478 98 39 hjälp

128 530 43 20 av
193 530 44 20 en
260 521 110 30 sådan
392 522 208 39 vägledning
623 522 70 30 kan
716 522 259 30 vederbörande
999 523 64 29 lätt
1087 523 85 29 söka
1196 523 147 29 kontakt
1368 523 79 29 med
1471 532 42 20 en
1539 523 77 29 sak-

129 566 134 39 kunnig
281 575 136 29 person,
436 566 108 30 vilket
562 566 111 30 under
691 567 69 30 alla
778 567 247 30 förhållanden
1043 567 44 39 på
1105 567 222 30 bekvämaste
1347 568 65 29 och
1431 567 185 30 snabbaste

128 610 70 30 sätt
211 618 58 31 ger
281 611 130 29 honom
423 620 43 20 en
479 611 143 29 korrekt
636 611 229 30 information
878 612 65 29 och
953 611 208 40 erforderlig
1174 612 109 39 hjälp.

174 654 175 41 Styrelsen
370 655 55 29 får
446 655 87 30 även
555 655 198 35 framhålla,
775 657 50 28 att
846 656 58 29 det
925 656 29 40 ej
980 656 71 29 kan
1071 665 84 21 vara
1175 656 158 39 lämpligt
1354 658 51 27 att
1427 656 10 29 i
1460 655 157 30 rikstele-

129 698 248 40 fonkatalogen
401 699 118 30 lämna
544 699 268 30 informationer
836 709 58 21 om
919 700 213 29 innebörden
1158 710 43 19 av
1225 700 93 30 olika
1342 700 171 29 reformer
1538 700 78 30 med

128 743 140 40 hänsyn
285 743 52 30 till
357 745 51 28 att
427 744 185 39 katalogen
631 744 200 30 utkommer
850 744 125 30 endast
993 754 43 20 en
1056 745 90 39 gång
1164 754 61 30 per
1243 744 48 30 år.
1312 745 125 29 Därtill
1458 745 159 29 kommer

128 790 52 27 att
197 788 96 29 tiden
311 788 80 29 från
409 788 58 30 det
484 789 260 38 manuskriptet
762 789 180 29 avlämnas
961 790 66 29 och
1045 789 51 29 till
1116 789 78 29 dess
1214 789 184 39 katalogen
1417 789 200 29 utkommer

131 832 55 30 för
203 833 11 29 i
232 833 96 39 varje
347 833 62 30 fall
428 832 41 31 de
489 833 129 30 största
635 833 145 31 delarna
797 843 43 21 av
857 833 166 31 tekniska
1041 833 76 30 skäl
1138 834 110 29 måste
1267 843 83 20 vara
1368 833 138 30 relativt
1525 833 91 40 lång.

130 877 65 30 Vid
213 877 149 40 ändring
381 887 43 20 av
441 877 114 31 beslut
574 878 114 29 skulle
708 878 148 30 sålunda
874 878 10 29 i
905 878 173 39 olyckliga
1097 878 61 30 fall
1178 887 42 20 en
1241 878 145 39 felaktig
1405 878 213 39 upplysning

129 920 122 30 kunna
269 930 83 20 vara
371 921 118 30 införd
510 931 38 21 ca
572 922 67 32 12/2
659 922 39 28 år
718 922 108 29 innan
847 922 141 29 rättelse
1010 922 89 33 sker,
1121 922 106 29 vilket
1248 922 142 38 givetvis
1413 921 112 30 skulle
1546 921 69 29 för-

128 966 128 29 orsaka
270 966 222 39 olägenheter
506 966 54 29 för
575 967 93 29 såväl
684 967 237 29 allmänheten
936 976 77 20 som
1027 967 298 39 myndigheterna.

174 1011 252 38 Telestyrelsen
446 1011 56 29 får
522 1011 148 30 sålunda
690 1011 44 39 på
754 1020 88 20 ovan
863 1011 150 30 anförda
1034 1011 151 39 grunder
1205 1011 164 39 avstyrka
1391 1011 227 29 motionärer-

131 1064 63 20 nas
220 1055 130 39 förslag
374 1064 60 21 om
458 1055 201 30 införandet
684 1056 11 28 i
720 1055 394 39 rikstelefonkatalogen
1141 1065 42 20 av
1209 1055 236 39 redogörelser
1470 1056 81 28 över
1576 1055 41 29 de

128 1099 96 31 olika
246 1099 235 31 reformernas
505 1099 181 31 innebörd,
710 1100 228 31 Beträffande
962 1100 166 39 förslaget
1152 1109 57 21 om
1232 1100 229 30 information
1486 1100 11 29 i
1521 1100 97 30 kata-

130 1144 100 39 logen
250 1153 57 21 om
327 1144 51 29 till
398 1144 95 30 vilka
513 1144 243 39 myndigheter
776 1144 238 31 allmänheten
1035 1144 89 31 skall
1144 1144 114 30 vända
1280 1144 51 40 sig
1351 1144 56 30 för
1427 1146 50 28 att
1498 1144 36 29 få
1555 1144 62 29 råd

129 1188 65 29 och
219 1188 98 39 hjälp
342 1188 65 30 har
431 1188 94 30 vissa
549 1188 162 39 åtgärder
735 1189 108 29 redan
867 1188 176 40 vidtagits.
1070 1189 308 39 Initiativtagaren,
1406 1188 212 30 riksförsäk-

130 1232 226 40 ringsverket,
378 1233 161 29 studerar
559 1233 124 39 frågan
704 1233 55 29 för
778 1235 50 28 att
847 1233 108 30 vinna
975 1234 162 29 närmare
1158 1233 198 29 erfarenhet
1376 1242 43 21 av
1439 1233 41 29 de
1500 1233 12 29 i
1535 1232 82 30 1963

128 1277 58 29 års
208 1277 290 30 Stockholms-del
519 1277 141 30 införda
679 1278 302 39 upplysningarna
999 1278 12 29 i
1031 1278 65 29 och
1116 1278 55 29 för
1191 1287 42 20 en
1253 1278 172 29 eventuell
1446 1277 173 39 utökning

129 1321 59 29 vid
205 1322 111 29 första
333 1322 145 39 möjliga
495 1322 167 39 tidpunkt
680 1322 52 29 till
750 1322 110 30 andra
878 1322 249 40 katalogdelar.
1147 1322 174 39 Styrelsen
1339 1331 113 24 anser,
1471 1323 51 28 att
1540 1322 78 29 här-

131 1366 121 29 utöver
268 1366 114 39 någon
399 1366 187 39 utredning
603 1367 71 28 f.n.
692 1367 30 39 ej
743 1367 177 29 erfordras
937 1367 67 29 vad
1021 1367 170 29 beträffar
1208 1366 246 30 användandet
1471 1375 43 21 av
1530 1366 89 29 riks-

130 1410 316 39 telefonkatalogen
463 1419 76 20 som
553 1411 370 39 informationsorgan.

176 1490 429 39 Riksförsäkringsverket
635 1490 214 34 framhåller,
880 1492 52 28 att
962 1499 125 31 genom
1117 1491 136 29 verkets
1284 1490 136 39 försorg
1450 1489 170 40 åtskilligt

132 1543 408 30 informationsmaterial
569 1544 121 39 spritts
719 1544 51 29 till
798 1544 238 29 allmänheten
1064 1544 88 30 bl.a.
1182 1552 122 31 genom
1332 1543 208 39 broschyrer
1567 1543 53 29 rö-

132 1597 107 30 rande
261 1597 114 29 skilda
397 1597 94 30 sidor
513 1597 65 29 och
600 1597 131 30 avsnitt
753 1607 42 20 av
817 1597 503 39 socialförsäkringsgrenarna
1342 1597 75 34 och,
1440 1596 11 29 i
1473 1596 71 30 viss
1567 1598 53 28 ut-

134 1650 213 39 sträckning,
374 1658 125 31 genom
524 1650 279 40 programinslag
828 1651 9 29 i
864 1650 99 30 radio
988 1650 65 30 och
1079 1651 68 29 TV.
1175 1650 66 29 För
1267 1652 51 28 att
1344 1650 177 29 förstärka
1548 1650 73 29 PR-

131 1703 268 30 verksamheten
419 1704 65 29 har
503 1704 119 29 verket
643 1704 42 29 fr.
700 1713 29 20 o.
744 1713 45 20 m.
810 1704 38 29 år
872 1704 83 29 1962
977 1704 143 29 tillförts
1141 1713 44 21 en
1205 1703 282 30 heltidsanställd
1507 1712 113 30 press-

131 1757 234 30 ombudsman
386 1757 127 29 främst
533 1757 10 29 i
565 1758 90 38 syfte
676 1759 50 28 att
748 1757 186 30 medverka
955 1757 52 30 till
1029 1766 44 20 en
1093 1757 97 30 aktiv
1210 1756 337 40 nyhetsförmedling
1568 1756 51 29 till

133 1818 143 30 pressen
300 1819 44 20 m.
359 1810 37 29 fl.
419 1818 119 31 organ.
562 1810 128 30 Verket
713 1811 64 29 har
798 1810 119 30 vidare
940 1810 114 39 dragit
1078 1810 136 39 försorg
1236 1819 57 20 om
1316 1812 51 27 att
1390 1810 230 29 telefonkata-

133 1863 118 39 logens
271 1863 275 29 Stockholmsdel
567 1863 55 29 för
640 1863 235 30 innevarande
894 1863 40 29 år
951 1863 68 29 blir
1037 1863 141 29 försedd
1197 1863 78 29 med
1294 1872 42 20 en
1355 1862 135 30 helsida
1510 1862 111 30 under

132 1916 67 29 den
215 1916 178 29 samlande
409 1916 167 29 rubriken
593 1927 14 16 »
613 1917 84 28 Vart
712 1916 131 30 vänder
858 1925 82 21 man
956 1916 52 39 sig
1022 1916 11 29 i
1049 1916 128 29 sociala
1192 1916 155 38 frågor?»
1367 1916 48 29 På
1431 1916 116 29 denna
1562 1916 59 29 ka-

135 1968 169 40 talogsida
327 1969 136 29 lämnas
486 1969 11 28 i
520 1969 201 29 tabellform
744 1969 255 39 upplysningar
1022 1978 75 20 som
1120 1969 176 29 erfordras
1322 1969 55 29 för
1401 1970 50 28 att
1475 1969 146 29 allmän-

135 2022 104 31 heten
262 2022 96 29 inom
381 2022 261 39 katalogdelens
667 2022 141 29 område
834 2022 89 30 skall
950 2022 35 30 få
1009 2024 77 28 veta
1109 2024 76 28 vart
1210 2031 81 20 man
1317 2022 88 29 skall
1431 2022 114 30 vända
1570 2022 51 38 sig

135 2075 78 30 med
244 2075 261 39 förfrågningar
534 2084 57 20 om
622 2075 296 39 sjukförsäkring,
952 2075 321 39 folkpensionering
1303 2076 65 28 och
1400 2075 221 39 tilläggspen-

133 2128 185 38 sionering,
338 2128 419 39 yrkesskadeförsäkring
778 2137 44 20 m.
838 2137 44 20 m.
903 2128 127 29 Vidare
1053 2128 94 30 finns
1168 2128 208 39 vägledning
1398 2128 54 29 för
1473 2128 149 38 förfråg-

134 2180 124 39 ningar
275 2181 148 29 rörande
442 2181 123 29 barna-
582 2181 65 29 och
666 2181 269 38 ungdomsvård,
954 2181 191 38 hemhjälp,
1166 2181 216 38 socialhjälp,
1403 2181 218 38 nykterhets-

133 2234 163 32 ärenden,
319 2233 380 39 pensionärsbostäder,
723 2234 89 38 plats
835 2234 18 28 å
876 2233 281 29 ålderdomshem
1179 2234 65 28 och
1266 2234 166 28 vårdhem
1456 2236 90 26 samt
1570 2234 52 28 rö-

135 2286 106 29 rande
264 2286 127 29 sociala
414 2286 116 38 frågor
553 2286 7 28 i
583 2286 202 29 allmänhet.
809 2286 112 29 Sedan
943 2286 240 29 erfarenheter
1203 2286 142 29 vunnits
1368 2286 159 28 kommer
1549 2295 73 19 ver-

137 2339 56 29 ket
216 2341 51 26 att
289 2339 168 37 överväga
480 2348 43 19 en
548 2339 199 38 utbyggnad
771 2348 41 19 av
835 2339 114 28 denna
976 2338 324 39 upplysningskälla
1324 2339 87 28 även
1436 2339 50 28 till
1512 2339 108 28 andra

135 2391 245 38 katalogdelar.

179 2444 127 29 Verket
329 2444 204 29 framhåller
555 2444 116 29 vidare
695 2446 50 27 att
768 2444 65 29 den
857 2444 297 29 PR-verksamhet
1178 2444 257 29 motionärerna
1460 2445 84 28 talat
1569 2445 53 28 för

137 2499 155 27 närmast
321 2497 96 28 torde
446 2507 78 19 avse
553 2497 129 28 allmän
713 2497 226 29 information
968 2506 57 19 om
1054 2497 158 36 gällande
1241 2496 262 30 bestämmelser
1532 2500 89 26 samt
