2168 2640
683 205 260 30 Bankoutskottets
966 203 160 31 Memorial
1150 203 63 31 N:o
1238 206 24 28 I.
1735 205 34 28 11

912 331 19 49 $
962 334 54 36 10.

269 420 16 36 I
313 419 178 37 afseende
519 423 20 32 å
567 419 46 36 de
641 420 11 35 i
681 415 39 50 $$
747 421 20 35 7
798 419 70 36 och
899 421 20 34 8
941 417 40 38 af
995 417 418 37 revisionsberättelsen
1436 416 222 37 meddelade
1679 429 93 35 upp-

171 471 112 48 gifter
324 471 195 48 angående
559 470 56 36 in-
649 471 70 35 och
747 469 301 48 utvexlingspris
1076 472 20 33 å
1125 467 201 38 utländska
1354 467 201 50 guldmynt
1582 472 95 31 samt
1706 467 66 36 du-

173 523 105 35 kater
306 522 70 36 och
406 521 190 40 karoliner
625 521 67 35 har
719 524 122 44 någon
871 533 122 23 annan
1022 519 221 46 förändring
1271 519 31 47 ej
1332 518 190 48 vidtagits,
1551 525 46 28 än
1627 523 65 39 att,
1713 518 59 46 då,

172 573 10 35 i
210 571 106 49 fråga
345 585 61 23 om
436 571 350 48 utvexlingspriset,
815 571 208 36 detsamma
1051 570 127 36 kunde
1202 568 164 37 behöfva
1385 575 56 30 att
1460 569 54 35 tid
1535 567 97 37 efter
1651 581 121 23 annan

172 623 210 45 förändras,
419 622 376 48 vexeldeputeraden
832 622 267 47 bemyndigats
1135 625 68 39 att,
1241 619 95 37 efter
1364 620 58 48 sig
1448 619 220 36 företeende
1697 632 76 23 om-

172 674 270 48 ständigheter,
471 674 228 35 härutinnan
727 672 139 37 förfara
895 673 11 35 i
934 672 120 35 likhet
1083 671 85 36 med
1198 671 95 36 hvad
1322 683 81 23 som
1432 678 40 28 är
1500 670 191 36 bestämdt
1711 670 62 35 be-

172 724 185 37 träffande
399 724 425 48 försäljningskurserna
864 727 20 32 å
924 722 202 37 utländska
1167 722 140 44 vexlar,
1349 721 86 36 med
1472 721 217 49 skyldighet
1718 727 55 29 att

172 777 76 34 låta
275 776 224 35 underrätta
526 775 45 35 de
600 775 184 36 särskilda
812 773 389 37 riksbankskontoren
1231 785 59 23 om
1311 772 46 36 de
1378 772 205 48 ändringar
1603 773 10 34 1
1634 784 139 23 samma

174 827 87 47 pris,
289 839 79 23 som
399 829 47 44 på
474 825 122 49 grund
626 825 40 36 af
689 824 286 37 förhållandena
1003 829 144 31 ansetts
1175 823 90 36 böra
1294 823 76 36 ske.

919 938 22 50 &
971 928 56 50 11.
1384 968 10 11 :

273 1030 15 35 I
317 1026 18 49 $
364 1032 22 33 4
415 1028 40 37 af
479 1028 234 48 Riksdagens
732 1032 126 31 senast
876 1025 227 37 församlade
1123 1025 206 36 revisorers
1349 1024 208 37 berättelse
1577 1024 195 48 angående

173 1081 226 35 riksbanken
431 1087 41 28 är
500 1079 57 36 för
584 1078 103 36 förra
717 1077 160 37 halfåret
903 1080 95 34 1900
1018 1077 241 48 redogörelse
1279 1075 151 36 lemnad
1449 1075 58 36 för
1526 1076 248 35 riksbankens

174 1131 210 36 metalliska
421 1131 109 35 kassa
565 1130 71 35 och
669 1129 215 47 fordringar
913 1132 20 31 å
961 1128 162 47 löpande
1151 1127 159 47 räkning
1338 1130 21 32 å
1388 1127 144 36 utrikes
1561 1132 60 30 ort
1649 1126 125 36 äfven-

174 1195 79 23 som
294 1181 106 36 öfver
442 1180 227 49 utelöpande
711 1180 121 35 sedlar
873 1179 71 36 och
982 1178 220 48 obegagnad
1245 1176 398 49 sedelutgifningsrätt
1678 1183 95 30 samt

174 1233 159 47 tillgång
369 1233 10 34 i
417 1231 137 36 sådana
583 1231 162 44 valutor,
775 1234 20 32 å
823 1230 128 35 hvilka
980 1229 117 46 enligt
1125 1225 40 49 $$
1195 1232 19 32 7
1244 1228 69 36 och
1343 1230 46 34 42
1419 1228 11 35 i
1458 1228 109 47 lagen
1596 1227 57 36 för
1680 1228 94 35 riks-

174 1283 147 35 banken
363 1280 396 49 sedelutgifningsrätt
800 1284 59 32 må
899 1279 185 49 grundas;
1127 1279 70 35 och
1224 1277 37 37 få
1288 1278 238 48 fullmäktige
1554 1291 50 23 nu
1634 1277 139 52 afgifva

175 1334 103 49 dylik
306 1333 243 48 redogörelse
577 1331 59 37 för
664 1344 131 25 senare
825 1330 146 37 hälften
1000 1329 39 37 af
1063 1342 142 23 samma
1234 1332 50 34 år.
