2206 2630
396 202 36 28 28
909 199 260 34 Bankoutskottets
1184 197 170 37 Memorial
1376 203 62 32 N:o
1465 202 23 34 1.

396 280 38 33 år
476 279 96 36 1900
613 277 136 38 utförts
794 280 130 43 -18,151
960 279 161 49 stycken
1149 281 189 48 uppdrag,
1367 294 79 24 som
1477 283 205 45 omfattade
1711 289 55 31 ett
1793 285 139 49 belopp
1961 277 41 46 af

398 329 220 46 32,134,667
660 328 151 37 kronor'-54
830 331 149 45 öre,
1007 330 202 37 utvisande
1239 330 104 38 detta
1370 332 10 35 i
1409 332 236 38 förhållande
1672 334 58 37 till
1759 338 39 33 år
1829 338 92 34 1899
1951 350 46 23 en

397 378 145 48 ökning
570 378 12 36 i
610 379 100 37 antal
738 380 89 36 med
857 382 104 43 1,837
990 380 175 49 stycken,
1195 395 86 23 men
1311 383 170 37 'deremot
1508 397 46 23 en
1583 385 222 49 minskning
1828 386 10 36 i
1859 386 138 50 belopp

398 429 86 36 med
513 429 141 37 kronor
681 432 210 45 2,726,410:
922 433 66 47 64.
1476 434 2 3 ;

495 479 57 37 De
585 480 57 36 till
674 493 146 25 samma
847 481 142 37 anstalt
1013 481 190 51 ankomna
1229 482 178 38 brefvens
1436 483 103 38 antal
1566 486 170 49 uppgick
1764 483 121 40 under
1913 488 85 36 sist-

397 530 93 37 lidet
518 533 41 33 år
585 530 56 37 till
670 533 110 45 5,170
810 531 159 49 stycken
998 532 71 37 och
1098 532 46 37 de
1172 533 155 38 afsända
1349 535 65 36 till
1442 538 111 45 4,239
1583 537 170 48 stycken.

496 581 77 36 För
610 581 45 37 de
691 582 65 36 vid
794 582 406 49 afdelningskontoren
1237 584 151 37 utförda
1425 586 131 49 dylika
1592 587 177 49 uppdrag
1798 593 63 32 äro
1889 589 109 36 redo-

398 631 172 48 görelser
603 632 175 37 lemnade
813 632 11 36 i
853 634 275 48 sammanhang
1156 634 86 39 med
1271 635 47 37 de
1346 636 235 46 berättelser,
1611 651 80 23 som
1722 638 114 38 dessa
1863 639 136 37 kontor

399 681 113 38 hafva
541 688 55 31 att
621 682 56 37 till
705 683 188 37 utskottet
920 684 154 48 afgifva.

558 864 70 38 Om
653 865 271 39 riksbankens
952 868 176 45 styrelse
1155 851 74 55 och
1257 870 149 38 :dennas
1434 847 244 71 åligganden
1703 850 52 60 m.
1784 858 51 51 m.

1150 984 20 49 $
1200 989 57 35 28.

498 1084 108 37 Efter
634 1084 105 37 tiden
767 1085 58 37 för
845 1086 230 37 afslutandet
1095 1087 39 36 af
1150 1093 130 32 senast
1299 1088 206 38 förrättade
1525 1086 165 41 revision
1712 1092 41 35 af
1767 1092 233 37 riksbanken

400 1135 67 36 har
503 1135 11 36 i
548 1134 181 38 afseende
773 1139 21 33 å
834 1136 312 50 'bankstyrelsens
1182 1140 178 45 personal
1397 1140 70 36 och
1509 1140 261 50 fullmäktiges
1812 1144 188 37 särskilda

399 1186 177 49 uppdrag
610 1187 33 48 ej
680 1186 168 37 inträffat
883 1190 124 45 någon
1050 1188 235 49 förändring,
1326 1190 151 36 hvadan
1514 1191 240 50 fullmäktige
1791 1193 119 37 tillåta
1938 1195 62 47 sig

400 1236 161 37 hänvisa
601 1237 57 36 till
698 1237 73 37 den
811 1238 41 36 af
881 1239 239 36 revisorerna
1159 1239 11 36 i
1207 1236 20 49 $
1262 1242 46 34 36
1338 1240 39 36 af
1401 1241 109 37 deras
1540 1241 203 38 berättelse
1772 1244 227 37 härutinnan

401 1286 175 38 lemnade
605 1288 258 48 redogörelse.

1151 1404 20 49 $
1200 1409 58 35 29.

499 1488 75 36 Till
604 1489 230 48 deltagande
862 1490 119 37 under
1010 1493 38 34 år
1080 1493 90 35 1901
1202 1494 20 33 å
1240 1491 254 38 riksbankens
1516 1494 70 36 och
1607 1495 393 48 riksgäldskontorets

401 1543 146 44 vägnar
576 1540 9 35 i
616 1540 239 37 direktionen
883 1540 55 37 för
967 1541 100 37 Göta
1105 1542 207 36 kanalverk
1350 1543 110 36 hafva
1495 1544 239 49 fullmäktige
1763 1554 239 41 gemensamt

401 1590 86 36 med
514 1590 242 49 fullmäktige
785 1591 11 36 1
825 1591 372 49 riksgäldskontoret
1225 1593 160 37 återvalt
1412 1594 266 49 fullmäktigen
1706 1597 10 35 i
1746 1609 144 25 samma
1909 1598 92 36 kon-

401 1645 58 32 tor
485 1641 127 37 Johan
639 1641 232 38 Johansson.

1151 1757 20 50 $
1201 1764 58 35 30.

501 1841 184 49 Samtliga
726 1841 47 38 de
813 1843 80 37 dels
934 1843 241 50 fullmäktige
1216 1852 250 42 gemensamt,
1509 1847 81 37 dels
1625 1848 109 37 deras
1769 1849 232 50 deputerade

403 1892 206 49 åliggande
638 1893 286 49 inventeringar
952 1895 41 36 af
1015 1895 346 38 hufvudkontorets
1382 1897 134 37 kassor
1536 1899 70 36 och
1627 1899 121 48 öfriga
1769 1900 233 49 förvarings-

402 1957 80 22 rum
512 1943 114 37 hafva
653 1943 121 37 under
803 1944 164 38 sistlidet
995 1948 40 34 år
1064 1949 19 33 å
1119 1946 186 48 behöriga
1332 1947 97 37 tider
1457 1954 67 43 egt
1550 1963 94 33 rum,
1673 1956 90 30 utan
1792 1955 54 32 att
1873 1951 128 37 anled-

402 1995 93 47 ning
522 1993 57 38 till
609 1994 251 48 anmärkning
886 1995 134 38 dervid
1048 1996 252 38 förekommit.

1152 2112 19 49 $
1200 2116 58 35 31.

500 2193 61 39 Af
582 2196 240 38 revisorerna
849 2197 100 37 äro
935 2189 26 67 i
978 2195 20 50 $
1027 2200 46 35 47
1104 2198 38 37 af
1158 2199 111 37 deras
1290 2199 203 38 berättelse
1514 2200 247 39 omförmälda
1782 2203 47 37 de
1849 2203 153 49 inspek-

402 2245 121 38 tioner
551 2247 65 37 vid
645 2247 417 50 afdelningskontorén,
1092 2262 79 24 som
1200 2249 122 38 under
1351 2251 72 36 den
1447 2251 67 48 tid,
1536 2265 143 25 samma
1698 2253 204 38 berättelse
1923 2268 78 23 om-
