1876 2788
419 152 124 29 Första
567 151 246 39 lagutskottets
836 151 180 31 utlåtande
1039 161 43 20 nr
1109 152 38 29 17
1171 152 39 29 år
1233 152 84 30 1955
1598 150 17 30 7

156 238 13 29 I
196 237 58 29 sitt
281 246 42 22 av
348 237 188 39 riksdagen
564 236 184 40 godkända
775 236 162 38 yttrande
971 236 58 33 (nr
1057 236 57 34 30)
1152 236 80 29 över
1258 235 262 40 propositionen
1549 235 66 30 till-

111 287 133 39 styrkte
274 288 109 29 andra
415 287 227 39 lagutskottet
674 286 40 32 de
747 286 196 39 föreslagna
975 286 309 30 bestämmelserna
1314 295 80 21 men
1428 286 186 29 förutsatte

110 337 132 35 därvid,
268 340 49 27 att
341 338 101 29 dessa
467 337 262 30 bestämmelser
755 337 123 29 endast
903 336 161 40 utgjorde
1091 338 46 27 ett
1163 336 241 39 provisorium,
1430 337 66 28 och
1522 336 93 30 beto-

111 388 88 30 nade
221 387 293 41 angelägenheten
540 398 41 20 av
604 390 49 29 att
674 387 321 36 bestämmelserna,
1018 387 95 30 vilka
1136 387 105 39 enligt
1264 387 187 30 utskottets
1474 387 142 38 mening

110 438 76 31 icke
207 439 116 30 kunde
346 448 101 21 anses
469 438 219 40 tillräckliga,
711 439 138 28 snarast
871 438 138 40 möjligt
1032 439 145 28 ersattes
1200 438 78 28 med
1302 437 215 39 stadganden
1540 446 75 21 som

110 489 44 39 på
175 492 50 27 ett
246 490 163 29 effektivt
433 491 68 28 sätt
524 489 173 40 främjade
722 489 231 39 nykterheten
977 488 10 30 i
1011 488 164 30 trafiken.

154 540 49 30 De
227 540 197 39 föreslagna
447 539 310 31 bestämmelserna
781 542 170 37 upptogos
980 539 196 29 sedermera
1201 538 230 31 oförändrade
1457 539 10 29 i
1492 538 123 30 trafik-

109 589 224 40 brottslagen.

113 692 79 28 1949
214 692 57 28 års
292 690 497 35 trafiknykterhetsutredning

157 743 83 29 1949
261 742 56 30 års
340 739 507 41 trafiknykterhetsutredning
867 748 109 31 avgav
997 741 67 29 den
1087 740 41 30 29
1150 739 69 39 maj
1247 740 82 30 1953
1352 739 59 30 sitt
1432 748 90 21 ovan
1543 748 72 20 om-

110 793 175 30 förmälda
307 792 232 30 betänkande.
566 793 12 29 I
604 792 94 29 detta
723 790 146 31 föreslås
895 790 44 30 bl.
966 800 29 21 a.
1022 790 134 30 ändrad
1180 790 130 39 lydelse
1335 799 42 21 av
1402 790 19 29 4
1448 789 15 37 8
1491 789 124 30 trafik-

109 843 224 39 brottslagen.

157 894 65 30 Vid
247 893 258 39 behandlingen
527 902 43 21 av
592 893 124 39 frågan
740 901 57 21 om
842 892 68 29 det
955 891 287 30 straffbara
1287 890 220 30 området
1551 890 65 30 har

111 944 232 39 utredningen
359 946 103 38 ägnat
479 945 48 28 ett
543 943 195 39 betydande
756 945 173 37 utrymme
947 942 35 30 åt
999 942 344 39 alkoholblodprovet
1358 942 66 29 och
1441 941 175 40 promille-

110 994 156 38 reglerna
285 995 10 29 i
314 993 593 40 trafiknykterhetslagstiftningen.
927 992 53 30 Då
999 992 115 30 såsom
1135 1001 89 22 ovan
1242 992 132 30 berörts
1394 992 222 39 blodprovets

111 1044 260 39 tillförlitlighet
394 1053 74 21 som
490 1043 209 31 bevismedel
721 1044 11 28 i
754 1042 260 40 rattfyllerimål
1037 1042 80 30 från
1140 1042 107 40 några
1268 1042 71 30 håll
1363 1044 86 29 satts
1472 1042 11 29 i
1507 1042 108 40 fråga,

110 1095 64 30 har
200 1094 232 39 utredningen
459 1094 76 30 låtit
560 1093 191 30 verkställa
777 1093 219 30 omfattande
1022 1092 263 40 vetenskapliga
1310 1092 305 39 undersökningar

110 1145 133 30 härom.
265 1145 110 30 Dessa
397 1145 46 30 ha
464 1144 107 40 enligt
593 1143 234 40 utredningen
849 1142 84 41 givit
954 1143 58 30 vid
1035 1143 140 30 handen
1198 1144 49 28 att
1269 1142 347 31 blodalkoholhalten

110 1197 40 29 är
167 1205 43 21 en
228 1195 143 40 lämplig
389 1195 65 30 och
472 1195 103 30 säker
592 1196 133 28 mätare
745 1203 43 21 av
805 1194 189 40 påverkan.
1013 1193 357 39 Undersökningarna
1388 1193 91 30 hade
1496 1192 120 31 vidare

111 1246 89 30 visat
218 1248 50 27 att
287 1246 140 29 alkohol
446 1245 77 30 icke
543 1246 237 30 förekommer
798 1245 11 29 i
827 1244 118 30 blodet
962 1253 82 21 vare
1064 1244 51 39 sig
1134 1244 63 30 hos
1217 1243 112 32 friska
1347 1252 166 31 personer
1533 1243 82 29 eller

111 1296 240 39 sockersjuka,
372 1296 55 30 för
447 1296 105 30 såvitt
572 1296 41 30 de
632 1296 77 29 icke
729 1295 127 30 förtärt
876 1295 152 30 alkohol.
1051 1294 118 39 Själva
1187 1295 161 29 metoden
1369 1295 51 29 att
1440 1294 176 30 fastställa

110 1346 345 30 blodalkoholhalten
481 1345 108 41 fyllde
615 1345 106 31 också
747 1345 106 40 enligt
878 1345 354 39 undersökningarna
1257 1345 68 30 alla
1349 1343 138 40 rimliga
1511 1345 105 29 rätts-

110 1397 281 29 säkerhetskrav.
413 1396 240 39 Utredningen
674 1395 148 30 föreslår
843 1396 91 29 dock
955 1396 109 38 några
1084 1394 200 40 ytterligare
1306 1394 163 32 tekniska
1491 1394 125 30 anord-

111 1447 125 39 ningar
255 1447 11 30 i
289 1447 169 30 samband
480 1447 79 30 med
581 1446 113 39 själva
713 1445 390 40 blodprovstagningen.

155 1497 319 39 Undersökningar,
498 1496 183 39 företagna
702 1496 107 39 enligt
831 1495 94 30 olika
947 1496 157 30 metoder
1126 1496 64 29 och
1213 1496 168 29 avseende
1404 1495 96 29 såväl
1523 1495 93 29 labo-

111 1547 354 39 ratorieexperiment,
486 1547 243 39 körbaneprov
748 1547 65 29 och
834 1546 306 39 undersökningar
1158 1545 11 30 i
1190 1546 67 29 den
1276 1544 154 40 verkliga
1450 1545 165 33 trafiken,

111 1598 46 30 ha
175 1598 106 39 enligt
299 1597 232 39 utredningen
549 1597 100 35 visat,
669 1598 50 28 att
737 1606 43 20 en
799 1596 226 39 nedsättning
1043 1605 42 21 av
1103 1595 319 32 körfunktionerna
1440 1596 80 30 med
1539 1596 77 29 där-

111 1657 43 20 av
179 1648 156 39 följande
362 1648 208 39 riskökning
596 1648 11 29 i
634 1647 191 30 allmänhet
852 1647 185 39 föreligger
1063 1646 58 30 vid
1146 1646 346 30 blodalkoholhalten
1519 1646 98 34 0,3—

113 1698 53 34 0,4
188 1699 170 39 promille,
381 1698 58 30 vid
461 1698 162 40 flygprov
645 1697 163 40 omkring
832 1698 51 33 0,2
907 1697 172 40 promille.
1104 1697 81 29 Man
1209 1698 118 38 syntes
1351 1696 120 30 därför
1496 1696 121 29 kunna

111 1748 83 40 utgå
214 1748 95 30 ifrån
329 1750 50 28 att
400 1758 42 20 en
464 1748 134 30 förares
620 1748 161 39 förmåga
800 1749 51 29 att
872 1747 45 40 på
938 1749 48 28 ett
1006 1748 235 39 betryggande
1263 1748 68 29 sätt
1353 1747 173 30 framföra
1547 1747 69 29 for-

111 1799 104 29 donet
235 1809 73 20 som
327 1799 92 39 regel
437 1808 81 21 vore
537 1799 139 29 nedsatt
694 1799 58 30 vid
770 1798 341 30 blodalkoholhalter
1129 1798 45 40 på
1192 1798 162 38 omkring
1374 1798 50 33 0,5
1444 1797 171 40 promille.

156 1849 238 39 Utredningen
415 1849 215 34 framhåller,
652 1850 50 28 att
723 1858 42 21 av
786 1849 109 29 sådan
915 1848 180 39 påverkan
1115 1857 75 20 som
1212 1847 136 31 medför
1368 1848 92 30 ökad
1482 1848 134 38 olycks-

112 1899 74 29 risk
212 1899 219 30 förekomma
457 1899 88 29 både
570 1898 259 39 jämförelsevis
856 1899 78 38 låga
961 1898 65 29 och
1064 1898 139 38 mycket
1241 1898 90 38 höga
1369 1898 133 38 grader.
1541 1898 75 29 Den

111 1949 221 39 brottslighet
350 1958 75 20 som
444 1959 83 20 man
544 1949 81 29 ville
643 1949 118 30 beivra
779 1948 160 39 inrymde
959 1948 148 30 sålunda
1126 1948 10 29 i
1157 1948 51 40 sig
1226 1948 65 29 vitt
1310 1946 114 32 skilda
1443 1948 174 29 svårhets-

112 2000 132 37 grader.
266 2000 53 29 En
340 1999 281 40 differentiering
641 1999 130 30 mellan
792 1999 94 30 olika
906 1999 213 39 brottstyper
1141 1998 93 39 finge
1256 1998 119 30 därför
1396 1998 220 30 fortfarande

111 2058 101 21 anses
238 2049 174 39 påkallad.
439 2051 13 29 I
479 2049 152 40 enlighet
657 2050 146 29 härmed
829 2050 64 29 har
919 2048 233 40 utredningen
1178 2048 10 29 i
1215 2048 59 30 sitt
1301 2048 130 39 förslag
1456 2047 161 41 upptagit

112 2100 57 29 två
191 2100 93 29 olika
304 2100 386 38 brottsbestämningar.

156 2150 65 29 Det
241 2151 120 38 grövre
380 2150 138 33 brottet,
538 2149 197 39 rattfylleri,
755 2149 277 30 karakteriseras
1052 2149 10 28 i
1083 2149 250 39 utredningens
1354 2149 131 38 förslag
1505 2158 42 20 av
1567 2149 50 29 att

112 2200 141 29 föraren
276 2200 90 29 varit
390 2200 38 29 så
452 2199 177 39 påverkad
654 2209 42 20 av
721 2200 120 29 starka
865 2199 149 39 drycker
1039 2201 50 27 att
1113 2199 69 30 han
1207 2199 141 38 företett
1374 2198 121 30 tecken
1521 2198 95 30 därå.

112 2249 152 30 Härmed
289 2258 99 20 avser
412 2250 242 38 utredningen,
679 2251 50 27 att
754 2249 159 29 förarens
937 2249 178 39 påverkan
1141 2249 88 29 skall
1254 2249 45 28 ha
1323 2248 69 39 röjt
1417 2248 51 38 sig
1493 2257 124 30 genom

115 2299 131 29 sådana
275 2299 132 33 tecken,
437 2309 74 19 som
540 2300 121 28 kunna
689 2300 139 38 styrkas
858 2299 79 29 med
966 2299 41 29 de
1035 2298 10 29 i
1074 2298 389 39 trafiknykterhetsmål
1492 2298 126 29 hittills

113 2349 126 37 gängse
262 2349 244 29 bevismedlen.
532 2349 121 29 Såsom
676 2349 55 29 för
754 2349 219 29 närvarande
997 2357 102 21 anser
1122 2348 232 38 utredningen
1377 2357 43 20 en
1442 2348 175 39 promille-

113 2399 91 37 regel
230 2408 82 21 vara
339 2399 207 40 erforderlig
573 2399 55 29 för
655 2400 50 28 att
731 2398 209 39 möjliggöra
968 2399 217 29 utkrävande
1213 2407 42 20 av
1283 2407 125 21 ansvar
1436 2398 43 30 då
1508 2398 108 29 sådan

113 2448 186 39 påverkan,
322 2458 74 20 som
417 2449 64 29 här
501 2458 109 25 avses,
633 2449 78 29 med
732 2449 46 29 all
798 2449 163 29 säkerhet
982 2448 167 40 förelegat
1170 2457 79 20 men
1271 2448 74 29 icke
1367 2448 136 30 kunnat
1524 2448 93 29 inför
