1888 2800
523 173 378 35 Jordbruksutskottets
923 177 177 32 utlåtande
1124 189 42 21 nr
1192 180 49 30 68.
1620 181 14 29 1

799 473 60 39 Nr
883 473 62 40 68.

723 586 108 24 Ankom
849 587 42 23 till
911 588 156 30 riksdagens
1086 590 87 23 kansli
1193 591 50 23 den
1263 589 16 25 8
1297 592 59 29 juni
1379 590 63 26 1945
1462 594 35 24 kl.
1516 593 15 24 4
1551 602 50 17 em.

350 675 182 33 Utlåtande
553 679 11 29 i
584 678 186 39 anledning
792 691 42 21 av
857 682 122 38 Kungl.
1004 684 120 37 Maj:ts
1148 688 215 35 proposition
1382 689 178 37 angående
1584 702 49 21 er-

568 730 149 37 sättning
736 731 57 36 för
810 732 129 31 skador
957 734 51 30 till
1029 735 90 37 följd
1139 746 42 20 av
1202 738 214 32 Tämnarens
1438 740 195 33 översväm-

568 780 84 37 ning
668 790 44 23 m,
732 791 44 22 m.

1407 840 68 40 (1:a
1492 839 90 40 avd.)

172 927 13 29 I
204 936 43 21 en
263 927 52 31 till
334 928 185 38 riksdagen
538 931 68 30 den
627 932 41 30 20
689 932 88 36 april
799 935 82 30 1945
901 935 146 37 avlåten,
1067 938 51 30 till
1138 938 355 37 jordbruksutskottet
1511 944 121 31 hänvi-

128 978 61 29 sad
206 978 223 38 proposition,
447 989 42 21 nr
509 982 73 35 278,
603 982 66 30 har
687 983 121 37 Kungl.
830 985 110 37 Maj:t,
958 987 111 30 under
1085 987 221 39 åberopande
1324 1001 43 21 av
1383 993 107 37 bilagt
1508 995 126 37 utdrag

126 1037 42 20 av
185 1028 374 37 statsrådsprotokollet
577 1033 82 29 över
673 1033 342 37 jordbruksärenden
1030 1038 56 31 för
1102 1049 135 23 samma
1255 1041 76 37 dag,
1353 1042 176 39 föreslagit
1545 1045 86 32 riks-

126 1078 111 37 dagen
258 1082 50 28 att
328 1080 50 30 till
399 1081 126 37 Bidrag
548 1082 51 32 till
617 1084 191 37 ersättning
829 1086 56 30 för
904 1088 129 30 skador
1051 1097 126 28 genom
1201 1091 214 34 Tämnarens
1437 1096 194 32 översväm-

126 1129 83 37 ning
227 1129 55 31 för
300 1130 202 37 budgetåret
521 1130 138 37 1945/46
677 1135 111 30 under
803 1136 127 32 nionde
951 1139 218 32 huvudtiteln
1188 1142 120 32 anvisa
1326 1147 46 28 ett
1388 1143 243 46 reservations-

127 1180 120 37 anslag
263 1190 43 21 av
327 1182 63 30 225
404 1183 63 30 000
486 1183 140 32 kronor.

172 1281 112 31 Sedan
309 1285 48 28 ett
381 1282 145 39 tjugotal
549 1284 40 32 år
612 1286 143 32 tillbaka
780 1287 89 38 pågå
893 1291 301 38 undersökningar
1216 1295 55 29 för
1294 1297 275 35 genomförande
1592 1309 42 20 av

127 1335 47 28 ett
195 1332 133 37 företag
353 1333 55 31 för
429 1335 170 37 reglering
620 1346 43 21 av
684 1338 253 32 vattenståndet
961 1342 10 29 i
994 1341 77 37 sjön
1096 1343 196 32 Tämnaren
1317 1347 65 29 och
1406 1347 75 30 dess
1507 1349 126 38 avlopp

128 1392 45 22 m.
198 1393 44 20 m.
266 1383 11 30 i
305 1383 152 37 Uppsala
481 1386 65 30 och
572 1385 267 35 Västmanlands
864 1390 67 36 län,
959 1393 170 31 avseende
1152 1396 50 28 att
1225 1395 127 32 bereda
1378 1397 180 39 möjlighet
1582 1399 52 31 till

127 1434 112 30 bättre
271 1435 236 37 torrläggning
541 1437 65 30 och
643 1437 84 32 råda
754 1440 59 30 bot
836 1444 72 27 mot
931 1442 305 39 översvämningar
1259 1445 22 31 å
1305 1449 92 28 stora
1420 1448 124 31 odlade
1568 1450 66 30 och

126 1484 147 31 oodlade
292 1484 167 31 områden
479 1486 146 37 belägna
647 1488 101 39 kring
770 1490 82 30 eller
871 1491 55 30 för
948 1492 54 31 sin
1024 1494 234 37 torrläggning
1278 1496 172 32 beroende
1470 1507 44 22 av
1534 1499 100 31 dessa

127 1535 212 36 vattendrag.
373 1535 132 31 Genom
525 1537 111 30 beslut
657 1547 43 22 av
723 1540 94 36 1933,
842 1541 83 31 1938
947 1543 65 29 och
1037 1544 81 29 1941
1140 1542 56 33 års
1218 1544 182 39 riksdagar
1420 1547 64 31 har
1505 1549 128 37 medgi-

127 1585 75 36 vits,
226 1588 49 28 att
301 1585 50 31 till
376 1586 221 32 bestridande
621 1597 42 21 av
688 1589 234 33 kostnaderna
945 1592 55 31 för
1024 1594 154 30 nämnda
1202 1595 309 39 undersökningar,
1540 1599 93 31 vilka

128 1635 132 31 utföras
288 1644 43 22 av
353 1639 130 28 statens
512 1638 343 39 lantbruksingenjör
880 1641 9 30 i
917 1641 268 33 Västmanlands
1212 1646 59 29 län
1298 1646 41 30 H.
1368 1642 264 48 Welin-Berger,

131 1686 93 36 finge
254 1686 80 31 från
365 1692 127 26 statens
522 1689 330 38 avdikningsanslag
882 1693 137 30 anvisas
1050 1694 145 36 tillhopa
1225 1696 101 36 högst
1359 1698 116 30 71000
1505 1700 131 30 kronor

138 1737 143 37 (motion
311 1738 43 30 II:
371 1735 157 40 53/1933;
557 1750 25 20 r.
613 1741 68 30 skr.
711 1751 42 20 nr
783 1739 173 41 156/1933,
987 1753 96 27 prop.
1113 1755 42 20 nr
1198 1743 178 40 179/1938;
1417 1758 25 20 r.
1485 1751 67 30 skr.
1593 1761 42 20 nr

131 1782 171 43 184/1938,
325 1797 98 28 prop.
446 1799 43 20 nr
513 1785 140 43 60/1941
677 1792 112 35 punkt
813 1794 32 34 2;
868 1802 27 21 r.
921 1794 68 30 skr.
1014 1804 42 21 nr
1077 1791 170 44 98/1941).
1271 1797 125 32 Vidare
1422 1799 66 31 har
1510 1792 123 51 Kungl.

129 1837 102 37 Maj:t
249 1838 11 30 i
279 1840 214 38 proposition
514 1851 43 21 nr
576 1842 62 30 105
657 1842 113 36 punkt
779 1833 21 54 2
831 1844 50 30 till
899 1843 89 32 årets
1010 1845 141 38 riksdag
1169 1846 186 39 föreslagit,
1378 1853 50 27 att
1446 1849 80 33 från
1543 1860 90 22 sam-

129 1897 56 23 ma
204 1889 120 36 anslag
341 1893 47 28 ett
405 1891 126 39 belopp
548 1901 43 21 av
609 1893 194 36 ytterligare
822 1895 99 36 högst
942 1897 38 29 10
994 1896 64 30 000
1076 1897 129 30 kronor
1221 1898 107 32 måtte
1345 1900 137 31 anvisas
1502 1901 57 31 för
1575 1903 59 29 än-

126 1939 159 31 damålet.

174 2015 116 31 Under
326 2015 40 32 år
404 2018 82 29 1944
523 2019 189 32 inträffade
737 2022 217 37 synnerligen
982 2024 217 31 omfattande
1224 2026 65 30 och
1315 2026 198 39 långvariga
1539 2029 94 30 över-

128 2066 222 37 svämningar
370 2076 44 21 av
435 2068 205 37 Tämnaren,
665 2070 198 37 varigenom
888 2073 42 30 de
951 2073 100 38 kring
1073 2074 76 37 sjön
1171 2076 65 29 och
1256 2076 78 31 dess
1356 2078 126 37 avlopp
1506 2078 128 38 liggan-

129 2116 41 30 de
205 2117 184 31 markerna
426 2118 194 37 tillfogades
656 2121 127 30 skador
807 2122 10 29 i
841 2123 196 35 betydande
1061 2125 249 37 utsträckning.
1345 2127 78 30 Med
1448 2128 187 38 anledning

133 2168 107 28 härav
270 2168 45 30 ha
346 2168 234 32 ordföranden
614 2170 8 29 i
657 2170 76 36 sjön
765 2171 213 32 Tämnarens
1011 2174 328 38 sänkningsföretag
1370 2177 73 30 Joel
1475 2178 159 36 Jansson,

129 2226 44 20 m.
196 2216 46 37 fl.,
263 2218 9 30 i
291 2218 164 31 skrivelse
473 2219 10 30 i
504 2220 136 36 augusti
663 2221 82 30 1944
768 2221 50 30 till
841 2222 122 37 Kungl.
986 2223 101 37 Maj:t
1108 2225 184 36 hemställt,
1314 2229 49 29 att
1383 2228 190 38 ersättning
1592 2238 42 20 av

130 2267 196 30 statsmedel
346 2267 105 31 måtte
472 2268 224 32 tillerkännas
718 2271 41 30 de
780 2271 239 38 jordbrukare,
1043 2284 74 20 som
1142 2273 145 32 sålunda
1309 2275 175 31 åsamkats
1507 2278 126 30 ekono-

129 2316 111 30 miska
259 2317 170 30 förluster.
463 2318 207 33 Sökandena
688 2321 45 29 ha
753 2321 108 30 tillika
879 2321 155 38 anhållit,
1054 2326 48 27 att
1120 2324 442 38 undersökningsarbetena
1581 2328 52 28 rö-

134 2367 105 29 rande
266 2368 354 36 regleringsföretaget
647 2371 212 31 omedelbart
888 2371 106 31 måtte
1021 2373 164 31 slutföras
1213 2379 90 26 samt
1331 2379 48 26 att
1407 2375 110 36 själva
1547 2377 87 30 före-

130 2419 89 34 taget
245 2416 106 32 måtte
380 2418 94 36 givas
500 2428 43 21 en
573 2418 108 32 sådan
711 2422 360 37 angelägenhetsgrad,
1102 2425 48 28 att
1179 2424 192 32 detsamma
1399 2426 79 30 med
1508 2426 126 31 minsta

130 2466 140 37 möjliga
288 2467 210 32 tidsutdräkt
516 2469 116 31 kunde
650 2470 140 31 komma
809 2471 48 30 till
876 2472 194 31 utförande.
1103 2473 180 36 Härjämte
1303 2475 63 30 har
1388 2475 152 37 Uppsala
1560 2477 74 29 läns

171 2532 111 31 Bihang
292 2533 43 25 till
346 2533 167 31 riksdagens
525 2534 145 31 protokoll
685 2536 72 24 1945.
780 2536 31 24 10
823 2536 79 24 saml.
925 2537 37 22 Nr
979 2536 107 24 68—70.
1589 2539 9 24 1
