1868 2774
258 153 43 31 84
672 154 285 33 Statsutskottets
983 154 180 32 utlåtande
1187 163 43 26 nr
1256 156 73 32 115.

303 233 75 31 Vad
396 234 107 39 angår
524 233 240 32 lokalbehaovet
784 234 57 39 för
860 234 355 40 polisskoleväsendet
1236 236 103 34 anför
1360 237 386 39 departementschefen

258 287 52 29 att
329 286 265 31 huvudskolans
615 287 130 31 lokaler
764 287 73 31 inte
857 288 138 39 medger
1016 290 51 29 att
1086 288 24 30 f.
1131 298 32 20 n.
1183 289 52 30 till
1257 289 202 35 Stockholm
1480 291 156 40 förlägga
1656 291 88 30 flera

257 340 46 29 än
320 341 41 29 de
380 340 16 29 7
414 340 226 40 avdelningar
656 351 41 20 av
712 341 357 40 konstapelsklassen,
1088 352 74 21 som
1179 344 236 32 innevarande
1432 344 170 39 budgetår
1620 345 124 30 under-

257 392 93 31 visas
367 394 56 30 vid
438 394 116 29 denna
571 394 107 30 skola.
708 394 183 39 Härjämte
908 395 150 31 föreslår
1074 396 395 39 departementschefen,
1487 399 51 28 att
1555 398 45 39 på
1618 398 124 39 Kungl.

257 445 106 40 Maj:t
384 446 87 30 skall
492 447 37 31 få
550 447 189 31 ankomma
759 449 52 29 att
831 449 106 38 pröva
958 449 41 30 de
1021 448 333 41 ersättningsfrågor
1376 450 54 30 för
1450 450 292 32 tillhandahållna

256 498 133 34 lokaler
414 500 64 29 och
501 499 72 31 viss
599 499 290 42 skolutrustning,
916 510 75 23 som
1016 502 72 31 kan
1112 502 225 39 uppkomma.
1375 503 13 33 I
1413 503 179 36 motionen
1618 504 44 36 II:
1679 504 62 30 665

256 551 158 36 föreslås,
437 555 50 29 att
508 553 186 39 riksdagen
715 554 108 30 måtte
845 554 135 31 besluta
1001 557 52 28 att
1074 556 11 30 i
1108 556 165 32 skrivelse
1296 556 52 30 till
1371 556 125 40 Kungl.
1520 557 105 40 Maj:t
1647 558 95 30 hem-

255 604 113 36 ställa,
389 608 50 27 att
458 605 127 41 Kungl.
606 607 104 39 Maj:t
730 608 108 29 måtte
860 610 151 38 upptaga
1031 608 124 40 frågan
1176 619 56 20 om
1253 609 221 41 lokalfrågan
1496 611 56 30 vid
1573 611 168 39 polissko-

255 657 100 33 lorna
378 659 51 30 till
452 659 216 41 vederbörlig
689 660 181 40 prövning.
905 661 51 32 Då
979 662 171 32 utskottet
1173 662 216 35 förutsätter,
1413 665 50 28 att
1487 664 125 39 Kungl.
1636 664 106 39 Maj:t

254 712 110 39 ägnar
385 711 261 41 lokalfrågorna
668 713 206 41 erforderlig
896 716 323 38 uppmärksamhet,
1244 717 37 31 så
1306 719 50 28 att
1380 717 75 30 icke
1481 717 260 42 utbildningens

253 764 213 41 omfattning
489 765 85 32 eller
596 766 143 32 kvalitet
762 768 185 40 äventyras
971 776 126 31 genom
1119 769 124 30 brister
1267 771 11 29 i
1302 770 95 32 detta
1420 771 180 34 avseende,
1626 772 37 29 är
1688 772 53 28 ut-

254 817 131 32 skottet
402 819 75 30 icke
495 819 112 31 berett
625 823 49 28 att
692 820 178 41 tillstyrka
887 831 42 20 en
948 822 167 30 skrivelse
1133 833 41 20 av
1192 824 11 30 i
1221 823 179 30 motionen
1418 825 139 38 angivet
1575 824 164 31 innehåll.

298 871 125 39 Kungl.
446 872 125 39 Maj:ts
594 872 130 42 förslag
746 875 11 29 i
780 873 100 40 fråga
903 884 56 20 om
982 875 308 41 decentralisering
1311 886 44 20 av
1379 876 68 31 viss
1471 877 57 31 del
1549 887 44 20 av
1616 878 124 31 under-

254 923 181 40 visningen
453 925 157 36 innebär,
630 928 49 28 att
696 936 68 31 nya
784 927 208 31 filialskolor
1012 930 79 29 med
1109 930 145 30 vardera
1273 930 58 30 två
1350 930 226 42 avdelningar
1595 941 42 20 av
1654 932 86 28 kon-

252 977 274 39 stapelsklassen
544 979 89 37 skall
649 980 148 31 inrättas
814 982 11 29 i
842 981 230 42 Norrköping,
1091 981 127 33 Örehro
1236 983 65 30 och
1317 983 103 30 Gävle
1439 986 92 28 samt
1548 987 50 30 att
1616 984 123 30 skolan

251 1031 12 29 i
291 1031 129 30 Malmö
446 1031 90 30 skall
564 1033 124 31 utökas
716 1034 79 31 med
824 1034 57 30 två
908 1034 236 40 avdelningar.
1184 1035 64 31 Vid
1278 1036 370 40 avdelningsskolorna
1677 1038 61 29 bör

250 1083 133 39 jämväl
398 1085 121 30 kunna
536 1087 174 29 anordnas
726 1087 386 41 fortbildningskurser.
1141 1089 13 31 I
1171 1090 219 30 motionerna
1407 1090 28 29 1:
1451 1091 64 29 512
1533 1091 64 29 och
1614 1091 45 29 II:
1675 1090 62 33 660

250 1136 67 30 har
338 1137 120 39 yrkats
480 1140 52 28 att
554 1139 186 40 riksdagen
762 1140 80 30 ville
864 1140 135 32 besluta
1023 1144 51 28 att
1097 1142 65 30 den
1186 1142 199 40 föreslagna
1408 1143 329 42 avdelningsskolan

249 1189 11 29 i
284 1189 220 41 Norrköping
528 1191 11 29 i
563 1192 114 30 stället
700 1193 89 30 skall
814 1193 174 41 förläggas
1013 1194 52 30 till
1088 1194 208 42 Linköping.

294 1243 186 35 Utskottet,
505 1253 76 21 som
603 1244 174 32 inhämtat
800 1247 161 33 närmare
986 1247 175 41 uppgifter
1184 1249 11 28 i
1218 1248 154 35 ärendet,
1396 1249 117 30 finner
1537 1250 121 29 skälen
1681 1250 54 29 för

248 1304 45 21 en
321 1296 219 41 förläggning
569 1297 52 30 till
649 1298 196 41 Linköping
873 1301 87 39 väga
987 1302 122 38 tyngre
1137 1302 45 29 än
1210 1302 123 30 skälen
1361 1302 54 30 för
1443 1312 42 20 en
1517 1302 218 40 förläggning

248 1348 53 34 till
333 1350 231 40 Norrköping.
597 1351 51 30 Då
679 1352 232 39 utredningen
941 1354 150 32 rörande
1122 1354 41 30 de
1195 1355 79 30 med
1305 1355 42 30 de
1378 1355 94 31 olika
1504 1356 231 31 alternativen

249 1402 165 31 förenade
439 1403 238 31 kostnaderna
701 1414 45 20 m.
772 1415 46 20 m.
843 1405 75 31 icke
943 1407 39 30 är
1007 1406 202 40 tillräckligt
1234 1407 206 40 fullständig
1467 1409 55 30 för
1547 1411 50 28 att
1622 1409 111 30 tillåta

246 1457 51 28 ett
323 1456 176 30 definitivt
526 1457 398 41 ståndpunktstagande,
952 1459 161 30 förordar
1139 1460 171 31 utskottet
1337 1461 105 30 likväl
1469 1463 52 28 att
1546 1462 188 40 riksdagen

247 1508 12 30 i
278 1509 188 40 anledning
486 1519 42 21 av
548 1510 218 32 motionerna
786 1512 11 29 i
818 1512 165 30 skrivelse
1003 1512 53 30 till
1076 1513 124 42 Kungl.
1220 1514 107 39 Maj:t
1348 1514 166 35 anhåller,
1536 1517 51 28 att
1607 1515 124 42 Kungl.

246 1562 118 39 Maj:t,
391 1563 78 29 med
496 1563 194 35 beaktande
717 1574 43 20 av
786 1565 66 31 vad
881 1565 170 31 utskottet
1077 1565 126 36 anfört,
1230 1568 97 38 tager
1354 1567 114 31 denna
1495 1567 99 40 fråga
1623 1569 109 31 under

247 1615 142 39 förnyat
412 1617 248 39 övervägande.

290 1669 393 39 Departementschefen
706 1670 149 31 föreslår
877 1672 278 42 nyanskaffning
1178 1683 43 20 av
1242 1673 310 31 kriminalteknisk
1577 1675 157 30 materiel

245 1722 66 29 och
337 1722 278 31 skrivmaskiner
642 1723 53 31 för
721 1723 148 41 tillhopa
896 1725 117 30 90000
1042 1726 138 35 kronor,
1209 1736 81 21 men
1318 1736 101 22 anser
1448 1731 50 27 att
1526 1728 207 40 nyanskaff-

246 1774 129 40 ningen
402 1778 85 28 utan
514 1776 182 39 olägenhet
722 1778 72 29 kan
822 1778 68 30 slås
917 1781 37 28 ut
981 1779 45 39 på
1053 1780 56 29 två
1135 1779 178 40 budgetår,
1341 1781 117 29 varför
1485 1782 247 29 medelsanvis-

245 1827 130 40 ningen
396 1828 54 31 för
470 1829 204 40 budgetåret
697 1830 140 37 1954/55
860 1839 103 33 anges
985 1831 54 30 till
1060 1832 40 34 45
1115 1833 62 30 000
1198 1833 141 32 kronor.
1373 1835 12 28 I
1407 1834 179 31 motionen
1607 1835 44 29 II:
1668 1835 61 30 665

245 1881 131 31 uttalas
397 1884 50 28 att
466 1883 157 40 anslaget
643 1885 11 29 i
674 1884 78 30 dess
772 1884 117 32 helhet
909 1885 62 30 bör
992 1886 83 40 utgå
1096 1887 109 29 under
1226 1888 102 30 nästa
1349 1887 169 40 budgetår
1540 1889 64 30 och
1625 1889 105 38 yrkas

243 1934 122 31 därför
383 1945 42 20 en
443 1937 225 40 uppräkning
685 1946 42 21 av
744 1938 58 29 det
821 1948 42 20 av
882 1939 383 39 departementschefen
1285 1940 197 33 beräknade
1503 1941 156 39 anslaget
1678 1941 50 29 till

243 1987 235 40 polisskolans
501 1989 249 31 omkostnader
772 2008 44 3 —
840 1991 61 29 292
915 1991 63 30 000
1002 1992 130 30 kronor
1154 2010 43 3 —
1219 1993 52 29 till
1296 1993 61 30 337
1373 1994 62 29 000
1459 1995 141 33 kronor,
1624 1995 105 29 därav

242 2039 42 31 40
300 2040 62 30 000
384 2042 129 30 kronor
534 2044 51 28 att
605 2043 172 31 avräknas
799 2047 73 28 mot
893 2045 457 31 automobilskattemedlen.
1384 2047 51 30 Då
1456 2048 273 38 departements-

241 2093 145 33 chefens
407 2095 131 42 förslag
559 2096 138 41 medger
717 2106 43 20 en
780 2098 169 42 väsentlig
969 2098 210 42 förbättring
1199 2109 43 20 av
1260 2100 234 39 polisskolans
1517 2102 210 32 utrustning,

241 2148 184 39 avstyrker
444 2149 172 31 utskottet
634 2150 94 32 detta
747 2151 156 39 yrkande
924 2152 11 30 i
956 2152 188 30 motionen.

286 2201 227 31 Beträffande
528 2202 243 40 fördelningen
787 2203 128 31 mellan
932 2207 115 28 staten
1062 2206 64 29 och
1141 2206 278 39 polisdistrikten
1434 2217 44 20 av
1494 2208 234 40 ersättningar

242 2253 54 30 till
313 2253 111 31 elever
442 2255 56 30 vid
515 2257 133 29 statens
666 2256 191 40 polisskola
875 2257 145 31 innebär
1039 2259 403 39 departementschefens
1462 2260 142 40 förslag,
1625 2261 102 30 såvitt

240 2307 111 39 angår
367 2308 109 30 elever
493 2309 10 29 i
520 2309 356 39 konstapelsklassen,
894 2313 49 28 att
960 2314 115 31 staten
1092 2313 87 29 skall
1197 2322 100 21 svara
1314 2313 54 31 för
1385 2315 152 29 arvoden
1554 2314 52 31 till
1623 2317 104 27 samt-

240 2358 70 41 liga
335 2360 120 35 elever,
482 2371 80 21 men
589 2364 49 28 att
663 2363 40 29 de
729 2363 243 40 polisdistrikt,
1000 2374 76 24 som
1100 2365 74 31 icke
1200 2367 38 33 är
1264 2366 213 40 berättigade
1503 2367 52 30 till
1581 2367 145 33 allmänt

240 2413 212 42 statsbidrag
471 2415 143 38 jämlikt
638 2416 37 30 15
700 2416 15 37 $
740 2417 18 29 2
781 2426 105 22 mom.
908 2417 99 40 lagen
1031 2428 57 20 om
1110 2419 256 39 polisväsendet
1388 2421 11 29 i
1421 2420 100 35 riket,
1547 2421 88 29 skall
1657 2421 69 30 del-

239 2468 82 37 taga
336 2468 10 29 i
363 2468 40 29 de
422 2468 263 40 sammanlagda
701 2470 384 32 arvodeskostnaderna
1102 2472 105 40 enligt
1225 2473 236 30 förhållandet
1478 2473 130 31 mellan
1625 2474 100 31 dessa

239 2519 252 39 polisdistrikts
510 2520 252 41 polispersonal
783 2523 55 30 för
856 2526 73 37 eget
948 2524 113 31 behov
1078 2542 43 3 —
1139 2526 31 29 d.
1190 2535 29 20 v.
1241 2535 25 21 s.
1286 2526 146 30 bortsett
1452 2527 80 30 från
1552 2527 173 40 statspoli-
