1900 2780
305 185 42 30 44
628 181 297 34 Statsutskottets
944 180 186 35 utlåtande
1151 193 41 21 nr
1210 181 29 32 B
1261 182 45 39 48
1326 181 37 33 år
1384 182 89 31 1958

309 261 130 43 görelse
455 261 53 34 för
525 261 137 35 antalet
678 261 211 34 studerande
903 262 47 41 på
965 261 94 33 olika
1074 261 141 39 stadier,
1231 261 135 33 antalet
1383 259 413 42 undervisningstimmar

307 314 55 34 för
393 315 97 42 varje
520 315 224 40 studerande,
775 314 484 43 undervisningsgruppernas
1288 314 166 41 lämpliga
1482 313 132 34 storlek
1643 312 65 34 och
1738 312 59 34 det

287 368 134 34 "totala
444 368 135 34 antalet
600 368 224 42 erforderliga
846 367 423 43 undervisningstimmar.
1291 367 80 34 Den
1392 367 221 33 sistnämnda
1634 378 162 22 summan

308 421 64 34 har
392 423 38 33 så
449 421 172 35 minskats
642 422 79 34 med
741 421 58 34 det
819 422 97 33 antal
935 421 424 42 undervisningstimmar,
1377 432 76 22 som
1469 420 73 34 kan
1561 420 171 34 bestridas
1752 431 44 22 av

309 475 67 34 den
396 475 53 34 till
468 474 207 43 förfogande
694 475 144 34 stående
857 474 309 43 lärarpersonalen,
1186 474 65 33 och
1270 474 132 34 bristen
1421 473 64 34 har
1503 474 108 33 sedan
1629 472 167 34 fördelats

309 529 46 41 på
372 528 93 34 olika
480 528 254 43 lärartjänster,
750 541 76 21 som
842 541 46 21 av
902 528 225 34 konsistoriet
1143 529 142 41 begäres
1300 527 227 43 nyinrättade
1542 527 78 33 från
1637 526 64 34 och
1716 527 80 32 med

308 585 103 31 nästa
436 582 184 42 budgetår.
645 582 56 34 En
725 581 165 35 liknande
913 582 123 34 teknik
1061 582 179 33 användes
1264 594 45 21 av
1332 580 234 43 utredningen
1591 580 58 34 vid
1673 580 122 34 beräk-

309 635 171 43 ningarna
502 648 45 21 av
569 636 246 34 lärarbehovet
836 636 11 33 i
869 639 150 31 ämnena
1040 635 222 40 matematik,
1282 634 94 43 fysik
1397 634 65 34 och
1483 634 169 34 teoretisk
1672 633 94 43 fysik
1787 633 10 33 i

310 689 248 43 utredningens
589 689 260 43 framställning
881 689 180 43 angående
1092 689 171 34 särskilda
1293 687 420 43 förstärkningsåtgärder
1744 688 54 32 för

310 744 100 33 dessa
427 747 138 30 ämnen.
581 743 57 34 En
640 737 17 52 i
680 743 135 42 princip
831 743 165 34 liknande
1010 743 121 34 metod
1147 743 63 33 har
1224 742 152 34 kommit
1391 742 52 34 till
1459 741 229 42 användning
1702 741 95 33 inom

309 796 67 34 den
397 796 259 35 humanistiska
676 797 198 34 fakulteten
894 797 59 33 vid
973 796 222 34 Stockholms
1216 795 178 43 högskola,
1415 795 45 34 då
1479 795 61 34 det
1559 795 86 42 gällt
1664 799 54 29 att
1737 794 59 33 be-

312 850 110 34 räkna
451 850 211 42 högskolans
691 850 115 34 behov
835 863 46 21 av
910 849 400 43 undervisningslokaler
1339 849 58 33 vid
1427 861 43 21 en
1498 848 214 34 kommande
1742 853 54 28 ut-

310 903 175 43 byggnad.

355 956 241 42 Utredningen
616 956 61 34 vill
696 969 46 21 nu
762 956 150 40 förorda,
932 961 54 30 att
1003 957 45 34 de
1066 956 195 34 filosofiska
1277 955 240 34 fakulteterna
1535 955 147 34 allmänt
1701 958 96 30 över-

309 1011 62 40 går
390 1010 52 33 till
461 1010 100 33 detta
579 1015 134 37 system
731 1010 54 34 för
803 1009 311 43 undervisningens
1131 1009 248 43 planläggning
1396 1008 65 34 och
1477 1008 151 34 sålunda
1645 1009 38 33 så
1701 1013 97 29 snart

310 1075 76 21 som
404 1063 137 42 möjligt
560 1067 49 36 är,
627 1063 66 34 och
711 1064 10 33 i
739 1063 98 42 varje
853 1063 62 34 fall
932 1063 54 34 för
1003 1063 295 42 undervisningen
1314 1065 11 33 i
1343 1063 42 33 de
1402 1067 96 29 stora
1515 1062 282 42 undervisnings-

310 1120 161 37 ämnena,
493 1117 90 34 låter
604 1117 166 34 utarbeta
790 1117 401 42 undervisningsplaner,
1211 1129 76 21 som
1308 1117 106 33 sedan
1434 1116 72 34 kan
1527 1128 46 21 av
1594 1116 43 33 de
1657 1115 142 42 statliga

309 1169 294 44 myndigheterna
625 1171 170 42 godtagas
816 1183 75 21 som
913 1171 111 42 grund
1045 1170 55 34 för
1118 1169 338 43 dimensioneringen
1477 1182 46 21 av
1543 1169 254 34 fakulteternas

311 1223 66 34 och
392 1224 41 34 de
449 1224 93 34 olika
557 1228 167 30 ämnenas
740 1225 253 34 lärarresurser.

356 1277 69 33 För
445 1282 54 29 att
518 1277 124 34 kunna
660 1277 87 42 fylla
766 1277 63 34 sitt
849 1277 162 34 ändamål
1031 1282 56 29 att
1107 1280 124 39 utgöra
1250 1276 111 42 själva
1382 1276 218 43 grundvalen
1619 1276 54 33 för
1691 1277 106 32 lärar-

311 1342 214 22 resursernas
542 1330 292 43 dimensionering
848 1331 11 33 i
874 1335 53 29 ett
942 1334 103 30 ämne
1059 1331 126 39 måste,
1199 1330 202 33 framhåller
1415 1330 244 42 utredningen,
1674 1330 124 33 under-

311 1383 285 43 visningsplanen
611 1396 42 30 ge
668 1397 42 21 en
725 1384 156 34 adekvat
895 1383 226 43 beskrivning
1136 1396 45 21 av
1196 1384 66 33 den
1277 1383 222 42 erforderliga
1513 1375 284 50 undervisnings-

310 1437 223 34 standarden.
557 1437 130 43 Någon
711 1437 287 43 reglementering
1021 1438 10 33 i
1055 1437 148 42 detaljer
1226 1441 38 30 är
1287 1438 60 35 det
1369 1437 160 34 däremot
1551 1436 152 43 givetvis
1723 1437 76 33 icke

311 1490 99 43 fråga
426 1503 71 22 om.
515 1491 79 34 Vad
613 1492 61 33 det
692 1491 105 42 gäller
815 1495 39 30 är
871 1491 108 42 enligt
996 1491 232 42 utredningen
1247 1495 55 30 att
1319 1491 10 33 i
1347 1496 95 29 stora
1460 1491 86 42 drag
1562 1490 174 34 fastställa
1756 1502 42 21 en

312 1556 76 21 ram
401 1544 54 34 för
469 1544 305 43 undervisningen,
788 1557 76 22 som
877 1545 71 33 kan
961 1545 118 41 läggas
1093 1545 53 33 till
1160 1545 113 41 grund
1286 1544 54 33 för
1353 1544 238 42 beräkningen
1606 1556 45 22 av
1665 1544 134 33 antalet

311 1597 223 43 erforderliga
553 1598 254 41 lärartjänster.

356 1651 18 33 I
399 1650 395 43 undervisningsplanen
819 1652 113 32 måste
956 1650 101 40 dock,
1081 1650 101 34 anför
1204 1651 230 42 utredningen
1457 1651 131 39 vidare,
1613 1663 103 30 anges
1740 1651 57 33 det

312 1705 97 33 antal
430 1703 424 43 undervisningstimmar,
877 1717 75 21 som
972 1705 109 33 minst
1103 1704 88 34 skall
1212 1705 121 34 ställas
1353 1705 53 34 till
1427 1704 98 42 varje
1546 1704 162 34 students
1728 1704 70 33 för-

311 1757 159 43 fogande.
494 1758 56 34 En
574 1758 215 42 uppdelning
811 1770 45 21 av
880 1759 100 33 detta
1002 1758 166 34 timantal
1190 1759 46 41 på
1258 1758 93 33 olika
1373 1758 426 42 undervisningsmoment

311 1812 115 33 såsom
452 1811 262 42 föreläsningar,
739 1811 212 40 seminarier,
976 1810 171 36 lektioner
1172 1811 65 34 och
1263 1811 343 34 diskussionscirklar
1631 1815 38 30 är
1692 1811 106 39 enligt

312 1865 231 42 utredningen
558 1865 203 42 nödvändig
775 1866 81 33 med
871 1865 137 42 hänsyn
1021 1865 54 35 till
1091 1870 55 29 att
1160 1865 94 33 olika
1268 1865 263 33 bestämmelser
1545 1877 58 21 om
1618 1864 179 34 undervis-

311 1918 318 43 ningsgruppernas
653 1919 130 33 storlek
806 1918 65 34 och
895 1931 58 21 om
976 1918 200 43 erforderlig
1197 1918 298 42 lärarkompetens
1518 1918 55 34 för
1594 1918 94 34 olika
1710 1918 88 42 slags

312 1972 250 42 undervisning
581 1972 173 42 påverkar
774 1972 152 34 behovet
945 1984 45 21 av
1009 1972 204 42 ytterligare
1231 1972 225 34 lärarkrafter
1475 1984 45 21 av
1538 1972 94 34 olika
1650 1973 73 41 slag
1741 1971 57 34 vid

311 2026 160 42 stigande
489 2026 257 34 studentantal.

357 2079 18 33 I
391 2079 396 43 undervisningsplanen
803 2080 65 33 bör
881 2079 200 42 självfallet,
1096 2079 184 34 fortsätter
1294 2079 243 42 utredningen,
1552 2079 81 42 ingå
1648 2080 150 33 bestäm-

312 2134 123 33 melser
453 2146 57 21 om
528 2133 485 42 undervisningsgruppernas
1029 2132 144 35 storlek.

357 2186 126 35 Vidare
504 2186 75 40 bör,
600 2187 133 34 uttalar
754 2188 243 40 utredningen,
1018 2187 10 33 i
1049 2186 397 43 undervisningsplanen
1467 2198 104 30 anges
1593 2186 95 35 vilka
1708 2187 90 34 olika

310 2240 75 42 slag
407 2252 44 22 av
473 2239 229 35 akademiska
723 2240 110 34 lärare
855 2252 75 21 som
952 2252 100 22 avses
1073 2240 155 34 bestrida
1249 2240 93 33 olika
1363 2239 436 42 undervisningsmoment.

311 2291 102 36 Även
432 2293 184 42 härvidlag
637 2293 62 34 bör
719 2293 406 42 undervisningsplanen,
1146 2306 100 21 anser
1264 2293 243 42 utredningen,
1527 2305 89 30 ange
1634 2298 52 29 ett
1705 2298 94 29 stan-

313 2347 285 34 dardminimum.
620 2346 69 34 Om
710 2347 146 33 sålunda
877 2347 10 33 1
908 2347 127 41 planen
1057 2358 105 31 anges
1183 2352 55 30 att
1258 2351 53 30 ett
1331 2347 88 34 visst
1439 2347 89 41 slags
1550 2346 250 42 undervisning

312 2399 88 34 skall
422 2399 171 42 bestridas
616 2413 46 21 av
685 2400 349 40 universitetslektor,
1056 2400 64 34 bör
1140 2400 100 34 detta
1261 2400 108 42 enligt
1390 2400 249 42 utredningens
1661 2400 139 42 mening

312 2452 77 34 icke
406 2456 125 39 utgöra
548 2453 126 34 hinder
690 2453 53 34 för
761 2458 54 29 att
833 2458 26 29 t.
873 2466 51 21 ex.
942 2453 198 42 professorn
1157 2453 10 33 i
1185 2457 120 30 ämnet
1320 2453 91 42 själv
1427 2454 171 34 bestrider
1614 2454 114 41 någon
1745 2453 54 35 del

312 2518 45 22 av
377 2506 114 34 denna
510 2506 260 43 undervisning,
789 2519 58 21 om
865 2507 71 33 han
954 2508 37 33 så
1008 2507 141 34 önskar.
1167 2507 126 34 Vidare
1310 2511 38 30 är
1365 2508 59 34 det
1442 2506 108 43 enligt
1568 2507 229 43 utredningen
