1916 2780
458 154 299 34 Statsutskottets
776 154 185 34 utlåtande
982 167 42 21 nr
1042 154 30 33 B
1093 157 45 38 48
1158 155 39 33 år
1217 156 89 32 1958
1585 157 42 31 TT

247 233 147 34 kurator
411 233 11 34 i
441 234 51 33 Ae
507 237 54 37 12,

248 278 304 34 arvodesanställd
572 278 196 34 statistiker
790 278 168 42 (kostnad
980 281 41 30 12
1036 281 66 31 000
1121 278 158 42 kronor),

247 322 254 35 kanslibiträde
516 323 11 33 i
541 323 51 34 Ae
607 326 31 37 7,

246 367 130 34 klinisk
395 379 206 28 amanuens,

248 412 64 34 allt
329 412 55 34 för
400 412 259 34 socialmedicin
680 412 146 43 (Lund),

248 456 211 35 biträdande
477 457 112 34 lärare
612 457 167 43 (kostnad
799 460 19 30 3
833 460 66 30 000
918 456 158 43 kronor),

248 502 210 42 indragning
485 514 45 21 av
557 507 54 29 ett
638 501 53 34 för
718 513 43 22 en
788 502 84 33 kurs
899 513 48 22 nu
975 505 175 39 upptaget
1177 500 278 43 arvodesbelopp
1483 512 46 22 av
1558 503 65 32 900

247 547 140 39 kronor,

249 591 64 34 allt
334 591 54 34 för
408 590 259 35 socialmedicin
691 590 181 43 (Malmö),

247 636 138 33 lärare
375 630 20 59 i
404 636 245 34 rättsmedicin
671 635 167 43 (kostnad
854 638 20 30 4
890 638 66 30 680
961 634 171 51 kronor),

248 680 210 43 indragning
477 692 46 22 av
541 685 55 29 ett
615 680 54 34 för
688 679 279 42 undervisning
949 674 21 53 i
989 682 107 31 rätts-
1116 679 66 34 och
1203 678 242 35 statsmedicin
1466 690 49 23 nu
1535 690 88 31 upp-

250 730 99 37 taget
366 725 278 42 arvodesbelopp
661 736 46 21 av
722 727 20 30 4
757 727 66 30 200
839 724 141 39 kronor,

248 770 112 33 lärare
374 769 12 34 i
399 769 215 34 medicinens
629 769 146 34 historia
793 768 167 43 (kostnad
978 771 15 30 1
1011 771 66 30 600
1093 768 158 42 kronor),

246 814 253 43 undervisning
520 814 12 33 i
554 813 394 35 blodtransfusionslära
973 813 168 43 (kostnad
1164 816 19 30 6
1198 816 66 30 000
1287 812 158 43 kronor),

246 859 130 34 klinisk
393 871 193 22 amanuens
603 858 11 34 i
630 857 251 43 neurokirurgi,

247 904 130 33 klinisk
397 915 193 22 amanuens
610 903 55 34 för
683 902 213 43 radioterapi
919 902 183 43 (Malmö),

248 948 360 34 instrumentmakare
624 948 10 33 i
650 947 50 34 Åe
715 951 19 30 9
750 948 54 33 för
818 946 195 35 medicinsk
1028 946 105 39 kemi,

248 993 352 34 laboratoriebiträde
616 993 11 33 i
642 992 50 33 Ae
707 995 20 30 7
743 992 54 33 för
812 991 232 41 reumatologi
1064 990 146 43 (Lund),

247 1037 352 35 laboratoriebiträde
615 1037 11 33 i
641 1037 51 33 Ae
707 1040 19 30 7
743 1036 53 34 för
812 1036 235 34 oftalmiatrik
1066 1035 146 42 (Lund),

247 1081 352 35 laboratoriebiträde
624 1081 11 33 i
659 1081 50 33 Ae
724 1085 19 30 7
769 1080 53 33 för
846 1079 292 35 kvinnokliniken
1166 1079 146 42 (Lund),

245 1126 353 35 laboratoriebiträde
619 1126 10 33 i
650 1126 50 33 Ae
715 1128 19 31 7
755 1125 54 33 för
829 1124 218 35 medicinska
1066 1124 174 34 klinikens
1261 1123 273 43 njuravdelning

251 1171 147 43 (Lund),

246 1216 285 34 kanslibiträde
529 1260 6 5 i
555 1216 51 33 Ae
621 1218 19 31 7
663 1214 60 35 vid
744 1214 217 34 medicinska
982 1213 175 34 klinikens
1179 1212 273 44 njuravdelning
1477 1212 146 44 (Lund),

247 1260 254 34 kanslibiträde
526 1260 11 33 i
562 1260 50 33 Ae
627 1263 20 30 7
672 1259 52 33 för
749 1258 252 42 neurokirurgi,

247 1305 254 34 kanslibiträde
523 1304 11 33 i
555 1304 51 34 Ae
621 1307 20 30 7
662 1303 54 34 för
736 1303 231 42 reumatologi
992 1302 147 42 (Lund),

248 1349 304 35 ekonomibiträde
570 1349 11 33 i
599 1349 51 33 Ae
664 1352 20 29 2
702 1348 55 34 för
774 1347 243 42 farmakologi,

248 1395 133 42 ökning
396 1406 46 22 av
457 1394 245 41 kursanslaget
721 1392 62 43 (nu
801 1396 19 30 9
835 1395 66 31 350
917 1391 144 42 kronor)
1081 1391 81 34 med
1179 1394 41 30 12
1235 1394 66 31 000
1317 1391 140 39 kronor,

246 1439 109 34 förste
376 1439 177 38 assistent,

249 1484 93 34 disk-
362 1484 65 33 och
447 1481 381 43 steriliseringsbiträde
848 1480 10 34 i
878 1480 50 34 Ae
942 1484 33 36 4,

248 1529 95 33 båda
357 1528 54 34 för
425 1528 131 33 allmän
570 1525 230 43 bakteriologi
819 1525 146 43 (Lund),

247 1574 109 33 förste
379 1573 165 33 assistent
568 1572 10 33 i
601 1571 118 34 stället
741 1570 54 34 för
817 1570 108 34 förste
949 1581 193 22 amanuens
1165 1568 55 35 för
1241 1568 129 34 klinisk
1392 1568 232 43 bakteriologi

265 1618 104 34 Lund

247 1618 109 79 öre
372 1613 182 96 ösfistont.
569 1661 6 6 4
567 1661 11 33 i
602 1660 116 35 stället
741 1660 55 33 för
817 1658 108 34 förste
949 1670 194 22 amanuens
1166 1658 54 34 för
1242 1658 129 35 klinisk
1393 1658 230 43 bakteriologi

251 1707 181 43 (Malmö),

249 1752 211 34 biträdande
478 1751 112 33 lärare
612 1749 35 43 (å
666 1752 42 30 20
724 1751 64 31 712
807 1748 158 41 kronor),

247 1797 108 33 förste
376 1796 177 38 assistent,

249 1840 209 42 indragning
478 1851 45 21 av
542 1851 42 21 en
605 1838 107 34 andre
732 1837 176 39 assistent,

248 1886 108 33 förste
375 1895 204 27 amanuens,

247 1930 352 35 laboratoriebiträde
617 1929 11 33 i
645 1928 50 33 Ae
710 1931 31 36 7,

248 1979 63 33 allt
330 1978 54 33 för
403 1976 157 44 patologi
583 1975 146 44 (Lund),

248 2025 210 34 biträdande
474 2024 112 33 lärare
605 2023 35 42 (å
656 2026 43 30 20
714 2025 64 31 712
795 2021 157 42 kronor),

247 2071 108 34 förste
381 2072 176 38 assistent,

248 2118 209 42 indragning
473 2130 46 21 av
535 2129 42 21 en
596 2117 106 33 andre
720 2116 176 39 assistent,

247 2165 108 34 förste
381 2177 205 27 amanuens,

248 2211 112 42 tredje
386 2223 205 27 amanuens,

247 2257 352 35 laboratoriebiträde
617 2257 10 33 i
645 2256 50 33 Ae
710 2259 31 36 7,

250 2305 62 33 allt
331 2304 54 34 för
401 2304 157 42 patologi
580 2303 181 42 (Malmö),

250 2352 108 32 förste
384 2351 176 38 assistent,

245 2399 107 32 förste
378 2409 205 27 amanuens,

248 2443 350 35 laboratoriebiträde
621 2443 9 33 i
652 2443 50 33 Ae
717 2445 30 36 7,

251 2490 163 41 samtliga
433 2491 53 32 för
504 2489 230 42 farmakologi
756 2488 146 42 (Lund),

250 2538 63 32 två
333 2537 286 33 översköterskor
640 2537 9 32 i
671 2536 49 33 Ae
738 2539 39 29 10
800 2535 53 33 för
874 2534 128 34 klinisk
1024 2534 93 33 kemi
1142 2534 146 41 (Lund),
