1916 2782
306 177 19 30 6
629 175 298 35 Statsutskottets
948 178 185 33 utlåtande
1154 191 41 21 nr
1213 179 29 33 B
1263 181 45 38 48
1328 180 40 33 år
1388 183 89 31 1958

310 253 55 35 för
381 254 181 34 avbrottet
578 267 106 30 anger
699 255 227 35 ekonomiska
944 257 140 34 orsaker
1100 258 82 34 eller
1200 259 223 40 »vantrivsel,
1443 260 178 35 bristande
1639 262 156 35 intresse.

311 307 94 43 dålig
422 308 224 43 anpassning,
663 308 244 44 hopplöshet»,
926 310 46 34 då
989 314 39 30 är
1044 311 102 34 detta
1165 312 106 42 enligt
1289 313 250 42 utredningens
1559 314 92 34 åsikt
1669 315 126 35 tecken

310 361 47 42 på
383 365 55 29 att
462 361 159 43 krafttag
646 365 38 30 är
708 361 267 44 ofrånkomliga,
1001 367 90 30 även
1117 376 58 22 om
1201 377 42 22 en
1269 365 205 43 tillräckligt
1499 368 295 42 genomgripande

311 413 128 34 reform
461 414 110 34 skulle
595 415 47 33 bli
664 415 352 35 kostnadskrävande
1040 422 78 28 rent
1141 417 282 35 statsfinansiellt
1447 424 81 29 sett.
1552 420 71 34 Det
1647 421 70 33 kan
1741 421 55 34 för

310 467 117 42 övrigt
448 467 107 42 enligt
577 468 249 43 utredningens
850 469 141 42 mening
1012 469 238 43 ifrågasättas,
1273 484 58 21 om
1354 472 77 33 icke
1453 472 74 42 just
1550 485 41 21 ur
1614 474 180 34 samhälls-

310 520 204 34 ekonomisk
535 521 184 42 synpunkt
739 521 42 34 de
803 523 206 34 nuvarande
1030 523 282 35 förhållandenas
1336 525 245 35 bibehållande
1603 527 119 34 ställer
1744 528 51 42 sig

305 572 190 43 dyrbarare
518 576 45 31 än
586 586 43 21 en
654 574 137 40 reform,
814 588 77 21 som
913 576 70 33 kan
1007 580 166 31 avsevärt
1196 577 175 34 förbättra
1397 578 42 34 de
1463 578 191 35 filosofiska
1680 580 112 34 fakul-

309 630 156 30 teternas
482 626 192 43 kapacitet.
691 628 53 34 De
762 631 67 31 402
847 628 219 35 humanister
1083 630 65 33 och
1168 633 41 31 94
1229 635 228 30 naturvetare
1475 632 10 33 i
1504 632 289 43 inskrivningsår-

309 680 137 41 gången
467 680 167 42 1948/49,
653 693 75 21 som
745 681 60 34 vid
824 681 434 44 undersökningstillfället
1277 684 162 34 avbrutit
1458 685 74 34 sina
1554 686 132 34 studier
1706 692 87 29 utan

309 744 156 27 examen,
481 732 91 35 hade
588 733 108 42 enligt
712 734 67 33 den
795 734 183 43 företagna
995 736 304 43 undersökningen
1318 737 73 35 före
1408 739 300 35 studieavbrottet
1726 741 67 33 till-

309 785 104 42 bragt
433 786 234 42 sammanlagt
688 790 19 29 2
721 790 65 30 444
807 788 167 34 terminer
993 789 59 33 vid
1073 790 264 35 universiteten.
1358 790 101 35 Även
1480 805 58 21 om
1560 793 113 34 denna
1695 794 97 34 siffra

309 838 150 42 givetvis
480 838 74 34 icke
575 839 54 34 får
648 852 146 30 pressas,
815 841 101 34 torde
937 842 59 33 det
1018 855 83 21 vara
1125 844 200 42 uppenbart
1347 849 55 29 att
1424 846 74 32 däri
1520 846 98 42 ingår
1638 859 42 21 en
1702 860 91 21 sam-

307 891 297 35 hällsekonomisk
642 893 207 43 förlustpost
889 906 45 22 av
973 894 202 43 betydande
1213 897 140 34 storlek.
1381 898 143 33 Antalet
1565 900 128 42 årligen
1733 913 60 20 av-

308 944 104 42 lagda
428 944 147 35 filosofie
591 945 329 43 magisterexamina
935 951 141 30 närmar
1092 949 52 42 sig
1160 961 47 22 nu
1225 949 124 34 siffran
1367 954 77 36 700,
1462 951 64 34 och
1544 952 60 34 det
1621 956 48 36 är,
1687 953 105 34 fram-

303 996 110 34 håller
440 998 242 42 utredningen,
710 1000 200 42 uppenbart
938 1005 53 29 att
1020 1013 42 21 en
1091 1001 221 44 förkortning
1339 1015 45 21 av
1412 1004 67 33 den
1507 1006 283 43 genomsnittliga

307 1050 215 34 studietiden
541 1051 54 33 för
613 1052 114 34 denna
745 1065 146 21 examen
910 1054 79 33 med
1008 1067 41 21 en
1070 1055 89 34 enda
1179 1056 126 33 termin
1325 1057 111 34 skulle
1454 1058 166 34 innebära
1641 1072 42 21 en
1702 1072 90 21 sam-

305 1103 296 35 hällsekonomisk
615 1105 66 33 och
695 1105 266 43 kulturpolitisk
977 1107 105 40 vinst,
1097 1120 77 21 som
1190 1112 103 39 väger
1310 1114 106 38 tungt
1432 1111 46 42 på
1494 1123 41 21 en
1552 1112 240 35 universitets-

308 1156 145 34 reforms
469 1157 203 34 kreditsida.

352 1210 56 33 En
426 1210 201 34 omedelbar
644 1212 237 43 upprustning
899 1225 44 21 av
962 1213 42 33 de
1022 1213 193 35 filosofiska
1234 1215 256 35 fakulteternas
1510 1217 281 44 undervisnings-

307 1275 151 22 resurser
478 1276 100 21 anser
599 1265 230 42 utredningen
850 1278 86 22 vara
957 1267 279 43 oundgängligen
1259 1269 214 43 nödvändig.
1496 1271 54 33 En
1572 1271 109 34 sådan
1704 1285 87 30 upp-

307 1317 161 42 rustning
485 1318 112 33 måste
615 1317 54 34 för
687 1323 54 29 att
759 1319 122 42 lyckas
900 1319 182 43 tillgodose
1100 1321 156 42 följande
1275 1322 78 42 fyra
1372 1323 225 35 huvudkrav:

355 1384 30 30 1.
414 1381 287 43 Upprustningen
721 1384 114 33 måste
858 1384 142 34 komma
1023 1385 143 34 snabbt.
1188 1386 73 34 Allt
1285 1387 104 42 tyder
1411 1389 46 41 på
1479 1393 56 29 att
1557 1389 35 33 vi
1615 1390 111 34 under
1749 1391 42 33 de

307 1425 85 34 allra
407 1429 178 31 närmaste
600 1428 83 32 åren
697 1427 64 34 har
775 1432 56 29 att
845 1431 110 31 vänta
971 1441 42 22 en
1029 1430 10 33 i
1055 1431 82 32 vårt
1152 1431 82 33 land
1250 1431 125 35 hittills
1392 1433 108 33 osedd
1516 1433 130 43 ökning
1662 1447 45 21 av
1723 1435 67 33 till-

306 1471 239 41 strömningen
562 1471 53 33 till
631 1471 105 42 högre
753 1472 145 34 studier.
916 1473 103 35 Trots
1038 1479 55 29 att
1110 1487 42 22 en
1171 1475 53 34 del
1243 1475 271 44 fackhögskolor
1529 1478 64 34 har
1609 1479 71 33 fått
1698 1480 93 33 ökad

305 1515 193 42 kapacitet,
516 1515 64 34 har
596 1528 83 21 man
698 1521 55 29 att
770 1517 111 34 räkna
901 1518 79 34 med
999 1523 55 29 att
1072 1519 43 34 de
1134 1521 187 41 ospärrade
1340 1521 194 35 filosofiska
1552 1523 237 35 fakulteterna

305 1559 71 34 kan
399 1560 37 33 få
456 1564 38 29 ta
515 1565 96 29 emot
633 1573 43 21 en
698 1561 160 42 stigande
881 1562 101 33 andel
1004 1575 46 21 av
1072 1563 61 34 det
1156 1564 159 42 stigande
1339 1566 134 33 antalet
1498 1568 292 41 nyexaminerade

305 1604 195 34 studenter.

351 1655 32 29 2.
412 1652 287 42 Upprustningen
721 1653 114 33 måste
859 1665 42 30 ge
925 1653 207 43 tillräckliga
1157 1656 432 43 undervisningsresurser.
1614 1660 68 33 Om
1708 1673 81 21 man

306 1695 60 34 vill
386 1696 173 33 bibehålla
580 1696 60 34 det
658 1696 65 34 fria
742 1697 174 34 tillträdet
935 1698 53 33 till
1008 1699 42 33 de
1070 1699 193 35 filosofiska
1283 1701 239 35 fakulteterna
1543 1704 64 33 och
1628 1717 58 20 om
1706 1717 83 22 man

305 1743 91 31 även
420 1741 59 32 vill
504 1741 174 34 bibehålla
701 1741 42 34 de
766 1742 194 34 filosofiska
983 1743 381 42 preliminärexaminas
1389 1748 205 34 nuvarande
1620 1750 169 33 standard

304 1785 66 33 och
392 1785 94 33 hålla
507 1785 72 34 fast
601 1786 60 33 vid
684 1787 331 42 examensstadgans
1040 1800 139 22 normer
1200 1790 55 33 för
1278 1790 233 35 studietidens
1534 1792 117 43 längd,
1676 1795 113 33 måste

304 1830 278 33 statsmakterna
604 1842 41 30 ge
668 1830 42 34 de
732 1830 195 35 filosofiska
949 1832 238 35 fakulteterna
1211 1834 208 43 tillräckliga
1444 1848 149 22 resurser
1616 1843 54 28 att
1694 1839 94 33 med-

305 1874 76 33 dela
403 1886 43 21 en
466 1874 79 33 med
565 1874 140 42 hänsyn
723 1875 53 34 till
798 1875 101 34 dessa
919 1876 296 43 förutsättningar
1236 1878 156 35 adekvat
1414 1881 251 43 undervisning
1686 1884 37 32 åt
1746 1883 43 33 de

304 1918 206 42 ungdomar,
527 1931 75 21 som
619 1919 101 34 söker
735 1920 52 33 sin
805 1920 307 43 yrkesutbildning
1130 1922 59 33 vid
1208 1923 100 33 dessa
1324 1923 203 35 fakulteter.
1545 1926 65 33 Ett
1629 1927 159 41 tillgodo-

303 1963 126 33 seende
450 1976 45 20 av
515 1963 43 34 de
579 1963 193 35 filosofiska
792 1964 255 35 fakulteternas
1071 1966 115 34 behov
1208 1979 45 21 av
1275 1968 208 42 tillräckliga
1507 1970 278 43 undervisnings-

304 2019 152 22 resurser
470 2008 112 33 måste
597 2020 100 22 anses
712 2008 81 34 fullt
808 2009 192 34 motiverat
1014 2010 76 34 icke
1107 2010 93 35 blott
1216 2011 77 34 från
1310 2013 394 36 samhällsekonomiska
1723 2016 64 34 och

302 2052 290 42 kulturpolitiska
608 2053 231 42 synpunkter,
856 2058 88 29 utan
962 2057 88 31 även
1069 2055 81 33 med
1167 2055 137 43 hänsyn
1323 2057 53 33 till
1394 2058 42 34 de
1456 2059 141 41 mycket
1616 2060 171 42 betydan-

303 2096 42 33 de
365 2097 195 42 personliga
580 2097 159 40 insatser,
758 2109 76 22 som
853 2098 239 35 universitets-
1113 2100 65 33 och
1199 2100 347 42 högskolestudierna
1568 2104 155 34 innebär.

348 2146 32 29 3.
410 2143 497 43 Upprustningsprogrammet
923 2146 113 33 måste
1053 2158 87 22 vara
1156 2147 202 34 realistiskt.
1376 2149 54 33 En
1450 2151 245 42 upprustning,
1712 2164 76 21 som

300 2187 131 33 snabbt
447 2188 86 32 skall
550 2199 40 30 ge
607 2188 42 33 de
666 2188 192 34 filosofiska
876 2189 237 34 fakulteterna
1131 2191 207 42 tillräckliga
1355 2193 432 43 undervisningsresurser,

302 2232 114 32 måste
435 2231 110 34 under
565 2232 68 33 alla
652 2233 300 41 omständigheter
971 2235 101 33 ställa
1094 2239 94 29 stora
1210 2235 87 33 krav
1318 2236 76 34 icke
1415 2238 108 32 minst
1543 2239 45 41 på
1609 2239 41 34 de
1672 2252 114 29 perso-

302 2276 89 33 nella
412 2288 159 28 resurser,
590 2289 76 21 som
684 2278 73 32 står
774 2278 52 32 till
846 2277 205 43 förfogande
1071 2279 56 33 för
1145 2292 69 29 nya
1235 2280 282 43 läraruppgifter.
1538 2282 65 33 Ett
1622 2290 164 35 upprust-

302 2320 277 42 ningsprogram,
598 2333 76 21 som
692 2321 75 34 icke
786 2322 132 42 bygger
935 2323 47 42 på
1000 2336 41 20 en
1062 2324 173 33 realistisk
1254 2324 233 43 uppfattning
1506 2339 58 20 om
1584 2327 42 33 de
1646 2328 52 33 till
1719 2328 67 33 för-

301 2364 151 42 fogande
469 2365 144 34 stående
629 2378 213 22 resursernas
860 2367 242 42 begränsning,
1120 2368 148 34 riskerar
1284 2370 119 33 därför
1419 2375 55 28 att
1491 2371 106 34 redan
1615 2372 77 33 från
1710 2373 76 33 bör-

299 2408 62 41 jan
379 2410 216 41 misslyckas.
612 2410 83 34 Icke
714 2411 106 33 minst
838 2411 130 42 viktigt
987 2415 38 30 är
1041 2412 185 43 härvidlag
1244 2414 57 33 det
1320 2414 153 40 faktum,
1492 2420 55 29 att
1566 2416 59 34 det
1645 2420 37 30 är
1701 2417 84 33 rela-

301 2453 70 33 tivt
395 2458 71 29 sett
488 2454 141 42 mycket
654 2456 74 32 små
751 2455 272 37 studentkullar,
1047 2469 75 21 som
1147 2457 112 34 bildar
1282 2459 206 42 underlaget
1512 2460 53 33 för
1590 2461 66 33 den
1680 2462 105 33 lärar-

301 2497 110 34 kader
435 2511 75 21 som
534 2499 132 33 behövs
691 2499 54 34 för
769 2504 52 29 att
849 2513 40 28 ge
915 2513 41 21 en
981 2501 153 34 adekvat
1162 2502 205 34 akademisk
1393 2504 251 43 undervisning
1670 2506 34 33 åt
1733 2512 49 28 ett
