2232 2606
420 178 18 28 2
495 198 4 5 .
572 174 121 33 Andra
718 176 205 31 kammarens
940 174 145 40 fjärde
1108 174 179 41 tillfälliga
1309 175 137 32 utskotts
1469 175 170 32 utlåtande
1662 174 52 32 Nr
1736 173 50 35 11.

510 256 174 46 Samtliga
724 255 100 35 dessa
850 255 178 34 motioner
1055 255 91 34 hava
1173 254 217 35 remitterats
1418 254 56 34 till
1501 253 191 44 utskottet,
1721 265 75 23 som
1824 252 158 35 behand-

377 305 49 34 lat
454 306 81 35 dem
561 307 11 34 i
601 309 54 32 ett
681 306 269 45 sammanhang.

512 356 229 36 Beträffande
781 356 303 46 motiveringarna
1124 356 57 34 för
1209 355 42 34 de
1286 355 222 35 framställda
1534 355 208 46 yrkandena
1769 353 133 35 tillåter
1930 353 55 46 sig

376 408 180 35 utskottet
582 407 149 34 hänvisa
758 407 56 34 till
836 407 235 34 motionerna.

193 498 148 53 Historik.
511 508 143 35 Statens
682 507 405 47 egnahemslånerörelse
1114 507 99 34 leder
1240 507 64 33 sitt
1330 518 179 33 ursprung
1536 506 79 33 från
1643 507 37 32 år
1702 506 105 43 1904,
1829 505 45 34 då
1893 505 92 34 efter

376 559 208 46 riksdagens
623 559 121 34 beslut
784 571 43 22 en
869 557 368 47 egnahemslånefond
1270 556 160 35 bildades
1458 556 67 34 och
1552 555 181 35 allmänna
1760 556 129 34 villkor
1916 555 68 35 och

375 609 267 35 bestämmelser
683 609 205 34 utfärdades
928 609 57 34 för
1012 608 68 35 den
1112 621 43 21 av
1183 607 139 46 Knngl.
1352 606 109 46 Maj:t
1488 607 65 34 och
1580 606 192 46 riksdagen
1798 605 185 35 beslutade

377 660 442 46 egnahemslånerörelsen.
888 659 19 34 I
946 659 98 35 dessa
1083 658 269 35 bestämmelser
1391 657 92 34 hava
1522 656 198 35 sedermera
1759 658 96 44 gång
1892 656 92 34 efter

377 724 118 21 annan
535 711 193 46 ändringar
766 710 184 46 vidtagits,
991 719 88 37 men
1108 709 70 34 den
1206 709 80 34 från
1312 708 127 45 början
1466 707 200 35 fastställda
1694 707 290 45 organisationen

377 762 64 34 har
466 762 12 33 i
505 763 91 33 stort
618 763 72 33 sett
715 760 207 36 bibehållits
950 760 223 35 oförändrad.

201 866 75 57 1911
291 863 48 26 års
510 862 83 34 Den
633 862 48 35 20
718 862 141 46 januari
901 862 93 34 1911
1032 860 166 47 uppdrog
1226 859 199 35 dåvarande
1453 858 190 35 statsrådet
1675 858 67 34 och
1769 858 127 34 chefen
1924 858 57 34 för

184 905 161 52 SE
376 912 123 47 kungl.
540 912 482 47 jordbruksdepartementet
1060 912 37 33 åt
1136 910 197 35 tillkallade
1373 909 226 46 sakkunniga
1638 910 55 33 att
1719 908 190 35 verkställa
1937 921 46 21 en

376 963 176 47 ingående
591 963 224 47 granskning
855 963 66 34 och
948 961 195 46 utredning
1170 973 44 22 av
1243 960 320 46 egnahemsfrågan
1590 960 12 33 i
1624 959 82 34 hela
1733 959 77 34 dess
1838 959 145 34 omfatt-

376 1015 89 46 ning
492 1016 93 33 samt
610 1014 167 34 utarbeta
803 1013 134 45 förslag
964 1012 74 35 dels
1065 1012 56 34 till
1149 1011 43 35 de
1220 1010 251 46 förändringar
1489 1011 12 33 i
1519 1010 165 46 gällande
1716 1009 267 35 bestämmelser

377 1065 56 34 för
459 1066 134 34 statens
621 1063 417 48 egnahemslånerörelse,
1066 1075 77 22 som
1170 1063 46 45 på
1243 1061 117 46 grund
1388 1074 43 21 av
1458 1073 146 22 vunnen
1632 1060 203 34 erfarenhet
1861 1059 121 34 kunde

376 1116 161 34 befinnas
577 1115 211 43 önskvärda,
830 1114 74 35 dels
945 1114 66 34 ock
1042 1113 56 35 till
1125 1113 43 34 de
1197 1112 208 47 ytterligare
1433 1111 174 46 åtgärder,
1637 1123 76 22 som
1741 1110 78 34 från
1846 1112 136 32 statens

377 1166 76 35 sida
479 1166 121 35 kunde
627 1166 165 45 vidtagas
819 1166 57 34 för
903 1166 54 33 att
984 1164 204 34 underlätta
1216 1163 68 34 och
1310 1162 167 35 befordra
1505 1161 417 47 egnahemsbildningen.

511 1217 130 34 Denna
680 1216 191 34 kommitté
911 1228 114 33 avgav
1064 1215 64 33 sitt
1166 1213 228 35 betänkande
1436 1213 69 34 den
1540 1214 44 32 14
1613 1212 151 34 oktober
1792 1212 95 33 1914
1915 1211 67 34 och

377 1267 163 35 lämnade
581 1267 75 34 däri
697 1279 45 22 en
768 1265 177 47 ingående
972 1264 151 35 historik
1148 1268 85 30 över
1261 1263 69 35 den
1357 1263 151 34 svenska
1532 1261 450 48 jordstyckningslagstift-

377 1319 147 45 ningen,
553 1321 84 31 över
664 1316 426 47 egnahemsbildningens
1112 1314 248 46 befrämjande
1387 1326 131 33 genom
1550 1312 217 47 upplåtelser
1794 1324 42 22 av
1863 1312 120 43 lägen-

378 1369 101 34 heter
506 1370 20 33 å
552 1367 196 47 kronojord
787 1379 132 34 genom
958 1365 199 36 beredande
1186 1378 44 21 av
1257 1364 154 46 tillgång
1438 1364 57 34 till
1521 1363 123 46 billiga
1671 1363 60 34 lån
1758 1362 66 35 och
1851 1374 132 33 genom

374 1419 187 35 bildandet
599 1431 44 22 av
684 1431 45 21 en
767 1415 408 48 jordförmedlingsfond
1204 1415 68 34 och
1298 1414 259 46 upprättandet
1583 1426 43 22 av
1652 1412 332 47 jordförmedlings-

376 1470 125 46 byråer
528 1470 92 34 samt
647 1469 57 34 för
731 1468 109 34 andra
867 1467 145 46 förslag,
1040 1465 190 46 åsyftande
1258 1464 187 35 bildandet
1471 1477 44 21 av
1542 1477 90 33 egna
1652 1464 93 34 hem.
1804 1463 177 34 Kommit-

375 1523 62 31 ten
476 1519 209 35 meddelade
726 1522 91 30 även
857 1530 43 22 en
928 1517 151 45 utförlig
1105 1515 225 46 redogörelse
1363 1515 56 33 för
1446 1515 290 45 organisationen
1763 1525 43 22 av
1832 1513 151 34 låneför-

375 1570 207 46 medlingen
621 1581 133 34 genom
793 1566 406 47 hushållningssällskap
1240 1566 93 33 samt
1370 1564 108 46 bolag
1505 1564 65 34 och
1598 1564 215 44 föreningar.
1869 1563 19 34 I
1915 1566 68 31 sär-

376 1621 114 34 skilda
516 1620 139 46 bilagor
674 1618 293 46 offentliggjorde
990 1617 217 34 kommittén
1236 1615 74 34 dels
1337 1627 44 22 en
1404 1614 172 46 vidlyftig
1594 1613 170 44 statistik,
1785 1613 73 35 dels
1877 1613 106 35 också

376 1684 45 22 en
447 1670 223 46 redogörelse
699 1670 56 34 för
782 1669 70 34 den
879 1666 334 37 statsunderstödda
1241 1665 432 46 egnahemslånerörelsen
1700 1665 12 33 i
1739 1664 173 34 utlandet.

510 1721 251 34 Kommitténs
800 1719 134 46 förslag
960 1719 13 33 i
1000 1718 77 35 dess
1116 1716 218 46 huvuddrag
1373 1715 123 34 kunna
1522 1716 12 33 i
1561 1717 130 33 största
1723 1714 145 35 korthet
1895 1727 88 21 sam-

376 1773 194 34 manfattas
596 1770 163 36 sålunda:

511 1823 144 34 Statens
696 1818 405 49 egnahemslånerörelse
1143 1817 174 47 uppdelas
1354 1818 45 45 på
1425 1818 62 46 två
1514 1816 78 34 från
1620 1815 173 36 varandra
1820 1814 163 35 fullstän-

378 1874 79 45 digt
496 1872 194 36 fristående
730 1884 138 33 grenar,
911 1882 44 22 en
995 1870 55 34 för
1075 1867 207 47 jordbruks-
1314 1867 66 34 och
1408 1879 44 22 en
1480 1867 56 33 för
1562 1865 311 35 bostadsändamål
1901 1865 81 34 med

378 1923 148 36 särskild
565 1922 172 35 lånefond
777 1922 56 34 för
873 1933 62 22 var
962 1920 66 34 och
1056 1932 44 22 en
1127 1931 44 22 av
1200 1918 100 34 dessa
1327 1930 136 33 grenar.
1519 1918 143 33 Statens
1689 1915 209 35 lånerörelse
1927 1916 57 33 för

377 1974 168 35 bildande
585 1986 43 22 av
668 1972 169 35 småbruk
864 1972 64 34 bör
953 1970 78 35 icke
1058 1970 193 45 begränsas
1277 1968 56 34 till
1360 1968 130 34 sådana
1516 1967 219 46 lägenheter,
1765 1966 60 34 där
1852 1969 130 42 ägaren

378 2028 38 31 är
441 2024 178 36 beroende
647 2036 42 21 av
718 2035 119 22 annan
863 2021 300 45 arbetsförtjänst,
1193 2021 89 32 utan
1308 2018 56 35 lån
1394 2019 86 33 böra
1499 2020 113 32 såsom
1632 2017 131 34 hittills
1781 2018 86 44 utgå
1886 2016 96 34 såväl

378 2076 56 34 för
473 2074 220 49 lägenheter,
736 2073 84 34 därå
859 2075 131 43 ägaren
1029 2071 70 34 kan
1139 2082 85 22 vara
1263 2069 85 34 fullt
1380 2069 161 43 besuten,
1575 2080 77 22 som
1679 2068 57 33 för
1761 2066 220 46 lägenheter,

381 2126 111 34 vilkas
519 2129 103 42 ägare
651 2124 57 34 för
735 2124 63 34 sitt
825 2122 190 47 uppehälle
1043 2124 37 32 är
1107 2119 175 36 hänvisad
1309 2119 56 34 till
1384 2119 289 45 arbetsförtjänst
1691 2119 101 33 utom
1811 2118 169 33 hemmet.

513 2175 78 34 Lån
631 2175 81 34 från
730 2199 4 4 .
751 2171 413 48 egnahemslånefonden
1204 2170 87 34 böra
1330 2171 87 44 utgå
1443 2168 249 47 förnämligast
1719 2167 56 35 till
1801 2167 110 46 inköp
1939 2180 44 21 av

379 2226 130 35 sådana
536 2224 224 46 fastigheter,
789 2235 131 35 genom
944 2222 112 35 vilkas
1083 2219 236 37 förvärvande
1347 2232 70 33 nya
1441 2231 91 34 egna
1558 2219 82 34 hem
1667 2217 125 36 bildas.
