1900 2830
547 167 109 28 Andra
676 166 224 36 lagutskottets
921 165 163 29 utlåtande
1107 165 45 28 Nr
1175 165 48 27 34.
1619 154 20 32 d

137 240 141 33 kommit
301 243 118 40 syntes
444 241 80 41 tyda
546 243 44 39 på
613 243 50 29 att
685 240 297 41 handläggningen
1006 250 40 20 av
1070 238 148 32 ärenden
1244 237 143 31 rörande
1412 234 225 33 vattenavled-

138 292 235 41 ningsföretag
394 292 11 31 i
426 294 120 39 många
566 292 60 30 fall
647 291 88 31 varit
752 290 163 32 behäftad
935 290 76 31 med
1032 289 175 40 allvarliga
1227 288 134 31 brister.
1393 286 179 32 Utskottet
1593 296 45 20 er-

139 342 116 32 inrade
276 342 190 32 emellertid
486 354 53 19 om
561 344 49 29 att
633 342 80 31 1934
733 343 54 30 års
808 339 416 42 avdikningssakkunniga
1244 338 11 31 i
1276 336 214 33 betänkande
1512 336 66 31 den
1599 335 39 31 28

139 393 177 32 december
337 393 81 32 1936
439 393 157 41 framlagt
616 393 92 31 vissa
728 392 129 40 förslag
877 392 11 30 i
908 392 121 36 ämnet,
1052 391 88 31 samt
1159 388 192 32 förklarade
1372 387 54 41 sig
1445 387 192 36 förutsätta,

139 446 49 29 att
204 444 41 32 de
268 444 5 31 i
289 444 175 32 motionen
479 443 147 32 berörda
643 442 211 42 spörsmålen
871 444 95 39 toges
984 441 109 31 under
1107 442 154 29 närmare
1278 437 233 42 övervägande
1528 437 11 30 i
1556 447 83 21 sam-

138 495 91 31 band
248 495 77 31 med
345 495 212 42 prövningen
576 505 40 20 av
637 494 42 31 de
699 492 227 41 sakkunnigas
947 491 136 41 förslag.
1115 491 50 31 På
1184 489 109 42 grund
1313 489 103 31 härav
1435 487 204 32 hemställde

140 546 174 38 utskottet,
336 548 51 29 att
405 545 173 32 motionen
598 545 74 31 icke
693 546 102 30 måtte
816 543 175 32 föranleda
1011 542 53 32 till
1085 543 111 39 någon
1217 540 128 41 åtgärd.
1377 538 196 41 Riksdagen
1593 537 46 32 bi-

140 597 62 31 föll
225 597 111 31 denna
357 596 213 31 hemställan.

191 648 18 31 I
240 648 94 31 detta
365 647 242 41 sammanhang
638 646 98 32 torde
768 645 84 32 böra
881 644 186 37 anmärkas,
1090 645 49 30 att
1160 641 257 42 ifrågavarande
1439 640 201 40 sakkunnig-

140 698 127 42 förslag
298 698 88 42 lagts
418 698 54 31 till
503 697 111 41 grund
636 697 53 31 för
709 696 104 32 bland
834 698 102 29 annat
957 695 93 31 vissa
1071 694 11 31 i
1105 694 80 31 1939
1209 695 54 30 års
1285 703 88 20 ovan
1394 691 145 32 berörda
1561 690 79 31 kun-

138 750 150 40 görelser
306 750 173 41 upptagna
498 747 257 32 bestämmelser
774 747 11 30 i
806 747 88 40 syfte
915 748 49 29 att
984 744 183 42 tillgodose
1188 742 220 33 ekonomiska
1429 741 211 42 synpunkter

139 800 56 31 vid
220 799 448 42 torrläggningsföretagens
693 796 290 41 understödjande
1007 796 78 31 med
1110 793 207 34 statsmedel.
1354 792 176 41 Därjämte
1554 792 87 31 hava

138 854 43 39 på
213 851 110 41 grund
357 861 40 21 av
431 850 41 31 de
506 849 228 41 sakkunnigas
768 848 128 41 förslag
919 847 210 42 genomförts
1152 846 92 31 vissa
1267 844 131 31 mindre
1422 843 183 41 ändringar
1629 844 12 30 i

138 902 234 41 vattenlagens
394 901 122 31 10—12
535 900 138 41 kapitel,
694 899 167 32 avseende
882 897 211 33 förfarandet
1113 897 11 31 i
1145 894 411 43 torrläggningsärenden.

191 995 18 31 I
231 994 221 32 förevarande
475 993 167 32 motioner
665 993 60 31 har
748 992 212 36 framhållits,
984 992 49 30 att
1056 990 11 31 i
1090 989 92 32 vissa
1205 988 60 32 fall
1289 987 156 42 åtgärder
1468 987 54 31 för
1545 986 96 32 önsk-

140 1046 81 31 värd
255 1044 234 42 torrläggning
522 1055 40 20 av
597 1043 93 32 mark
725 1042 238 32 förhindrades
989 1053 39 19 av
1053 1039 299 42 hänsynstagande
1377 1038 54 31 till
1455 1036 187 33 bestående

141 1095 388 42 dämningsrättigheter.
561 1093 130 32 Därvid
721 1094 61 31 har
811 1092 139 32 särskilt
979 1092 145 31 erinrats
1145 1101 63 27 om,
1230 1091 49 30 att
1299 1089 108 41 enligt
1426 1087 216 41 vattenlagen

141 1158 125 21 samma
288 1146 111 41 skydd
422 1146 148 40 åtnjötes
593 1144 53 32 för
668 1144 243 41 anläggningar
934 1143 52 30 för
1009 1141 184 40 uttagande
1217 1152 40 19 av
1280 1139 208 32 vattenkraft
1511 1139 132 30 oavsett

140 1197 269 32 vattenkraftens
443 1208 70 20 mer
548 1196 83 31 eller
666 1195 131 31 mindre
821 1194 108 40 prima
953 1193 82 31 eller
1060 1192 152 32 sekunda
1236 1189 247 33 beskaffenhet.
1521 1188 121 31 Motio-

141 1250 142 30 närerna
313 1248 86 31 hava
430 1247 75 31 med
536 1246 133 41 hänsyn
690 1245 114 32 härtill
825 1245 177 40 ifrågasatt
1023 1255 42 19 en
1086 1241 271 43 gränsdragning
1377 1251 40 21 ur
1438 1240 111 31 denna
1570 1249 74 31 syn-

141 1299 109 41 punkt
275 1298 128 32 mellan
434 1298 87 31 olika
544 1297 73 40 slag
637 1308 40 20 av
697 1295 214 32 vattenkraft.
945 1294 80 32 Med
1047 1293 185 40 anledning
1252 1303 40 20 av
1313 1291 65 32 vad
1399 1291 10 30 i
1431 1290 213 32 motionerna

141 1350 131 31 anförts
295 1349 62 31 har
382 1348 158 42 påyrkats
566 1347 251 40 framställning
842 1346 51 31 till
918 1345 125 41 Kungl.
1069 1344 102 41 Maj:t
1195 1342 174 42 angående
1395 1341 184 40 utredning
1604 1352 39 20 av

142 1400 73 31 däri
236 1399 145 32 berörda
403 1398 176 42 spörsmål.

194 1450 119 41 Enligt
331 1449 185 32 utskottets
536 1448 138 41 mening
694 1449 35 29 är
749 1447 57 31 det
836 1463 20 6 —
886 1445 138 32 särskilt
1044 1444 107 31 under
1171 1455 45 19 nu
1236 1442 149 31 rådande
1405 1440 238 32 förhållanden

142 1521 16 3 -—
202 1500 237 41 otvivelaktigt
457 1511 39 20 av
516 1501 72 29 stor
607 1499 73 31 vikt
699 1499 53 30 för
771 1496 327 41 folkförsörjningen
1119 1497 49 29 att
1188 1494 66 32 alla
1274 1493 217 41 möjligheter
1511 1493 133 40 prövas,

143 1552 193 41 varigenom
360 1551 65 31 kan
451 1550 145 32 erhållas
621 1549 88 31 ökad
735 1548 179 40 utvinning
938 1558 40 20 av
1003 1544 380 43 jordbruksprodukter.
1422 1542 133 32 Härvid
1580 1542 65 31 kan

143 1602 269 42 uppenbarligen
434 1601 116 41 frågan
573 1611 54 20 om
649 1598 232 42 torrläggning
902 1609 39 20 av
964 1596 195 41 vattensjuk
1181 1595 92 31 mark
1295 1606 79 21 vara
1395 1605 40 20 av
1456 1592 189 44 betydelse.

143 1654 18 30 T
178 1653 64 31 den
259 1654 76 29 mån
353 1663 42 20 en
412 1651 93 41 dylik
522 1650 119 41 åtgärd
658 1650 131 31 medför
806 1649 135 40 intrång
959 1647 83 32 eller
1059 1647 104 31 skada
1181 1648 19 29 å
1218 1645 105 32 andra
1340 1645 179 36 intressen,
1538 1645 108 30 måste

144 1703 189 33 emellertid
367 1702 41 31 de
441 1702 89 31 olika
562 1701 192 31 intressena
775 1701 101 39 vägas
899 1700 90 29 emot
1010 1697 174 32 varandra.
1219 1696 75 31 Vad
1317 1696 44 31 då
1383 1694 138 32 särskilt
1543 1696 104 39 angår

144 1755 161 31 intresset
337 1765 40 20 av
409 1752 269 32 vattenkraftens
701 1750 217 41 utnyttjande
940 1751 53 29 må
1016 1748 139 37 erinras,
1179 1749 50 30 att
1250 1749 84 29 även
1359 1745 288 42 tillgodoseendet

145 1816 39 20 av
203 1804 238 31 kraftbehovet
460 1803 91 30 inom
570 1801 117 31 landet
706 1800 141 31 kommit
865 1802 49 29 att
933 1800 119 40 utgöra
1072 1799 49 30 ett
1140 1797 153 31 alltmera
1311 1794 260 42 betydelsefullt
1590 1794 56 31 led

144 1855 10 31 i
176 1855 124 31 folkets
323 1853 218 41 försörjning.

195 1905 68 31 Vid
298 1904 223 32 utarbetande
556 1915 40 19 av
632 1914 45 19 nu
712 1902 156 40 gällande
893 1900 255 32 bestämmelser
1172 1898 216 32 beträffande
1413 1896 234 42 avvägningen

145 1956 122 31 mellan
296 1954 261 41 torrläggnings-
585 1953 63 31 och
676 1952 418 32 vattenkraftsintressena
1122 1950 60 30 har
1210 1948 139 32 särskilt
1376 1947 156 32 beaktats
1561 1946 87 40 jord-

144 2005 290 41 bruksnäringens
456 2006 92 30 stora
570 2003 233 40 samhälleliga
825 2002 79 31 vikt.
938 2001 18 30 I
980 2000 198 40 anslutning
1200 1998 116 32 härtill
1338 1998 119 31 kräves
1480 1997 11 31 i
1514 1997 135 41 princip

147 2058 52 30 för
221 2055 156 33 tillstånd
400 2055 53 31 till
476 2054 118 42 åtgärd
617 2054 54 31 för
693 2052 298 40 vattenavledning
1040 2071 15 2 —
1078 2051 10 30 i
1112 2051 143 30 motsats
1281 2049 51 31 till
1357 2048 65 31 vad
1446 2059 73 20 som
1543 2047 106 41 gäller

145 2106 216 33 beträffande
393 2104 429 42 vattenbyggnadsföretag
852 2103 11 30 i
895 2102 184 32 allmänhet
1100 2121 12 2 -—-
1162 2101 146 30 allenast
1328 2101 50 29 att
1399 2099 120 40 nyttan
1541 2109 40 20 av
1605 2100 44 29 åt-

146 2157 126 41 gärden
291 2156 188 40 överstiger
499 2155 128 31 skadan
648 2157 19 28 å
686 2165 128 20 annans
835 2152 173 42 egendom.
1042 2152 67 31 För
1130 2151 92 31 vissa
1242 2150 69 37 fall,
1334 2149 167 31 avseende
1522 2148 127 32 huvud-

147 2207 152 40 sakligen
325 2206 125 31 förlust
474 2216 39 20 av
540 2204 244 42 tillgodogjord
811 2202 215 37 vattenkraft,
1053 2202 140 40 skärpes
1220 2199 190 32 emellertid
1437 2199 117 31 kravet
1580 2198 69 31 där-

146 2258 76 37 hän,
242 2259 49 29 att
309 2256 58 31 vid
386 2256 145 31 nämnda
549 2255 196 40 jämförelse
764 2254 168 31 förlusten
952 2255 94 38 tages
1066 2252 11 30 i
1096 2250 189 40 beräkning
1304 2252 56 29 två
1380 2251 133 39 gånger.
1546 2249 104 31 Detta

147 2308 66 30 han
229 2308 131 30 ansetts
377 2305 179 31 motiverat
573 2305 53 31 för
643 2306 49 29 att
710 2303 208 40 tillbörligen
936 2302 131 40 skydda
1085 2301 41 31 de
1144 2301 125 30 värden
1287 2300 11 30 i
1317 2300 94 40 fråga
1429 2310 54 20 om
1501 2300 150 30 vattnets

149 2355 304 42 tillgodogörande,
475 2355 89 30 vilka
586 2355 104 31 redan
712 2353 141 31 kommit
873 2353 53 30 till
948 2351 218 40 användning
1188 2351 54 30 för
1263 2349 260 42 produktionen.

201 2407 68 30 Det
289 2405 98 32 torde
408 2405 122 31 endast
550 2403 10 32 i
582 2404 166 40 sällsynta
769 2403 60 31 fall
851 2402 113 31 kunna
986 2401 242 41 ifrågakomma
1250 2401 50 30 att
1322 2398 329 41 vattenavlednings-

150 2458 138 39 företag,
307 2467 73 20 som
398 2455 100 41 eljest
513 2454 78 32 bort
608 2454 133 31 komma
758 2453 53 32 till
829 2452 109 38 stånd,
958 2451 194 32 förhindras
1171 2453 42 39 på
1231 2450 109 41 grund
1359 2450 101 31 därav
1479 2451 50 30 att
1547 2449 105 32 skada

1699 996 132 23 Utskoltet.
