2218 2650
461 193 22 34 4
898 196 242 41 Lagutskottets
1174 196 176 32 Utlåtande
1378 196 65 31 N:o
1474 198 55 29 53.

410 279 60 34 års
498 276 178 48 inkomst,
692 279 134 33 måste
854 277 303 49 uppenbarligen
1184 277 12 35 i
1224 276 106 50 regel
1356 278 115 35 äfven
1489 276 178 49 taxering
1686 276 66 37 ske
1773 277 41 36 af
1829 276 177 48 inkomst,

410 342 81 22 som
528 328 320 48 nästföregående
886 331 39 33 år
962 329 173 49 åtnjutits
1172 330 42 35 af
1247 343 48 22 en
1332 328 212 37 sedermera
1573 328 136 37 afliden
1742 341 152 37 person,
1937 328 69 36 och

411 380 206 49 rimligtvis
648 380 88 36 böra
764 380 416 50 kommunalutskylder
1204 380 146 49 jämväl
1368 385 157 44 utgöras
1546 380 59 36 för
1633 379 104 50 dylik
1765 381 157 36 taxerad
1949 380 57 37 in-

412 433 139 35 komst.
608 432 89 36 Men
738 432 64 36 vid
844 433 134 36 sådant
1020 432 235 37 förhållande
1294 433 74 36 kan
1406 432 82 37 icke
1525 432 129 36 vidare
1682 432 222 49 uppehållas
1933 433 74 36 den

410 484 278 49 förutsättning
717 484 57 36 för
803 485 326 48 skattskyldighet
1156 484 57 37 till
1241 485 304 46 landskommun,
1576 497 80 24 som
1676 497 50 23 nu
1756 488 40 32 är
1815 484 192 49 uppställd

410 536 86 37 med
525 536 180 37 afseende
736 539 20 33 å
785 536 116 37 sådan
928 537 183 47 inkomst,
1154 550 81 22 som
1264 536 96 37 skall
1388 542 151 32 taxeras
1567 536 12 36 i
1607 535 398 49 mantalsskrifnings-

410 593 119 43 orten,
572 587 222 49 därigenom
836 593 53 32 att
930 589 276 48 förordningen
1234 589 60 36 för
1323 589 104 36 detta
1455 589 66 36 fall
1551 588 157 47 fordrar,
1737 592 55 32 att
1819 588 185 36 vederbö-

409 640 117 38 rande
556 640 96 37 skall
679 639 114 37 hafva
822 641 66 36 sitt
916 645 99 31 rätta
1044 641 47 36 bo
1121 640 70 37 och
1219 641 165 36 hemvist
1411 640 102 37 inom
1541 640 240 36 kommunen.

512 692 222 49 Lösningen
772 692 42 36 af
839 692 122 37 denna
989 693 109 48 fråga
1126 692 134 37 vinnes
1289 692 212 37 emellertid
1529 695 50 46 på
1608 697 54 32 ett
1689 691 128 38 enkelt
1845 696 75 31 sätt
1949 693 57 35 så-

407 744 126 48 lunda,
564 749 56 32 att
648 744 325 50 skattskyldighet
1000 744 58 37 till
1086 744 291 38 landskommun
1405 744 59 37 för
1491 744 170 36 inkomst
1679 749 112 44 göres
1811 742 193 38 beroende

408 796 161 37 allenast
596 796 41 37 af
662 796 73 36 den
765 797 164 37 faktiska
957 797 238 48 taxeringen.
1251 796 235 49 Härigenom
1516 796 162 37 erhålles
1697 796 117 37 också
1833 794 69 38 full
1934 795 70 36 lik-

408 849 65 36 het
503 843 75 59 med
604 847 270 38 förhållandet
900 849 12 35 i
941 849 265 37 motsvarande
1236 848 178 38 afseende
1442 848 13 37 i
1483 848 189 37 städerna.

512 900 53 36 På
598 914 50 22 nu
676 900 158 37 anförda
861 900 169 49 grunder
1058 901 68 37 har
1152 901 103 36 inom
1284 900 395 50 civildepartementet
1705 904 217 45 upprättats
1950 899 56 36 fö-

408 952 226 49 religgande
670 952 147 49 förslag
853 952 57 37 till
945 952 65 50 lag
1048 966 60 23 om
1136 952 144 38 ändrad
1307 952 145 50 lydelse
1480 953 42 36 af
1548 954 44 35 57
1624 951 22 50 $
1674 952 11 36 i
1713 951 293 49 ifrågavarande

408 1004 237 49 förordning,
673 1004 12 36 i
713 1004 144 37 hvilket
884 1018 133 24 senare
1047 1005 109 36 delen
1184 1005 41 36 af
1250 1005 250 49 paragrafens
1528 1004 123 37 första
1678 1004 132 48 stycke
1830 1003 84 36 från
1935 1003 71 36 och

408 1056 87 36 med
533 1057 118 36 orden
688 1056 129 37 »idkar
853 1057 231 48 bergsbruk»
1121 1057 148 48 utbytts
1307 1062 80 31 mot
1413 1061 62 31 »är
1505 1056 157 37 taxerad
1689 1055 57 37 till
1775 1055 137 36 allmän
1941 1055 64 36 be-

408 1108 163 49 villning
607 1109 59 36 för
702 1109 200 36 inkomst».
959 1109 58 36 Då
1045 1109 73 36 den
1147 1122 74 35 nya
1249 1108 373 48 taxeringsmetoden
1653 1108 171 36 kommer
1852 1111 55 32 att
1934 1106 73 36 till-

408 1161 144 48 lämpas
592 1160 81 37 från
712 1161 72 36 och
821 1161 84 36 med
942 1164 41 33 år
1023 1162 110 46 1908,
1171 1160 109 37 torde
1319 1160 113 37 äfven
1470 1160 75 36 den
1573 1160 165 36 ändrade
1767 1158 173 49 lydelsen
1969 1158 42 36 af

408 1212 256 49 nyssnämnda
692 1213 149 48 lagrum
869 1212 93 37 böra
990 1212 104 49 gälla
1122 1212 85 37 från
1235 1212 74 37 den
1341 1214 17 34 1
1384 1211 153 49 januari
1568 1213 107 35 1908.

510 1315 82 37 Mot
621 1315 103 37 detta
752 1316 146 47 förslag
928 1315 68 36 har
1024 1316 188 36 utskottet
1239 1315 85 36 icke
1353 1314 125 37 funnit
1507 1317 120 45 något
1654 1318 54 32 att
1738 1313 134 36 erinra.

512 1471 116 37 Utom
665 1471 73 36 den
777 1470 154 38 sålunda
961 1470 228 37 omnämnda
1216 1469 263 48 föreskriften,
1508 1469 154 37 hvilken
1691 1468 317 48 sammanhänger

408 1523 86 37 med
524 1523 136 49 själfva
688 1523 75 36 den
791 1536 75 36 nya
893 1521 378 50 taxeringsmetoden
1299 1522 68 36 har
1396 1526 54 32 ett
1479 1521 181 37 särskildt
1689 1520 211 49 stadgande
1924 1520 83 36 fun-

407 1575 76 37 nits
525 1574 245 49 erforderligt
810 1576 10 35 i
863 1575 100 49 syfte
1006 1580 55 31 att
1088 1574 150 49 reglera
1265 1574 308 48 utdebiteringen
1601 1573 41 37 af
1666 1572 241 37 kommunala
1936 1572 70 36 och

408 1627 127 48 dylika
571 1627 198 49 utskylder
808 1632 96 32 samt
940 1627 263 48 beräkningen
1241 1626 42 37 af
1309 1626 218 36 kommunal
1556 1630 159 32 rösträtt
1743 1625 85 36 med
1856 1624 149 49 hänsyn

407 1679 54 36 till
493 1680 73 36 den
595 1679 226 49 anordning,
852 1692 80 23 som
962 1678 127 38 blifvit
1117 1678 175 37 bestämd
1320 1678 59 36 för
1407 1679 240 48 öfvergången
1675 1676 56 37 till
1759 1676 64 37 det
1851 1689 74 36 nya
1946 1689 61 35 sy-

407 1736 139 32 stemet
575 1731 236 37 beträffande
840 1731 364 47 beskattningsåret.

509 1783 18 36 I
556 1784 134 36 sådant
718 1783 217 37 hänseende
964 1782 170 37 innehöll
1163 1783 63 35 det
1256 1781 59 37 för
1339 1781 220 49 Riksdagen
1577 1780 211 49 framlagda
1809 1779 196 48 förslaget,

407 1839 55 32 att
503 1834 215 50 bevillning
759 1835 42 36 af
837 1835 75 36 fast
954 1834 189 50 egendom
1186 1834 97 37 skall
1325 1836 47 47 på
1399 1832 195 50 grund
1546 1828 50 60 af
1618 1833 177 48 taxering
1823 1835 40 34 år
1894 1832 108 42 1908,

406 1887 121 37 under
556 1887 145 36 hvilket
730 1890 41 33 år
799 1887 262 49 öfvergången
1090 1891 40 31 är
1159 1886 133 37 afsedd
1321 1891 54 31 att
1403 1891 71 43 äga
1502 1899 94 34 rum,
1625 1887 92 46 utgå
1747 1885 82 36 med
1860 1883 146 49 vanligt

406 1939 138 50 belopp
584 1939 90 36 eller
703 1952 67 23 sex
799 1944 63 31 öre
890 1940 60 35 för
978 1938 132 49 hvarje
1126 1938 91 36 fulla
1235 1943 53 31 ett
1303 1938 147 36 hundra
1465 1937 143 37 kronor
1625 1937 40 36 af
1675 1935 333 54 taxeringsvärdet

406 1995 20 33 å
449 1990 399 50 jordbruksfastighet
876 1992 71 36 och
976 1991 78 36 fem
1082 1995 64 31 öre
1174 1990 59 36 för
1262 1990 133 49 hvarje
1423 1989 91 37 fulla
1543 1994 54 31 ett
1624 1989 147 36 hundra
1800 1989 140 35 kronor
1969 1988 40 35 af

405 2043 336 49 taxeringsvärdet
770 2046 20 32 å
818 2055 124 25 annan
971 2042 186 49 fastighet
1186 2042 69 36 och
1285 2042 237 46 frälseränta,
1539 2040 120 37 under
1675 2040 62 37 det
1753 2045 55 32 att
1822 2040 184 36 inkomst-

405 2095 225 49 bevillning,
668 2094 155 37 hvilken
860 2095 136 49 plägar
1032 2099 157 44 utgöras
1229 2094 85 36 med
1352 2107 45 23 en
1435 2093 60 37 för
1528 2093 146 36 hundra
1704 2094 41 35 af
1769 2092 155 37 taxerad
1951 2091 56 36 in-

405 2148 137 46 komst,
582 2147 119 37 skulle
737 2149 49 47 på
822 2148 123 46 grund
984 2148 42 35 af
1061 2159 141 24 samma
1232 2149 61 33 års
1322 2145 176 49 taxering
1527 2144 177 49 erläggas
1733 2144 158 37 allenast
1919 2143 87 36 med

406 2199 146 37 hälften
594 2200 40 36 af
673 2199 64 37 det
778 2197 156 49 vanliga
962 2198 181 50 beloppet
1171 2197 93 37 eller
1294 2198 149 36 således
1473 2196 86 37 med
1589 2211 46 22 en
1665 2196 83 37 half
1772 2197 59 36 för
1859 2195 147 37 hundra

407 2250 40 36 af
471 2251 359 49 inkomstbeloppet.
1907 2298 3 1 |

512 2303 73 36 Det
621 2316 141 36 genom
798 2302 250 36 förevarande
1091 2301 235 51 proposition
1355 2302 12 35 i
1395 2301 256 49 nygsberörda
1679 2301 102 48 syfte
1809 2300 59 36 för
1895 2297 110 36 Riks-
