2226 2622
201 1192 106 22 Motion.

192 1654 131 21 Utskottet.

407 172 40 31 12
798 165 343 34 Jordbruksutskottets
1163 163 166 32 utlåtande
1351 163 53 31 Nr
1426 162 73 31 107.

362 254 75 32 stat
475 249 108 36 torde
624 246 329 49 anslagsbeloppet
993 243 91 36 böra
1124 247 189 43 upptagas
1350 240 57 36 till
1444 239 126 48 jämnt
1613 239 161 42 100,000
1804 236 149 36 kronor.

363 301 97 36 Hela
483 300 103 37 detta
604 299 149 48 belopp,
773 304 105 29 utom
899 296 45 36 de
964 296 138 42 24,000
1121 294 140 35 kronor
1280 305 82 23 som
1381 295 65 31 äro
1465 289 164 37 avsedda
1647 289 56 36 till
1723 288 232 38 auskultant-

364 352 165 37 arvoden
571 350 119 37 under
728 351 40 34 år
805 350 109 44 1918,
944 347 68 36 bör
1040 346 35 36 få
1102 347 93 47 utgå
1222 343 117 36 redan
1366 342 13 35 i
1406 345 50 33 år.
1513 340 130 36 Såsom
1669 340 102 37 förut
1799 339 157 37 erinrats

365 404 68 36 har
474 402 140 49 Kungl.
662 400 107 48 Maj:t
810 399 196 48 föreslagit
1045 397 203 46 riksdagen
1291 400 55 30 att
1387 393 56 36 för
1470 392 213 36 ändamålet
1709 391 170 37 beräkna
1905 394 52 32 ett

364 456 138 48 belopp
530 468 47 22 av
609 453 161 47 100,000
798 451 149 36 kronor.

495 506 73 36 För
587 502 221 50 åtnjutande
827 516 47 22 av
894 502 208 36 tillskotten
1117 500 56 36 till
1189 497 410 45 distriktslantmätare,
1615 500 105 30 extra
1735 494 224 36 lantmätare

367 558 71 37 och
480 557 261 36 auskultanter
781 554 85 36 med
908 552 145 39 arvode.
1088 552 90 36 böra
1205 550 175 48 reglerna
1409 548 57 36 för
1494 545 326 50 krigstidstillägg
1846 545 13 36 1
1886 544 73 37 till-

367 609 179 50 lämpliga
565 608 103 36 delar
685 606 111 37 lända
814 606 59 35 till
888 604 255 37 efterrättelse.
1176 602 16 36 I
1208 602 73 35 den
1296 603 86 34 mån
1399 598 184 37 särskilda
1597 596 362 49 tillämpningsföre-

368 661 155 37 skrifter
551 662 62 34 må
640 662 81 33 visa
749 658 62 48 sig
839 656 213 48 behövliga,
1082 654 107 37 torde
1218 653 45 36 de
1289 653 91 36 böra
1404 650 189 37 meddelas
1612 662 46 23 av
1677 647 145 49 Kungl.
1844 647 116 49 Maj:t.

496 712 74 36 Det
599 711 214 47 föreslagna
841 706 278 51 uppflyttandet
1138 720 46 21 av
1202 702 523 39 lantmäteriauskultanterna
1745 699 86 36 från
1852 699 110 36 femte

369 765 56 36 till
452 763 121 50 fjärde
601 763 150 35 klassen
779 762 12 35 i
818 759 327 47 resereglementet
1172 769 113 37 synes
1315 755 81 47 mig
1415 754 96 36 hava
1542 754 66 47 fog
1635 753 57 35 för
1719 751 72 49 sig.
1844 749 116 37 Bland

364 816 221 50 jämförliga
613 812 386 48 befattningshavare,
1029 823 81 23 som
1138 808 115 37 redan
1282 820 51 23 nu
1361 812 187 43 upptagas
1567 805 12 35 i
1599 801 234 39 sistnämnda
1852 801 110 45 klass,

370 869 139 45 kunna,
550 872 105 30 utom
696 865 45 36 de
782 877 47 23 av
856 861 399 48 lantmäteristyrelsen
1284 856 248 38 omförmälda
1560 861 105 32 extra
1687 850 276 58 jägmästarna,

371 925 157 31 nämnas
556 918 218 36 assistenter
800 914 64 37 vid
892 911 456 51 skogsförsöksanstalten
1376 909 69 36 och
1472 907 64 37 vid
1557 906 332 38 centralanstalten
1910 904 56 36 för

370 968 330 40 försöksväsendet
731 970 47 46 på
802 963 385 53 jordbruksområdet,
1216 961 317 44 fiskeriassistent,
1562 957 220 38 biträdande
1810 957 154 49 tjänste-

372 1028 87 31 män
487 1021 64 37 vid
581 1020 174 48 Sveriges
784 1017 223 51 geologiska
1034 1015 286 46 undersökning
1347 1018 97 31 samt
1471 1017 106 31 extra
1596 1010 239 36 veterinärer.
1890 1006 76 48 Jag

373 1074 104 37 torde
506 1072 198 37 framdeles
733 1071 37 35 få
798 1070 146 36 tillfälle
974 1073 52 31 att
1054 1067 232 37 återkomma
1313 1065 57 35 till
1398 1064 122 36 denna
1549 1063 142 47 fråga.»

503 1177 17 35 I
548 1176 103 36 detta
692 1173 278 48 sammanhang
1012 1172 66 35 har
1118 1170 185 37 utskottet
1344 1168 53 36 till
1431 1166 232 47 behandling
1691 1163 165 37 förehaft
1882 1175 47 24 en
1956 1162 12 35 i

375 1228 208 47 anledning
603 1241 45 22 av
668 1224 290 50 ifrågavarande
977 1222 235 49 proposition
1233 1234 48 23 av
1302 1220 85 36 herr
1412 1220 154 35 Vasseur
1584 1218 12 35 i
1616 1218 119 35 första
1750 1215 219 36 kammaren

375 1280 113 37 väckt
529 1279 157 43 motion,
723 1291 45 23 nr
799 1278 83 43 156,
912 1276 79 35 vari
1019 1273 237 46 framställes,
1286 1277 54 30 att
1366 1270 206 48 riksdagen
1599 1268 87 36 ville
1714 1270 20 33 å
1762 1272 108 31 extra
1896 1270 74 31 stat

376 1332 130 36 anvisa
533 1336 53 31 ett
615 1330 135 48 anslag
778 1342 46 22 av
846 1328 137 45 50,400
1003 1327 141 35 kronor
1162 1325 56 36 till
1240 1326 47 34 56
1308 1322 155 50 stycken
1482 1318 487 42 lantmäteriauskultanter,

376 1384 102 36 vilka
519 1383 84 36 icke
645 1382 144 47 åtnjuta
830 1379 164 36 arvoden
1035 1378 83 35 från
1159 1376 122 37 medel
1309 1378 21 33 å
1358 1379 122 31 staten
1510 1373 57 35 för
1594 1368 377 39 lantmäteristaten
1952 1364 23 58 i

377 1442 162 40 orterna,
577 1434 69 36 och
682 1432 101 36 vilka
810 1432 131 47 avlagt
969 1429 375 36 lantmäteriexamen
1374 1429 87 33 åren
1491 1426 111 43 1912,
1634 1424 94 35 1913
1759 1421 72 37 och
1862 1421 109 44 1914,

378 1493 54 30 att
460 1490 92 44 utgå
580 1485 85 36 med
695 1486 73 34 300
796 1483 142 36 kronor
964 1482 12 35 i
1006 1481 163 36 arvoden
1199 1480 57 35 för
1285 1478 102 36 tiden
1419 1477 72 36 den
1523 1478 17 33 1
1568 1475 71 49 juli
1670 1476 96 34 1917
1796 1473 59 35 till
1875 1474 98 34 årets

379 1540 75 35 slut
482 1543 98 31 samt
609 1538 73 35 600
710 1536 140 36 kronor
877 1535 13 35 i
918 1533 165 37 arvoden
1112 1532 57 36 för
1197 1534 41 33 år
1270 1532 108 34 1918.

508 1640 262 37 Förevarande
806 1637 235 50 proposition
1071 1648 106 23 avser
1205 1633 210 37 beredande
1444 1646 45 21 av
1508 1630 170 48 tillfällig
1696 1627 278 48 avlöningsför-

380 1693 169 47 bättring
577 1695 37 33 åt
642 1692 100 35 vissa
768 1691 234 35 lantmätare.

508 1744 66 37 Uti
604 1744 72 36 den
704 1741 263 49 föreliggande
995 1740 191 36 motionen
1214 1744 135 43 yttras,
1378 1741 54 30 att
1459 1740 133 30 utöver
1620 1733 44 36 de
1691 1733 49 35 40
1770 1729 207 39 oavlönade

381 1794 484 45 lantmäteriauskultanter,
907 1792 103 36 vilka
1044 1792 12 35 i
1083 1790 283 50 propositionen
1408 1786 217 48 föreslagits
1664 1784 57 36 till
1763 1781 214 38 erhållande

383 1863 45 22 av
468 1847 186 37 särskilda
695 1845 165 37 arvoden
901 1844 220 48 ytterligare
1163 1843 46 34 56
1253 1840 140 37 sådana
1430 1838 259 37 auskultanter
1718 1835 117 36 därav
1863 1835 115 34 måtte

382 1902 151 35 komma
561 1900 12 35 i
602 1897 230 50 åtnjutande.

512 1951 52 36 På
606 1955 72 31 sätt
719 1946 413 52 departementschefen
1172 1944 178 49 påpekar,
1379 1941 161 48 härflyta
1567 1938 290 50 ifrågavarande
1884 1936 95 36 lant-

385 2003 384 48 mäteritjänstemäns
811 2000 209 35 inkomster
1060 1996 305 47 huvudsakligen
1405 1993 89 37 eller
1535 1992 78 36 helt
1653 1990 70 37 och
1755 1989 116 36 hållet
1900 1988 81 35 från

387 2055 125 36 arbete
540 2054 120 47 enligt
688 2053 58 35 för
774 2051 83 37 dem
886 2049 152 37 faställd
1067 2055 97 30 taxa.
1222 2047 90 37 Som
1341 2046 140 36 sådana
1509 2044 209 36 inkomster
1738 2041 83 36 icke
1840 2038 141 50 grund-

386 2108 115 48 lägga
541 2110 75 31 rätt
658 2104 56 36 till
756 2101 324 50 krigstidstillägg
1120 2100 118 47 enligt
1280 2111 46 23 av
1367 2095 254 38 innevarande
1649 2097 57 33 års
1733 2092 160 48 riksdag
1919 2091 63 36 be-

386 2158 146 37 slutade
573 2156 179 50 grunder,
791 2154 121 37 skulle
941 2152 165 37 nämnda
1133 2152 227 35 lantmätare
1387 2147 302 50 uppenbarligen
1717 2145 153 35 komma
1896 2143 13 35 i
1936 2154 48 23 en

387 2209 242 48 väsentligen
657 2212 121 32 sämre
806 2204 183 48 ställning
1016 2209 48 31 än
1092 2203 132 48 övriga
1252 2200 252 49 statstjänare.
1561 2198 17 35 I
1606 2197 119 36 likhet
1744 2195 89 37 med
1854 2194 129 48 depar-

388 2259 296 39 tementschefen
726 2271 109 24 anser
867 2256 184 37 utskottet
1080 2255 101 48 förty
1208 2253 64 36 det
1300 2265 89 23 vara
1415 2251 85 36 med
1528 2249 158 37 rättvisa
1713 2247 71 37 och
1812 2244 174 48 billighet
