1910 2782
275 128 43 31 30
548 128 450 32 Konstitutionsutskottets
1020 131 179 30 utlåtande
1219 142 43 19 nr
1282 133 38 29 21
1344 133 38 30 år
1405 134 84 29 1966

277 215 75 20 som
367 208 86 29 även
468 207 221 31 kommunal-
705 209 65 30 och
785 210 426 41 municipalfullmäktige.
1228 212 434 32 Konstitutionsutskottet
1684 214 78 34 (utl.

276 268 42 20 nr
335 259 58 34 22)
416 260 190 40 tillstyrkte
624 262 261 39 propositionen
904 264 11 29 i
933 264 137 39 princip
1090 274 79 20 men
1190 265 150 40 föreslog
1360 268 48 28 ett
1429 269 108 27 annat
1558 269 128 38 system
1708 267 54 30 för

277 313 241 39 suppleanters
537 314 165 31 utseende
720 316 65 29 och
802 316 201 31 inkallande
1022 319 45 29 än
1086 318 56 29 det
1160 318 126 40 Kungl.
1306 319 105 40 Maj:t
1431 319 175 40 framlagt.
1626 320 135 40 Frågan

276 365 72 34 föll,
374 366 106 30 sedan
505 367 189 31 kamrarna
719 370 141 28 stannat
884 370 10 29 i
920 370 94 29 olika
1037 370 124 30 beslut.
1187 371 52 30 Då
1266 372 207 39 spörsmålet
1500 373 224 40 återupptogs
1750 374 11 28 i

275 428 43 20 en
333 419 132 30 motion
481 419 40 30 år
538 420 93 36 1928,
649 421 177 40 avstyrkte
842 423 193 29 emellertid
1052 424 427 32 konstitutionsutskottet
1502 426 79 34 (utl.
1600 436 42 20 nr
1659 427 36 34 5)
1719 436 41 20 en

274 471 130 30 reform
423 473 113 30 under
554 473 193 31 anförande
766 475 11 29 i
795 475 197 35 huvudsak,
1013 478 50 28 att
1083 477 40 29 de
1144 477 145 40 tidigare
1310 478 161 39 påtalade
1493 480 267 38 olägenheterna

274 534 37 20 av
339 527 49 28 att
414 526 224 39 suppleanter
663 527 172 30 saknades
860 529 11 29 i
894 529 150 31 berörda
1068 530 239 30 institutioner
1332 531 89 31 hade
1447 533 185 34 minskats,
1658 533 44 30 bl.
1730 543 29 20 a.

274 586 123 31 genom
428 579 412 32 kommunikationernas
869 582 134 30 snabba
1036 583 209 40 utveckling,
1279 585 64 29 och
1376 587 50 27 att
1458 585 219 40 principiella
1709 587 51 29 in-

272 631 219 40 vändningar
515 633 117 30 kunde
657 633 142 31 anföras
824 636 72 28 mot
921 635 66 30 den
1013 635 198 40 föreslagna
1236 637 186 35 reformen,
1449 638 94 31 vilka
1569 639 190 40 övervägde

272 684 201 31 fördelarna
495 686 154 30 därmed.
672 687 198 40 Riksdagen
893 689 118 39 avslog
1034 689 188 30 motionen.
1246 690 52 30 Då
1320 700 68 30 nya
1412 692 172 30 motioner
1608 693 10 29 i
1642 694 117 28 ämnet

271 738 140 30 väcktes
429 738 84 30 åren
534 739 83 30 1930
636 739 64 30 och
720 740 95 37 1932,
833 740 76 31 blev
927 741 176 40 utgången
1122 742 205 31 densamma
1346 745 11 29 i
1375 744 88 30 både
1484 745 170 30 utskottet
1679 746 78 34 (utl.

271 800 43 21 nr
337 791 40 30 30
401 800 90 31 resp.
516 792 37 34 4)
582 793 65 29 och
670 793 198 40 riksdagen.
893 794 53 30 En
972 804 117 20 annan
1115 795 219 40 ståndpunkt
1360 797 114 40 intogs
1501 798 192 31 emellertid
1719 799 40 30 år

272 844 95 37 1944,
387 844 44 30 då
450 845 188 40 riksdagen
657 846 46 39 på
722 846 188 31 utskottets
930 848 211 30 hemställan
1167 849 79 34 (utl.
1268 859 42 19 nr
1331 850 36 34 8)
1393 850 112 30 beslöt
1526 861 43 21 en
1592 852 165 30 skrivelse

270 897 52 30 till
340 898 125 39 Kungl.
483 898 107 40 Maj:t
607 900 79 29 med
703 899 151 40 begäran
873 909 56 21 om
948 901 188 40 utredning
1154 902 149 31 rörande
1322 903 250 40 lämpligheten
1592 914 43 20 av
1651 914 106 31 supp-

269 951 132 30 leanter
420 951 54 30 för
494 952 112 29 stads-
624 952 241 35 ,kommunal-,
884 954 208 40 municipal-
1112 955 63 29 och
1195 955 348 42 kyrkofullmäktige.

312 1004 138 39 Frågan
473 1004 79 30 blev
577 1004 146 32 föremål
750 1005 56 31 för
830 1006 169 40 ingående
1026 1008 263 40 överväganden
1316 1009 112 30 under
1454 1009 222 40 förarbetena
1705 1011 52 30 till

270 1057 84 30 1953
383 1057 57 30 års
470 1057 276 41 kommunallag.
778 1059 99 30 Såväl
908 1060 495 40 kommunallagskommittén
1441 1062 102 35 (SOU
1577 1064 174 34 1952:14)

266 1119 77 21 som
363 1110 386 40 departementschefen
776 1112 113 40 (prop.
913 1112 100 31 1953:
1028 1113 81 35 210)
1135 1115 66 29 och
1221 1115 428 32 konstitutionsutskottet
1676 1118 78 34 (utl.

270 1163 99 30 1953:
385 1164 58 34 22)
466 1164 124 30 ställde
610 1164 50 40 sig
678 1165 187 31 avvisande
883 1166 52 30 till
955 1176 42 20 en
1016 1166 141 31 reform.
1178 1167 157 31 Särskild
1353 1169 74 30 vikt
1448 1170 182 30 tillmättes
1647 1180 45 21 en
1712 1181 42 20 av

266 1217 209 30 kommittén
494 1218 192 29 verkställd
708 1218 105 30 enkät
833 1219 106 30 bland
960 1219 268 36 kommunerna,
1249 1221 117 30 vilken
1388 1222 119 30 visade
1530 1225 50 28 att
1603 1223 150 31 flertalet

266 1270 147 39 avböjde
430 1270 459 41 fullmäktigesuppleanter,
907 1282 44 20 en
968 1273 205 40 inställning
1192 1283 75 20 som
1286 1276 44 29 än
1348 1284 97 21 mera
1464 1276 92 30 klart
1576 1276 176 31 framkom

264 1323 59 30 vid
343 1324 385 40 remissbehandlingen
750 1334 43 20 av
813 1325 247 31 betänkandet.

308 1376 93 30 Även
420 1377 113 30 under
549 1376 222 40 förarbetena
792 1377 52 30 till
863 1378 80 30 1961
965 1378 58 30 års
1043 1379 55 39 lag
1117 1389 55 20 om
1192 1379 375 42 församlingsstyrelse
1588 1383 162 31 berördes

264 1429 324 41 suppleantfrågan.
621 1431 598 40 Församlingsstyrelsekommittén
1258 1434 101 34 (SOU
1396 1435 156 30 1957:15
1589 1437 64 29 och
1686 1437 59 34 45)

263 1483 65 29 och
348 1483 385 39 departementschefen
760 1484 112 40 (prop.
897 1485 173 35 1961:70)
1097 1486 29 39 ej
1152 1487 123 29 endast
1296 1488 162 30 avvisade
1480 1489 132 31 tanken
1633 1490 44 39 på
1699 1491 51 29 in-

262 1535 146 31 förande
424 1545 42 20 av
483 1537 225 39 suppleanter
723 1537 10 30 i
751 1537 41 30 de
808 1537 205 31 beslutande
1031 1547 152 31 organen
1201 1542 85 28 utan
1305 1540 186 31 förordade
1510 1543 86 29 även
1614 1544 50 28 att
1682 1544 66 29 den

260 1588 38 30 år
319 1588 83 31 1942
421 1589 152 40 lagfästa
592 1590 432 39 suppleantinstitutionen
1045 1592 11 30 i
1077 1592 219 31 Stockholms
1318 1593 431 42 församlingsdelegerade

261 1642 112 30 skulle
397 1643 193 39 upphävas.
616 1643 432 31 Konstitutionsutskottet
1079 1645 78 34 (utl.
1183 1655 43 20 nr
1253 1646 56 34 16)
1340 1646 87 31 fann
1453 1648 193 30 emellertid
1673 1658 75 31 spe-

259 1695 100 30 ciella
379 1695 76 30 skäl
476 1695 169 40 föreligga
665 1696 55 29 för
742 1698 50 28 att
811 1697 137 30 behålla
969 1697 221 31 sistnämnda
1212 1699 210 30 institution.

303 1749 49 29 De
372 1749 86 34 skäl,
479 1758 75 20 som
575 1749 135 30 anförts
730 1749 55 30 för
805 1750 64 29 och
889 1752 92 28 emot
1000 1750 201 31 införandet
1222 1762 43 20 av
1285 1754 225 38 suppleanter
1530 1755 63 30 hos
1616 1755 41 30 de
1676 1756 69 39 pri-

257 1802 308 30 märkommunala
594 1803 372 38 representationerna,
996 1804 65 29 har
1089 1804 57 30 vid
1176 1807 127 28 ettvart
1332 1816 43 20 av
1403 1807 65 30 här
1498 1808 150 39 angivna
1678 1809 67 30 till-

257 1854 108 30 fällen
381 1855 89 30 varit
487 1855 11 30 i
516 1857 88 28 stort
621 1857 66 28 sett
704 1856 189 30 desamma.
911 1856 68 30 Till
998 1856 139 31 förmån
1155 1857 54 30 för
1229 1868 42 20 en
1289 1859 132 30 reform
1439 1860 65 30 har
1522 1863 132 29 ansetts
1673 1863 71 29 tala

256 1907 126 30 främst
399 1908 282 30 önskvärdheten
700 1918 41 21 av
758 1908 212 40 fulltalighet
987 1910 66 30 och
1070 1911 118 29 risken
1208 1911 55 30 för
1281 1914 49 28 att
1349 1912 209 32 ledamöters
1579 1914 163 31 frånvaro

255 1960 198 31 föranleder
476 1961 125 34 beslut,
627 1970 74 21 som
728 1962 124 30 strider
877 1965 72 27 mot
975 1972 43 21 en
1043 1963 225 41 församlings
1294 1966 248 40 partimässiga
1568 1977 174 21 samman-

255 2015 164 38 sättning.
438 2015 73 29 Mot
526 2024 46 20 en
590 2014 130 30 reform
739 2015 64 30 har
823 2016 141 29 särskilt
984 2016 146 35 anförts,
1151 2019 51 28 att
1222 2018 66 30 den
1308 2019 118 30 kunde
1447 2019 179 32 förväntas
1647 2022 94 30 med-

253 2067 77 30 föra
343 2077 43 20 en
401 2068 165 29 minskad
581 2068 271 30 ansvarskänsla
867 2069 93 29 inför
975 2069 148 30 berörda
1138 2071 159 40 uppdrag
1312 2072 65 29 och
1392 2074 50 28 att
1459 2073 57 30 det
1531 2074 111 30 måste
1657 2085 82 20 vara

252 2130 43 20 av
313 2121 105 29 värde
440 2122 50 29 att
511 2121 114 30 beslut
647 2120 107 31 fattas
777 2131 42 20 av
840 2131 41 20 en
904 2121 80 30 från
1007 2122 56 30 det
1086 2132 65 21 ena
1174 2125 277 31 sammanträdet
1473 2127 52 30 till
1550 2127 57 30 det
1630 2129 108 29 andra

251 2174 214 31 oförändrad
491 2174 217 40 församling,
736 2177 90 28 samt
852 2176 86 29 även
965 2177 50 28 att
1042 2177 224 39 suppleanter
1293 2178 118 31 kunde
1437 2179 139 31 befaras
1604 2181 71 30 inte
1702 2182 36 29 få

249 2228 199 30 önskvärda
473 2227 297 31 kvalifikationer.
