2216 2628
455 221 48 34 30
904 224 239 40 Lagutskottets
1176 225 177 32 Utlåtande
1380 225 65 32 N:o
1476 228 49 28 40.

576 331 132 36 Kongl.
733 332 118 36 Maj:ts
874 332 147 36 förslag.
1410 333 211 29 Utskottets
1644 333 148 36 förslag.

504 407 33 34 3.
591 404 87 48 mål,
708 418 82 24 som
818 405 126 37 blifvit
971 405 64 38 vid
1071 406 216 38 häradsrätt
1313 406 337 50 anhängiggjordt,
1679 410 59 34 må
1766 407 162 37 allenast
1956 408 42 36 af

399 456 277 37 rådstufvurätt
703 462 199 44 upptagas,
933 457 92 38 eller

504 510 35 35 4.
593 508 93 37 tvist
722 514 41 31 är
799 522 59 24 om
896 510 76 36 fast
1000 510 187 49 egendom
1217 510 96 37 efter
1340 517 39 43 ty
1407 511 13 36 i
1451 513 46 34 14
1526 510 90 38 eller
1646 513 45 34 19
1720 510 21 50 &
1770 516 100 43 sägs,
1900 510 93 38 eller

400 574 62 23 om
499 560 385 50 äktenskapsskilnad
922 561 94 37 eller
1052 565 187 46 återgång
1267 563 41 35 af
1331 562 207 50 giftermål,
1567 562 91 38 eller
1686 576 62 24 om
1775 563 178 47 giftorätt
1980 563 13 36 i

398 612 49 37 bo
486 612 98 37 efter
620 612 86 48 den,
749 625 80 24 som
867 613 75 37 död
979 618 52 43 är,
1060 614 91 37 eller
1179 628 61 23 om
1268 619 74 31 rätt
1369 614 58 37 till
1455 615 94 36 hang
1579 614 293 50 qvarlåtenskap
1902 614 91 37 eller

399 663 114 37 andel
553 664 80 37 deri
674 667 49 46 på
762 665 124 48 grund
923 665 42 37 af
990 665 60 37 arf
1074 665 92 38 eller
1194 670 243 45 testamente,
1467 666 90 38 eller
1584 680 61 24 om
1686 666 175 37 arfskifte
1900 666 93 37 eller

394 715 206 49 jemkning
627 715 96 47 deri;

504 770 34 34 5.
592 767 92 37 tvist
725 773 42 31 är
807 782 58 23 om
904 774 137 31 utmätt
1080 769 248 50 lösegendom
1357 770 93 37 eller
1477 770 181 50 giltighet
1685 770 42 38 af
1750 771 242 49 lösöreköps-

399 818 236 49 afhandling,
664 820 71 37 och
764 820 71 37 den
864 820 92 37 tvist
998 821 118 49 enligt
1152 822 63 49 lag
1245 821 96 38 skall
1368 822 239 50 handläggas
1635 823 63 36 vid
1726 827 123 32 rätten
1876 822 12 36 i
1917 822 74 37 den

400 876 73 43 ort,
503 871 66 37 der
595 872 142 48 godset
764 872 139 46 finnes;

505 925 33 35 6.
592 923 120 49 fråga,
755 924 157 37 hvarom
940 924 12 37 i
982 924 111 37 målet
1132 925 150 48 tvistas,
1324 930 41 32 är
1407 926 41 37 af
1488 926 261 38 beskaffenhet
1782 931 55 33 att
1864 927 128 37 kunna

397 979 95 33 utan
521 975 237 50 föregången
787 976 194 49 stämning
1007 982 189 44 upptagas
1224 978 64 36 vid
1316 977 182 47 domstol;

505 1029 34 34 7.
595 1027 107 49 fråga
730 1032 41 32 är
798 1042 60 23 om
887 1041 139 24 ansvar
1053 1029 91 37 eller
1172 1043 128 23 annan
1327 1030 145 49 påföljd
1503 1030 58 36 för
1588 1030 113 37 brott.

1142 1185 48 35 30
1220 1182 32 50 8.

501 1277 55 43 Är
596 1283 86 48 mål,
721 1283 156 38 hvarom
913 1285 13 36 i
964 1286 47 35 29
1046 1284 20 50 $
1095 1287 20 34 7
1145 1298 113 24 mom.
1287 1286 194 47 förmäles,
1509 1287 177 49 pröfvadt
1714 1288 41 36 af
1779 1288 210 48 underrätt,

397 1338 61 34 må
495 1336 33 49 ej
566 1336 109 49 fråga
713 1349 60 23 om
803 1336 87 37 dess
918 1336 228 50 behörighet
1172 1343 191 44 upptagas
1391 1338 12 37 i
1431 1338 120 50 högre
1579 1343 86 43 rätt,
1695 1339 67 37 der
1790 1341 33 48 ej
1854 1340 137 49 frågan

397 1387 42 36 af
463 1392 86 45 part
574 1387 12 36 i
613 1387 88 48 laga
738 1388 163 49 ordning
929 1389 147 49 dragits
1104 1390 120 36 under
1252 1390 74 37 den
1349 1390 123 49 högre
1499 1396 144 32 rättens
1672 1392 194 49 pröfning,
1897 1392 93 37 eller

397 1439 73 37 ock
511 1439 247 37 underrätten
798 1443 48 47 på
886 1441 126 49 grund
1052 1441 40 37 af
1130 1447 116 32 annat
1274 1441 211 50 stadgande
1513 1442 12 37 i
1553 1443 162 37 nämnda
1744 1443 21 50 &
1793 1444 86 37 bort
1906 1444 84 37 visa

397 1491 116 38 målet
540 1492 85 36 från
654 1491 72 50 sig.

1138 1614 45 35 31
1216 1612 32 49 &

500 1713 17 36 I
544 1714 83 47 mål,
657 1727 81 24 som
767 1714 124 37 blifvit
919 1714 234 38 omedelbart
1181 1714 65 38 vid
1265 1715 121 50 högre
1405 1721 77 32 rätt
1501 1716 337 51 anhängiggjordt,
1859 1717 128 50 åligge

395 1769 129 33 rätten
564 1770 55 32 att
659 1766 214 37 oberoende
914 1767 43 36 af
989 1766 236 50 invändning
1260 1768 146 48 pröfva,
1444 1768 182 38 huruvida
1655 1769 75 36 den
1758 1774 41 32 är
1826 1770 163 48 behörig

396 1822 56 31 att
480 1816 113 38 målet
620 1822 180 45 upptaga.

1137 1942 47 34 32
1215 1938 34 50 8.

499 2039 114 49 Aftal,
655 2040 246 49 hvarigenom
943 2044 127 46 någon
1106 2042 122 37 utfäst
1265 2042 60 49 sig
1361 2047 56 32 att
1454 2056 110 24 svara
1590 2027 64 52 vid
1683 2055 125 25 annan
1835 2048 47 32 än
1910 2048 77 32 rätt

394 2091 178 49 domstol,
602 2105 90 24 vare
721 2098 91 32 utan
840 2093 157 37 verkan.
