2242 2640
691 225 239 40 Lagutskottets
965 225 175 32 Utlåtande
1168 225 65 31 N:o
1263 227 51 29 40.
1719 222 41 33 17

224 306 184 36 särskilda
449 305 41 37 af
528 305 219 49 Konungen
788 305 222 38 meddelade
1052 305 286 37 bestämmelser
1376 305 216 37 tillkommit
1620 305 101 37 vissa
1749 304 65 37 all-

223 363 137 32 männa
387 357 265 50 inrättningar.

325 410 16 36 I
379 410 109 49 fråga
525 423 60 23 om
621 410 54 36 tid
713 410 70 37 och
821 415 74 31 sätt
930 410 60 36 för
1023 410 73 36 den
1125 410 175 36 anmälan
1328 423 59 23 om
1417 409 180 50 missnöje
1626 414 79 32 mot
1732 410 82 36 hof-

222 467 142 32 rättens
406 462 99 47 dom,
547 462 180 37 hvarmed
768 462 375 37 revisionssökandet
1185 462 120 48 enligt
1344 461 286 50 propositionen
1677 461 136 37 liksom

223 515 121 48 enligt
385 514 177 49 gällande
600 515 63 48 lag
691 514 157 48 inledes,
878 514 337 37 öfverensstämma
1245 514 305 49 propositionens
1578 513 237 38 föreskrifter

224 566 83 37 med
338 566 99 37 hvad
466 567 59 35 för
554 566 235 37 närvarande
818 566 130 49 gäller.
993 565 429 50 Revisionsskillingens
1450 565 263 48 nedsättande,
1734 578 81 24 som

222 619 60 36 för
309 618 238 37 närvarande
577 621 118 34 måste
723 632 73 35 ega
824 631 80 23 rum
923 618 12 36 i
955 618 275 48 sammanhang
1255 618 85 37 med
1360 618 199 48 missnöjes
1579 617 234 48 anmälande,

223 671 69 36 har
320 670 210 37 emellertid
557 670 12 36 i
597 670 286 49 propositionen
913 670 161 48 förlagts
1103 670 57 36 till
1189 675 56 32 ett
1273 683 132 24 senare
1426 670 175 48 stadium,
1621 669 193 49 nemligen

223 722 64 37 vid
315 722 237 49 klagandens
581 722 210 37 inställelse
820 722 11 36 i
860 722 117 37 nedre
1000 722 347 49 justierevisionen.

326 775 15 35 I
371 774 179 37 afseende
579 777 20 33 å
626 774 225 37 utfärdande
893 775 40 35 af
972 775 106 38 bevis
1115 774 163 37 rörande
1306 774 390 48 missnöjesanmälan,
1735 787 81 23 som

224 827 41 36 af
289 827 194 36 hofrätten
521 827 209 49 upptagits,
769 831 98 32 samt
895 826 143 49 klagan
1067 826 109 37 öfver
1205 826 212 37 hofrättens
1445 826 12 36 i
1487 826 108 49 fråga
1624 839 60 23 om
1713 826 103 49 dylik

223 878 174 37 anmälan
425 878 222 37 meddelade
668 878 125 37 beslut
811 878 114 37 hafva
944 879 54 36 uti
1017 878 287 50 propositionen
1332 878 220 49 föreslagits
1576 877 239 38 bestämmel-

224 944 72 34 ser,
325 930 265 37 motsvarande
619 930 97 47 dem,
746 943 78 23 som
854 930 234 37 beträffande
1117 930 273 37 vadeanmälan
1419 929 266 37 föreskrifvits.

327 982 16 36 I
372 987 157 31 motsats
558 986 77 33 mot
662 982 274 36 vadeanmälan
964 982 57 36 får
1050 982 173 36 anmälan
1252 995 60 23 om
1340 982 182 48 missnöje
1550 987 78 31 mot
1655 981 161 37 hofrätts

224 1034 87 36 dom
338 1034 12 36 i
378 1034 260 36 revisionsmål
667 1034 33 49 ej
730 1039 90 31 utan
848 1034 129 37 vidare
1007 1033 213 48 återkallas,
1258 1039 90 31 utan
1376 1034 149 36 medför
1551 1033 12 36 i
1591 1033 132 49 hvarje
1752 1033 64 37 fall

224 1086 220 50 skyldighet
472 1090 55 32 att
554 1085 57 37 till
640 1090 223 45 motparten,
893 1086 128 36 derest
1049 1086 123 37 denne
1200 1086 102 37 inom
1330 1086 130 36 trettio
1490 1085 117 49 dagar
1627 1085 97 37 efter
1744 1085 70 36 den

223 1138 60 36 för
312 1137 209 37 svaromåls
550 1137 221 48 afgifvande
800 1138 197 36 bestämda
1025 1138 54 36 tid
1108 1138 132 36 derom
1269 1137 215 48 skriftligen
1512 1138 69 36 hos
1602 1137 213 48 Konungen

224 1196 71 42 gör
324 1189 291 49 framställning,
644 1189 149 48 utgifva
822 1189 214 48 ersättning
1064 1190 59 36 för
1152 1189 95 36 hans
1276 1189 173 37 kostnad.

327 1241 121 36 Tiden
477 1241 59 36 för
564 1241 167 48 fullföljd
760 1241 40 36 af
825 1241 404 48 revisionsansökning
1266 1241 66 36 har
1360 1241 11 36 i
1399 1241 288 49 propositionen
1721 1245 94 32 satts

223 1293 55 36 till
320 1293 237 48 fyrtiofemte
598 1293 125 48 dagen
765 1293 84 35 från
890 1293 213 36 hofrättens
1134 1292 98 48 dom,
1262 1293 156 46 hvilket,
1447 1297 104 32 utom
1578 1292 11 36 i
1618 1292 109 48 fråga
1756 1306 57 23 om

224 1345 126 37 vexel-
380 1344 70 37 och
480 1344 245 49 sjörättsmål,
754 1344 157 37 innebär
940 1357 48 24 en
1016 1344 147 49 ganska
1191 1344 191 49 väsentlig
1409 1343 243 49 förkortning
1679 1344 42 36 af
1743 1344 73 36 den

224 1397 67 48 tid,
321 1409 80 24 som
429 1396 12 36 i
471 1396 134 37 sådant
632 1396 180 37 afseende
839 1410 50 22 nu
919 1401 41 31 är
987 1396 186 36 faststäld.

326 1448 281 37 Försummelse
649 1453 55 31 att
746 1452 129 32 senast
916 1451 20 33 å
977 1447 340 50 inställelsedagen
1358 1448 148 48 ingifva
1543 1447 272 48 öfverklagade

223 1500 168 49 utslaget
428 1500 93 36 eller
557 1500 106 37 bevis
702 1513 60 23 om
791 1500 168 36 anmäldt
987 1500 180 49 missnöje
1197 1499 93 37 eller
1317 1500 269 36 underrättens
1614 1499 92 37 eller
1734 1499 81 36 hof-

224 1557 144 32 rättens
397 1551 190 51 protokoll
615 1552 12 36 i
655 1552 114 36 målet
797 1552 215 37 föranleder
1041 1552 96 36 efter
1165 1551 281 50 propositionen
1478 1552 11 35 i
1518 1551 106 48 regel
1652 1551 165 49 föreläg-

224 1604 124 48 gande
377 1610 55 30 att
459 1604 103 36 inom
590 1603 78 36 viss
697 1603 54 36 tid
782 1604 85 36 med
896 1604 64 36 det
985 1603 150 37 felande
1155 1603 192 37 inkomma
1366 1603 63 37 vid
1449 1603 188 48 äfventyr,
1658 1608 67 42 att,
1752 1603 66 36 der

225 1656 64 36 det
317 1655 33 48 ej
381 1660 40 32 är
450 1655 70 36 hos
550 1655 216 49 Konungen
794 1655 247 49 tillgängligt,
1073 1655 46 36 då
1148 1655 115 37 målet
1290 1655 56 36 till
1375 1655 209 49 afgörande
1612 1654 204 48 företages,

225 1707 193 37 sökanden
448 1707 97 36 skall
575 1707 113 36 hafva
717 1707 58 36 sin
803 1706 103 37 talan
934 1707 168 36 förlorat.

328 1759 119 35 Tiden
488 1758 58 36 för
575 1758 231 36 svarandens
835 1758 210 37 inställelse
1073 1758 69 36 hos
1172 1758 221 48 Konungen
1424 1763 40 31 är
1492 1758 12 36 i
1532 1757 285 49 propositionen

225 1810 171 37 bestämd
438 1810 56 36 till
536 1814 127 32 senast
706 1810 190 48 fjortonde
940 1809 125 48 dagen
1106 1810 84 35 från
1234 1809 72 37 den
1335 1810 86 48 dag,
1451 1810 47 35 då
1528 1809 194 36 sökanden
1751 1809 67 36 sist

225 1863 85 36 bort
337 1861 350 37 tillstädeskomma.
744 1861 56 37 De
829 1875 59 22 om
918 1861 170 49 skriftlig
1107 1861 245 48 förhandling
1371 1861 11 36 i
1402 1861 172 36 vademiål
1593 1861 107 48 gifna
1719 1860 98 37 före-

226 1914 154 36 skrifter
409 1913 108 37 skola
540 1913 142 47 jemväl
711 1916 20 33 å
759 1913 262 36 revisionsmål
1052 1926 71 35 ega
1151 1912 253 50 tillämpning.

328 1966 16 35 I
372 1965 121 36 likhet
522 1965 83 36 med
634 1965 98 36 hvad
762 1979 48 22 nu
839 1965 119 47 gäller
987 1965 96 36 skall
1116 1964 392 49 revisionsskillingen
1546 1964 148 36 tillfalla
1732 1964 85 36 kro-

226 2031 87 31 nan,
355 2021 103 31 utom
502 2017 11 34 i
555 2017 73 35 den
670 2016 182 36 händelse
895 2016 211 36 hofrättens
1149 2015 127 49 utslag
1303 2017 41 35 af
1370 2016 219 48 Konungen
1618 2015 152 45 ändras;
1807 2016 11 35 i

225 2068 144 36 hvilket
397 2068 67 35 fall
493 2068 221 35 densamma
744 2067 95 36 skall
867 2067 54 36 till
953 2067 197 36 sökanden
1189 2067 235 36 återbetalas.
1482 2067 72 35 För
1582 2067 233 36 närvarande

226 2124 120 32 måste
390 2118 57 36 för
488 2117 414 48 revisionsskillingens
941 2118 359 36 återbekommande
1330 2118 164 36 särskild
1522 2117 293 48 framställning,

225 2171 96 36 efter
350 2170 62 35 det
442 2170 114 36 målet
584 2170 41 35 af
652 2170 212 47 Konungen
896 2169 174 48 afgjorts,
1100 2175 114 42 göras
1244 2169 68 36 hos
1340 2169 205 47 hofrätten,
1576 2181 80 23 som
1687 2169 127 36 derom

225 2222 185 44 beslutar;
441 2222 121 46 enligt
589 2221 284 49 propositionen
893 2224 80 33 åter
993 2221 200 35 förordnar
1215 2220 214 48 Konungen
1450 2221 130 36 derom
1599 2220 11 35 i
1631 2233 185 23 samman-

227 2274 102 47 hang
357 2272 85 37 med
472 2273 131 36 målets
634 2273 218 47 afgörande.

310 2333 62 28 Bih.
397 2334 45 27 till
464 2333 100 28 Riksd.
589 2334 79 26 Prot.
694 2331 88 30 1901.
833 2331 14 29 7
870 2333 90 27 Saml.
1007 2330 40 30 31
1070 2332 85 36 Iäft.
1759 2333 17 25 3
