1890 2794
488 101 453 31 Konstitutionsutskottets
962 101 180 31 utlåtande
1161 112 43 20 nr
1222 103 52 29 30.
1618 103 19 29 5

132 187 163 30 avveckla
316 187 205 38 riksdagens
541 187 426 38 tryckfrihetskommitté,
988 187 106 30 vilket
1116 188 132 38 förslag
1267 188 188 38 tillstyrkts
1477 197 42 20 av
1539 187 44 30 bl.
1605 197 29 20 a.

131 237 453 39 justitieombudsmannen,
617 247 73 19 som
722 238 38 28 är
790 238 460 38 tryckfrihetskommitténs
1280 238 222 33 ordförande,
1534 238 102 29 anför

132 288 385 39 departementschefen
537 289 49 28 att
606 288 69 28 han
695 288 76 29 icke
791 288 118 29 funnit
929 288 108 38 några
1058 289 75 28 skäl
1153 290 49 27 att
1221 288 172 29 bibehålla
1413 288 95 29 detta
1528 295 107 30 organ

131 339 64 28 och
220 338 119 29 därför
365 338 75 29 låtit
466 339 165 38 upprätta
657 338 132 39 förslag
813 339 52 29 till
891 339 121 29 härför
1038 338 227 39 erforderliga
1291 338 189 38 ändringar
1506 338 11 29 i
1542 345 93 31 rege-

131 388 234 38 ringsformen
392 389 64 29 och
482 388 367 39 riksdagsordningen.
876 389 48 29 De
951 390 10 28 i
989 389 368 37 sakkunnigförslaget
1383 390 179 37 upptagna
1589 388 48 29 la-

131 447 69 31 gar,
223 440 92 30 vilka
337 440 75 29 icke
434 441 60 28 äro
516 449 42 21 av
580 440 188 39 grundlags
791 442 114 32 natur,
928 440 116 29 finner
1068 439 385 40 departementschefen
1474 439 85 29 böra
1580 439 56 29 be-

131 490 148 30 handlas
300 491 10 28 i
331 490 168 30 samband
520 491 78 28 med
619 490 263 39 framläggande
903 500 42 20 av
965 493 47 27 ett
1033 491 54 28 för
1109 491 215 38 granskning
1343 491 10 28 i
1374 490 155 39 lagrådet
1550 499 86 30 upp-

131 542 104 28 rättat
262 540 131 39 förslag
418 541 52 29 till
495 541 263 29 bestämmelser
782 542 11 28 i
818 541 210 30 hithörande
1054 542 137 33 ämnen,
1216 542 107 29 vilket
1349 541 189 39 lämpligen
1564 541 70 28 kan

131 591 100 29 anstå
253 591 52 29 till
329 591 376 39 grundlagsförslagets
729 592 140 39 slutliga
891 592 213 38 behandling
1126 592 95 29 inom
1243 592 197 38 riksdagen.

269 744 308 41 Tryckfrihetens
601 745 183 32 innebörd
808 745 68 32 och
900 745 192 40 garantier
1116 744 60 33 för
1199 745 82 32 dess
1305 744 192 40 utövning.

172 827 49 29 De
244 827 222 39 sakkunniga
488 826 127 30 betona
637 827 11 29 i
670 827 150 30 främsta
842 829 153 27 rummet
1017 827 146 29 behovet
1187 837 41 20 av
1250 836 43 20 en
1316 827 130 29 allmän
1470 826 165 39 tryckfri-

129 876 57 30 het
214 877 113 29 såsom
354 877 170 38 grundval
551 877 54 29 för
631 880 47 27 ett
704 878 77 29 fritt
809 877 271 30 samhällsskick
1107 878 64 29 och
1197 878 78 29 dess
1301 877 175 39 betydelse
1503 877 55 29 för
1585 878 49 28 att

128 928 207 40 möjliggöra
358 929 153 29 kontroll
535 929 80 29 över
639 929 41 29 de
704 928 178 31 allmänna
906 936 164 31 organen.
1095 929 47 29 Ur
1166 929 100 29 dessa
1291 929 218 39 synpunkter
1533 937 102 20 anses

128 979 274 39 tryckfrihetens
423 979 89 39 syfte
532 979 85 30 böra
635 989 84 20 vara
740 982 49 27 att
811 980 206 30 säkerställa
1038 981 48 28 ett
1107 980 77 29 fritt
1205 979 282 39 meningsutbyte
1507 979 65 29 och
1593 987 42 21 en

129 1030 137 39 allsidig
287 1030 222 40 upplysning.
531 1030 116 30 Därav
666 1030 105 39 följer
793 1032 49 28 att
863 1030 256 39 tryckfriheten
1139 1030 62 29 bör
1221 1030 178 29 betraktas
1421 1029 29 39 ej
1474 1030 87 29 blott
1584 1029 52 30 så-

129 1090 74 20 som
226 1090 42 20 en
291 1081 272 39 yttrandefrihet
586 1081 11 29 i
619 1090 97 21 mera
739 1081 188 30 inskränkt
950 1081 153 38 mening,
1127 1090 43 20 en
1193 1082 69 28 rätt
1286 1083 49 27 att
1359 1081 164 38 uttrycka
1547 1088 87 31 egna

127 1132 126 29 tankar
280 1131 65 30 och
371 1131 141 34 åsikter,
540 1133 86 28 utan
652 1132 87 29 även
766 1131 115 30 såsom
909 1141 42 20 en
978 1132 69 29 rätt
1074 1133 50 28 att
1151 1131 118 30 lämna
1295 1131 254 40 upplysningar
1577 1140 56 20 om

129 1182 320 30 sakförhållanden.
477 1182 121 30 Såsom
625 1191 42 21 en
694 1182 138 40 speciell
859 1182 93 29 form
978 1191 42 21 av
1046 1182 394 39 publikationsfriheten
1466 1182 169 29 framstår

126 1234 114 28 rätten
265 1235 50 28 att
339 1233 248 39 offentliggöra
612 1232 179 31 allmänna
814 1232 221 40 handlingar.
1060 1233 270 39 Tryckfriheten
1354 1233 62 29 bör
1441 1233 193 30 emellertid

127 1282 75 30 icke
224 1292 84 21 vara
330 1283 226 38 obegränsad.
580 1283 52 29 En
655 1283 195 38 avvägning
873 1283 111 29 måste
1010 1283 59 29 ske
1093 1283 129 29 mellan
1245 1283 162 30 intresset
1431 1293 42 20 av
1496 1293 42 20 en
1561 1283 73 30 vid-

129 1334 131 29 sträckt
281 1333 210 39 tryckfrihet
512 1334 65 29 och
598 1334 110 29 andra
729 1343 42 20 av
793 1334 184 29 samhället
1000 1334 178 38 skyddade
1199 1334 183 29 intressen.
1405 1334 113 29 Sedan
1540 1341 94 31 gam-

128 1384 85 29 malt
232 1384 63 29 har
313 1394 42 19 en
374 1384 108 29 sådan
501 1384 195 39 avvägning
713 1384 149 29 kommit
879 1384 53 29 till
951 1385 141 38 uttryck
1111 1392 123 31 genom
1254 1384 177 29 straffbud
1449 1386 73 28 mot
1541 1384 93 30 vissa

127 1434 187 38 yttranden
337 1434 82 29 eller
441 1434 264 30 meddelanden.
729 1435 12 28 I
766 1435 191 38 subjektivt
979 1434 199 29 hänseende
1200 1435 110 29 måste
1334 1435 89 38 gälla
1445 1436 50 27 att
1517 1435 116 38 tryck-

128 1484 151 30 friheten
303 1484 214 30 tillkommer
541 1485 97 39 varje
662 1485 227 38 medborgare
914 1485 10 29 i
950 1485 200 34 samhället;
1178 1485 66 29 den
1269 1485 61 29 bör
1355 1485 103 29 alltså
1482 1494 83 20 vara
1590 1494 42 19 en

127 1534 252 40 medborgerlig
399 1535 176 39 rättighet.

172 1586 116 38 Enligt
316 1585 165 39 förslaget
511 1586 89 29 skall
649 1585 244 30 missbruk
932 1595 51 21 av
1021 1586 368 39 tryckfriheten
1428 1585 46 30 få
1513 1585 120 30 beiv-

128 1644 74 21 ras
242 1636 167 29 endast
448 1643 163 31 genom
651 1636 96 30 åtal
786 1637 76 29 vid
901 1637 208 29 domstol
1150 1637 64 29 och
1243 1637 108 29 andra
1380 1636 253 30 administrati-

125 1695 40 20 va
189 1686 231 39 ingripanden
445 1687 45 28 än
517 1686 131 30 sådana
673 1695 74 20 som
773 1686 150 30 hänföra
949 1687 50 38 sig
1023 1687 53 29 till
1102 1687 105 29 åtalet
1234 1687 97 29 skola
1356 1687 75 30 icke
1456 1696 84 20 vara
1564 1686 68 30 tiil-

125 1737 106 30 låtna.
255 1738 122 29 Denna
401 1738 189 38 grundsats
612 1738 159 29 kommer
795 1739 10 29 i
828 1739 112 30 första
962 1738 95 30 hand
1080 1739 53 29 till
1157 1739 141 38 uttryck
1321 1745 124 32 genom
1469 1740 47 27 ett
1541 1738 92 29 stad-

127 1789 109 37 gande
256 1789 10 28 i
287 1788 13 29 1
322 1789 79 39 kap.
420 1788 18 30 2
459 1788 15 37 $
495 1788 112 31 första
626 1789 144 39 stycket,
790 1789 106 39 enligt
913 1789 107 30 vilket
1039 1789 115 38 någon
1173 1789 231 39 tryckningen
1423 1789 209 38 föregående

126 1839 216 38 granskning
366 1848 41 21 av
431 1839 105 29 skrift
560 1839 82 30 eller
665 1840 105 38 något
793 1839 128 30 förbud
945 1842 73 27 mot
1042 1839 187 39 tryckning
1253 1840 106 29 därav
1382 1840 76 29 icke
1484 1839 88 30 skall
1597 1839 36 29 få

126 1889 229 29 förekomma.
373 1889 13 29 I
402 1890 115 30 denna
533 1890 54 28 del
603 1890 93 29 intar
712 1889 167 39 förslaget
897 1899 134 20 samma
1049 1890 218 39 ståndpunkt
1285 1899 73 20 som
1376 1890 160 38 gällande
1552 1890 80 29 rätt.

127 1938 73 29 Den
227 1939 149 37 angivna
401 1939 182 39 principen
609 1939 61 29 bör
696 1940 192 28 emellertid
916 1940 89 38 gälla
1031 1940 75 28 icke
1133 1940 122 29 endast
1282 1940 350 38 förhandsingripan-

126 1990 65 29 den
216 1997 123 31 genom
362 1999 126 20 censur
511 1992 86 27 utan
620 1991 86 29 även
730 1990 281 30 administrativa
1036 1990 161 38 åtgärder
1221 1990 54 29 för
1298 1992 49 27 att
1371 1990 127 29 hindra
1522 1989 111 39 utgiv-

126 2041 83 37 ning
231 2041 64 28 och
319 2040 182 40 spridning
522 2050 42 20 av
586 2041 107 29 redan
715 2041 138 38 tryckta
877 2040 153 30 skrifter.
1053 2041 50 29 De
1126 2041 221 38 sakkunniga
1370 2040 189 30 framhålla
1582 2042 50 28 att

125 2091 242 29 konfiskation
391 2091 10 29 i
426 2091 260 30 administrativ
710 2091 149 39 ordning
883 2091 146 29 innebär
1054 2093 48 28 ett
1128 2091 229 38 försvagande
1383 2101 42 19 av
1448 2092 57 28 det
1530 2092 103 28 rätts-

127 2141 110 39 skydd
259 2151 72 19 som
352 2141 105 38 enligt
479 2142 126 29 svensk
625 2142 240 38 rättsordning
884 2141 215 29 tillkommer
1119 2142 66 28 den
1204 2142 156 29 enskilde
1379 2141 253 38 medborgaren

126 2192 64 28 och
215 2193 48 28 att
290 2192 118 29 starka
431 2191 277 38 betänkligheter
733 2192 81 38 göra
840 2192 50 38 sig
914 2191 159 39 gällande
1099 2194 49 27 att
1172 2201 61 20 ens
1257 2192 10 28 i
1292 2192 40 29 de
1357 2192 274 38 undantagsfall,

127 2250 118 19 varom
279 2241 262 28 bestämmelser
574 2242 118 28 finnas
724 2242 9 28 i
766 2242 65 28 den
865 2250 46 19 nu
946 2241 159 37 gällande
1138 2242 493 37 tryckfrihetsförordningen,

126 2291 157 38 medgiva
311 2291 118 39 dylika
455 2291 146 39 ingrepp
628 2293 71 27 mot
727 2291 317 38 yttrandefriheten
1072 2292 11 28 i
1111 2292 115 37 tryckt
1255 2291 113 29 skrift.
1396 2292 121 38 Någon
1546 2293 87 27 mot-

129 2341 171 36 svarighet
329 2341 49 28 till
406 2340 159 38 gällande
591 2340 263 30 bestämmelser
880 2351 56 19 om
963 2341 242 29 konfiskation
1233 2342 9 28 i
1270 2341 259 29 administrativ
1556 2342 76 28 ord-

127 2391 83 36 ning
230 2391 63 28 har
313 2391 74 28 icke
409 2391 177 39 upptagits
607 2391 8 28 i
637 2391 176 37 förslaget.
