1890 2814
563 135 274 32 Statsutskottets
862 132 176 32 utlåtande
1062 141 43 22 nr
1126 131 72 30 101.
1613 122 17 30 T

170 226 116 30 Under
311 222 255 32 framhållande
593 231 41 20 av
660 222 49 29 att
737 220 56 29 det
818 228 80 20 vore
923 217 136 30 mindre
1082 215 156 37 lämpligt
1264 217 47 27 att
1337 210 288 33 automatiserade

124 278 107 29 större
253 274 294 32 telefonstationer
572 271 174 37 inrymdes
769 270 11 29 i
804 268 168 36 förhyrda
996 267 140 34 lokaler,
1160 266 64 29 har
1248 259 379 41 departementschefen

124 327 170 30 förklarat
315 325 49 37 sig
386 324 85 30 intet
493 324 46 29 ha
560 325 49 28 att
629 322 113 30 erinra
763 322 73 28 mot
856 317 327 37 telegrafstyrelsens
1207 314 139 36 förslag.

170 425 277 38 Telegrafverket
467 425 64 30 har
552 423 74 31 sina
646 422 132 30 lokaler
797 420 11 30 i
827 419 217 36 Vänersborg
1063 416 158 37 förlagda
1239 414 52 31 till
1311 413 229 31 riksbankens
1560 411 67 31 fas-
1654 403 10 49 =
1677 407 129 24 Utskottet.

127 478 105 37 tighet
253 476 187 32 därstädes.
463 475 136 31 Jämväl
620 473 166 31 utskottet
808 471 114 30 finner
943 468 157 37 lämpligt
1120 470 49 28 att
1198 466 4 30 i
1223 465 169 31 samband
1413 463 81 31 med
1514 472 42 22 en
1580 471 48 21 er-

126 529 166 37 forderlig
313 525 271 37 modernisering
606 525 65 30 och
693 522 203 37 utvidgning
919 530 42 21 av
986 517 301 33 telefonstationen
1312 515 245 37 äganderätten
1579 513 50 30 till

127 577 394 38 riksbanksfastigheten
542 575 200 37 överflyttas
763 573 51 31 till
835 571 269 37 telegrafverket.
1127 568 79 31 Med
1229 565 240 38 tillstyrkande
1488 574 42 21 av
1553 573 76 27 Ppro-

127 631 196 36 positionen
341 628 198 31 hemställer
558 627 173 33 utskottet,

482 705 49 28 att
552 701 184 36 riksdagen
758 698 58 32 må
837 698 49 31 till
908 697 112 37 Inköp
1042 696 55 38 för
1117 692 278 39 telegrafverkets
1419 691 147 36 räkning
1589 699 42 20 av

438 753 228 31 riksbankens
695 750 163 40 fastighet
887 751 11 28 i
928 747 213 36 Vänersborg
1171 745 57 30 för
1258 741 202 38 budgetåret
1490 736 141 35 1944/45

437 804 110 31 under
567 805 126 29 statens
714 798 349 35 affärsverksfonder,
1083 795 272 38 telegrafverket,
1376 792 120 31 anvisa
1516 793 46 29 ett
1581 791 50 30 in-

439 853 306 37 vesteringsanslag
769 862 42 21 av
832 851 62 30 300
908 850 64 30 000
994 850 138 29 kronor.

174 958 200 31 Stockholm
399 957 67 30 den
488 957 38 29 21
553 955 85 36 april
663 954 94 30 1944.

627 1103 50 33 På
699 1103 268 31 statsutskottets
988 1101 142 36 vägnar:

689 1187 31 31 J.
742 1187 37 31 B.
804 1183 271 34 JOHANSSON.

170 1442 196 27 Närvarande:
384 1449 29 17 se
431 1440 90 25 under
540 1438 157 26 utlåtandet
715 1445 34 17 nr
771 1437 55 24 100.
