1884 2838
83 1144 130 25 Utskottet.

259 136 19 30 4
640 141 378 31 Jordbruksutskottets
1044 142 177 30 utlåtande
1246 142 48 30 Nr
1318 144 49 29 33.

263 225 110 29 relsen
397 225 67 30 den
488 226 18 28 3
530 224 75 36 juni
634 226 82 29 1915
747 224 51 40 (nr
826 225 73 39 169)
930 224 178 38 angående
1131 225 212 37 upplåtande
1369 236 42 20 av
1437 226 332 36 odlingslägenheter

262 284 45 20 m.
330 284 46 21 m.
399 276 10 30 i
431 276 176 29 trakterna
630 285 89 20 ovan
740 276 283 36 odlingsgränsen
1045 277 11 29 i
1078 276 257 30 Västerbottens
1358 277 66 30 och
1448 276 224 31 Norrbottens
1694 278 74 29 läns

264 326 232 35 lappmarker,
517 325 57 31 må
596 326 284 36 länsstyrelserna
899 327 94 29 inom
1013 327 194 36 respektive
1227 327 66 35 län,
1315 327 65 30 där
1401 327 364 36 fastighetsinnehava-

263 385 59 21 ren
346 377 125 35 prövas
494 386 81 20 vara
598 377 108 29 därav
726 377 11 29 i
759 377 112 30 behov
894 378 65 29 och
981 377 75 30 icke
1079 378 10 30 i
1112 387 117 20 annan
1252 377 148 36 ordning
1421 378 69 29 kan
1512 376 256 37 ifrågakomma

262 426 50 30 till
337 425 200 31 erhållande
561 436 42 21 av
629 428 196 29 statsmedel
850 437 44 20 av
918 428 145 29 kontant
1088 427 290 37 byggnadshjälp,
1403 426 130 38 jämväl
1558 426 128 37 bevilja
1711 427 57 31 lån

263 476 78 31 från
365 478 107 35 sagda
494 477 84 30 fond
601 477 57 31 för
679 477 219 37 uppförande
920 478 79 30 eller
1023 478 240 30 förbättrande
1286 488 43 20 av
1351 479 305 37 bostadsbyggnad
1679 478 20 30 å
1721 479 46 29 lä-

263 528 169 35 genheten
458 526 472 38 (bostadsförbättringslån).

307 577 243 38 Byggnadslån
571 578 169 36 uppdelas
760 578 10 30 i
792 578 58 30 två
871 578 72 31 lika
963 582 91 27 stora
1076 579 106 36 delar,
1205 588 41 21 en
1268 578 141 31 stående
1431 579 54 29 del
1506 579 65 30 och
1593 588 42 21 en
1658 589 110 20 amor-

263 628 195 37 teringsdel,
481 629 63 29 och
568 629 9 30 i
602 628 98 37 fråga
724 638 56 21 om
800 628 111 31 lånets
934 629 220 36 förräntning
1176 630 65 29 och
1263 629 172 36 gäldande
1458 630 104 35 gäller
1586 631 10 29 i
1619 629 148 37 tillämp-

262 679 65 35 liga
351 679 98 31 delar
468 679 66 30 vad
554 688 76 21 som
651 680 40 29 är
710 680 80 29 eller
809 679 187 30 framdeles
1016 680 71 30 kan
1109 680 92 30 bliva
1223 679 204 31 föreskrivet
1448 679 222 31 beträffande
1690 679 77 31 från

263 732 128 27 statens
415 728 352 37 egnahemslånefond
789 739 43 21 av
855 729 290 32 låneförmedlare
1168 730 171 30 utlämnat
1363 729 246 37 egnahemslån
1633 730 55 31 för
1710 730 58 30 bo-

263 780 265 36 stadslägenhet.

307 829 76 31 Vad
415 840 49 20 nu
493 833 90 33 sagts
615 831 106 35 gäller
750 830 131 37 jämväl
914 832 11 29 i
955 830 98 36 fråga
1085 841 58 20 om
1174 831 439 37 bostadsförbättringslån,
1647 831 121 30 därvid

262 881 259 30 vederbörande
544 881 218 36 länsstyrelse
786 882 90 29 dock
902 880 66 38 må,
994 891 55 20 om
1076 880 125 31 sådant
1224 890 99 21 anses
1349 880 154 37 påkallat
1527 882 81 29 med
1633 882 135 37 hänsyn

261 931 51 29 till
335 930 257 38 lånebeloppets
617 932 127 29 storlek
767 932 81 29 eller
872 930 96 37 eljest
991 931 236 36 föreliggande
1249 931 303 36 omständigheter,
1577 931 192 31 föreskriva

263 982 65 30 den
353 982 154 30 ändrade
531 982 321 36 amorteringsplan,
879 985 49 28 att
952 982 91 30 lånet
1067 982 99 35 skall,
1193 982 86 31 efter
1302 982 71 30 fem
1399 982 297 36 amorteringsfria
1720 981 48 36 år,

263 1031 206 31 återbetalas
490 1033 109 30 under
621 1034 116 35 loppet
759 1042 42 20 av
824 1031 111 38 därpå
957 1031 157 37 följande
1136 1032 47 31 tio
1205 1032 39 31 år
1266 1033 78 29 med
1367 1042 43 20 en
1433 1032 128 31 tiondel
1583 1032 141 36 årligen.

307 1141 49 30 På
377 1141 86 36 skäl,
487 1151 73 20 som
583 1142 167 29 utskottet
772 1141 130 36 angivit
925 1142 11 29 i
958 1142 57 29 sitt
1036 1141 180 30 utlåtande
1237 1151 42 20 nr
1300 1142 41 29 32
1365 1142 112 29 under
1499 1142 113 35 punkt
1637 1142 50 35 12,
1711 1142 56 29 vill

263 1191 167 31 utskottet
448 1191 11 29 i
479 1191 187 36 anledning
687 1201 41 20 av
746 1191 218 31 motionerna
983 1190 138 36 föreslå,
1144 1195 49 27 att
1212 1192 125 29 räntan
1358 1190 21 31 å
1400 1190 59 31 lån
1479 1201 41 20 ur
1541 1191 229 31 förevarande

263 1240 168 31 lånefond
452 1242 109 29 under
581 1240 201 37 budgetåret
806 1238 144 34 1939/40
972 1242 174 30 nedsättes
1168 1242 50 30 till
1240 1243 48 29 3.5
1310 1245 153 33 procent.

308 1292 118 30 Under
448 1291 220 37 åberopande
689 1301 42 21 av
753 1292 55 29 det
830 1291 150 31 anförda
1002 1292 199 30 hemställer
1223 1293 175 35 utskottet,

619 1387 50 29 att
698 1384 184 36 riksdagen
910 1383 58 31 må
995 1384 11 30 i
1036 1384 188 37 anledning
1251 1394 43 21 av
1321 1385 216 30 motionerna
1569 1385 27 30 I:
1614 1385 61 30 102
1704 1386 66 29 och

570 1435 46 29 II:
634 1435 62 29 168
731 1436 88 28 samt
856 1434 108 30 I:224
1000 1434 66 30 och
1104 1434 45 30 II:
1165 1435 61 30 337
1254 1435 169 36 medgiva,
1448 1438 49 27 att
1520 1436 126 30 räntan
1669 1435 21 31 å
1712 1435 56 32 lån

573 1484 82 31 från
680 1485 256 30 Västerbottens
962 1486 64 29 och
1055 1485 224 31 Norrbottens
1307 1486 188 36 nybygges-
1522 1486 65 30 och
1614 1486 154 30 bostads-

570 1534 393 37 förbättringslånefond
992 1534 58 31 må
1079 1536 111 30 under
1215 1535 202 37 budgetåret
1446 1531 138 43 1939/40
1613 1536 82 37 utgå
1721 1537 48 30 ef-

573 1589 51 27 ter
648 1587 49 29 3.5
716 1589 151 33 procent.

307 1736 69 40 5:0)
436 1737 267 31 Kolonisternas
735 1738 176 29 kreaturs-
943 1739 66 29 och
1041 1736 355 38 redskapslånefond.
1452 1738 316 30 Bestämmelserna

263 1787 180 38 angående
462 1788 168 30 villkoren
651 1788 55 30 för
725 1787 57 31 lån
802 1787 81 32 från
903 1788 131 30 fonden
1054 1789 62 30 äro
1135 1789 202 30 meddelade
1357 1789 11 29 i
1388 1789 230 36 kungörelsen
1640 1790 67 29 den
1727 1790 42 29 26

263 1838 75 36 juni
359 1839 85 30 1925
467 1838 52 39 (nr
537 1838 91 39 292),
648 1839 79 29 med
744 1839 73 30 däri
837 1847 125 28 genom
980 1840 271 34 kungörelserna
1270 1849 41 20 nr
1330 1836 167 34 409/1934
1516 1840 65 29 och
1601 1836 165 34 616/1937

264 1888 122 37 gjorda
407 1890 196 36 ändringar.

307 1948 116 36 Enligt
446 1949 98 30 dessa
565 1947 59 31 må
647 1948 210 30 innehavare
881 1958 42 20 av
947 1949 151 35 kolonat,
1123 1947 155 37 upplåtet
1301 1948 140 36 jämlikt
1462 1949 307 31 bestämmelserna

262 1990 10 29 i
291 1991 231 35 kungörelsen
538 1991 68 29 den
623 1991 42 29 26
684 1991 73 35 juni
778 1991 83 29 1925
886 1990 53 38 (nr
955 1990 74 38 291)
1053 1990 180 36 angående
1249 1991 179 30 allmänna
1445 1993 149 35 grunder
1610 1991 57 31 för
1682 2001 85 27 upp-

262 2031 140 32 låtande
423 2042 43 21 av
487 2033 141 30 kolonat
650 2032 20 31 å
689 2033 238 35 kronoparker
946 2033 10 30 i
980 2033 172 30 Norrland
1173 2034 64 29 och
1260 2033 162 36 Dalarna,
1444 2034 119 30 kunna
1584 2034 56 31 för
1661 2034 106 35 inköp

260 2084 41 21 av
318 2085 44 20 en
384 2075 109 31 första
511 2075 226 38 uppsättning
755 2076 141 29 kreatur
915 2076 64 30 och
997 2077 132 29 smärre
1148 2075 340 38 jordbruksredskap
1510 2087 42 20 av
1570 2078 199 29 statsmedel

262 2117 133 31 erhålla
415 2117 67 36 lån,
503 2119 243 29 motsvarande
765 2121 50 27 tre
835 2117 213 37 fjärdedelar
1068 2128 43 20 av
1132 2119 42 29 de
1194 2118 50 30 till
1265 2118 107 37 inköp
1394 2119 151 30 avsedda
1565 2119 203 30 kreaturens

262 2160 65 29 och
350 2160 213 37 redskapens
587 2161 116 35 värde,
728 2161 86 29 dock
840 2161 102 35 högst
964 2161 146 35 tillhopa
1133 2161 64 30 600
1223 2161 138 30 kronor.
1411 2160 107 32 Lånet
1543 2162 89 30 skall
1656 2171 111 20 amor-

262 2205 90 27 teras
375 2203 112 30 under
510 2203 117 35 loppet
650 2212 44 21 av
717 2202 69 30 fem
810 2201 40 32 år
874 2202 80 31 från
978 2202 282 37 lyftningsdagen
1283 2204 80 29 med
1389 2213 43 21 en
1457 2204 162 30 femtedel
1646 2213 42 21 av
1712 2213 55 20 ur-

259 2245 202 36 sprungliga
479 2244 239 37 lånebeloppet
736 2244 139 37 årligen.
918 2245 332 31 Låneinnehavaren
1270 2247 79 36 äger
1370 2247 89 29 dock
1482 2250 58 32 att,
1562 2247 115 30 därest
1698 2248 70 29 han

263 2285 37 32 så
322 2288 140 35 önskar,
486 2288 86 30 även
593 2287 77 30 före
692 2287 190 31 lånetidens
906 2287 126 38 utgång
1054 2287 47 37 på
1125 2298 42 20 en
1189 2287 87 38 gång
1299 2288 152 31 inbetala
1475 2289 150 35 ogulden
1648 2289 55 30 del
1725 2298 43 21 av

261 2328 251 38 lånebeloppet.
562 2324 28 35 Å
618 2330 112 37 lyftat,
758 2330 139 35 oguldet
924 2329 207 38 lånebelopp
1160 2331 150 36 erlägges
1338 2329 86 37 årlig
1453 2332 98 30 ränta
1580 2330 80 32 från
1689 2331 78 37 lyft-

260 2371 212 37 ningsdagen
499 2373 77 30 med
601 2373 81 36 fyra
706 2375 153 34 procent;
889 2373 89 30 dock
1003 2374 39 29 är
1065 2372 297 31 låninnehavaren
1388 2374 136 36 skyldig
1551 2376 49 28 att
1624 2374 143 30 vidkän-

262 2423 62 22 nas
346 2414 69 30 den
435 2414 144 38 höjning
599 2424 43 21 av
664 2416 131 34 räntan,
818 2424 76 21 som
916 2415 122 36 Kungl.
1061 2414 103 37 Maj:t
1182 2416 79 29 med
1282 2415 138 36 hänsyn
1441 2415 51 30 till
1513 2416 68 29 den
1601 2415 167 31 effektiva

261 2456 240 31 medelräntan
523 2456 55 31 för
601 2460 128 27 statens
751 2456 193 38 upplåning
966 2458 70 29 kan
1058 2457 102 30 finna
1182 2460 71 33 gott
1275 2457 203 31 bestämma.
