1900 2774
288 157 17 29 2
567 159 406 41 Bevillningsutskottets
997 162 219 31 betänkande
1236 173 44 21 nr
1302 165 40 29 16
1363 165 39 30 år
1425 166 83 30 1958

292 240 181 40 skrivning
501 242 19 29 å
550 242 214 31 inventarier
791 244 170 30 beroende
990 245 43 40 på
1063 255 57 20 om
1149 247 67 29 den
1247 248 253 40 skattskyldige
1529 251 39 29 är
1596 250 196 41 berättigad

289 290 52 29 till
373 291 313 41 räkenskapsenlig
718 294 225 40 avskrivning
973 295 223 32 beträffande
1227 298 119 39 dylika
1378 299 185 40 tillgångar
1594 300 83 30 eHer
1708 302 82 29 inte.

290 340 12 29 I
321 340 99 40 fråga
438 350 58 20 om
513 342 130 40 avdrag
661 343 56 30 för
733 344 311 41 värdeminskning
1062 346 20 29 å
1100 347 119 39 övriga
1237 348 223 36 inventarier,
1477 350 113 30 vilkas
1609 352 106 29 värde
1733 352 60 30 vid

288 390 392 42 fastighetstaxeringen
700 394 202 40 visserligen
923 395 183 31 inräknats
1128 397 11 29 i
1161 397 302 40 byggnadsvärdet
1484 409 80 20 men
1584 401 73 29 inte
1681 401 110 30 åsatts

290 441 142 29 särskilt
460 442 259 35 maskinvärde,
748 444 105 39 gäller
881 446 157 29 däremot
1067 447 41 29 de
1136 448 55 29 för
1218 448 313 41 värdeminskning
1559 460 43 20 av
1629 451 161 40 byggnad

288 490 195 31 fastställda
502 492 314 32 bestämmelserna.
835 495 100 30 Detta
953 496 144 29 innebär
1116 498 191 30 emellertid
1326 498 69 30 inte
1416 501 48 28 att
1487 500 129 30 sådana
1636 501 157 30 inventa-

287 541 68 28 rier
375 541 111 30 måste
507 543 181 30 avskrivas
710 544 87 29 efter
820 554 135 20 samma
974 546 77 39 låga
1071 549 220 36 procentsats
1313 557 75 21 som
1409 549 205 40 byggnaden
1635 552 11 28 i
1667 552 124 39 övrigt.

289 592 13 29 I
323 591 118 39 praxis
463 592 66 29 har
549 593 108 39 högre
678 595 129 39 avdrag
828 595 183 40 medgivits
1035 596 54 30 för
1111 597 126 35 hissar,
1261 600 266 38 värmepannor,
1550 603 236 28 varmvatten-

287 640 167 30 cisterner
475 651 45 20 m.
541 652 45 20 m.

331 691 181 30 Storleken
536 702 43 20 av
600 696 306 36 procentsatserna
930 696 54 29 för
1007 696 239 41 beräkningen
1269 707 41 20 av
1333 700 459 40 värdeminskningsavdra-

287 743 55 37 get
360 741 65 30 har
444 742 11 29 i
473 743 117 38 praxis
610 743 114 39 gjorts
742 744 170 31 beroende
933 755 41 20 av
993 747 68 29 den
1081 747 200 40 förebragta
1301 749 232 39 utredningen
1555 760 58 20 om
1633 751 152 39 byggna-

285 791 126 30 dernas
430 792 183 39 livslängd.
634 794 91 29 Utan
746 795 160 29 närmare
928 797 186 39 utredning
1133 799 99 28 torde
1252 798 129 40 avdrag
1402 799 54 30 för
1475 801 315 40 värdeminskning

285 840 20 29 å
327 841 338 41 fabriksbyggnader
687 845 193 30 merendels
905 846 176 39 medgivas
1104 848 80 29 med
1206 848 85 30 2—3
1314 851 143 37 procent
1480 850 20 29 å
1522 851 266 39 anskaffnings-

285 891 130 29 värdet.
441 892 98 29 Efter
564 894 199 39 utredning,
789 903 74 21 som
888 896 93 29 visar
1006 898 51 28 att
1081 896 207 40 byggnaden
1314 900 37 29 är
1378 900 238 30 underkastad
1644 902 143 29 särskilt

285 942 72 28 stor
378 941 153 40 slitning,
551 943 72 29 kan
643 943 106 40 högre
771 946 128 38 avdrag
919 945 36 30 få
975 945 170 40 åtnjutas.
1168 948 153 30 Sålunda
1341 949 65 29 har
1426 950 210 40 exempelvis
1657 952 132 39 avdrag

284 990 55 30 för
363 992 314 41 värdeminskning
701 1003 43 20 av
767 995 283 30 cellulosafabrik
1074 1006 43 20 av
1141 999 76 28 sten
1242 999 183 39 medgivits
1449 1001 79 29 med
1553 1000 19 30 4
1598 1004 144 36 procent
1767 1002 20 29 å

284 1041 382 40 anskaffningsvärdet.

327 1091 65 30 Vid
415 1091 213 41 försäljning
649 1103 43 20 av
714 1093 169 41 byggnad,
907 1105 74 20 som
1005 1097 38 29 är
1065 1098 130 29 avsedd
1217 1099 55 29 för
1296 1099 266 40 stadigvarande
1584 1101 92 31 bruk
1698 1102 11 29 i
1733 1103 54 29 rö-

283 1141 98 34 relse,
405 1141 166 31 hänföres
597 1143 281 41 köpeskillingen
903 1146 54 29 för
980 1146 206 40 byggnaden
1210 1148 72 30 inte
1307 1149 52 29 till
1383 1149 115 31 intäkt
1522 1160 43 20 av
1588 1152 130 30 rörelse
1742 1170 45 3 -—

282 1190 71 31 inte
368 1201 61 21 ens
445 1192 53 30 till
512 1193 68 30 den
593 1193 56 30 del
664 1203 75 21 som
754 1197 191 28 motsvaras
960 1206 42 20 av
1016 1197 57 29 vid
1088 1198 205 40 taxeringen
1308 1199 146 40 tidigare
1470 1200 166 40 åtnjutna
1651 1203 132 39 avdrag

281 1240 54 30 för
357 1242 324 41 värdeminskning.
706 1244 162 31 Intäkten
890 1245 67 32 blir
980 1246 177 41 hänförlig
1180 1248 52 29 till
1256 1249 280 31 förvärvskällan
1559 1251 157 31 inkomst
1743 1262 43 20 av

282 1291 153 40 tillfällig
451 1292 395 33 förvärvsverksamhet.
865 1296 66 30 Om
948 1296 141 31 influtet
1106 1298 125 40 belopp
1249 1299 67 30 blir
1334 1300 255 40 skattepliktigt
1607 1302 83 30 eller
1708 1302 72 30 inte

281 1340 163 31 bedömes
473 1342 149 30 sålunda
650 1344 108 39 enligt
786 1345 158 39 reglerna
971 1346 56 30 för
1054 1348 544 42 realisationsvinstbeskattning
1627 1352 58 30 vid
1714 1352 72 30 för-

281 1391 153 40 säljning
455 1401 43 21 av
517 1392 70 30 fast
609 1395 179 38 egendom.

324 1441 137 40 Frågan
486 1451 57 21 om
567 1444 156 30 ändrade
748 1444 262 32 bestämmelser
1034 1448 150 30 rörande
1210 1449 226 40 avskrivning
1462 1451 19 29 å
1506 1451 161 40 byggnad
1693 1453 9 28 i
1730 1454 55 28 rö-

279 1491 87 29 relse
399 1491 236 32 behandlades
669 1503 43 21 av
743 1495 610 42 företagsbeskattningskommittén
1386 1500 10 29 i
1449 1501 78 29 dess
1559 1501 224 31 betänkande

279 1541 78 30 med
379 1541 131 41 förslag
532 1543 52 29 till
606 1544 136 30 ändrad
764 1545 378 44 företagsbeskattning
1171 1548 101 33 (SOU
1297 1550 187 34 1954:19).
1507 1552 65 29 Det
1598 1552 186 40 spörsmål,

280 1591 52 30 till
352 1591 108 31 vilket
479 1592 212 32 kommittén
712 1596 158 29 närmast
888 1596 89 32 hade
999 1599 50 28 att
1070 1599 80 38 taga
1171 1599 176 40 ställning,
1368 1609 61 21 var
1450 1610 56 20 om
1527 1602 67 29 den
1616 1603 162 38 gällande

278 1640 266 42 Jagstiftningen
568 1643 119 30 kunde
714 1653 101 21 anses
841 1647 120 38 medge
986 1647 210 40 tillräckliga
1222 1650 129 39 avdrag
1376 1650 55 30 för
1457 1652 324 40 värdeminskning.

322 1693 14 28 I
360 1692 99 39 fråga
485 1702 57 20 om
566 1693 200 40 byggnader
789 1704 61 20 var
873 1696 58 29 det
955 1697 107 39 enligt
1085 1698 229 31 kommitténs
1340 1700 226 41 uppfattning
1592 1703 79 29 med
1695 1702 88 30 hän-

278 1750 64 30 syn
361 1742 52 29 till
433 1744 51 28 att
504 1743 56 29 det
580 1744 10 29 i
611 1745 93 38 regel
724 1745 111 39 gällde
856 1746 138 39 mycket
1014 1749 93 28 stora
1128 1748 65 30 och
1213 1749 201 40 långvariga
1435 1751 254 40 investeringar
1708 1762 72 20 mo-

279 1791 132 37 tiverat,
432 1794 51 28 att
502 1793 199 31 kostnaden
722 1795 195 31 fördelades
938 1797 80 29 över
1038 1806 43 20 en
1101 1798 169 40 betydligt
1291 1800 118 39 längre
1430 1801 120 39 period
1571 1803 45 29 än
1637 1804 65 28 när
1723 1803 58 29 det

276 1841 111 38 gällde
408 1843 179 31 maskiner
608 1844 66 29 och
696 1845 222 30 inventarier.
939 1846 121 40 Någon
1080 1848 93 29 form
1195 1859 43 20 av
1257 1849 141 31 bunden
1420 1851 226 41 avskrivning
1668 1853 112 30 måste

277 1892 79 30 med
382 1892 139 41 hänsyn
548 1894 121 30 härtill
696 1895 143 30 komma
866 1896 52 29 till
947 1898 236 39 användning.
1212 1899 128 30 Annan
1367 1901 141 40 mening
1535 1902 125 30 härom
1689 1903 90 30 hade

274 1941 71 30 inte
365 1942 109 30 heller
492 1946 126 37 yppats
638 1944 98 30 inom
755 1945 219 31 kommittén.
995 1947 65 29 Det
1081 1949 172 39 spörsmål
1275 1959 75 20 som
1370 1951 214 31 diskuterats
1605 1952 174 31 hänförde

275 1991 51 39 sig
343 1993 216 39 väsentligen
578 1994 52 29 till
649 1994 126 40 frågan
793 1995 175 32 huruvida
986 1998 272 40 avskrivningen
1279 2000 112 30 skulle
1412 2001 173 31 beräknas
1605 2003 45 39 på
1669 2005 110 28 annat

274 2042 105 29 värde
406 2044 45 28 än
478 2044 449 40 anskaffningskostnaden
953 2047 65 30 och
1045 2057 57 20 om
1128 2049 12 29 i
1167 2050 118 39 praxis
1313 2052 161 29 använda
1500 2054 196 38 procenttal
1722 2053 56 30 för

274 2092 289 41 avskrivningens
583 2094 195 41 beräkning
797 2096 117 30 kunde
934 2106 101 21 anses
1055 2099 184 39 tillfyllest.

318 2142 112 30 Sedan
448 2144 211 30 kommittén
676 2146 44 39 på
740 2146 148 30 anförda
906 2148 76 29 skäl
1001 2149 133 29 avvisat
1152 2150 132 29 tanken
1303 2153 50 27 att
1372 2152 271 40 avskrivningen
1664 2154 113 29 skulle

273 2192 36 29 få
337 2192 173 31 beräknas
539 2194 20 30 å
588 2194 459 42 återanskaffningsvärdet,
1076 2198 146 31 berörde
1251 2201 209 31 kommittén
1493 2202 124 40 frågan
1647 2213 57 20 om
1734 2205 42 29 de

271 2244 257 37 procentsatser
547 2244 89 30 efter
655 2245 94 30 vilka
769 2247 314 40 avskrivningarna
1101 2249 107 30 borde
1227 2250 183 31 beräknas.
1431 2253 64 29 Det
1515 2253 118 30 kunde
1653 2255 123 29 därvid

272 2294 331 38 uppmärksammas
628 2297 51 28 att
703 2305 43 20 en
769 2296 104 40 högre
897 2298 392 41 avskrivningsprocent
1311 2301 11 29 i
1346 2302 54 29 sin
1423 2302 83 30 mån
1530 2303 118 30 kunde
1672 2313 103 21 anses

271 2342 174 31 innefatta
471 2346 48 27 ett
545 2344 303 32 efterkommande
875 2356 43 20 av
945 2348 218 31 önskemålet
1190 2359 58 20 om
1273 2351 87 30 visst
1386 2352 308 40 hänsynstagande
1721 2355 52 29 till

271 2393 110 29 ökade
399 2393 529 42 återanskaffningskostnader.
946 2399 13 29 I
977 2399 348 32 överensstämmelse
1344 2402 78 30 med
1441 2403 40 29 de
1499 2400 276 48 överväganden,

271 2452 75 20 som
365 2443 139 40 gjordes
524 2445 11 28 i
556 2445 171 31 samband
747 2448 77 29 med
847 2447 83 30 1938
951 2448 56 29 års
1027 2449 232 40 lagstiftning,
1279 2451 87 30 fann
1386 2452 210 31 kommittén
1615 2457 51 27 att
1687 2456 85 28 även
