1925 2823
468 180 122 40 Tredje
614 181 238 40 lagutskottets
877 183 175 32 utlåtande
1075 195 42 20 nr
1139 185 42 31 46
1206 184 38 32 år
1269 186 84 31 1970
1635 189 19 30 9

210 270 48 30 På
276 272 114 37 grund
407 281 42 20 av
467 272 57 30 det
541 272 150 31 anförda
710 273 202 31 hemställer
930 275 170 30 utskottet

531 330 50 27 att
597 327 188 39 riksdagen
802 329 80 29 med
898 328 101 31 bifall
1015 329 52 30 till
1084 330 222 31 motionerna
1323 331 26 30 I:
1366 332 62 30 323
1446 333 66 29 och
1531 333 42 30 II:
1590 334 62 29 350

486 380 64 31 hos
573 381 124 39 Kungl.
721 382 101 39 Maj:t
844 383 106 38 begär
973 387 49 27 att
1046 383 161 39 åtgärder
1229 385 113 31 vidtas
1365 386 56 30 för
1444 390 50 27 att
1518 388 135 38 skydda

486 435 189 39 begreppet
693 436 198 39 rättshjälp.

210 540 205 32 Stockholm
431 543 68 29 den
518 543 37 29 12
572 543 71 40 maj
663 544 81 30 1970

602 650 48 31 På
670 652 111 39 tredje
801 653 246 38 lagutskottets
1067 655 143 38 vägnar:

741 760 104 31 ERIK
871 758 203 35 GREBÄCK

209 1026 63 30 Vid
292 1026 91 31 detta
402 1028 143 30 ärendes
568 1028 209 41 behandling
795 1030 64 30 har
878 1031 165 31 närvarit:

207 1088 81 30 från
334 1091 138 29 första
490 1091 220 31 kammaren:
729 1093 123 30 herrar
870 1093 125 31 Svante
1015 1094 241 31 Kristiansson
1278 1095 74 40 (s)",
1370 1091 159 36 Åkesson
1551 1097 98 40 (fp),

163 1134 94 30 Knut
277 1135 196 31 Johansson
498 1136 76 39 (s)",
596 1137 93 30 Ebbe
709 1137 150 31 Ohlsson
883 1138 73 39 (m),
977 1139 56 30 fru
1054 1140 181 40 Landberg
1260 1140 37 40 (s)
1324 1143 64 28 och
1408 1142 81 30 herr
1507 1143 141 38 Skager-

162 1179 84 29 lund
271 1178 102 40 (fp);

207 1224 81 30 från
342 1226 120 30 andra
485 1227 220 30 kammaren:
727 1228 122 30 herrar
872 1229 158 30 Grebäck
1056 1230 79 39 (cp),
1157 1230 175 41 Svenning
1357 1232 52 39 (s),
1431 1233 96 30 Tobé
1552 1233 98 40 (fp),

163 1269 265 31 Wachtmeister
450 1271 73 39 (m),
544 1271 182 40 Hugosson
750 1272 54 40 (s),
825 1273 188 31 Sörensson
1037 1274 54 39 (s),
1112 1275 175 31 Johnsson
1304 1277 10 30 i
1334 1277 161 40 Blentarp
1521 1278 37 39 (s)
1584 1279 65 29 och

161 1313 161 31 Josefson
341 1315 10 30 i
371 1315 96 31 Arrie
492 1315 80 41 (cp).

162 1392 13 16 +
196 1393 35 32 Ej
252 1395 179 24 närvarande
451 1396 47 24 vid
518 1396 173 26 utlåtandets
711 1397 146 33 justering.

745 2564 67 15 Svenska
821 2565 120 18 Reproduktions
947 2566 30 16 AB,
985 2566 47 15 Sthlm
1046 2567 41 15 1970
