2206 2612
456 152 38 29 24
873 149 118 29 Första
1012 147 223 37 lagutskottets
1256 145 164 29 utlåtande
1439 146 46 28 Nr
1505 146 46 28 11.

418 250 78 23 som
517 239 74 32 kan
615 240 153 39 antagas
791 247 90 23 vara
903 235 78 34 med
1003 235 118 33 avsikt
1143 235 64 32 där
1231 233 163 40 anbragt.
1429 232 140 33 Finnas
1591 233 12 31 i
1625 234 46 31 ett
1693 231 128 33 kuvert
1844 229 58 32 två
1924 229 87 32 eller

418 292 92 32 flera
530 290 210 39 röstsedlar,
764 300 86 23 vare
873 289 44 32 de
938 287 74 33 alla
1035 287 121 41 ogilla.
1592 303 5 4 :

1164 391 41 33 18
1230 390 31 38 $.

553 457 173 41 Samtliga
754 455 200 34 röstsedlar
983 454 179 41 inläggas,
1192 453 52 38 de,
1274 462 78 23 som
1381 452 153 40 avgivits
1564 460 45 22 av
1634 452 93 35 män,
1758 450 68 31 och
1855 449 51 38 de,
1936 457 77 24 som

422 511 153 42 avgivits
597 520 45 23 av
662 510 165 36 kvinnor,
851 510 92 30 samt
964 507 42 33 de
1029 505 192 42 godkända
1243 505 68 32 och
1333 504 42 32 de
1396 502 236 34 underkända
1652 511 64 23 var
1739 500 57 33 för
1820 501 67 40 sig,
1908 502 12 31 i
1944 510 70 23 om-

421 564 91 41 slag,
532 563 100 33 vilka
652 562 118 33 förses
790 560 79 33 med
888 560 108 33 minst
1016 559 58 33 två
1093 557 249 34 närvarandes
1363 555 109 42 sigill.
1504 555 56 33 De
1579 553 155 35 sålunda
1754 552 150 42 inlagda
1924 554 90 31 röst-

422 617 170 32 sedlarna
615 614 106 33 skola
743 614 171 32 förvaras
936 612 94 32 intill
1053 611 82 33 dess
1159 610 272 40 omröstningen
1453 609 127 31 vunnit
1603 607 83 40 laga
1708 605 100 33 kraft
1832 605 86 33 eller
1944 604 71 32 för-

423 668 185 33 ordnande
633 677 57 23 om
713 677 50 31 ny
787 665 227 40 omröstning
1036 663 204 33 meddelats.

1168 777 41 32 19
1235 775 30 38 S.

556 843 72 32 Vid
647 842 266 39 förrättningen
932 840 95 32 skall
1046 839 102 32 föras
1166 837 183 42 protokoll
1369 836 110 41 enligt
1500 834 186 38 formulär,
1707 843 78 23 som
1806 843 45 21 av
1870 831 147 33 Konun-

425 907 68 31 gen
518 895 209 33 fastställes.
765 894 17 32 I
807 892 217 43 protokollet
1048 891 198 33 antecknas
1273 889 164 33 särskilt:

557 948 134 32 antalet
716 958 44 22 av
784 949 84 29 män
894 946 153 40 avgivna
1072 944 126 40 giltiga
1221 944 52 39 ja-
1299 942 68 32 och
1390 942 208 39 nej-röster;

558 1000 134 33 antalet
719 1010 44 21 av
788 999 156 32 kvinnor
970 998 154 39 avgivna
1151 996 126 40 giltiga
1301 996 53 39 ja-
1381 994 67 32 och
1472 993 208 40 nej-röster;

558 1053 135 32 antalet
719 1049 301 41 röstberättigade
1047 1052 84 29 män
1159 1048 67 32 och
1253 1048 156 31 kvinnor
1439 1049 169 29 ävensom
1635 1043 133 33 antalet
1797 1041 221 33 röstberätti-

425 1106 90 41 gade
547 1109 85 29 män
654 1106 66 31 och
741 1104 167 37 kvinnor,
934 1113 76 22 som
1033 1102 110 40 enligt
1166 1100 262 39 anteckningar
1452 1099 12 31 i
1486 1096 234 40 röstlängden
1742 1095 149 40 deltagit
1914 1095 11 30 i
1949 1102 70 23 om-

425 1160 228 39 röstningen;

559 1211 122 32 därest
706 1209 121 40 någon
854 1208 207 39 förvägrats
1087 1207 111 36 rösta,
1225 1205 134 32 dennes
1387 1213 108 22 namn
1521 1203 92 31 samt
1640 1200 158 33 orsaken
1824 1199 56 33 till
1906 1198 114 33 sådan

425 1267 154 37 vägran;

561 1325 57 23 om
640 1314 176 33 röstsedel
839 1312 199 33 förklarats
1062 1310 97 41 ogill,
1183 1309 164 41 grunden
1370 1308 56 32 för
1448 1308 94 32 detta
1565 1306 126 32 beslut.

558 1368 17 32 I
600 1366 217 43 protokollet
841 1364 194 42 avtryckas
1060 1367 91 29 även
1173 1363 43 32 de
1239 1361 110 41 sigill,
1373 1359 146 34 varmed
1541 1357 249 35 röstsedlarna
1815 1355 205 42 förseglats.

1174 1476 42 33 20
1241 1474 31 38 8.

560 1541 152 39 Varder,
735 1540 113 34 sedan
870 1540 214 40 röstningen
1107 1537 187 37 avslutats,
1318 1534 219 40 nödvändigt
1560 1535 51 31 att
1634 1531 198 42 uppskjuta
1856 1530 86 33 eller
1966 1539 57 23 av-

427 1597 107 41 bryta
558 1595 276 40 förrättningen,
861 1591 107 34 skola
992 1590 74 34 alla
1090 1588 200 35 röstsedlar
1314 1587 170 40 inläggas
1507 1587 13 31 i
1545 1584 149 42 omslag,
1719 1583 100 33 vilka
1843 1581 180 42 förseglas

429 1648 114 33 under
569 1648 110 32 minst
704 1646 58 34 två
788 1643 249 35 närvarandes
1064 1642 98 41 sigill
1188 1642 93 32 samt
1307 1641 109 40 jämte
1442 1638 115 33 andra
1582 1637 56 33 till
1664 1636 272 40 omröstningen
1962 1634 62 32 hö-

430 1701 113 33 rande
570 1699 220 41 handlingar
818 1698 130 41 läggas
976 1697 14 32 i
1018 1695 122 34 säkert
1169 1694 139 38 förvar;
1340 1692 67 33 och
1436 1691 58 32 må
1524 1689 266 40 förrättningen
1819 1687 81 33 icke
1928 1686 95 42 ånyo

430 1755 195 40 företagas,
647 1754 113 31 innan
783 1748 467 41 omröstningsförrättaren
1270 1744 99 34 inför
1391 1747 119 38 öppna
1532 1742 130 33 dörrar
1683 1740 174 34 förvissat
1879 1740 56 40 sig
1958 1747 66 29 om,

431 1809 52 32 att
504 1806 43 34 de
569 1806 120 33 åsatta
711 1803 145 42 sigillen
880 1805 65 30 äro
969 1801 164 33 obrutna.

1179 1903 41 33 21
1245 1902 32 39 8.

565 1971 301 40 Omröstningens
890 1967 138 43 utgång
1051 1967 186 40 kungöres
1262 1964 217 34 omedelbart
1504 1971 128 33 genom
1656 1961 223 42 uppläsning
1904 1969 44 22 av
1971 1958 57 33 det

432 2025 115 33 under
567 2023 267 40 förrättningen
853 2021 106 33 förda
977 2019 226 43 protokollet,
1225 2027 78 23 som
1322 2017 56 32 till
1398 2015 216 41 riktigheten
1632 2013 192 42 bestyrkes
1846 2022 45 22 av
1911 2009 117 35 ordfö-

433 2078 140 33 randen
599 2077 68 32 och
692 2075 58 34 två
777 2085 45 23 av
848 2074 44 32 de
915 2072 238 34 närvarande.
1196 2070 80 39 Med
1300 2067 237 44 protokollets
1563 2066 221 42 uppläsning
1809 2068 43 29 är
1880 2064 148 32 omröst-

434 2129 378 43 ningsförrättningen
834 2124 176 35 avslutad.

570 2178 477 43 Omröstningsförrättaren
1089 2175 173 34 insänder
1306 2172 156 35 därefter
1506 2171 263 41 ofördröjligen
1811 2168 217 43 protokollet

436 2239 84 31 över
539 2232 449 40 röstsammanräkningen
1008 2229 67 34 och
1095 2227 235 41 röstlängden
1348 2226 55 33 till
1422 2224 271 42 länsstyrelsen.
1725 2223 91 34 Sker
1835 2221 195 34 insändan-

436 2289 57 33 det
511 2288 80 33 med
610 2286 185 35 allmänna
814 2286 138 41 posten,
973 2282 96 34 skall
1088 2279 253 36 försändelsen
1360 2287 203 25 assureras.
