2212 2620
642 125 118 28 Första
780 123 225 37 lagutskottets
1026 122 163 29 utlåtande
1209 122 46 29 Nr
1276 123 44 27 11.
1703 122 35 27 11

186 213 55 31 för
261 212 151 41 frågans
434 213 123 32 vidare
578 212 191 40 utredning
790 211 72 33 kan
884 211 125 32 därför
1031 210 78 33 icke
1130 220 88 22 vara
1240 209 239 39 erforderligt.
1518 208 70 32 Mot
1610 209 57 32 det
1690 208 90 32 före-

184 266 129 40 sJagna
338 266 198 41 uppskovet
560 265 94 32 talar
679 264 195 33 emellertid
899 264 132 37 vidare,
1058 266 49 29 att
1132 262 351 40 folkomröstningen
1510 262 148 40 givetvis
1685 261 95 31 kom-

185 328 72 22 mer
281 321 49 30 att
354 318 146 40 föregås
524 329 43 21 av
589 328 43 21 en
655 318 154 31 intensiv
832 317 176 40 agitation
1032 315 82 33 från
1137 316 101 31 såväl
1262 314 185 32 förbudets
1469 315 212 39 anhängare
1704 323 77 22 som

185 371 82 32 dess
289 370 253 33 motståndare.
577 370 207 39 Anledning
807 369 119 32 finnes
950 369 54 32 till
1026 367 212 41 antagande,
1262 369 50 30 att
1334 367 117 31 denna
1473 367 175 39 agitation
1671 367 12 30 i
1706 365 73 32 häf-

188 423 108 40 tighet
324 423 66 32 och
419 422 215 40 omfattning
660 423 159 31 kommer
847 423 50 30 att
924 421 82 32 vida
1035 420 196 32 överträffa
1258 419 67 32 den
1354 419 227 32 verksamhet
1610 428 43 22 av
1681 417 101 41 dylik

186 478 65 35 art,
276 486 76 21 som
374 476 130 40 plägar
525 475 222 31 förekomma
768 475 12 31 i
803 473 175 32 samband
1000 473 77 31 med
1100 472 41 32 de
1164 472 171 40 politiska
1358 471 115 36 valen,
1496 471 66 31 och
1585 470 56 32 det
1665 470 118 32 skulle

187 528 110 39 enligt
317 528 191 31 utskottets
527 526 230 40 uppfattning
776 526 79 31 icke
874 535 89 22 vara
985 525 159 40 lyckligt,
1164 534 57 21 om
1242 524 117 31 denna
1378 523 175 39 agitation
1574 522 139 31 komme
1734 523 49 29 att

187 579 206 32 utsträckas
420 582 84 28 över
531 588 74 22 mer
633 581 47 29 än
706 580 46 30 ett
778 577 62 32 års
866 577 61 32 tid.
966 576 179 32 Utskottet
1170 576 74 31 kan
1271 575 78 31 icke
1376 574 113 32 heller
1515 573 191 32 underlåta
1734 574 49 30 att

186 632 150 40 påpeka,
363 633 50 30 att
440 630 238 40 utredningen
704 630 156 32 rörande
887 628 249 33 anordnandet
1162 638 44 22 av
1232 626 221 41 rådgivande
1480 625 304 40 folkomröstning

187 685 170 32 utbrutits
385 694 44 21 ur
458 683 66 32 den
551 682 184 41 pågående
763 692 98 22 mera
889 681 218 32 omfattande
1133 679 320 40 undersökningen
1481 678 186 40 angående
1694 676 90 33 folk-

190 737 422 39 omröstningsinstitutet
628 736 12 31 i
657 735 82 32 hela
755 735 81 31 dess
853 734 81 32 vidd
951 734 66 32 och
1034 736 49 29 att
1099 731 520 43 grundlagsbestämmelserna
1636 739 57 22 om
1706 729 79 32 råd-

188 789 151 41 givande
364 788 306 40 folkomröstning
693 787 132 33 införts
850 788 75 39 just
949 788 13 30 i
987 785 93 42 syfte
1106 788 49 30 att
1179 785 218 40 möjliggöra
1423 782 248 41 företagandet
1697 784 87 30 utan

188 842 165 41 uppskov
377 851 45 23 av
447 852 44 21 en
517 841 225 40 omröstning
766 841 12 31 i
803 838 295 41 förbudsfrågan,
1125 840 91 30 samt
1241 839 49 30 att
1316 836 307 33 förbudstankens
1650 835 136 32 anhän-

190 905 86 30 gare
311 894 112 31 sedan
457 893 85 40 lång
577 892 50 32 tid
661 892 151 32 tillbaka
845 891 157 41 påyrkat
1037 890 234 33 anordnande
1307 890 146 30 snarast
1488 888 141 40 möjligt
1663 897 44 22 av
1742 896 44 21 en

188 947 227 39 omröstning
434 948 13 30 i
466 945 116 32 denna
602 944 116 41 fråga.
750 943 56 33 En
826 943 102 42 dylik
949 942 230 42 uppfattning
1198 942 69 32 har
1288 944 89 29 även
1398 940 147 32 kommit
1566 939 55 32 till
1640 937 146 42 uttryck

189 1000 12 30 i
224 999 191 37 motionen,
438 998 80 32 däri
539 998 269 32 motionärerna
831 996 122 32 såsom
976 995 116 41 grund
1115 994 57 32 för
1195 994 57 32 sin
1275 992 216 33 hemställan
1514 991 141 37 anföra,
1677 990 110 33 bland

191 1054 121 34 annat,
345 1061 45 22 en
423 1051 142 32 önskan
597 1052 50 30 att
679 1049 200 42 förebygga
912 1048 147 40 onödigt
1091 1046 174 41 dröjsmål
1297 1045 79 33 med
1408 1045 281 39 omröstningen.
1734 1042 53 32 På

191 1104 117 40 grund
327 1114 45 22 av
389 1104 70 32 vad
477 1103 155 33 sålunda
651 1101 141 34 anförts
811 1102 66 32 bör
897 1101 111 40 enligt
1026 1100 191 32 utskottets
1236 1099 145 40 mening
1399 1097 68 33 den
1486 1096 210 41 föreslagna
1717 1105 70 22 om-

189 1158 214 39 röstningen
422 1160 70 37 äga
511 1166 80 22 rum
610 1155 113 33 redan
742 1154 245 33 innevarande
1008 1153 52 33 år.

325 1262 17 32 I
369 1265 93 30 nära
489 1261 262 40 sammanhang
778 1260 78 33 med
884 1259 133 41 frågan
1045 1269 57 22 om
1128 1258 97 33 tiden
1252 1257 58 34 för
1339 1259 291 40 omröstningens
1659 1258 129 32 företa-

192 1315 115 41 gande
326 1315 76 32 står
422 1316 12 31 i
454 1324 51 23 nu
524 1313 238 34 förevarande
781 1312 66 33 fall
867 1312 133 41 frågan
1021 1322 56 22 om
1097 1311 248 33 anordnandet
1365 1321 44 22 av
1429 1310 41 33 så
1488 1310 124 33 kallad
1633 1310 157 41 objektiv

191 1368 224 40 upplysning
443 1368 13 30 i
483 1367 68 32 den
579 1367 55 32 till
663 1366 226 39 omröstning
918 1364 204 41 framlagda
1150 1363 141 41 frågan.
1331 1362 123 41 Enligt
1482 1363 192 32 utskottets
1703 1372 85 30 upp-

192 1420 155 41 fattning
369 1423 41 29 är
433 1429 43 22 en
499 1418 101 42 dylik
621 1418 223 41 upplysning
867 1418 32 39 ej
924 1416 224 40 erforderlig,
1173 1416 66 32 och
1262 1416 74 31 kan
1359 1415 171 32 utskottet
1552 1415 55 32 till
1630 1415 79 32 stöd
1732 1414 57 32 för

193 1473 117 32 denna
335 1473 57 31 sin
417 1471 221 41 ståndpunkt
662 1471 157 39 åberopa
845 1470 42 31 de
911 1468 92 38 skäl,
1028 1479 87 27 som,
1140 1468 111 40 enligt
1276 1467 68 32 vad
1369 1477 93 22 ovan
1487 1469 153 34 nämnts,
1666 1466 124 32 kunna

192 1524 151 34 anföras
365 1527 72 31 mot
459 1524 148 33 behovet
629 1534 45 22 av
696 1525 46 31 ett
764 1522 212 42 ytterligare
996 1522 164 40 uppskov
1182 1520 56 33 för
1260 1519 305 41 förbudsfrågans
1586 1519 203 40 utredning.

192 1578 134 33 Härtill
348 1577 67 33 bör
437 1578 137 40 läggas,
597 1578 51 31 att
670 1586 43 22 en
735 1575 101 42 dylik
857 1573 473 43 upplysningsverksamhet
1351 1574 13 31 i
1386 1573 97 40 regel
1505 1573 79 32 icke
1606 1576 41 29 är
1670 1582 43 22 av
1733 1572 57 32 be-

192 1632 105 32 hovet
320 1630 182 41 påkallad,
527 1629 44 33 då
596 1629 106 40 fråga
727 1632 40 29 är
793 1638 56 23 om
873 1638 44 22 en
943 1627 225 40 omröstning
1192 1636 45 22 av
1259 1628 78 30 rent
1361 1625 220 41 rådgivande
1603 1624 187 33 karaktär.

194 1684 67 32 Det
290 1694 121 31 synes,
443 1683 120 32 såsom
592 1680 535 41 folkomröstningskommittén
1156 1680 12 31 i
1197 1680 60 31 sitt
1285 1678 226 33 betänkande
1540 1677 209 33 framhållit,
1778 1677 13 31 i

194 1738 117 40 själva
331 1736 123 33 verket
473 1736 98 40 ligga
591 1736 12 31 i
622 1734 67 33 den
710 1733 222 41 rådgivande
954 1733 290 39 omröstningens
1264 1733 118 36 natur,
1405 1733 50 30 att
1477 1730 121 38 folket,
1619 1740 44 22 av
1684 1729 108 32 vilket

196 1790 65 32 råd
286 1790 162 39 begäres,
473 1788 95 32 skall
592 1788 121 31 lämna
738 1787 94 32 detta
856 1785 66 33 råd
948 1786 65 31 och
1039 1786 81 39 giva
1144 1785 57 31 sin
1225 1785 145 39 mening
1393 1783 53 32 till
1471 1783 133 37 känna,
1630 1784 87 30 utan
1743 1783 50 30 att

194 1842 301 33 statsmakternas
518 1840 216 33 medverkan
758 1840 58 31 vid
839 1838 329 40 åsiktsbildningen
1191 1837 95 32 skall
1309 1847 89 22 vara
1421 1835 225 40 erforderlig,
1672 1834 119 32 vartill

195 1896 170 37 kommer,
391 1897 50 30 att
465 1894 58 33 vid
546 1894 68 32 den
638 1892 220 42 rådgivande
883 1890 396 41 omröstningsformen,
1305 1890 12 31 i
1342 1893 46 28 än
1412 1889 113 40 högre
1550 1888 89 41 grad
1664 1891 47 28 än
1734 1886 58 32 vid

197 1948 67 33 den
288 1947 222 38 beslutande,
537 1947 101 40 varje
665 1945 201 42 partiskhet
891 1946 13 30 i
931 1944 67 32 den
1025 1943 172 33 officiella
1224 1942 239 42 belysningen
1492 1951 44 22 av
1562 1940 131 41 frågan
1720 1940 72 31 kan

195 2002 111 32 verka
330 1999 244 44 förryckande
595 1999 47 42 på
667 1997 444 41 omröstningsresultatet.

329 2114 125 41 Ifråga
475 2124 55 23 om
551 2115 104 31 sättet
675 2113 56 33 för
752 2112 291 39 omröstningens
1064 2109 223 34 förrättande
1305 2109 95 32 hava
1418 2109 270 32 motionärerna
1707 2109 12 30 i
1737 2106 56 32 det

197 2179 45 22 av
260 2168 77 32 dem
357 2167 202 41 framlagda
578 2166 238 40 lagförslaget
833 2166 13 31 i
865 2167 91 30 stort
975 2165 67 31 sett
1060 2163 80 40 följt
1158 2162 42 32 de
1217 2164 12 30 i
1248 2162 106 40 lagen
1372 2171 57 22 om
1447 2161 59 32 val
1519 2161 59 46 till
1598 2159 195 40 riksdagen

200 2223 106 39 givna
330 2220 268 34 bestämmelser
623 2218 185 42 angående
832 2218 59 32 val
915 2217 54 32 till
994 2216 114 33 andra
1133 2215 220 32 kammaren.
1415 2213 16 32 I
1457 2216 46 30 ett
1528 2212 175 33 avseende
1727 2212 68 31 har

198 2274 196 33 emellertid
412 2276 46 31 ett
477 2272 185 34 teoretiskt
680 2272 128 40 viktigt
828 2272 125 39 avsteg
974 2271 114 42 gjorts
1108 2268 83 33 från
1211 2268 106 32 dessa
1337 2265 279 39 bestämmelser,
1638 2267 12 30 i
1669 2265 56 32 det
1745 2266 50 31 att

1812 1264 122 33 Objektiv
1959 1271 61 25 upp-

1858 1300 115 33 lysning.

1842 2113 68 26 RBält
1928 2114 41 24 att
1988 2113 9 25 i

1814 2150 72 25 vissa
1902 2149 58 34 fall
1979 2149 38 25 in-

1837 2185 87 26 sända
1941 2186 66 24 röst-

1815 2222 69 26 sedel
1904 2220 42 27 till
1958 2222 69 24 läns-

1851 2257 136 33 styrelsen.
