1935 2827
486 155 405 39 Bevillningsutskottets
907 157 218 30 betänkande
1140 167 43 20 nr
1196 159 41 29 64
1252 159 39 29 år
1307 159 82 29 1967
1638 163 38 30 91

559 238 49 28 att
640 237 187 39 riksdagen
858 238 12 29 i
903 238 166 30 skrivelse
1101 239 53 30 till
1186 240 125 39 Kungl.
1344 241 106 36 Maj:t
1482 242 108 30 måtte
1621 242 56 29 be-

516 291 82 38 gära
619 292 50 28 att
690 300 43 20 en
753 291 188 40 utredning
961 292 163 30 tillsättes
1145 293 80 30 med
1245 294 138 40 uppgift
1405 294 72 30 dels
1499 297 51 28 att
1571 296 106 29 fram-

515 345 99 38 lägga
633 345 131 40 förslag
782 354 56 21 om
858 346 143 40 lämplig
1021 347 226 40 samordning
1265 358 43 20 av
1326 348 94 30 olika
1438 351 99 38 typer
1557 359 43 20 av
1617 350 60 30 ka-

514 398 416 41 pitalvinstbeskattning,
960 400 73 29 dels
1063 403 50 27 att
1141 403 313 38 uppmärksamma
1484 403 94 30 såväl
1607 404 70 30 för-

513 452 212 31 hållandena
753 454 128 29 mellan
909 454 490 40 kapitalvinstbeskattningen
1430 460 88 27 samt
1548 457 129 31 förmö-

514 507 167 38 genhets-,
707 516 93 20 arvs-
824 508 64 29 och
912 508 356 41 gåvobeskattningen
1293 519 74 21 som
1391 511 286 40 kapitalvinstbe-

513 560 242 40 skattningens
785 562 210 40 verkningar
1025 563 45 39 på
1101 563 332 32 samhällsekonomi
1464 565 65 30 och
1561 567 114 29 struk-

512 615 351 39 turrationalisering.

236 719 34 31 3)
300 729 41 20 av
363 720 121 30 herrar
510 721 113 38 Yngve
645 722 139 29 Nilsson
814 723 70 35 (h),
910 723 102 30 Gösta
1035 724 191 30 Jacobsson
1255 725 56 35 (h)
1339 726 64 30 och
1425 727 215 38 Magnusson
1662 728 12 29 i

189 773 108 30 Borås
325 774 70 34 (h),
419 775 95 29 vilka
536 776 111 29 under
669 776 211 40 hänvisning
902 778 53 28 till
979 778 189 30 innehållet
1191 780 11 28 i
1225 780 258 30 reservationen
1509 782 14 28 1
1550 784 123 32 ansett,

191 829 50 27 att
257 828 170 29 utskottet
440 829 78 29 bort
532 829 194 35 hemställa,

555 885 50 27 att
632 884 187 39 riksdagen
846 884 108 31 måtte
980 886 11 29 i
1020 886 166 30 skrivelse
1213 887 52 30 till
1292 887 126 40 Kungl.
1446 889 107 36 Maj:t
1579 890 95 28 hem-

513 937 101 30 ställa
634 946 56 21 om
712 938 191 39 skyndsam
925 939 187 40 utredning
1132 941 149 30 rörande
1301 941 373 32 realisationsvinstbe-

512 991 243 39 skattningens
777 992 213 40 omfattning
1011 994 64 28 och
1096 994 220 40 utformning
1336 1005 45 19 m.
1403 1005 45 20 m.
1470 997 80 28 med
1570 997 104 29 beak-

510 1045 105 29 tande
640 1045 141 30 särskilt
805 1055 42 20 av
871 1046 249 39 skogsbrukets
1144 1048 65 29 och
1232 1048 225 37 jordbrukets
1482 1050 191 30 förhållan-

507 1097 66 30 den
594 1100 89 28 samt
703 1099 11 29 i
734 1099 109 39 övrigt
864 1100 110 29 under
993 1101 225 39 iakttagande
1238 1111 42 21 av
1298 1102 66 30 vad
1383 1104 11 28 i
1414 1104 258 29 reservationen

508 1152 14 28 1
548 1152 145 30 anförts.

186 1248 311 40 Indexberäkning,
518 1249 72 40 fast
611 1250 126 40 tillägg,
760 1251 197 40 ytterligare
978 1252 306 41 alternativregler,
1307 1263 44 21 m.
1373 1264 45 20 m.

234 1311 34 32 4)
298 1321 41 20 av
361 1312 121 29 herrar
507 1312 113 39 Yngve
643 1312 139 30 Nilsson
812 1314 70 35 (h),
907 1314 103 30 Gösta
1032 1315 192 30 Jacobsson
1253 1317 56 34 (h)
1337 1318 64 29 och
1423 1318 214 39 Magnusson
1660 1319 11 29 i

189 1365 108 30 Borås
325 1365 70 35 (h),
419 1366 94 30 vilka
535 1367 111 29 under
668 1368 211 39 hänvisning
901 1369 52 29 till
974 1369 193 31 innehållet
1188 1371 11 29 i
1222 1372 258 29 reservationen
1506 1373 14 28 1
1546 1375 123 32 ansett,

189 1421 50 27 att
253 1420 171 29 utskottet
438 1420 111 30 under
563 1421 159 39 punkten
736 1421 27 29 A
781 1422 14 28 1
811 1422 78 30 bort
902 1423 195 35 hemställa,

553 1477 50 27 att
624 1475 187 39 riksdagen
831 1476 108 30 måtte
961 1479 126 37 antaga
1108 1477 57 30 det
1184 1478 59 30 vid
1263 1480 262 38 propositionen
1546 1481 124 39 fogade

509 1528 166 40 förslaget
692 1529 52 29 till
762 1530 55 39 lag
833 1539 57 21 om
908 1531 149 39 ändring
1073 1532 11 29 i
1102 1532 424 41 kommunalskattelagen
1544 1535 66 29 den
1629 1535 41 29 28

510 1583 193 38 september
728 1583 83 30 1928
840 1583 57 34 (nr
920 1584 80 34 370)
1028 1585 80 30 med
1131 1586 40 29 de
1194 1586 189 40 ändringar
1407 1597 41 20 av
1470 1589 201 38 punkterna

511 1636 82 29 1—3
615 1646 41 20 av
676 1637 273 40 anvisningarna
969 1639 52 29 till
1042 1638 41 31 36
1105 1639 16 37 $
1144 1649 74 20 som
1239 1641 112 29 nedan
1374 1641 150 39 angives.

807 1762 236 40 Anvisningar

843 1843 53 29 till
921 1843 40 30 36
989 1843 27 37 8.

231 1903 27 29 1.
274 1903 66 30 Vid
355 1903 194 40 beräkning
564 1914 42 19 av
620 1905 315 30 realisationsvinst
950 1909 178 36 upptages,
1145 1909 99 28 utom
1258 1909 10 29 i
1285 1908 61 29 fall
1363 1918 74 20 som
1454 1919 97 21 avses
1567 1911 9 29 i
1593 1910 39 30 35
1652 1911 15 36 8

188 1955 18 30 3
231 1965 104 21 mom.
361 1957 110 30 andra
497 1958 143 39 stycket,
667 1958 115 30 såsom
806 1959 115 30 intäkt
945 1960 67 29 vad
1037 1969 73 21 som
1136 1961 156 30 erhållits
1317 1962 55 30 för
1398 1962 66 31 den
1489 1965 180 39 avyttrade

188 2011 223 38 egendomen.
431 2011 138 40 Avdrag
587 2011 55 31 får
659 2030 45 3 —
721 2012 79 30 med
818 2013 226 40 iakttagande
1065 2014 88 30 dock
1172 2024 43 21 av
1233 2016 41 29 de
1295 2016 173 31 särskilda
1487 2017 182 31 föreskrif-

187 2066 52 27 ter
263 2073 74 20 som
361 2065 106 39 enligt
489 2066 115 38 punkt
627 2066 19 29 2
670 2066 114 30 nedan
808 2067 106 38 gäller
937 2068 222 30 beträffande
1182 2069 166 40 fastighet
1370 2088 45 3 —
1438 2071 60 29 ske
1522 2072 55 29 för
1601 2073 68 28 alla

186 2118 249 30 omkostnader
463 2119 55 29 för
546 2119 175 30 förvärvet
750 2121 65 28 och
843 2122 229 38 avyttringen,
1104 2122 132 31 således
1266 2124 54 29 för
1349 2125 117 39 erlagd
1494 2126 174 39 köpeskil-

183 2172 81 39 ling,
282 2172 54 30 för
352 2172 67 30 vad
436 2182 75 20 som
528 2173 157 40 nedlagts
702 2173 45 40 på
763 2174 209 41 förbättring
990 2185 42 20 av
1047 2176 223 39 egendomen,
1289 2177 54 30 för
1360 2178 140 40 inköps-
1517 2179 65 30 och
1599 2179 69 30 för-

187 2225 361 40 säljningsprovision,
568 2227 55 29 för
643 2228 339 39 stämpelkostnader
1000 2239 46 19 m.
1064 2239 45 20 m.
1129 2230 60 29 Hit
1207 2231 130 30 räknas
1355 2231 132 37 jämväl
1505 2233 161 34 kostnad,

188 2288 74 21 som
281 2280 111 29 under
411 2280 59 34 tid,
492 2280 44 30 då
552 2281 116 29 intäkt
687 2291 42 20 av
748 2282 160 39 avyttrad
928 2292 117 20 annan
1064 2283 167 40 fastighet
1250 2286 81 28 eller
1349 2286 12 29 i
1380 2286 288 31 förekommande

186 2333 62 29 fall
264 2333 54 30 del
334 2334 106 29 därav
454 2334 189 30 beräknats
658 2335 106 39 enligt
780 2335 40 30 24
838 2335 15 37 $
870 2336 19 29 2
905 2336 81 29 eller
1015 2336 5 29 3
1036 2346 104 20 mom.
1156 2338 157 39 nedlagts
1328 2339 46 39 på
1388 2340 199 39 reparation
1602 2341 65 29 och

186 2387 185 29 underhåll
399 2397 42 20 av
468 2388 212 39 fastigheten
708 2389 82 29 eller
818 2389 296 39 fastighetsdelen,
1144 2392 12 28 i
1185 2392 66 29 den
1279 2392 83 30 mån
1392 2393 66 30 den
1487 2395 180 39 avyttrade

186 2441 213 39 egendomen
420 2441 46 40 på
488 2442 113 39 grund
624 2442 107 30 därav
751 2442 58 30 vid
832 2444 220 39 avyttringen
1073 2445 163 30 befunnit
1259 2446 51 39 sig
1331 2447 11 29 i
1364 2447 113 30 bättre
1501 2448 98 30 skick
1622 2450 45 28 än

185 2494 59 29 vid
262 2494 185 30 förvärvet.
466 2495 72 29 Har
557 2495 67 30 den
644 2496 253 40 skattskyldige
915 2497 147 39 tidigare
1081 2498 67 30 fått
1167 2498 141 38 åtnjuta
1327 2500 128 40 avdrag
1474 2501 55 30 för
1547 2502 120 30 värde-

184 2548 205 39 minskning
416 2558 41 20 av
484 2549 85 39 skog
595 2550 81 29 eller
703 2559 117 20 annan
847 2551 251 40 naturtillgång
1123 2552 46 40 på
1195 2554 160 38 avyttrad
1381 2554 176 40 fastighet,
1585 2557 82 28 eller
