1910 2852
166 178 5 9 ,
558 154 281 31 Bankoutskottets
866 155 163 31 utlåtande
1059 157 48 29 Nr
1129 161 49 27 58.
1594 158 16 32 1

537 570 118 28 Ankom
679 570 47 28 till
748 571 174 33 riksdagens
946 572 95 29 kansli
1064 574 59 29 den
1147 576 37 28 27
1209 577 59 34 maj
1287 580 81 27 1930
1385 580 40 29 kl.
1443 582 70 28 2.30
1530 592 26 19 e.
1570 592 39 18 m.

316 662 187 40 Utlåtande,
519 665 12 29 i
546 663 178 39 anledning
738 675 40 21 av
796 665 64 31 vad
875 665 192 39 riksdagens
1081 669 38 31 år
1133 670 86 31 1929
1235 670 200 39 församlade
1450 677 159 32 revisorer

516 725 13 30 i
542 725 52 31 sin
611 725 171 33 berättelse
796 728 168 36 angående
978 729 199 34 riksbanken
1192 732 111 38 anfört
1317 736 12 29 i
1345 735 97 39 fråga
1456 748 52 21 om
1525 738 82 33 riks-

519 786 144 33 bankens
686 788 114 39 bidrag
822 789 53 32 till
896 792 87 31 vissa
1004 794 323 36 pensionsanstalter.

159 889 18 32 I
198 890 50 32 sin
270 891 174 33 berättelse
465 893 167 38 angående
654 893 199 34 riksbanken
874 895 133 34 berörde
1028 898 192 40 riksdagens
1241 902 37 31 år
1301 903 84 33 1929
1408 904 198 35 församlade

115 943 157 33 revisorer
290 944 105 33 under
414 944 19 40 8
453 945 39 33 23
515 946 120 38 frågan
653 959 51 20 om
724 948 217 34 riksbankens
962 950 118 40 bidrag
1099 952 54 32 till
1173 954 89 33 vissa
1282 957 323 37 pensionsanstalter.

158 997 18 32 I
193 998 105 32 denna
315 998 97 39 fråga
430 999 134 33 anförde
582 1001 199 33 revisorerna
797 1002 55 33 till
869 1015 39 20 en
925 1004 114 38 början
1056 1006 159 38 följande:

162 1068 236 33 »Riksbanken
418 1069 61 32 har
496 1070 105 32 under
621 1072 37 31 år
680 1073 84 32 1928
784 1072 120 34 liksom
924 1075 140 39 tidigare
1083 1078 105 33 under
1206 1091 39 21 en
1265 1080 115 40 längre
1403 1083 83 38 följd
1507 1096 42 21 av
1570 1087 38 30 år

116 1111 54 32 till
188 1113 97 32 änke-
302 1113 60 32 och
379 1114 231 38 pupillkassan
627 1115 58 33 vid
701 1116 274 42 huvudkontoret,
996 1121 112 33 vilken
1125 1123 99 33 kassa
1241 1124 174 35 benämnes
1435 1123 175 49 bankosta-

113 1159 71 29 tens
203 1157 97 32 änke-
318 1157 60 32 och
397 1158 218 39 pupillkassa,
636 1164 85 28 samt
738 1161 53 32 till
810 1163 98 32 änke-
928 1164 58 32 och
1004 1166 230 38 pupillkassan
1254 1170 56 31 vid
1330 1171 275 40 avdelningskon-

116 1203 90 29 toren
226 1201 59 32 och
304 1202 263 38 pappersbruket
587 1204 143 33 utbetalt
749 1206 119 40 bidrag
888 1208 72 32 med
981 1210 183 38 respektive
1185 1213 63 32 200
1268 1213 121 34 kronor
1408 1216 59 32 och
1490 1218 118 37 18,000

116 1244 128 33 kronor.

160 1287 218 41 Ärsbidraget
400 1290 54 32 till
477 1291 233 35 bankostatens
733 1295 98 33 änke-
854 1297 58 32 och
936 1298 208 38 pupillkassa
1166 1301 63 32 har
1250 1304 112 37 utgått
1384 1303 163 35 alltsedan
1571 1306 38 32 år

118 1333 94 37 1748,
233 1333 42 33 då
294 1334 107 33 denna
419 1335 99 33 kassa
536 1336 192 35 inrättades.

160 1376 68 32 Till
254 1378 97 32 änke-
378 1379 58 32 och
462 1381 231 38 pupillkassan
718 1384 56 32 vid
801 1385 353 40 avdelningskontoren
1179 1392 58 32 och
1263 1395 263 37 pappersbruket
1550 1410 57 20 an-

115 1419 129 34 visades
260 1423 258 39 ursprungligen
535 1437 42 20 av
596 1427 216 34 1850—1851
832 1431 94 32 årens
943 1432 135 40 riksdag
1095 1434 12 31 i
1125 1435 59 32 och
1202 1437 73 32 med
1292 1438 106 33 denna
1414 1440 115 34 kassas
1547 1442 60 32 bil-

116 1463 103 33 dande
243 1469 47 28 ett
311 1466 102 39 årligt
435 1468 118 40 bidrag
574 1471 20 31 å
617 1472 62 32 600
702 1472 162 34 riksdaler
886 1475 116 39 banko,
1026 1481 50 28 att
1097 1480 82 37 utgå
1200 1480 185 35 tillsvidare
1410 1488 85 28 samt
1516 1485 91 32 intill

113 1506 120 34 kassan
248 1510 120 32 vunnit
385 1511 65 32 full
466 1514 118 38 stadga
598 1515 58 31 och
673 1516 161 34 säkerhet.
850 1518 54 33 Då
919 1520 136 33 kassans
1072 1522 128 39 kapital
1218 1525 73 32 med
1308 1527 83 32 1862
1409 1529 53 32 års
1478 1530 128 38 utgång

116 1553 118 38 ansågs
252 1553 87 33 hava
356 1556 73 31 nått
445 1568 39 20 en
501 1558 103 32 sådan
622 1560 202 40 omfattning
845 1562 137 40 (58,000
1000 1565 136 42 kronor)
1158 1572 49 28 att
1224 1569 71 33 dess
1313 1572 295 40 ränteavkastning

112 1607 76 21 vore
207 1597 81 32 fullt
306 1598 185 41 tillräcklig
509 1602 52 31 för
580 1603 231 38 pensionernas
830 1606 216 43 bestridande,
1066 1611 170 38 upphörde
1254 1613 54 33 det
1328 1615 108 39 årliga
1455 1617 151 40 anslaget

115 1641 142 33 nämnda
275 1643 47 32 år.

160 1684 106 34 Sedan
288 1687 54 32 det
364 1688 181 34 emellertid
566 1691 88 33 visat
675 1693 60 39 sig,
757 1698 50 28 att
830 1695 76 33 från
929 1697 57 32 och
1007 1699 72 32 med
1102 1700 37 32 år
1161 1701 83 32 1871
1268 1702 138 34 kassans
1428 1704 180 34 inkomster

115 1727 29 38 ej
170 1728 114 40 längre
309 1732 110 32 täckte
444 1734 186 38 utgifterna
657 1736 52 33 för
733 1739 180 39 pensioner,
939 1741 194 35 hemställde
1160 1745 214 41 fullmäktige
1399 1749 59 33 hos
1486 1750 120 33 banko-

114 1772 160 34 utskottet
297 1775 57 32 vid
379 1777 86 32 1874
488 1779 52 32 års
565 1779 137 41 riksdag
725 1794 51 20 om
800 1784 179 34 anvisande
1003 1787 54 31 till
1080 1788 121 33 kassan
1226 1802 42 20 av
1290 1795 48 29 ett
1362 1792 102 40 årligt
1489 1794 117 39 belopp

115 1827 42 20 av
177 1818 63 32 900
261 1818 130 34 kronor.
437 1821 18 32 I
476 1824 167 33 avvaktan
665 1827 42 37 på
728 1828 178 39 utredning
928 1842 50 20 om
1001 1832 211 38 möjligheten
1235 1835 52 32 för
1309 1848 39 20 en
1370 1834 238 48 sammanslag-

113 1859 81 39 ning
213 1873 42 20 av
274 1863 39 32 de
333 1864 86 32 båda
439 1865 158 35 kassorna
619 1873 85 28 samt
723 1883 39 19 en
783 1872 147 40 enhetlig
949 1875 165 40 reglering
1134 1889 42 20 av
1195 1879 215 36 pensionerna
1431 1882 173 33 anvisades

115 1904 81 32 dock
214 1906 29 37 ej
262 1908 100 37 något
379 1909 117 39 anslag
512 1911 55 31 till
585 1913 369 40 avdelningskontorens
972 1919 251 37 pensionskassa
1242 1923 112 32 förrän
1371 1925 57 31 vid
1449 1927 83 31 1877
1553 1928 53 31 års

115 1948 144 40 riksdag.
282 1951 133 39 Frågan
439 1965 51 20 om
511 1955 175 34 kassornas
709 1960 304 41 sammanslagning
1033 1963 84 33 hade
1141 1965 229 34 dessförinnan
1391 1970 150 32 strandat
1564 1972 43 37 på

113 1992 194 39 delägarnas
330 1995 12 31 i
366 1996 232 36 bankostatens
621 2001 251 37 pensionskassa
896 2005 221 39 obenägenhet
1141 2012 49 29 att
1212 2010 201 34 underkasta
1435 2013 52 39 sig
1509 2015 95 32 önsk-

114 2038 80 31 värd
215 2038 143 33 kontroll
379 2040 11 31 i
411 2041 96 39 fråga
526 2055 51 19 om
597 2041 328 50 pensionsreglering.

159 2081 64 33 För
244 2087 50 28 att
313 2085 189 39 uppbringa
523 2088 214 37 pensionerna
759 2091 75 32 från
858 2093 367 40 avdelningskontorens
1246 2100 58 33 och
1327 2104 278 36 pappersbrukets

115 2126 95 32 änke-
227 2127 57 32 och
301 2129 209 38 pupillkassa
527 2131 11 32 i
556 2132 79 33 nivå
650 2134 72 32 med
738 2135 215 38 pensionerna
969 2139 75 32 från
1061 2141 231 36 bankostatens
1310 2145 99 34 kassa
1426 2147 178 39 beviljades

115 2169 60 32 den
195 2171 228 34 förstnämnda
440 2174 120 33 kassan
581 2177 74 32 från
674 2178 57 32 och
751 2180 73 32 med
842 2182 37 30 år
899 2183 81 31 1877
1001 2187 47 29 ett
1066 2185 101 39 årligt
1186 2188 117 39 anslag
1321 2191 19 30 å
1360 2192 97 35 4,550
1476 2192 128 34 kronor.

113 2213 99 33 Detta
235 2216 118 39 anslag
373 2218 115 37 utgick
512 2220 53 31 till
589 2221 37 31 år
649 2222 96 38 1907,
769 2223 42 32 då
833 2225 285 41 anslagsbeloppet
1141 2230 111 38 höjdes
1275 2233 53 31 till
1355 2235 95 36 6,000
1475 2236 129 33 kronor.

114 2257 79 39 Nya
215 2259 111 33 försök
348 2264 50 29 att
420 2264 199 32 sammanslå
642 2265 38 32 de
702 2266 84 33 båda
808 2268 158 34 kassorna
988 2271 82 33 hade
1093 2273 41 32 då
1155 2274 103 37 gjorts
1280 2288 73 21 men
1375 2277 72 34 icke
1470 2279 60 33 lett
1551 2281 53 31 till

114 2302 99 37 något
235 2304 148 32 resultat.
1357 2323 2 3 |

159 2346 73 32 Med
253 2347 159 33 skrivelse
434 2349 52 32 till
506 2351 269 35 bankoutskottet
794 2355 57 32 vid
874 2357 83 32 1913
979 2359 52 32 års
1052 2359 136 40 riksdag
1209 2362 161 34 framlade
1392 2365 212 40 fullmäktige

112 2401 40 19 en
174 2391 177 38 utredning
374 2394 166 37 angående
563 2396 370 39 avdelningskontorens
955 2402 57 31 och
1036 2405 277 36 pappersbrukets
1336 2409 267 37 pensionskassas

114 2433 176 34 likviditet.
313 2435 117 33 Denna
451 2438 177 39 utredning
650 2442 169 35 grundade
841 2443 52 38 sig
914 2446 42 36 på
978 2446 137 33 kassans
1138 2448 182 39 tillgångar
1341 2453 72 32 med
1436 2455 168 38 utgången

114 2490 41 19 av
174 2479 37 31 år
230 2480 94 37 1912,
344 2480 93 32 vilka
455 2481 183 40 tillgångar
656 2484 126 39 belöpte
801 2486 54 39 sig
872 2488 53 31 till
944 2489 11 31 i
975 2494 76 28 runt
1071 2491 46 32 tal
1138 2494 140 36 422,000
1298 2495 129 33 kronor.
1471 2499 74 32 Med
1565 2511 38 20 en

155 2543 118 35 Bihang
296 2544 48 28 till
367 2545 172 35 riksdagens
560 2549 143 33 protokoll
727 2553 89 26 1930.
840 2557 19 23 8
882 2554 83 27 saml.
990 2552 38 31 42
1054 2556 74 33 häft.
1153 2558 58 34 (Nr
1234 2559 65 35 58.)
1547 2562 15 29 1
