1872 2842
523 158 306 31 Bankoutskottets
855 156 176 32 utlåtande
1056 156 49 31 Nr
1129 159 49 29 59.
1595 149 18 30 3

101 243 369 37 poteksföreningarna
486 243 78 30 med
579 243 66 29 den
662 241 254 37 huvudsakliga
931 241 168 30 innebörd
1115 242 66 29 och
1200 241 9 29 i
1227 241 66 30 den
1310 240 214 36 begränsade
1540 249 71 20 om-

100 285 160 37 fattning,
280 295 74 20 som
373 285 9 30 i
404 286 41 29 de
467 284 236 37 sakkunnigas
722 283 177 31 utlåtande
922 282 157 37 angåves.

146 352 290 31 Riksförbundets
458 351 255 37 framställning
735 352 38 29 är
793 349 149 38 alltjämt
962 350 171 30 beroende
1158 348 43 38 på
1226 349 122 37 Kungl.
1373 348 118 38 Maj:ts
1513 350 98 36 pröv-

102 404 92 36 ning.

147 489 136 30 Jämväl
305 488 9 30 i
331 488 57 30 sitt
408 487 246 31 ovannämnda
673 487 221 30 betänkande
914 489 152 34 upptogo
1087 486 41 30 de
1150 485 218 37 sakkunniga
1388 485 51 30 till
1459 485 153 30 behand-

103 540 70 36 ling
201 538 122 38 frågan
351 549 55 20 om
436 538 264 37 möjligheterna
728 540 49 28 att
807 545 123 30 genom
960 536 384 36 subventionsåtgärder
1374 535 79 31 från
1485 538 127 28 statens

102 591 75 29 sida
195 589 82 31 ernå
297 600 42 20 en
357 589 221 37 nedsättning
595 598 42 21 av
658 590 122 29 räntan
800 588 20 30 å
839 589 113 36 gamla
970 588 143 29 bundna
1134 586 58 31 lån
1214 587 148 36 löpande
1381 587 78 30 med
1478 587 134 29 relativt

101 642 89 35 höga
208 642 217 29 räntesatser.
467 640 49 30 De
536 639 217 37 sakkunniga
771 639 110 30 funno
899 638 30 37 ej
948 638 186 37 anledning
1151 640 49 28 att
1220 638 9 29 i
1247 637 153 31 rådande
1418 638 73 36 läge
1505 637 105 30 fram-

103 692 98 36 lägga
226 691 130 37 förslag
380 701 58 20 om
463 690 159 37 åtgärder
647 690 9 29 i
683 689 108 31 sådan
819 689 162 37 riktning.
1032 689 116 29 Skulle
1176 688 189 30 emellertid
1390 687 222 37 jordbrukets

103 742 163 37 ställning
282 742 10 30 i
309 742 187 29 framtiden
517 741 142 30 komma
676 743 49 27 att
742 750 95 20 mera
857 740 157 30 avsevärt
1032 739 200 35 försämras,
1253 741 115 34 syntes
1388 739 55 29 det
1464 738 45 31 då
1528 739 85 29 böra

103 794 196 35 övervägas,
327 793 94 29 vilka
447 791 158 37 åtgärder
632 790 43 38 på
701 790 295 31 kreditväsendets
1022 788 141 31 område
1192 799 74 20 som
1295 789 185 36 lämpligen
1507 789 106 30 borde

104 844 140 30 komma
270 843 51 31 till
348 842 281 38 genomförande,
654 841 119 31 varvid
797 842 87 29 även
911 839 384 37 subventionsåtgärder
1321 849 42 20 av
1388 840 65 30 den
1479 839 133 30 huvud-

104 895 131 36 sakliga
253 894 178 35 innebörd,
450 903 75 20 som
543 893 145 36 angivits
706 892 9 30 i
732 892 41 30 de
791 891 237 37 sakkunnigas
1044 891 230 30 förenämnda
1290 889 188 37 utlåtande,
1498 892 115 35 syntes

104 946 119 30 kunna
242 946 141 29 komma
402 945 111 29 under
532 943 238 37 omprövning.

147 1030 13 30 I
181 1029 57 31 två
256 1029 57 30 vid
336 1030 83 29 1935
435 1028 55 30 års
509 1027 141 37 riksdag
667 1028 124 29 väckta
810 1027 222 36 likalydande
1052 1026 169 30 motioner
1246 1025 39 38 (I:
1301 1026 63 29 249
1384 1026 66 29 och
1472 1025 44 30 II:
1532 1023 76 39 410)

103 1080 232 35 hemställdes,
365 1082 49 27 att
441 1079 184 36 riksdagen
654 1077 106 31 måtte
787 1078 10 29 i
826 1077 163 30 skrivelse
1016 1076 50 30 till
1098 1076 123 36 Kungl.
1253 1075 101 37 Maj:t
1384 1075 151 36 anhålla,
1565 1077 49 28 att

104 1131 122 37 Kungl.
248 1130 100 37 Maj:t
368 1130 78 30 ville
465 1128 69 31 låta
555 1129 184 30 verkställa
759 1128 185 36 utredning
963 1127 107 30 bland
1092 1129 108 28 annat
1222 1135 41 21 av
1286 1125 123 38 frågan
1430 1125 183 36 huruvida,

104 1182 8 30 i
136 1182 115 30 vilken
275 1180 82 31 mån
375 1181 66 29 och
465 1179 44 38 på
532 1180 66 29 vad
622 1180 66 29 sätt
712 1188 41 21 en
776 1178 221 36 nedsättning
1022 1187 42 20 av
1089 1178 125 29 räntan
1239 1176 21 31 å
1282 1176 58 31 lån
1363 1175 78 31 från
1466 1176 147 30 svenska

105 1232 386 31 bostadskreditkassan
518 1231 111 30 skulle
655 1231 121 29 kunna
802 1228 271 32 åstadkommas.

147 1284 14 30 I
186 1282 178 32 utlåtande
395 1282 52 39 (nr
473 1280 53 40 44)
558 1282 79 29 över
663 1281 237 36 nyssnämnda
921 1279 170 30 motioner
1119 1278 146 31 anförde
1293 1278 282 30 bankoutskottet
1604 1277 9 30 i

103 1334 184 31 huvudsak
304 1332 170 38 följande:

149 1404 12 15 »
169 1393 171 30 Utskottet
358 1392 59 30 vill
434 1391 124 35 erinra,
578 1394 48 27 att
644 1391 41 30 de
704 1390 109 30 under
834 1389 114 38 statlig
968 1389 211 30 medverkan
1200 1388 200 30 anordnade
1418 1387 194 37 fastighets-

102 1434 393 31 kreditinstitutionerna
520 1432 200 31 tillkommit
745 1432 55 30 för
826 1435 48 27 att
900 1431 126 30 bereda
1053 1431 312 36 fastighetsägarna
1393 1429 142 37 tillgång
1563 1429 50 30 till

101 1476 45 38 på
160 1476 81 37 lång
256 1477 67 30 sikt
338 1476 154 35 bundna,
509 1474 79 31 från
606 1474 215 37 långivarens
835 1474 73 30 sida
925 1474 243 36 ouppsägbara
1184 1471 67 31 lån.
1292 1471 137 31 Sådana
1446 1471 58 31 lån
1520 1472 92 30 med-

102 1520 76 30 föra
202 1519 50 30 till
279 1518 151 31 skillnad
456 1520 72 27 mot
554 1515 206 32 korttidslån
786 1516 196 37 betydande
1007 1515 152 30 fördelar
1185 1515 58 29 vid
1268 1513 344 37 fastighetsfinansie-

102 1562 85 36 ring,
213 1562 10 29 i
249 1561 56 30 det
330 1563 48 27 att
401 1561 43 29 de
466 1562 120 34 trygga
609 1558 312 37 fastighetsägarna
944 1560 73 27 mot
1041 1556 94 31 såväl
1159 1556 218 37 uppsägning
1402 1565 75 21 som
1501 1557 111 29 ränte-

102 1604 158 37 stegring.
300 1603 107 29 Dessa
423 1602 153 30 fördelar
588 1600 99 31 ernås
705 1609 123 28 genom
846 1603 49 27 att
911 1598 393 31 kreditinstitutionerna
1322 1598 110 36 själva
1448 1597 165 31 anskaffa

102 1647 42 30 de
171 1646 56 30 för
255 1645 52 30 sin
334 1643 304 37 utlåningsrörelse
667 1642 223 37 erforderliga
921 1642 136 30 medlen
1087 1649 125 28 genom
1242 1639 192 38 upplåning
1462 1639 44 38 på
1535 1639 79 37 lång

102 1689 78 35 sikt,
208 1687 173 36 nämligen
410 1694 123 29 genom
554 1685 221 38 upptagande
803 1693 41 21 av
874 1682 276 39 obligationslån.
1204 1682 53 31 Då
1284 1682 330 37 konverteringsrätt

103 1731 54 30 för
183 1730 130 31 sådana
336 1728 57 32 lån
419 1728 234 37 regelmässigt
678 1727 151 30 inträder
852 1727 48 29 tio
924 1725 38 31 år
986 1725 86 31 efter
1095 1724 120 31 lånens
1241 1724 195 37 utgivande,
1457 1726 60 28 äro
1542 1723 71 31 lån-

102 1776 145 33 tagarna
264 1773 64 29 hos
345 1770 279 31 institutionerna
644 1769 212 36 berättigade
877 1771 48 28 att
946 1767 87 31 först
1054 1767 86 31 efter
1158 1766 171 38 utgången
1351 1776 42 21 av
1412 1776 134 21 samma
1564 1766 49 30 tid

102 1816 156 35 uppsäga
275 1814 75 30 sina
366 1812 57 31 lån
441 1813 51 30 till
509 1811 258 36 återbetalning.

147 1857 74 29 Den
247 1856 196 36 betydande
469 1853 156 37 nedgång
652 1854 9 29 i
686 1851 215 37 räntenivån,
928 1862 74 20 som
1030 1852 118 29 inträt!
1173 1852 109 29 under
1309 1852 42 29 de
1376 1860 121 21 senare
1521 1850 92 35 åren,

103 1899 63 29 har
187 1898 185 36 självfallet
396 1896 160 35 medfört,
579 1898 48 27 att
648 1895 68 36 lån,
738 1905 75 20 som
834 1894 175 38 upptagits
1030 1894 63 29 hos
1115 1892 265 37 ifrågavarande
1406 1892 207 30 kreditinsti-

102 1941 151 30 tutioner
271 1942 71 28 mot
359 1948 42 21 en
419 1939 106 35 högre
543 1939 100 28 ränta
660 1938 44 29 än
718 1937 66 29 den
802 1946 46 20 nu
865 1936 169 36 gällande,
1053 1935 54 30 för
1125 1935 217 30 närvarande
1361 1937 31 27 te
1411 1935 50 36 sig
1479 1935 135 29 mindre

104 1990 228 29 gynnsamma
351 1982 44 29 än
416 1980 58 30 vid
492 1979 208 37 tidpunkten
720 1978 55 30 för
797 1977 119 31 lånens
937 1977 232 36 upptagande.
1213 1977 13 29 I
1247 1977 66 29 den
1333 1975 82 31 mån
1435 1975 179 37 möjlighet

104 2025 115 31 därtill
250 2023 120 31 hittills
402 2021 220 35 förefunnits,
656 2021 90 29 hava
781 2019 130 31 sådana
943 2020 78 29 med
1055 2020 105 35 högre
1191 2019 99 29 ränta
1324 2018 199 30 förskrivna
1557 2017 57 31 lån

104 2068 235 29 konverterats
357 2065 9 29 i
384 2064 56 31 lån
456 2064 80 30 med
554 2064 91 35 lägre
662 2064 109 28 ränta.
814 2061 115 30 Sådan
947 2061 221 36 omläggning
1182 2069 42 21 av
1241 2060 196 30 krediterna
1457 2061 158 29 kommer

104 2109 140 36 givetvis
267 2111 48 27 att
337 2106 131 37 jämväl
493 2106 10 29 i
528 2105 266 35 fortsättningen
820 2105 63 35 äga
906 2113 88 25 rum,
1021 2102 225 31 allteftersom
1270 2102 56 30 lån
1352 2102 92 30 bliva
1471 2103 143 29 konver-

103 2152 94 34 tibla,
227 2160 74 20 som
331 2150 79 35 löpa
438 2148 79 30 med
548 2148 105 35 högre
683 2148 99 28 ränta
810 2147 44 29 än
884 2146 66 30 den
979 2145 57 30 vid
1065 2144 392 36 konverteringsrättens
1481 2144 134 30 inträde

104 2193 167 36 gällande.

148 2235 14 29 I
181 2244 47 20 nu
247 2233 228 31 förevarande
496 2231 168 30 motioner
686 2231 62 29 har
769 2229 221 31 beträffande
1012 2229 64 29 den
1098 2231 114 27 senast
1231 2228 170 30 inrättade
1420 2228 194 36 fastighets-

105 2275 362 32 kreditinstitutionen,
500 2273 146 30 svenska
677 2271 396 33 bostadskreditkassan,
1106 2270 129 35 förslag
1269 2270 129 35 väckts,
1431 2269 184 37 åsyftande

104 2321 48 27 att
176 2318 126 29 bereda
324 2317 90 29 vissa
439 2325 42 20 av
504 2316 75 29 dess
602 2313 176 36 låntagare
801 2312 179 36 möjlighet
1003 2315 47 26 att
1070 2312 74 29 före
1167 2312 373 35 konverteringstidens
1566 2312 48 28 in-

105 2361 96 30 träde
226 2359 141 29 komma
393 2358 8 29 i
427 2356 206 36 åtnjutande
656 2364 41 20 av
721 2354 282 35 räntesänkning.
1051 2354 13 28 I
1093 2353 56 29 sitt
1177 2353 8 28 i
1212 2353 141 29 ärendet
1379 2353 146 36 avgivna
1551 2356 63 33 ytt-

104 2403 108 30 rande
235 2402 63 29 har
322 2400 145 29 kassans
494 2398 140 36 styrelse
660 2397 106 29 bland
790 2399 107 26 annat
923 2394 201 38 framhållit,
1150 2397 49 27 att
1224 2395 390 29 bostadskreditinstitu-

104 2445 116 29 tionen
242 2441 152 32 saknade
414 2440 110 30 medel
548 2439 53 30 för
624 2438 225 36 finansiering
870 2447 42 20 av
935 2446 41 20 en
998 2436 106 30 sådan
1128 2436 243 35 räntelättnad,
1396 2437 117 28 varför
1536 2437 78 29 eko-

105 2486 136 29 nomisk
266 2483 209 31 medverkan
503 2480 77 31 från
609 2483 126 27 statens
763 2480 72 29 sida
863 2488 80 20 vore
967 2478 212 36 erforderlig,
1208 2478 112 29 därest
1348 2479 267 29 statsmakterna
