1897 2810
481 158 124 39 Tredje
624 158 246 39 lagutskottets
891 158 179 29 utlåtande
1089 167 43 20 nr
1150 158 40 29 21
1212 158 39 30 år
1272 158 83 29 1962
1629 157 18 30 3

165 238 170 34 strafflös,
354 248 56 20 om
429 239 66 29 den
511 238 104 39 begås
633 248 42 20 av
692 238 98 34 barn,
807 239 110 28 innan
936 238 56 29 det
1011 238 78 39 fyllt
1110 238 37 29 15
1167 238 48 29 år.
1234 238 14 29 I
1266 238 95 29 detta
1379 238 61 29 fall
1458 238 71 29 kan
1547 238 103 30 emel-

162 291 105 29 lertid
288 291 54 29 för
362 291 110 29 andra
490 300 167 30 personer
675 309 45 3 —
740 291 220 29 föräldrarna
980 292 82 28 eller
1083 291 68 29 den
1172 300 75 20 som
1266 291 102 38 eljest
1388 291 119 29 tillåtit
1527 292 123 28 barnet

164 346 51 27 att
238 344 88 29 köra
346 362 45 2 —
414 344 216 39 uppkomma
654 343 100 39 fråga
778 353 57 19 om
859 353 126 20 ansvar
1010 343 55 29 för
1089 343 171 29 anstiftan
1284 344 83 28 eller
1392 344 180 39 medhjälp
1597 344 53 28 till

164 396 190 30 förseelsen
380 397 67 33 (SL
468 397 103 33 3:4).

209 449 205 39 Ytterligare
438 449 59 30 må
521 449 189 30 anmärkas
735 451 60 32 att,
819 449 142 39 jämlikt
986 449 232 39 kungörelsen
1244 449 65 29 den
1335 450 19 28 6
1378 449 75 39 maj
1479 450 84 29 1949
1592 449 59 34 (nr

165 504 81 33 209)
265 512 56 20 om
336 503 130 39 förbud
480 504 52 28 att
547 503 160 29 använda
723 503 213 39 minderårig
953 503 51 29 till
1020 503 90 29 vissa
1126 502 126 40 farliga
1269 503 151 34 arbeten,
1437 503 87 29 barn
1539 503 111 29 under

168 557 38 28 16
228 557 56 29 års
306 556 96 29 ålder
423 557 72 28 inte
516 556 58 29 må
596 556 109 29 sättas
726 558 51 27 att
799 556 78 29 föra
897 556 135 29 traktor
1054 556 83 29 eller
1158 556 277 39 motorredskap.
1458 556 103 29 Detta
1582 556 70 28 för-

164 609 81 34 bud,
269 619 76 20 som
369 609 366 30 straffsanktionerats
759 609 10 29 i
792 609 243 38 kungörelsen,
1059 609 107 39 gäller
1188 609 89 29 dock
1298 609 85 29 bara
1404 609 87 29 barn
1515 618 75 20 som
1613 609 38 29 är

163 663 237 38 arbetstagare
423 663 12 28 i
459 662 159 39 gällande
642 662 512 39 arbetarskyddslagstiftnings
1179 662 150 38 mening,
1355 662 103 29 alltså
1481 662 170 39 exempel-

163 715 53 29 vis
229 716 73 29 inte
317 715 369 39 familjemedlemmar
699 724 75 20 som
790 715 218 38 sysselsättes
1022 715 11 29 i
1047 715 183 38 jordbruk.

208 768 128 29 Vidare
356 768 70 28 kan
445 768 206 28 omnämnas
671 769 50 27 att
740 767 445 38 arbetarskyddsstyrelsen
1203 767 67 29 den
1291 767 38 28 10
1349 767 88 39 april
1460 767 82 29 1958
1563 767 89 29 före-

166 820 135 34 skrivit,
322 822 50 27 att
392 829 68 30 nya
479 820 173 29 traktorer
673 820 89 29 skall
783 819 111 30 förses
914 820 79 29 med
1014 819 205 39 anordning,
1242 829 75 20 som
1338 819 153 40 skyddar
1512 819 140 30 föraren

164 873 59 30 vid
245 873 296 39 omkullkörning.

165 1030 182 25 Tillkomsten
360 1038 35 16 av
407 1030 241 24 bestämmelserna
662 1030 8 24 i
684 1028 330 34 vägtrafikförordningen

166 1090 236 39 Förarfrågan

213 1152 117 38 Enligt
354 1152 66 29 den
444 1152 75 29 före
544 1151 80 30 1951
651 1151 56 30 års
730 1151 385 39 vägtrafikförordning
1139 1151 158 39 gällande
1321 1151 335 39 motorfordonsför-

168 1205 195 39 ordningen
382 1205 67 29 den
468 1205 41 29 23
528 1205 144 29 oktober
693 1205 84 29 1936
796 1205 148 29 krävdes
963 1205 71 29 inte
1053 1204 147 30 körkort
1218 1204 55 29 för
1293 1204 145 30 förande
1458 1214 42 20 av
1518 1205 136 29 traktor

168 1258 12 29 i
199 1260 108 27 annat
327 1258 61 29 fall
408 1259 45 28 än
471 1258 44 29 då
533 1258 52 29 till
603 1258 162 29 traktorn
784 1257 161 39 kopplats
966 1257 214 39 släpfordon,
1200 1257 117 29 d.v.s.
1337 1257 44 29 då
1400 1257 99 39 fråga
1516 1267 62 19 var
1597 1266 56 20 om

169 1310 206 39 traktortåg.
400 1310 130 30 Sådant
552 1310 72 30 fick
646 1310 95 29 föras
764 1310 45 39 på
829 1310 65 39 väg
916 1310 123 29 endast
1062 1319 42 20 av
1126 1310 67 29 den
1216 1319 74 20 som
1313 1310 173 29 innehade
1509 1310 146 30 körkort

168 1364 56 29 för
245 1365 48 28 bil
321 1364 57 34 (18
405 1364 48 36 5).

214 1416 84 30 1945
327 1417 57 29 års
414 1416 477 39 trafiksäkerhetskommitté
921 1416 185 29 förordade
1135 1416 272 39 körkortstvång
1437 1416 54 30 för
1521 1425 135 20 samma

168 1470 74 39 slag
268 1479 42 20 av
336 1470 126 29 fordon
488 1470 64 29 och
578 1469 215 39 fordonståg,
821 1478 75 21 som
921 1470 106 38 enligt
1053 1469 516 39 motorfordonsförordningen
1594 1478 62 20 var

168 1523 325 39 körkortspliktiga.

215 1576 83 29 1944
321 1576 57 29 års
403 1575 563 39 trafikförfattningssakkunniga
990 1575 150 39 föreslog
1163 1576 256 38 körkortsplikt
1443 1575 54 30 för
1520 1576 136 29 traktor

169 1629 65 28 och
255 1629 278 38 motorredskap,
555 1629 88 28 dock
666 1628 147 30 allenast
835 1628 103 30 såvitt
960 1628 126 39 angick
1107 1628 79 29 färd
1207 1628 45 39 på
1272 1629 75 38 väg.
1369 1629 152 29 Körkort
1543 1628 113 29 skulle

170 1681 161 29 utfärdas
350 1681 54 29 för
420 1681 58 34 bil,
496 1681 54 29 för
567 1682 215 37 motorcykel
801 1681 81 29 eller
900 1681 54 29 för
972 1682 136 28 traktor
1125 1682 66 28 och
1208 1681 277 39 motorredskap.
1504 1681 152 29 Körkort

171 1733 54 29 för
243 1734 48 28 bil
312 1734 112 28 skulle
444 1734 90 38 gälla
553 1733 54 29 för
626 1734 69 28 alla
714 1734 73 38 slag
807 1743 42 20 av
867 1734 240 28 motordrivna
1126 1733 136 29 fordon.
1283 1734 151 29 Körkort
1455 1733 54 29 för
1529 1735 128 27 motor-

170 1786 99 39 cykel
297 1786 113 29 skulle
438 1787 85 29 även
550 1786 77 39 giva
654 1787 68 29 rätt
750 1788 51 28 att
828 1786 76 29 föra
930 1787 137 28 traktor
1095 1787 66 28 och
1187 1786 277 39 motorredskap.
1492 1786 165 29 Traktor-

170 1839 58 39 tåg
248 1839 112 30 skulle
380 1839 44 39 på
441 1840 65 38 väg
525 1839 36 30 få
580 1839 94 30 föras
694 1840 123 29 endast
837 1849 42 20 av
897 1840 75 34 den,
993 1849 75 20 som
1086 1840 175 29 innehade
1279 1840 146 29 körkort
1445 1839 55 29 för
1518 1839 57 29 bil.
1596 1839 61 29 Mi-

170 1892 212 30 nimiåldern
402 1892 55 30 för
477 1893 200 29 erhållande
698 1902 42 20 av
759 1893 146 29 körkort
926 1893 112 29 skulle
1058 1902 84 20 vara
1164 1893 39 29 18
1225 1893 38 29 år
1283 1892 221 30 beträffande
1524 1893 47 28 bil
1593 1893 65 28 och

174 1945 38 29 16
244 1945 38 29 år
313 1945 222 30 beträffande
565 1946 215 38 motorcykel
813 1949 90 26 samt
932 1946 137 29 traktor
1101 1947 65 28 och
1196 1948 277 38 motorredskap.
1506 1948 151 29 Körkort

171 1997 55 30 för
246 1998 216 38 motorcykel
484 1998 112 29 skulle
617 1999 98 34 dock,
738 2007 57 20 om
816 1998 139 30 föraren
976 1999 30 39 ej
1032 1999 78 38 fyllt
1133 1999 39 29 18
1194 1999 48 34 år,
1264 2000 90 38 gälla
1374 2000 123 30 endast
1519 2000 55 29 för
1594 2001 64 29 lätt

171 2051 226 38 motorcykel,
418 2051 135 29 traktor
573 2052 65 28 och
657 2052 277 38 motorredskap.

216 2103 12 29 I
252 2104 262 39 propositionen
538 2113 43 20 nr
603 2104 42 30 30
669 2105 39 29 år
733 2105 95 36 1951,
851 2105 201 39 varigenom
1076 2105 206 39 riksdagens
1307 2106 161 39 yttrande
1491 2106 167 39 begärdes

171 2157 81 29 över
279 2156 132 40 förslag
437 2157 52 29 till
515 2157 394 39 vägtrafikförordning,
938 2158 159 39 slopades
1125 2158 533 40 motorfordonsförordningens

172 2209 88 29 krav
285 2209 45 39 på
355 2210 152 29 innehav
533 2219 42 20 av
600 2210 196 30 bilkörkort
824 2210 54 29 för
904 2212 69 28 rätt
999 2213 51 27 att
1077 2211 77 29 föra
1180 2212 205 38 traktortåg.
1413 2212 65 29 Det
1505 2221 42 20 av
1576 2212 83 29 1944

172 2261 57 30 års
252 2261 567 41 trafikförfattningssakkunniga
843 2263 198 39 föreslagna
1065 2264 121 29 kravet
1209 2264 45 39 på
1277 2264 145 30 körkort
1446 2264 54 30 för
1524 2265 135 29 traktor

173 2314 66 29 och
255 2315 266 38 motorredskap
538 2317 149 37 upptogs
703 2316 72 28 inte
791 2316 11 28 i
818 2316 272 39 propositionen.

217 2367 14 29 I
248 2367 58 30 två
321 2368 12 29 i
349 2368 187 39 anledning
552 2378 42 20 av
610 2369 264 38 propositionen
888 2369 126 30 väckta
1029 2370 224 39 likalydande
1270 2370 182 36 motioner,
1468 2371 32 28 1:
1514 2371 64 29 302
1596 2371 64 29 och

171 2419 48 29 II:
234 2419 75 37 401,
332 2419 169 41 föreslogs
524 2421 197 39 skyldighet
744 2421 54 29 för
820 2422 77 34 den,
920 2431 75 20 som
1018 2421 98 30 förde
1138 2423 137 29 traktor
1296 2423 45 38 på
1362 2424 74 38 väg,
1459 2425 50 28 att
1530 2424 130 28 inneha

172 2473 147 30 körkort
336 2473 55 30 för
405 2473 59 30 bil.
