2218 2644
657 211 371 40 Bevillningsutskottets
1052 209 199 33 betänkande
1275 209 53 31 Nr
1351 209 53 31 22.
1803 207 19 31 3

332 294 79 35 Alla
449 293 182 45 juridiska
673 303 188 34 personer,
906 302 82 25 som
1030 291 80 35 icke
1150 293 65 32 äro
1257 289 238 46 uttryckligen
1525 288 189 36 frikallade
1743 288 79 35 från

224 347 205 47 skyldighet
457 349 51 33 att
536 346 145 45 erlägga
709 345 272 44 inkomstskatt,
1012 344 36 35 få
1077 354 110 25 anses
1217 343 271 45 skattskyldiga.

330 402 15 35 I
375 399 484 46 bevillningsförordningen
888 401 65 32 äro
979 396 330 37 bestämmelserna
1338 395 191 46 angående
1549 395 178 45 juridiska
1746 406 77 34 per-

223 466 130 25 soners
397 453 307 45 skattskyldighet
744 452 73 35 vad
846 451 172 36 beträffar
1048 450 411 44 inkomstbevillningen
1488 450 10 34 i
1528 449 196 35 huvudsak
1752 449 72 35 lika

223 508 158 45 lydande
411 507 85 35 med
525 505 263 36 motsvarande
817 504 280 36 bestämmelser
1125 504 11 34 i
1165 503 261 44 förordningen
1456 513 60 24 om
1550 503 173 34 inkomst-
1753 502 70 35 och

224 560 384 46 förmögenhetsskatt.
667 557 336 37 Bestämmelserna
1045 556 202 36 återfinnas
1289 556 11 34 i
1342 555 101 45 fråga
1485 566 61 24 om
1576 554 247 46 skattskyldig-

224 616 112 35 heten
378 614 10 35 i
433 614 48 35 10
524 613 23 46 8
587 612 71 36 och
700 612 12 35 i
754 611 101 46 fråga
898 621 61 25 om
993 610 71 36 den
1093 609 240 44 skattefrihet,
1364 619 80 25 som
1475 609 222 35 tillkommer
1725 609 99 35 vissa

221 668 180 46 juridiska
430 677 188 35 personer,
649 666 11 35 i
692 666 47 35 12
770 666 22 45 $
822 666 22 34 2
875 675 112 25 mom.
1045 664 14 35 I
1088 663 185 36 avseende
1303 662 21 36 å
1344 662 349 45 skattskyldigheten
1717 662 108 45 enligt

226 720 486 46 bevillningsförordningen
749 718 55 36 får
841 717 175 36 likaledes
1045 727 111 25 anses
1185 716 105 45 gälla,
1321 718 50 33 att
1399 716 71 35 alla
1495 715 179 46 juridiska
1702 726 122 33 perso-

226 786 77 33 ner,
341 785 81 25 som
457 774 81 35 icke
567 772 241 45 uttryckligen
837 774 64 33 äro
930 770 189 36 frikallade
1148 769 81 36 från
1258 769 313 45 skattskyldighet,
1602 771 64 33 äro
1695 770 129 34 skatte-

226 828 160 50 pliktiga.

361 874 104 42 Även
507 880 110 45 enligt
662 878 45 36 de
754 876 524 47 beskattningsförordningar,
1322 886 81 25 som
1445 875 117 46 gällde
1604 875 88 35 intill
1723 875 100 35 1910

227 935 61 36 års
330 935 83 44 slut,
457 944 92 25 voro
588 932 183 46 juridiska
812 942 179 34 personer
1032 930 85 36 med
1153 930 100 35 vissa
1280 929 198 46 undantag,
1510 939 80 25 som
1620 929 95 35 dock
1743 929 81 34 icke

227 987 201 37 omfattade
466 987 222 44 ”föreningar
720 985 84 35 med
838 984 105 36 ideell
985 983 260 45 verksamhet',
1290 982 165 46 skyldiga
1484 984 51 33 att
1563 982 143 45 erlägga
1730 983 95 34 skatt

227 1042 57 35 för
325 1042 174 43 inkomst,
543 1039 104 36 såväl
688 1039 260 35 inkomstskatt
990 1048 82 25 som
1107 1036 208 45 bevillning.
1373 1037 53 34 De
1454 1046 73 34 nya
1556 1035 268 45 skattelagarna

227 1095 166 46 åsyftade
435 1095 80 35 icke
557 1095 52 34 att
637 1093 122 35 införa
787 1092 114 45 några
930 1091 163 36 ändrade
1123 1089 278 37 bestämmelser
1429 1089 234 36 härutinnan.
1722 1088 102 36 Hade

227 1149 168 36 avsikten
439 1148 92 36 varit
572 1149 52 34 att
666 1146 116 37 befria
824 1145 210 46 föreningar
1076 1144 84 36 med
1203 1143 106 36 ideell
1344 1143 235 36 verksamhet
1607 1142 80 36 från
1716 1143 108 35 skatt-

228 1203 217 45 skyldighet,
489 1200 97 37 hade
628 1202 91 34 utan
758 1199 111 36 tvivel
903 1199 122 35 denna
1053 1208 116 36 grupp
1199 1208 46 25 av
1270 1197 179 45 juridiska
1477 1207 176 34 personer
1682 1196 144 35 särskilt

228 1257 229 44 uppräknats
500 1254 111 36 bland
655 1254 97 43 dem,
796 1263 81 25 som
921 1252 110 45 enligt
1067 1252 23 35 5
1120 1252 22 45 $
1171 1251 262 44 förordningen
1462 1261 61 24 om
1553 1250 172 35 inkomst-
1755 1249 69 35 och

228 1308 374 46 förmögenhetsskatt
644 1306 71 36 och
747 1306 46 35 12
824 1307 22 45 $
876 1304 481 46 bevillningsförordningen
1386 1303 209 35 frikallades
1624 1302 81 36 från
1733 1302 92 45 skyl-

228 1362 123 46 dighet
379 1364 52 33 att
459 1361 145 44 erlägga
633 1361 107 35 skatt.

337 1416 59 34 Att
431 1415 168 35 avsikten
627 1413 94 35 varit
749 1414 52 33 att
829 1411 184 36 bibehålla
1041 1410 71 36 den
1142 1409 314 45 skattskyldighet,
1487 1419 82 25 som
1599 1408 130 36 ideella
1757 1408 67 35 för-

228 1469 153 45 eningar
410 1467 110 45 enligt
548 1467 97 35 förut
673 1465 169 46 gällande
870 1464 224 46 lagstiftning
1122 1474 92 25 voro
1235 1462 282 44 underkastade,
1544 1461 159 46 framgår
1731 1464 94 32 även

228 1522 59 36 vid
326 1521 214 46 jämförelse
581 1520 84 36 med
708 1519 72 36 vad
822 1529 81 25 som
932 1517 163 46 stadgats
1124 1516 191 46 angående
1344 1515 302 46 skattskyldighet
1674 1515 55 35 för
1757 1515 67 35 för-

228 1575 209 47 mögenhet.
496 1574 126 36 Sådan
653 1572 303 45 skattskyldighet
984 1571 135 46 åligger
1147 1571 109 45 enligt
1284 1569 263 46 förordningen
1568 1580 62 24 om
1653 1569 172 35 inkomst-

228 1630 71 35 och
343 1628 374 46 förmögenhetsskatt
760 1626 61 47 (12
857 1625 34 47 $)
921 1624 295 46 huvudsakligen
1244 1624 139 45 fysiska
1412 1633 188 35 personer,
1631 1633 85 25 men
1746 1622 79 35 från

228 1683 123 36 denna
380 1682 96 46 regel
504 1684 108 43 göres
640 1680 190 45 undantag
858 1679 113 36 bland
1000 1680 114 34 annat
1143 1677 84 37 med
1256 1677 184 36 avseende
1469 1676 23 37 å
1520 1676 211 45 föreningar
1755 1676 70 35 och

228 1736 185 44 samfund,
457 1736 117 35 vilkas
617 1734 242 36 medlemmar
900 1733 80 35 icke
1017 1732 49 45 på
1094 1731 119 46 grund
1242 1741 45 26 av
1316 1731 291 43 medlemskapet
1634 1732 68 42 äga
1730 1729 57 35 del
1815 1730 11 34 i

227 1790 238 45 föreningens
512 1788 87 36 eller
646 1786 230 37 samfundets
919 1785 265 45 förmögenhet.
1257 1784 149 36 Sådana
1448 1783 219 45 föreningar,
1710 1782 115 35 vilkas

228 1843 208 46 skyldighet
475 1844 51 34 att
567 1841 146 46 erlägga
755 1839 374 46 förmögenhetsskatt
1157 1837 157 37 sålunda
1341 1838 11 34 i
1381 1836 262 46 förordningen
1671 1836 154 45 uttryck-

227 1897 97 45 ligen
367 1896 164 45 angives,
576 1897 65 34 äro
680 1894 111 36 oftast
820 1893 210 45 föreningar
1058 1892 86 36 med
1172 1891 131 36 ideella
1331 1891 130 45 syften.
1519 1890 223 45 Föreningar
1770 1889 56 35 för

228 1950 221 36 ekonomisk
490 1948 238 37 verksamhet
769 1950 65 32 äro
877 1946 168 36 däremot
1072 1946 82 35 icke
1184 1944 262 45 skattskyldiga
1474 1944 56 35 för
1559 1943 264 45 förmögenhet,

228 2006 90 34 utan
360 2004 188 35 beskattas
591 2000 481 46 föreningsmedlemmarna
1100 2010 66 25 var
1195 1999 55 35 för
1279 1999 53 44 sig
1360 1998 56 35 för
1445 1998 81 35 sina
1554 1996 150 36 andelar
1732 1997 10 34 i
1771 1995 53 36 så-

228 2057 99 36 dana
355 2057 219 44 föreningar.

336 2110 203 36 Teoretiskt
567 2110 69 35 sett
664 2108 68 36 har
761 2106 144 37 således
933 2106 45 36 de
1008 2117 29 25 s.
1059 2107 34 35 k.
1115 2105 130 36 ideella
1274 2105 279 45 föreningarnas
1575 2103 250 45 skattskyldig-

228 2165 63 35 het
331 2174 134 35 genom
497 2162 102 37 1910
633 2162 61 36 års
723 2160 334 46 skattelagsreform
1087 2160 30 44 ej
1149 2158 192 46 undergått
1369 2169 126 24 annan
1524 2156 223 46 förändring,
1778 2159 48 33 än

228 2220 52 33 att
322 2217 109 36 dessa
473 2216 212 45 föreningar
727 2215 132 35 liksom
902 2213 117 36 andra
1057 2213 30 44 ej
1119 2212 149 36 särskilt
1297 2212 238 44 undantagna
1564 2209 262 46 skattskyldiga

229 2271 177 36 drabbats
435 2281 46 25 av
511 2269 72 36 den
612 2279 74 35 nya
715 2267 433 46 förmögenhetsskatten.
1206 2266 54 35 En
1288 2276 125 25 annan
1442 2265 68 35 sak
1538 2267 51 42 är,
1620 2266 50 33 att
1693 2274 132 35 genom
