1906 2850
289 176 18 30 6
623 172 417 38 Bevillningsutskottets
1063 171 223 32 betänkande
1307 170 54 32 Nr
1385 170 30 30 7.

246 262 150 37 FAutre,
416 272 44 22 ne
478 263 173 35 pourront
671 261 91 31 faire
780 259 121 37 T'objet
920 259 43 32 de

244 314 127 32 visites
393 313 254 33 domiciliaires
668 314 34 30 et
724 312 43 31 de
788 309 172 39 perquisi-

247 366 96 32 tions
366 375 67 27 que
454 365 88 32 dans
564 365 51 32 les
637 362 198 34 conditions
857 365 35 30 et
914 362 50 31 les

250 419 133 31 formes
412 417 187 38 prescrites
629 426 66 27 par
724 416 50 32 les
802 415 78 36 lois,
909 413 55 32 dé-

248 472 93 29 erets
363 472 36 29 et
420 469 213 35 röglements
652 466 218 38 applicables
892 474 72 23 aux

249 522 214 34 nationaux;
481 520 41 32 de
537 522 113 29 méme
666 520 27 31 il
710 528 42 22 ne
769 528 80 23 sera
863 516 102 39 point

247 573 134 37 permis
399 572 217 33 d'examiner
631 571 39 31 ni
687 570 209 36 d'inspecter
913 569 50 31 les

248 624 121 37 livres,
398 625 141 35 papiers
567 633 46 21 ou
641 623 154 36 comptes
823 621 62 36 qui
913 619 51 37 s'y

248 678 179 34 trouvent,
444 676 80 32 sauf
542 675 90 32 dans
648 675 50 31 les
713 672 201 33 conditions
929 673 34 31 et

248 728 51 31 les
320 729 132 30 formes
472 727 180 37 précitées.

478 1004 198 32 Article
708 1004 27 31 i.

291 1091 66 32 Les
410 1090 264 33 ressortissants
714 1090 44 32 de
800 1089 74 31 Tun
905 1088 60 32 des

248 1142 106 33 Etats
372 1142 253 32 Contractants
641 1152 43 21 ne
702 1142 183 36 pourront,
903 1150 61 23 sur

247 1194 32 32 le
304 1195 181 31 territoire
508 1195 44 31 de
573 1193 148 36 YAutre,
744 1194 74 30 &tre
840 1201 124 27 expro-

248 1246 96 36 priés
361 1246 44 31 de
422 1246 95 31 leurs
534 1245 110 36 biens,
661 1245 38 30 ni
716 1244 120 37 privés
853 1243 112 31 méme

249 1297 314 37 temporairement
584 1296 44 31 de
647 1297 35 31 la
703 1295 200 36 jouissance
924 1293 41 32 de

248 1349 97 32 leurs
366 1350 108 35 biens,
496 1358 65 26 que
583 1348 90 31 dans
694 1347 50 32 les
765 1345 200 33 conditions

250 1404 35 29 et
315 1403 218 35 moyennant
563 1400 52 31 les
646 1398 212 32 indemnités
890 1398 77 36 pré-

248 1463 86 22 vues
357 1463 67 26 par
445 1452 35 32 la
502 1452 49 31 loi
572 1450 112 32 locale
705 1451 20 30 å
748 1449 134 36 T'égard
904 1448 59 32 des

244 1505 215 31 'nationaux.

480 1728 197 32 Article
709 1728 27 30 8.

290 1816 67 32 Les
384 1816 265 31 ressortissants
676 1815 41 31 de
743 1814 137 31 chacun
906 1813 60 31 des

250 1868 94 32 deux
367 1868 105 32 Etats
493 1866 252 33 Contractants
767 1867 120 30 seront
910 1874 57 22 ex-

249 1921 146 35 emptés,
414 1929 42 22 en
475 1921 114 34 temps
605 1918 44 32 de
668 1918 85 37 paix
772 1926 134 22 comme
922 1925 45 22 en

250 1974 116 34 temps
384 1972 43 31 de
445 1980 136 27 guerre,
599 1980 62 22 sur
678 1970 32 31 le
728 1968 181 33 territoire
924 1967 44 32 de

250 2023 130 32 Fautre
403 2023 94 36 Etat,
522 2021 43 32 de
587 2023 81 30 tous
690 2021 183 36 emprunts
898 2019 69 31 for-

251 2076 56 30 cés
326 2085 46 21 ou
393 2074 87 32 dons
499 2073 208 36 nationaux,
726 2072 94 32 ainsi
839 2081 68 27 que
926 2071 41 32 de

251 2128 119 30 toutes
387 2127 120 31 autres
525 2124 270 37 contributions,
813 2123 43 33 de
874 2122 94 38 quel-

251 2187 67 27 que
336 2179 132 30 nature
484 2176 143 37 qu'elles
643 2176 123 36 soient,
785 2175 61 37 qui
864 2184 104 28 pour-

251 2229 120 32 raient
402 2230 75 31 étre
506 2229 172 37 imposées
707 2238 89 27 pour
825 2226 61 33 des
914 2226 55 31 be-

252 2281 96 32 soins
370 2282 42 31 de
435 2291 135 26 guerre.

292 2334 51 32 Tis
367 2337 118 30 seront
506 2334 199 36 également
728 2333 177 37 exemptés
927 2332 42 31 de

252 2388 78 30 tout
357 2387 137 31 service
519 2386 175 31 militaire
719 2384 188 38 personnel
934 2386 34 29 et

247 2437 218 37 obligatoire
489 2440 34 29 et
548 2438 43 32 de
615 2439 99 30 toute
739 2439 82 30 taxe
846 2446 46 22 ou
918 2445 49 22 re-

253 2490 158 32 devance
431 2498 127 27 percue
578 2499 44 22 en
642 2488 72 32 lieu
734 2490 34 30 et
786 2487 101 38 place
908 2487 61 31 du-

1051 256 67 32 den
1157 256 111 31 andra
1308 257 133 30 statens
1479 254 151 36 område,
1669 254 99 32 skola

1051 309 77 31 icke
1162 308 122 31 kunna
1319 310 104 34 göras
1458 307 58 31 till
1541 306 148 33 föremål
1713 305 57 36 för

1052 360 224 31 visitationer
1309 360 88 30 eller
1420 357 349 36 husundersökning-

1050 422 52 26 ar,
1126 412 111 31 såvitt
1269 411 32 37 ej
1335 410 127 32 därvid
1486 410 149 31 förfares
1658 410 45 36 på
1726 408 42 32 de

1052 464 134 31 villkor
1220 463 63 31 och
1307 463 13 31 i
1344 463 41 31 de
1418 463 140 35 former,
1582 471 75 22 som
1681 461 87 36 jäm-

1051 516 71 31 likt
1156 516 110 36 lagar,
1302 514 251 36 förordningar
1587 513 64 31 och
1681 513 87 31 före-

1051 567 147 31 skrifter
1233 569 60 29 äro
1331 566 219 36 tillämpliga
1589 566 179 35 gentemot

1051 619 139 31 landets
1213 628 90 27 egna
1327 618 243 36 medborgare;
1594 616 58 32 det
1674 616 93 32 skall

1053 671 76 31 icke
1152 671 110 31 heller
1286 680 87 21 vara
1396 670 133 31 tillåtet
1544 670 53 30 att
1613 668 156 37 granska

1052 723 87 31 eller
1183 722 202 36 inspektera
1435 721 62 32 där
1548 720 221 36 förefintliga

1052 775 137 35 böcker,
1222 774 216 35 handlingar
1470 773 86 33 eller
1580 771 188 32 räkenska-

1052 836 61 27 per
1136 827 110 30 annat
1268 828 45 29 än
1337 826 47 36 på
1407 825 40 31 de
1468 824 133 32 villkor
1618 824 64 31 och
1698 824 12 30 i
1727 823 42 32 de

1053 879 140 35 former,
1218 888 73 21 som
1315 887 93 22 ovan
1431 877 169 37 angivits.

1296 998 168 31 Artikel
1494 998 29 31 7.

1096 1086 239 35 Medborgare,
1348 1084 215 32 tillhörande
1579 1083 129 32 endera
1723 1093 45 21 av

1054 1138 40 31 de
1118 1136 328 38 fördragsslutande
1474 1137 168 34 staterna,
1670 1135 100 31 skola

1053 1191 21 30 å
1102 1189 67 32 den
1202 1189 110 31 andra
1348 1189 133 30 statens
1515 1187 141 31 område
1691 1187 77 31 icke

1053 1242 123 31 kunna
1210 1240 183 31 avhändas
1427 1239 255 36 äganderätten
1710 1239 59 31 till

1053 1294 57 30 sin
1145 1292 170 36 egendom
1353 1288 292 39 (expropriation)
1683 1290 87 31 eller

1054 1345 181 35 tillfälligt
1278 1344 147 30 berövas
1463 1342 307 37 nyttjanderätten

1053 1397 59 31 till
1137 1396 202 31 densamma
1363 1396 110 29 annat
1496 1397 45 28 än
1565 1395 44 35 på
1630 1394 42 31 de
1688 1394 82 32 vill-

1053 1449 64 30 kor
1152 1447 62 32 och
1252 1447 112 31 under
1403 1446 286 31 tillerkännande
1724 1456 45 21 av

1054 1500 66 31 den
1145 1499 208 36 ersättning,
1378 1508 74 21 som
1472 1498 186 31 förutsatts
1675 1498 12 30 i
1703 1497 68 31 den

1054 1552 119 31 lokala
1221 1550 280 37 lagstiftningen
1552 1549 219 32 beträffande

1054 1604 139 31 landets
1216 1612 91 27 egna
1331 1602 239 37 medborgare.

1298 1723 169 32 Artikel
1497 1724 29 30 8.

1099 1811 239 35 Medborgare,
1352 1809 214 32 tillhörande
1583 1810 127 31 endera
1725 1819 46 21 av

1056 1863 41 32 de
1126 1863 90 31 båda
1243 1861 329 36 fördragsslutande
1603 1863 169 34 staterna,

1056 1915 101 31 skola
1180 1916 21 29 å
1223 1914 67 31 den
1318 1913 112 31 andra
1458 1915 133 29 statens
1620 1912 152 37 område,

1057 1968 13 30 i
1100 1966 100 32 såväl
1234 1965 107 31 freds-
1376 1975 75 21 som
1485 1965 164 36 krigstid,
1684 1975 89 21 vara

1057 2018 157 32 befriade
1230 2018 81 30 från
1327 2017 74 31 alla
1417 2017 195 31 nationella
1628 2018 145 35 tvångs-

1057 2071 61 31 lån
1166 2070 64 31 och
1285 2068 260 37 tvångsgärder
1606 2071 166 29 ävensom

1058 2123 81 31 från
1171 2122 73 30 alla
1271 2120 112 32 andra
1406 2120 297 36 kontributioner,
1726 2130 46 21 av

1058 2174 68 31 vad
1160 2174 77 36 slag
1271 2172 41 32 de
1347 2182 87 21 vara
1462 2173 67 35 må,
1552 2182 75 21 som
1651 2173 122 30 kunna

1057 2227 142 30 komma
1243 2226 52 30 att
1340 2224 171 36 påläggas
1556 2224 55 31 för
1660 2224 114 37 krigs-

1058 2277 177 32 ändamål.

1101 2330 50 31 De
1184 2329 98 31 skola
1313 2327 171 32 likaledes
1508 2337 86 21 vara
1617 2326 157 32 befriade

1057 2382 83 31 från
1163 2381 50 31 all
1236 2380 233 36 obligatorisk
1486 2378 179 37 personlig
1681 2378 94 31 mili-

1058 2433 170 36 tärtjänst
1269 2433 93 30 samt
1400 2431 82 31 från
1520 2430 100 37 varje
1657 2430 117 36 avgift

1059 2485 86 31 eller
1179 2484 137 37 pålaga,
1352 2493 75 21 som
1461 2483 174 36 uppbäres
1659 2483 115 31 såsom
