<?xml version="1.0" encoding="UTF-8"?>
<alto xmlns="http://www.loc.gov/standards/alto/ns-v3#" xmlns:xlink="http://www.w3.org/1999/xlink" xmlns:xsi="http://www.w3.org/2001/XMLSchema-instance" xsi:schemaLocation="http://www.loc.gov/standards/alto/ns-v3# http://www.loc.gov/alto/v3/alto-3-0.xsd">
	<Description>
		<MeasurementUnit>pixel</MeasurementUnit>
		<sourceImageInformation>
			<fileName>/tmp/tess_maqx410l_input.PNG</fileName>
		</sourceImageInformation>
		<OCRProcessing ID="OCR_0">
			<ocrProcessingStep>
				<processingSoftware>
					<softwareName>tesseract 5.3.0</softwareName>
				</processingSoftware>
			</ocrProcessingStep>
		</OCRProcessing>
	</Description>
	<Layout>
		<Page WIDTH="2127" HEIGHT="2657" PHYSICAL_IMG_NR="0" ID="page_0">
			<PrintSpace HPOS="0" VPOS="0" WIDTH="2127" HEIGHT="2657">
				<ComposedBlock ID="cblock_0" HPOS="729" VPOS="198" WIDTH="1090" HEIGHT="33">
					<TextBlock ID="block_0" HPOS="729" VPOS="198" WIDTH="1090" HEIGHT="33">
						<TextLine ID="line_0" HPOS="729" VPOS="198" WIDTH="1090" HEIGHT="33">
							<String ID="string_0" HPOS="729" VPOS="200" WIDTH="257" HEIGHT="31" WC="0.55" CONTENT="Bankvovutskottets"/><SP WIDTH="25" VPOS="200" HPOS="986"/>
							<String ID="string_1" HPOS="1011" VPOS="199" WIDTH="158" HEIGHT="32" WC="0.95" CONTENT="Memorial"/><SP WIDTH="25" VPOS="199" HPOS="1169"/>
							<String ID="string_2" HPOS="1194" VPOS="198" WIDTH="60" HEIGHT="32" WC="0.95" CONTENT="N:o"/><SP WIDTH="24" VPOS="198" HPOS="1254"/>
							<String ID="string_3" HPOS="1278" VPOS="200" WIDTH="27" HEIGHT="30" WC="0.91" CONTENT="I."/><SP WIDTH="476" VPOS="200" HPOS="1305"/>
							<String ID="string_4" HPOS="1781" VPOS="202" WIDTH="38" HEIGHT="27" WC="0.96" CONTENT="29"/>
						</TextLine>
					</TextBlock>
				</ComposedBlock>
				<ComposedBlock ID="cblock_1" HPOS="217" VPOS="278" WIDTH="1603" HEIGHT="100">
					<TextBlock ID="block_1" HPOS="217" VPOS="278" WIDTH="1603" HEIGHT="100">
						<TextLine ID="line_1" HPOS="318" VPOS="278" WIDTH="1501" HEIGHT="51">
							<String ID="string_5" HPOS="318" VPOS="280" WIDTH="100" HEIGHT="46" WC="0.95" CONTENT="Som,"/><SP WIDTH="30" VPOS="280" HPOS="418"/>
							<String ID="string_6" HPOS="448" VPOS="281" WIDTH="118" HEIGHT="48" WC="0.93" CONTENT="enligt"/><SP WIDTH="29" VPOS="281" HPOS="566"/>
							<String ID="string_7" HPOS="595" VPOS="280" WIDTH="270" HEIGHT="37" WC="0.91" CONTENT="ofvanstående"/><SP WIDTH="37" VPOS="280" HPOS="865"/>
							<String ID="string_8" HPOS="902" VPOS="279" WIDTH="253" HEIGHT="48" WC="0.96" CONTENT="redogörelse,"/><SP WIDTH="35" VPOS="279" HPOS="1155"/>
							<String ID="string_9" HPOS="1190" VPOS="279" WIDTH="281" HEIGHT="46" WC="0.95" CONTENT="sammanlagda"/><SP WIDTH="29" VPOS="279" HPOS="1471"/>
							<String ID="string_10" HPOS="1500" VPOS="278" WIDTH="180" HEIGHT="49" WC="0.96" CONTENT="beloppet"/><SP WIDTH="28" VPOS="278" HPOS="1680"/>
							<String ID="string_11" HPOS="1708" VPOS="278" WIDTH="39" HEIGHT="37" WC="0.96" CONTENT="af"/><SP WIDTH="26" VPOS="278" HPOS="1747"/>
							<String ID="string_12" HPOS="1773" VPOS="279" WIDTH="46" HEIGHT="36" WC="0.95" CONTENT="de"/>
						</TextLine>
						<TextLine ID="line_2" HPOS="217" VPOS="330" WIDTH="1603" HEIGHT="48">
							<String ID="string_13" HPOS="217" VPOS="333" WIDTH="58" HEIGHT="36" WC="0.93" CONTENT="för"/><SP WIDTH="29" VPOS="333" HPOS="275"/>
							<String ID="string_14" HPOS="304" VPOS="333" WIDTH="253" HEIGHT="36" WC="0.92" CONTENT="lånerörelsen"/><SP WIDTH="29" VPOS="333" HPOS="557"/>
							<String ID="string_15" HPOS="586" VPOS="333" WIDTH="10" HEIGHT="34" WC="0.96" CONTENT="i"/><SP WIDTH="29" VPOS="333" HPOS="596"/>
							<String ID="string_16" HPOS="625" VPOS="332" WIDTH="83" HEIGHT="36" WC="0.96" CONTENT="dess"/><SP WIDTH="30" VPOS="332" HPOS="708"/>
							<String ID="string_17" HPOS="738" VPOS="332" WIDTH="127" HEIGHT="35" WC="0.96" CONTENT="helhet"/><SP WIDTH="28" VPOS="332" HPOS="865"/>
							<String ID="string_18" HPOS="893" VPOS="331" WIDTH="175" HEIGHT="36" WC="0.96" CONTENT="anvisade"/><SP WIDTH="30" VPOS="331" HPOS="1068"/>
							<String ID="string_19" HPOS="1098" VPOS="330" WIDTH="122" HEIGHT="36" WC="0.96" CONTENT="medel"/><SP WIDTH="30" VPOS="330" HPOS="1220"/>
							<String ID="string_20" HPOS="1250" VPOS="331" WIDTH="60" HEIGHT="35" WC="0.96" CONTENT="vid"/><SP WIDTH="43" VPOS="331" HPOS="1310"/>
							<String ID="string_21" HPOS="1353" VPOS="332" WIDTH="93" HEIGHT="35" WC="0.96" CONTENT="1887"/><SP WIDTH="32" VPOS="332" HPOS="1446"/>
							<String ID="string_22" HPOS="1478" VPOS="334" WIDTH="58" HEIGHT="32" WC="0.96" CONTENT="års"/><SP WIDTH="28" VPOS="334" HPOS="1536"/>
							<String ID="string_23" HPOS="1564" VPOS="331" WIDTH="130" HEIGHT="47" WC="0.91" CONTENT="början"/><SP WIDTH="32" VPOS="331" HPOS="1694"/>
							<String ID="string_24" HPOS="1726" VPOS="344" WIDTH="94" HEIGHT="34" WC="0.91" CONTENT="upp-"/>
						</TextLine>
					</TextBlock>
				</ComposedBlock>
				<ComposedBlock ID="cblock_2" HPOS="218" VPOS="381" WIDTH="1601" HEIGHT="342">
					<TextBlock ID="block_2" HPOS="218" VPOS="381" WIDTH="1601" HEIGHT="342">
						<TextLine ID="line_3" HPOS="218" VPOS="381" WIDTH="1600" HEIGHT="52">
							<String ID="string_25" HPOS="218" VPOS="385" WIDTH="84" HEIGHT="48" WC="0.93" CONTENT="gick"/><SP WIDTH="29" VPOS="385" HPOS="302"/>
							<String ID="string_26" HPOS="331" VPOS="385" WIDTH="95" HEIGHT="35" WC="0.77" CONTENT="till"/><SP WIDTH="-24" VPOS="385" HPOS="426"/>
							<String ID="string_27" HPOS="402" VPOS="380" WIDTH="26" HEIGHT="57" WC="0.28" CONTENT=".."/><SP WIDTH="306" VPOS="380" HPOS="428"/>
							<String ID="string_28" HPOS="734" VPOS="415" WIDTH="82" HEIGHT="4" WC="0.0" CONTENT="rtoäom"/><SP WIDTH="30" VPOS="415" HPOS="816"/>
							<String ID="string_29" HPOS="846" VPOS="414" WIDTH="91" HEIGHT="5" WC="0.0" CONTENT="sken"/><SP WIDTH="19" VPOS="414" HPOS="937"/>
							<String ID="string_30" HPOS="956" VPOS="414" WIDTH="171" HEIGHT="5" WC="0.0" CONTENT="srnlirddgiderenn"/><SP WIDTH="24" VPOS="414" HPOS="1127"/>
							<String ID="string_31" HPOS="1151" VPOS="413" WIDTH="43" HEIGHT="5" WC="0.4" CONTENT="ps"/><SP WIDTH="53" VPOS="413" HPOS="1194"/>
							<String ID="string_32" HPOS="1247" VPOS="412" WIDTH="80" HEIGHT="5" WC="0.13" CONTENT="Eine"/><SP WIDTH="19" VPOS="412" HPOS="1327"/>
							<String ID="string_33" HPOS="1346" VPOS="413" WIDTH="15" HEIGHT="4" WC="0.9" CONTENT="on"/><SP WIDTH="42" VPOS="413" HPOS="1361"/>
							<String ID="string_34" HPOS="1403" VPOS="381" WIDTH="63" HEIGHT="36" WC="0.0" CONTENT="ÅKLSA"/><SP WIDTH="31" VPOS="381" HPOS="1466"/>
							<String ID="string_35" HPOS="1497" VPOS="384" WIDTH="233" HEIGHT="42" WC="0.0" CONTENT="54,955,000:"/><SP WIDTH="29" VPOS="384" HPOS="1730"/>
							<String ID="string_36" HPOS="1759" VPOS="401" WIDTH="59" HEIGHT="26" WC="0.91" CONTENT="—,"/>
						</TextLine>
						<TextLine ID="line_4" HPOS="219" VPOS="415" WIDTH="1600" HEIGHT="61">
							<String ID="string_37" HPOS="219" VPOS="436" WIDTH="70" HEIGHT="35" WC="0.96" CONTENT="och"/><SP WIDTH="29" VPOS="436" HPOS="289"/>
							<String ID="string_38" HPOS="318" VPOS="436" WIDTH="64" HEIGHT="35" WC="0.96" CONTENT="vid"/><SP WIDTH="29" VPOS="436" HPOS="382"/>
							<String ID="string_39" HPOS="411" VPOS="415" WIDTH="104" HEIGHT="56" WC="0.96" CONTENT="årets"/><SP WIDTH="7" VPOS="415" HPOS="515"/>
							<String ID="string_40" HPOS="522" VPOS="415" WIDTH="104" HEIGHT="55" WC="0.0" CONTENT="OR"/><SP WIDTH="7" VPOS="415" HPOS="626"/>
							<String ID="string_41" HPOS="633" VPOS="415" WIDTH="93" HEIGHT="55" WC="0.78" CONTENT="till."/><SP WIDTH="53" VPOS="415" HPOS="726"/>
							<String ID="string_42" HPOS="779" VPOS="465" WIDTH="192" HEIGHT="5" WC="0.17" CONTENT="re"/><SP WIDTH="264" VPOS="465" HPOS="971"/>
							<String ID="string_43" HPOS="1235" VPOS="463" WIDTH="138" HEIGHT="5" WC="0.21" CONTENT="enn"/><SP WIDTH="55" VPOS="463" HPOS="1373"/>
							<String ID="string_44" HPOS="1428" VPOS="445" WIDTH="14" HEIGHT="17" WC="0.67" CONTENT="»"/><SP WIDTH="56" VPOS="445" HPOS="1442"/>
							<String ID="string_45" HPOS="1498" VPOS="434" WIDTH="233" HEIGHT="42" WC="0.39" CONTENT="52,650,000:"/><SP WIDTH="29" VPOS="434" HPOS="1731"/>
							<String ID="string_46" HPOS="1760" VPOS="452" WIDTH="59" HEIGHT="23" WC="0.91" CONTENT="—,"/>
						</TextLine>
						<TextLine ID="line_5" HPOS="219" VPOS="461" WIDTH="1158" HEIGHT="131">
							<String ID="string_47" HPOS="219" VPOS="503" WIDTH="110" HEIGHT="36" WC="0.95" CONTENT="hafva"/><SP WIDTH="36" VPOS="503" HPOS="329"/>
							<String ID="string_48" HPOS="365" VPOS="502" WIDTH="235" HEIGHT="48" WC="0.95" CONTENT="följaktligen"/><SP WIDTH="38" VPOS="502" HPOS="600"/>
							<String ID="string_49" HPOS="638" VPOS="502" WIDTH="46" HEIGHT="36" WC="0.93" CONTENT="de"/><SP WIDTH="37" VPOS="502" HPOS="684"/>
							<String ID="string_50" HPOS="721" VPOS="501" WIDTH="58" HEIGHT="36" WC="0.93" CONTENT="för"/><SP WIDTH="38" VPOS="501" HPOS="779"/>
							<String ID="string_51" HPOS="817" VPOS="461" WIDTH="221" HEIGHT="131" WC="0.82" CONTENT="utlåningen"/><SP WIDTH="19" VPOS="461" HPOS="1038"/>
							<String ID="string_52" HPOS="1057" VPOS="464" WIDTH="170" HEIGHT="72" WC="0.85" CONTENT="afsedda"/><SP WIDTH="27" VPOS="464" HPOS="1227"/>
							<String ID="string_53" HPOS="1254" VPOS="500" WIDTH="123" HEIGHT="36" WC="0.96" CONTENT="medel"/>
						</TextLine>
						<TextLine ID="line_6" HPOS="269" VPOS="551" WIDTH="1539" HEIGHT="46">
							<String ID="string_54" HPOS="269" VPOS="555" WIDTH="120" HEIGHT="35" WC="0.96" CONTENT="under"/><SP WIDTH="28" VPOS="555" HPOS="389"/>
							<String ID="string_55" HPOS="417" VPOS="557" WIDTH="80" HEIGHT="33" WC="0.96" CONTENT="året"/><SP WIDTH="29" VPOS="557" HPOS="497"/>
							<String ID="string_56" HPOS="526" VPOS="554" WIDTH="180" HEIGHT="35" WC="0.96" CONTENT="minskats"/><SP WIDTH="29" VPOS="554" HPOS="706"/>
							<String ID="string_57" HPOS="735" VPOS="553" WIDTH="115" HEIGHT="36" WC="0.91" CONTENT="med"/><SP WIDTH="-26" VPOS="553" HPOS="850"/>
							<String ID="string_58" HPOS="824" VPOS="549" WIDTH="28" HEIGHT="53" WC="0.67" CONTENT="."/><SP WIDTH="116" VPOS="549" HPOS="852"/>
							<String ID="string_59" HPOS="968" VPOS="584" WIDTH="36" HEIGHT="4" WC="0.9" CONTENT="RS"/><SP WIDTH="53" VPOS="584" HPOS="1004"/>
							<String ID="string_60" HPOS="1057" VPOS="583" WIDTH="26" HEIGHT="5" WC="0.7" CONTENT="EG"/><SP WIDTH="98" VPOS="583" HPOS="1083"/>
							<String ID="string_61" HPOS="1181" VPOS="583" WIDTH="180" HEIGHT="5" WC="0.13" CONTENT="nan"/><SP WIDTH="43" VPOS="583" HPOS="1361"/>
							<String ID="string_62" HPOS="1404" VPOS="551" WIDTH="63" HEIGHT="36" WC="0.34" CONTENT="KF."/><SP WIDTH="57" VPOS="551" HPOS="1467"/>
							<String ID="string_63" HPOS="1524" VPOS="554" WIDTH="207" HEIGHT="43" WC="0.0" CONTENT="-2,305,000:"/><SP WIDTH="29" VPOS="554" HPOS="1731"/>
							<String ID="string_64" HPOS="1760" VPOS="571" WIDTH="48" HEIGHT="5" WC="0.88" CONTENT="—"/>
						</TextLine>
						<TextLine ID="line_7" HPOS="320" VPOS="583" WIDTH="1499" HEIGHT="113">
							<String ID="string_65" HPOS="320" VPOS="622" WIDTH="127" HEIGHT="36" WC="0.96" CONTENT="Under"/><SP WIDTH="29" VPOS="622" HPOS="447"/>
							<String ID="string_66" HPOS="476" VPOS="626" WIDTH="39" HEIGHT="32" WC="0.95" CONTENT="år"/><SP WIDTH="31" VPOS="626" HPOS="515"/>
							<String ID="string_67" HPOS="546" VPOS="624" WIDTH="92" HEIGHT="35" WC="0.95" CONTENT="1887"/><SP WIDTH="32" VPOS="624" HPOS="638"/>
							<String ID="string_68" HPOS="670" VPOS="622" WIDTH="66" HEIGHT="35" WC="0.96" CONTENT="har"/><SP WIDTH="29" VPOS="622" HPOS="736"/>
							<String ID="string_69" HPOS="765" VPOS="583" WIDTH="396" HEIGHT="85" WC="0.91" CONTENT="afdelningskontoret"/><SP WIDTH="25" VPOS="583" HPOS="1161"/>
							<String ID="string_70" HPOS="1186" VPOS="621" WIDTH="10" HEIGHT="34" WC="0.90" CONTENT="i"/><SP WIDTH="-5" VPOS="621" HPOS="1196"/>
							<String ID="string_71" HPOS="1191" VPOS="584" WIDTH="13" HEIGHT="4" WC="0.40" CONTENT="|"/><SP WIDTH="22" VPOS="584" HPOS="1204"/>
							<String ID="string_72" HPOS="1226" VPOS="583" WIDTH="152" HEIGHT="73" WC="0.95" CONTENT="Kalmar"/><SP WIDTH="28" VPOS="583" HPOS="1378"/>
							<String ID="string_73" HPOS="1406" VPOS="619" WIDTH="72" HEIGHT="37" WC="0.95" CONTENT="fått"/><SP WIDTH="24" VPOS="619" HPOS="1478"/>
							<String ID="string_74" HPOS="1502" VPOS="621" WIDTH="57" HEIGHT="48" WC="0.96" CONTENT="sig"/><SP WIDTH="19" VPOS="621" HPOS="1559"/>
							<String ID="string_75" HPOS="1578" VPOS="624" WIDTH="122" HEIGHT="32" WC="0.96" CONTENT="såsom"/><SP WIDTH="21" VPOS="624" HPOS="1700"/>
							<String ID="string_76" HPOS="1721" VPOS="621" WIDTH="98" HEIGHT="75" WC="0.28" CONTENT="fe"/>
						</TextLine>
						<TextLine ID="line_8" HPOS="219" VPOS="670" WIDTH="1513" HEIGHT="53">
							<String ID="string_77" HPOS="219" VPOS="674" WIDTH="120" HEIGHT="49" WC="0.96" CONTENT="förlag"/><SP WIDTH="28" VPOS="674" HPOS="339"/>
							<String ID="string_78" HPOS="367" VPOS="675" WIDTH="11" HEIGHT="34" WC="0.96" CONTENT="i"/><SP WIDTH="28" VPOS="675" HPOS="378"/>
							<String ID="string_79" HPOS="406" VPOS="674" WIDTH="181" HEIGHT="36" WC="0.96" CONTENT="kontanta"/><SP WIDTH="29" VPOS="674" HPOS="587"/>
							<String ID="string_80" HPOS="616" VPOS="673" WIDTH="117" HEIGHT="36" WC="0.96" CONTENT="medel"/><SP WIDTH="33" VPOS="673" HPOS="733"/>
							<String ID="string_81" HPOS="766" VPOS="652" WIDTH="188" HEIGHT="57" WC="0.90" CONTENT="tilldeladt"/><SP WIDTH="29" VPOS="652" HPOS="954"/>
							<String ID="string_82" HPOS="983" VPOS="678" WIDTH="54" HEIGHT="30" WC="0.96" CONTENT="ett"/><SP WIDTH="28" VPOS="678" HPOS="1037"/>
							<String ID="string_83" HPOS="1065" VPOS="671" WIDTH="138" HEIGHT="48" WC="0.96" CONTENT="belopp"/><SP WIDTH="30" VPOS="671" HPOS="1203"/>
							<String ID="string_84" HPOS="1233" VPOS="671" WIDTH="66" HEIGHT="36" WC="0.90" CONTENT="af..."/><SP WIDTH="97" VPOS="671" HPOS="1299"/>
							<String ID="string_85" HPOS="1396" VPOS="703" WIDTH="4" HEIGHT="4" WC="0.44" CONTENT="."/><SP WIDTH="30" VPOS="703" HPOS="1400"/>
							<String ID="string_86" HPOS="1430" VPOS="670" WIDTH="62" HEIGHT="38" WC="0.80" CONTENT="Kr."/><SP WIDTH="70" VPOS="670" HPOS="1492"/>
							<String ID="string_87" HPOS="1562" VPOS="673" WIDTH="170" HEIGHT="44" WC="0.0" CONTENT="—600,000:"/>
						</TextLine>
					</TextBlock>
				</ComposedBlock>
				<ComposedBlock ID="cblock_3" HPOS="219" VPOS="723" WIDTH="1183" HEIGHT="101">
					<TextBlock ID="block_3" HPOS="219" VPOS="723" WIDTH="1183" HEIGHT="101">
						<TextLine ID="line_9" HPOS="220" VPOS="723" WIDTH="974" HEIGHT="50">
							<String ID="string_88" HPOS="220" VPOS="726" WIDTH="207" HEIGHT="47" WC="0.92" CONTENT="hvarjemte"/><SP WIDTH="28" VPOS="726" HPOS="427"/>
							<String ID="string_89" HPOS="455" VPOS="725" WIDTH="190" HEIGHT="48" WC="0.96" CONTENT="tillfälliga"/><SP WIDTH="28" VPOS="725" HPOS="645"/>
							<String ID="string_90" HPOS="673" VPOS="724" WIDTH="300" HEIGHT="48" WC="0.95" CONTENT="förstärkningar"/><SP WIDTH="29" VPOS="724" HPOS="973"/>
							<String ID="string_91" HPOS="1002" VPOS="723" WIDTH="192" HEIGHT="47" WC="0.96" CONTENT="beviljats:"/>
						</TextLine>
						<TextLine ID="line_10" HPOS="219" VPOS="774" WIDTH="1183" HEIGHT="50">
							<String ID="string_92" HPOS="219" VPOS="776" WIDTH="391" HEIGHT="48" WC="0.91" CONTENT="afdelningskontoret"/><SP WIDTH="27" VPOS="776" HPOS="610"/>
							<String ID="string_93" HPOS="637" VPOS="777" WIDTH="11" HEIGHT="34" WC="0.96" CONTENT="i"/><SP WIDTH="29" VPOS="777" HPOS="648"/>
							<String ID="string_94" HPOS="677" VPOS="775" WIDTH="135" HEIGHT="36" WC="0.95" CONTENT="Malmö"/><SP WIDTH="33" VPOS="775" HPOS="812"/>
							<String ID="string_95" HPOS="845" VPOS="770" WIDTH="30" HEIGHT="58" WC="0.0" CONTENT="=:"/><SP WIDTH="13" VPOS="770" HPOS="875"/>
							<String ID="string_96" HPOS="888" VPOS="775" WIDTH="124" HEIGHT="35" WC="0.0" CONTENT="med..."/><SP WIDTH="30" VPOS="775" HPOS="1012"/>
							<String ID="string_97" HPOS="1042" VPOS="806" WIDTH="4" HEIGHT="4" WC="0.31" CONTENT="."/><SP WIDTH="23" VPOS="806" HPOS="1046"/>
							<String ID="string_98" HPOS="1069" VPOS="774" WIDTH="61" HEIGHT="35" WC="0.92" CONTENT="Kr."/><SP WIDTH="23" VPOS="774" HPOS="1130"/>
							<String ID="string_99" HPOS="1153" VPOS="776" WIDTH="171" HEIGHT="43" WC="0.91" CONTENT="300,000:"/><SP WIDTH="31" VPOS="776" HPOS="1324"/>
							<String ID="string_100" HPOS="1355" VPOS="792" WIDTH="47" HEIGHT="4" WC="0.91" CONTENT="—"/>
						</TextLine>
					</TextBlock>
				</ComposedBlock>
				<ComposedBlock ID="cblock_4" HPOS="406" VPOS="826" WIDTH="1403" HEIGHT="204">
					<TextBlock ID="block_4" HPOS="406" VPOS="826" WIDTH="1403" HEIGHT="204">
						<TextLine ID="line_11" HPOS="406" VPOS="826" WIDTH="997" HEIGHT="48">
							<String ID="string_101" HPOS="406" VPOS="838" WIDTH="14" HEIGHT="19" WC="0.93" CONTENT="»"/><SP WIDTH="216" VPOS="838" HPOS="420"/>
							<String ID="string_102" HPOS="636" VPOS="828" WIDTH="10" HEIGHT="34" WC="0.96" CONTENT="i"/><SP WIDTH="28" VPOS="828" HPOS="646"/>
							<String ID="string_103" HPOS="674" VPOS="826" WIDTH="218" HEIGHT="48" WC="0.93" CONTENT="Jönköping"/><SP WIDTH="35" VPOS="826" HPOS="892"/>
							<String ID="string_104" HPOS="927" VPOS="837" WIDTH="15" HEIGHT="19" WC="0.91" CONTENT="»"/><SP WIDTH="44" VPOS="837" HPOS="942"/>
							<String ID="string_105" HPOS="986" VPOS="858" WIDTH="24" HEIGHT="2" WC="0.39" CONTENT="...."/><SP WIDTH="81" VPOS="858" HPOS="1010"/>
							<String ID="string_106" HPOS="1091" VPOS="838" WIDTH="15" HEIGHT="15" WC="0.78" CONTENT="»"/><SP WIDTH="47" VPOS="838" HPOS="1106"/>
							<String ID="string_107" HPOS="1153" VPOS="827" WIDTH="170" HEIGHT="42" WC="0.78" CONTENT="600,000:"/><SP WIDTH="31" VPOS="827" HPOS="1323"/>
							<String ID="string_108" HPOS="1354" VPOS="843" WIDTH="49" HEIGHT="4" WC="0.87" CONTENT="—"/>
						</TextLine>
						<TextLine ID="line_12" HPOS="408" VPOS="877" WIDTH="994" HEIGHT="43">
							<String ID="string_109" HPOS="408" VPOS="890" WIDTH="13" HEIGHT="18" WC="0.92" CONTENT="»"/><SP WIDTH="217" VPOS="890" HPOS="421"/>
							<String ID="string_110" HPOS="638" VPOS="878" WIDTH="11" HEIGHT="34" WC="0.96" CONTENT="i"/><SP WIDTH="28" VPOS="878" HPOS="649"/>
							<String ID="string_111" HPOS="677" VPOS="877" WIDTH="117" HEIGHT="36" WC="0.96" CONTENT="Luleå"/><SP WIDTH="135" VPOS="877" HPOS="794"/>
							<String ID="string_112" HPOS="929" VPOS="888" WIDTH="14" HEIGHT="19" WC="0.93" CONTENT="»"/><SP WIDTH="53" VPOS="888" HPOS="943"/>
							<String ID="string_113" HPOS="996" VPOS="907" WIDTH="50" HEIGHT="6" WC="0.26" CONTENT="on"/><SP WIDTH="46" VPOS="907" HPOS="1046"/>
							<String ID="string_114" HPOS="1092" VPOS="887" WIDTH="13" HEIGHT="19" WC="0.76" CONTENT="»"/><SP WIDTH="48" VPOS="887" HPOS="1105"/>
							<String ID="string_115" HPOS="1153" VPOS="878" WIDTH="170" HEIGHT="42" WC="0.75" CONTENT="230,000:"/><SP WIDTH="30" VPOS="878" HPOS="1323"/>
							<String ID="string_116" HPOS="1353" VPOS="898" WIDTH="49" HEIGHT="3" WC="0.91" CONTENT="—"/>
						</TextLine>
						<TextLine ID="line_13" HPOS="406" VPOS="928" WIDTH="996" HEIGHT="43">
							<String ID="string_117" HPOS="406" VPOS="943" WIDTH="15" HEIGHT="15" WC="0.91" CONTENT="»"/><SP WIDTH="216" VPOS="943" HPOS="421"/>
							<String ID="string_118" HPOS="637" VPOS="929" WIDTH="11" HEIGHT="35" WC="0.92" CONTENT="i"/><SP WIDTH="29" VPOS="929" HPOS="648"/>
							<String ID="string_119" HPOS="677" VPOS="928" WIDTH="120" HEIGHT="36" WC="0.87" CONTENT="Vexiö"/><SP WIDTH="130" VPOS="928" HPOS="797"/>
							<String ID="string_120" HPOS="927" VPOS="941" WIDTH="120" HEIGHT="22" WC="0.40" CONTENT="Pola"/><SP WIDTH="46" VPOS="941" HPOS="1047"/>
							<String ID="string_121" HPOS="1093" VPOS="939" WIDTH="14" HEIGHT="18" WC="0.65" CONTENT="»"/><SP WIDTH="47" VPOS="939" HPOS="1107"/>
							<String ID="string_122" HPOS="1154" VPOS="929" WIDTH="170" HEIGHT="42" WC="0.43" CONTENT="100,000:"/><SP WIDTH="31" VPOS="929" HPOS="1324"/>
							<String ID="string_123" HPOS="1355" VPOS="944" WIDTH="47" HEIGHT="5" WC="0.90" CONTENT="—"/>
						</TextLine>
						<TextLine ID="line_14" HPOS="407" VPOS="979" WIDTH="1402" HEIGHT="51">
							<String ID="string_124" HPOS="407" VPOS="992" WIDTH="14" HEIGHT="19" WC="0.93" CONTENT="»"/><SP WIDTH="216" VPOS="992" HPOS="421"/>
							<String ID="string_125" HPOS="637" VPOS="980" WIDTH="11" HEIGHT="35" WC="0.93" CONTENT="i"/><SP WIDTH="28" VPOS="980" HPOS="648"/>
							<String ID="string_126" HPOS="676" VPOS="979" WIDTH="118" HEIGHT="48" WC="0.95" CONTENT="Visby"/><SP WIDTH="129" VPOS="979" HPOS="794"/>
							<String ID="string_127" HPOS="923" VPOS="991" WIDTH="13" HEIGHT="18" WC="0.82" CONTENT="»"/><SP WIDTH="59" VPOS="991" HPOS="936"/>
							<String ID="string_128" HPOS="995" VPOS="1009" WIDTH="37" HEIGHT="5" WC="0.42" CONTENT="ov"/><SP WIDTH="58" VPOS="1009" HPOS="1032"/>
							<String ID="string_129" HPOS="1090" VPOS="989" WIDTH="14" HEIGHT="18" WC="0.20" CONTENT="»"/><SP WIDTH="47" VPOS="989" HPOS="1104"/>
							<String ID="string_130" HPOS="1151" VPOS="980" WIDTH="170" HEIGHT="42" WC="0.20" CONTENT="-200,000:"/><SP WIDTH="33" VPOS="980" HPOS="1321"/>
							<String ID="string_131" HPOS="1354" VPOS="997" WIDTH="45" HEIGHT="3" WC="0.84" CONTENT="—"/><SP WIDTH="54" VPOS="997" HPOS="1399"/>
							<String ID="string_132" HPOS="1453" VPOS="997" WIDTH="14" HEIGHT="19" WC="0.68" CONTENT="»"/><SP WIDTH="57" VPOS="997" HPOS="1467"/>
							<String ID="string_133" HPOS="1524" VPOS="989" WIDTH="206" HEIGHT="41" WC="0.48" CONTENT="1,430,000:"/><SP WIDTH="30" VPOS="989" HPOS="1730"/>
							<String ID="string_134" HPOS="1760" VPOS="1006" WIDTH="49" HEIGHT="3" WC="0.90" CONTENT="—"/>
						</TextLine>
					</TextBlock>
				</ComposedBlock>
				<ComposedBlock ID="cblock_5" HPOS="319" VPOS="1053" WIDTH="1501" HEIGHT="109">
					<TextBlock ID="block_5" HPOS="319" VPOS="1053" WIDTH="1501" HEIGHT="109">
						<TextLine ID="line_15" HPOS="1247" VPOS="1053" WIDTH="573" HEIGHT="46">
							<String ID="string_135" HPOS="1247" VPOS="1053" WIDTH="153" HEIGHT="37" WC="0.95" CONTENT="Summa"/><SP WIDTH="29" VPOS="1053" HPOS="1400"/>
							<String ID="string_136" HPOS="1429" VPOS="1054" WIDTH="61" HEIGHT="36" WC="0.93" CONTENT="Kr."/><SP WIDTH="32" VPOS="1054" HPOS="1490"/>
							<String ID="string_137" HPOS="1522" VPOS="1057" WIDTH="208" HEIGHT="42" WC="0.89" CONTENT="2,030,000:"/><SP WIDTH="29" VPOS="1057" HPOS="1730"/>
							<String ID="string_138" HPOS="1759" VPOS="1074" WIDTH="61" HEIGHT="17" WC="0.92" CONTENT="—"/>
						</TextLine>
						<TextLine ID="line_16" HPOS="319" VPOS="1122" WIDTH="1018" HEIGHT="40">
							<String ID="string_139" HPOS="319" VPOS="1125" WIDTH="87" HEIGHT="37" WC="0.93" CONTENT="Som"/><SP WIDTH="30" VPOS="1125" HPOS="406"/>
							<String ID="string_140" HPOS="436" VPOS="1126" WIDTH="169" HEIGHT="36" WC="0.93" CONTENT="deremot"/><SP WIDTH="28" VPOS="1126" HPOS="605"/>
							<String ID="string_141" HPOS="633" VPOS="1125" WIDTH="121" HEIGHT="36" WC="0.96" CONTENT="under"/><SP WIDTH="28" VPOS="1125" HPOS="754"/>
							<String ID="string_142" HPOS="782" VPOS="1136" WIDTH="140" HEIGHT="23" WC="0.96" CONTENT="samma"/><SP WIDTH="29" VPOS="1136" HPOS="922"/>
							<String ID="string_143" HPOS="951" VPOS="1122" WIDTH="54" HEIGHT="37" WC="0.93" CONTENT="tid"/><SP WIDTH="30" VPOS="1122" HPOS="1005"/>
							<String ID="string_144" HPOS="1035" VPOS="1123" WIDTH="221" HEIGHT="36" WC="0.91" CONTENT="återbetalts"/><SP WIDTH="29" VPOS="1123" HPOS="1256"/>
							<String ID="string_145" HPOS="1285" VPOS="1122" WIDTH="52" HEIGHT="36" WC="0.96" CONTENT="af:"/>
						</TextLine>
					</TextBlock>
				</ComposedBlock>
				<GraphicalElement ID="cblock_6" HPOS="1004" VPOS="1479" WIDTH="400" HEIGHT="4"></GraphicalElement >
				<ComposedBlock ID="cblock_7" HPOS="219" VPOS="1174" WIDTH="1603" HEIGHT="311">
					<TextBlock ID="block_6" HPOS="219" VPOS="1174" WIDTH="1603" HEIGHT="311">
						<TextLine ID="line_17" HPOS="219" VPOS="1174" WIDTH="1186" HEIGHT="51">
							<String ID="string_146" HPOS="219" VPOS="1177" WIDTH="392" HEIGHT="48" WC="0.91" CONTENT="afdelningskontoret"/><SP WIDTH="29" VPOS="1177" HPOS="611"/>
							<String ID="string_147" HPOS="640" VPOS="1177" WIDTH="10" HEIGHT="34" WC="0.96" CONTENT="i"/><SP WIDTH="29" VPOS="1177" HPOS="650"/>
							<String ID="string_148" HPOS="679" VPOS="1174" WIDTH="194" HEIGHT="48" WC="0.93" CONTENT="Göteborg"/><SP WIDTH="53" VPOS="1174" HPOS="873"/>
							<String ID="string_149" HPOS="926" VPOS="1206" WIDTH="25" HEIGHT="4" WC="0.79" CONTENT="....."/><SP WIDTH="75" VPOS="1206" HPOS="951"/>
							<String ID="string_150" HPOS="1026" VPOS="1174" WIDTH="62" HEIGHT="36" WC="0.91" CONTENT="Kr."/><SP WIDTH="69" VPOS="1174" HPOS="1088"/>
							<String ID="string_151" HPOS="1157" VPOS="1175" WIDTH="171" HEIGHT="42" WC="0.49" CONTENT="550,000:"/><SP WIDTH="29" VPOS="1175" HPOS="1328"/>
							<String ID="string_152" HPOS="1357" VPOS="1192" WIDTH="48" HEIGHT="4" WC="0.88" CONTENT="—"/>
						</TextLine>
						<TextLine ID="line_18" HPOS="407" VPOS="1226" WIDTH="998" HEIGHT="44">
							<String ID="string_153" HPOS="407" VPOS="1240" WIDTH="14" HEIGHT="18" WC="0.93" CONTENT="»"/><SP WIDTH="220" VPOS="1240" HPOS="421"/>
							<String ID="string_154" HPOS="641" VPOS="1228" WIDTH="10" HEIGHT="34" WC="0.84" CONTENT="i"/><SP WIDTH="30" VPOS="1228" HPOS="651"/>
							<String ID="string_155" HPOS="681" VPOS="1226" WIDTH="136" HEIGHT="36" WC="0.93" CONTENT="Malmö"/><SP WIDTH="29" VPOS="1226" HPOS="817"/>
							<String ID="string_156" HPOS="846" VPOS="1257" WIDTH="105" HEIGHT="5" WC="0.53" CONTENT="......"/><SP WIDTH="100" VPOS="1257" HPOS="951"/>
							<String ID="string_157" HPOS="1051" VPOS="1239" WIDTH="14" HEIGHT="15" WC="0.43" CONTENT="»"/><SP WIDTH="55" VPOS="1239" HPOS="1065"/>
							<String ID="string_158" HPOS="1120" VPOS="1227" WIDTH="207" HEIGHT="43" WC="0.0" CONTENT=".1,300,000:"/><SP WIDTH="29" VPOS="1227" HPOS="1327"/>
							<String ID="string_159" HPOS="1356" VPOS="1248" WIDTH="49" HEIGHT="3" WC="0.85" CONTENT="—"/>
						</TextLine>
						<TextLine ID="line_19" HPOS="408" VPOS="1277" WIDTH="997" HEIGHT="48">
							<String ID="string_160" HPOS="408" VPOS="1292" WIDTH="14" HEIGHT="16" WC="0.91" CONTENT="»"/><SP WIDTH="220" VPOS="1292" HPOS="422"/>
							<String ID="string_161" HPOS="642" VPOS="1279" WIDTH="10" HEIGHT="34" WC="0.86" CONTENT="i"/><SP WIDTH="28" VPOS="1279" HPOS="652"/>
							<String ID="string_162" HPOS="680" VPOS="1277" WIDTH="219" HEIGHT="48" WC="0.90" CONTENT="Jönköping"/><SP WIDTH="46" VPOS="1277" HPOS="899"/>
							<String ID="string_163" HPOS="945" VPOS="1308" WIDTH="49" HEIGHT="4" WC="0.43" CONTENT="...."/><SP WIDTH="56" VPOS="1308" HPOS="994"/>
							<String ID="string_164" HPOS="1050" VPOS="1290" WIDTH="14" HEIGHT="15" WC="0.71" CONTENT="»"/><SP WIDTH="93" VPOS="1290" HPOS="1064"/>
							<String ID="string_165" HPOS="1157" VPOS="1278" WIDTH="170" HEIGHT="43" WC="0.0" CONTENT="—-200,000:"/><SP WIDTH="30" VPOS="1278" HPOS="1327"/>
							<String ID="string_166" HPOS="1357" VPOS="1299" WIDTH="48" HEIGHT="3" WC="0.92" CONTENT="—"/>
						</TextLine>
						<TextLine ID="line_20" HPOS="408" VPOS="1328" WIDTH="997" HEIGHT="44">
							<String ID="string_167" HPOS="408" VPOS="1343" WIDTH="14" HEIGHT="15" WC="0.90" CONTENT="»"/><SP WIDTH="220" VPOS="1343" HPOS="422"/>
							<String ID="string_168" HPOS="642" VPOS="1330" WIDTH="10" HEIGHT="34" WC="0.75" CONTENT="i"/><SP WIDTH="28" VPOS="1330" HPOS="652"/>
							<String ID="string_169" HPOS="680" VPOS="1328" WIDTH="118" HEIGHT="36" WC="0.86" CONTENT="Luleå"/><SP WIDTH="47" VPOS="1328" HPOS="798"/>
							<String ID="string_170" HPOS="845" VPOS="1359" WIDTH="137" HEIGHT="5" WC="0.0" CONTENT="aco000oc0vc0"/><SP WIDTH="67" VPOS="1359" HPOS="982"/>
							<String ID="string_171" HPOS="1049" VPOS="1342" WIDTH="15" HEIGHT="15" WC="0.0" CONTENT="2?"/><SP WIDTH="93" VPOS="1342" HPOS="1064"/>
							<String ID="string_172" HPOS="1157" VPOS="1329" WIDTH="171" HEIGHT="43" WC="0.80" CONTENT="855,000:"/><SP WIDTH="28" VPOS="1329" HPOS="1328"/>
							<String ID="string_173" HPOS="1356" VPOS="1346" WIDTH="49" HEIGHT="4" WC="0.91" CONTENT="—"/>
						</TextLine>
						<TextLine ID="line_21" HPOS="407" VPOS="1379" WIDTH="998" HEIGHT="44">
							<String ID="string_174" HPOS="407" VPOS="1393" WIDTH="14" HEIGHT="18" WC="0.93" CONTENT="»"/><SP WIDTH="221" VPOS="1393" HPOS="421"/>
							<String ID="string_175" HPOS="642" VPOS="1382" WIDTH="11" HEIGHT="34" WC="0.92" CONTENT="i"/><SP WIDTH="29" VPOS="1382" HPOS="653"/>
							<String ID="string_176" HPOS="682" VPOS="1379" WIDTH="120" HEIGHT="37" WC="0.64" CONTENT="Vexiö"/><SP WIDTH="43" VPOS="1379" HPOS="802"/>
							<String ID="string_177" HPOS="845" VPOS="1411" WIDTH="147" HEIGHT="5" WC="0.0" CONTENT=".unwvvco"/><SP WIDTH="57" VPOS="1411" HPOS="992"/>
							<String ID="string_178" HPOS="1049" VPOS="1392" WIDTH="15" HEIGHT="16" WC="0.77" CONTENT="»"/><SP WIDTH="93" VPOS="1392" HPOS="1064"/>
							<String ID="string_179" HPOS="1157" VPOS="1379" WIDTH="171" HEIGHT="44" WC="0.87" CONTENT="600,000:"/><SP WIDTH="29" VPOS="1379" HPOS="1328"/>
							<String ID="string_180" HPOS="1357" VPOS="1397" WIDTH="48" HEIGHT="4" WC="0.90" CONTENT="—"/>
						</TextLine>
						<TextLine ID="line_22" HPOS="407" VPOS="1423" WIDTH="1415" HEIGHT="62">
							<String ID="string_181" HPOS="407" VPOS="1444" WIDTH="14" HEIGHT="18" WC="0.93" CONTENT="»"/><SP WIDTH="222" VPOS="1444" HPOS="421"/>
							<String ID="string_182" HPOS="643" VPOS="1432" WIDTH="10" HEIGHT="34" WC="0.96" CONTENT="i"/><SP WIDTH="30" VPOS="1432" HPOS="653"/>
							<String ID="string_183" HPOS="683" VPOS="1423" WIDTH="210" HEIGHT="44" WC="0.92" CONTENT="Östersund"/><SP WIDTH="1" VPOS="1423" HPOS="893"/>
							<String ID="string_184" HPOS="894" VPOS="1419" WIDTH="64" HEIGHT="62" WC="0.45" CONTENT="....."/><SP WIDTH="19" VPOS="1419" HPOS="958"/>
							<String ID="string_185" HPOS="977" VPOS="1461" WIDTH="15" HEIGHT="5" WC="0.45" CONTENT=".."/><SP WIDTH="56" VPOS="1461" HPOS="992"/>
							<String ID="string_186" HPOS="1048" VPOS="1443" WIDTH="14" HEIGHT="15" WC="0.92" CONTENT="»"/><SP WIDTH="92" VPOS="1443" HPOS="1062"/>
							<String ID="string_187" HPOS="1154" VPOS="1432" WIDTH="171" HEIGHT="41" WC="0.86" CONTENT="300,000:"/><SP WIDTH="29" VPOS="1432" HPOS="1325"/>
							<String ID="string_188" HPOS="1354" VPOS="1449" WIDTH="48" HEIGHT="3" WC="0.85" CONTENT="—"/><SP WIDTH="53" VPOS="1449" HPOS="1402"/>
							<String ID="string_189" HPOS="1455" VPOS="1450" WIDTH="14" HEIGHT="18" WC="0.64" CONTENT="»"/><SP WIDTH="54" VPOS="1450" HPOS="1469"/>
							<String ID="string_190" HPOS="1523" VPOS="1440" WIDTH="209" HEIGHT="45" WC="0.57" CONTENT="4,305,000:"/><SP WIDTH="31" VPOS="1440" HPOS="1732"/>
							<String ID="string_191" HPOS="1763" VPOS="1458" WIDTH="59" HEIGHT="25" WC="0.90" CONTENT="—,"/>
						</TextLine>
					</TextBlock>
				</ComposedBlock>
				<ComposedBlock ID="cblock_8" HPOS="220" VPOS="1489" WIDTH="1590" HEIGHT="215">
					<TextBlock ID="block_7" HPOS="220" VPOS="1489" WIDTH="1183" HEIGHT="38">
						<TextLine ID="line_23" HPOS="220" VPOS="1489" WIDTH="1183" HEIGHT="38">
							<String ID="string_192" HPOS="220" VPOS="1497" WIDTH="96" HEIGHT="30" WC="0.96" CONTENT="samt"/><SP WIDTH="27" VPOS="1497" HPOS="316"/>
							<String ID="string_193" HPOS="343" VPOS="1491" WIDTH="83" HEIGHT="36" WC="0.96" CONTENT="från"/><SP WIDTH="35" VPOS="1491" HPOS="426"/>
							<String ID="string_194" HPOS="461" VPOS="1490" WIDTH="46" HEIGHT="36" WC="0.95" CONTENT="de"/><SP WIDTH="38" VPOS="1490" HPOS="507"/>
							<String ID="string_195" HPOS="545" VPOS="1491" WIDTH="57" HEIGHT="36" WC="0.93" CONTENT="till"/><SP WIDTH="30" VPOS="1491" HPOS="602"/>
							<String ID="string_196" HPOS="632" VPOS="1490" WIDTH="326" HEIGHT="36" WC="0.89" CONTENT="hufvudkontoret"/><SP WIDTH="28" VPOS="1490" HPOS="958"/>
							<String ID="string_197" HPOS="986" VPOS="1491" WIDTH="179" HEIGHT="35" WC="0.96" CONTENT="anvisade"/><SP WIDTH="29" VPOS="1491" HPOS="1165"/>
							<String ID="string_198" HPOS="1194" VPOS="1490" WIDTH="124" HEIGHT="35" WC="0.94" CONTENT="medel"/><SP WIDTH="27" VPOS="1490" HPOS="1318"/>
							<String ID="string_199" HPOS="1345" VPOS="1489" WIDTH="58" HEIGHT="36" WC="0.96" CONTENT="för"/>
						</TextLine>
					</TextBlock>
					<TextBlock ID="block_8" HPOS="270" VPOS="1540" WIDTH="1540" HEIGHT="164">
						<TextLine ID="line_24" HPOS="270" VPOS="1540" WIDTH="1131" HEIGHT="50">
							<String ID="string_200" HPOS="270" VPOS="1542" WIDTH="512" HEIGHT="48" WC="0.90" CONTENT="afbetalningslånerörelsen"/><SP WIDTH="46" VPOS="1542" HPOS="782"/>
							<String ID="string_201" HPOS="828" VPOS="1540" WIDTH="202" HEIGHT="37" WC="0.90" CONTENT="öfverförts"/><SP WIDTH="42" VPOS="1540" HPOS="1030"/>
							<String ID="string_202" HPOS="1072" VPOS="1542" WIDTH="58" HEIGHT="35" WC="0.96" CONTENT="till"/><SP WIDTH="41" VPOS="1542" HPOS="1130"/>
							<String ID="string_203" HPOS="1171" VPOS="1541" WIDTH="179" HEIGHT="35" WC="0.94" CONTENT="kontoret"/><SP WIDTH="40" VPOS="1541" HPOS="1350"/>
							<String ID="string_204" HPOS="1390" VPOS="1541" WIDTH="11" HEIGHT="34" WC="0.94" CONTENT="i"/>
						</TextLine>
						<TextLine ID="line_25" HPOS="270" VPOS="1586" WIDTH="1540" HEIGHT="48">
							<String ID="string_205" HPOS="266" VPOS="1589" WIDTH="10" HEIGHT="50" WC="0.64" CONTENT="I"/><SP WIDTH="21" VPOS="1589" HPOS="276"/>
							<String ID="string_206" HPOS="297" VPOS="1589" WIDTH="35" HEIGHT="50" WC="0.26" CONTENT="TE"/><SP WIDTH="9" VPOS="1589" HPOS="332"/>
							<String ID="string_207" HPOS="341" VPOS="1589" WIDTH="32" HEIGHT="50" WC="0.25" CONTENT="CT"/><SP WIDTH="611" VPOS="1589" HPOS="373"/>
							<String ID="string_208" HPOS="984" VPOS="1622" WIDTH="80" HEIGHT="6" WC="0.11" CONTENT="deres"/><SP WIDTH="22" VPOS="1622" HPOS="1064"/>
							<String ID="string_209" HPOS="1086" VPOS="1623" WIDTH="2" HEIGHT="4" WC="0.17" CONTENT="dad"/><SP WIDTH="30" VPOS="1623" HPOS="1088"/>
							<String ID="string_210" HPOS="1118" VPOS="1623" WIDTH="71" HEIGHT="5" WC="0.0" CONTENT="sassrsr"/><SP WIDTH="30" VPOS="1623" HPOS="1189"/>
							<String ID="string_211" HPOS="1219" VPOS="1622" WIDTH="82" HEIGHT="5" WC="0.0" CONTENT="benens"/><SP WIDTH="19" VPOS="1622" HPOS="1301"/>
							<String ID="string_212" HPOS="1320" VPOS="1622" WIDTH="14" HEIGHT="5" WC="0.21" CONTENT="er"/><SP WIDTH="19" VPOS="1622" HPOS="1334"/>
							<String ID="string_213" HPOS="1353" VPOS="1622" WIDTH="48" HEIGHT="4" WC="0.0" CONTENT="see"/><SP WIDTH="56" VPOS="1622" HPOS="1401"/>
							<String ID="string_214" HPOS="1457" VPOS="1603" WIDTH="14" HEIGHT="18" WC="0.16" CONTENT="DV"/><SP WIDTH="116" VPOS="1603" HPOS="1471"/>
							<String ID="string_215" HPOS="1587" VPOS="1586" WIDTH="146" HEIGHT="48" WC="0.91" CONTENT="30,000:"/><SP WIDTH="28" VPOS="1586" HPOS="1733"/>
							<String ID="string_216" HPOS="1761" VPOS="1610" WIDTH="49" HEIGHT="5" WC="0.92" CONTENT="—"/>
						</TextLine>
						<TextLine ID="line_26" HPOS="1252" VPOS="1658" WIDTH="558" HEIGHT="46">
							<String ID="string_217" HPOS="1252" VPOS="1658" WIDTH="152" HEIGHT="37" WC="0.95" CONTENT="Summa"/><SP WIDTH="28" VPOS="1658" HPOS="1404"/>
							<String ID="string_218" HPOS="1432" VPOS="1659" WIDTH="63" HEIGHT="36" WC="0.93" CONTENT="Kr."/><SP WIDTH="30" VPOS="1659" HPOS="1495"/>
							<String ID="string_219" HPOS="1525" VPOS="1662" WIDTH="208" HEIGHT="42" WC="0.89" CONTENT="4,335,000:"/><SP WIDTH="29" VPOS="1662" HPOS="1733"/>
							<String ID="string_220" HPOS="1762" VPOS="1679" WIDTH="48" HEIGHT="4" WC="0.92" CONTENT="—"/>
						</TextLine>
					</TextBlock>
				</ComposedBlock>
				<ComposedBlock ID="cblock_9" HPOS="221" VPOS="1726" WIDTH="1185" HEIGHT="138">
					<TextBlock ID="block_9" HPOS="221" VPOS="1726" WIDTH="1185" HEIGHT="101">
						<TextLine ID="line_27" HPOS="221" VPOS="1726" WIDTH="1185" HEIGHT="50">
							<String ID="string_221" HPOS="221" VPOS="1730" WIDTH="98" HEIGHT="35" WC="0.96" CONTENT="visar"/><SP WIDTH="37" VPOS="1730" HPOS="319"/>
							<String ID="string_222" HPOS="356" VPOS="1729" WIDTH="69" HEIGHT="47" WC="0.96" CONTENT="sig,"/><SP WIDTH="38" VPOS="1729" HPOS="425"/>
							<String ID="string_223" HPOS="463" VPOS="1728" WIDTH="48" HEIGHT="36" WC="0.96" CONTENT="då"/><SP WIDTH="35" VPOS="1728" HPOS="511"/>
							<String ID="string_224" HPOS="546" VPOS="1728" WIDTH="181" HEIGHT="48" WC="0.96" CONTENT="beloppet"/><SP WIDTH="37" VPOS="1728" HPOS="727"/>
							<String ID="string_225" HPOS="764" VPOS="1727" WIDTH="39" HEIGHT="37" WC="0.96" CONTENT="af"/><SP WIDTH="30" VPOS="1727" HPOS="803"/>
							<String ID="string_226" HPOS="833" VPOS="1727" WIDTH="45" HEIGHT="36" WC="0.96" CONTENT="de"/><SP WIDTH="30" VPOS="1727" HPOS="878"/>
							<String ID="string_227" HPOS="908" VPOS="1727" WIDTH="222" HEIGHT="36" WC="0.93" CONTENT="meddelade"/><SP WIDTH="28" VPOS="1727" HPOS="1130"/>
							<String ID="string_228" HPOS="1158" VPOS="1726" WIDTH="248" HEIGHT="37" WC="0.91" CONTENT="förstärknin-"/>
						</TextLine>
						<TextLine ID="line_28" HPOS="271" VPOS="1777" WIDTH="1135" HEIGHT="87">
							<String ID="string_229" HPOS="271" VPOS="1792" WIDTH="116" HEIGHT="35" WC="0.96" CONTENT="garna"/><SP WIDTH="42" VPOS="1792" HPOS="387"/>
							<String ID="string_230" HPOS="429" VPOS="1780" WIDTH="69" HEIGHT="35" WC="0.96" CONTENT="och"/><SP WIDTH="43" VPOS="1780" HPOS="498"/>
							<String ID="string_231" HPOS="541" VPOS="1780" WIDTH="64" HEIGHT="35" WC="0.95" CONTENT="det"/><SP WIDTH="40" VPOS="1780" HPOS="605"/>
							<String ID="string_232" HPOS="645" VPOS="1780" WIDTH="183" HEIGHT="35" WC="0.96" CONTENT="kontanta"/><SP WIDTH="44" VPOS="1780" HPOS="828"/>
							<String ID="string_233" HPOS="872" VPOS="1778" WIDTH="163" HEIGHT="86" WC="0.96" CONTENT="förlaget"/><SP WIDTH="41" VPOS="1778" HPOS="1035"/>
							<String ID="string_234" HPOS="1076" VPOS="1779" WIDTH="58" HEIGHT="35" WC="0.92" CONTENT="till"/><SP WIDTH="40" VPOS="1779" HPOS="1134"/>
							<String ID="string_235" HPOS="1174" VPOS="1777" WIDTH="179" HEIGHT="37" WC="0.95" CONTENT="kontoret"/><SP WIDTH="42" VPOS="1777" HPOS="1353"/>
							<String ID="string_236" HPOS="1395" VPOS="1779" WIDTH="11" HEIGHT="34" WC="0.96" CONTENT="i"/>
						</TextLine>
					</TextBlock>
				</ComposedBlock>
				<ComposedBlock ID="cblock_10" HPOS="222" VPOS="1829" WIDTH="1600" HEIGHT="168">
					<TextBlock ID="block_10" HPOS="222" VPOS="1829" WIDTH="1600" HEIGHT="168">
						<TextLine ID="line_29" HPOS="272" VPOS="1829" WIDTH="1550" HEIGHT="44">
							<String ID="string_237" HPOS="272" VPOS="1830" WIDTH="151" HEIGHT="36" WC="0.78" CONTENT="Kalmar"/><SP WIDTH="58" VPOS="1830" HPOS="423"/>
							<String ID="string_238" HPOS="481" VPOS="1861" WIDTH="137" HEIGHT="5" WC="0.0" CONTENT=".occ.o.occ."/><SP WIDTH="97" VPOS="1861" HPOS="618"/>
							<String ID="string_239" HPOS="715" VPOS="1861" WIDTH="82" HEIGHT="5" WC="0.0" CONTENT="Uitssra"/><SP WIDTH="18" VPOS="1861" HPOS="797"/>
							<String ID="string_240" HPOS="815" VPOS="1861" WIDTH="15" HEIGHT="5" WC="0.19" CONTENT="saa"/><SP WIDTH="20" VPOS="1861" HPOS="830"/>
							<String ID="string_241" HPOS="850" VPOS="1860" WIDTH="14" HEIGHT="5" WC="0.13" CONTENT="arter"/><SP WIDTH="52" VPOS="1860" HPOS="864"/>
							<String ID="string_242" HPOS="916" VPOS="1861" WIDTH="14" HEIGHT="4" WC="0.13" CONTENT="ser"/><SP WIDTH="19" VPOS="1861" HPOS="930"/>
							<String ID="string_243" HPOS="949" VPOS="1860" WIDTH="49" HEIGHT="5" WC="0.21" CONTENT="arsa"/><SP WIDTH="18" VPOS="1860" HPOS="998"/>
							<String ID="string_244" HPOS="1016" VPOS="1860" WIDTH="60" HEIGHT="5" WC="0.10" CONTENT="snaran"/><SP WIDTH="30" VPOS="1860" HPOS="1076"/>
							<String ID="string_245" HPOS="1106" VPOS="1860" WIDTH="59" HEIGHT="5" WC="0.0" CONTENT="sanna"/><SP WIDTH="17" VPOS="1860" HPOS="1165"/>
							<String ID="string_246" HPOS="1182" VPOS="1825" WIDTH="23" HEIGHT="52" WC="0.11" CONTENT="ia"/><SP WIDTH="24" VPOS="1825" HPOS="1205"/>
							<String ID="string_247" HPOS="1229" VPOS="1860" WIDTH="4" HEIGHT="4" WC="0.13" CONTENT="sa"/><SP WIDTH="18" VPOS="1860" HPOS="1233"/>
							<String ID="string_248" HPOS="1251" VPOS="1860" WIDTH="49" HEIGHT="4" WC="0.17" CONTENT="anar"/><SP WIDTH="18" VPOS="1860" HPOS="1300"/>
							<String ID="string_249" HPOS="1318" VPOS="1860" WIDTH="81" HEIGHT="5" WC="0.0" CONTENT="nanna"/><SP WIDTH="56" VPOS="1860" HPOS="1399"/>
							<String ID="string_250" HPOS="1455" VPOS="1839" WIDTH="14" HEIGHT="20" WC="0.16" CONTENT="DV"/><SP WIDTH="31" VPOS="1839" HPOS="1469"/>
							<String ID="string_251" HPOS="1500" VPOS="1825" WIDTH="14" HEIGHT="52" WC="0.0" CONTENT="-"/><SP WIDTH="11" VPOS="1825" HPOS="1514"/>
							<String ID="string_252" HPOS="1525" VPOS="1829" WIDTH="208" HEIGHT="44" WC="0.8" CONTENT="2,030,000:"/><SP WIDTH="29" VPOS="1829" HPOS="1733"/>
							<String ID="string_253" HPOS="1762" VPOS="1847" WIDTH="60" HEIGHT="25" WC="0.86" CONTENT="—,"/>
						</TextLine>
						<TextLine ID="line_30" HPOS="222" VPOS="1860" WIDTH="1183" HEIGHT="87">
							<String ID="string_254" HPOS="222" VPOS="1898" WIDTH="234" HEIGHT="49" WC="0.91" CONTENT="fråndrages,"/><SP WIDTH="39" VPOS="1898" HPOS="456"/>
							<String ID="string_255" HPOS="495" VPOS="1904" WIDTH="55" HEIGHT="30" WC="0.96" CONTENT="att"/><SP WIDTH="40" VPOS="1904" HPOS="550"/>
							<String ID="string_256" HPOS="590" VPOS="1861" WIDTH="246" HEIGHT="73" WC="0.95" CONTENT="riksbankens"/><SP WIDTH="41" VPOS="1861" HPOS="836"/>
							<String ID="string_257" HPOS="877" VPOS="1860" WIDTH="220" HEIGHT="85" WC="0.91" CONTENT="låneförlag,"/><SP WIDTH="38" VPOS="1860" HPOS="1097"/>
							<String ID="string_258" HPOS="1135" VPOS="1900" WIDTH="122" HEIGHT="33" WC="0.96" CONTENT="såsom"/><SP WIDTH="38" VPOS="1900" HPOS="1257"/>
							<String ID="string_259" HPOS="1295" VPOS="1897" WIDTH="110" HEIGHT="36" WC="0.95" CONTENT="ofvan"/>
						</TextLine>
						<TextLine ID="line_31" HPOS="272" VPOS="1948" WIDTH="1539" HEIGHT="49">
							<String ID="string_260" HPOS="272" VPOS="1950" WIDTH="193" HEIGHT="44" WC="0.96" CONTENT="nämndes,"/><SP WIDTH="30" VPOS="1950" HPOS="465"/>
							<String ID="string_261" HPOS="495" VPOS="1949" WIDTH="119" HEIGHT="36" WC="0.96" CONTENT="under"/><SP WIDTH="28" VPOS="1949" HPOS="614"/>
							<String ID="string_262" HPOS="642" VPOS="1953" WIDTH="81" HEIGHT="32" WC="0.96" CONTENT="året"/><SP WIDTH="28" VPOS="1953" HPOS="723"/>
							<String ID="string_263" HPOS="751" VPOS="1953" WIDTH="47" HEIGHT="44" WC="0.96" CONTENT="på"/><SP WIDTH="29" VPOS="1953" HPOS="798"/>
							<String ID="string_264" HPOS="827" VPOS="1949" WIDTH="63" HEIGHT="35" WC="0.96" CONTENT="det"/><SP WIDTH="28" VPOS="1949" HPOS="890"/>
							<String ID="string_265" HPOS="918" VPOS="1949" WIDTH="84" HEIGHT="35" WC="0.95" CONTENT="hela"/><SP WIDTH="29" VPOS="1949" HPOS="1002"/>
							<String ID="string_266" HPOS="1031" VPOS="1949" WIDTH="180" HEIGHT="35" WC="0.96" CONTENT="minskats"/><SP WIDTH="29" VPOS="1949" HPOS="1211"/>
							<String ID="string_267" HPOS="1240" VPOS="1949" WIDTH="117" HEIGHT="36" WC="0.91" CONTENT="med"/><SP WIDTH="-28" VPOS="1949" HPOS="1357"/>
							<String ID="string_268" HPOS="1329" VPOS="1944" WIDTH="73" HEIGHT="57" WC="0.42" CONTENT="....."/><SP WIDTH="32" VPOS="1944" HPOS="1402"/>
							<String ID="string_269" HPOS="1434" VPOS="1948" WIDTH="61" HEIGHT="37" WC="0.93" CONTENT="Kr."/><SP WIDTH="30" VPOS="1948" HPOS="1495"/>
							<String ID="string_270" HPOS="1525" VPOS="1950" WIDTH="209" HEIGHT="43" WC="0.90" CONTENT="2,305,000:"/><SP WIDTH="29" VPOS="1950" HPOS="1734"/>
							<String ID="string_271" HPOS="1763" VPOS="1968" WIDTH="48" HEIGHT="4" WC="0.92" CONTENT="—"/>
						</TextLine>
					</TextBlock>
				</ComposedBlock>
				<ComposedBlock ID="cblock_11" HPOS="224" VPOS="2168" WIDTH="1603" HEIGHT="153">
					<TextBlock ID="block_11" HPOS="224" VPOS="2168" WIDTH="1603" HEIGHT="153">
						<TextLine ID="line_32" HPOS="324" VPOS="2168" WIDTH="1500" HEIGHT="51">
							<String ID="string_272" HPOS="324" VPOS="2170" WIDTH="16" HEIGHT="35" WC="0.87" CONTENT="I"/><SP WIDTH="29" VPOS="2170" HPOS="340"/>
							<String ID="string_273" HPOS="369" VPOS="2168" WIDTH="17" HEIGHT="48" WC="0.87" CONTENT="$"/><SP WIDTH="30" VPOS="2168" HPOS="386"/>
							<String ID="string_274" HPOS="416" VPOS="2173" WIDTH="42" HEIGHT="34" WC="0.95" CONTENT="21"/><SP WIDTH="32" VPOS="2173" HPOS="458"/>
							<String ID="string_275" HPOS="490" VPOS="2170" WIDTH="39" HEIGHT="36" WC="0.95" CONTENT="af"/><SP WIDTH="25" VPOS="2170" HPOS="529"/>
							<String ID="string_276" HPOS="554" VPOS="2176" WIDTH="125" HEIGHT="30" WC="0.93" CONTENT="senast"/><SP WIDTH="28" VPOS="2176" HPOS="679"/>
							<String ID="string_277" HPOS="707" VPOS="2170" WIDTH="141" HEIGHT="49" WC="0.92" CONTENT="afgifna"/><SP WIDTH="28" VPOS="2170" HPOS="848"/>
							<String ID="string_278" HPOS="876" VPOS="2170" WIDTH="392" HEIGHT="36" WC="0.91" CONTENT="revisionsberättelse"/><SP WIDTH="29" VPOS="2170" HPOS="1268"/>
							<String ID="string_279" HPOS="1297" VPOS="2171" WIDTH="119" HEIGHT="35" WC="0.96" CONTENT="finnes"/><SP WIDTH="27" VPOS="2171" HPOS="1416"/>
							<String ID="string_280" HPOS="1443" VPOS="2170" WIDTH="241" HEIGHT="49" WC="0.93" CONTENT="redogörelse"/><SP WIDTH="29" VPOS="2170" HPOS="1684"/>
							<String ID="string_281" HPOS="1713" VPOS="2174" WIDTH="111" HEIGHT="45" WC="0.92" CONTENT="angå-"/>
						</TextLine>
						<TextLine ID="line_33" HPOS="224" VPOS="2220" WIDTH="1603" HEIGHT="50">
							<String ID="string_282" HPOS="224" VPOS="2221" WIDTH="95" HEIGHT="36" WC="0.96" CONTENT="ende"/><SP WIDTH="28" VPOS="2221" HPOS="319"/>
							<String ID="string_283" HPOS="347" VPOS="2220" WIDTH="265" HEIGHT="50" WC="0.95" CONTENT="fördelningen"/><SP WIDTH="29" VPOS="2220" HPOS="612"/>
							<String ID="string_284" HPOS="641" VPOS="2222" WIDTH="137" HEIGHT="36" WC="0.96" CONTENT="mellan"/><SP WIDTH="29" VPOS="2222" HPOS="778"/>
							<String ID="string_285" HPOS="807" VPOS="2222" WIDTH="46" HEIGHT="35" WC="0.96" CONTENT="de"/><SP WIDTH="28" VPOS="2222" HPOS="853"/>
							<String ID="string_286" HPOS="881" VPOS="2222" WIDTH="182" HEIGHT="36" WC="0.96" CONTENT="särskilda"/><SP WIDTH="29" VPOS="2222" HPOS="1063"/>
							<String ID="string_287" HPOS="1092" VPOS="2222" WIDTH="186" HEIGHT="36" WC="0.96" CONTENT="kontoren"/><SP WIDTH="29" VPOS="2222" HPOS="1278"/>
							<String ID="string_288" HPOS="1307" VPOS="2221" WIDTH="40" HEIGHT="36" WC="0.96" CONTENT="af"/><SP WIDTH="24" VPOS="2221" HPOS="1347"/>
							<String ID="string_289" HPOS="1371" VPOS="2222" WIDTH="63" HEIGHT="35" WC="0.96" CONTENT="det"/><SP WIDTH="28" VPOS="2222" HPOS="1434"/>
							<String ID="string_290" HPOS="1462" VPOS="2221" WIDTH="57" HEIGHT="36" WC="0.93" CONTENT="för"/><SP WIDTH="28" VPOS="2221" HPOS="1519"/>
							<String ID="string_291" HPOS="1547" VPOS="2221" WIDTH="221" HEIGHT="48" WC="0.91" CONTENT="utgifvande"/><SP WIDTH="21" VPOS="2221" HPOS="1768"/>
							<String ID="string_292" HPOS="1789" VPOS="2221" WIDTH="38" HEIGHT="36" WC="0.96" CONTENT="af"/>
						</TextLine>
						<TextLine ID="line_34" HPOS="224" VPOS="2271" WIDTH="1598" HEIGHT="50">
							<String ID="string_293" HPOS="224" VPOS="2271" WIDTH="322" HEIGHT="50" WC="0.90" CONTENT="afbetalningslån"/><SP WIDTH="29" VPOS="2271" HPOS="546"/>
							<String ID="string_294" HPOS="575" VPOS="2272" WIDTH="154" HEIGHT="37" WC="0.92" CONTENT="afsedda"/><SP WIDTH="28" VPOS="2272" HPOS="729"/>
							<String ID="string_295" HPOS="757" VPOS="2273" WIDTH="153" HEIGHT="48" WC="0.96" CONTENT="belopp,"/><SP WIDTH="28" VPOS="2273" HPOS="910"/>
							<String ID="string_296" HPOS="938" VPOS="2273" WIDTH="133" HEIGHT="36" WC="0.96" CONTENT="sådant"/><SP WIDTH="28" VPOS="2273" HPOS="1071"/>
							<String ID="string_297" HPOS="1099" VPOS="2272" WIDTH="254" HEIGHT="37" WC="0.96" CONTENT="förhållandet"/><SP WIDTH="19" VPOS="2272" HPOS="1353"/>
							<String ID="string_298" HPOS="1372" VPOS="2285" WIDTH="65" HEIGHT="24" WC="0.96" CONTENT="var"/><SP WIDTH="19" VPOS="2285" HPOS="1437"/>
							<String ID="string_299" HPOS="1456" VPOS="2272" WIDTH="72" HEIGHT="36" WC="0.96" CONTENT="den"/><SP WIDTH="21" VPOS="2272" HPOS="1528"/>
							<String ID="string_300" HPOS="1549" VPOS="2274" WIDTH="47" HEIGHT="35" WC="0.96" CONTENT="30"/><SP WIDTH="14" VPOS="2274" HPOS="1596"/>
							<String ID="string_301" HPOS="1610" VPOS="2273" WIDTH="84" HEIGHT="47" WC="0.96" CONTENT="juni"/><SP WIDTH="22" VPOS="2273" HPOS="1694"/>
							<String ID="string_302" HPOS="1716" VPOS="2274" WIDTH="106" HEIGHT="35" WC="0.96" CONTENT="1887."/>
						</TextLine>
					</TextBlock>
				</ComposedBlock>
			</PrintSpace>
		</Page>
	</Layout>
</alto>
