2162 2626
663 202 118 33 Andra
804 200 217 42 lagutskottets
1043 199 169 32 utlåtande
1235 198 54 32 Nr
1312 200 54 29 40.
1771 194 38 31 11

320 288 52 35 På
413 286 119 48 grund
574 298 45 23 av
660 284 69 37 vad
761 283 152 36 sålunda
945 282 140 35 anförts
1117 280 56 36 får
1204 280 178 36 utskottet
1409 277 203 44 hemställa,
1641 279 54 33 att
1723 275 88 36 riks-

215 342 116 47 dagen
371 340 15 36 i
425 339 199 46 anledning
659 342 49 32 'av
750 338 219 35 motionerna
1006 348 44 22 nr
1090 338 33 40 2,
1167 337 44 33 13
1247 334 65 35 och
1345 335 45 33 15
1420 332 13 35 i
1461 331 114 37 andra
1603 330 211 35 kammaren

216 397 110 34 måtte
353 394 142 37 besluta

749 445 47 45 A)
826 447 53 32 att
906 443 56 36 för
991 443 56 36 sin
1076 443 59 34 del
1164 444 130 45 antaga
1321 440 160 49 följande

1137 546 189 41 LAG

644 638 235 41 angående
922 638 298 40 upphävande
1261 645 54 25 av
1356 635 118 34 vissa
1514 633 254 40 paragrafer

647 693 287 40 legostadgan
960 692 69 33 för
1054 690 257 35 husbönder
1334 690 82 33 och
1442 686 267 41 tjänstehjon
1729 686 86 33 den

979 745 62 34 23
1068 742 243 36 november
1345 742 135 34 1833.

753 847 221 46 Härigenom
1009 845 196 43 förordnas,
1242 846 53 32 att
1326 846 19 32 5
1376 843 22 45 $
1427 841 113 36 andra
1564 840 142 48 stycket
1726 842 92 32 samt

654 904 58 41 10,
751 904 58 40 11,
845 903 57 41 12,
937 902 59 41 14,
1032 902 57 40 15,
1125 900 58 42 16,
1217 900 44 32 17
1293 897 65 35 och
1387 898 48 33 49
1467 895 48 46 $$
1544 894 13 35 i
1585 893 233 47 legostadgan

650 955 56 36 för
721 950 218 39 husbönder
968 953 66 35 och
1062 951 220 49 tjänstehjon
1311 951 70 35 den
1412 952 46 32 23
1491 948 194 36 november
1716 948 99 34 1833

649 1009 99 35 skola
776 1008 162 47 upphöra
966 1009 53 33 att
1047 1006 104 47 gälla.

760 1171 128 33 Denna
922 1169 59 45 lag
1008 1168 120 35 träder
1157 1166 12 34 i
1197 1165 99 36 kraft
1324 1165 69 35 den
1425 1167 18 32 1
1472 1163 70 48 juli
1575 1164 110 34 1920.
1744 1162 76 33 Där

651 1223 13 34 i
700 1224 232 46 legostadgan
970 1221 87 34 eller
1089 1232 120 23 annan
1237 1217 216 48 författning
1481 1215 222 47 hänvisning
1731 1214 88 35 före-

649 1277 161 34 kommer
841 1275 58 36 till
930 1274 261 43 bestämmelse,
1222 1285 73 22 som
1324 1283 128 36 genom
1482 1270 120 35 denna
1629 1269 59 46 lag
1715 1267 106 36 blivit

649 1329 183 47 upphävd,
862 1341 83 23 vare
974 1326 266 47 hänvisningen
1268 1325 178 35 förfallen.

759 1490 41 46 B)
840 1492 52 32 att
929 1488 12 35 i
984 1488 173 35 skrivelse
1194 1486 56 35 till
1282 1486 135 47 Kungl.
1449 1484 107 48 Maj:t
1584 1481 154 44 anhålla,
1770 1484 52 32 att

654 1544 133 46 Kungl.
832 1543 106 48 Maj:t
980 1544 140 32 snarast
1159 1543 110 32 måtte
1306 1540 56 34 för
1398 1538 196 47 riksdagen
1623 1536 199 46 framlägga

653 1598 133 46 förslag
819 1609 56 23 om
914 1595 234 37 avskaffande
1185 1607 43 23 av
1262 1593 233 46 legostadgan
1529 1591 56 35 för
1616 1589 207 35 husbönder
1859 1595 3 2 '

655 1651 63 35 och
747 1650 220 49 tjänstehjon
997 1652 91 32 samt
1116 1647 56 35 till
1200 1660 44 22 en
1264 1647 206 35 densamma
1493 1643 218 44 ersättande,
1733 1642 90 34 efter

654 1703 127 36 nutida
808 1702 251 36 förhållanden
1088 1701 172 45 avpassad
1289 1698 248 48 lagstiftning;
1573 1699 92 33 samt

762 1757 40 45 C)
846 1759 51 31 att
939 1755 235 35 förevarande
1208 1752 183 44 motioner,
1421 1751 13 34 i
1463 1751 70 35 den
1562 1752 83 33 mån
1674 1749 44 34 de
1746 1747 80 36 icke

655 1811 123 34 kunna
807 1821 102 23 anses
936 1808 195 36 besvarade
1160 1819 124 32 genom
1316 1806 68 35 vad
1404 1804 178 36 utskottet
1601 1814 92 24 ovan
1711 1802 115 34 under

656 1864 46 45 A)
737 1864 65 34 och
835 1863 43 44 B)
912 1862 195 43 hemställt,
1138 1860 78 35 icke
1246 1862 109 33 måtte
1382 1858 55 35 till
1466 1860 117 43 någon
1613 1855 213 46 riksdagens

659 1918 125 45 åtgärd
813 1916 193 35 föranleda.
1665 1914 7 6 ”

339 2025 205 36 Stockholm
574 2026 70 34 den
675 2028 47 32 20
755 2023 66 46 maj
859 2025 108 32 1920.

703 2131 49 33 På
781 2129 111 35 andra
923 2127 252 44 lagutskottets
1204 2131 150 40 vägnar:

766 2234 136 35 AXEL
930 2242 72 27 von
1032 2232 261 35 SNEIDERN.
