2218 2618
395 179 39 30 10
681 180 109 32 Andra
814 181 192 29 kammarens
1021 181 108 36 första
1151 180 163 36 tillfälliga
1337 179 131 30 utskotts
1492 179 159 29 utlåtande
1673 179 47 29 Nr
1742 178 49 30 13.

396 259 78 36 Och
518 259 123 36 denna
683 258 320 47 allmänbildning,
1049 270 77 23 som
1156 258 251 46 grundlägges
1436 257 12 35 i
1476 257 211 36 realskolan
1713 257 90 35 eller
1831 257 76 35 före
1935 257 53 36 in-

395 313 120 35 trädet
556 314 13 33 i
603 313 247 48 gymnasium,
882 324 109 35 synes
1019 311 206 43 förutsätta,
1258 315 53 31 att
1339 312 239 34 läroämnena
1607 311 62 36 vid
1699 311 45 35 de
1770 310 99 35 olika
1898 311 90 35 läro-

396 366 138 35 verken
575 367 14 35 i
630 368 128 45 regeln
799 372 61 30 äro
891 367 198 42 desamma,
1135 364 187 36 äfvensom
1353 367 54 32 att
1434 364 261 35 lärokurserna
1724 363 31 48 ej
1788 364 201 47 väsentligt

397 419 109 48 skilja
549 420 56 47 sig
643 421 81 34 från
768 420 221 43 hvarandra,
1019 421 114 44 något
1162 430 75 23 som
1266 417 158 47 kraftigt
1451 417 222 36 framhållits
1702 418 101 35 såväl
1834 417 40 35 af
1897 418 91 35 läro-

396 473 332 36 verkskommittén
771 486 77 23 som
891 473 63 36 vid
997 473 101 35 detta
1141 472 154 35 ärendes
1335 471 230 47 behandling
1598 471 13 35 i
1639 471 203 47 riksdaged
1875 473 110 33 1904.

395 526 166 36 Härmed
604 527 65 36 vill
710 528 184 35 utskottet
922 525 32 49 ej
989 525 111 37 hafva
1129 529 92 42 sagt,
1252 528 55 32 att
1335 526 45 34 de
1408 525 217 36 nuvarande
1653 517 238 43 läroämnena
1920 525 68 34 och

395 580 260 36 lärokurserna
692 581 13 34 i
732 580 213 36 realskolan
971 579 90 35 böra
1089 579 172 35 förblifva
1289 578 173 47 gällande
1490 579 57 34 för
1576 579 71 34 alla
1675 578 107 44 tider,
1814 590 86 22 men
1928 578 60 35 väl

397 636 54 33 att
479 635 44 34 de
552 634 13 35 i
593 635 129 46 regeln
749 634 89 36 böra
867 645 88 25 vara
982 632 183 35 likartade
1191 631 63 37 vid
1274 631 172 47 samtliga
1466 631 172 36 läroverk
1653 634 95 33 samt
1767 631 33 48 ej
1822 630 166 47 onödigt-

397 686 56 36 vis
493 688 145 44 ändras,
681 688 117 35 innan
841 699 46 24 en
928 686 169 36 bestämd
1126 685 97 36 åsikt
1260 685 161 36 utbildat
1448 685 57 47 sig
1534 697 69 32 om,
1635 685 98 35 hvad
1763 697 77 23 som
1869 685 120 34 under

397 740 127 49 hvarje
566 741 191 36 tidsskede
799 747 40 29 är
881 743 54 33 att
968 752 87 23 anse
1084 741 119 34 såsom
1232 739 309 46 grundläggande
1570 739 56 35 för
1655 739 71 34 den
1757 738 230 47 medborger-

396 794 75 46 liga
499 794 182 47 bildning,
712 794 212 36 realskolan
948 793 96 36 afser
1073 795 54 33 att
1154 792 111 47 gifva.

502 848 134 35 Denna
679 847 232 47 enhetlighet
951 847 13 35 i
995 846 228 36 realskolans
1253 846 391 46 undervisningsplan,
1675 857 77 24 som
1781 845 13 35 i
1823 845 167 46 enlighet

398 902 82 34 med
530 904 100 32 1904
665 904 57 32 års
750 900 297 48 riksdagsbeslut
1076 901 68 34 och
1173 900 72 35 den
1274 900 115 46 därpå
1417 900 192 46 grundade
1638 899 352 46 läroverksstadgan

396 954 245 36 förekommer
682 955 63 35 vid
788 958 140 32 statens
969 953 183 45 läroverk,
1197 953 68 35 och
1294 952 155 37 hvilken
1477 952 184 36 utskottet
1690 964 109 24 anser
1826 964 89 24 vara
1944 964 45 22 en

396 1007 182 49 förtjänst,
621 1009 181 35 utesluter
844 1006 205 37 emellertid
1087 1007 31 47 ej
1163 1010 53 32 att
1258 1006 63 36 vid
1364 1009 53 32 ett
1449 1006 90 35 eller
1568 1008 114 33 annat
1708 1005 173 36 läroverk
1909 1005 85 47 prof

397 1061 127 36 kunna
552 1067 119 41 göras,
702 1074 77 23 som
808 1062 178 35 innebära
1015 1072 46 23 en
1092 1060 141 35 mindre
1262 1059 181 37 afvikelse
1470 1059 83 35 från
1582 1060 72 34 den
1683 1060 188 34 allmänna
1898 1060 90 34 läro-

398 1115 146 46 planen.
601 1116 72 35 För
713 1115 232 36 närvarande
997 1113 163 47 försiggå
1197 1114 157 34 sålunda
1396 1112 31 48 ej
1458 1112 95 36 blott
1580 1113 65 35 vid
1672 1124 74 36 nya
1775 1112 216 35 elementar-

399 1169 130 35 skolan
571 1169 12 34 i
624 1169 212 35 Stockholm
877 1172 91 32 utan
1005 1167 70 35 ock
1104 1167 63 36 vid
1196 1166 207 47 Göteborgs
1432 1167 114 46 högre
1575 1165 250 36 realläroverk
1852 1165 136 43 försök,

399 1235 75 22 som
518 1222 77 35 afse
640 1226 53 32 att
734 1226 135 32 utröna
910 1220 267 47 lämpligheten
1219 1220 41 35 af
1298 1223 54 32 att
1394 1219 13 35 1
1445 1219 116 36 första
1594 1219 151 35 klassen
1773 1218 104 48 börja
1907 1219 83 34 med

399 1276 177 46 engelska
605 1275 151 47 språket
784 1276 14 35 i
826 1275 125 36 stället
978 1275 56 35 för
1061 1273 121 49 tyska.
1242 1273 80 36 Och
1352 1286 138 23 samma
1520 1272 242 47 omläggning
1791 1273 40 34 af
1857 1278 133 29 ämnen

397 1330 247 35 förekommer
687 1329 61 36 vid
791 1329 32 48 ej
869 1329 142 35 mindre
1050 1333 47 30 än
1126 1327 57 49 sju
1213 1327 40 35 af
1277 1328 46 34 de
1353 1326 170 36 enskilda
1551 1326 221 36 läroverken
1802 1326 69 35 och
1900 1338 90 23 sam-

399 1383 183 44 skolorna,
626 1382 127 37 hvilka
797 1382 174 47 gifvetvis
1012 1381 113 36 hafva
1153 1383 113 44 något
1295 1384 116 33 större
1439 1379 262 45 rörelsefrihet,
1733 1385 46 29 än
1809 1391 77 24 som
1915 1379 75 35 kan

399 1449 86 24 vara
512 1436 172 48 lämpligt
710 1437 56 35 för
796 1439 140 33 statens
963 1435 182 36 läroverk.

501 1490 79 35 Vill
623 1502 85 23 man
747 1489 174 36 fasthålla
963 1489 63 35 vid
1059 1487 191 48 principen
1295 1500 58 23 om
1392 1486 242 37 undvikande
1663 1486 40 35 af
1728 1486 123 36 alltför
1874 1485 117 47 tidiga

398 1544 60 35 val
498 1544 40 35 af
577 1543 303 47 studieriktning,
925 1545 39 33 så
1006 1554 110 36 synes
1160 1541 232 47 enhetlighet
1432 1541 13 35 i
1481 1540 230 36 realskolans
1740 1539 252 47 organisation

399 1597 68 35 och
504 1597 382 47 undervisningsplan
926 1608 87 24 vara
1041 1594 226 47 nödvändig.
1326 1595 18 35 TI
1374 1595 100 35 detta
1504 1593 174 36 afseende
1707 1596 119 45 yttrar
1854 1593 57 46 sig
1940 1604 50 23 se-

399 1654 104 32 naste
544 1650 414 37 läroverkskommittén
999 1649 171 36 sålunda:
1219 1649 93 35 »För
1355 1647 110 48 öfrigt
1506 1653 40 30 är
1586 1647 221 47 uppenbart,
1847 1648 55 34 att
1930 1646 62 35 det

400 1705 83 35 med
524 1704 147 48 hänsyn
712 1704 57 36 till
797 1704 101 36 valet
926 1703 40 35 af
991 1702 291 47 studieriktning
1311 1702 69 36 och
1407 1702 58 35 till
1493 1701 302 36 förekommande
1826 1699 40 35 af
1890 1698 100 37 miss-

399 1764 63 41 tag
496 1757 225 36 därutinnan
755 1760 116 33 måste
899 1757 113 36 verka
1041 1756 201 36 hälsosamt
1271 1756 31 48 ej
1333 1755 95 36 blott
1455 1755 57 35 för
1539 1754 194 37 individen
1761 1756 92 33 utan
1883 1752 108 36 äfven

399 1811 56 35 för
495 1811 229 36 läroverkets
758 1810 282 47 undervisning,
1072 1813 53 32 att
1154 1810 100 35 detta
1283 1809 62 36 val
1373 1808 222 48 uppskjutes
1624 1810 63 34 två
1717 1810 39 33 år
1783 1807 130 46 längre
1943 1812 46 29 än

399 1877 62 31 nu,
492 1865 90 35 eller
610 1865 58 35 till
696 1877 46 23 en
773 1865 115 44 ålder,
918 1865 46 34 då
992 1862 196 49 lärjungen
1217 1862 95 49 själf,
1344 1863 93 35 hans
1466 1862 181 35 målsman
1672 1862 68 35 och
1760 1861 94 35 hans
1874 1860 117 36 lärare

398 1918 119 36 bättre
558 1918 71 36 fått
669 1918 78 36 lära
788 1918 126 35 känna
956 1921 105 32 arten
1089 1917 40 35 af
1153 1917 92 35 hans
1275 1917 122 46 anlag,
1428 1921 47 30 än
1503 1916 100 36 hvad
1632 1927 74 24 som
1738 1914 94 36 efter
1861 1914 131 35 endast

397 1974 56 33 tre
481 1971 161 36 klassers
671 1972 281 47 genomgående
982 1976 39 30 är
1049 1970 177 49 möjligt.»

503 2025 90 35 Men
621 2025 233 36 uniformitet
880 2025 14 35 i
922 2024 230 36 realskolans
1181 2024 102 35 såväl
1312 2022 253 48 organisation
1589 2034 76 24 som
1687 2020 304 46 undervisnings-

399 2079 87 46 plan
515 2083 40 30 är
584 2080 112 35 också
724 2078 227 47 nödvändig,
982 2090 57 23 om
1070 2078 263 36 skolväsendet
1362 2077 66 35 allt
1454 2076 83 35 från
1565 2075 213 36 folkskolan
1807 2073 96 36 skall
1932 2084 61 23 en-

399 2131 134 47 hetligt
575 2132 128 36 kunna
744 2133 147 43 ordnas,
932 2132 68 35 och
1030 2132 63 35 det
1121 2131 74 36 ofta
1232 2130 167 36 uttalade
1433 2129 232 36 önskemålet
1692 2141 57 23 om
1779 2126 212 36 folkskolan

400 2187 117 34 såsom
546 2185 237 37 bottenskola
813 2186 97 35 skall
937 2186 129 35 kunna
1085 2185 243 47 genomföras.
1373 2183 131 36 Redan
1523 2194 52 24 nu
1599 2182 123 48 börjar
1742 2182 102 34 detta
1863 2179 129 36 önske-

400 2239 72 36 mål
506 2239 13 36 i
548 2239 75 36 viss
653 2242 85 33 mån
766 2239 245 46 förverkligas
1041 2250 131 35 genom
1204 2238 44 35 de
1277 2236 239 38 kommunala
1545 2237 69 35 och
1643 2234 172 37 enskilda
1843 2233 150 36 mellan-

1951 2326 11 13 LJ
