1886 2798
252 144 20 31 2
645 150 378 31 Jordbruksutskottets
1049 150 175 31 utlåtande
1253 160 42 21 nr
1318 150 48 30 18.

258 228 66 30 och
342 228 40 30 41
403 227 53 31 till
474 228 92 30 årets
586 228 143 39 riksdag
749 229 163 29 närmare
931 228 176 30 utvecklat
1128 230 77 28 rent
1224 228 214 40 principiellt
1460 237 42 21 av
1521 228 68 30 den
1608 228 157 40 uppfatt-

257 279 142 39 ningen,
422 280 50 28 att
494 278 133 30 sådana
647 279 189 29 kostnader
857 278 212 30 åtminstone
1091 278 109 30 delvis
1220 279 86 29 böra
1327 280 128 28 stanna
1476 279 20 29 å
1518 278 245 39 skogsägaren.

258 329 205 30 Emellertid
480 329 195 39 föreligger,
694 329 115 30 såsom
831 329 148 38 tidigare
997 329 224 34 framhållits,
1240 329 56 29 för
1316 329 220 30 närvarande
1554 329 77 30 icke
1649 329 115 39 någon

259 379 199 40 skyldighet
482 379 56 30 för
567 380 208 38 skogsägare
801 381 51 28 att
879 379 139 39 vidtaga
1043 379 160 39 åtgärder
1232 389 43 20 av
1300 379 269 38 ifrågavarande
1594 381 65 28 art.
1686 379 78 30 Med

255 431 140 39 hänsyn
419 431 118 30 härtill
560 431 65 29 och
648 431 44 30 då
713 432 41 29 de
780 431 233 29 förenämnda
1034 431 11 29 i
1069 432 263 39 propositionen
1354 441 42 19 nr
1420 431 41 30 34
1485 431 201 39 föreslagna
1707 431 56 29 be-

258 480 269 30 stämmelserna
553 481 130 28 avsetts
709 481 50 28 att
788 480 103 29 träda
915 480 11 29 i
952 480 96 29 kraft
1074 480 90 29 först
1189 480 58 29 vid
1272 480 175 39 ingången
1474 489 42 21 av
1544 480 94 34 1949,
1665 480 98 29 torde

257 530 302 40 förutsättningen
578 530 56 30 för
652 532 50 28 att
723 531 41 29 de
782 539 49 20 nu
850 530 155 30 aktuella
1024 530 271 40 bekämpnings-
1314 530 65 30 och
1398 530 367 39 kontrollåtgärderna

257 581 146 30 komma
422 580 53 30 till
497 580 189 30 utförande
707 590 93 25 vara,
823 582 51 28 att
898 581 41 29 de
962 581 167 39 antingen
1152 581 59 29 ske
1232 580 46 41 på
1303 580 268 40 frivillighetens
1594 581 66 39 väg
1681 581 82 29 eller

258 638 126 32 genom
407 631 292 30 statsmakternas
720 631 148 39 försorg.
889 631 53 30 Då
966 631 11 29 i
998 631 229 30 förevarande
1249 631 64 29 fall
1337 631 119 29 risken
1478 631 55 30 för
1556 631 208 39 härjningar

257 691 44 21 av
318 681 211 30 katastrofal
550 683 106 28 natur
673 681 111 30 måste
803 681 167 30 bedömas
993 681 115 30 såsom
1127 681 139 39 mycket
1288 683 72 28 stor
1379 681 65 30 och
1463 681 116 40 någon
1602 681 163 31 säkerhet

257 732 78 30 icke
353 732 185 39 föreligger
557 733 51 29 att
627 731 228 40 erforderliga
877 731 294 40 skyddsåtgärder
1189 732 46 40 på
1254 733 109 28 annat
1384 732 69 30 sätt
1471 732 169 39 vidtagas,
1662 740 102 22 anser

256 782 61 40 jag
339 783 58 29 det
421 782 185 30 motiverat
628 783 51 30 att
702 782 275 30 statsmakterna
1004 782 112 38 själva
1137 782 71 30 låta
1230 782 191 30 verkställa
1445 782 132 30 sådana
1603 783 161 38 åtgärder

258 833 66 29 och
346 834 88 28 även
458 833 71 29 helt
550 832 146 30 bekosta
720 832 191 30 desamma.
933 832 66 30 Det
1020 832 58 30 må
1099 832 90 30 dock
1210 833 237 38 uttryckligen
1471 833 219 34 framhållas,
1714 834 51 28 att

257 883 98 30 detta
382 883 76 30 icke
486 883 56 30 får
572 883 179 29 betraktas
780 883 117 29 såsom
927 883 290 39 prejudicerande
1249 883 56 29 för
1334 883 189 30 framdeles
1551 883 214 39 ifrågakom-

257 934 129 29 mande
407 934 161 39 åtgärder
588 943 43 20 av
651 933 166 30 liknande
839 933 84 39 slag.
945 933 71 29 Mot
1036 933 41 30 de
1102 933 12 29 i
1135 934 144 31 ärendet
1299 933 215 31 verkställda
1536 934 229 29 kostnadsbe-

258 985 250 39 räkningarna,
530 984 95 31 vilka
647 984 92 30 sluta
760 985 20 29 å
800 985 11 29 i
832 986 84 28 runt
937 985 49 29 tal
1008 984 63 30 486
1086 984 63 30 000
1170 985 142 34 kronor,
1334 985 100 29 torde
1456 985 75 30 icke
1553 994 85 21 vara
1660 985 105 39 något

258 1037 51 28 att
348 1035 163 30 invända.
550 1035 54 30 Då
641 1035 271 39 bekämpnings-
939 1035 65 30 och
1031 1035 367 39 kontrollåtgärderna
1426 1035 85 31 böra
1539 1036 144 29 komma
1711 1035 51 30 till

259 1086 104 30 stånd
385 1086 109 29 redan
516 1086 113 29 under
652 1086 148 39 löpande
822 1086 170 38 budgetår
1014 1095 81 20 men
1118 1086 108 39 några
1249 1086 113 30 medel
1386 1086 56 29 för
1465 1086 200 29 ändamålet
1688 1086 76 29 icke

258 1136 55 30 stå
335 1136 55 30 till
411 1136 218 39 förfogande,
653 1145 102 29 synes
776 1135 253 39 ofrånkomligt
1055 1137 50 28 att
1128 1137 48 28 ett
1199 1135 125 40 belopp
1347 1145 43 21 av
1413 1136 242 39 nyssnämnda
1678 1137 87 28 stor-

258 1187 57 30 lek
340 1187 104 29 äskas
469 1187 20 29 å
511 1187 211 39 tilläggsstat
745 1187 12 29 i
781 1187 92 29 form
900 1196 41 20 av
965 1188 47 28 ett
1039 1186 141 30 särskilt
1206 1187 131 38 anslag.
1363 1187 175 39 Anslaget,
1567 1197 74 19 som
1666 1187 98 29 torde

257 1237 86 29 böra
364 1237 95 39 givas
479 1237 169 29 karaktär
669 1246 42 20 av
731 1236 368 38 reservationsanslag,
1122 1245 102 30 synes
1246 1236 86 30 böra
1351 1236 193 30 benämnas
1568 1237 197 38 Skogsvård

257 1296 46 20 m.
322 1296 63 20 m.:
409 1287 197 29 Kostnader
623 1287 55 29 för
696 1286 161 39 åtgärder
874 1288 74 28 mot
969 1286 240 39 skadegörelse
1228 1296 43 20 av
1290 1287 271 38 skogsinsekter.
1583 1287 66 30 Det
1666 1287 98 30 torde

257 1337 38 30 få
317 1338 192 29 ankomma
532 1337 20 29 å
576 1337 126 39 Kungl.
726 1336 106 40 Maj:t
855 1338 51 28 att
931 1336 160 30 meddela
1114 1337 41 29 de
1181 1337 164 30 närmare
1369 1337 223 30 föreskrifter
1615 1338 149 29 rörande

257 1389 177 37 anslagets
456 1388 208 39 disposition
687 1396 73 21 som
782 1387 58 30 må
861 1387 162 29 befinnas
1045 1388 259 39 erforderliga.»

304 1464 186 30 Utskottet.
519 1463 78 30 Med
623 1464 138 38 hänsyn
788 1463 54 29 till
870 1463 67 29 den
965 1463 194 39 betydande
1186 1464 215 39 omfattning
1427 1465 268 39 skadegörelsen
1725 1475 41 20 av

256 1514 157 29 insekter
434 1514 95 29 inom
553 1514 41 29 de
616 1514 147 29 berörda
785 1514 191 29 områdena
999 1514 76 29 nått
1100 1516 89 27 samt
1210 1515 77 28 icke
1308 1515 109 29 minst
1441 1516 66 29 den
1529 1517 95 29 stora
1646 1516 119 29 risken

258 1565 56 28 för
341 1564 221 29 insekternas
591 1564 186 39 spridande
804 1564 53 29 till
885 1564 243 39 angränsande
1155 1565 168 29 områden
1350 1565 117 29 finner
1497 1567 171 29 utskottet
1695 1567 71 29 lika

257 1614 81 29 med
364 1614 387 40 departementschefen
778 1614 225 39 nödvändigt,
1032 1616 49 28 att
1109 1615 271 39 bekämpnings-
1406 1616 64 29 och
1496 1617 270 38 kontrollåtgär-

257 1665 62 29 der
342 1665 215 29 omedelbart
579 1665 168 38 vidtagas.
774 1665 177 29 Utskottet
974 1665 95 29 delar
1090 1665 132 39 jämväl
1248 1665 408 39 departementschefens
1680 1675 86 31 upp-

256 1715 166 39 fattning,
446 1717 50 27 att
519 1715 274 29 statsmakterna
816 1715 113 39 själva
952 1715 98 30 skola
1071 1716 71 29 låta
1166 1716 189 30 verkställa
1378 1716 208 39 åtgärderna
1608 1718 65 28 och
1694 1717 71 29 helt

257 1766 147 29 bekosta
425 1766 111 29 dessa.
558 1766 72 29 Mot
652 1766 174 29 storleken
850 1774 42 21 av
912 1766 56 29 det
992 1766 128 29 äskade
1143 1766 160 40 beloppet
1326 1767 65 29 har
1411 1768 171 29 utskottet
1605 1768 87 29 intet
1716 1769 49 28 att

258 1816 127 29 erinra.
407 1816 176 29 Utskottet
603 1816 193 39 tillstyrker
818 1816 132 34 därför,
971 1818 50 27 att
1042 1816 57 30 det
1118 1817 11 28 i
1149 1817 263 39 propositionen
1432 1817 150 39 begärda
1606 1818 160 39 beloppet

257 1866 64 29 486
337 1866 63 29 000
422 1866 130 29 kronor
575 1867 140 29 anvisas
738 1867 20 28 å
779 1866 210 39 tilläggsstat
1012 1867 54 29 för
1091 1867 203 38 budgetåret
1321 1867 160 36 1947/48.

303 1916 118 29 Under
442 1917 219 39 åberopande
681 1926 42 20 av
742 1917 57 29 det
818 1917 150 29 anförda
986 1917 201 29 hemställer
1206 1918 182 33 utskottet,

616 2002 50 28 att
694 2001 188 38 riksdagen
909 2001 58 29 må

617 2051 49 29 till
690 2051 199 40 Skogsvård
913 2061 46 20 m.
982 2061 63 20 m.:
1067 2052 198 29 Kostnader
1287 2052 57 39 för
1366 2052 162 39 åtgärder
1548 2055 74 26 mot
1644 2052 122 29 skade-

568 2102 133 38 görelse
725 2111 43 20 av
792 2102 262 39 skogsinsekter
1081 2102 20 30 å
1125 2102 210 39 tilläggsstat
1361 2103 29 28 II
1416 2103 52 29 till
1494 2103 192 30 riksstaten
1710 2102 55 30 för

571 2152 205 38 budgetåret
823 2152 151 35 1947/48
1019 2153 120 29 anvisa
1184 2155 47 27 ett
1277 2162 154 21 reserva-

571 2203 216 39 tionsanNsläg
824 2212 43 20 AV
912 2226 515 7 moseeeserererererrerese
1332 2199 99 48 reses
1458 2203 64 30 486
1537 2203 62 30 000
1625 2204 140 29 kronor.

304 2286 202 29 Stockholm
529 2287 68 28 den
621 2287 18 28 8
661 2287 87 39 april
775 2287 94 29 1948.

700 2370 48 30 På
769 2371 384 38 jordbruksutskottets
1176 2372 146 37 vägnar:

846 2454 37 30 L.
912 2454 266 30 TJÄLLGREN.
