1890 2834
108 568 141 27 Utskottet.

303 151 41 31 36
735 148 297 35 Statsutskottets
1050 148 186 35 utlåtande
1255 148 55 35 Nr
1327 151 34 31 8.

306 233 26 30 1.
368 231 188 41 Inredning
570 231 63 32 och
647 231 197 40 utrustning
860 241 43 22 av
917 230 263 41 tjänstelokaler,
1193 229 272 42 konserverings-

368 284 126 33 anstalt
516 284 62 32 och
601 284 182 32 lunchrum
811 309 654 7 ......so..ss.sssssse
1321 280 42 47 ss
1374 280 95 47 sort
1490 283 125 31 kronor
1663 283 119 38 15,000

303 339 28 31 2.
367 338 190 41 Inredning
578 338 64 32 och
667 337 195 41 utrustning
886 347 43 23 av
946 337 238 32 museilokaler
1199 340 89 29 samt
1303 336 163 41 flyttning

367 402 42 22 av
435 391 295 41 museisamlingår
758 416 703 7 .....sssssesserrs
1183 387 72 49 ses
1266 387 41 49 ss
1318 387 44 49 rs
1373 387 41 49 ss
1428 387 38 49 sa
1552 400 12 15 >
1640 390 141 36 110,000

1311 453 145 32 Summa
1489 452 123 31 kronor
1638 452 151 38 125,000.

345 571 184 38 Utskottet,
562 581 73 22 som
659 570 184 41 tillstyrker
866 569 130 42 Kungl.
1022 569 113 41 Maj:ts
1159 568 130 42 förslag
1311 579 56 21 om
1392 568 188 33 anvisande
1603 578 43 22 av
1672 568 119 39 15,000

301 625 125 32 kronor
460 623 52 33 till
544 624 185 41 inredning
763 623 62 33 och
860 623 201 41 utrustning
1083 634 42 22 av
1149 622 256 42 tjänstelokaler
1429 633 45 21 m.
1499 633 56 27 m.,
1579 623 178 31 förväntar
1780 621 9 32 i

300 678 106 32 likhet
441 677 80 33 med
554 677 386 42 departementschefen,
977 679 48 29 att
1058 676 98 32 dessa
1190 675 137 33 arbeten
1352 676 120 31 kunna
1495 674 189 33 fullbordas
1708 678 81 28 utan

298 731 198 42 ytterligare
519 731 82 32 krav
625 732 44 40 på
694 730 315 41 medelsanvisning
1031 730 53 31 för
1107 729 196 32 ändamålet
1324 730 78 31 från
1427 728 57 33 det
1499 728 191 32 allmännas
1706 728 82 32 sida.

342 785 50 32 De
421 795 43 22 av
489 784 199 33 akademien
713 783 193 33 beräknade
930 783 228 32 kostnaderna
1182 784 53 31 för
1258 782 246 41 överflyttande
1527 793 41 21 av
1593 782 196 31 museisam-

298 839 158 42 lingarna
490 838 50 32 till
574 838 41 32 de
650 848 70 31 nya
753 837 175 32 lokalerna
962 836 157 33 förefalla
1153 837 166 31 utskottet
1341 835 324 42 anmärkningsvärt
1689 835 98 41 höga.

298 892 77 32 Med
410 892 137 41 hänsyn
579 891 51 32 till
658 890 383 42 kostnadskalkylernas
1070 890 274 42 approximativa
1368 889 237 32 beskaffenhet
1628 888 95 32 torde
1746 906 42 3 —

296 948 113 30 såsom
445 945 374 42 departementschefen
854 944 190 32 framhållit
1078 960 42 4 —
1153 943 163 41 ställning
1343 943 129 33 varken
1497 942 117 32 kunna
1637 941 81 33 eller
1740 953 47 20 nu

296 999 81 32 böra
399 1002 98 39 tagas
521 999 50 32 till
594 998 41 32 de
660 998 92 32 olika
775 998 11 31 i
810 998 98 31 dessa
932 997 153 41 kalkyler
1107 996 168 42 ingående
1299 995 391 42 detaljberäkningarna.
1723 994 66 33 Till

296 1052 392 42 departementschefens
712 1051 136 42 förslag,
870 1053 50 29 att
944 1052 44 40 på
1011 1050 168 42 grundval
1203 1061 42 21 av
1270 1050 63 32 den
1358 1049 234 41 föreliggande
1616 1049 172 31 utrednin-

296 1118 64 30 gen
395 1107 107 31 fixera
535 1109 46 29 ett
615 1105 218 42 totalbelopp,
865 1115 75 21 som
964 1104 201 32 akademien
1189 1103 63 32 har
1275 1106 50 29 att
1347 1103 157 41 påräkna
1526 1113 42 22 av
1592 1101 196 33 statsmedel

295 1161 53 31 för
381 1159 262 42 ifrågavarande
679 1158 171 39 ändamål,
879 1157 62 33 vill
965 1158 162 31 utskottet
1150 1157 80 41 giva
1253 1157 54 32 sin
1330 1156 201 41 anslutning
1554 1155 109 32 under
1686 1156 101 31 fram-

295 1213 160 33 hållande
479 1224 43 21 av
545 1216 48 29 att
615 1212 203 32 akademien
841 1212 75 32 icke
940 1211 63 32 har
1025 1214 49 28 att
1096 1211 107 31 räkna
1227 1210 77 32 med
1327 1212 106 39 något
1455 1209 194 42 ytterligare
1667 1209 120 41 anslag

295 1278 41 22 av
360 1266 198 33 statsmedel
580 1269 120 29 utöver
724 1265 55 32 det
802 1264 145 33 sålunda
970 1264 149 41 angivna
1142 1263 168 41 beloppet.
1348 1263 176 33 Utskottet
1539 1262 59 33 vill
1613 1263 74 31 icke
1704 1266 82 28 mot-

295 1323 86 30 sätta
416 1320 62 41 sig,
503 1322 48 29 att
574 1318 153 33 nämnda
750 1318 123 41 belopp
897 1334 44 5 —
965 1320 129 30 oavsett
1116 1317 231 32 kostnaderna
1370 1317 55 31 för
1448 1316 181 41 inredning
1653 1326 43 22 av
1719 1319 66 29 stu-

295 1373 287 41 diesamlingarna
615 1389 44 4 —
694 1372 11 32 i
738 1371 148 42 enlighet
911 1370 78 33 med
1013 1370 391 42 departementschefens
1428 1369 129 42 förslag
1578 1369 206 33 bestämmes

294 1427 49 32 till
374 1427 147 39 400,000
548 1427 134 31 kronor.
731 1425 173 33 Utskottet
938 1425 184 38 förväntar,
1158 1426 48 30 att
1241 1423 202 32 akademien
1476 1423 59 32 vid
1563 1434 41 21 en
1627 1428 157 27 närmare

293 1480 320 43 detaljgranskning
647 1490 44 22 av
726 1478 364 41 kostnadskalkylerna
1123 1477 99 39 skall,
1257 1477 78 32 med
1369 1477 220 41 iakttagande
1612 1487 44 22 av
1679 1476 106 42 nödig

293 1535 213 41 sparsamhet
539 1534 62 32 och
631 1533 12 32 i
666 1533 92 32 vissa
781 1532 60 32 fall
865 1532 207 40 beskärning
1095 1542 42 21 av
1161 1531 203 41 anspråken,
1389 1530 119 32 kunna
1531 1530 90 32 hålla
1644 1530 63 32 här
1729 1540 54 22 av-

293 1588 103 32 sedda
420 1587 182 33 kostnader
624 1587 96 31 inom
745 1597 116 21 ramen
885 1586 55 31 för
963 1585 57 32 det
1042 1584 144 32 sålunda
1210 1584 146 31 fixerade
1379 1583 250 41 statsbidraget.
1663 1584 52 32 Av
1732 1583 51 32 be-

293 1641 98 33 rörda
425 1640 120 42 anslag
574 1642 19 30 &
620 1640 146 38 400,000
790 1639 125 32 kronor
938 1638 63 32 har
1024 1637 127 42 Kungl.
1178 1637 98 41 Maj:t
1299 1640 109 29 avsett
1432 1640 49 29 att
1504 1638 53 30 för
1580 1639 98 29 nästa
1703 1637 79 32 bud-

291 1697 94 39 getår
408 1694 111 33 skulle
542 1692 142 42 beviljas
711 1693 140 39 110,000
875 1692 135 32 kronor.
1043 1691 166 32 Häremot
1232 1691 62 31 har
1317 1690 165 32 utskottet
1497 1690 84 32 intet
1596 1692 49 29 att
1661 1689 119 33 erinra.

335 1757 119 33 Under
476 1756 213 42 åberopande
713 1767 43 21 av
779 1755 56 33 det
858 1755 146 32 anförda
1026 1754 195 32 hemställer
1244 1753 175 39 utskottet,

653 1821 50 29 att
736 1817 181 42 riksdagen
951 1819 57 30 må
1034 1816 50 32 till
1113 1816 197 39 Vitterhets-,
1334 1816 146 32 historie-
1503 1815 53 32 och
1579 1816 202 31 antikvitets-

608 1872 209 33 akademien:
838 1870 410 33 Riksantikvarieämbetet
1270 1869 54 33 och
1347 1872 124 29 statens
1491 1868 176 33 historiska
1683 1880 97 20 muse-

606 1937 56 21 um
690 1937 39 20 m.
757 1936 56 21 m.:
837 1925 183 40 Inredning
1043 1924 54 32 och
1120 1923 190 40 utrustning
1333 1923 54 31 för
1410 1922 200 41 budgetåret
1634 1918 145 41 1939/40

607 1979 120 33 anvisa
754 1982 46 29 ett
823 1978 329 40 reservationsanslag
1175 1987 44 22 av
1245 1977 140 37 125,000
1409 1976 134 31 kronor.

331 2095 88 43 56:0)
466 2095 244 38 Vitterhets-,
748 2093 183 33 historie-
975 2092 73 33 och
1090 2090 481 34 antikvitetsakademien:
1618 2089 159 33 Statens

288 2150 218 33 historiska
536 2157 178 25 museum
737 2157 49 23 m.
808 2156 60 23 m.:
907 2145 215 34 Underhåll
1147 2145 75 32 och
1246 2144 154 33 ökande
1425 2153 50 22 av
1499 2143 279 41 samlingarna.

287 2205 16 32 I
337 2205 153 41 enlighet
521 2204 76 32 med
633 2202 130 41 Kungl.
799 2202 115 40 Maj:ts
950 2200 128 41 förslag
1110 2197 123 44 (punkt
1256 2200 52 36 54,
1341 2198 62 32 sid.
1430 2199 43 31 90
1497 2197 62 32 och
1583 2195 64 43 91),
1672 2197 106 32 vilket

285 2258 142 33 innebär
451 2269 43 22 en
517 2256 336 42 anslagsminskning
877 2254 78 32 med
980 2255 64 32 500
1068 2254 135 37 kronor,
1226 2251 195 33 hemställer
1444 2252 172 37 utskottet,

648 2321 51 30 att
728 2318 180 41 riksdagen
945 2318 57 30 må
1028 2316 50 32 till
1108 2315 198 38 Vitterhets-,
1330 2314 144 32 historie-
1498 2313 54 32 och
1575 2312 223 32 antikvitets-
1785 2308 18 55 -

603 2372 207 33 akademien:
845 2371 131 32 Statens
999 2369 174 32 historiska
1198 2379 139 21 museum
1360 2379 40 20 m.
1426 2378 56 21 m.:
1520 2365 180 34 Underhåll
1722 2366 54 31 och

602 2427 125 32 ökande
743 2437 40 20 av
797 2425 228 39 samlingarna
1041 2424 52 31 för
1109 2422 201 40 budgetåret
1328 2417 145 41 1939/40
1489 2419 119 33 anvisa
1623 2422 47 29 ett
1680 2429 96 21 reser-

603 2479 243 39 vationsanslag
871 2488 43 22 av
941 2477 119 38 16,500
1083 2476 134 32 kronor.
