1892 2834
311 158 43 29 44
743 158 296 37 Statsutskottets
1057 161 187 36 utlåtande
1262 163 56 34 Nr
1335 166 33 32 8.

308 236 192 42 suppleant.
547 238 285 35 Lönenämndens
861 241 215 40 ordförande,
1100 243 188 34 ledamöter
1311 245 63 33 och
1399 246 218 42 suppleanter
1640 253 65 36 äga
1727 248 74 33 icke

308 290 137 41 åtnjuta
482 292 133 32 särskilt
652 293 191 41 dagarvode
879 296 53 30 för
973 295 307 44 hemarbetsdagar,
1321 299 125 32 medan
1483 300 93 41 dylik
1612 302 189 42 ersättning

309 343 107 42 enligt
454 344 391 42 departementschefens
884 349 128 42 förslag
1046 350 109 33 skulle
1189 354 81 39 utgå
1302 353 57 32 vid
1397 355 209 32 teaterrådet.
1642 351 157 51 Departe-

307 398 237 32 mentschefen
567 400 62 31 har
653 400 196 42 visserligen
875 406 112 29 ansett
1009 403 40 32 de
1074 405 193 41 föreslagna
1292 407 403 41 ersättningsgrunderna
1719 409 79 33 böra

307 450 242 41 kompletteras
590 453 77 32 med
707 454 469 43 maximeringsföreskrifter,
1212 469 78 22 men
1324 460 75 32 icke
1426 463 121 38 antytt,
1588 461 58 32 vid
1684 462 113 33 vilken

306 508 102 36 gräns
439 505 125 32 antalet
595 508 380 42 sammanträdesdagar
1006 510 107 33 skulle
1137 512 130 32 fixeras.
1315 513 104 33 Emot
1442 515 187 32 arvodenas
1653 516 145 32 faststäl-

305 556 102 33 lande
442 558 53 32 för
527 559 227 34 ordföranden
789 562 50 31 till
878 564 97 37 1,300
1003 564 135 38 kronor,
1162 566 55 31 för
1239 577 40 21 en
1304 578 61 21 var
1389 578 43 22 av
1457 570 57 30 två
1536 568 187 33 ledamöter
1746 569 48 33 till

306 610 64 32 630
395 611 125 33 kronor
543 613 62 32 och
630 614 53 32 för
707 614 65 32 den
795 615 160 41 ledamot,
979 628 72 21 som
1073 618 135 33 erhållit
1224 620 155 42 uppdrag
1396 624 50 29 att
1461 621 108 33 tillika
1586 634 82 21 vara
1684 623 111 32 rådets

305 664 214 40 sekreterare,
554 667 50 31 till
640 669 99 38 2,600
773 669 125 32 kronor
922 670 62 32 har
1008 672 163 32 utskottet
1193 673 73 32 icke
1289 676 105 39 något
1418 678 48 29 att
1489 676 119 39 erinra,
1634 677 30 40 ej
1692 677 104 32 heller

304 721 71 28 mot
398 721 51 29 att
472 720 187 42 ersättning
681 722 55 31 för
758 724 376 42 sammanträdesdagar
1159 728 56 29 må
1239 729 80 39 utgå
1343 728 50 32 till
1417 729 240 40 ordföranden,
1678 731 117 41 övriga

302 770 187 34 ledamöter
505 774 62 31 och
583 775 224 41 suppleanten
825 776 106 42 enligt
943 777 11 32 i
966 778 156 41 gällande
1135 780 382 43 kommittékungörelse
1530 783 150 41 angivna
1695 795 98 30 grun-

302 824 67 32 der.
396 825 162 33 Däremot
580 827 68 32 kan
673 829 162 33 utskottet
858 830 75 32 icke
956 831 169 42 tillstyrka
1148 837 49 28 att
1221 834 192 41 dagarvode
1438 841 84 27 även
1547 837 168 32 beräknas
1739 839 53 31 för

301 878 310 44 hemarbetsdagar.
660 882 76 32 Vad
768 885 106 40 angår
907 885 125 32 antalet
1061 888 380 42 sammanträdesdagar
1464 890 93 32 torde
1581 891 108 39 dessa,
1715 891 76 32 med

301 933 260 41 utgångspunkt
583 936 77 31 från
685 938 49 29 att
757 937 108 32 under
888 940 80 30 åren
996 940 82 31 1936
1103 940 66 32 och
1195 942 82 31 1937
1296 943 191 40 respektive
1505 945 39 30 17
1562 944 64 32 och
1646 945 40 31 16
1703 948 89 28 samt

300 985 108 41 enligt
442 987 66 31 vad
542 988 164 33 utskottet
739 989 169 33 inhämtat
943 993 37 30 år
1016 993 83 31 1938
1135 994 142 32 allenast
1299 996 39 30 12
1363 997 277 32 sammanträden
1665 994 124 49 hållits,

300 1038 119 33 kunna
451 1039 204 34 bestämmas
689 1042 50 32 till
763 1043 127 42 årligen
914 1045 101 41 högst
1039 1047 51 38 20,
1115 1047 106 33 vilket
1244 1049 92 31 antal
1359 1050 75 32 icke
1457 1053 80 29 utan
1563 1051 227 42 medgivande

298 1102 43 22 av
373 1092 130 42 Kungl.
537 1094 97 42 Maj:t
670 1098 56 30 må
760 1098 223 33 överskridas.
1032 1100 73 32 Den
1135 1101 184 43 jämkning
1342 1103 10 31 i
1377 1104 411 42 ersättningsgrunderna,

298 1156 71 21 som
407 1147 163 33 utskottet
603 1149 145 33 sålunda
781 1151 152 40 föreslår,
969 1164 98 30 synes
1095 1155 164 33 utskottet
1280 1156 131 41 jämväl
1435 1157 81 32 böra
1540 1158 177 33 föranleda
1739 1159 50 32 till

296 1200 115 40 någon
436 1200 204 44 beskärning
663 1214 44 22 av
731 1204 55 32 det
809 1215 42 22 av
875 1205 129 42 Kungl.
1030 1208 98 40 Maj:t
1143 1209 125 32 äskade
1285 1210 303 43 anslagsbeloppet.
1616 1212 173 33 Utskottet

296 1253 145 32 föreslår
475 1254 10 32 i
520 1255 120 32 sådant
672 1257 192 33 hänseende
888 1270 42 20 en
955 1260 220 43 nedsättning
1197 1273 43 21 av
1263 1263 154 41 anslaget
1440 1265 77 31 med
1542 1267 98 37 1,000
1664 1266 125 32 kronor

296 1305 49 32 till
370 1308 101 37 9,500
495 1308 132 32 kronor.

338 1360 48 32 På
409 1361 112 41 grund
545 1372 42 23 av
610 1363 67 32 vad
701 1363 144 33 sålunda
868 1366 131 32 anförts
1023 1367 195 33 hemställer
1240 1370 165 32 utskottet

659 1420 49 29 att
734 1418 181 42 riksdagen
944 1421 57 31 må
1024 1420 49 32 till
1107 1422 209 33 Teaterrådet
1339 1425 54 31 för
1417 1424 198 43 budgetåret
1640 1424 145 41 1939/40

613 1470 120 32 anvisa
756 1473 46 30 ett
824 1472 121 41 anslag
968 1483 43 23 av
1035 1475 98 38 9,500
1156 1475 132 33 kronor.

335 1590 89 42 69:0)
446 1592 153 33 Värme-
615 1594 74 32 och
705 1596 547 45 ventilationsanläggningar
1266 1601 14 32 i
1297 1603 360 42 operabyggnaden
1673 1615 49 23 m.
1734 1616 48 23 m.

291 1644 218 34 Beträffande
542 1647 66 32 vad
643 1648 129 42 Kungl.
808 1650 98 41 Maj:t
941 1649 120 44 (punkt
1085 1651 54 43 67)
1163 1654 174 42 föreslagit
1361 1656 184 42 riksdagen
1568 1658 11 32 i
1604 1659 98 41 fråga
1726 1671 56 21 om

290 1698 119 42 anslag
432 1699 52 32 till
503 1701 223 33 förevarande
743 1703 159 32 ändamål
919 1710 161 27 ävensom
1099 1706 210 34 beträffande
1326 1709 129 42 Kungl.
1474 1711 113 41 Maj:ts
1604 1712 10 31 i
1632 1714 148 40 proposi-

289 1751 116 33 tionen
429 1764 42 21 nr
494 1750 144 41 64/1939
663 1756 123 40 gjorda
808 1758 256 43 framställning
1086 1770 57 22 om
1168 1761 118 42 anslag
1309 1762 51 32 till
1384 1774 133 22 samma
1540 1766 161 32 ändamål
1717 1767 62 32 har

289 1806 164 33 utskottet
487 1807 101 32 redan
622 1809 131 41 avgivit
787 1810 176 34 utlåtande
998 1813 62 32 och
1094 1814 183 42 riksdagen
1305 1816 10 31 i
1340 1817 187 43 anledning
1550 1819 105 34 därav
1678 1821 101 32 fattat

288 1858 119 40 beslut,
433 1871 118 22 varom
574 1862 142 32 härmed

652 1917 137 32 erinras.

319 2106 386 53 Universiteten,
726 2110 93 42 den
838 2113 307 43 medicinska
1160 2117 424 54 undervisningen
1599 2133 61 30 m.
1671 2134 60 30 m.

326 2205 87 42 70:0)
438 2207 631 40 Universitetskanslersämbetet:
1093 2215 255 43 Avlöningar.
1394 2219 378 37 Universitetskans-

280 2259 267 35 lersämbetet:
582 2262 296 36 Omkostnader.
914 2267 17 32 I
954 2268 148 42 enlighet
1123 2270 77 32 med
1218 2271 126 42 Kungl.
1362 2273 115 41 Maj:ts
1500 2275 126 43 förslag
1650 2274 122 44 (punkt

281 2314 50 37 68,
363 2314 62 32 sid.
454 2314 195 43 110—113),
675 2317 105 33 vilket
803 2319 211 35 beträffande
1037 2323 334 44 avlöningsanslaget
1394 2326 142 34 innebär
1559 2340 42 21 en
1625 2330 147 43 höjning

280 2366 76 33 med
390 2369 101 37 6,600
523 2369 132 40 kronor,
689 2371 107 33 delvis
828 2372 162 43 betingad
1022 2386 42 22 av
1096 2376 207 35 inrättandet
1334 2390 43 22 av
1409 2391 42 21 en
1481 2382 169 33 ordinarie
1677 2384 93 32 vakt-

279 2421 236 41 mästartjänst
547 2423 11 31 i
589 2423 205 42 lönegraden
827 2427 29 31 A
873 2428 21 31 5
926 2428 11 31 i
968 2429 109 32 stället
1106 2431 56 31 för
1189 2442 42 21 en
1258 2434 199 32 nuvarande
1484 2439 93 29 extra
1600 2437 170 32 ordinarie

278 2473 93 41 dylik
400 2475 109 40 tjänst
531 2480 87 29 samt
640 2488 44 21 av
708 2489 41 21 en
774 2480 130 42 ökning
928 2492 43 21 av
994 2482 41 33 de
1058 2484 54 31 för
1135 2484 191 34 avlönande
1350 2498 44 21 av
1417 2491 94 30 extra
1534 2490 157 41 personal
1715 2501 53 22 av-
