1888 2840
502 146 298 34 Statsutskottets
820 146 185 35 utlåtande
1025 147 55 34 Nr
1098 149 33 32 8.
1504 151 63 32 109

67 229 182 40 företagas,
287 231 48 29 att
370 228 219 41 nedsättning
624 229 10 30 i
670 228 217 41 biljettpriset
914 231 20 29 å
961 232 128 29 statens
1111 229 185 42 järnvägar
1320 229 104 33 måtte
1448 231 120 31 kunna

70 281 144 41 beviljas
239 281 254 33 folkskolebarn
518 285 131 28 oavsett
673 282 97 31 deras
795 281 209 42 boningsort.

118 398 126 41 Kungl.
282 398 115 41 Maj:ts
433 397 128 42 förslag
596 397 142 32 innebär
762 408 41 21 en
829 408 42 22 av
896 397 297 43 medelsåtgången
1218 398 180 33 föranledd
1422 399 148 42 anslags-

72 452 146 41 höjning
253 452 79 31 med
366 452 120 38 25,000
514 452 135 31 kronor.
697 451 386 41 Departementschefen
1107 452 62 31 har
1191 452 74 32 icke
1287 452 180 42 ifrågasatt
1490 453 80 32 änd-

72 506 78 40 ring
173 505 9 31 i
207 505 159 41 gällande
389 504 150 42 grunder
562 503 54 33 för
640 504 169 42 anslagets
834 505 211 41 disposition,
1070 505 11 32 i
1105 505 106 32 vilket
1234 506 168 32 avseende
1424 507 55 32 för
1497 511 73 27 när-

71 559 150 32 varande
246 564 37 27 är
305 559 203 32 föreskrivet
531 558 105 32 bland
660 563 119 27 annat:

118 621 162 42 Anslaget
315 627 37 26 är
385 624 107 30 avsett
516 624 49 29 att
589 623 81 39 utgå
693 621 50 31 till
768 624 129 29 statens
920 621 185 42 järnvägar
1128 623 53 31 för
1203 621 192 33 beredande
1418 634 43 21 av
1487 624 83 40 möj-

71 666 107 41 lighet
200 667 51 31 till
275 666 221 41 nedsättning
519 666 11 31 i
555 665 97 41 eljest
674 666 159 41 gällande
857 666 219 41 biljettpriser
1100 666 57 32 vid
1180 666 273 34 folkskolebarns
1469 669 102 41 ferie-

72 711 64 32 och
169 712 205 31 studieresor.
422 711 218 32 Beträffande
667 711 179 40 ferteresor
879 711 90 40 gälla
999 712 53 31 för
1075 712 212 32 närvarande
1311 713 105 41 enligt
1440 713 128 41 Kungl.

75 756 113 40 Maj:ts
213 756 111 32 beslut
348 756 65 31 den
441 758 39 30 15
505 756 69 40 maj
604 756 83 31 1936
712 755 104 32 bland
841 761 105 26 annat
969 756 166 40 följande:

117 800 335 42 Järnvägsstyrelsen
487 800 86 32 skall
604 805 63 36 äga
691 804 49 28 att
763 802 44 39 på
831 800 200 32 rekvisition
1056 812 41 20 av
1122 801 254 33 vederbörande
1400 802 172 42 skolmyn-

72 846 118 40 dighet
225 849 71 29 mot
331 847 69 31 viss
435 845 135 33 nedsatt
605 844 109 43 avgift
749 844 262 33 tillhandahålla
1046 845 147 41 biljetter
1224 846 52 33 till
1299 847 76 32 färd
1400 849 19 30 å
1442 851 129 29 statens

70 891 187 41 järnvägar
292 891 10 31 i
338 890 107 41 tredje
481 890 153 32 klassens
670 901 90 30 vagn
791 888 68 34 dels
882 892 34 30 åt
940 890 184 33 medellösa
1148 891 79 32 eller
1251 895 99 38 svagt
1372 891 200 34 bemedlade

75 937 82 30 barn
181 936 57 32 vid
263 935 181 39 småskola,
469 935 149 42 egentlig
634 934 180 39 folkskola,
833 936 239 31 seminariums
1089 936 252 41 övningsskola,
1359 934 213 35 folkskolans

73 981 105 40 högre
212 981 197 40 avdelning,
446 980 337 41 fortsättningsskola
818 980 79 32 eller
920 980 104 41 högre
1049 981 169 32 folkskola
1241 982 10 31 i
1276 982 109 38 stad,
1410 982 162 42 köping

72 1026 102 31 eller
198 1025 471 41 municipalsamhälle,
694 1025 44 31 då
764 1025 127 32 barnen
916 1025 162 33 utsändas
1102 1026 50 31 till
1168 1026 117 32 landet
1301 1027 107 32 under
1424 1028 148 31 ferierna

73 1071 55 31 för
155 1073 47 29 att
226 1071 105 31 vistas
356 1070 60 31 där
440 1070 108 32 under
573 1070 104 31 minst
700 1070 127 40 fjorton
853 1070 115 41 dagar,
993 1071 68 31 dels
1084 1071 54 31 ock
1162 1088 41 4 —
1228 1072 61 31 där
1312 1071 167 33 särskilda
1503 1083 68 21 om-

72 1115 235 40 ständigheter
342 1115 111 32 därtill
488 1115 178 32 föranleda
701 1132 43 3 —
779 1115 86 31 efter
888 1114 144 33 särskild
1057 1116 171 41 prövning
1252 1127 42 21 av
1318 1117 254 32 vederbörande

74 1160 134 31 skolråd
245 1160 80 32 eller
360 1160 216 40 skolstyrelse
611 1161 34 30 åt
677 1159 84 32 barn
790 1170 42 21 av
857 1170 88 21 ovan
971 1160 147 41 angivna
1144 1160 81 42 slag,
1251 1172 73 21 som
1350 1162 85 31 efter
1458 1161 113 33 slutad

72 1205 169 41 skolgång
276 1204 163 33 utsändas
464 1204 51 32 till
539 1204 116 32 landet
678 1205 53 30 för
755 1208 49 28 att
828 1205 103 32 vistas
956 1204 61 32 där
1040 1204 109 33 under
1174 1206 104 32 minst
1302 1206 128 41 fjorton
1456 1207 115 41 dagar,

73 1250 110 31 under
207 1249 124 32 villkor
354 1253 48 28 att
424 1260 138 22 resorna
586 1249 188 32 fullbordas
797 1249 93 32 inom
920 1253 49 28 tre
996 1250 160 32 månader
1173 1251 87 32 efter
1275 1255 77 28 näst
1367 1252 206 41 föregående

74 1295 193 31 lästermins
292 1294 78 38 slut,
395 1294 60 32 allt
478 1294 58 32 vid
562 1305 90 21 resor
675 1294 50 32 till
750 1294 63 32 och
839 1295 77 31 från
940 1295 67 31 den
1030 1299 61 34 ort,
1116 1295 60 32 där
1201 1295 128 33 barnen
1353 1296 96 32 skola
1468 1308 103 30 uppe-

75 1339 90 32 hålla
189 1340 52 41 sig
266 1340 109 31 under
398 1339 261 42 ifrågavarande
682 1339 219 32 lantvistelse.

120 1421 15 31 I
160 1419 224 33 förevarande
408 1421 214 31 motioner
646 1420 28 32 I:
698 1419 48 33 79
772 1420 76 32 och
874 1420 52 32 II:
950 1421 78 31 204
1053 1437 42 5 —
1119 1421 108 32 under
1246 1422 134 32 erinran
1398 1433 55 21 om
1471 1433 89 21 ovan

76 1474 149 32 nämnda
251 1474 255 31 bestämmelser
529 1491 43 3 —
597 1474 135 31 anföres
756 1473 11 32 i
792 1473 181 32 huvudsak
999 1474 165 41 följande:

120 1545 119 31 Redan
272 1546 38 30 år
337 1545 81 31 1897
445 1545 146 41 medgav
616 1544 127 42 Kungl.
770 1544 98 41 Maj:t
892 1545 222 42 nedsättning
1136 1546 11 31 i
1171 1545 217 42 biljettpriset
1411 1547 54 31 för
1487 1546 86 32 folk-

75 1589 176 33 skolebarn
278 1589 58 32 vid
361 1589 175 38 skolresor,
562 1589 62 32 och
650 1591 36 29 år
711 1590 83 31 1901
822 1589 201 41 utvidgades
1040 1589 261 42 nedsättningen
1318 1594 49 29 att
1381 1591 90 42 gälla
1486 1594 88 29 även

76 1635 57 31 vid
171 1635 175 31 ferieresor
380 1635 53 30 för
468 1634 94 39 barn,
588 1645 73 20 som
686 1634 108 31 under
818 1634 69 31 viss
911 1634 47 32 tid
986 1634 160 33 bereddes
1170 1634 135 33 tillfälle
1329 1639 49 28 att
1401 1636 106 32 vistas
1530 1637 45 40 på

76 1679 123 32 landet.
248 1679 81 32 Som
355 1679 105 32 motiv
486 1680 53 31 för
563 1679 112 32 denna
700 1679 220 41 nedsättning
940 1679 10 31 i
968 1679 216 42 biljettpriset
1199 1690 140 31 angavs,
1357 1684 49 29 att
1425 1681 149 32 »barnen

75 1725 78 31 från
188 1724 176 32 städernas
397 1724 175 38 solfattiga
595 1724 162 41 gränder»
788 1723 103 32 borde
916 1725 35 30 få
975 1724 133 33 tillfälle
1131 1728 49 29 att
1203 1727 44 39 på
1270 1725 116 33 landet
1408 1726 100 40 njuta
1532 1737 42 21 av

75 1769 60 37 sol,
171 1769 85 31 frisk
294 1769 66 31 luft
394 1770 62 31 och
492 1769 182 32 stärkande
703 1768 65 32 bad
793 1769 63 31 och
881 1772 49 28 att
953 1769 83 32 barn
1061 1771 76 30 från
1161 1770 79 31 hem
1266 1770 61 32 där
1354 1771 220 32 »mödrarnas

76 1814 176 40 oförmåga
288 1814 81 31 eller
401 1814 89 31 olust
518 1818 50 27 att
593 1812 120 33 bereda
738 1814 128 31 barnen
891 1824 42 21 en
958 1814 53 31 för
1036 1814 75 33 dem
1137 1815 153 41 lämplig,
1316 1815 88 32 sund
1427 1816 143 40 näring»

76 1858 109 32 under
208 1860 115 39 någon
349 1858 47 31 tid
421 1857 109 33 skulle
555 1858 128 32 erhålla
706 1866 41 24 en
773 1858 107 31 bättre
905 1859 61 31 och
992 1858 266 33 hälsosammare
1283 1860 84 32 kost.

124 1903 63 31 Det
210 1903 96 31 torde
331 1903 185 31 emellertid
542 1903 107 31 starkt
673 1903 118 31 kunna
815 1903 226 40 ifrågasättas,
1066 1914 56 21 om
1146 1904 41 32 de
1206 1905 118 37 motiv,
1342 1915 73 21 som
1432 1906 37 30 år
1489 1905 83 31 1897

75 1947 94 32 lades
204 1947 50 31 till
290 1947 111 40 grund
438 1948 51 30 för
513 1947 194 39 beviljande
731 1958 43 20 av
799 1947 221 41 nedsättning
1043 1949 10 30 i
1078 1948 217 41 biljettpriset
1318 1950 53 30 för
1395 1948 180 32 folkskole-

77 1992 93 37 barn,
196 1992 149 39 alltjämt
369 1997 56 26 äro
449 1991 213 41 tillämpliga.

124 2036 11 31 I
172 2037 158 31 städerna
365 2036 132 32 arbetas
533 2046 142 22 numera
710 2037 43 39 på
789 2035 160 41 sanering
973 2047 42 20 av
1040 2037 40 31 de
1105 2037 108 32 äldsta
1238 2037 63 32 och
1326 2048 92 21 mera
1442 2038 133 31 osunda

78 2081 187 33 kvarteren,
304 2081 122 31 medan
462 2081 55 31 vid
544 2081 64 31 den
634 2091 67 29 nya
726 2079 226 42 bebyggelsen
979 2081 42 31 all
1047 2081 132 42 hänsyn
1203 2084 95 39 tages
1322 2082 49 32 till
1396 2084 48 29 att
1467 2081 108 33 bostä-

78 2126 105 31 derna
214 2126 92 31 bliva
330 2125 293 41 ändamålsenliga
646 2125 60 32 och
733 2125 119 31 sunda.
902 2125 183 42 Samtidigt
1109 2126 43 32 ha
1176 2128 43 40 på
1243 2126 116 33 landet
1383 2130 105 29 större
1512 2126 63 33 och

78 2170 133 31 mindre
246 2171 155 31 industri-
438 2171 62 31 och
537 2169 332 32 stationssamhällen
908 2171 97 30 vuxit
1040 2180 80 31 upp,
1150 2172 62 31 och
1237 2172 57 31 det
1318 2172 93 31 torde
1436 2172 30 39 ej
1493 2182 82 21 vara

79 2215 144 39 möjligt,
260 2219 49 27 att
344 2215 118 31 endast
494 2216 86 30 efter
604 2215 241 40 boningsorten
872 2213 144 33 bedöma
1041 2216 144 31 barnens
1210 2219 105 28 större
1339 2216 79 32 eller
1443 2216 134 32 mindre

79 2259 107 32 behov
212 2270 41 20 av
278 2260 287 31 sommarvistelse
590 2262 43 37 på
657 2270 113 20 annan
798 2258 94 40 plats.

126 2303 245 39 Utvecklingen
408 2304 60 30 har
500 2304 102 31 också
635 2304 96 37 visat,
766 2306 49 27 att
840 2303 81 30 barn
947 2304 75 30 från
1048 2304 106 31 andra
1178 2304 188 32 samhällen
1392 2304 79 32 eller
1495 2315 82 21 rena

78 2347 114 32 landet
215 2352 86 27 även
328 2348 117 31 kunna
470 2348 43 31 ha
539 2349 108 30 behov
672 2358 41 20 av
739 2345 215 41 luftombyte.
980 2348 62 31 och
1069 2348 40 31 de
1133 2348 60 31 allt
1215 2348 160 32 talrikare
1399 2348 177 32 barnkolo-

79 2392 117 31 nierna
221 2391 109 32 vittna
354 2403 66 25 om,
445 2395 49 28 att
518 2392 331 31 hemkommunerna
866 2391 78 31 eller
960 2391 154 32 enskilda
1131 2392 349 41 sammanslutningar
1495 2397 82 37 göra

79 2436 190 41 betydande
294 2437 85 31 offer
405 2438 51 29 för
479 2439 49 28 att
552 2436 122 32 bereda
698 2436 74 30 sina
797 2434 82 32 barn
898 2436 132 31 tillfälle
1048 2441 47 27 att
1113 2437 101 31 vistas
1231 2437 57 31 vid
1307 2437 111 37 havet,
1437 2437 8 31 i
1463 2437 113 41 skogs-

80 2481 131 41 bygden
238 2481 81 31 eller
343 2481 8 31 i
377 2481 117 40 fjällen
522 2481 108 31 under
646 2480 64 41 god
729 2480 211 32 omvårdnad
959 2481 61 31 och
1040 2482 75 31 med
1134 2481 100 41 riklig
1250 2482 63 31 och
1330 2481 143 41 lämplig
1490 2482 85 32 kost.
