1884 2836
523 164 297 35 Statsutskottets
838 165 186 35 utlåtande
1044 166 54 34 Nr
1117 169 33 32 8.
1522 171 60 31 131

90 243 139 33 skolans
252 244 106 33 lärare
383 245 45 32 ha
453 245 107 32 under
582 246 94 32 tiden
700 248 149 40 uppnått
872 248 290 40 pensionsåldern,
1188 252 82 28 utan
1294 252 49 29 att
1366 251 167 40 någonsin
1550 252 36 31 få

90 288 53 32 del
177 299 42 22 av
253 289 40 32 de
326 290 147 32 väntade
505 290 303 42 förbättringarna;
843 292 108 32 andra
974 293 45 31 ha
1041 293 11 30 i
1076 297 127 28 väntan
1229 294 107 41 härpå
1360 297 124 30 avstått
1507 297 77 31 från

90 336 49 29 att
171 334 83 31 söka
286 334 52 41 sig
361 334 51 32 till
436 334 108 33 bättre
568 335 167 32 avlönade
759 336 233 41 befattningar
1016 337 62 32 och
1104 338 45 31 ha
1173 349 143 22 numera
1339 340 81 40 föga
1443 341 143 32 utsikter

89 382 50 29 att
162 378 128 33 erhålla
313 379 126 41 platser
462 380 11 31 i
496 380 106 32 andra
627 380 122 32 skolor.
775 381 118 32 Under
918 382 40 32 de
982 384 137 40 gångna
1143 385 80 30 åren
1247 384 62 31 har
1333 384 157 33 tekniska
1513 386 73 32 sko-

88 423 58 32 lan
179 427 82 29 trots
294 424 76 32 dess
402 424 11 31 i
438 425 179 32 materiellt
649 426 168 32 avseende
851 426 113 42 dåliga
997 439 149 21 resurser
1170 446 42 3 —
1236 429 94 32 vilka
1352 430 74 32 icke
1450 435 57 27 äro
1531 430 53 33 be-

88 469 169 41 gränsade
289 468 85 33 blott
398 469 50 32 till
472 469 140 33 lönerna
636 487 43 4 —
702 470 79 42 fyllt
805 471 52 32 sin
881 472 139 41 uppgift
1043 475 112 30 såsom
1181 475 75 31 vårt
1279 474 98 32 lands
1401 478 81 29 utan
1507 487 77 30 gen-

89 513 131 41 sägelse
243 514 144 32 främsta
411 514 340 42 utbildningsanstalt
774 518 43 39 på
841 516 57 32 det
921 517 315 33 konstindustriella
1256 519 163 40 området,
1436 520 61 32 och
1514 523 71 38 just

88 558 111 32 under
231 559 97 32 dessa
352 559 179 33 årtionden
555 560 62 32 har
641 561 139 31 svenskt
803 562 271 33 konsthantverk
1099 564 64 31 och
1187 564 125 32 svensk
1336 565 250 33 konstindustri

87 604 126 32 vunnit
236 604 251 32 internationell
512 605 231 33 berömmelse.

133 657 302 42 Undervisningen
465 658 93 32 inom
583 659 137 32 skolans
744 660 159 41 samtliga
926 661 225 42 avdelningar
1174 664 106 31 måste
1304 665 92 30 föras
1420 665 87 31 fram
1532 664 51 32 till

88 704 47 29 ett
167 702 92 41 plan,
293 713 73 21 som
398 703 109 41 ligger
538 703 166 42 betydligt
737 705 104 41 högre
871 710 42 26 än
934 706 471 44 teckningsundervisningen
1429 709 11 31 i
1463 709 40 32 de
1527 709 56 31 all-

88 752 130 26 männa
241 747 210 39 läroverken,
476 748 62 32 och
561 749 11 30 i
597 749 142 31 flertalet
762 760 42 21 av
829 750 76 32 dess
930 755 122 28 ämnen
1078 752 135 32 fordras
1237 764 41 21 en
1295 753 137 33 alldeles
1449 754 134 41 speciell

87 791 193 42 kunnighet
303 796 89 28 samt
413 793 142 31 kontakt
578 793 94 32 såväl
697 794 77 31 med
798 795 150 32 aktuella
971 797 193 32 företeelser
1186 799 44 39 på
1253 802 74 28 rent
1351 799 233 41 konstnärliga

87 837 175 39 områden,
287 847 73 22 som
386 837 77 32 med
485 838 40 31 de
542 839 152 41 ständigt
710 840 284 33 förekommande
1010 842 255 41 skiftningarna
1281 843 112 41 ifråga
1409 855 55 20 om
1481 849 102 27 mate-

86 881 63 31 rial
185 882 63 32 och
280 882 118 32 teknik
431 883 93 31 inom
550 883 271 33 konsthantverk
846 885 62 32 och
934 886 258 33 konstindustri.
1218 888 125 32 Vidare
1367 894 37 26 är
1426 890 156 31 tekniska

86 926 121 32 skolan
236 926 65 32 den
324 927 135 38 anstalt,
484 939 72 21 som
581 929 253 32 omhänderhar
857 930 240 42 utbildningen
1122 943 42 22 av
1188 933 102 32 rikets
1314 934 159 42 samtliga
1495 935 87 32 teck-

86 971 220 41 ningslärare.
344 971 72 32 Och
451 972 102 32 likväl
586 974 129 31 erhålla
747 974 142 32 flertalet
923 986 43 21 av
998 976 138 33 skolans
1159 977 107 33 lärare
1289 989 40 21 en
1355 980 224 41 timpenning,

86 1026 73 21 som
186 1016 164 41 betydligt
373 1017 214 42 understiger
611 1018 63 32 den
693 1030 72 20 som
784 1030 41 21 en
842 1021 268 39 nyexaminerad
1125 1023 288 41 teckningslärare
1429 1025 152 39 erhåller,

86 1071 56 21 om
167 1061 111 32 denne
302 1062 121 31 vinner
447 1062 208 42 anställning
679 1065 110 30 såsom
814 1064 173 33 timlärare
1010 1066 58 31 vid
1085 1066 155 33 läroverk
1257 1069 9 30 i
1285 1068 206 33 Stockholm.
1517 1070 64 32 En-

85 1105 76 32 dast
194 1106 215 32 överlärarna
443 1107 59 32 vid
533 1108 157 32 tekniska
718 1108 118 32 skolan
861 1110 46 31 ha
930 1121 39 21 en
995 1111 132 39 timlön,
1153 1123 72 21 som
1250 1114 234 41 ungefärligen
1510 1126 71 21 sva-

85 1161 54 21 rar
163 1154 91 29 emot
277 1151 76 39 den,
378 1162 74 21 som
476 1163 42 20 en
541 1152 170 33 ordinarie
735 1154 288 41 teckningslärare
1047 1156 57 31 vid
1123 1160 46 29 ett
1185 1157 154 33 läroverk
1355 1159 11 31 i
1384 1159 197 33 Stockholm

84 1195 135 41 uppbär
247 1196 9 31 i
280 1196 52 32 sin
356 1196 108 32 första
487 1197 179 33 löneklass.
693 1198 228 33 Underlärare
944 1200 58 31 vid
1026 1201 158 32 tekniska
1207 1203 130 38 skolan,
1362 1203 93 33 vilka
1476 1204 105 33 likväl

84 1241 115 31 utföra
231 1243 47 29 ett
310 1240 80 32 fullt
413 1241 242 43 självständigt
679 1243 391 42 undervisningsarbete,
1095 1246 128 32 erhålla
1247 1248 189 33 oberoende
1459 1261 42 21 av
1525 1261 55 21 an-

84 1285 293 42 ställningstidens
401 1285 103 42 längd
529 1297 40 21 en
594 1288 217 41 timpenning
835 1290 20 30 å
878 1291 78 37 4,25,
974 1290 287 43 dyrtidstillägget
1283 1293 169 40 inräknat,
1477 1295 105 32 vilket

84 1334 190 28 motsvarar
297 1330 84 32 blott
398 1332 41 30 68
457 1335 138 37 procent
611 1344 43 21 av
671 1333 64 32 den
753 1334 170 32 ordinarie
939 1335 330 42 teckningslärarens
1285 1338 122 32 timlön
1425 1340 10 31 i
1453 1339 127 34 dennes

81 1376 109 31 första
213 1375 169 32 löneklass
406 1377 63 31 och
493 1377 10 31 i
527 1377 85 32 hans
637 1378 106 41 därpå
767 1378 154 41 följande
940 1379 208 34 löneklasser
1165 1383 190 40 respektive
1372 1384 42 31 64
1430 1388 148 38 procent,

83 1421 43 31 60
151 1423 138 37 procent
313 1421 63 31 och
401 1422 42 30 55
468 1426 147 36 procent.
642 1423 66 31 Det
730 1423 60 31 bör
815 1423 168 42 tilläggas,
1008 1429 49 28 att
1081 1426 216 33 underlärare
1321 1428 11 31 i
1356 1428 161 34 händelse
1536 1441 43 22 av

83 1464 163 41 sjukdom
272 1466 107 30 måste
403 1468 97 29 avstå
523 1466 76 32 hela
624 1467 52 31 sin
700 1467 56 32 lön
781 1469 34 30 åt
838 1468 164 33 vikarien.

127 1518 53 31 En
217 1518 153 32 definitiv
402 1518 247 43 lönereglering
681 1525 37 27 är
741 1521 109 32 under
873 1523 199 32 nuvarande
1095 1524 240 34 förhållanden
1360 1528 218 41 naturligtvis

82 1562 176 32 otänkbar.
292 1562 144 33 Skolans
461 1567 74 35 stat,
560 1564 115 32 vilken
700 1566 207 32 fastställdes
932 1569 37 29 så
992 1568 100 41 tidigt
1115 1580 74 21 som
1214 1571 36 31 år
1276 1572 94 38 1879,
1395 1572 62 31 har
1479 1574 98 31 emel-

81 1607 100 31 lertid
205 1618 117 21 senare
346 1607 56 33 vid
421 1609 79 31 flera
515 1609 159 32 tillfällen
691 1610 160 40 justerats
868 1622 124 30 genom
1009 1614 229 39 provisoriska
1253 1615 206 43 lönetillägg.
1477 1618 102 32 Detta

81 1652 129 32 skedde
234 1652 102 32 bland
362 1657 104 28 annat
491 1655 77 30 åren
597 1655 94 38 1910,
712 1656 95 37 1911,
827 1657 86 31 1920
930 1657 63 31 och
1009 1674 42 4 —
1069 1659 54 31 för
1139 1659 136 33 skolans
1293 1661 227 34 vaktmästare
1533 1680 43 4 —

83 1698 95 30 1936.
214 1697 112 41 Något
353 1698 205 41 principiellt
590 1699 122 32 hinder
744 1704 71 28 mot
842 1701 196 42 ytterligare
1061 1704 208 40 provisorisk
1293 1706 284 43 löneförbättring

80 1741 96 32 torde
206 1742 73 32 icke
304 1742 104 32 heller
431 1743 178 42 föreligga,
635 1744 103 32 sedan
765 1746 85 31 1936
875 1747 53 31 års
951 1747 398 45 yrkesskolsakkunniga
1372 1762 121 30 genom
1519 1754 58 31 sitt

79 1786 217 32 betänkande
328 1788 185 41 uppdragit
545 1789 40 31 de
610 1789 170 41 riktlinjer
803 1791 53 31 för
880 1802 41 21 en
946 1794 289 39 omorganisation
1259 1806 42 21 av
1323 1797 157 32 tekniska
1503 1799 72 31 sko-

79 1830 68 39 lan,
173 1831 93 33 vilka
289 1832 320 42 skolöverstyrelsen
634 1834 142 41 tidigare
799 1835 166 33 förklarat
989 1840 120 38 utgöra
1132 1850 42 21 en
1191 1840 199 42 nödvändig
1404 1843 170 32 förutsätt-

79 1876 86 40 ning
197 1877 54 31 för
274 1877 156 40 åtgärder
455 1878 50 31 till
528 1878 158 32 lönernas
710 1879 243 34 förbättrande.
979 1883 59 30 Att
1061 1894 41 20 en
1128 1885 207 39 provisorisk
1359 1886 216 33 löneförbätt-

79 1920 78 40 ring
181 1931 45 21 nu
252 1925 95 37 göres
372 1927 37 25 är
432 1924 37 29 så
492 1923 134 40 mycket
652 1934 93 21 mera
768 1925 161 39 påkallat,
955 1936 71 21 som
1052 1927 248 43 lönereglering
1324 1932 44 39 på
1391 1935 131 29 senaste
1538 1934 37 30 år

78 1965 89 32 skett
200 1965 57 31 vid
289 1966 118 41 övriga
439 1967 440 41 undervisningsanstalter,
913 1971 197 40 varigenom
1146 1973 347 35 missförhållandena
1516 1977 58 32 vid

78 2010 158 31 tekniska
260 2010 119 32 skolan
404 2011 145 32 kommit
572 2016 50 27 att
646 2014 142 30 framstå
812 2014 10 30 i
847 2025 41 20 en
913 2019 44 27 än
981 2016 160 41 skarpare
1166 2018 111 41 dager.

123 2054 53 31 En
200 2054 65 42 god
283 2054 140 43 ledning
439 2056 56 31 vid
513 2057 215 41 avvägandet
744 2068 42 21 av
802 2059 190 33 eventuella
1008 2062 228 39 provisoriska
1253 2063 321 44 löneförbättringar

78 2102 122 37 utgöra
232 2099 234 42 sakkunnigas
498 2101 129 41 förslag
659 2102 50 31 till
743 2102 169 43 reglering
935 2115 42 22 av
1001 2105 229 34 lärarlönerna
1254 2109 8 31 i
1289 2109 65 32 den
1379 2110 195 41 föreslagna

77 2143 312 33 konstfackskolan.
429 2145 64 32 Det
516 2151 36 26 är
576 2146 185 32 emellertid
788 2148 124 41 tydligt
936 2152 48 29 att
1008 2162 79 20 man
1113 2163 42 21 av
1179 2153 310 42 försiktighetsskäl
1514 2155 59 33 bör

77 2191 123 29 stanna
224 2190 103 39 något
352 2190 108 31 under
484 2190 64 32 den
573 2191 60 31 där
657 2192 193 41 föreslagna
874 2194 114 32 nivån.

121 2233 118 40 Enligt
262 2234 138 40 uppgift
423 2235 76 31 från
523 2235 136 32 skolans
685 2237 137 40 styrelse
848 2237 102 33 borde
967 2240 237 33 minimilönen
1222 2253 58 29 per
1297 2239 275 50 undervisnings-

77 2277 120 31 timme
229 2289 81 20 vara
342 2280 54 29 för
429 2279 186 32 överlärare
648 2282 17 29 7
692 2281 124 31 kronor
839 2283 44 30 50
908 2287 55 27 öre
988 2284 61 31 och
1075 2285 53 31 för
1152 2286 216 32 underlärare
1392 2289 20 30 5
1437 2288 132 32 kronor.

121 2322 66 31 För
211 2325 48 27 att
283 2324 117 38 uppnå
424 2323 65 31 den
514 2324 194 41 föreslagna
731 2325 166 32 timlönen
924 2329 107 30 måste
1056 2329 119 41 tillägg
1200 2341 41 21 av
1262 2331 168 31 växlande
1448 2333 123 31 storlek

76 2365 117 41 läggas
225 2366 49 31 till
299 2367 64 31 den
388 2368 198 31 nuvarande
611 2369 101 31 lönen
732 2370 53 31 för
811 2372 119 37 12,028
955 2373 309 33 överlärartimmar
1287 2376 63 31 och
1374 2377 53 31 för
1453 2377 118 38 15,414

76 2410 346 33 underlärartlimmar.

120 2455 15 31 I
159 2456 209 40 genomsnitt
392 2456 109 32 skulle
525 2457 153 41 tillägget
702 2457 49 32 till
777 2459 205 33 överlärares
1007 2461 119 33 timlön
1152 2474 81 21 vara
1259 2465 18 30 2
1302 2464 124 32 kronor
1450 2466 40 31 23
1516 2470 55 28 öre

76 2500 63 31 och
164 2499 50 32 till
240 2500 233 32 underlärares
497 2501 119 32 timlön
645 2504 13 29 1
687 2502 106 32 krona
818 2504 42 31 70
884 2508 65 28 öre.
