1892 2838
532 159 296 35 Statsutskottets
847 159 186 35 utlåtande
1052 159 55 35 Nr
1125 162 34 32 8.
1550 160 40 31 79

99 241 67 32 Det
198 244 89 30 stora
319 240 120 34 värdet
471 241 63 32 och
566 241 57 33 det
655 241 78 33 med
765 241 244 42 utvecklingen
1043 252 42 22 av
1118 241 57 32 det
1198 241 72 32 inre
1293 240 129 33 arbetet
1445 240 63 32 och
1531 239 61 33 lär-

97 285 189 42 jungarnas
319 286 309 41 självverksamhet
659 286 156 42 stigande
848 286 146 33 behovet
1023 297 43 21 av
1090 286 144 31 kontakt
1257 285 77 32 med
1359 285 67 33 den
1449 285 143 41 pedago-

98 331 99 41 giska
216 331 215 41 utveckligen
455 331 11 31 i
490 331 108 32 andra
621 330 237 33 kulturländer
880 331 108 41 ligger
1011 331 10 31 i
1046 336 111 36 öppen
1182 330 74 41 dag.
1283 330 132 32 Genom
1440 331 37 31 så
1500 330 92 32 stark

98 376 241 42 inknappning
369 377 45 40 på
438 375 91 33 detta
552 375 129 42 anslag,
707 387 75 22 vars
806 376 74 33 vikt
904 376 374 42 departementschefen
1302 375 89 41 själv
1415 374 176 40 vitsordar,

98 422 172 32 försvåras
306 421 9 32 i
354 421 69 41 hög
456 420 83 42 grad
577 421 113 33 denna
726 422 54 32 för
816 422 77 32 vårt
928 421 372 41 undervisningsväsen
1334 419 260 42 betydelsefulla

99 466 153 33 kontakt.

145 573 172 33 Utskottet
340 574 54 32 får
417 574 110 33 erinra
551 585 56 21 om
632 576 49 30 att
704 574 180 42 riksdagen
909 574 10 32 i
944 573 53 33 sin
1020 573 163 34 skrivelse
1207 584 39 21 nr
1270 575 19 31 8
1314 574 37 31 år
1377 573 83 32 1938
1484 572 109 33 under

99 627 154 41 punkten
286 628 62 32 108
373 627 161 40 uttalade,
558 630 50 30 att
630 628 12 32 i
666 627 222 33 betraktande
912 638 43 22 av
979 628 41 32 de
1039 631 90 29 stora
1155 627 148 42 utgifter,
1330 629 110 30 staten
1463 626 129 42 årligen

99 680 136 33 iklädde
258 681 52 41 sig
333 682 55 31 för
411 681 124 33 lärares
558 681 206 42 utbildning,
789 681 58 33 det
863 684 115 39 syntes
995 681 133 32 mindre
1145 680 294 42 ändamålsenligt,
1457 684 48 29 att
1519 680 73 32 icke

99 734 202 42 tillräckliga
329 734 251 42 anslagsmedel
604 735 137 32 ställdes
765 734 49 33 till
838 735 205 42 förfogande
1066 736 54 32 för
1143 735 66 32 den
1232 734 228 41 fortbildning
1482 745 43 22 av
1548 733 44 33 lä-

98 788 221 42 rarpersonal,
344 799 74 21 som
443 788 183 33 utländska
642 788 204 33 studieresor
861 788 222 33 förmedlade.
1109 788 79 32 Med
1203 788 135 41 hänsyn
1355 787 114 32 härtill
1485 787 108 32 beslöt

98 842 182 41 riksdagen
313 843 55 32 för
399 842 202 42 budgetåret
639 839 143 41 1938/39
818 853 42 22 en
884 842 148 41 höjning
1056 853 43 22 av
1123 841 224 33 förevarande
1371 840 119 42 anslag
1513 841 79 32 med

99 897 99 38 2,500
230 896 134 40 kronor,
399 896 105 33 vilket
527 896 124 42 belopp
675 898 121 40 avsågs
820 896 52 32 till
895 896 258 42 resestipendier
1178 897 33 31 åt
1232 895 118 40 lärare,
1375 894 136 34 särskilt
1534 895 58 32 vid

99 949 41 33 de
163 949 165 40 läroverk,
353 950 61 32 där
437 950 225 42 provårskurs
685 961 79 22 vore
788 950 188 32 anordnad.

143 1003 116 42 Enligt
293 1003 129 42 Kungl.
459 1004 115 41 Maj:ts
609 1003 128 42 förslag
770 1003 110 33 skulle
904 1004 55 32 för
982 1006 97 29 nästa
1103 1002 164 42 budgetår
1291 1013 97 22 avses
1412 1002 181 33 enahanda

98 1057 123 42 belopp
256 1058 53 31 för
343 1057 216 33 sistnämnda
582 1057 161 33 ändamål
762 1068 73 22 som
860 1058 54 31 för
937 1056 231 34 innevarande
1192 1056 176 42 budgetår.
1416 1056 50 32 De
1489 1056 10 32 i
1524 1067 68 21 mo-

98 1111 116 32 tionen
237 1111 145 33 anförda
406 1111 118 32 skälen
548 1111 69 33 tala
641 1111 185 33 emellertid
843 1111 108 42 enligt
967 1111 181 32 utskottets
1164 1110 140 41 mening
1320 1111 54 31 för
1390 1121 41 21 en
1447 1110 146 41 höjning

97 1176 43 21 av
165 1165 261 41 ifrågavarande
450 1165 257 42 anslagsmedel,
722 1165 63 32 och
809 1165 166 32 utskottet
997 1164 59 33 vill
1080 1164 147 39 förorda,
1251 1167 49 29 att
1323 1163 50 33 till
1397 1163 195 42 resestipen-

98 1218 72 33 dier
193 1220 34 31 åt
250 1218 116 40 lärare,
392 1218 137 33 särskilt
552 1219 58 33 vid
636 1219 41 32 de
699 1218 166 40 läroverk,
892 1218 61 32 där
975 1218 225 42 provårskurs
1223 1222 37 27 är
1283 1217 188 39 anordnad,
1495 1228 97 22 avses

98 1272 228 42 sammanlagt
349 1274 101 38 4,000
473 1273 135 38 kronor,
633 1272 231 33 innebärande
888 1283 41 22 en
954 1271 267 42 anslagsökning
1244 1271 78 32 med
1342 1272 96 38 1,500
1456 1271 134 33 kronor.

98 1326 163 42 Anslaget
293 1326 60 33 bör
385 1329 44 40 på
461 1327 112 42 grund
605 1327 105 33 härav
733 1327 54 32 för
811 1329 98 30 nästa
928 1326 166 41 budgetår
1117 1326 163 41 uppföras
1304 1325 79 32 med
1406 1322 133 43 (17,500
1555 1329 30 30 +

105 1385 28 29 +
155 1382 95 38 1,500
265 1378 51 44 =)
343 1382 120 38 19,000
487 1381 135 39 kronor,
646 1383 49 30 att
718 1380 199 42 disponeras
941 1382 45 40 på
1009 1379 154 42 följande
1188 1382 77 29 sätt:

101 1445 26 29 1.
154 1443 274 41 Resestipendier
451 1445 34 30 åt
507 1442 108 33 lärare
639 1443 10 32 i
674 1442 216 33 främmande
914 1442 143 33 levande
1081 1443 102 41 språk
1217 1469 84 5 ....
1322 1443 125 31 kronor
1473 1442 118 38 15,000

99 1497 28 31 2.
155 1496 274 42 Resestipendier
452 1498 34 30 åt
509 1496 116 39 lärare,
651 1496 134 32 särskilt
808 1496 59 32 vid
891 1496 41 32 de
951 1495 165 39 läroverk,
1134 1495 60 32 där
1210 1507 96 30 prov-

154 1550 136 32 årskurs
315 1555 37 27 är
375 1550 176 33 anordnad
577 1576 725 6 .....sooossoossoss
1003 1546 82 46 rss
1110 1546 67 46 ses
1187 1546 65 46 soo
1265 1546 41 46 st
1386 1560 11 16 »
1491 1550 100 37 4,000

1154 1612 141 32 Summa
1321 1612 125 32 kronor
1471 1612 120 39 19,000

144 1694 117 42 Kungl
285 1695 117 41 Maj:ts
425 1694 128 42 förslag
577 1705 56 21 om
657 1693 170 42 anslagets
852 1693 201 41 förändring
1076 1694 77 31 från
1178 1692 343 42 reservationsanslag
1540 1692 51 33 till

98 1748 200 33 obetecknat
321 1759 99 22 anser
443 1748 165 32 utskottet
630 1748 52 41 sig
703 1748 73 32 icke
800 1748 119 31 kunna
943 1746 140 33 biträda.
1109 1747 150 32 Lärarna
1282 1751 58 27 äro
1363 1747 11 31 1
1399 1746 88 42 regel
1509 1746 81 32 hän-

98 1802 116 32 visade
247 1802 50 32 till
329 1805 50 29 att
409 1802 151 41 utnyttja
583 1802 75 32 sina
681 1801 110 38 ferier,
817 1800 136 33 särskilt
975 1800 298 32 sommarferierna
1296 1800 54 32 för
1373 1799 128 33 sådana
1524 1803 66 29 stu-

98 1856 156 39 dieresor,
278 1867 119 21 varom
421 1855 62 32 här
506 1860 37 27 är
566 1856 108 40 fråga.
704 1855 248 32 Erfarenheten
976 1854 100 39 visar,
1101 1856 50 30 att
1172 1854 11 31 i
1207 1853 171 42 åtskilliga
1400 1853 60 32 fall
1483 1853 107 33 lärare

97 1920 43 21 av
174 1909 90 32 olika
297 1909 225 41 anledningar
544 1909 85 38 icke,
654 1908 103 32 sedan
782 1907 282 42 resestipendium
1089 1907 168 39 tilldelats,
1282 1907 135 32 kunnat
1439 1907 151 41 utnyttja

97 1963 191 32 detsamma
311 1962 109 32 under
443 1965 152 29 närmast
618 1961 188 32 infallande
830 1960 255 33 sommarferier
1108 1961 64 31 och
1196 1960 10 32 i
1230 1960 129 32 sådana
1382 1959 61 33 fall
1458 1960 62 32 har
1535 1960 54 32 sti-

98 2016 137 41 pendiet
268 2016 121 32 hittills
426 2015 145 33 kommit
603 2014 252 34 vederbörande
890 2014 140 42 tillgodo
1067 2009 125 52 under.
1208 2013 276 41 nästpåföljande
1507 2013 82 32 bud-

97 2071 104 40 getår.
243 2070 121 32 Denna
396 2069 180 42 möjlighet
611 2079 99 31 synes
734 2068 164 32 utskottet
922 2067 146 41 alltjämt
1092 2067 81 32 böra
1196 2066 107 33 hållas
1327 2071 123 37 öppen,
1474 2067 116 33 varför

98 2124 163 32 utskottet
295 2123 166 39 förordar,
497 2125 49 30 att
580 2122 223 33 förevarande
839 2121 120 41 anslag
987 2121 185 33 bibehålles
1207 2122 110 31 såsom
1354 2120 234 33 reservations-

98 2177 128 41 anslag.

145 2231 115 31 Under
284 2230 215 41 åberopande
523 2241 42 21 av
591 2229 65 33 vad
681 2229 142 32 sålunda
848 2230 131 31 anförts
1003 2228 196 33 hemställer
1221 2228 174 39 utskottet,

463 2286 48 29 att
543 2283 180 41 riksdagen
756 2284 65 36 må,
856 2282 10 32 i
895 2282 185 40 anledning
1103 2292 43 21 av
1170 2281 127 40 Kungl.
1324 2281 115 40 Maj:ts
1462 2280 128 42 förslag

419 2337 63 31 och
506 2336 77 32 herr
619 2336 185 40 Bergmans
840 2335 242 32 ovannämnda
1117 2334 129 32 motion
1277 2331 138 43 (I:207),
1447 2333 50 32 till
1522 2334 66 31 All-

419 2392 119 30 männa
571 2389 200 32 läroverken:
807 2388 262 41 Resestipendier
1103 2390 34 29 åt
1171 2388 108 31 lärare
1307 2388 54 30 för
1390 2387 199 41 budgetåret

422 2440 143 39 1939/40
589 2442 119 32 anvisa
731 2445 47 29 ett
800 2441 330 40 reservationsanslag
1154 2452 41 21 av
1222 2441 119 38 19,000
1366 2440 131 32 kronor.

1653 580 138 28 Utskottet.
