1896 2832
139 233 136 28 Utskottet.

327 158 44 32 30
758 159 296 35 Statsutskottets
1073 161 186 34 utlåtande
1277 161 56 34 Nr
1351 164 34 32 8.

372 238 53 32 Av
449 238 64 32 den
538 239 10 32 i
573 240 253 41 propositionen
850 241 157 33 lämnade
1031 242 228 42 utredningen
1282 244 163 41 framgår,
1470 247 49 29 att
1542 245 76 31 fara
1641 245 180 42 föreligger

325 291 56 31 för
413 294 49 29 att
493 292 241 42 domkapitlets
757 294 109 32 delvis
889 296 135 40 mycket
1047 296 193 32 värdefulla
1262 297 182 32 arkivalier
1466 309 122 30 genom
1615 298 57 32 det
1694 299 124 42 olämp-

325 344 71 41 liga
419 348 74 36 sätt,
518 348 107 39 varpå
649 346 41 33 de
713 358 46 21 nu
783 353 58 26 äro
866 349 190 38 förvarade,
1084 350 140 32 komma
1240 353 48 29 att
1305 352 172 31 förstöras.
1504 351 126 33 Vidare
1646 352 172 33 inhämtas

326 408 42 21 av
403 399 226 41 utredningen
661 400 11 31 i
704 401 148 39 ärendet,
886 404 49 29 att
958 402 241 42 domkapitlets
1224 404 62 31 och
1310 404 286 33 stiftsnämndens
1620 406 199 32 nuvarande

325 451 240 34 arbetslokaler
588 458 59 27 äro
670 454 215 42 synnerligen
899 455 342 34 otillfredsställande.
1263 457 170 33 Utskottet
1448 457 93 33 delar
1557 458 261 41 departements-

325 504 140 33 chefens
496 507 227 41 uppfattning
754 518 56 21 om
843 511 50 29 att
921 519 100 22 snara
1043 510 157 41 åtgärder
1223 515 57 27 äro
1304 521 43 22 av
1371 511 111 32 nöden
1507 513 54 31 för
1585 515 49 29 att
1657 513 161 42 avhjälpa

325 559 42 31 de
398 559 209 42 svårigheter
639 560 10 32 i
683 561 139 32 berörda
853 563 175 39 avseende,
1054 564 140 31 varmed
1217 564 225 41 domkapitlet
1465 566 62 31 och
1551 566 267 33 stiftshämnden

323 613 56 32 för
411 614 213 32 närvarande
656 615 88 32 hava
775 618 49 29 att
857 616 131 42 dragas.
1029 617 130 42 Kungl.
1194 618 114 41 Maj:ts
1339 619 223 32 förevarande
1596 620 128 42 förslag
1755 621 63 32 har

324 666 117 32 därför
467 667 73 32 icke
567 668 87 41 givit
677 669 162 32 utskottet
863 670 185 42 anledning
1072 671 52 31 till
1148 671 142 33 erinran.
1340 672 171 33 Utskottet
1534 673 59 33 vill
1618 674 86 32 dock
1727 675 11 31 i
1762 685 54 21 an-

323 719 155 42 slutning
500 721 50 31 till
574 721 68 32 vad
667 722 371 41 departementschefen
1064 725 114 32 anfört
1201 726 226 41 understryka
1451 727 115 32 vikten
1588 738 43 21 av
1650 731 49 28 att
1714 727 104 42 bygg-

323 773 250 41 nadsstyrelsen
607 775 59 32 vid
698 775 362 44 byggnadsföretagets
1085 779 181 32 utförande
1290 779 229 42 tillvaratager
1543 780 41 32 de
1608 780 210 43 besparings-

323 827 226 41 möjligheter,
578 839 75 21 som
677 829 117 32 kunna
817 830 161 41 erbjudas
1001 831 103 32 bland
1129 835 105 29 annat
1256 843 125 30 genom
1406 833 65 32 den
1495 834 109 32 under
1628 845 116 22 senare
1768 835 49 32 tid

322 880 159 33 inträdda
504 881 203 42 nedgången
729 883 11 31 i
763 883 92 32 vissa
878 884 271 42 materialpriser.

372 934 113 32 Under
507 935 214 42 åberopande
744 947 42 22 av
811 937 57 32 det
891 938 144 32 anförda
1059 938 195 33 hemställer
1277 940 174 38 utskottet,

687 993 49 29 att
758 991 183 42 riksdagen
965 994 56 29 må

687 1041 30 43 a)
749 1044 49 32 till
834 1045 230 41 Domkapitlen
1098 1046 55 32 och
1186 1046 313 41 stiftshämnderna:
1538 1047 213 41 Uppförande
1774 1060 41 20 av

643 1098 272 41 domkapitelshus
945 1099 14 31 i
1000 1099 109 41 Växjö
1138 1100 53 31 för
1222 1100 202 42 budgetåret
1456 1097 145 41 1939/40
1625 1102 119 31 anvisa
1767 1105 48 28 ett

642 1152 329 41 reservationsanslag
994 1163 42 22 av
1062 1154 121 37 176,500
1206 1154 138 39 kronor;

687 1203 32 42 b)
754 1205 168 41 medgiva,
955 1209 47 29 att
1035 1217 43 22 av
1112 1207 239 40 kyrkofonden
1376 1209 57 31 må
1455 1207 51 32 till
1530 1208 217 41 uppförande
1771 1219 42 21 av

642 1257 293 42 domkapitelshus
969 1260 11 30 i
1004 1260 113 40 Växjö
1142 1262 80 39 utgå
1246 1263 47 29 ett
1316 1260 124 42 belopp
1464 1272 42 22 av
1531 1263 122 37 91,500
1676 1262 135 32 kronor.

364 1378 88 43 42:o)
484 1381 297 33 Kleresistaten.
829 1383 15 32 I
878 1384 148 41 enlighet
1059 1384 80 33 med
1169 1385 126 41 Kungl.
1322 1386 116 41 Maj:ts
1462 1386 129 42 förslag
1614 1385 121 43 (punkt
1758 1388 55 38 40,

319 1433 62 32 sid.
418 1435 50 37 73,
501 1445 42 22 av
576 1436 247 32 förutnämnda
847 1437 334 42 statsrådsprotokoll
1204 1439 52 31 för
1280 1438 66 33 den
1369 1441 22 30 4
1414 1440 134 40 januari
1575 1438 106 42 1939),
1707 1440 106 33 vilket

318 1487 144 33 innebär
491 1499 134 22 samma
653 1489 312 43 medelsanvisning
988 1502 73 21 som
1086 1492 54 31 för
1163 1492 232 33 innevarande
1418 1493 176 42 budgetår,
1619 1494 197 32 hemställer

319 1542 174 39 utskottet,

685 1599 47 29 att
754 1597 182 42 riksdagen
960 1599 56 30 må
1039 1598 50 32 till
1114 1599 237 33 Kleresistaten
1376 1600 52 31 för
1451 1600 201 42 budgetåret
1668 1598 144 41 1939/40

639 1650 118 32 anvisa
780 1653 47 29 ett
843 1651 264 42 förslagsanslag
1131 1663 43 21 av
1198 1653 98 38 8,000
1320 1653 134 32 kronor.

362 1771 88 42 43:o)
481 1773 115 33 Vissa
629 1775 269 41 ersättningar
929 1776 60 32 till
1020 1776 286 41 kyrkofonden.
1353 1778 15 31 I
1399 1778 150 41 enlighet
1576 1779 79 32 med
1679 1780 130 41 Kungl.

317 1826 116 41 Maj:ts
466 1828 128 41 förslag
626 1825 122 44 (punkt
779 1830 54 38 41,
867 1829 62 32 sid.
956 1827 61 43 73),
1047 1831 107 32 vilket
1176 1831 142 32 innebär
1342 1842 132 22 samma
1498 1832 315 43 medelsanvisning

316 1891 74 21 som
418 1882 50 31 för
491 1881 232 33 innevarande
746 1882 176 42 budgetår,
947 1883 196 33 hemställer
1166 1885 172 39 utskottet,

682 1939 49 29 att
761 1936 183 42 riksdagen
976 1939 55 30 må
1065 1938 52 31 till
1152 1939 96 32 Vissa
1268 1940 226 40 ersättningar
1517 1940 52 32 till
1592 1940 219 41 kyrkofonden

636 1990 54 31 för
709 1989 201 42 budgetåret
929 1988 143 41 1939/40
1089 1992 119 32 anvisa
1223 1995 47 29 ett
1285 1992 120 42 anslag
1420 2003 43 23 av
1479 1994 179 38 5,046,400
1674 1994 133 32 kronor.

359 2101 89 44 44:0)
470 2103 232 42 Ersättning
725 2104 40 33 åt
788 2105 110 32 vissa
920 2105 279 42 församlingar
1218 2107 60 32 till
1293 2107 100 41 följd
1409 2117 49 23 av
1473 2108 175 42 lindring
1663 2109 14 32 i
1692 2109 115 32 främ-

314 2157 141 32 mande
478 2157 332 34 trosbekännares
835 2159 350 42 skattskyldighet.
1227 2161 15 32 I
1266 2161 151 42 enlighet
1440 2163 77 32 med
1541 2162 130 42 Kungl.
1696 2163 113 41 Maj:ts

313 2211 132 42 förslag
476 2208 122 45 (punkt
627 2214 54 37 42,
710 2213 60 32 sid.
798 2214 41 31 73
869 2214 63 32 och
957 2213 62 41 74),
1045 2215 107 32 vilket
1175 2215 142 32 innebär
1341 2226 133 22 samma
1497 2217 315 41 medelsanvisning

313 2275 74 21 som
413 2266 53 31 för
489 2265 232 33 innevarande
744 2266 176 42 budgetår,
944 2267 198 33 hemställer
1165 2269 176 39 utskottet,

680 2322 48 29 att
751 2320 183 41 riksdagen
957 2322 57 31 må
1037 2321 51 32 till
1112 2322 202 41 Ersättning
1338 2325 34 29 åt
1396 2323 87 32 vissa
1497 2323 243 41 församlingar
1758 2324 52 32 till

626 2373 90 41 följd
740 2385 39 20 av
802 2374 151 41 lindring
984 2374 15 32 i
1019 2374 213 41 främmande
1256 2377 265 32 trosbekännares
1540 2377 270 41 skattskyldighet

633 2427 54 31 för
719 2426 200 42 budgetåret
945 2425 144 40 1939/40
1118 2429 120 32 anvisa
1266 2432 47 29 ett
1334 2429 263 42 förslagsanslag
1621 2441 43 22 av
1688 2431 120 37 65,000

632 2481 133 31 kronor.
