1884 2834
302 166 42 31 92
731 165 298 36 Statsutskottets
1048 166 184 35 utlåtande
1252 168 55 34 Nr
1325 170 33 32 8.

345 245 172 33 Utskottet
550 256 97 22 anser
679 246 57 33 det
768 247 188 42 angeläget,
991 251 49 29 att
1064 248 111 33 denna
1199 249 194 42 utredning,
1423 251 37 31 så
1484 253 94 30 snart
1600 251 92 33 detta
1716 253 79 31 med

301 298 134 42 hänsyn
462 299 52 32 till
538 300 200 41 spörsmålet
761 312 58 20 om
842 301 338 42 skolöverstyrelsens
1204 303 293 42 omorganisation
1521 303 85 34 låter
1629 305 51 41 sig
1703 310 93 37 göra,

301 352 197 33 verkställes
522 353 64 32 och
609 353 128 42 förslag
760 354 11 32 i
795 357 114 29 ämnet
932 354 223 34 underställes
1172 356 192 42 riksdagen.
1383 357 75 32 Den
1474 368 44 22 av
1535 357 261 43 departements-

301 405 130 39 chefen,
465 407 113 31 såsom
611 409 46 30 ett
688 407 228 41 provisorium
949 408 11 32 i
984 409 170 32 avvaktan
1179 411 45 40 på
1247 410 175 33 resultatet
1444 421 44 22 av
1511 411 152 33 nämnda
1686 413 109 31 utred-

301 459 93 41 ning,
418 459 194 42 föreslagna
635 460 191 42 höjningen
850 461 77 32 med
952 463 66 31 200
1042 462 124 32 kronor
1189 474 43 22 av
1257 464 232 41 ersättningen
1506 464 52 32 till
1573 466 223 41 expeditions-

300 512 155 33 biträden
479 514 55 31 får
557 514 163 32 utskottet
743 515 80 41 giva
846 515 51 32 sin
922 515 209 42 anslutning.

346 566 75 32 Vad
456 566 129 42 Kungl.
619 567 98 41 Maj:t
749 568 10 31 i
790 568 110 41 övrigt
923 568 112 33 under
1058 569 111 32 denna
1193 570 111 41 punkt
1328 570 178 42 föreslagit
1529 571 62 32 har
1613 572 74 32 icke
1710 572 87 41 givit

301 620 163 32 utskottet
486 620 187 42 anledning
695 621 53 32 till
772 621 133 33 erinran
929 622 82 32 eller
1034 622 183 33 uttalande.
1244 624 173 32 Utskottet
1439 624 197 34 hemställer
1656 625 139 40 således,

664 678 49 29 att
737 675 181 42 riksdagen
943 678 58 30 må

663 734 30 44 a)
736 738 184 41 godkänna
957 738 154 41 följande
1143 740 377 43 personalförteckning
1551 742 53 32 för
1635 742 160 33 folkskol-

619 791 248 42 inspektionen,
892 795 49 29 att
964 792 172 43 tillämpas
1160 793 68 32 tills
1249 794 117 33 vidare
1386 795 79 31 från
1483 795 64 32 och
1563 795 76 33 med
1657 795 140 43 budget-

621 845 70 32 året
716 842 161 41 1939/40:

954 934 507 44 Personalförteckning.

620 978 176 33 Befattning.
1634 983 159 33 Lönegrad.

934 1015 212 41 Tjänstemän
1170 1018 20 30 å
1214 1017 168 33 ordinarie
1404 1021 76 29 stat.

620 1077 41 31 52
685 1076 365 42 folkskolinspektörer.
1061 1105 600 8 ......ss.ss.ss.os.oo.s
1597 1072 66 52 ro.
1695 1081 29 32 A
1741 1082 42 32 26

644 1132 14 30 1
684 1130 383 42 nomadskolinspektör
1086 1159 5 5 .
1112 1158 546 8 ........s..s..s........
1692 1135 30 32 A
1739 1135 52 39 26;

663 1217 33 43 b)
732 1219 184 42 godkänna
950 1220 154 41 följande
1143 1221 249 42 avlöningsstat
1423 1223 55 32 för
1501 1222 293 44 folkskolinspek-

619 1273 126 38 tionen,
779 1275 49 29 att
860 1273 172 42 tillämpas
1062 1274 67 32 tills
1157 1274 118 33 vidare
1303 1276 77 31 från
1405 1276 64 32 och
1493 1277 79 32 med
1595 1277 200 42 budgetåret

622 1322 160 41 1939/40:

1031 1407 346 42 Avlöningsstat.

621 1470 27 31 1.
684 1468 214 43 Avlöningar
930 1469 52 33 till
1012 1470 208 41 tjänstemän
1249 1473 19 30 &å
1297 1471 169 33 ordinarie

684 1525 77 36 stat,
779 1522 197 42 förslagsvis
1000 1549 463 10 sssssssssssers
1375 1518 92 52 resa
1490 1526 126 33 kronor
1638 1527 146 39 524,000

620 1577 28 31 2.
686 1576 136 33 Arvode
845 1577 63 32 och
930 1577 146 33 särskild
1093 1578 198 42 ersättning,
1308 1578 156 33 bestämd

685 1640 43 22 av
752 1629 129 42 Kungl.
906 1630 115 41 Maj:t:

684 1694 29 21 a.
740 1683 247 42 Grundbelopp
1014 1711 165 6 .......
1214 1685 127 33 kronor
1366 1687 98 37 1,500

683 1736 31 32 b.
741 1737 401 42 Vikariatsersättningar

740 1801 46 21 m.
808 1802 56 28 m.,
880 1791 199 42 förslagsvis
1124 1818 32 6 ....
1265 1804 13 15 3
1399 1794 65 31 300
1547 1814 12 15 ,
1685 1805 98 38 1,800

619 1854 29 30 3.
684 1852 212 43 Avlöningar
920 1853 50 33 till
995 1854 98 41 övrig
1114 1854 257 34 icke-ordinarie
1394 1866 71 31 per-

684 1906 97 32 [160
733 1902 29 50 et:
767 1902 4 50 3
1547 1921 12 15 >
1660 1910 123 40 33,800

617 1961 29 30 4.
684 1959 174 33 Särskilda
879 1960 254 33 löneförmåner
1148 1961 51 32 till
1216 1962 169 32 ordinarie
1401 1963 63 31 och

682 2013 258 33 icke-ordinarie
964 2014 219 41 tjänstemän,
1200 2015 199 41 förslagsvis
1430 2043 32 5 ..
1546 2028 12 15 ,
1661 2018 122 38 28,300

619 2067 28 32 5.
684 2066 135 42 Rörligt
841 2067 129 42 tillägg,
988 2067 198 42 förslagsvis
1213 2094 248 7 ..........
1546 2081 13 15 »
1660 2071 123 38 31,500

1031 2130 142 33 Summa
1196 2131 270 42 förslagsanslag
1490 2132 126 33 kronor
1639 2134 154 38 619,400;

662 2209 28 38 c)
735 2209 55 33 till
826 2210 391 42 Folkskolinspektionen:
1263 2212 204 42 Avlöningar
1504 2214 54 31 för
1595 2213 200 42 budgetåret

620 2260 145 41 1939/40
790 2264 119 32 anvisa
932 2267 49 29 ett
996 2265 264 42 förslagsanslag
1284 2276 43 22 av
1351 2267 145 39 619,400
1521 2267 132 32 kronor.

345 2375 106 43 158:0)
467 2377 482 42 Folkskolinspektionen:
965 2380 386 42 Reseersättningar.
1367 2382 16 32 I
1399 2381 153 43 enlighet
1567 2382 78 33 med
1662 2382 128 42 Kungl.

299 2431 114 42 Maj:ts
436 2431 130 42 förslag
590 2429 120 45 (punkt
736 2434 74 37 154,
835 2433 60 33 sid.
921 2431 88 43 310),
1034 2434 105 33 vilket
1161 2434 145 33 innebär
1328 2445 134 23 samma
1479 2435 315 42 medelsanvisning

298 2496 74 21 som
395 2486 54 33 för
471 2486 233 33 innevarande
728 2486 176 42 budgetår,
929 2487 196 34 hemställer
1147 2488 175 39 utskottet,
