2241 2792
481 201 41 34 24
941 192 259 33 Stats-Utskottets
1223 189 161 33 Utlåtande
1408 187 63 31 N:o
1493 187 52 31 30.

439 292 81 31 efter
546 289 192 41 föregången
766 285 171 40 utredning
964 283 34 32 af
1022 281 138 33 handels:
1195 280 60 32 och
1282 277 263 43 sjöfartsfondens
1573 275 155 32 tillkomst
1746 274 58 31 och
1827 272 213 40 användning,

437 342 212 43 uttryckligen
682 338 165 38 förklarat,
883 339 47 29 att
955 334 135 33 fondens
1118 330 235 43 öfverflyttning
1380 328 50 33 till
1457 327 237 33 Statskontoret
1720 325 68 32 icke
1816 324 143 42 åsyftade
1986 325 56 30 nå-

439 406 59 30 gon
527 391 231 39 inskränkning
784 390 10 30 i
822 389 60 31 den
912 386 183 43 myndighet
1120 383 114 40 Kongl,
1263 382 89 41 Maj:t
1379 381 144 31 deröfver
1550 379 77 40 egde
1654 378 118 38 utöfva,
1803 380 74 28 utan
1898 375 144 32 lemnade

438 445 312 42 dispositionsrätten
783 440 34 32 af
848 440 183 31 densamma
1062 434 203 37 oförändrad,
1301 433 48 31 får
1376 432 178 37 Utskottet,
1583 440 66 21 som
1678 429 79 40 tagit
1783 427 180 31 kännedom
1991 437 50 20 om

439 497 146 33 handels-
613 495 59 32 och
699 491 265 44 sjöfartsfondens
990 487 217 41 räkenskaper
1233 485 49 32 för
1309 484 38 32 de
1375 483 133 33 sednare
1537 484 74 30 åren
1640 480 58 33 och
1728 479 107 32 dervid
1857 478 105 31 funnit
1988 477 54 31 be-

439 549 93 32 rörda
559 547 75 33 fond
662 545 161 33 äfvensom
851 542 37 32 de
916 541 46 32 till
992 541 184 31 densamma
1202 537 153 40 anslagna
1382 535 101 32 medel
1512 533 49 32 väl
1588 531 160 41 behöfliga
1776 531 48 31 för
1849 528 128 33 dermed
1997 528 45 32 af-

440 600 99 33 sedda
565 597 159 39 ändamål,
752 594 178 39 hemställa,

839 649 48 29 att
912 645 83 31 Herr
1020 642 68 32 Nils
1114 641 138 32 Larsons
1285 636 210 35 omförmälda
1527 634 120 33 motion
1678 633 70 33 icke
1781 634 52 30 må
1864 631 48 32 till
1941 632 102 39 någon

840 696 111 41 åtgärd
979 692 195 35 föranleda."

514 752 33 33 af
571 752 121 32 Herrar
718 750 40 32 BR.
788 744 428 45 Montgomery-Cederhjelm
1243 742 59 32 och
1329 741 42 32 N.
1401 740 43 32 H.
1474 738 160 33 Selander.

516 804 34 32 af
574 804 147 31 Friherre
749 802 42 31 N.
808 801 41 31 A.
875 797 254 43 Silfverschiöld:
1162 795 114 32 "Emot
1302 791 282 34 Stats-Utskottets
1612 786 120 35 fattade
1759 785 116 40 beslut,
1898 784 149 33 att
1962 780 17 52 å
1994 784 53 33 det

439 855 51 33 vid
519 855 79 31 1856
625 855 51 30 års
703 851 131 41 riksdag
860 851 49 30 för
937 848 145 33 handels-
1109 846 59 32 och
1195 843 246 42 sjöfartsfonden
1469 840 165 32 bestämda
1656 839 119 38 anslag,
1800 838 137 36 750,000
1958 835 85 38 R:dr,

440 905 158 43 tillstyrka
624 903 191 41 indragning
842 902 33 32 af
902 902 134 38 500,000
1063 897 85 40 R:dr,
1182 896 48 32 får
1258 896 53 41 jag
1339 892 127 34 anmäla
1494 892 63 31 min
1584 888 205 39 reservation,
1819 886 145 38 emedan,
1994 896 54 20 en-

441 960 57 39 ligt
524 957 65 31 min
618 957 136 38 mening,
786 954 181 38 Riksdagen
999 951 26 41 ej
1053 960 108 22 ensam
1187 958 74 30 eger
1287 949 75 35 rätt,
1392 948 48 28 att
1466 954 112 29 genom
1606 940 183 39 minskning
1816 938 77 31 eller
1920 937 128 39 indrag-

440 1011 77 39 ning
548 1007 34 32 af
611 1005 209 34 förenämnda
852 1004 110 40 anslag
997 1005 77 38 göra
1105 1002 103 38 någon
1242 995 233 40 inskränkning
1502 995 10 30 i
1540 994 60 30 den
1628 992 61 31 fria
1716 989 274 42 dispositionsrätt
2016 987 35 31 af

440 1062 105 31 denna
571 1058 77 32 fond
675 1057 59 32 och
762 1057 71 31 dess
859 1054 153 38 intrader,
1042 1053 130 31 hvarom
1200 1048 109 33 Rikets
1338 1046 147 38 Ständer,
1515 1044 49 32 vid
1596 1044 79 31 1860
1696 1043 51 30 års
1770 1040 138 40 riksdag,
1931 1038 114 40 Kongl.

441 1113 87 41 Maj:t
555 1109 241 33 tillförsäkrat."

592 1160 116 33 Häruti
735 1156 156 34 instämde
920 1155 146 32 Friherre
1094 1153 38 31 F.
1163 1152 41 32 A.
1233 1149 111 33 Funck
1371 1148 59 32 och
1458 1148 82 31 Herr
1567 1145 31 33 J.
1631 1144 36 32 O.
1700 1142 117 40 Geijer.

517 1214 35 31 af
575 1213 83 31 Herr
684 1210 38 33 F.
753 1209 187 32 Brusewitz.

792 2256 490 62 STOCKHOLM,
1076 2242 122 84 tryckt
1218 2242 64 84 hos
1292 2254 51 51 A.
1370 2254 43 51 L.
1418 2250 168 56 Norman,
1611 2247 105 51 1868.
