1936 2836
340 159 18 30 6
636 160 418 37 Bevillningsutskottets
1083 162 224 33 betänkande
1336 165 53 30 Nr
1417 166 49 30 74.

783 288 241 36 Särskilt
1056 290 255 45 yttrande

335 392 45 21 av
408 383 125 31 herrar
559 383 146 32 Nilsson
732 385 12 30 i
769 384 259 38 Kristianstad,
1054 386 149 37 Boman,
1231 386 153 38 Wohlin,
1412 388 194 37 Forssberg
1634 390 64 30 och
1725 389 71 30 An-

294 434 127 31 derson
444 435 13 30 i
481 435 239 37 Norrköping,
745 445 75 22 som
844 437 135 31 anfört:

338 504 145 31 »Ehuru
510 505 35 31 vi
568 505 153 32 anslutit
745 515 56 21 oss
825 506 58 31 till
907 507 192 31 utskottets
1125 507 216 32 hemställan
1366 518 56 21 om
1447 509 107 30 bifall
1578 509 58 31 till
1662 510 133 37 Kungl.

296 555 128 36 Maj:ts
446 556 146 36 förslag,
615 558 55 30 att
691 559 103 29 extra
815 558 167 31 inkomst-
1005 559 66 30 och
1092 558 365 37 förmögenhetsskatt
1479 560 92 31 skall
1594 561 88 36 utgå
1705 564 90 29 även

297 608 113 31 under
433 609 41 29 år
496 607 87 36 1983,
607 608 94 31 hava
724 609 36 30 vi
782 609 88 31 dock
892 610 12 30 i
927 610 174 31 samband
1122 611 149 31 härmed
1294 611 97 31 velat
1413 612 126 36 uttala,
1563 614 54 30 att
1640 613 38 31 vi
1701 614 11 29 i
1735 624 59 20 an-

296 659 163 36 slutning
479 659 58 31 till
556 660 68 31 den
645 660 236 37 uppfattning
903 661 12 31 i
936 661 142 36 frågan,
1099 672 76 21 som
1192 662 150 31 kommit
1363 663 58 31 till
1441 664 149 36 uttryck
1610 664 12 31 i
1645 665 68 31 den
1734 665 61 32 vid

295 710 78 31 1932
395 711 60 31 års
476 710 375 37 bevillningsutskotts
873 712 223 32 betänkande
1120 723 43 21 nr
1186 714 37 30 55
1247 714 129 36 fogade
1398 715 278 37 reservationen,
1699 717 96 36 prin-

297 762 137 36 cipiellt
452 762 98 31 hålla
568 762 76 32 före
664 765 63 34 att,
755 763 4 31 i
777 764 67 31 den
863 765 84 30 mån
964 764 91 32 brist
1075 765 12 30 i
1106 764 180 37 budgeten
1303 765 63 32 bör
1386 766 123 31 täckas
1526 775 128 28 genom
1671 767 124 38 skärpt

295 813 169 31 inkomst-
491 814 65 31 och
584 814 507 38 förmögenhetsbeskattning,
1118 817 114 31 sådan
1256 817 173 37 täckning
1456 818 77 31 icke
1561 819 63 31 bör
1651 819 61 31 ske
1740 828 54 28 ge-

295 874 83 22 nom
405 866 197 35 uttagande
630 876 45 21 av
702 876 44 21 en
772 868 103 30 extra
901 867 168 31 inkomst-
1097 868 66 31 och
1188 868 365 37 förmögenhetsskatt
1580 871 114 31 sådan
1721 881 74 21 som

295 917 68 31 den
385 926 49 21 nu
457 916 206 37 föreslagna
685 920 89 29 utan
797 926 126 28 genom
944 928 43 21 en
1008 918 151 37 lämplig
1182 920 208 37 avvägning
1412 931 46 20 av
1479 923 237 34 procenttalet
1739 923 56 31 för

296 968 67 31 den
386 978 49 21 nu
461 968 166 36 gällande
650 969 167 31 inkomst-
840 970 65 31 och
929 970 438 36 förmögenhetsskatten.»

510 2473 111 20 881742.
666 2471 175 29 Stockholm,
861 2456 85 41 Isaac
972 2456 121 42 Marcus
1112 2454 377 56 Boktryckeri-Ak'tiebolag,
1517 2459 74 43 1933.
