2218 2624
446 183 237 32 Sammansalta
708 182 97 32 Stats-
830 183 71 35 (och
928 182 257 41 Lag-)utskottets
1214 181 168 32 Utlåtande
1409 181 61 32 N:o
1496 184 31 28 4.
1762 180 39 30 19

200 274 13 34 i
242 273 216 46 vägskatten
488 274 149 34 beredas
667 274 43 34 de
740 273 141 35 mindre
901 273 319 45 inkomsttagarue,
1244 285 84 23 vore
1349 272 59 34 det
1428 271 81 35 icke
1529 271 153 47 obilligt.
1732 271 69 45 Jag

200 330 76 31 tror
318 326 118 44 också,
481 330 53 32 att
578 328 60 34 det
666 339 85 23 vore
781 326 105 35 klokt
913 326 40 35 af
974 327 267 47 jordbrukarne
1271 328 53 32 att
1351 326 81 34 icke
1461 326 105 33 ställa
1595 325 56 46 sig
1679 325 123 34 alltför

200 379 189 35 afvisande
431 383 184 43 gentemot
656 393 45 22 en
738 380 133 35 reform
901 380 12 34 i
942 381 98 34 detta
1069 380 181 43 afseende,
1282 383 39 43 ty
1351 380 43 34 de
1423 378 141 35 riskera
1593 378 104 48 eljest
1726 378 76 34 helt

200 432 92 36 visst
320 436 52 32 att
400 434 108 35 mista
536 434 128 45 bidrag
694 433 81 35 från
804 446 45 22 en
878 433 59 35 hel
966 434 58 34 del
1044 445 180 34 personer,
1247 445 74 22 som
1343 433 110 45 draga
1473 431 56 47 sig
1550 432 55 35 för
1624 435 54 31 att
1696 431 105 47 flytta

199 485 57 36 till
285 487 123 35 landet
436 488 55 34 för
520 490 54 32 att
601 487 81 34 icke
711 486 115 35 blifva
854 486 76 35 helt
958 487 66 34 och
1053 487 111 34 hållet
1192 486 211 46 nedtyngda
1431 485 40 34 af
1497 485 148 35 skatter.

306 541 51 34 På
399 540 120 46 grund
556 540 40 34 af
630 540 95 34 hvad
755 539 150 35 sålunda
934 539 123 36 blifvit
1085 539 156 44 anfördt,
1273 539 55 34 får
1353 538 63 47 jag
1444 538 183 35 vördsamt
1656 537 142 42 föreslå,

308 597 53 31 att
393 594 212 45 Riksdagen
634 592 84 35 ville
747 592 12 35 i
789 592 191 35 skrifvelse
1008 592 56 35 till
1093 592 135 46 Kungl.
1260 591 107 48 Maj:t
1396 591 153 44 anhålla,
1581 594 53 32 att
1662 591 136 45 Kungl.

199 647 109 48 Maj:t
335 647 139 35 täcktes
504 646 211 36 föranstalta
744 658 56 22 om
830 645 158 36 revision
1016 645 13 35 1
1057 646 108 35 ofvan
1195 645 150 47 angifna
1373 644 166 47 riktning
1559 644 40 35 af
1615 644 106 47 lagen
1742 656 59 22 an-

199 701 139 46 gående
380 700 441 47 väghållningsbesvärets
863 699 199 47 utgörande
1100 702 46 44 på
1183 699 124 35 landet
1336 699 70 34 den
1437 700 46 32 23
1515 697 152 36 oktober
1700 699 97 33 1891

200 757 93 32 samt
321 753 55 36 för
405 754 211 46 Riksdagen
636 753 200 47 framlägga
857 754 60 34 det
936 753 134 46 förslag
1084 753 57 35 till
1157 753 158 34 ändrade
1330 752 271 35 bestämmelser
1615 751 13 35 i
1644 751 157 35 nämnda

199 808 69 46 lag,
300 807 148 35 hvartill
477 820 46 22 en
552 806 103 48 dylik
684 806 159 36 revision
873 807 73 34 kan
974 806 219 36 föranleda.»

307 860 135 36 Vidare
485 866 39 29 är
566 860 57 35 till
664 861 119 34 denna
825 873 117 34 grupp
981 863 53 32 att
1062 860 152 35 hänföra
1242 860 85 35 herr
1355 859 199 35 Lindblads
1584 858 146 43 motion,
1763 860 39 32 så

199 914 174 47 lydande:

309 968 108 46 »Inga
453 967 141 35 skatter
627 972 59 30 äro
716 967 184 46 populära,
932 979 81 23 men
1042 966 141 35 kanske
1212 967 89 34 allra
1330 966 111 35 minst
1469 965 228 47 vägskatten,
1730 969 70 30 sär-

200 1021 114 35 skildt
342 1021 55 35 för
425 1022 92 43 dem,
550 1033 74 23 som
653 1020 131 36 hittills
814 1023 78 44 gått
920 1020 88 45 fria;
1039 1033 84 22 man
1150 1020 67 35 har
1246 1023 39 32 så
1314 1022 98 33 svårt
1440 1022 52 32 att
1512 1020 123 43 förstå,
1658 1021 54 33 att
1731 1018 70 35 alla

199 1075 131 35 bördor
362 1075 180 48 utjämnas
571 1075 67 35 och
666 1074 52 35 bli
746 1075 129 34 lättare
904 1077 52 32 att
984 1074 96 44 bära,
1113 1074 44 35 då
1185 1076 139 45 tungan
1354 1073 154 36 fördelas
1537 1075 46 45 på
1612 1085 45 22 en
1687 1076 113 32 större

199 1129 206 35 allmänhet.
465 1128 182 36 BSärskildt
675 1133 39 30 är
743 1129 61 34 det
828 1128 299 48 järnvägsfolket,
1160 1140 74 23 som
1262 1129 67 34 har
1348 1126 170 49 fribiljett
1537 1127 66 35 och
1624 1126 74 35 kan
1717 1129 84 44 taga

199 1195 105 23 varor
334 1182 80 36 fritt
442 1185 46 44 på
512 1182 166 48 järnväg,
709 1194 75 23 som
815 1182 30 47 ej
878 1182 130 35 förstår
1035 1184 131 45 nyttan
1194 1182 67 35 och
1290 1181 243 47 välsignelsen
1562 1180 40 35 af
1627 1181 170 44 vägskatt,

198 1236 119 35 likaså
354 1236 67 36 ock
458 1236 324 47 lägenhetsägaren
810 1235 13 35 i
852 1238 52 33 ett
932 1235 372 47 municipalsamhälle
1333 1235 86 35 eller
1447 1235 246 43 annorstädes,
1725 1246 74 23 som

198 1290 192 35 mestadels
419 1290 92 35 blott
541 1292 99 44 »går»
671 1292 46 44 på
745 1294 118 42 vägen
892 1289 86 35 eller
1006 1291 46 45 på
1081 1289 56 35 sin
1166 1289 86 48 höjd
1283 1288 106 36 »åker
1405 1288 223 47 velociped>,
1650 1288 74 34 han
1744 1287 55 35 får

199 1343 30 47 ej
275 1343 68 35 lätt
378 1343 13 35 i
429 1343 64 35 sitt
529 1343 142 35 hufvud
706 1345 53 33 att
789 1343 71 35 han
891 1342 139 36 >»sliter>
1066 1348 126 41 vägen,
1224 1343 108 35 äfven
1360 1355 57 23 om
1447 1342 73 35 han
1548 1342 147 35 alldeles
1725 1343 74 33 står

199 1397 74 45 där,
305 1402 66 29 när
400 1402 115 42 vägen
544 1400 56 32 tar
629 1396 72 36 slut
729 1396 89 35 eller
845 1396 71 35 blir
946 1396 138 35 mindre
1113 1397 79 46 god.

306 1450 222 47 Billigheten
570 1450 130 48 bjuder
742 1450 45 34 då
825 1453 53 32 att
905 1449 107 45 tillse,
1043 1462 57 23 om
1128 1452 119 44 någon
1276 1449 164 47 lindring
1467 1448 230 48 rättvisligen
1727 1447 73 36 kan

198 1504 169 45 beredas;
398 1504 67 36 och
493 1504 179 35 måhända
700 1516 85 24 vore
815 1504 61 35 det
903 1503 230 47 berättigadt,
1164 1507 54 32 att
1246 1504 222 46 löntagaren,
1495 1503 109 35 hvars
1625 1514 174 23 samman-

198 1558 107 47 lagda
347 1557 259 36 årsinkomster
643 1558 115 47 enligt
786 1557 542 47 inkomstskatteförordningen
1357 1557 30 49 ej
1419 1559 45 45 gå
1492 1569 75 34 upp
1596 1556 57 36 till
1683 1558 115 42 2,000

198 1612 69 44 kr.,
303 1611 135 48 slipper
467 1612 82 35 med
577 1612 80 34 half
684 1611 185 48 vägskatt;
900 1611 116 35 likaså
1044 1611 67 35 ock
1141 1617 132 41 ägaren
1302 1611 40 35 af
1367 1623 120 23 annan
1515 1609 176 48 fastighet
1718 1610 83 34 med

198 1666 107 46 högst
345 1668 113 42 5,000
499 1665 56 36 kr.
586 1665 310 47 taxeringsvärde,
928 1665 45 35 då
1001 1665 91 35 hans
1122 1666 268 45 sammanlagda
1420 1664 260 36 årsinkomster
1708 1663 92 36 efter

197 1720 159 34 nämnda
398 1719 212 47 förordning
651 1719 30 48 ej
726 1721 123 44 uppgå
891 1718 57 35 till
987 1721 114 42 2,000
1132 1719 54 35 kr.
1245 1720 116 34 Dessa
1389 1717 205 48 kategorier
1623 1718 41 34 af
1689 1717 110 35 skatt-

198 1773 183 46 dragande
410 1772 208 47 inbegripas
648 1773 107 36 äfven
784 1773 110 34 bland
923 1773 91 43 dem,
1046 1784 74 23 som
1149 1772 13 35 i
1191 1774 113 34 andra
1328 1772 253 47 förordningar
1601 1784 56 23 om
1679 1771 122 35 direkt

198 1826 100 36 skatt
325 1827 150 35 räknats
503 1826 57 35 till
589 1827 44 34 de
661 1826 142 35 mindre
831 1826 67 36 och
927 1826 152 48 åtnjutit
1107 1826 137 47 afdrag.

305 1881 87 34 Man
430 1880 142 36 fordrar
609 1881 82 34 med
718 1882 106 42 rätta,
855 1883 53 32 att
936 1880 236 47 vägbesväret
1199 1879 230 48 rättvisligen
1457 1881 229 47 uppskattas.
1745 1879 56 35 Då

198 1933 257 48 statsbidraget
496 1934 31 48 ej
573 1934 72 35 kan
681 1934 88 35 eller
806 1946 64 23 ens
905 1934 101 35 torde
1040 1933 87 36 böra
1155 1933 171 36 tillmätas
1354 1933 185 48 rikligare,
1571 1936 39 34 så
1639 1934 71 35 blir
1741 1934 61 34 det

197 1987 187 48 naturligt,
429 1991 52 32 att
523 1989 80 42 den,
648 2000 73 23 som
759 1987 13 35 i
802 1987 112 36 första
941 1988 98 35 hand
1067 2000 172 24 ansvarar
1268 1988 55 35 för
1350 1994 135 41 vägens
1513 1988 192 35 underhåll
1734 1987 67 35 och

196 2042 99 35 utför
331 2042 148 45 arbetet,
518 2047 39 30 är
585 2042 90 35 rädd
703 2044 53 33 att
784 2041 52 35 bli
864 2041 156 36 lidande.
1078 2042 69 35 För
1176 2054 45 23 en
1246 2042 164 47 jämnare
1438 2041 269 48 uppskattning
1735 2041 66 35 har

197 2095 279 48 lagstiftningen
513 2096 113 35 redan
654 2095 98 48 sörjt.
811 2096 88 34 Men
929 2097 128 45 många
1087 2095 266 48 tillfälligheter
1382 2095 99 48 spela
1509 2096 66 35 här
1604 2095 49 44 in,
1685 2097 115 33 såsom

198 2149 98 35 olika
324 2152 222 44 grusåtgång
576 2149 96 36 olika
701 2152 50 41 år,
782 2149 67 35 och
879 2151 53 33 att
959 2149 98 35 olika
1085 2148 141 37 vintrar
1254 2149 126 36 ibland
1407 2149 132 36 hindra
1566 2148 236 47 användning

198 2202 41 36 af
278 2205 45 44 på
365 2208 61 30 öar
467 2203 153 48 belägna
653 2206 150 44 grustag
831 2203 67 35 och
933 2215 83 23 man
1045 2202 56 36 får
1128 2202 83 49 nöja
1241 2202 56 48 sig
1326 2203 82 35 med
1437 2208 115 31 sämre
1581 2204 66 35 och
1676 2203 125 46 längre

198 2257 82 35 bort
317 2257 153 47 belägna
498 2260 159 44 grustag.
716 2255 324 49 Uppskattningen
1069 2256 74 36 kan
1172 2257 121 35 därför
1321 2257 93 36 blott
1441 2256 115 37 blifva
1585 2269 45 23 en
1658 2269 142 35 genom-

1829 855 77 26 Herr
1924 854 86 27 Lind-

1822 890 76 27 blads
1911 892 111 26 motion.
