2216 2612
464 146 40 30 30
918 145 110 30 Första
1052 143 208 43 lagutskottets
1284 144 162 31 utlåtande
1470 143 51 31 Nr
1544 144 27 30 6.

424 233 42 35 så
507 234 122 34 finnes
662 233 328 44 ändamålsenligt,
1020 233 169 34 anordna
1217 233 382 43 bostadsförmedling
1625 243 135 33 genom
1789 233 247 33 kommunens

423 284 158 44 försorg.

1177 359 44 34 10
1250 356 34 45 8.

559 435 53 34 På
652 438 76 32 sätt
762 435 103 35 såväl
894 436 299 41 socialstyrelsen
1223 446 79 23 som
1331 433 170 44 lagrådet
1528 434 151 42 erinrat,
1709 437 101 31 möta
1838 434 198 43 allvarliga

424 486 300 43 betänkligheter
765 489 78 31 mot
882 489 56 31 att
979 485 234 35 beträffande
1254 485 264 43 hyresavtalen
1546 485 160 43 belägga
1734 485 84 33 med
1847 484 111 34 straff
1984 487 53 31 ett

423 536 229 43 förfarande,
694 548 93 30 som,
829 536 47 34 då
917 536 62 34 det
1007 536 110 42 eljest
1143 535 249 34 förekommer
1418 535 65 33 vid
1511 535 121 34 avtals
1660 534 197 44 ingående,
1886 535 80 34 icke
1995 537 41 31 är

424 587 247 35 underkastat
699 598 149 23 ansvar.
902 587 55 33 De
986 589 158 40 säregna
1171 586 290 34 förhållandena
1488 585 49 43 på
1556 585 389 34 bostadsmarknaden
1966 586 69 32 och

424 638 153 33 särskilt
616 638 72 34 den
730 638 192 41 situation,
964 649 80 22 som
1084 637 73 33 kan
1191 637 136 33 tänkas
1361 636 230 43 uppkomma
1619 636 64 34 vid
1712 635 237 44 övergången
1979 636 57 33 till

423 688 72 33 full
535 688 251 41 avtalsfrihet,
828 687 106 35 torde
975 687 209 34 emellertid
1225 688 129 33 kunna
1394 686 182 34 motivera
1614 687 103 33 vissa
1753 686 284 34 bestämmelser

425 738 195 43 angående
648 750 27 22 s.
707 739 33 33 k.
770 738 233 43 hyresocker.
1057 738 194 34 Utskottet
1279 738 69 33 har
1374 740 96 31 även
1499 736 227 44 föregående
1754 736 41 34 år
1822 737 138 33 uttalat
1979 737 58 42 sig

424 790 11 32 i
478 789 124 34 denna
641 789 170 43 riktning
851 789 67 34 och
947 789 121 33 finner
1095 788 33 43 ej
1161 788 80 34 skäl
1270 791 56 30 att
1353 788 12 32 i
1393 787 206 43 anledning
1626 799 48 22 av
1702 788 130 33 herrar
1867 786 170 34 Vindahls

423 840 71 34 och
536 839 213 43 Björnbergs
788 851 51 22 nu
867 839 237 34 framställda
1131 838 197 43 yrkanden
1357 849 57 23 om
1444 838 132 42 avslag
1602 837 22 34 å
1652 836 247 35 förevarande
1927 848 110 32 para-

423 890 88 43 graf
547 889 198 35 frånträda
781 890 58 34 sin
868 889 48 34 då
942 890 157 43 intagna
1127 888 245 44 ståndpunkt.
1427 888 67 33 Ett
1522 890 76 32 rätt
1625 887 223 43 avvägande
1876 898 47 23 av
1952 887 45 34 de
2025 888 12 33 i

424 941 125 33 denna
589 940 107 43 fråga
736 943 80 31 mot
851 940 187 34 varandra
1066 939 155 34 stående
1249 940 210 33 intressena
1486 942 42 31 är
1555 938 207 34 emellertid
1791 949 44 23 en
1863 938 175 43 vansklig

424 990 164 44 uppgift,
618 991 67 34 och
714 991 103 33 vissa
844 990 281 43 invändningar
1152 990 130 33 kunna
1309 1000 102 23 resas
1439 993 78 30 mot
1544 989 63 33 det
1634 991 86 38 sätt,
1741 988 49 43 på
1809 988 116 34 vilket
1945 988 90 34 den-

425 1052 145 23 samma
609 1042 12 32 i
660 1041 250 34 förevarande
939 1040 66 34 fall
1033 1041 106 33 blivit
1168 1040 82 33 löst.
1306 1039 130 34 Såsom
1466 1040 128 33 herrar
1625 1038 156 34 Vindahl
1809 1039 68 33 och
1906 1038 130 44 Björn-

425 1092 81 42 berg
547 1091 219 42 framhållit,
796 1091 72 34 kan
898 1091 62 33 det
987 1090 211 42 anmärkas,
1228 1092 57 32 att
1312 1090 72 33 den
1412 1089 213 43 föreslagna
1652 1089 300 42 bestämmelsen,
1982 1091 54 32 att

424 1142 84 41 den,
551 1153 78 23 som
656 1141 103 44 gjort
786 1142 58 43 sig
870 1141 150 43 skyldig
1047 1141 56 33 till
1130 1141 12 33 i
1170 1140 226 43 paragrafen
1424 1143 173 30 närmare
1625 1139 154 44 angivet
1805 1139 230 41 förfarande,

424 1192 95 34 skall
547 1203 91 23 vara
671 1191 177 34 förfallen
875 1192 57 33 till
960 1202 148 31 ansvar,
1138 1190 68 34 där
1234 1190 33 43 ej
1300 1202 48 22 av
1375 1190 373 43 omständigheterna
1775 1189 176 43 framgår,
1981 1193 54 30 att

424 1244 95 32 hans
559 1242 157 34 berörda
757 1241 217 34 förfarande
1015 1241 79 34 icke
1133 1241 193 34 inneburit
1364 1240 245 43 utnyttjande
1650 1252 48 22 av
1727 1251 125 23 annan
1880 1251 157 31 persons

424 1293 199 43 trångmål,
664 1293 12 33 i
715 1292 79 34 viss
835 1292 86 34 mån
962 1292 157 33 innebär
1159 1294 54 31 ett
1253 1293 130 41 avsteg
1411 1291 84 34 från
1523 1291 46 34 de
1596 1291 155 43 vanliga
1778 1291 170 42 reglerna
1976 1301 58 23 om

423 1344 199 42 bevisning
661 1343 12 33 i
713 1343 189 34 brottmål.
956 1342 191 35 Utskottet
1188 1353 110 23 anser
1325 1342 167 34 tillfället
1519 1341 32 43 ej
1583 1353 51 21 nu
1661 1352 93 23 vara
1780 1341 174 43 lämpligt
1982 1343 55 31 att

424 1398 89 39 taga
555 1393 181 43 ställning
768 1394 58 33 till
854 1404 87 23 vare
970 1393 58 43 sig
1055 1392 134 43 frågan
1218 1404 59 22 om
1308 1392 268 34 bevisbördans
1604 1391 216 43 fördelning
1846 1391 12 33 i
1886 1392 74 32 mål
1989 1402 48 22 av

423 1444 291 43 ifrågavarande
743 1446 59 31 art
829 1444 88 33 eller
945 1443 222 43 spörsmålet
1194 1453 60 23 om
1275 1443 332 42 ockerbegreppets
1628 1442 138 43 riktiga
1785 1440 251 35 utformande.

424 1495 120 34 Dessa
583 1495 166 42 problem
791 1494 105 34 torde
937 1494 90 34 böra
1067 1494 99 33 lösas
1207 1493 11 33 i
1247 1496 117 31 annat
1392 1492 284 44 sammanhang.
1735 1491 53 35 Då
1816 1492 218 41 emellertid,

425 1545 124 34 såsom
589 1545 100 33 inom
727 1544 171 43 lagrådet
937 1543 195 44 påpekats,
1175 1543 45 34 de
1261 1544 215 43 föreslagna
1516 1543 263 43 stadgandena
1807 1543 104 33 skola
1940 1543 96 33 hava

424 1596 176 43 giltighet
640 1594 135 35 endast
815 1594 58 35 för
900 1606 43 22 en
972 1595 149 33 kortare
1149 1593 55 35 tid
1232 1593 140 35 framåt
1399 1594 67 34 och
1496 1594 192 34 desamma
1715 1593 64 34 vid
1808 1593 230 43 hyresregle-

423 1647 153 42 ringens
617 1645 223 43 avveckling
881 1645 103 34 torde
1012 1645 128 34 kunna
1167 1655 93 23 vara
1288 1645 57 33 till
1372 1645 94 33 visst
1493 1656 110 32 gagn,
1633 1655 111 23 anser
1771 1644 57 43 sig
1855 1644 184 33 utskottet

426 1697 89 33 böra
555 1696 200 42 tillstyrka,
786 1698 55 31 att
869 1695 192 34 desamma
1088 1694 184 45 lagfästas
1301 1695 11 33 i
1340 1695 72 34 den
1441 1706 48 22 av
1515 1695 141 42 Kungl.
1685 1693 112 43 Maj:t
1824 1693 213 44 föreslagna

423 1747 158 34 formen.
633 1746 194 35 Utskottet
854 1746 72 34 kan
955 1745 160 35 sålunda
1142 1745 81 34 icke
1251 1745 148 34 biträda
1428 1744 63 35 det
1518 1757 47 22 av
1592 1745 129 33 herrar
1749 1745 99 41 Hage
1867 1744 69 34 och
1955 1743 80 43 Sjö-

423 1799 111 32 ström
561 1797 12 33 i
600 1797 191 33 motionen
820 1808 45 21 nr
893 1797 71 33 210
992 1795 237 35 framställda
1258 1796 187 43 yrkandet
1472 1807 59 22 om
1559 1795 163 42 ändring
1748 1795 13 33 i
1789 1794 248 34 förevarande

425 1847 189 43 paragraf.
668 1847 80 41 Att,
779 1846 121 34 såsom
921 1847 280 33 motionärerna
1219 1846 206 43 föreslagit,
1446 1846 158 43 belägga
1622 1845 87 34 med
1729 1844 109 35 straff
1856 1844 182 44 tagandet

425 1898 91 34 eller
556 1897 247 44 betingandet
843 1908 48 22 av
930 1897 59 34 för
1029 1897 90 43 högt
1158 1896 190 44 vederlag,
1381 1899 95 31 även
1506 1896 47 34 då
1581 1895 72 35 den
1682 1895 186 35 tilltalade
1895 1895 141 34 varken

424 1949 116 33 insett
579 1948 89 34 eller
708 1959 66 23 ens
814 1948 84 33 bort
925 1948 91 41 inse,
1046 1950 56 31 att
1128 1947 218 43 vederlaget
1371 1947 100 33 varit
1498 1946 170 44 oskäligt,
1698 1946 106 34 torde
1831 1945 81 34 icke
1940 1945 58 34 stå
2026 1946 12 32 i

425 1999 374 33 överensstämmelse
826 1997 85 35 med
930 1998 137 34 svensk
1085 1997 354 44 rättsuppfattning.
1492 1997 85 34 Vad
1596 1996 119 44 angår
1734 1996 72 34 den
1827 2007 47 22 av
1894 2006 144 23 samma

424 2049 228 34 motionärer
690 2049 217 43 föreslagna
946 2049 290 43 uppräkningen
1277 2060 48 22 av
1365 2048 45 34 de
1451 2047 333 43 omständigheter,
1826 2057 78 23 som
1933 2046 105 34 skola

424 2102 111 40 tagas
575 2100 12 33 i
627 2099 248 34 betraktande
907 2099 64 34 vid
999 2098 215 44 avgörande
1243 2110 48 22 av
1318 2098 145 44 frågan,
1494 2097 188 34 huruvida
1709 2099 55 32 ett
1790 2096 179 44 vederlag
1996 2099 43 31 är

425 2152 53 31 att
518 2161 89 23 anse
647 2161 80 22 som
770 2149 172 43 oskäligt,
982 2150 67 33 bör
1090 2149 211 42 anmärkas,
1344 2152 56 31 att
1439 2148 157 34 berörda
1624 2147 322 43 omständigheter
1972 2146 65 34 vid

425 2200 189 43 prövning
653 2211 48 22 av
741 2200 167 33 nämnda
947 2199 108 43 fråga
1088 2199 118 34 måste
1234 2199 151 34 komma
1412 2198 120 35 under
1558 2198 235 35 bedömande
1821 2201 96 30 även
1944 2199 93 31 utan
