2220 2618
669 152 114 32 Första
807 152 208 42 lagutskottets
1038 151 160 31 utlåtande
1222 150 53 32 Nr
1298 150 27 32 6.
1723 150 39 30 19

329 244 32 34 6.
416 254 60 24 om
504 243 257 43 hyresgästen,
791 242 68 35 där
908 259 27 5 —
974 259 36 4 —
1047 259 38 4 —
1123 259 32 3 —
1192 259 32 3 —
1252 257 39 5 —
1311 239 160 35 sålunda
1490 239 143 44 åligger
1652 239 150 34 honom.

328 294 141 34 Finnes
496 294 13 33 i
535 293 80 43 fall,
644 304 80 24 som
753 292 125 35 denna
905 290 23 45 $&
956 303 118 31 avser,
1103 291 75 35 vad
1207 302 79 24 som
1314 291 129 44 lägges
1471 291 247 43 hyresgästen
1745 289 59 36 till

192 346 85 42 last,
305 356 95 23 vara
427 356 48 23 av
502 344 108 44 ringa
637 343 242 44 betydenhet,
907 343 61 34 må
988 342 33 44 ej
1044 343 246 44 hyresgästen
1310 341 133 44 skiljas
1461 341 86 35 från
1566 341 236 43 lägenheten.

329 396 21 34 I
374 396 106 43 fråga
506 406 57 23 om
586 393 142 45 påföljd
755 405 45 23 av
828 393 268 35 underlåtenhet
1118 395 51 32 att
1184 394 50 42 på
1252 391 266 44 förfallodagen
1537 392 144 43 erlägga
1701 392 101 43 hyra,

188 458 79 23 som
294 446 92 35 skall
412 447 85 42 utgå
524 445 14 34 i
561 446 216 43 penningar,
807 449 41 29 är
874 444 147 34 särskilt
1047 443 149 44 stadgat.

327 497 198 43 Uppsäges
553 496 154 42 avtalet,
737 498 68 41 äge
833 494 256 44 hyresvärden
1116 496 76 32 rätt
1220 494 57 34 till
1305 492 241 35 skadestånd.

328 695 49 47 E)
404 699 19 34 I
450 699 73 34 den
552 709 47 23 av
626 698 130 34 herrar
784 698 100 43 Hage
911 698 69 34 och
1007 696 172 45 Sjöström
1206 696 137 35 väckta
1363 696 197 45 motionen
1580 706 45 23 nr
1645 695 71 34 210
1736 695 70 34 har
1832 696 110 28 Motion
1961 705 36 18 av

193 750 142 43 yrkats,
360 752 56 32 att
442 749 201 43 riksdagen
671 747 117 35 måtte
808 750 141 42 antaga
968 747 248 35 förevarande
1235 747 247 43 proposition,
1512 746 96 34 dock
1626 745 86 35 med
1731 746 74 34 den
1816 732 101 59 herrar
1935 730 79 68 fenge

191 800 224 44 ändringen,
445 802 57 32 att
532 800 44 33 10
604 796 23 45 $
655 798 138 35 erhölle
820 798 172 43 följande
1019 798 157 43 lydelse:
1836 801 98 28 ström,
1952 806 38 18 nr

328 851 81 34 Den
463 867 36 5 —
538 867 40 5 —
616 867 38 4 —
691 867 39 4 —
769 867 36 3 —
840 866 41 4 —
908 849 189 43 vederlag,
1127 859 47 23 av
1201 848 76 45 vad
1305 847 82 44 slag
1414 847 64 34 det
1505 858 91 23 vara
1623 846 71 43 må,
1724 857 81 24 som
1884 834 58 26 NG

194 901 86 34 med
321 901 148 43 hänsyn
510 901 57 33 till
608 900 33 43 ej
685 899 147 35 mindre
863 899 244 44 lägenhetens
1138 898 261 35 beskaffenhet
1425 898 69 34 och
1523 898 63 34 det
1613 898 193 33 allmänna

194 952 102 43 läget
334 951 50 44 på
422 950 389 35 bostadsmarknaden
843 953 49 31 än
924 953 96 32 även
1049 948 317 36 omkostnaderna
1394 948 58 34 för
1478 948 229 43 fastigheten
1736 948 69 34 och

194 1001 290 35 förhållandena
511 1002 13 33 i
551 1001 123 44 övrigt
700 1003 42 32 är
769 1003 57 32 att
845 1012 90 23 anse
955 1012 78 23 som
1055 1000 171 43 oskäligt,
1248 999 149 35 straffes
1416 999 86 34 med
1522 999 105 34 böter
1643 998 47 34 fr.
1707 1009 32 23 o.
1756 1010 48 22 m.

198 1053 70 34 100
296 1055 26 32 t.
352 1064 32 23 o.
413 1064 48 22 m.
494 1052 133 43 10,000
667 1051 138 35 kronor
845 1051 90 34 eller
975 1051 85 34 med
1100 1050 170 44 fängelse
1301 1050 13 33 i
1346 1050 111 43 högst
1485 1052 53 32 ett
1565 1048 51 35 år.
1672 1048 133 35 Såsom

193 1103 209 44 uthyrning
450 1121 26 5 —
513 1120 38 4 —
589 1120 38 4 —
662 1120 41 4 —
738 1120 41 4 —
811 1119 45 4 —
882 1101 160 45 tillgång
1068 1102 57 34 till
1152 1101 189 44 lägenhet.

328 1154 84 34 Vad
440 1154 13 34 i
479 1153 120 35 första
627 1152 147 45 stycket
827 1170 23 4 —
890 1170 34 4 —
963 1170 37 4 —
1036 1170 40 4 —
1109 1169 37 4 —
1179 1170 47 3 —
1255 1151 116 44 nödig
1396 1151 189 43 lägenhet,

329 1205 126 34 Fälles
482 1203 125 45 någon
659 1221 25 4 —
725 1221 33 4 —
802 1220 34 5 —
878 1221 34 4 —
951 1221 37 4 —
1020 1220 43 5 —
1091 1203 145 35 avtalat
1262 1201 188 45 vederlag.

328 1302 47 47 F)
416 1306 18 34 I
474 1306 71 34 den
587 1317 48 23 av
662 1307 86 33 herr
778 1305 150 35 Carlson
954 1306 13 34 i
994 1305 167 34 Mölndal
1188 1304 136 35 väckta
1351 1304 190 34 motionen
1570 1304 69 33 har
1665 1303 142 44 förslag
1832 1306 114 28 Motion
1964 1315 35 18 av

193 1356 132 35 väckts
352 1368 60 23 om
441 1356 137 35 sådant
604 1357 134 43 tillägg
756 1357 57 34 till
836 1355 291 45 ifrågavarande
1146 1355 245 44 proposition,
1409 1357 55 32 att
1487 1354 59 34 för
1564 1354 244 44 uppsägning
1820 1340 81 61 2”
1918 1340 96 61 ff.

193 1419 51 23 av
283 1407 228 44 hyresavtal,
540 1418 80 23 som
652 1407 105 35 skola
789 1407 131 43 utlöpa
948 1407 72 34 den
1049 1407 46 34 30
1123 1406 212 43 september
1364 1405 107 43 1923,
1500 1404 115 35 måtte
1643 1405 162 34 bestäm-
1835 1400 22 55 =
1887 1407 56 27 dal.

195 1469 81 23 mas
305 1469 45 24 en
379 1458 140 34 minsta
545 1457 319 44 uppsägningstid
894 1469 48 22 av
969 1468 64 23 sex
1060 1456 192 35 månader.

333 1659 247 35 Beträffande
609 1659 45 35 de
682 1659 92 40 skäl,
803 1670 80 23 som
911 1660 101 42 ligga
1041 1659 56 34 till
1124 1659 124 43 grund
1276 1658 59 35 för
1361 1659 64 34 det
1452 1669 48 23 av
1526 1658 141 44 Kungl.
1696 1658 112 43 Maj:t

196 1710 215 43 framlagda
437 1709 254 44 lagförslaget,
720 1708 141 35 tillåter
888 1709 57 43 sig
972 1709 183 34 utskottet
1182 1712 56 31 att
1265 1709 160 33 hänvisa
1447 1709 57 33 till
1524 1709 283 43 propositionen

195 1760 122 43 jämte
358 1759 133 34 därvid
532 1759 137 44 fogade
709 1759 358 43 protokollsutdrag.
1121 1759 193 34 Utskottet
1352 1758 60 34 får
1438 1758 122 35 tillika
1588 1759 134 41 erinra,
1751 1761 58 32 att

197 1810 73 35 den
312 1809 278 44 huvudsakliga
622 1810 273 43 motiveringen
924 1810 58 34 för
1009 1809 179 43 förslaget
1215 1808 203 35 återfinnes
1446 1808 12 34 i
1486 1809 322 43 socialstyrelsens

195 1861 67 34 vid
302 1860 411 44 statsrådsprotokollet
745 1860 71 34 den
846 1860 46 34 30
922 1860 194 35 december
1147 1859 93 34 1922
1269 1858 138 44 fogade
1436 1859 195 34 utlåtande
1660 1871 47 22 av
1735 1859 72 35 den

197 1912 21 33 2
247 1911 12 33 i
288 1922 144 23 samma
472 1910 150 35 månad.
676 1911 18 33 I
721 1910 109 44 fråga
858 1922 59 22 om
946 1910 73 35 vad
1049 1910 279 35 motionärerna
1355 1910 57 34 till
1440 1909 84 35 stöd
1553 1910 57 34 för
1637 1910 83 34 sina
1747 1922 61 31 yr-

197 1960 150 36 kanden
375 1960 137 43 anfört,
541 1961 59 34 får
626 1961 193 42 utskottet,
859 1961 2 33 i
889 1961 72 34 den
990 1960 86 34 mån
1105 1960 235 44 redogörelse
1369 1960 128 34 därför
1516 1960 34 42 ej
1573 1961 146 33 lämnas
1739 1960 70 34 här

197 2011 138 41 nedan,
364 2011 160 34 hänvisa
552 2011 56 34 till
636 2011 246 34 motionerna.

331 2061 192 34 Utskottet
549 2061 65 34 vill
643 2061 95 34 först
764 2062 56 33 till
848 2060 231 43 behandling
1106 2063 169 41 upptaga
1302 2060 135 44 frågan
1466 2071 59 23 om
1545 2060 264 34 bibehållande

197 2111 11 32 i
250 2109 124 44 någon
415 2110 96 34 form
552 2122 47 22 av
639 2122 51 22 nu
723 2110 176 43 gällande
928 2110 300 43 hyresreglering
1255 2113 99 31 samt
1382 2110 166 34 därefter
1575 2109 233 43 spörsmålen

197 2172 60 22 om
299 2160 494 44 Öövergångsbestämmelser
831 2160 65 34 vid
936 2160 434 44 hyresstegringslagens
1406 2160 223 44 avveckling
1656 2160 69 34 och
1753 2171 56 23 er-

197 2209 205 45 forderliga
430 2210 205 44 ändringar
662 2212 11 33 i
703 2210 71 34 den
804 2211 192 34 allmänna
1025 2210 414 44 hyreslagstiftningen.
