2216 2614
657 135 115 32 Första
796 133 209 43 lagutskottets
1027 133 161 34 utlåtande
1211 132 53 32 Nr
1286 133 28 31 6.
1711 133 38 31 21

179 226 167 41 varande
387 225 42 36 år
469 237 47 24 av
556 236 46 23 en
639 224 300 44 hyresreglering
966 224 117 43 enligt
1109 223 101 34 vissa
1239 234 48 23 av
1315 222 277 38 motionärerna
1620 225 173 33 närmare

180 278 167 43 angivna
386 276 175 44 grunder.
615 275 82 35 Den
725 275 216 43 föreslagna
967 274 246 44 regleringen,
1243 285 80 23 som
1351 273 12 34 i
1390 272 191 45 åtskilliga
1608 273 184 37 hänseen-

180 328 71 39 den
280 328 121 34 skulle
429 327 179 35 innebära
637 326 250 43 skärpningar
913 325 12 33 1
953 324 71 35 den
1053 336 51 23 nu
1131 324 188 44 gällande,
1349 324 119 34 skulle
1487 324 99 35 hava
1606 324 186 35 avseende

179 378 136 38 endast
342 378 22 34 å
391 378 219 43 lägenheter
637 376 235 35 omfattande
902 376 110 43 högst
1038 375 85 43 fyra
1150 387 95 30 rum,
1274 375 73 35 kök
1375 374 81 35 däri
1483 375 222 43 inbegripet.

313 429 141 35 Herrar
494 428 101 43 Hage
635 427 68 34 och
743 426 175 44 Sjöström
959 426 98 35 hava
1085 425 8 34 i
1122 426 72 34 den
1223 437 48 23 av
1300 425 83 35 dem
1424 425 136 38 väckta
1600 426 191 34 motionen

178 491 45 29 nr
266 480 68 36 146
377 479 204 42 hemställt,
619 481 56 32 att
717 478 93 35 1921
842 477 60 34 års
931 477 367 43 hyresstegringslag
1325 475 115 35 måtte
1469 475 143 35 erhålla
1638 476 155 35 fortsatt

179 530 244 44 tillämpning
462 529 57 35 till
561 529 68 34 och
662 527 86 35 med
776 528 72 34 den
878 527 46 34 30
953 528 210 43 september
1193 527 108 41 1924,
1331 525 116 35 såvitt
1474 527 162 43 anginge
1664 527 128 43 lägen-

179 582 116 40 heter,
324 592 80 23 som
446 580 80 34 icke
566 578 236 36 innefattade
835 580 117 32 större
981 578 104 35 antal
1112 589 83 23 rum
1224 580 47 32 än
1300 588 91 33 nyss
1419 579 162 40 nämnts,
1611 580 98 31 samt
1736 580 57 31 att

179 632 72 36 den
279 631 67 43 tid,
376 630 49 39 då
453 629 228 45 hyresvärds
712 632 77 32 rätt
816 632 56 31 att
899 631 172 42 uppsäga
1099 628 217 44 hyresavtal
1344 627 161 36 rörande
1533 627 104 44 dylik
1663 628 129 43 lägen-

178 683 63 34 het
281 682 58 37 till
380 680 249 45 upphörande
670 679 235 36 sistnämnda
947 680 74 43 dag
1061 680 89 35 eller
1177 689 132 24 senare
1338 678 119 34 skulle
1484 678 161 42 inträda,
1675 678 117 36 måtte

177 732 232 43 framflyttas
437 732 56 35 till
521 731 73 34 den
625 731 17 33 1
671 730 73 43 juli
775 730 107 34 1923.

312 783 65 34 Uti
417 783 128 33 herrar
572 781 217 44 Björnssons
816 781 69 36 och
918 780 122 35 TWahls
1066 780 142 34 motion
1238 780 68 34 har
1334 780 221 41 hemstiällts,
1585 781 56 32 att
1668 779 45 34 de
1741 791 51 22 nu

177 833 176 44 gällande
381 833 172 43 reglerna
581 843 59 23 om
668 832 276 42 hyresnämnds
971 834 75 32 rätt
1074 833 56 32 att
1156 831 185 43 begränsa
1360 830 319 43 hyresbeloppens
1698 832 95 32 stor-

177 884 59 34 lek
273 883 116 37 måtte
417 884 12 32 i
457 882 201 35 huvudsak
685 882 251 41 oförändrade
964 881 142 40 erhålla
1133 881 155 34 fortsatt
1314 881 175 43 giltighet
1515 880 59 35 för
1600 880 192 34 nästkom-

178 934 138 42 mande
344 933 155 44 hyresår
525 934 12 33 i
564 933 110 44 fråga
701 944 60 23 om
789 932 81 35 små
898 933 69 46 och
994 932 225 34 medelstora
1246 931 384 44 bostadslägenheter.

313 983 132 35 Såsom
474 995 47 23 av
550 983 63 35 det
641 983 159 35 anförda
827 981 178 46 framgår,
1026 983 99 34 hava
1145 983 46 33 de
1210 981 246 45 lagstiftande
1476 981 316 44 myndigheterna

177 1035 41 34 år
260 1035 94 35 1921
397 1035 230 43 principiellt
666 1034 138 34 uttalat
844 1034 58 43 sig
932 1034 59 34 för
1018 1036 55 32 att
1100 1032 348 44 hyresregleringen
1477 1032 114 34 borde
1619 1033 195 43 upphöra
1793 1028 24 54 :

176 1088 56 34 att
258 1086 101 43 gälla
387 1085 72 35 den
491 1086 16 32 1
539 1085 154 34 oktober
719 1084 257 40 innevarande
1004 1084 52 35 år.
1112 1083 143 35 Genom
1276 1085 55 33 att
1349 1083 80 34 icke
1450 1082 130 35 bifalla
1600 1083 63 34 det
1690 1086 102 31 näst-

175 1136 93 36 lidet
295 1136 42 35 år
363 1135 213 44 framlagda
604 1135 181 44 förslaget
807 1146 60 23 om
887 1135 242 43 förlängning
1148 1146 47 23 av
1215 1134 433 44 hyresstegringslagens
1668 1134 125 44 giltig-

176 1186 141 35 hetstid
358 1187 69 34 har
466 1186 202 44 riksdagen
708 1185 191 35 bekräftat
926 1185 63 34 det
1016 1186 42 33 år
1088 1185 92 34 1921
1210 1184 147 34 fattade
1384 1185 162 35 beslutet
1574 1195 59 23 om
1661 1185 131 43 lagens

176 1237 234 44 avveckling.
464 1236 131 35 Under
635 1236 128 43 dylika
804 1236 323 43 omständigheter
1166 1235 74 33 kan
1282 1234 182 35 utskottet
1495 1235 80 33 icke
1603 1235 189 43 tillstyrka

176 1287 108 36 bifall
324 1288 58 33 till
424 1287 45 36 de
511 1298 48 23 av
600 1287 129 34 herrar
772 1286 167 43 Winbery
979 1286 69 34 och
1075 1285 229 35 Samuelsson
1330 1296 45 22 m.
1403 1284 37 44 fl.
1470 1287 98 32 samt
1595 1285 100 42 Hage
1723 1285 69 34 och

175 1338 175 44 Sjöström
390 1336 239 35 framställda
668 1336 221 44 yrkandena
930 1348 60 23 om
1018 1336 368 43 hyresregleringens
1414 1335 263 34 bibehållande
1704 1336 13 33 i
1745 1347 48 22 av

176 1389 84 33 dem
301 1388 217 43 föreslagna
559 1387 149 36 former.
762 1386 133 35 Redan
928 1387 65 34 vid
1020 1387 281 44 granskningen
1330 1397 47 23 av
1406 1385 63 35 det
1496 1385 211 35 sedermera
1735 1385 59 35 för

178 1439 93 34 1922
314 1438 60 35 års
414 1438 154 43 riksdag
607 1437 213 44 framlagda
851 1437 181 44 förslaget
1059 1437 194 35 anmärkte
1280 1436 191 44 lagrådets
1502 1436 132 42 flertal,
1664 1439 56 32 att
1747 1447 46 23 en

176 1489 219 44 ytterligare
436 1489 265 43 prolongation
730 1500 47 23 av
805 1488 125 35 denna
957 1487 242 44 lagstiftning
1226 1487 119 34 skulle
1374 1487 150 34 komma
1552 1489 57 32 att
1635 1486 160 36 framstå

176 1539 124 37 såsom
320 1542 54 33 ett
388 1540 210 43 betänkligt
612 1539 220 42 vacklande,
849 1542 117 40 ägnat
980 1542 56 31 att
1051 1539 118 43 skapa
1184 1537 391 35 osäkerhetstillstånd
1591 1537 68 34 och
1674 1537 119 34 rubba

176 1591 143 33 tilltron
361 1590 56 34 till
446 1590 44 34 de
518 1590 247 43 lagstiftande
793 1589 325 43 myndigheterna.
1159 1589 17 33 I
1195 1588 90 34 vida
1304 1589 114 42 högre
1438 1587 91 44 grad
1550 1588 119 34 skulle
1689 1587 105 35 detta

176 1640 173 35 omdöme
381 1643 72 41 äga
480 1640 185 44 giltighet,
695 1640 126 34 därest
848 1639 201 44 riksdagen
1077 1651 52 22 nu
1157 1639 120 34 skulle
1305 1639 163 43 uppriva
1495 1640 53 32 ett
1567 1638 226 43 föregående

175 1695 41 30 år
247 1691 117 36 fattat
396 1691 134 34 beslut.
585 1690 72 34 Det
685 1691 118 33 skulle
832 1690 118 43 enligt
976 1690 203 34 utskottets
1207 1689 154 43 mening
1387 1689 182 33 innebära
1596 1688 197 43 allvarliga

174 1740 118 36 vådor
318 1741 59 33 för
404 1741 198 41 rättslivet,
632 1751 59 23 om
720 1740 71 35 den
821 1740 295 43 uppfattningen
1145 1750 126 23 vunne
1290 1739 133 42 insteg,
1445 1741 55 31 att
1519 1749 87 23 man
1626 1738 80 34 icke
1727 1750 67 22 ens

175 1793 53 35 ett
259 1790 42 35 år
332 1790 127 34 kunde
486 1791 67 33 lita
581 1790 49 44 på
658 1790 72 35 den
758 1790 178 35 fortsatta
963 1790 221 43 giltigheten
1214 1801 47 22 av
1289 1792 54 31 ett
1369 1788 261 44 lagstiftarnas
1659 1789 132 34 beslut.

176 1841 160 34 Särskilt
377 1852 112 32 synes
530 1843 54 32 ett
624 1841 121 43 dylikt
785 1841 209 34 vacklande
1022 1840 219 43 betänkligt,
1272 1839 48 35 då
1347 1839 108 42 fråga
1483 1842 41 31 är
1552 1850 59 25 om
1640 1850 44 22 en
1713 1840 80 42 lag-

175 1892 187 42 stiftning,
405 1903 79 22 som
518 1895 93 30 nära
639 1892 106 33 berör
773 1894 53 31 ett
854 1894 95 31 stort
976 1892 105 33 antal
1108 1890 256 43 medborgare.
1419 1890 18 33 I
1464 1901 50 22 nu
1544 1890 248 33 förevarande

173 1942 67 33 fall
269 1943 100 33 hava
397 1942 292 34 statsmakterna
716 1942 162 33 bestämt
905 1942 150 42 uttalat,
1084 1943 57 32 att
1164 1941 254 33 allmänheten
1443 1940 113 33 borde
1576 1940 140 34 inrätta
1735 1940 58 42 sig

174 1992 68 42 för,
285 1995 56 31 att
382 1992 349 44 hyresregleringen
769 1992 120 33 skulle
918 1992 172 43 upphöra
1118 1991 70 34 den
1221 1992 11 32 1
1269 1991 153 33 oktober
1454 1990 256 35 innevarande
1738 1990 53 42 år,

173 2042 68 33 och
284 2045 53 31 ett
369 2042 120 34 flertal
523 2053 177 32 personer
727 2041 107 35 torde
862 2041 117 35 redan
1009 2042 99 33 hava
1136 2041 163 43 vidtagit
1326 2040 176 43 åtgärder
1530 2040 84 34 med
1642 2040 149 42 hänsyn

174 2092 56 34 till
272 2092 71 33 den
385 2091 237 34 förestående
650 2091 230 44 återgången
909 2092 57 33 (ill
990 2091 48 33 fri
1066 2090 309 43 hyresmarknad.
1430 2090 193 34 Utskottet
1650 2089 59 35 får
1737 2101 56 22 er-

174 2143 94 41 inra,
311 2144 56 34 att
408 2142 117 41 enligt
564 2153 51 22 nu
656 2141 175 43 gällande
864 2142 62 42 lag
953 2140 206 43 hyresvärd
1188 2143 65 40 ägt
1280 2143 76 31 rätt
1383 2143 56 32 att
1466 2140 115 34 redan
1609 2139 84 34 från
1723 2140 67 33 och

175 2191 84 34 med
288 2191 71 34 den
393 2193 15 32 1
439 2191 70 43 juli
541 2192 95 33 1922
665 2194 173 41 uppsäga
866 2192 101 33 avtal
996 2191 55 34 till
1080 2191 246 43 upphörande
1347 2190 70 34 den
1445 2192 10 31 I
1480 2190 313 34 nästkommande

1832 988 151 28 Utskottet.
