2181 2723
685 208 84 40 Lag-
778 207 166 33 Utskottets
974 207 173 34 Utlåtande
1170 208 64 31 N:o
1257 211 54 29 20.
1741 209 17 30 3

214 288 157 37 afbidan
399 291 48 46 på
476 287 74 38 den
580 287 229 48 erfarenhet,
839 301 80 23 som
949 301 60 24 om
1039 287 64 37 det
1132 288 133 37 dervid
1289 288 220 48 föreslagna
1537 293 187 44 systemet
1744 292 60 34 må

215 341 149 48 vinnas,
401 340 212 37 detsamma
646 340 84 37 icke
762 340 214 37 utsträckes
1009 340 134 49 längre
1172 345 47 32 än
1256 340 317 50 oundgängligen
1602 341 202 48 erfordras,

215 394 69 36 har
313 393 198 38 Utskottet
539 393 160 37 sålunda
741 398 126 32 ansett
896 393 73 36 den
998 392 293 49 ifrågavarande
1320 393 235 48 rättigheten
1596 393 94 37 böra
1730 394 75 36 för-

216 460 121 23 unnas
381 445 56 38 till
473 448 149 34 förmån
663 446 162 36 allenast
864 445 58 37 för
945 445 342 50 jernvägsföretag
1315 445 70 37 och
1412 445 117 37 bland
1554 445 113 38 dessa
1696 446 109 38 desto

214 499 119 36 hellre
376 498 136 37 endast
551 498 58 36 för
651 498 98 47 dem,
791 498 130 36 hvilka
962 511 140 35 genom
1145 498 220 48 aktiebolag
1398 498 294 48 åstadkommas,
1723 512 81 23 som

216 551 73 37 den
318 550 198 49 offentliga
555 550 166 37 kontroll
763 549 129 50 dylika
920 550 116 49 bolag
1065 555 63 32 äro
1157 550 282 37 underkastade
1483 564 116 35 synes
1636 564 92 23 vara
1770 551 40 36 af

214 603 84 49 vigt
325 603 58 37 för
412 602 263 50 befrämjande
705 603 40 36 af
772 602 238 37 förtroendet
1049 602 58 37 för
1134 602 57 42 de,
1234 603 182 48 vanligen
1444 608 79 31 mot
1550 602 255 49 obligationer

212 661 200 44 upptagna
439 655 75 48 lån,
543 669 81 23 som
653 655 88 37 med
768 654 295 50 lagstiftningen
1092 655 111 36 afses.

367 708 17 36 I
412 707 111 49 fråga
551 707 166 37 derefter
751 721 60 23 om
854 707 46 37 de
938 707 151 47 former,
1132 721 80 23 som
1255 707 93 36 böra
1389 707 57 36 för
1486 707 318 49 pantsättningen

212 760 173 49 stadgas,
413 760 76 36 kan
517 759 198 38 Utskottet
742 759 84 37 icke
856 759 85 37 dela
978 759 258 37 motionärens
1279 759 110 48 åsigt.
1445 760 57 36 De
1532 759 273 49 egendomliga

213 812 278 48 förhållanden,
521 825 81 24 som
633 825 73 35 ega
733 825 82 24 rum
847 811 86 37 med
958 812 223 48 jernvägar,
1211 811 108 37 torde
1347 811 196 49 nemligen
1572 816 95 44 göra
1687 812 117 48 omöj-

213 864 72 49 ligt
314 870 54 31 att
399 868 49 45 på
477 864 87 37 dem
592 864 171 49 tillämpa
793 864 46 37 de
868 864 302 48 bestämmelser,
1214 877 78 23 som
1324 863 103 49 gälla
1454 864 58 36 för
1540 864 225 48 inteckning
1792 864 12 36 1

213 931 126 23 annan
368 917 76 36 fast
473 916 203 49 egendom.
732 917 67 46 Då,
830 916 129 37 derest
992 929 47 23 en
1076 916 179 49 jernväg,
1298 919 126 33 såsom
1453 929 124 23 annan
1606 916 197 49 fastighet,

212 970 104 49 finge
347 969 137 37 endast
510 969 57 36 till
595 972 129 45 någon
753 969 62 36 del
850 968 211 48 intecknas,
1104 968 125 37 denna
1270 968 61 36 del
1368 968 143 47 jemväl
1553 968 133 48 skulle,
1716 968 88 37 med

214 1023 73 36 den
301 1022 146 49 påföljd
459 1027 54 31 att
525 1021 215 37 ändamålet
757 1021 87 36 med
860 1021 86 36 hela
958 1021 172 36 farleden
1141 1021 126 36 blefve
1283 1020 189 48 förfeladt,
1484 1020 129 37 kunna
1624 1020 180 37 särskildt

213 1075 188 49 försäljas,
430 1074 102 36 visar
548 1073 118 37 redan
683 1073 64 37 det
762 1072 259 50 oeftergifliga
1036 1073 182 37 behofvet
1247 1072 41 37 af
1311 1086 46 23 en
1373 1072 194 37 föreskrift
1585 1072 143 48 derom,
1750 1078 55 32 att

208 1128 169 49 jernväg
406 1126 135 37 endast
569 1129 60 34 må
657 1126 11 36 i
697 1126 59 36 sin
797 1125 131 37 helhet
968 1130 226 44 pantsättas,
1224 1125 95 36 huru
1347 1124 91 49 föga
1473 1125 46 37 de
1548 1125 255 49 stadganden,

213 1193 81 24 som
324 1179 102 49 gälla
454 1179 12 36 i
495 1178 180 37 afseende
716 1181 49 46 på
805 1177 223 49 inteckning
1056 1178 11 35 1
1096 1178 218 47 allmänhet,
1356 1183 64 31 äro
1462 1180 48 46 på
1552 1178 250 36 förevarande

212 1232 65 37 fall
304 1231 238 49 tillämpliga.
573 1231 142 37 Vidare
745 1230 70 36 och
844 1235 90 31 enär
963 1230 114 37 oftast
1097 1235 39 31 är
1155 1230 117 47 fallet,
1294 1234 54 32 att
1365 1243 47 23 en
1435 1230 168 48 jernväg
1632 1230 171 37 sträcker

213 1284 62 49 sig
302 1297 142 36 genom
472 1283 93 37 flera
592 1282 120 37 härad
741 1283 92 36 eller
856 1282 184 49 tingslag,
1070 1295 87 24 men
1187 1282 74 48 det,
1291 1281 87 37 med
1406 1281 149 49 hänsyn
1583 1282 58 36 till
1669 1282 134 50 vigten

214 1342 54 31 att
296 1340 48 46 på
374 1341 54 31 ett
456 1336 107 36 ställe
591 1335 129 36 kunna
747 1335 38 36 få
813 1334 216 37 kännedom
1076 1348 60 23 om
1181 1334 262 49 egendomens
1472 1334 259 48 gravationer,
1762 1340 41 31 är

212 1388 137 49 nödigt
377 1393 55 31 att
460 1387 150 49 stadga,
641 1387 64 37 det
732 1387 275 48 inteckningen
1049 1387 41 36 af
1126 1387 88 36 hela
1241 1386 172 37 farleden
1442 1386 95 37 skall
1565 1386 68 37 ske
1662 1387 64 36 vid
1755 1400 46 23 en

213 1441 71 37 och
313 1453 145 24 samma
488 1440 175 46 domstol,
694 1439 120 37 skulle
844 1439 64 36 vid
936 1439 288 37 bestämmande
1255 1439 40 36 af
1313 1439 104 36 detta
1445 1438 122 37 forum
1608 1452 92 23 vara
1727 1439 75 36 för-

216 1493 115 37 enadt
359 1492 88 36 med
490 1493 32 46 ej
566 1492 111 48 ringa
719 1491 198 49 svårighet
959 1496 54 32 att
1040 1491 11 35 i
1080 1491 115 49 lagen
1230 1491 192 49 uppställa
1451 1504 47 23 en
1527 1491 175 36 bestämd
1731 1491 70 36 och

213 1545 106 37 alltid
346 1544 204 50 tillämplig
578 1544 108 47 regel
714 1543 200 49 angående
934 1543 73 36 den
1036 1543 178 48 domstol,
1245 1557 82 22 som
1355 1542 12 36 i
1395 1543 313 36 förekommande
1737 1543 65 37 fall

214 1597 121 37 skulle
364 1610 93 23 vara
484 1595 164 49 behörig
677 1601 54 31 att
760 1595 176 37 meddela
963 1595 241 49 inteckning;
1248 1595 70 37 och
1347 1608 60 23 om
1436 1608 88 23 man
1554 1600 140 44 antoge
1724 1609 78 23 mo-

213 1649 195 36 tionärens
436 1648 12 36 1
477 1648 105 36 detta
609 1647 221 37 hänseende
858 1647 222 37 framstälda
1108 1647 153 47 förslag,
1292 1652 55 31 att
1378 1647 275 48 inteckningen
1679 1647 122 37 skulle

213 1701 208 36 fastställas
437 1700 65 36 vid
518 1699 74 37 den
610 1699 175 48 domstol,
801 1699 219 36 hvarunder
1036 1699 157 49 bolaget
1207 1699 129 49 lydde,
1354 1702 41 33 så
1411 1699 121 36 skulle
1548 1699 11 35 i
1576 1698 64 37 det
1655 1699 75 45 fall,
1748 1704 54 31 att

213 1753 350 48 bolagsstyrelsens
593 1757 81 31 säte
702 1751 249 37 förändrades
982 1751 91 37 eller
1096 1752 218 49 jernvägen
1342 1751 126 36 blefve
1498 1751 178 48 afyttrad,
1698 1751 104 37 detta

212 1805 122 37 forum
364 1805 83 36 icke
483 1804 213 37 bibehållas
735 1803 70 37 och
846 1803 237 50 upplysning
1124 1803 150 37 således
1316 1802 84 38 icke
1445 1803 87 36 med
1575 1803 227 49 erforderlig

213 1857 181 37 säkerhet
440 1857 128 36 kunna
614 1856 136 36 vinnas
796 1869 59 23 om
909 1856 45 36 de
1002 1855 258 49 gravationer,
1314 1855 58 36 för
1418 1855 129 37 hvilka
1588 1856 213 48 jernvägen

212 1910 166 36 häftade.

367 1962 89 36 Men
486 1974 46 23 en
561 1974 126 23 annan
728 1960 193 50 vigtigare
951 1960 281 48 omständighet
1259 1961 95 36 talar
1382 1960 58 37 för
1469 1960 269 37 användandet
1767 1961 40 37 af

214 2027 48 23 en
290 2014 101 36 olika
415 2014 96 36 form
532 2013 57 36 för
609 2013 329 49 pantsättningen,
969 2018 47 31 än
1045 2013 64 36 det
1137 2013 155 48 vanliga
1308 2013 492 48 inteckningsförfarandet.

214 2067 56 35 De
299 2066 73 48 lån,
403 2079 81 23 som
513 2066 144 36 lemnas
682 2065 58 36 för
760 2065 244 49 anläggande
1024 2065 41 36 af
1079 2066 222 48 jernvägar,
1331 2070 64 32 äro
1425 2065 181 49 vanligen
1627 2065 40 37 af
1682 2065 119 37 sådan

213 2118 251 48 betydenhet,
493 2122 55 32 att
577 2117 46 37 de
651 2117 83 37 icke
762 2118 129 36 kunna
931 2117 57 37 fås
1017 2117 69 37 hos
1116 2117 174 37 enskilda
1317 2131 196 35 personer,
1541 2123 90 31 utan
1662 2123 54 31 att
1743 2118 58 36 för

214 2170 87 36 dem
331 2170 169 36 utfärdas
542 2169 268 49 obligationer,
853 2169 130 37 hvilka
1022 2170 58 35 till
1108 2169 117 49 högst
1252 2169 200 49 betydliga
1480 2169 140 50 belopp
1650 2170 149 49 spridas

213 2221 117 37 bland
359 2221 267 37 allmänheten.
682 2222 58 36 Då
779 2221 243 49 lagstiftaren
1064 2235 112 23 anser
1219 2221 61 49 sig
1307 2222 92 36 böra
1428 2222 9 35 i
1469 2221 130 49 dylika
1640 2222 160 48 anlägg-

213 2274 138 48 ningar
378 2274 122 36 tillåta
527 2273 172 50 hypotek
726 2273 58 37 för
811 2273 165 37 berörda
1001 2273 279 51 värdepapper,
1310 2286 114 37 synes
1453 2274 112 36 äfven
1594 2287 203 36 omsorgen

214 2326 143 48 derom,
384 2331 55 32 att
462 2325 238 37 förtroendet
727 2325 57 37 till
813 2325 85 37 dem
927 2329 61 33 må
1007 2326 175 48 bevaras,
1212 2326 227 49 oafvisligen
1466 2326 140 48 fordra,
1636 2331 54 31 att
1718 2327 82 47 lag-

213 2378 176 36 stiftaren
412 2378 145 49 jemväl
586 2378 132 47 tillser,
747 2383 55 31 att
830 2377 74 37 den
941 2377 191 49 säkerhet,
1162 2392 81 23 som
1272 2378 159 37 sålunda
1458 2378 176 49 beredes,
1662 2378 138 37 blifver
