1846 2782
280 160 39 32 18
555 160 452 34 Konstitutionsutskottets
1028 163 179 33 utlåtande
1229 174 43 21 nr
1294 164 38 31 11
1354 163 39 33 år
1415 164 84 32 1958

862 344 150 34 Särskilt
1032 344 164 45 yttrande

321 447 42 20 av
388 438 79 31 herr
495 448 65 21 von
587 439 152 38 Friesen,
769 449 74 20 som
871 441 78 29 med
976 441 260 31 instämmande
1263 452 43 20 av
1332 442 121 30 herrar
1482 443 187 37 Wahlund,
1696 444 79 30 Sve-

278 488 177 39 ningsson,
481 488 111 38 Ollén,
615 490 127 40 Fritiof
765 491 178 37 Karlsson,
968 493 224 39 Lundström,
1216 493 198 36 Braconier,
1438 494 180 39 Hammar,
1642 495 135 29 Dahlén

278 538 66 30 och
361 537 140 32 Nilsson
523 540 11 29 i
553 540 200 31 Tvärålund
775 541 117 30 anfört
913 542 173 39 följande:

323 589 135 39 Frågan
487 599 57 20 om
571 591 180 30 valsättets
781 592 218 40 utformning
1028 602 102 30 synes
1158 593 70 40 mig
1256 603 84 21 vara
1367 603 42 21 en
1437 595 250 39 angelägenhet
1715 596 63 30 där

279 640 128 29 största
430 640 144 40 möjliga
596 641 139 39 enighet
756 642 64 30 bör
842 642 236 31 eftersträvas.
1103 644 52 29 Då
1177 653 43 20 en
1245 644 111 30 sådan
1378 645 76 29 icke
1479 645 137 30 kunnat
1640 646 137 40 uppnås

278 689 64 30 har
359 690 59 39 jag
435 690 77 30 icke
530 691 91 30 velat
640 699 126 31 genom
784 694 49 28 ett
851 692 276 40 bifallsyrkande
1146 694 51 29 till
1218 694 58 30 det
1295 695 131 41 förslag
1445 704 76 21 som
1540 697 113 29 under
1671 705 107 21 nuva-

278 740 107 30 rande
407 741 233 39 provisorium
663 742 77 30 bäst
764 751 102 31 synes
890 744 70 38 mig
984 751 112 32 gagna
1117 744 418 41 intressesynpunkterna
1557 746 144 40 bidraga
1725 747 52 30 till

278 792 49 28 ett
349 790 132 40 slutligt
503 793 195 38 avgörande
722 802 75 20 som
819 794 11 28 i
852 794 203 30 nuvarande
1078 794 73 39 läge
1173 797 52 27 ter
1248 796 51 39 sig
1321 796 55 29 för
1398 796 69 39 mig
1489 797 202 39 oantagligt.
1713 798 65 39 Jag

278 841 64 30 har
361 841 119 30 därför
499 842 57 30 vid
576 843 189 30 utskottets
785 844 195 39 avgörande
1000 853 43 21 av
1063 845 122 39 frågan
1205 846 71 29 valt
1297 848 51 28 att
1368 847 168 39 nedlägga
1556 848 73 29 min
1650 849 82 29 röst.
