2226 2618
705 149 320 33 Bankoutskottets
1055 148 188 33 utlåtande
1273 148 54 33 Nr
1351 149 50 31 60.
1780 147 19 31 3

1001 263 19 46 8
1038 263 44 46 4.

369 333 76 36 Där
485 331 236 37 annorlunda
761 331 83 37 icke
886 336 40 31 är
953 331 12 36 i
993 332 40 46 $$
1062 332 20 35 5
1113 331 69 36 och
1213 332 20 35 6
1263 343 47 23 av
1346 330 122 36 denna
1496 330 229 48 kungörelse
1754 329 89 37 eller

239 386 109 44 eljest
375 385 12 36 i
416 384 158 37 särskild
604 383 165 50 ordning
797 383 166 48 stadgat,
992 386 114 46 utgår
1135 382 323 50 dyrtidstillägget
1486 382 11 36 i
1527 382 236 36 förhållande
1787 382 56 36 till

238 436 385 50 tilläggsunderlaget
660 437 96 35 efter
794 440 54 31 ett
876 434 222 50 procenttal,
1127 439 265 32 motsvarande
1421 434 144 36 hälften
1595 447 46 23 av
1669 434 90 36 talet
1786 434 57 36 för

239 488 540 48 levnadskostnaasökningen
808 488 70 36 och
905 487 11 36 i
946 486 311 37 förekommande
1285 486 65 36 fall
1380 486 190 49 avjämnat
1599 485 56 36 till
1676 491 168 30 närmast

238 542 104 47 lägre
371 540 84 36 hela
483 540 68 44 tal;
582 539 96 36 dock
707 547 55 28 att
790 538 233 37 beträffande
1054 537 386 49 befattningshavare,
1468 537 126 36 vilken
1620 537 63 35 vid
1709 537 134 48 början

239 606 46 22 av
313 592 63 37 det
403 591 340 47 kalenderkvartal,
772 604 81 23 som
883 592 178 34 omfattar
1089 589 74 36 den
1191 589 147 42 månad,
1368 588 327 50 dyrtidstillägget
1722 602 120 34 avser,

237 647 50 47 på
314 644 124 49 grund
467 657 46 23 av
542 642 357 49 försörjningsplikt
928 642 228 36 underhållit
1182 641 94 37 barn
1304 642 120 35 under
1454 642 45 35 16
1529 643 61 34 års
1618 641 111 45 ålder,
1756 641 87 48 dyr-

238 696 255 48 tidstillägget
520 695 91 36 ökas
642 695 82 36 med
754 707 46 23 en
829 694 154 36 tiondel.

369 747 236 49 Förhöjning
647 760 46 23 av
735 746 287 50 dyrtidstillägg
1061 745 169 36 inträder
1271 745 83 36 icke
1382 747 49 47 på
1457 744 125 48 grund
1613 758 46 22 av
1690 744 152 49 försörj-

238 799 216 49 ningsplikt
484 801 56 34 för
567 799 106 45 barn,
703 811 78 23 som
812 798 13 36 i
854 799 194 47 egenskap
1077 810 47 23 av
1153 797 204 49 pensionär
1384 802 92 42 äger
1503 796 149 47 åtnjuta
1680 796 163 49 dyrtids-

238 852 139 48 tillägg
414 864 47 23 av
497 850 230 37 statsmedel.
784 849 110 45 Barn,
924 862 87 23 vars
1040 848 185 37 föräldrar
1254 848 96 37 båda
1377 849 150 47 åtnjuta
1554 848 290 48 dyrtidstillägg

238 903 119 49 enligt
385 903 123 36 denna
542 902 237 49 kungörelse,
809 901 139 36 räknas
981 901 134 36 endast
1143 901 56 35 till
1227 900 72 36 den
1329 913 45 23 av
1403 899 245 47 föräldrarna,
1678 912 81 24 som
1789 902 53 34 åt-

238 955 126 48 njuter
406 954 72 37 den
520 954 137 49 högsta
698 953 394 48 pensionsförmånen,
1135 952 102 47 eller,
1280 965 60 23 om
1369 951 163 37 nämnda
1561 952 190 36 förmåner
1779 955 63 32 äro

238 1007 88 45 lika,
355 1006 55 36 till
439 1006 141 36 fadern.
638 1004 84 38 Gift
751 1005 176 48 kvinnlig
955 1004 23 36 f.
1009 1005 33 35 d.
1075 1004 391 48 befattningshavare,
1487 1003 145 37 vilkens
1652 1016 87 23 man
1758 1003 84 36 icke

237 1061 125 34 såsom
392 1057 377 49 befattningshavare
796 1057 12 35 i
838 1063 143 30 statens
1009 1057 118 49 tjänst
1155 1056 92 36 eller
1273 1055 228 37 innehavare
1532 1069 45 22 av
1605 1055 237 36 lärarbefatt-

237 1110 96 49 ning
363 1109 61 36 vid
453 1123 122 22 annan
605 1109 220 36 läroanstalt
853 1114 46 30 än
928 1114 146 30 statens
1094 1108 90 36 eller
1204 1110 123 34 såsom
1348 1107 202 49 pensionär
1569 1112 40 31 är
1630 1106 213 49 berättigad

238 1162 55 36 till
331 1161 285 49 dyrtidstillägg
653 1174 46 22 av
739 1159 231 48 statsmedel,
999 1165 91 43 äger
1120 1161 57 34 för
1206 1159 89 36 barn
1325 1159 270 49 tillgodonjuta
1623 1159 221 48 förhöjning

238 1227 47 23 av
313 1213 327 50 dyrtidstillägget
667 1212 134 36 endast
829 1225 59 23 om
920 1224 163 23 mannen
1112 1216 41 30 är
1181 1213 49 47 på
1258 1211 123 47 grund
1411 1224 46 22 av
1485 1210 193 37 bristande
1703 1210 140 36 arbets-

240 1265 172 48 förmåga
439 1265 207 48 väsentligt
676 1264 236 36 urståndsatt
939 1270 55 29 att
1022 1263 160 47 bidraga
1210 1262 56 36 till
1297 1262 189 47 familjens
1514 1262 208 36 underbåll.

368 1316 297 48 Dyrtidstillägg
696 1318 113 40 utgår
837 1315 32 45 ej
901 1317 21 33 å
950 1315 11 35 i
988 1313 387 49 tilläggsunderlaget
1394 1314 188 47 ingående
1609 1313 132 46 öretal,
1762 1326 80 23 som

239 1368 213 48 överstiger
494 1368 85 36 fullt
620 1367 161 36 krontal.
836 1366 83 37 Vad
961 1379 46 23 av
1044 1366 63 36 det
1145 1366 211 36 beräknade
1384 1365 323 49 dyrtidstillägget
1735 1369 108 32 över-

238 1420 145 49 skjuter
411 1420 78 36 helt
519 1419 149 37 krontal
697 1418 203 37 bortfaller.

1002 1504 16 49 8
1041 1504 43 49 5.

369 1575 75 36 Till
473 1575 24 35 f.
528 1574 34 36 d.
594 1574 378 48 befattningshavare
1008 1573 61 36 vid
1100 1572 229 50 postverket,
1363 1571 307 46 telegrafverket,
1699 1577 144 31 statens

234 1627 209 48 järnvägar
471 1626 89 36 eller
587 1632 145 30 statens
761 1625 323 46 vattenfallsverk,
1114 1625 103 36 vilka
1241 1625 146 48 åtnjuta
1411 1624 158 49 pension
1591 1624 121 48 enligt
1732 1624 112 48 lagen

238 1679 74 36 den
340 1681 22 32 4
386 1678 83 47 juni
502 1679 98 34 1920
629 1676 58 49 (nr
716 1677 87 47 254)
834 1677 195 48 angående
1056 1681 76 31 rätt
1160 1676 56 36 till
1246 1676 300 48 tjänstepension
1574 1676 60 35 för
1658 1675 186 36 ordinarie

238 1730 233 48 tjänstemän
513 1729 62 35 vid
617 1728 166 36 nämnda
825 1729 103 46 verk,
971 1728 57 35 till
1058 1728 24 35 f.
1114 1727 33 36 d.
1191 1727 377 48 befattningshavare
1610 1726 63 36 vid
1702 1731 142 31 statens

234 1782 221 47 järnvägar,
484 1780 103 36 vilka
615 1780 263 48 pensionerats
907 1780 120 47 enligt
1056 1779 45 36 de
1130 1779 11 36 i
1172 1779 141 48 Kungl.
1344 1778 127 47 Maj:ts
1500 1778 89 36 brev
1619 1778 71 36 den
1721 1780 14 33 4
1759 1778 85 46 juni

242 1834 98 35 1920
370 1831 216 37 meddelade
611 1832 285 36 bestämmelser
917 1830 196 49 angående
1132 1834 75 32 rätt
1228 1831 55 35 till
1304 1830 158 48 pension
1484 1829 55 36 för
1557 1829 79 36 viss
1655 1829 188 49 personal,

239 1898 80 23 som
370 1883 62 36 vid
482 1889 142 31 statens
675 1883 258 48 övertagande
986 1896 46 22 av
1074 1881 171 38 enskilda
1281 1882 209 48 järnvägar
1532 1882 90 36 eller
1666 1881 178 36 bandelar

239 1938 177 46 övergått
443 1936 11 35 i
484 1940 145 31 statens
654 1935 226 48 järnvägars
909 1935 126 48 tjänst,
1074 1937 41 33 så
1148 1934 71 36 ock
1248 1934 55 35 till
1332 1933 24 36 f.
1387 1934 34 35 d.
1452 1933 391 48 befattningshavare,

239 1988 104 35 vilka
371 1987 147 46 åtnjuta
546 1987 158 48 pension
733 1986 119 48 enligt
881 1986 254 46 kungörelsen
1165 1985 71 36 den
1267 1987 45 34 29
1337 1985 85 48 juni
1451 1986 93 34 1921
1568 1985 60 47 (nr
1648 1984 88 48 456)
1759 1983 85 36 med

239 2038 284 36 bestämmelser
552 2038 57 35 för
640 2037 382 47 befattningshavare
1049 2037 62 35 vid
1133 2037 360 47 statsdepartement
1517 2036 68 36 och
1608 2035 99 36 vissa
1728 2035 117 36 andra

239 2090 56 35 till
325 2090 72 35 den
425 2089 111 35 civila
569 2088 383 47 statsförvaltningen
983 2087 167 36 hörande
1169 2087 93 36 verk
1278 2088 136 45 ifråga
1433 2100 58 23 om
1515 2092 75 30 rätt
1610 2087 55 35 till
1686 2086 158 48 pension

240 2141 91 36 eller
372 2140 121 48 enligt
535 2140 258 47 kungörelsen
823 2139 72 36 den
928 2140 44 34 15
998 2139 84 48 juni
1116 2140 97 34 1922
1243 2138 57 47 (nr
1329 2140 87 46 380)
1445 2138 83 36 med
1561 2137 284 36 bestämmelser

241 2193 58 34 för
326 2192 189 36 ordinarie
544 2191 229 48 tjänstemän
802 2190 64 36 vid
895 2190 90 36 lots-
1015 2191 67 35 och
1114 2190 184 48 fyrstaten
1319 2190 11 35 i
1353 2190 107 47 fråga
1487 2202 59 23 om
1577 2193 74 31 rätt
1678 2189 54 34 till
1755 2201 88 35 pen-

240 2243 95 47 sion,
364 2249 181 31 ävensom
575 2242 55 36 till
663 2242 20 35 f.
707 2242 33 36 d.
773 2242 387 47 befattningshavare,
1182 2254 80 23 som
1283 2241 261 49 pensionerats
1564 2240 122 48 enligt
1706 2239 62 36 det
1788 2240 57 35 för
