1890 2780
277 165 18 29 6
574 163 403 40 Bevillningsutskottets
997 164 218 30 betänkande
1234 173 43 20 nr
1296 165 19 28 4
1334 164 40 30 år
1394 164 83 30 1963

278 247 65 29 och
368 246 464 40 gåvoskatteförordningen.
858 247 119 39 Någon
1003 247 111 29 sådan
1139 247 147 39 översyn
1311 248 65 29 har
1402 247 192 30 emellertid
1620 248 95 29 ännu
1741 247 32 39 ej

278 306 62 20 ens
366 296 191 40 påbörjats,
584 296 146 30 emedan
756 306 83 20 man
866 298 115 28 ansett
1008 297 52 40 sig
1086 297 84 30 böra
1197 297 149 30 avvakta
1374 299 49 28 att
1451 297 326 40 familjerättskom-

278 346 125 30 mittén
427 346 66 29 blir
517 346 115 40 färdig
656 347 78 29 med
760 347 60 30 sitt
844 347 127 29 arbete.
997 347 53 29 En
1076 347 130 30 allmän
1232 347 187 40 utredning
1443 348 45 39 på
1514 348 95 29 detta
1634 348 142 29 område

279 396 159 30 kommer
457 396 178 30 sannolikt
654 398 50 28 att
723 398 35 28 ta
777 397 81 39 lång
877 397 50 29 tid
947 397 11 29 i
978 397 165 39 anspråk.

322 446 76 29 Den
423 446 12 28 i
461 446 179 30 motionen
667 446 199 40 föreslagna
892 447 194 39 ändringen
1113 448 40 29 är
1180 456 42 21 av
1248 447 194 40 begränsad
1470 448 214 39 omfattning
1711 448 66 29 och

276 496 65 30 har
360 497 88 29 intet
468 496 170 30 samband
659 497 78 30 med
757 497 42 30 de
818 497 203 30 invecklade
1042 497 298 40 familjerättsliga
1360 497 174 40 frågorna.
1555 498 129 30 Därför
1704 499 70 29 kan

279 548 48 27 ett
351 546 99 30 bifall
472 546 53 30 till
548 547 178 30 motionen
749 547 72 30 inte
844 547 45 39 på
912 547 105 40 något
1042 547 69 30 sätt
1135 547 175 40 föregripa
1334 548 67 30 den
1425 548 212 30 kommande
1662 549 116 29 utred-

278 596 148 40 ningens
444 596 127 30 arbete.
590 597 328 40 Gränsdragningen
937 597 130 30 mellan
1086 597 42 30 de
1148 597 166 31 stiftelser
1333 598 65 30 och
1418 599 360 39 sammanslutningar

278 655 75 21 som
372 647 88 29 skall
478 647 141 39 åtnjuta
636 647 276 30 skattebefrielse
930 648 65 29 och
1012 648 42 29 de
1073 656 75 21 som
1166 648 30 39 ej
1217 648 71 29 kan
1305 648 142 30 komma
1464 649 11 29 i
1493 648 101 40 fråga
1611 650 38 28 är
1667 649 107 30 redan

278 696 112 39 gjord,
415 696 165 31 eftersom
605 697 68 29 den
698 697 264 30 sammanfaller
986 698 79 29 med
1091 698 42 30 de
1158 698 203 30 nuvarande
1386 698 311 31 bestämmelserna
1721 699 56 30 be-

279 746 178 30 träffande
477 747 193 39 gåvoskatt.
690 746 124 40 Övriga
834 747 118 40 frågor
971 748 11 29 i
1003 748 171 30 samband
1194 748 79 30 med
1293 748 425 40 författningsändringen
1739 750 39 28 är

279 805 43 20 av
348 796 141 30 teknisk
515 798 106 28 natur
648 797 65 30 och
739 798 98 29 torde
865 799 86 28 utan
980 798 110 30 större
1118 798 216 30 tidsutdräkt
1361 799 122 29 kunna
1510 799 143 30 utredas
1681 799 96 30 inom

279 846 126 39 Kungl.
426 846 123 40 Maj:ts
569 847 146 30 kansli.»

323 896 74 29 dels
417 896 64 29 ock
502 898 50 27 att
573 897 169 30 utskottet
763 897 111 30 under
894 898 114 39 punkt
1028 898 44 35 B)
1098 898 78 30 bort
1196 898 196 35 hemställa,

630 949 51 28 att
697 948 198 39 riksdagen,
913 948 78 30 med
1008 948 99 30 bifall
1125 948 53 30 till
1195 949 180 30 motionen
1391 949 45 30 II:
1453 949 62 30 523
1533 959 42 20 av
1591 950 82 29 herr
1690 949 85 30 Gus-

587 997 136 30 tafsson
742 998 11 29 i
771 998 109 30 Borås
899 1008 45 19 m.
964 998 48 34 fl.,
1031 998 109 30 måtte
1158 999 12 29 i
1189 999 167 30 skrivelse
1374 999 52 30 till
1446 1000 126 39 Kungl.
1592 1000 105 39 Maj:t
1716 1010 60 20 an-

587 1048 95 29 hålla
701 1057 55 21 om
776 1049 189 39 utredning
984 1049 64 29 och
1069 1048 131 40 förslag
1219 1058 57 21 om
1297 1049 147 40 ändring
1465 1059 41 20 av
1526 1050 251 40 förordningen

585 1107 57 21 om
662 1099 176 29 arvsskatt
859 1099 65 29 och
945 1099 182 39 gåvoskatt
1148 1099 11 29 i
1181 1099 89 39 syfte
1293 1101 50 28 att
1364 1099 79 30 från
1465 1101 176 29 arvsskatt
1663 1100 111 30 befria

587 1149 309 30 testamentariska
914 1150 262 29 förordnanden
1195 1150 52 29 till
1267 1150 132 30 sådana
1418 1150 167 30 stiftelser
1604 1151 65 30 och
1688 1160 90 20 sam-

589 1199 293 40 manslutningar,
909 1199 223 31 beträffande
1159 1199 94 31 vilka
1281 1201 179 39 undantag
1487 1201 79 30 från
1595 1201 182 39 gåvoskatt

585 1249 192 39 föreligger.

545 2469 167 26 Stockholm
724 2470 76 25 1963.
818 2472 81 23 Isaac
910 2471 112 24 Marcus
1033 2471 187 32 Boktryckeri
1232 2473 172 31 Aktiebolag
1427 2478 97 21 630153
