2166 2634
417 159 39 30 82
889 156 232 42 Lagutskottets
1144 155 163 31 utlåtande
1329 154 57 31 Nr
1406 155 57 30 32.

530 240 140 41 (Kungl.
694 240 123 40 Maj:ts
838 239 153 41 förslag.)
1417 236 193 42 (Utskottets
1631 236 154 41 förslag.)

376 358 43 22 av
445 347 108 42 avtal,
582 358 78 23 som
688 345 174 35 makarna
888 344 85 36 med
1000 343 143 49 hänsyn
1170 344 58 35 till
1256 345 227 44 återgången
1511 340 139 45 träffat,
1679 340 61 36 vid
1767 342 120 34 talans
1915 340 72 37 för-

376 397 75 34 lust
479 395 223 36 framställas
729 396 12 34 i
769 396 112 35 målet
908 407 59 23 om
995 396 188 45 återgång.

1139 509 81 45 78

513 595 101 37 Efter
642 599 176 45 återgång
844 608 83 23 vare
955 596 176 34 makarna
1158 595 31 46 ej
1220 595 157 47 pliktiga
1403 593 159 47 försörja
1588 592 191 36 varandra.

727 716 19 33 8
775 713 35 45 8.

455 797 73 38 Går
554 798 200 47 äktenskap
787 801 78 32 åter
888 797 148 47 jämlikt
1066 799 16 33 1
1114 795 34 45 $,

378 849 68 36 och
490 862 63 22 var
596 861 160 23 mannen
797 850 13 33 i
850 847 74 48 god
967 852 59 31 tro
1065 859 84 22 men

378 901 160 34 hustrun
558 899 46 44 ej,
625 900 89 34 eller
731 899 130 35 vinner
880 910 159 23 mannen
1055 900 94 32 åter-

378 953 99 45 gång
500 950 149 47 jämlikt
678 951 19 33 2
718 947 23 45 $
765 948 115 36 första
899 948 143 48 stycket
1061 948 90 35 eller

379 1003 21 33 3
424 999 34 45 $,
479 1000 66 35 och
566 1013 64 22 var
657 999 71 36 den
756 998 285 48 omständighet,
1071 1010 78 23 som

379 1050 215 36 föranledde
634 1053 236 44 återgången,
911 1048 61 36 vid
1007 1049 142 46 vigseln

378 1100 96 36 känd
495 1100 59 36 för
572 1101 168 43 hustrun,
764 1099 122 44 varde,
908 1099 64 35 där
990 1111 159 23 mannen

378 1153 13 33 i
419 1152 111 35 målet
556 1164 60 22 om
644 1154 176 44 återgång
847 1150 62 35 det
936 1150 115 42 äskar,
1076 1148 74 36 för-

378 1202 77 35 bud
483 1202 119 35 henne
630 1201 183 36 meddelat
840 1206 54 30 att
919 1199 124 36 vidare
1062 1199 88 36 bära

379 1253 92 34 hans
499 1265 122 22 namn.

1567 712 20 35 8
1616 709 34 45 &.

1293 793 75 38 Går
1396 794 199 48 äktenskap
1625 797 77 32 åter
1724 794 152 47 jämlikt
1906 796 16 33 1
1952 793 34 45 $,

1218 846 67 35 och
1324 857 66 23 var
1430 857 159 23 mannen
1619 845 64 35 vid
1710 845 136 47 vigseln
1874 845 14 34 i
1914 844 73 48 god

1219 901 57 30 tro
1316 908 84 23 men
1442 895 158 35 hustrun
1642 895 46 47 ej,
1729 895 90 35 eller
1859 896 130 34 vinner

1219 959 159 22 mannen
1406 948 177 45 återgång
1605 945 150 48 jämlikt
1783 946 21 34 2
1824 943 24 45 $
1876 944 113 36 första

1219 997 143 48 stycket
1390 997 88 34 eller
1505 997 20 34 3
1554 994 34 45 $,
1622 996 68 35 och
1721 1008 64 23 var
1812 996 73 34 den
1911 1008 77 22 om-

1218 1046 225 48 ständighet,
1495 1058 78 23 som
1627 1044 215 37 «föranledde
1895 1049 93 32 åter-

1218 1101 157 45 gången,
1392 1097 62 35 vid
1467 1097 142 47 vigseln
1624 1095 102 37 känd
1739 1095 62 36 för
1815 1096 172 44 hustrun,

1217 1148 121 44 varde,
1368 1147 66 35 där
1461 1159 158 23 mannen
1647 1147 12 35 i
1686 1147 111 35 målet
1815 1158 62 24 om
1896 1149 92 33 åter-

1218 1202 100 45 gång
1344 1198 63 35 det
1434 1198 115 43 äskar,
1578 1196 136 36 förbud
1740 1197 122 35 henne
1889 1196 100 36 med-

1217 1249 97 35 delat
1342 1253 54 30 att
1423 1248 123 35 vidare
1573 1247 88 36 bära
1687 1248 90 35 hans
1805 1260 125 22 namn.

1142 1369 19 33 9
1190 1366 33 44 8.

515 1453 182 48 Upplöses
736 1465 134 35 genom
911 1452 122 35 makes
1075 1450 74 36 död
1188 1451 212 47 äktenskap,
1443 1462 78 23 som
1553 1449 151 47 jämlikt
1734 1451 16 33 1
1781 1447 23 45 $
1833 1449 83 35 bort
1943 1452 46 44 gå

381 1508 89 40 åter,
512 1504 106 43 skall,
660 1507 40 32 så
739 1502 113 36 framt
877 1501 163 50 yrkande
1069 1501 126 35 därom
1221 1507 105 41 göres
1363 1501 68 34 sist
1457 1499 62 36 vid
1546 1499 262 48 bodelningen,
1836 1499 87 36 boet
1950 1502 40 33 så

381 1555 111 44 delas,
522 1567 78 23 som
628 1553 93 36 hade
748 1556 177 45 återgång
952 1553 107 34 skett.

514 1603 147 37 Samma
686 1605 61 47 lag
773 1616 95 29 vare,
897 1603 67 35 där
990 1603 212 47 äktenskap,
1231 1614 78 23 som
1334 1601 151 48 jämlikt
1513 1602 20 33 2
1562 1602 91 33 eller
1681 1601 20 34 3
1729 1598 23 45 $
1771 1600 72 35 kan
1864 1600 124 35 dömas

381 1661 53 29 att
474 1658 136 44 återgå,
652 1667 134 35 genom
826 1653 123 36 döden
980 1654 174 47 upplöses
1185 1652 66 36 och
1279 1652 240 47 tillämpning
1545 1663 44 23 av
1616 1663 87 36 nyss
1730 1650 113 48 sagda
1869 1652 121 46 regler

380 1707 103 34 äskas
523 1718 44 22 av
606 1705 72 35 den
718 1704 249 36 efterlevande
994 1704 144 40 maken,
1166 1716 59 22 om
1252 1703 73 34 han
1353 1702 94 47 ägde
1473 1702 113 34 vinna
1614 1704 188 44 återgång,
1830 1702 91 34 eller
1946 1714 43 22 av

381 1769 121 23 annan
541 1756 233 47 bodelägare,
810 1768 61 22 om
912 1755 71 35 den
1022 1753 146 36 avlidne
1199 1752 92 36 hade
1323 1752 112 36 sådan
1464 1757 72 30 rätt
1562 1752 67 35 och
1659 1752 71 34 han
1758 1750 105 36 förde
1891 1752 97 34 talan

381 1819 60 23 om
481 1810 180 44 återgång
692 1807 89 34 eller
806 1806 100 34 intill
934 1806 56 34 sin
1019 1804 73 35 död
1119 1803 135 36 befann
1281 1803 57 47 sig
1365 1804 12 33 i
1405 1802 130 35 sådant
1560 1801 180 43 tillstånd,
1769 1814 79 23 som
1876 1803 13 33 i
1918 1803 20 33 2
1965 1800 24 45 $

381 1858 91 35 eller
499 1858 21 34 3
549 1855 23 45 $
602 1859 17 32 1
651 1863 91 41 sägs.

515 1906 257 36 Efterlevande
807 1906 117 43 make,
953 1917 78 24 som
1058 1904 62 36 vid
1147 1904 112 35 andra
1285 1904 150 34 makens
1463 1902 73 36 död
1563 1902 93 48 ägde
1683 1904 111 33 vinna
1812 1904 177 46 återgång

381 1971 44 22 av
451 1957 252 48 äktenskapet,
731 1957 117 47 njute,
878 1956 65 35 där
970 1956 71 35 han
1069 1956 67 35 sist
1162 1954 63 36 vid
1251 1953 252 48 bodelningen
1527 1953 62 35 det
1615 1953 122 48 yrkar,
1765 1952 223 36 skadestånd

382 2007 94 36 efter
503 2008 45 35 de
575 2008 12 34 i
616 2009 19 34 6
665 2006 23 45 $&
715 2008 112 47 givna
854 2008 128 46 regler.

516 2057 104 36 Hade
661 2057 202 48 äktenskap
903 2057 82 35 bort
1023 2059 47 45 gå
1101 2058 78 33 åter
1205 2053 57 37 för
1288 2054 145 44 hinder,
1462 2066 77 23 som
1568 2061 82 40 sägs
1677 2055 13 33 i
1718 2055 19 33 2
1766 2054 82 47 kap.
1881 2055 45 33 10
1953 2051 34 45 $,

382 2109 69 35 och
491 2108 68 36 dör
598 2108 71 35 den
710 2106 167 49 omgifte,
905 2108 92 34 skall
1024 2111 75 31 rätt
1125 2107 59 34 till
1211 2106 216 44 ersättning,
1456 2105 154 47 pension
1639 2105 88 34 eller
1752 2116 124 22 annan
1904 2103 84 35 eko-

382 2159 146 35 nomisk
555 2157 156 44 förmån,
739 2171 79 22 som
846 2164 40 29 är
912 2157 132 48 tillagd
1071 2155 247 37 efterlevande
1346 2155 117 41 make,
1493 2154 64 35 där
1583 2154 31 47 ej
1636 2159 111 30 annat
1765 2166 44 22 av
1826 2158 162 31 omstän-

382 2210 216 47 digheterna
624 2208 173 48 framgår,
827 2220 104 23 anses
958 2208 207 35 tillkomma
1192 2207 129 34 maken
1348 2207 14 33 i
1391 2204 115 37 första
1532 2204 119 49 giftet.
