2166 2642
700 160 233 42 Lagutskottets
955 160 160 31 utlåtande
1138 160 53 31 Nr
1214 161 57 30 32.
1703 161 38 30 29

176 248 207 35 hindrande
410 248 108 35 härav
545 248 31 46 ej
607 249 189 47 upptagits
824 249 12 34 i
864 247 184 48 förslaget,
1078 249 73 34 lika
1179 249 80 34 litet
1287 260 77 23 som
1393 249 9 33 i
1425 246 226 36 främmande
1669 248 114 46 lagar,

176 299 117 46 enligt
333 299 100 35 vilka
470 311 43 22 en
550 298 174 36 liknande
752 298 194 48 möjlighet
974 298 206 48 föreligger,
1210 300 96 33 lärer
1333 298 90 35 dock
1453 298 125 35 kunna
1605 297 180 36 försvaras

175 348 163 44 därmed,
380 354 54 30 att
469 349 185 46 lagtexten
683 350 31 45 ej
746 349 65 35 bör
838 349 155 35 belastas
1022 348 80 36 med
1133 347 234 36 föreskrifter
1394 347 227 36 beträffande
1649 348 136 35 sådana

175 398 75 45 fall,
292 412 77 22 som
410 400 57 34 väl
508 400 123 34 kunna
671 400 129 34 tänkas
840 398 159 44 inträffa,
1042 412 83 22 men
1155 400 12 33 i
1193 399 256 47 verkligheten
1478 399 180 47 knappast
1686 398 98 35 före-

174 449 156 35 komma.
373 449 290 42 Bestämmelser,
693 449 135 35 sådana
856 462 77 22 som
965 448 45 36 de
1038 462 44 22 av
1109 449 272 34 motionärerna
1408 448 226 47 ifrågasatta,
1664 449 120 34 skulle

174 500 68 33 ock
282 499 144 35 mindre
466 500 57 34 väl
550 504 310 30 överensstämma
887 499 82 35 med
998 498 195 47 förslagets
1221 498 231 47 ståndpunkt
1479 499 57 33 till
1567 497 128 46 frågan
1724 510 57 22 om

172 548 165 36 väntetid
367 548 57 36 för
450 548 178 46 ingående
656 562 43 21 av
726 553 86 44 nytt
839 549 213 47 äktenskap,
1081 548 111 36 sedan
1221 553 52 30 ett
1301 548 158 46 tidigare
1486 547 107 36 blivit
1620 548 162 47 upplöst.

899 751 21 33 4
950 748 106 36 KAP.

307 849 72 35 Till
413 850 64 34 sitt
508 850 163 34 innehåll
704 850 164 35 ansluter
898 851 57 45 sig
985 848 239 37 förevarande
1252 848 137 48 kapitel
1417 850 12 33 i
1456 850 80 33 sina
1563 847 220 48 huvuddrag
1821 859 151 28 Utskottet.

172 900 139 47 ganska
337 906 88 28 nära
452 901 57 33 till
538 912 50 22 nu
615 899 171 48 gällande
813 901 61 45 lag
900 912 60 22 om
988 899 219 48 äktenskaps
1236 899 180 40 ingående
1444 898 71 35 den
1545 900 19 33 6
1586 898 198 35 november

175 951 107 34 1908.
340 949 69 36 Det
447 951 92 34 vilar
578 949 158 36 sålunda
775 952 46 44 på
860 950 191 48 principen
1092 962 57 22 om
1178 948 174 36 valfrihet
1379 949 135 35 mellan
1542 949 147 47 kyrklig
1715 949 67 34 och

172 1000 189 47 borgerlig
401 999 106 45 form,
550 1013 83 22 men
673 1000 121 35 denna
829 1001 144 46 princip
1001 1007 41 27 är
1069 1000 11 35 i
1109 998 177 49 förslaget
1312 998 214 49 genomförd
1557 998 82 36 med
1668 1003 115 31 större

172 1049 284 49 följdriktighet.
510 1050 162 36 Sålunda
699 1051 103 43 hava,
830 1052 12 33 i
870 1051 216 47 anslutning
1113 1051 58 34 till
1199 1050 200 43 önskemål,
1428 1062 77 22 som
1533 1049 147 35 särskilt
1699 1048 83 36 från

172 1101 165 48 kyrkligt
370 1102 71 34 håll
476 1102 164 43 uttalats,
674 1106 118 30 rätten
825 1106 54 30 att
910 1101 137 35 erhålla
1075 1101 147 48 kyrklig
1250 1101 114 45 vigsel
1393 1100 31 47 ej
1455 1100 222 47 oväsentligt
1704 1099 79 35 vid-

170 1157 93 42 gats.
317 1151 164 36 Behovet
512 1164 45 23 av
589 1152 86 35 ökat
701 1153 99 33 antal
828 1152 208 47 borgerliga
1063 1151 309 48 vigselförrättare
1399 1154 21 31 å
1446 1150 126 35 landet
1599 1150 65 35 har
1691 1157 91 28 även

170 1202 108 35 blivit
317 1202 240 47 tillgodosett.
611 1200 182 49 Slutligen
834 1201 177 47 förtjänar
1051 1209 165 34 nämnas,
1250 1206 54 31 att
1332 1200 129 48 frågan
1489 1214 59 22 om
1575 1201 136 35 verkan
1739 1213 44 22 av

171 1251 150 36 formfel
350 1252 61 35 vid
438 1253 219 47 äktenskaps
686 1252 181 48 ingående
894 1254 12 33 i
935 1251 176 47 förslaget
1138 1253 172 46 regleras.

307 1302 17 35 I
351 1303 173 47 kapitlets
551 1302 129 36 rubrik
708 1308 118 31 möter
853 1302 70 36 den
951 1303 301 45 terminologiska
1278 1302 173 48 nyheten,
1476 1306 53 30 att
1547 1301 103 35 ordet
1667 1301 115 47 vigsel

171 1352 185 36 användes
384 1356 118 32 såsom
530 1365 209 35 gemensam
769 1353 227 47 benämning
1023 1352 58 36 för
1108 1352 69 35 den
1206 1352 168 49 kyrkliga
1396 1352 67 35 och
1483 1352 69 34 den
1571 1352 211 47 borgerliga

170 1401 144 37 formen
342 1402 58 36 för
426 1404 218 47 äktenskaps
672 1403 194 48 ingående.
920 1403 16 35 I
963 1408 52 30 ett
1042 1404 118 34 flertal
1188 1403 182 35 motioner
1392 1402 90 35 hava
1501 1401 137 47 förslag
1657 1402 124 35 väckts

170 1466 60 22 om
258 1453 160 47 ändring
444 1454 235 35 härutinnan.
714 1434 37 54 I
778 1453 45 35 de
850 1452 102 36 förut
979 1453 157 36 berörda
1163 1454 233 34 motionerna
1421 1466 43 21 av
1491 1452 84 35 herr
1593 1431 189 69 Bergqvist
1800 1464 77 26 Herr
1892 1464 90 35 Berg-

170 1516 47 22 m.
246 1504 37 35 f.
324 1504 70 35 och
434 1517 42 22 av
516 1504 81 35 herr
635 1504 177 48 Rydholm
845 1518 48 21 m.
922 1504 36 35 fl.
988 1504 209 35 hemställes
1225 1503 166 42 sålunda,
1420 1508 55 30 att
1503 1502 193 35 »rubriken
1724 1503 55 62 till
1799 1498 81 60 2v5085
1893 1507 48 51 jon

169 1556 22 33 4
219 1555 83 47 kap.
332 1553 56 37 får
414 1554 182 50 lydelsen:
641 1553 65 39 Oi
740 1555 216 61 äktenskaps
992 1555 189 47 ingående,
1214 1559 54 31 att
1311 1556 17 33 1
1363 1553 22 44 &
1413 1567 45 21 av
1485 1553 102 35 detta
1613 1553 82 48 kap.
1724 1552 58 36 får
1811 1565 160 34 Bydholms

169 1604 166 49 följande
362 1605 156 49 lydelse:
547 1605 212 48 Åktenskap
787 1605 109 45 ingås
919 1618 125 45 genom
1074 1605 159 49 kyrkligt
1260 1605 86 36 eller
1369 1605 189 47 borgerligt
1573 1604 206 48 giftermål,
1819 1608 62 52 "5
1915 1607 55 52 Me

168 1661 97 30 samt
296 1660 54 31 att
378 1659 37 32 åt
442 1655 113 36 första
582 1656 112 35 raden
723 1669 43 22 av
794 1657 20 34 2
844 1655 22 44 $&
893 1657 102 47 gives
1022 1656 182 48 lydelsen:
1247 1655 171 48 Kyrkligt
1442 1654 189 50 giftermål
1655 1667 123 34 genom

168 1706 110 45 vigsel
310 1706 62 36 må
401 1711 69 43 äga
500 1720 103 27 rum;
634 1705 160 37 varefter
826 1685 89 57 den
924 1710 39 32 så
990 1706 189 36 bestämda
1205 1706 283 47 terminologien
1516 1694 264 59 genomföres.>

301 1756 270 48 Motiveringen
598 1757 124 48 lyder:

302 1806 142 37 »Såsom
484 1788 128 54 rubrik
651 1814 86 29 över
777 1809 22 33 4
840 1807 81 47 kap.
953 1810 90 32 står:
1086 1806 71 36 'om
1189 1805 140 49 vigsel.
1382 1804 77 38 Och
1491 1809 17 32 1
1538 1803 23 46 8
1588 1805 108 49 lyder
1723 1808 55 32 så:

170 1847 231 58 "Äktenskap
441 1858 105 48 ingås
578 1857 82 36 med
694 1858 148 48 kyrklig
869 1858 89 35 eller
985 1857 185 48 borgerlig
1196 1836 141 68 vigsel”.
1392 1857 65 35 Att
1484 1857 96 34 kalla
1607 1856 70 35 den
1706 1856 73 43 akt,

166 1920 133 34 genom
338 1908 125 36 vilken
482 1888 222 68 "äktenskap
740 1908 100 36 inför
873 1888 202 68 borgerlig
1091 1882 220 78 myndighet
1339 1909 116 46 ingås,
1485 1905 151 49 ”vigsel',
1666 1913 40 28 är
1733 1919 46 22 en

166 1959 124 48 nyhet,
320 1971 79 23 som
427 1959 107 35 väckt
561 1964 76 30 stor
664 1959 326 48 uppmärksamhet
1017 1959 12 35 i
1057 1959 134 35 landet.
1246 1958 57 35 En
1331 1958 113 36 sådan
1472 1957 238 48 användning
1737 1970 43 22 av

166 2008 106 36 ordet
313 2008 137 48 "vigsel"
491 2009 121 44 torde
635 2008 57 37 för
732 2009 245 48 språkbruket
1017 2013 47 44 på
1100 2009 44 36 de
1175 2009 105 35 festa
1307 2014 99 30 orter
1431 2010 13 33 i
1471 2011 82 33 vårt
1580 2007 88 36 land
1695 2021 85 22 vara

167 2058 243 37 främmande.
465 2059 68 36 Det
574 2068 39 27 är
652 2060 80 35 icke
772 2060 115 35 heller
926 2060 178 47 språkligt
1143 2060 67 35 och
1244 2059 190 35 historiskt
1474 2059 129 47 riktigt
1648 2063 54 30 att
1741 2061 39 32 så

167 2110 169 36 använda
375 2110 103 36 detta
515 2110 77 36 ord.
646 2109 117 38 Ordet
797 2109 137 48 "vigsel
967 2110 156 48 betyder
1149 2110 238 35 uteslutande
1414 2109 71 36 den
1512 2109 164 49 religiösa
1704 2109 73 43 akt,

165 2161 214 48 varigenom
412 2166 52 30 ett
505 2162 200 46 äktenskap
746 2162 117 46 ingås.
918 2160 70 36 Det
1027 2168 40 28 är
1093 2160 105 36 alltid
1226 2173 45 23 en
1299 2160 189 48 betänklig
1514 2160 62 36 sak
1604 2165 55 30 att
1686 2172 93 35 upp-

165 2219 148 28 muntra
341 2217 53 30 ett
421 2211 127 36 erkänt
576 2212 155 47 oriktigt
758 2211 216 49 språkbruk.
