2166 2636
170 1307 79 26 Herr
265 1306 88 33 Berg-

167 1340 92 34 qvists
276 1348 36 17 m.
327 1339 33 33 fl.

198 1373 49 27 och
265 1373 66 26 herr

185 1406 158 35 RBydholms

164 1449 35 19 m.
212 1440 33 34 fl.
265 1440 96 26 motio-

236 1482 56 18 ner.

408 163 40 29 42
888 159 228 41 Lagutskottets
1138 160 160 29 utlåtande
1324 158 51 31 Nr
1397 159 55 30 32.

367 255 53 29 att
442 248 217 36 valfriheten
689 250 32 45 ej
751 250 12 33 i
791 248 251 47 verkligheten
1071 250 65 44 går
1164 246 156 36 förlorad
1348 246 56 35 till
1430 245 94 47 följd
1543 258 44 22 av
1606 245 187 36 bristande
1813 247 159 47 tillgång

367 304 47 43 på
453 299 208 48 borgerliga
701 298 321 48 vigselförrättare.
1076 298 110 34 Detta
1225 297 186 35 önskemål
1453 303 39 28 är
1530 296 205 35 emellertid
1768 298 119 47 enligt
1915 302 58 30 ut-

367 350 154 35 skottets
562 348 241 49 uppfattning
841 361 134 35 genom
1015 347 174 48 förslaget
1229 348 217 45 tillräckligt
1484 346 239 48 tillgodosett.
1778 346 71 36 Det
1881 349 94 34 lärer

367 402 188 46 nämligen
596 399 82 35 med
719 399 168 35 säkerhet
927 399 125 34 kunna
1092 397 196 44 förväntas,
1330 403 54 29 att
1425 403 66 28 när
1517 397 95 34 hälst
1641 400 20 31 å
1688 399 119 45 någon
1837 403 57 29 ort
1922 403 54 30 ett

368 451 158 47 verkligt
565 450 117 35 behov
722 463 42 22 av
804 448 312 48 vigselförrättare
1156 461 119 35 yppar
1306 448 68 47 sig,
1404 447 137 47 Kungl.
1571 446 108 47 Maj:t
1706 447 31 46 ej
1769 448 93 34 skall
1890 461 86 22 vara

368 514 63 22 sen
459 506 54 29 att
540 499 217 36 föranstalta
783 513 61 22 om
872 505 52 29 att
951 499 156 35 behovet
1134 499 71 34 blir
1224 498 86 48 fyllt
1329 501 47 45 på
1401 498 62 34 det
1481 502 82 38 sätt,
1584 497 121 35 denna
1723 496 174 49 paragraf
1912 510 63 22 an-

367 553 108 33 visar.
507 550 185 35 Utskottet
705 551 64 34 vill
784 557 91 28 även
893 551 118 33 erinra
1027 549 125 35 därom
1168 554 53 30 att
1239 548 57 36 för
1311 548 111 35 sådan
1443 547 146 46 åtgärds
1609 548 223 47 vidtagande
1851 548 32 46 ej
1902 547 74 35 för-

369 607 155 30 utsättes
544 600 272 48 framställning
834 600 82 35 från
946 600 211 35 kommunal
1176 599 234 49 myndighet;
1430 598 62 35 det
1511 605 40 28 är
1568 598 218 47 tillräckligt
1805 603 55 30 att
1874 610 103 35 rege-

368 652 273 47 ringsmaktens
669 650 325 49 uppmärksamhet
1021 663 43 21 av
1096 649 58 36 för
1190 649 126 47 frågan
1353 648 244 36 intresserade
1624 649 165 35 enskilda
1807 661 173 34 personer

369 702 114 35 fästes
498 705 44 43 på
557 702 155 35 behovet
726 714 43 22 av
783 700 326 48 vigselförrättare.
1126 700 186 47 Förslaget
1327 704 53 30 att
1395 698 315 49 vigselförrättare
1721 699 256 46 ovillkorligen

370 753 90 34 skall
488 751 195 36 förordnas
710 753 11 33 i
749 752 100 46 varje
877 751 177 35 kommun
1082 758 41 28 är
1150 751 114 47 enligt
1282 750 198 35 utskottets
1500 748 238 36 förmenande
1758 749 30 46 ej
1810 750 167 47 lyckligt.

369 802 63 35 Ett
459 807 164 30 avsevärt
650 804 101 33 antal
779 802 328 35 landskommuner
1126 809 63 28 äro
1208 801 90 35 både
1317 801 58 34 till
1396 799 216 46 folkmängd
1632 800 68 35 och
1722 800 257 47 utsträckning

370 856 39 31 så
437 856 88 40 små,
554 857 54 30 att
636 857 51 30 ett
714 851 247 37 förordnande
988 865 43 21 av
1059 851 155 36 särskild
1242 850 312 48 vigselförrättare
1581 849 60 36 för
1667 863 45 22 en
1740 863 63 21 var
1830 863 45 21 av
1896 850 82 34 dem

372 903 111 35 redan
523 906 46 44 på
609 903 71 35 den
720 903 124 47 grund
871 903 96 34 lärer
994 901 37 36 få
1059 915 104 22 anses
1190 901 92 36 både
1310 901 212 47 obehövligt
1549 900 68 35 och
1645 901 209 46 olämpligt.
1910 900 70 35 Det

370 953 58 36 får
467 954 31 47 ej
542 954 113 34 heller
694 952 167 43 förbises,
902 958 54 29 att
995 953 12 34 i
1048 958 52 29 ett
1135 952 137 48 ganska
1299 956 93 30 stort
1420 952 99 34 antal
1547 951 218 34 kommuner
1791 951 189 47 borgerlig

370 1005 113 45 vigsel
524 1011 99 28 ännu
661 1005 67 33 alls
767 1004 30 46 ej
841 1004 154 34 kommit
1021 1005 13 32 i
1061 1003 94 35 bruk
1177 1003 65 35 och
1271 1007 53 30 att
1354 1001 62 36 det
1444 1005 20 31 å
1491 1001 135 35 sådana
1653 1007 97 29 orter
1776 1001 73 34 kan
1878 1006 102 30 möta

371 1061 96 28 stora
508 1054 224 48 svårigheter
766 1059 54 30 att
852 1054 99 34 finna
977 1066 46 22 en
1050 1066 145 35 person,
1223 1065 75 23 som
1329 1059 39 28 är
1396 1051 85 36 fullt
1510 1051 149 36 skickad
1687 1050 57 36 för
1771 1051 209 48 uppdraget

371 1105 68 34 och
463 1105 139 46 jämväl
630 1105 105 47 villig
766 1109 164 42 mottaga
958 1103 213 36 detsamma.

1138 1222 19 34 6
1186 1219 33 43 S.

507 1306 13 34 I
551 1306 179 35 motioner
757 1318 44 22 av
828 1305 127 35 herrar
982 1304 190 49 Bergqvist
1199 1317 47 22 m.
1274 1304 35 34 f.
1339 1303 69 35 och
1437 1304 82 34 herr
1545 1302 182 47 Rydholm
1756 1315 46 22 m.
1823 1303 35 34 fl.
1881 1303 100 35 hem-

372 1357 124 34 ställes
536 1361 72 30 »att
635 1356 133 35 mellan
797 1354 116 37 första
940 1354 67 36 och
1036 1355 114 34 andra
1177 1355 166 47 punkten
1369 1355 13 33 i
1410 1355 22 33 4
1461 1354 81 47 kap.
1572 1355 19 33 6
1622 1351 22 45 $
1672 1365 43 23 av
1742 1365 141 23 samma
1909 1354 70 47 lag,

372 1405 139 37 införes
551 1419 43 22 en
634 1419 51 35 ny
721 1407 119 46 punkt
867 1419 44 22 av
938 1405 101 35 detta
1064 1405 178 35 innehåll:
1271 1404 84 36 Har
1382 1404 255 48 lysningsbevis
1659 1404 67 47 för
1750 1403 230 48 giftermåls-

368 1458 234 43 förrättaren
624 1457 172 47 företetts,
826 1457 61 35 och
916 1461 43 31 är
985 1456 88 35 intet
1099 1455 128 36 hinder
1253 1455 96 48 eljest
1378 1455 126 35 honom
1531 1454 170 48 veterligt,
1730 1454 68 35 har
1816 1455 72 34 han
1908 1454 74 35 icke

373 1514 52 29 att
461 1507 88 48 ingd
575 1507 14 35 i
615 1507 118 48 någon
762 1507 124 35 vidare
914 1506 280 47 undersökning,
1223 1512 86 29 utan
1340 1509 44 31 är
1411 1504 243 49 oförhindrad
1681 1511 53 29 att
1757 1504 224 48 giftermålet

367 1558 184 48 förrätta.

507 1608 72 35 Till
607 1607 82 35 stöd
717 1606 57 36 för
800 1607 101 35 detta
928 1606 139 47 förslag
1094 1606 160 36 anföres:

509 1658 143 48 »Epligt
691 1670 51 22 nu
774 1657 172 48 gällande
977 1658 61 46 lag
1078 1664 39 28 är
1144 1657 61 35 det
1232 1655 68 37 den
1329 1662 111 42 präst,
1470 1668 77 23 som
1575 1655 167 35 utfärdar
1770 1656 210 48 lysningen,

375 1722 76 22 som
492 1709 66 35 ock
600 1708 65 35 har
702 1713 52 30 att
796 1708 124 35 utföra
946 1707 340 36 hindersransakan.
1340 1705 128 37 Såsom
1496 1719 45 22 en
1568 1705 95 48 följd
1691 1705 111 36 därav
1829 1705 66 35 har
1922 1705 61 35 det

375 1760 134 35 mellan
538 1764 190 43 prästerna
759 1758 121 36 städse
907 1759 92 47 gällt
1025 1770 80 23 som
1134 1770 45 22 en
1207 1757 173 46 självklar
1407 1757 74 43 sak,
1510 1761 64 39 att,
1604 1756 46 35 då
1672 1755 59 36 för
1757 1756 71 35 den
1856 1768 126 22 anmo-

374 1809 94 36 dade
507 1809 338 46 vigselförrättaren
881 1807 136 37 företes
1044 1808 287 48 lysningsattest,
1361 1806 258 36 innehållande
1646 1811 54 31 att
1726 1807 96 35 intet
1848 1806 133 35 hinder

375 1865 120 30 möter
536 1864 77 31 mot
652 1860 257 47 äktenskapets
945 1858 269 43 fullbordande,
1255 1857 341 48 vigselförrättaren
1635 1857 80 35 icke
1754 1857 66 34 har
1860 1859 120 45 någon

375 1910 211 49 skyldighet
630 1915 53 30 att
723 1909 217 44 undersöka,
981 1921 59 23 om
1081 1908 353 48 äktenskapshinder
1475 1907 211 36 'förefinnas.
1758 1906 105 36 Efter
1907 1907 74 35 till-

376 1961 167 35 komsten
583 1973 43 23 av
658 1959 280 48 lagstiftningen
966 1959 189 48 angående
1182 1959 216 46 äktenskaps
1426 1957 217 36 avslutande
1669 1956 100 36 inför
1795 1957 188 48 borgerlig

376 2011 231 48 myndighet,
635 2011 91 34 hava
753 2009 256 49 somligstädes
1030 2009 52 36 de
1109 2009 210 48 borgerliga
1346 2007 436 49 giftermålsförrättarna
1804 2007 81 36 icke
1903 2007 79 45 nöjt

377 2063 57 45 sig
465 2061 85 35 med
577 2074 45 22 en
648 2062 282 47 lysningsattest
956 2073 43 22 av
1025 2065 225 30 ovannämnt
1275 2060 162 35 innehåll'
1470 2064 99 38 utan,
1597 2058 120 35 under
1743 2057 239 36 förmenande

377 2117 54 30 att
470 2110 431 49 giftermålsförrättaren
928 2123 86 23 vore
1041 2111 171 47 ansvarig
1238 2109 57 36 för
1321 2108 197 36 frånvaron
1546 2121 44 23 av
1616 2107 366 49 äktenskapshinder,

377 2161 190 36 avfordrat
587 2188 5 2 :
606 2167 125 42 pastor
758 2163 11 33 i
797 2162 275 48 lysningsorten
1100 2161 70 35 alla
1196 2160 45 35 de
1267 2160 113 43 bevis,
1410 2162 112 45 varpå
1541 2159 79 35 han
1647 2158 160 48 grundat
1833 2158 69 35 sitt
1928 2157 55 35 in-

377 2218 79 43 tyg,
498 2217 52 30 att
586 2211 130 36 hinder
755 2212 31 45 ej
816 2217 127 30 möter.
997 2210 85 37 Som
1109 2216 125 42 pastor
1260 2209 59 37 för
1346 2211 57 35 sin
1432 2223 90 35 egen
1550 2209 167 36 säkerhet
1744 2211 116 33 måste
1886 2209 12 34 i
1927 2220 55 23 ar-
