<?xml version="1.0" encoding="UTF-8"?>
<alto xmlns="http://www.loc.gov/standards/alto/ns-v3#" xmlns:xlink="http://www.w3.org/1999/xlink" xmlns:xsi="http://www.w3.org/2001/XMLSchema-instance" xsi:schemaLocation="http://www.loc.gov/standards/alto/ns-v3# http://www.loc.gov/alto/v3/alto-3-0.xsd">
	<Description>
		<MeasurementUnit>pixel</MeasurementUnit>
		<sourceImageInformation>
			<fileName>/tmp/tess_u12b9f6i_input.PNG</fileName>
		</sourceImageInformation>
		<OCRProcessing ID="OCR_0">
			<ocrProcessingStep>
				<processingSoftware>
					<softwareName>tesseract 5.3.0</softwareName>
				</processingSoftware>
			</ocrProcessingStep>
		</OCRProcessing>
	</Description>
	<Layout>
		<Page WIDTH="2172" HEIGHT="2634" PHYSICAL_IMG_NR="0" ID="page_0">
			<PrintSpace HPOS="0" VPOS="0" WIDTH="2172" HEIGHT="2634">
				<ComposedBlock ID="cblock_0" HPOS="391" VPOS="155" WIDTH="1045" HEIGHT="43">
					<TextBlock ID="block_0" HPOS="391" VPOS="155" WIDTH="1045" HEIGHT="43">
						<TextLine ID="line_0" HPOS="391" VPOS="155" WIDTH="1045" HEIGHT="43">
							<String ID="string_0" HPOS="391" VPOS="160" WIDTH="39" HEIGHT="30" WC="0.96" CONTENT="16"/><SP WIDTH="436" VPOS="160" HPOS="430"/>
							<String ID="string_1" HPOS="866" VPOS="156" WIDTH="229" HEIGHT="42" WC="0.83" CONTENT="Lagutskottets"/><SP WIDTH="22" VPOS="156" HPOS="1095"/>
							<String ID="string_2" HPOS="1117" VPOS="155" WIDTH="164" HEIGHT="32" WC="0.96" CONTENT="utlåtande"/><SP WIDTH="22" VPOS="155" HPOS="1281"/>
							<String ID="string_3" HPOS="1303" VPOS="155" WIDTH="53" HEIGHT="30" WC="0.95" CONTENT="Nr"/><SP WIDTH="23" VPOS="155" HPOS="1356"/>
							<String ID="string_4" HPOS="1379" VPOS="156" WIDTH="57" HEIGHT="29" WC="0.95" CONTENT="32."/>
						</TextLine>
					</TextBlock>
				</ComposedBlock>
				<ComposedBlock ID="cblock_1" HPOS="350" VPOS="241" WIDTH="1616" HEIGHT="2014">
					<TextBlock ID="block_1" HPOS="350" VPOS="241" WIDTH="1606" HEIGHT="200">
						<TextLine ID="line_1" HPOS="350" VPOS="241" WIDTH="1605" HEIGHT="53">
							<String ID="string_5" HPOS="350" VPOS="247" WIDTH="136" HEIGHT="47" WC="0.96" CONTENT="förslag"/><SP WIDTH="44" VPOS="247" HPOS="486"/>
							<String ID="string_6" HPOS="530" VPOS="247" WIDTH="12" HEIGHT="33" WC="0.95" CONTENT="i"/><SP WIDTH="39" VPOS="247" HPOS="542"/>
							<String ID="string_7" HPOS="581" VPOS="247" WIDTH="95" HEIGHT="33" WC="0.96" CONTENT="vissa"/><SP WIDTH="41" VPOS="247" HPOS="676"/>
							<String ID="string_8" HPOS="717" VPOS="243" WIDTH="71" HEIGHT="37" WC="0.78" CONTENT="fall"/><SP WIDTH="34" VPOS="243" HPOS="788"/>
							<String ID="string_9" HPOS="822" VPOS="243" WIDTH="105" HEIGHT="37" WC="0.89" CONTENT="straff"/><SP WIDTH="23" VPOS="243" HPOS="927"/>
							<String ID="string_10" HPOS="950" VPOS="244" WIDTH="117" HEIGHT="35" WC="0.96" CONTENT="skulle"/><SP WIDTH="26" VPOS="244" HPOS="1067"/>
							<String ID="string_11" HPOS="1093" VPOS="245" WIDTH="127" HEIGHT="34" WC="0.95" CONTENT="kunna"/><SP WIDTH="28" VPOS="245" HPOS="1220"/>
							<String ID="string_12" HPOS="1248" VPOS="242" WIDTH="88" HEIGHT="46" WC="0.95" CONTENT="följa"/><SP WIDTH="27" VPOS="242" HPOS="1336"/>
							<String ID="string_13" HPOS="1363" VPOS="242" WIDTH="113" HEIGHT="35" WC="0.96" CONTENT="redan"/><SP WIDTH="28" VPOS="242" HPOS="1476"/>
							<String ID="string_14" HPOS="1504" VPOS="254" WIDTH="60" HEIGHT="23" WC="0.96" CONTENT="om"/><SP WIDTH="28" VPOS="254" HPOS="1564"/>
							<String ID="string_15" HPOS="1592" VPOS="253" WIDTH="159" HEIGHT="23" WC="0.96" CONTENT="mannen"/><SP WIDTH="30" VPOS="253" HPOS="1751"/>
							<String ID="string_16" HPOS="1781" VPOS="241" WIDTH="62" HEIGHT="35" WC="0.93" CONTENT="vid"/><SP WIDTH="27" VPOS="241" HPOS="1843"/>
							<String ID="string_17" HPOS="1870" VPOS="242" WIDTH="85" HEIGHT="34" WC="0.92" CONTENT="häv-"/>
						</TextLine>
						<TextLine ID="line_2" HPOS="350" VPOS="273" WIDTH="1606" HEIGHT="76">
							<String ID="string_18" HPOS="350" VPOS="273" WIDTH="137" HEIGHT="76" WC="0.92" CONTENT="dandet"/><SP WIDTH="26" VPOS="273" HPOS="487"/>
							<String ID="string_19" HPOS="513" VPOS="295" WIDTH="87" HEIGHT="49" WC="0.96" CONTENT="fyllt"/><SP WIDTH="27" VPOS="295" HPOS="600"/>
							<String ID="string_20" HPOS="627" VPOS="295" WIDTH="141" HEIGHT="36" WC="0.96" CONTENT="femton"/><SP WIDTH="29" VPOS="295" HPOS="768"/>
							<String ID="string_21" HPOS="797" VPOS="298" WIDTH="39" HEIGHT="32" WC="0.96" CONTENT="år"/><SP WIDTH="26" VPOS="298" HPOS="836"/>
							<String ID="string_22" HPOS="862" VPOS="307" WIDTH="84" HEIGHT="22" WC="0.93" CONTENT="men"/><SP WIDTH="29" VPOS="307" HPOS="946"/>
							<String ID="string_23" HPOS="975" VPOS="292" WIDTH="500" HEIGHT="49" WC="0.91" CONTENT="skadeståndsskyldigheten"/><SP WIDTH="15" VPOS="292" HPOS="1475"/>
							<String ID="string_24" HPOS="1490" VPOS="292" WIDTH="32" HEIGHT="46" WC="0.96" CONTENT="ej"/><SP WIDTH="22" VPOS="292" HPOS="1522"/>
							<String ID="string_25" HPOS="1544" VPOS="291" WIDTH="145" HEIGHT="36" WC="0.96" CONTENT="inträda"/><SP WIDTH="19" VPOS="291" HPOS="1689"/>
							<String ID="string_26" HPOS="1708" VPOS="291" WIDTH="84" HEIGHT="35" WC="0.96" CONTENT="med"/><SP WIDTH="21" VPOS="291" HPOS="1792"/>
							<String ID="string_27" HPOS="1813" VPOS="291" WIDTH="143" HEIGHT="36" WC="0.94" CONTENT="mindre"/>
						</TextLine>
						<TextLine ID="line_3" HPOS="351" VPOS="341" WIDTH="1603" HEIGHT="47">
							<String ID="string_28" HPOS="351" VPOS="348" WIDTH="71" HEIGHT="35" WC="0.95" CONTENT="han"/><SP WIDTH="41" VPOS="348" HPOS="422"/>
							<String ID="string_29" HPOS="463" VPOS="347" WIDTH="47" HEIGHT="35" WC="0.95" CONTENT="då"/><SP WIDTH="26" VPOS="347" HPOS="510"/>
							<String ID="string_30" HPOS="536" VPOS="350" WIDTH="79" HEIGHT="32" WC="0.93" CONTENT="nått"/><SP WIDTH="28" VPOS="350" HPOS="615"/>
							<String ID="string_31" HPOS="643" VPOS="346" WIDTH="152" HEIGHT="35" WC="0.90" CONTENT="aderton"/><SP WIDTH="29" VPOS="346" HPOS="795"/>
							<String ID="string_32" HPOS="824" VPOS="348" WIDTH="39" HEIGHT="32" WC="0.96" CONTENT="år"/><SP WIDTH="27" VPOS="348" HPOS="863"/>
							<String ID="string_33" HPOS="890" VPOS="345" WIDTH="80" HEIGHT="43" WC="0.96" CONTENT="och,"/><SP WIDTH="29" VPOS="345" HPOS="970"/>
							<String ID="string_34" HPOS="999" VPOS="348" WIDTH="117" HEIGHT="31" WC="0.93" CONTENT="såsom"/><SP WIDTH="28" VPOS="348" HPOS="1116"/>
							<String ID="string_35" HPOS="1144" VPOS="343" WIDTH="220" HEIGHT="43" WC="0.90" CONTENT="huvudskäl,"/><SP WIDTH="30" VPOS="343" HPOS="1364"/>
							<String ID="string_36" HPOS="1394" VPOS="347" WIDTH="54" HEIGHT="30" WC="0.93" CONTENT="att"/><SP WIDTH="33" VPOS="347" HPOS="1448"/>
							<String ID="string_37" HPOS="1481" VPOS="341" WIDTH="57" HEIGHT="36" WC="0.92" CONTENT="”de"/><SP WIDTH="27" VPOS="341" HPOS="1538"/>
							<String ID="string_38" HPOS="1565" VPOS="341" WIDTH="139" HEIGHT="36" WC="0.96" CONTENT="danska"/><SP WIDTH="26" VPOS="341" HPOS="1704"/>
							<String ID="string_39" HPOS="1730" VPOS="342" WIDTH="68" HEIGHT="35" WC="0.96" CONTENT="och"/><SP WIDTH="28" VPOS="342" HPOS="1798"/>
							<String ID="string_40" HPOS="1826" VPOS="342" WIDTH="128" HEIGHT="35" WC="0.96" CONTENT="norska"/>
						</TextLine>
						<TextLine ID="line_4" HPOS="350" VPOS="391" WIDTH="1187" HEIGHT="55">
							<String ID="string_41" HPOS="350" VPOS="397" WIDTH="217" HEIGHT="49" WC="0.96" CONTENT="delegerade"/><SP WIDTH="27" VPOS="397" HPOS="567"/>
							<String ID="string_42" HPOS="594" VPOS="397" WIDTH="179" HEIGHT="46" WC="0.93" CONTENT="enhälligt"/><SP WIDTH="28" VPOS="397" HPOS="773"/>
							<String ID="string_43" HPOS="801" VPOS="396" WIDTH="133" HEIGHT="34" WC="0.96" CONTENT="uttalat"/><SP WIDTH="27" VPOS="396" HPOS="934"/>
							<String ID="string_44" HPOS="961" VPOS="395" WIDTH="56" HEIGHT="47" WC="0.96" CONTENT="sig"/><SP WIDTH="27" VPOS="395" HPOS="1017"/>
							<String ID="string_45" HPOS="1044" VPOS="394" WIDTH="57" HEIGHT="36" WC="0.92" CONTENT="för"/><SP WIDTH="26" VPOS="394" HPOS="1101"/>
							<String ID="string_46" HPOS="1127" VPOS="391" WIDTH="410" HEIGHT="50" WC="0.58" CONTENT="tjuguettårsgränsen”."/>
						</TextLine>
					</TextBlock>
					<TextBlock ID="block_2" HPOS="350" VPOS="424" WIDTH="1609" HEIGHT="362">
						<TextLine ID="line_5" HPOS="485" VPOS="424" WIDTH="1472" HEIGHT="69">
							<String ID="string_47" HPOS="485" VPOS="448" WIDTH="83" HEIGHT="35" WC="0.95" CONTENT="Man"/><SP WIDTH="43" VPOS="448" HPOS="568"/>
							<String ID="string_48" HPOS="611" VPOS="450" WIDTH="58" HEIGHT="32" WC="0.95" CONTENT="må"/><SP WIDTH="35" VPOS="450" HPOS="669"/>
							<String ID="string_49" HPOS="704" VPOS="427" WIDTH="190" HEIGHT="66" WC="0.96" CONTENT="verkligen"/><SP WIDTH="39" VPOS="427" HPOS="894"/>
							<String ID="string_50" HPOS="933" VPOS="448" WIDTH="47" HEIGHT="45" WC="0.96" CONTENT="på"/><SP WIDTH="13" VPOS="448" HPOS="980"/>
							<String ID="string_51" HPOS="993" VPOS="424" WIDTH="112" HEIGHT="69" WC="0.59" CONTENT="&quot;goda"/><SP WIDTH="26" VPOS="424" HPOS="1105"/>
							<String ID="string_52" HPOS="1131" VPOS="444" WIDTH="163" HEIGHT="48" WC="0.95" CONTENT="grunder"/><SP WIDTH="27" VPOS="444" HPOS="1294"/>
							<String ID="string_53" HPOS="1321" VPOS="444" WIDTH="225" HEIGHT="46" WC="0.96" CONTENT="ifrågasätta,"/><SP WIDTH="28" VPOS="444" HPOS="1546"/>
							<String ID="string_54" HPOS="1574" VPOS="442" WIDTH="183" HEIGHT="35" WC="0.96" CONTENT="huruvida"/><SP WIDTH="26" VPOS="442" HPOS="1757"/>
							<String ID="string_55" HPOS="1783" VPOS="441" WIDTH="80" HEIGHT="36" WC="0.93" CONTENT="icke"/><SP WIDTH="26" VPOS="441" HPOS="1863"/>
							<String ID="string_56" HPOS="1889" VPOS="443" WIDTH="68" HEIGHT="33" WC="0.90" CONTENT="lik-"/>
						</TextLine>
						<TextLine ID="line_6" HPOS="351" VPOS="473" WIDTH="1605" HEIGHT="73">
							<String ID="string_57" HPOS="351" VPOS="498" WIDTH="248" HEIGHT="48" WC="0.92" CONTENT="formigheten"/><SP WIDTH="41" VPOS="498" HPOS="599"/>
							<String ID="string_58" HPOS="640" VPOS="496" WIDTH="83" HEIGHT="36" WC="0.96" CONTENT="med"/><SP WIDTH="37" VPOS="496" HPOS="723"/>
							<String ID="string_59" HPOS="760" VPOS="477" WIDTH="86" HEIGHT="55" WC="0.95" CONTENT="den"/><SP WIDTH="25" VPOS="477" HPOS="846"/>
							<String ID="string_60" HPOS="871" VPOS="476" WIDTH="160" HEIGHT="55" WC="0.96" CONTENT="danska"/><SP WIDTH="17" VPOS="476" HPOS="1031"/>
							<String ID="string_61" HPOS="1048" VPOS="496" WIDTH="68" HEIGHT="34" WC="0.96" CONTENT="och"/><SP WIDTH="33" VPOS="496" HPOS="1116"/>
							<String ID="string_62" HPOS="1149" VPOS="496" WIDTH="135" HEIGHT="34" WC="0.96" CONTENT="norska"/><SP WIDTH="26" VPOS="496" HPOS="1284"/>
							<String ID="string_63" HPOS="1310" VPOS="473" WIDTH="285" HEIGHT="67" WC="0.95" CONTENT="lagstiftningen"/><SP WIDTH="26" VPOS="473" HPOS="1595"/>
							<String ID="string_64" HPOS="1621" VPOS="493" WIDTH="153" HEIGHT="35" WC="0.96" CONTENT="vunnits"/><SP WIDTH="29" VPOS="493" HPOS="1774"/>
							<String ID="string_65" HPOS="1803" VPOS="492" WIDTH="83" HEIGHT="35" WC="0.95" CONTENT="med"/><SP WIDTH="26" VPOS="492" HPOS="1886"/>
							<String ID="string_66" HPOS="1912" VPOS="505" WIDTH="44" HEIGHT="22" WC="0.96" CONTENT="en"/>
						</TextLine>
						<TextLine ID="line_7" HPOS="351" VPOS="525" WIDTH="1607" HEIGHT="70">
							<String ID="string_67" HPOS="351" VPOS="530" WIDTH="220" HEIGHT="65" WC="0.95" CONTENT="försämring"/><SP WIDTH="38" VPOS="530" HPOS="571"/>
							<String ID="string_68" HPOS="609" VPOS="549" WIDTH="12" HEIGHT="33" WC="0.96" CONTENT="i"/><SP WIDTH="44" VPOS="549" HPOS="621"/>
							<String ID="string_69" HPOS="665" VPOS="548" WIDTH="66" HEIGHT="34" WC="0.96" CONTENT="här"/><SP WIDTH="39" VPOS="548" HPOS="731"/>
							<String ID="string_70" HPOS="770" VPOS="546" WIDTH="153" HEIGHT="36" WC="0.96" CONTENT="berörda"/><SP WIDTH="39" VPOS="546" HPOS="923"/>
							<String ID="string_71" HPOS="962" VPOS="545" WIDTH="77" HEIGHT="35" WC="0.89" CONTENT="fall."/><SP WIDTH="54" VPOS="545" HPOS="1039"/>
							<String ID="string_72" HPOS="1093" VPOS="545" WIDTH="54" HEIGHT="36" WC="0.94" CONTENT="En"/><SP WIDTH="41" VPOS="545" HPOS="1147"/>
							<String ID="string_73" HPOS="1188" VPOS="525" WIDTH="275" HEIGHT="66" WC="0.92" CONTENT="olikformighet"/><SP WIDTH="41" VPOS="525" HPOS="1463"/>
							<String ID="string_74" HPOS="1504" VPOS="524" WIDTH="224" HEIGHT="54" WC="0.92" CONTENT="härutinnan"/><SP WIDTH="42" VPOS="524" HPOS="1728"/>
							<String ID="string_75" HPOS="1770" VPOS="543" WIDTH="70" HEIGHT="34" WC="0.94" CONTENT="kan"/><SP WIDTH="39" VPOS="543" HPOS="1840"/>
							<String ID="string_76" HPOS="1879" VPOS="543" WIDTH="79" HEIGHT="34" WC="0.95" CONTENT="icke"/>
						</TextLine>
						<TextLine ID="line_8" HPOS="351" VPOS="593" WIDTH="1607" HEIGHT="52">
							<String ID="string_77" HPOS="351" VPOS="578" WIDTH="217" HEIGHT="57" WC="0.96" CONTENT="nämnvärt"/><SP WIDTH="18" VPOS="578" HPOS="568"/>
							<String ID="string_78" HPOS="586" VPOS="598" WIDTH="151" HEIGHT="35" WC="0.95" CONTENT="inverka"/><SP WIDTH="34" VPOS="598" HPOS="737"/>
							<String ID="string_79" HPOS="771" VPOS="600" WIDTH="48" HEIGHT="45" WC="0.96" CONTENT="på"/><SP WIDTH="26" VPOS="600" HPOS="819"/>
							<String ID="string_80" HPOS="845" VPOS="596" WIDTH="191" HEIGHT="48" WC="0.96" CONTENT="förslagets"/><SP WIDTH="26" VPOS="596" HPOS="1036"/>
							<String ID="string_81" HPOS="1062" VPOS="597" WIDTH="13" HEIGHT="33" WC="0.96" CONTENT="i"/><SP WIDTH="28" VPOS="597" HPOS="1075"/>
							<String ID="string_82" HPOS="1103" VPOS="596" WIDTH="56" HEIGHT="35" WC="0.96" CONTENT="sin"/><SP WIDTH="28" VPOS="596" HPOS="1159"/>
							<String ID="string_83" HPOS="1187" VPOS="596" WIDTH="126" HEIGHT="34" WC="0.96" CONTENT="helhet"/><SP WIDTH="26" VPOS="596" HPOS="1313"/>
							<String ID="string_84" HPOS="1339" VPOS="575" WIDTH="362" HEIGHT="55" WC="0.96" CONTENT="överensstämmelse"/><SP WIDTH="20" VPOS="575" HPOS="1701"/>
							<String ID="string_85" HPOS="1721" VPOS="593" WIDTH="85" HEIGHT="35" WC="0.96" CONTENT="med"/><SP WIDTH="20" VPOS="593" HPOS="1806"/>
							<String ID="string_86" HPOS="1826" VPOS="606" WIDTH="132" HEIGHT="35" WC="0.89" CONTENT="grann-"/>
						</TextLine>
						<TextLine ID="line_9" HPOS="350" VPOS="643" WIDTH="1609" HEIGHT="53">
							<String ID="string_87" HPOS="350" VPOS="650" WIDTH="194" HEIGHT="35" WC="0.96" CONTENT="ländernas"/><SP WIDTH="27" VPOS="650" HPOS="544"/>
							<String ID="string_88" HPOS="571" VPOS="647" WIDTH="246" HEIGHT="49" WC="0.95" CONTENT="lagstiftning,"/><SP WIDTH="29" VPOS="647" HPOS="817"/>
							<String ID="string_89" HPOS="846" VPOS="647" WIDTH="65" HEIGHT="35" WC="0.96" CONTENT="och"/><SP WIDTH="28" VPOS="647" HPOS="911"/>
							<String ID="string_90" HPOS="939" VPOS="627" WIDTH="72" HEIGHT="54" WC="0.93" CONTENT="den"/><SP WIDTH="28" VPOS="627" HPOS="1011"/>
							<String ID="string_91" HPOS="1039" VPOS="646" WIDTH="150" HEIGHT="35" WC="0.91" CONTENT="åtrådda"/><SP WIDTH="26" VPOS="646" HPOS="1189"/>
							<String ID="string_92" HPOS="1215" VPOS="645" WIDTH="300" HEIGHT="47" WC="0.92" CONTENT="likformigheten"/><SP WIDTH="28" VPOS="645" HPOS="1515"/>
							<String ID="string_93" HPOS="1543" VPOS="656" WIDTH="108" HEIGHT="36" WC="0.95" CONTENT="synes"/><SP WIDTH="28" VPOS="656" HPOS="1651"/>
							<String ID="string_94" HPOS="1679" VPOS="644" WIDTH="78" HEIGHT="48" WC="0.95" CONTENT="mig"/><SP WIDTH="17" VPOS="644" HPOS="1757"/>
							<String ID="string_95" HPOS="1774" VPOS="624" WIDTH="80" HEIGHT="55" WC="0.96" CONTENT="icke"/><SP WIDTH="18" VPOS="624" HPOS="1854"/>
							<String ID="string_96" HPOS="1872" VPOS="643" WIDTH="87" HEIGHT="35" WC="0.96" CONTENT="böra"/>
						</TextLine>
						<TextLine ID="line_10" HPOS="351" VPOS="670" WIDTH="1607" HEIGHT="75">
							<String ID="string_97" HPOS="351" VPOS="700" WIDTH="132" HEIGHT="35" WC="0.96" CONTENT="hindra"/><SP WIDTH="26" VPOS="700" HPOS="483"/>
							<String ID="string_98" HPOS="509" VPOS="704" WIDTH="55" HEIGHT="30" WC="0.95" CONTENT="att"/><SP WIDTH="26" VPOS="704" HPOS="564"/>
							<String ID="string_99" HPOS="590" VPOS="699" WIDTH="12" HEIGHT="34" WC="0.94" CONTENT="i"/><SP WIDTH="6" VPOS="699" HPOS="602"/>
							<String ID="string_100" HPOS="608" VPOS="679" WIDTH="92" HEIGHT="54" WC="0.37" CONTENT="&quot;den"/><SP WIDTH="27" VPOS="679" HPOS="700"/>
							<String ID="string_101" HPOS="727" VPOS="679" WIDTH="155" HEIGHT="55" WC="0.96" CONTENT="svenska"/><SP WIDTH="27" VPOS="679" HPOS="882"/>
							<String ID="string_102" HPOS="909" VPOS="696" WIDTH="280" HEIGHT="49" WC="0.95" CONTENT="lagstiftningen"/><SP WIDTH="29" VPOS="696" HPOS="1189"/>
							<String ID="string_103" HPOS="1218" VPOS="697" WIDTH="201" HEIGHT="48" WC="0.95" CONTENT="inrymmas"/><SP WIDTH="27" VPOS="697" HPOS="1419"/>
							<String ID="string_104" HPOS="1446" VPOS="670" WIDTH="308" HEIGHT="72" WC="0.84" CONTENT="bestämmelser,"/><SP WIDTH="4" VPOS="670" HPOS="1754"/>
							<String ID="string_105" HPOS="1758" VPOS="707" WIDTH="77" HEIGHT="22" WC="0.84" CONTENT="som"/><SP WIDTH="20" VPOS="707" HPOS="1835"/>
							<String ID="string_106" HPOS="1855" VPOS="695" WIDTH="103" HEIGHT="34" WC="0.89" CONTENT="inne-"/>
						</TextLine>
						<TextLine ID="line_11" HPOS="352" VPOS="724" WIDTH="945" HEIGHT="73">
							<String ID="string_107" HPOS="352" VPOS="751" WIDTH="89" HEIGHT="35" WC="0.96" CONTENT="bära"/><SP WIDTH="27" VPOS="751" HPOS="441"/>
							<String ID="string_108" HPOS="468" VPOS="749" WIDTH="263" HEIGHT="48" WC="0.96" CONTENT="förbättringar"/><SP WIDTH="26" VPOS="749" HPOS="731"/>
							<String ID="string_109" HPOS="757" VPOS="728" WIDTH="209" HEIGHT="68" WC="0.88" CONTENT="gentemot"/><SP WIDTH="5" VPOS="728" HPOS="966"/>
							<String ID="string_110" HPOS="971" VPOS="724" WIDTH="326" HEIGHT="72" WC="0.96" CONTENT="grannländernas."/>
						</TextLine>
					</TextBlock>
					<TextBlock ID="block_3" HPOS="352" VPOS="791" WIDTH="1610" HEIGHT="910">
						<TextLine ID="line_12" HPOS="485" VPOS="791" WIDTH="1473" HEIGHT="70">
							<String ID="string_111" HPOS="485" VPOS="791" WIDTH="108" HEIGHT="44" WC="0.96" CONTENT="Även"/><SP WIDTH="39" VPOS="791" HPOS="593"/>
							<String ID="string_112" HPOS="632" VPOS="812" WIDTH="59" HEIGHT="22" WC="0.96" CONTENT="om"/><SP WIDTH="34" VPOS="812" HPOS="691"/>
							<String ID="string_113" HPOS="725" VPOS="812" WIDTH="85" HEIGHT="22" WC="0.96" CONTENT="man"/><SP WIDTH="28" VPOS="812" HPOS="810"/>
							<String ID="string_114" HPOS="838" VPOS="799" WIDTH="58" HEIGHT="34" WC="0.96" CONTENT="till"/><SP WIDTH="28" VPOS="799" HPOS="896"/>
							<String ID="string_115" HPOS="924" VPOS="775" WIDTH="91" HEIGHT="58" WC="0.96" CONTENT="fullo"/><SP WIDTH="28" VPOS="775" HPOS="1015"/>
							<String ID="string_116" HPOS="1043" VPOS="797" WIDTH="99" HEIGHT="36" WC="0.95" CONTENT="delar"/><SP WIDTH="27" VPOS="797" HPOS="1142"/>
							<String ID="string_117" HPOS="1169" VPOS="796" WIDTH="184" HEIGHT="47" WC="0.91" CONTENT="lagrådets"/><SP WIDTH="28" VPOS="796" HPOS="1353"/>
							<String ID="string_118" HPOS="1381" VPOS="791" WIDTH="164" HEIGHT="70" WC="0.96" CONTENT="mening,"/><SP WIDTH="29" VPOS="791" HPOS="1545"/>
							<String ID="string_119" HPOS="1574" VPOS="800" WIDTH="54" HEIGHT="30" WC="0.96" CONTENT="att"/><SP WIDTH="27" VPOS="800" HPOS="1628"/>
							<String ID="string_120" HPOS="1655" VPOS="808" WIDTH="45" HEIGHT="22" WC="0.96" CONTENT="en"/><SP WIDTH="29" VPOS="808" HPOS="1700"/>
							<String ID="string_121" HPOS="1729" VPOS="795" WIDTH="229" HEIGHT="47" WC="0.96" CONTENT="åldersgräns"/>
						</TextLine>
						<TextLine ID="line_13" HPOS="352" VPOS="826" WIDTH="1606" HEIGHT="73">
							<String ID="string_122" HPOS="352" VPOS="851" WIDTH="111" HEIGHT="35" WC="0.96" CONTENT="nedåt"/><SP WIDTH="26" VPOS="851" HPOS="463"/>
							<String ID="string_123" HPOS="489" VPOS="851" WIDTH="155" HEIGHT="48" WC="0.96" CONTENT="givetvis"/><SP WIDTH="16" VPOS="851" HPOS="644"/>
							<String ID="string_124" HPOS="660" VPOS="850" WIDTH="65" HEIGHT="35" WC="0.96" CONTENT="bör"/><SP WIDTH="26" VPOS="850" HPOS="725"/>
							<String ID="string_125" HPOS="751" VPOS="848" WIDTH="157" HEIGHT="48" WC="0.96" CONTENT="stadgas,"/><SP WIDTH="29" VPOS="848" HPOS="908"/>
							<String ID="string_126" HPOS="937" VPOS="849" WIDTH="70" HEIGHT="34" WC="0.96" CONTENT="kan"/><SP WIDTH="24" VPOS="849" HPOS="1007"/>
							<String ID="string_127" HPOS="1031" VPOS="861" WIDTH="85" HEIGHT="22" WC="0.96" CONTENT="man"/><SP WIDTH="26" VPOS="861" HPOS="1116"/>
							<String ID="string_128" HPOS="1142" VPOS="860" WIDTH="87" HEIGHT="23" WC="0.96" CONTENT="vara"/><SP WIDTH="28" VPOS="860" HPOS="1229"/>
							<String ID="string_129" HPOS="1257" VPOS="847" WIDTH="86" HEIGHT="46" WC="0.96" CONTENT="böjd"/><SP WIDTH="23" VPOS="847" HPOS="1343"/>
							<String ID="string_130" HPOS="1366" VPOS="852" WIDTH="53" HEIGHT="29" WC="0.96" CONTENT="att"/><SP WIDTH="27" VPOS="852" HPOS="1419"/>
							<String ID="string_131" HPOS="1446" VPOS="849" WIDTH="47" HEIGHT="43" WC="0.96" CONTENT="gå"/><SP WIDTH="27" VPOS="849" HPOS="1493"/>
							<String ID="string_132" HPOS="1520" VPOS="847" WIDTH="124" HEIGHT="46" WC="0.96" CONTENT="längre"/><SP WIDTH="28" VPOS="847" HPOS="1644"/>
							<String ID="string_133" HPOS="1672" VPOS="845" WIDTH="113" HEIGHT="35" WC="0.96" CONTENT="nedåt"/><SP WIDTH="26" VPOS="845" HPOS="1785"/>
							<String ID="string_134" HPOS="1811" VPOS="826" WIDTH="62" HEIGHT="53" WC="0.93" CONTENT="än"/><SP WIDTH="9" VPOS="826" HPOS="1873"/>
							<String ID="string_135" HPOS="1882" VPOS="846" WIDTH="76" HEIGHT="45" WC="0.92" CONTENT="lag-"/>
						</TextLine>
						<TextLine ID="line_14" HPOS="352" VPOS="878" WIDTH="1607" HEIGHT="73">
							<String ID="string_136" HPOS="352" VPOS="901" WIDTH="104" HEIGHT="36" WC="0.96" CONTENT="rådet"/><SP WIDTH="33" VPOS="901" HPOS="456"/>
							<String ID="string_137" HPOS="489" VPOS="878" WIDTH="207" HEIGHT="73" WC="0.88" CONTENT="föreslagit."/><SP WIDTH="55" VPOS="878" HPOS="696"/>
							<String ID="string_138" HPOS="751" VPOS="880" WIDTH="105" HEIGHT="55" WC="0.96" CONTENT="Utan"/><SP WIDTH="36" VPOS="880" HPOS="856"/>
							<String ID="string_139" HPOS="892" VPOS="904" WIDTH="53" HEIGHT="30" WC="0.96" CONTENT="att"/><SP WIDTH="39" VPOS="904" HPOS="945"/>
							<String ID="string_140" HPOS="984" VPOS="901" WIDTH="46" HEIGHT="44" WC="0.96" CONTENT="gå"/><SP WIDTH="40" VPOS="901" HPOS="1030"/>
							<String ID="string_141" HPOS="1070" VPOS="898" WIDTH="56" HEIGHT="35" WC="0.95" CONTENT="för"/><SP WIDTH="35" VPOS="898" HPOS="1126"/>
							<String ID="string_142" HPOS="1161" VPOS="899" WIDTH="104" HEIGHT="46" WC="0.96" CONTENT="långt"/><SP WIDTH="28" VPOS="899" HPOS="1265"/>
							<String ID="string_143" HPOS="1293" VPOS="898" WIDTH="69" HEIGHT="34" WC="0.96" CONTENT="kan"/><SP WIDTH="29" VPOS="898" HPOS="1362"/>
							<String ID="string_144" HPOS="1391" VPOS="909" WIDTH="84" HEIGHT="22" WC="0.96" CONTENT="man"/><SP WIDTH="28" VPOS="909" HPOS="1475"/>
							<String ID="string_145" HPOS="1503" VPOS="875" WIDTH="124" HEIGHT="56" WC="0.96" CONTENT="därför"/><SP WIDTH="26" VPOS="875" HPOS="1627"/>
							<String ID="string_146" HPOS="1653" VPOS="900" WIDTH="95" HEIGHT="30" WC="0.96" CONTENT="sätta"/><SP WIDTH="26" VPOS="900" HPOS="1748"/>
							<String ID="string_147" HPOS="1774" VPOS="896" WIDTH="185" HEIGHT="46" WC="0.88" CONTENT="ansvarig-"/>
						</TextLine>
						<TextLine ID="line_15" HPOS="352" VPOS="926" WIDTH="1606" HEIGHT="70">
							<String ID="string_148" HPOS="352" VPOS="952" WIDTH="208" HEIGHT="35" WC="0.92" CONTENT="hetsåldern"/><SP WIDTH="27" VPOS="952" HPOS="560"/>
							<String ID="string_149" HPOS="587" VPOS="951" WIDTH="13" HEIGHT="35" WC="0.96" CONTENT="i"/><SP WIDTH="26" VPOS="951" HPOS="600"/>
							<String ID="string_150" HPOS="626" VPOS="932" WIDTH="254" HEIGHT="64" WC="0.96" CONTENT="föreliggande"/><SP WIDTH="27" VPOS="932" HPOS="880"/>
							<String ID="string_151" HPOS="907" VPOS="948" WIDTH="65" HEIGHT="36" WC="0.96" CONTENT="fall"/><SP WIDTH="12" VPOS="948" HPOS="972"/>
							<String ID="string_152" HPOS="984" VPOS="928" WIDTH="89" HEIGHT="56" WC="0.96" CONTENT="lika"/><SP WIDTH="27" VPOS="928" HPOS="1073"/>
							<String ID="string_153" HPOS="1100" VPOS="948" WIDTH="84" HEIGHT="35" WC="0.96" CONTENT="med"/><SP WIDTH="27" VPOS="948" HPOS="1184"/>
							<String ID="string_154" HPOS="1211" VPOS="928" WIDTH="72" HEIGHT="55" WC="0.92" CONTENT="den"/><SP WIDTH="29" VPOS="928" HPOS="1283"/>
							<String ID="string_155" HPOS="1312" VPOS="946" WIDTH="104" HEIGHT="36" WC="0.66" CONTENT="”fulla"/><SP WIDTH="28" VPOS="946" HPOS="1416"/>
							<String ID="string_156" HPOS="1444" VPOS="944" WIDTH="216" HEIGHT="37" WC="0.90" CONTENT="kriminella”"/><SP WIDTH="33" VPOS="944" HPOS="1660"/>
							<String ID="string_157" HPOS="1693" VPOS="947" WIDTH="91" HEIGHT="34" WC="0.96" CONTENT="eller"/><SP WIDTH="24" VPOS="947" HPOS="1784"/>
							<String ID="string_158" HPOS="1808" VPOS="926" WIDTH="150" HEIGHT="54" WC="0.91" CONTENT="aderton"/>
						</TextLine>
						<TextLine ID="line_16" HPOS="352" VPOS="979" WIDTH="1607" HEIGHT="69">
							<String ID="string_159" HPOS="352" VPOS="1006" WIDTH="51" HEIGHT="37" WC="0.95" CONTENT="år,"/><SP WIDTH="41" VPOS="1006" HPOS="403"/>
							<String ID="string_160" HPOS="444" VPOS="1005" WIDTH="119" HEIGHT="32" WC="0.96" CONTENT="såsom"/><SP WIDTH="40" VPOS="1005" HPOS="563"/>
							<String ID="string_161" HPOS="603" VPOS="1002" WIDTH="67" HEIGHT="34" WC="0.96" CONTENT="ock"/><SP WIDTH="41" VPOS="1002" HPOS="670"/>
							<String ID="string_162" HPOS="711" VPOS="979" WIDTH="166" HEIGHT="69" WC="0.96" CONTENT="lagrådet"/><SP WIDTH="39" VPOS="979" HPOS="877"/>
							<String ID="string_163" HPOS="916" VPOS="999" WIDTH="199" HEIGHT="47" WC="0.93" CONTENT="föreslagit."/><SP WIDTH="53" VPOS="999" HPOS="1115"/>
							<String ID="string_164" HPOS="1168" VPOS="998" WIDTH="86" HEIGHT="36" WC="0.95" CONTENT="Man"/><SP WIDTH="29" VPOS="998" HPOS="1254"/>
							<String ID="string_165" HPOS="1283" VPOS="998" WIDTH="70" HEIGHT="35" WC="0.95" CONTENT="kan"/><SP WIDTH="27" VPOS="998" HPOS="1353"/>
							<String ID="string_166" HPOS="1380" VPOS="1003" WIDTH="128" HEIGHT="42" WC="0.95" CONTENT="tryggt"/><SP WIDTH="30" VPOS="1003" HPOS="1508"/>
							<String ID="string_167" HPOS="1538" VPOS="997" WIDTH="136" HEIGHT="43" WC="0.95" CONTENT="fastslå,"/><SP WIDTH="29" VPOS="997" HPOS="1674"/>
							<String ID="string_168" HPOS="1703" VPOS="1001" WIDTH="56" HEIGHT="31" WC="0.96" CONTENT="att"/><SP WIDTH="28" VPOS="1001" HPOS="1759"/>
							<String ID="string_169" HPOS="1787" VPOS="996" WIDTH="45" HEIGHT="35" WC="0.96" CONTENT="de"/><SP WIDTH="29" VPOS="996" HPOS="1832"/>
							<String ID="string_170" HPOS="1861" VPOS="1009" WIDTH="98" HEIGHT="34" WC="0.96" CONTENT="unga"/>
						</TextLine>
						<TextLine ID="line_17" HPOS="352" VPOS="1027" WIDTH="1608" HEIGHT="67">
							<String ID="string_171" HPOS="352" VPOS="1059" WIDTH="161" HEIGHT="28" WC="0.96" CONTENT="männen"/><SP WIDTH="27" VPOS="1059" HPOS="513"/>
							<String ID="string_172" HPOS="540" VPOS="1053" WIDTH="12" HEIGHT="34" WC="0.96" CONTENT="i"/><SP WIDTH="28" VPOS="1053" HPOS="552"/>
							<String ID="string_173" HPOS="580" VPOS="1032" WIDTH="199" HEIGHT="55" WC="0.96" CONTENT="allmänhet"/><SP WIDTH="26" VPOS="1032" HPOS="779"/>
							<String ID="string_174" HPOS="805" VPOS="1050" WIDTH="82" HEIGHT="36" WC="0.96" CONTENT="från"/><SP WIDTH="27" VPOS="1050" HPOS="887"/>
							<String ID="string_175" HPOS="914" VPOS="1030" WIDTH="157" HEIGHT="55" WC="0.92" CONTENT="aderton"/><SP WIDTH="24" VPOS="1030" HPOS="1071"/>
							<String ID="string_176" HPOS="1095" VPOS="1053" WIDTH="57" HEIGHT="32" WC="0.96" CONTENT="års"/><SP WIDTH="28" VPOS="1053" HPOS="1152"/>
							<String ID="string_177" HPOS="1180" VPOS="1048" WIDTH="102" HEIGHT="36" WC="0.95" CONTENT="ålder"/><SP WIDTH="27" VPOS="1048" HPOS="1282"/>
							<String ID="string_178" HPOS="1309" VPOS="1056" WIDTH="61" HEIGHT="27" WC="0.96" CONTENT="äro"/><SP WIDTH="28" VPOS="1056" HPOS="1370"/>
							<String ID="string_179" HPOS="1398" VPOS="1048" WIDTH="74" HEIGHT="35" WC="0.96" CONTENT="lika"/><SP WIDTH="-3" VPOS="1048" HPOS="1472"/>
							<String ID="string_180" HPOS="1469" VPOS="1029" WIDTH="211" HEIGHT="53" WC="0.96" CONTENT="medvetna"/><SP WIDTH="18" VPOS="1029" HPOS="1680"/>
							<String ID="string_181" HPOS="1698" VPOS="1060" WIDTH="58" HEIGHT="22" WC="0.96" CONTENT="om"/><SP WIDTH="22" VPOS="1060" HPOS="1756"/>
							<String ID="string_182" HPOS="1778" VPOS="1027" WIDTH="182" HEIGHT="67" WC="0.96" CONTENT="följderna"/>
						</TextLine>
						<TextLine ID="line_18" HPOS="353" VPOS="1096" WIDTH="1607" HEIGHT="52">
							<String ID="string_183" HPOS="353" VPOS="1116" WIDTH="43" HEIGHT="22" WC="0.96" CONTENT="av"/><SP WIDTH="39" VPOS="1116" HPOS="396"/>
							<String ID="string_184" HPOS="435" VPOS="1104" WIDTH="81" HEIGHT="34" WC="0.95" CONTENT="sina"/><SP WIDTH="26" VPOS="1104" HPOS="516"/>
							<String ID="string_185" HPOS="542" VPOS="1102" WIDTH="221" HEIGHT="46" WC="0.95" CONTENT="handlingar"/><SP WIDTH="27" VPOS="1102" HPOS="763"/>
							<String ID="string_186" HPOS="790" VPOS="1102" WIDTH="12" HEIGHT="34" WC="0.96" CONTENT="i"/><SP WIDTH="28" VPOS="1102" HPOS="802"/>
							<String ID="string_187" HPOS="830" VPOS="1101" WIDTH="65" HEIGHT="35" WC="0.96" CONTENT="här"/><SP WIDTH="27" VPOS="1101" HPOS="895"/>
							<String ID="string_188" HPOS="922" VPOS="1099" WIDTH="156" HEIGHT="36" WC="0.96" CONTENT="berörda"/><SP WIDTH="28" VPOS="1099" HPOS="1078"/>
							<String ID="string_189" HPOS="1106" VPOS="1098" WIDTH="206" HEIGHT="36" WC="0.96" CONTENT="hänseende"/><SP WIDTH="28" VPOS="1098" HPOS="1312"/>
							<String ID="string_190" HPOS="1340" VPOS="1111" WIDTH="76" HEIGHT="23" WC="0.96" CONTENT="som"/><SP WIDTH="28" VPOS="1111" HPOS="1416"/>
							<String ID="string_191" HPOS="1444" VPOS="1099" WIDTH="13" HEIGHT="33" WC="0.95" CONTENT="i"/><SP WIDTH="28" VPOS="1099" HPOS="1457"/>
							<String ID="string_192" HPOS="1485" VPOS="1097" WIDTH="101" HEIGHT="48" WC="0.96" CONTENT="fråga"/><SP WIDTH="26" VPOS="1097" HPOS="1586"/>
							<String ID="string_193" HPOS="1612" VPOS="1110" WIDTH="60" HEIGHT="22" WC="0.96" CONTENT="om"/><SP WIDTH="28" VPOS="1110" HPOS="1672"/>
							<String ID="string_194" HPOS="1700" VPOS="1097" WIDTH="114" HEIGHT="35" WC="0.92" CONTENT="andra"/><SP WIDTH="27" VPOS="1097" HPOS="1814"/>
							<String ID="string_195" HPOS="1841" VPOS="1096" WIDTH="119" HEIGHT="36" WC="0.91" CONTENT="straff-"/>
						</TextLine>
						<TextLine ID="line_19" HPOS="352" VPOS="1128" WIDTH="1609" HEIGHT="77">
							<String ID="string_196" HPOS="352" VPOS="1149" WIDTH="165" HEIGHT="56" WC="0.96" CONTENT="belagda,"/><SP WIDTH="41" VPOS="1149" HPOS="517"/>
							<String ID="string_197" HPOS="558" VPOS="1130" WIDTH="198" HEIGHT="73" WC="0.96" CONTENT="brottsliga"/><SP WIDTH="40" VPOS="1130" HPOS="756"/>
							<String ID="string_198" HPOS="796" VPOS="1151" WIDTH="232" HEIGHT="47" WC="0.96" CONTENT="handlingar,"/><SP WIDTH="42" VPOS="1151" HPOS="1028"/>
							<String ID="string_199" HPOS="1070" VPOS="1150" WIDTH="68" HEIGHT="35" WC="0.95" CONTENT="och"/><SP WIDTH="41" VPOS="1150" HPOS="1138"/>
							<String ID="string_200" HPOS="1179" VPOS="1149" WIDTH="158" HEIGHT="36" WC="0.95" CONTENT="sålunda"/><SP WIDTH="26" VPOS="1149" HPOS="1337"/>
							<String ID="string_201" HPOS="1363" VPOS="1149" WIDTH="94" HEIGHT="35" WC="0.96" CONTENT="intet"/><SP WIDTH="28" VPOS="1149" HPOS="1457"/>
							<String ID="string_202" HPOS="1485" VPOS="1128" WIDTH="142" HEIGHT="65" WC="0.96" CONTENT="rimligt"/><SP WIDTH="27" VPOS="1128" HPOS="1627"/>
							<String ID="string_203" HPOS="1654" VPOS="1148" WIDTH="80" HEIGHT="35" WC="0.95" CONTENT="skäl"/><SP WIDTH="28" VPOS="1148" HPOS="1734"/>
							<String ID="string_204" HPOS="1762" VPOS="1147" WIDTH="199" HEIGHT="48" WC="0.96" CONTENT="föreligger"/>
						</TextLine>
						<TextLine ID="line_20" HPOS="353" VPOS="1178" WIDTH="1605" HEIGHT="68">
							<String ID="string_205" HPOS="353" VPOS="1210" WIDTH="54" HEIGHT="29" WC="0.96" CONTENT="att"/><SP WIDTH="28" VPOS="1210" HPOS="407"/>
							<String ID="string_206" HPOS="435" VPOS="1184" WIDTH="131" HEIGHT="55" WC="0.96" CONTENT="befria"/><SP WIDTH="39" VPOS="1184" HPOS="566"/>
							<String ID="string_207" HPOS="605" VPOS="1183" WIDTH="126" HEIGHT="55" WC="0.95" CONTENT="dessa"/><SP WIDTH="17" VPOS="1183" HPOS="731"/>
							<String ID="string_208" HPOS="748" VPOS="1201" WIDTH="81" HEIGHT="36" WC="0.96" CONTENT="från"/><SP WIDTH="33" VPOS="1201" HPOS="829"/>
							<String ID="string_209" HPOS="862" VPOS="1213" WIDTH="130" HEIGHT="24" WC="0.96" CONTENT="ansvar"/><SP WIDTH="27" VPOS="1213" HPOS="992"/>
							<String ID="string_210" HPOS="1019" VPOS="1199" WIDTH="57" HEIGHT="37" WC="0.96" CONTENT="för"/><SP WIDTH="26" VPOS="1199" HPOS="1076"/>
							<String ID="string_211" HPOS="1102" VPOS="1199" WIDTH="134" HEIGHT="47" WC="0.96" CONTENT="följder"/><SP WIDTH="27" VPOS="1199" HPOS="1236"/>
							<String ID="string_212" HPOS="1263" VPOS="1212" WIDTH="44" HEIGHT="23" WC="0.96" CONTENT="av"/><SP WIDTH="28" VPOS="1212" HPOS="1307"/>
							<String ID="string_213" HPOS="1335" VPOS="1200" WIDTH="80" HEIGHT="35" WC="0.96" CONTENT="sina"/><SP WIDTH="27" VPOS="1200" HPOS="1415"/>
							<String ID="string_214" HPOS="1442" VPOS="1198" WIDTH="220" HEIGHT="47" WC="0.95" CONTENT="handlingar"/><SP WIDTH="26" VPOS="1198" HPOS="1662"/>
							<String ID="string_215" HPOS="1688" VPOS="1178" WIDTH="206" HEIGHT="67" WC="0.94" CONTENT="gentemot"/><SP WIDTH="10" VPOS="1178" HPOS="1894"/>
							<String ID="string_216" HPOS="1904" VPOS="1198" WIDTH="54" HEIGHT="34" WC="0.96" CONTENT="sin"/>
						</TextLine>
						<TextLine ID="line_21" HPOS="353" VPOS="1248" WIDTH="1608" HEIGHT="52">
							<String ID="string_217" HPOS="353" VPOS="1254" WIDTH="188" HEIGHT="35" WC="0.96" CONTENT="trolovade"/><SP WIDTH="28" VPOS="1254" HPOS="541"/>
							<String ID="string_218" HPOS="569" VPOS="1254" WIDTH="68" HEIGHT="34" WC="0.96" CONTENT="och"/><SP WIDTH="28" VPOS="1254" HPOS="637"/>
							<String ID="string_219" HPOS="665" VPOS="1258" WIDTH="54" HEIGHT="30" WC="0.96" CONTENT="att"/><SP WIDTH="28" VPOS="1258" HPOS="719"/>
							<String ID="string_220" HPOS="747" VPOS="1254" WIDTH="86" HEIGHT="46" WC="0.96" CONTENT="inga"/><SP WIDTH="20" VPOS="1254" HPOS="833"/>
							<String ID="string_221" HPOS="853" VPOS="1251" WIDTH="158" HEIGHT="36" WC="0.96" CONTENT="bärande"/><SP WIDTH="28" VPOS="1251" HPOS="1011"/>
							<String ID="string_222" HPOS="1039" VPOS="1252" WIDTH="77" HEIGHT="34" WC="0.93" CONTENT="skäl"/><SP WIDTH="27" VPOS="1252" HPOS="1116"/>
							<String ID="string_223" HPOS="1143" VPOS="1250" WIDTH="200" HEIGHT="36" WC="0.91" CONTENT="förefinnas"/><SP WIDTH="28" VPOS="1250" HPOS="1343"/>
							<String ID="string_224" HPOS="1371" VPOS="1254" WIDTH="53" HEIGHT="30" WC="0.96" CONTENT="att"/><SP WIDTH="27" VPOS="1254" HPOS="1424"/>
							<String ID="string_225" HPOS="1451" VPOS="1248" WIDTH="119" HEIGHT="36" WC="0.96" CONTENT="befria"/><SP WIDTH="28" VPOS="1248" HPOS="1570"/>
							<String ID="string_226" HPOS="1598" VPOS="1229" WIDTH="80" HEIGHT="54" WC="0.96" CONTENT="från"/><SP WIDTH="28" VPOS="1229" HPOS="1678"/>
							<String ID="string_227" HPOS="1706" VPOS="1261" WIDTH="132" HEIGHT="22" WC="0.96" CONTENT="ansvar"/><SP WIDTH="25" VPOS="1261" HPOS="1838"/>
							<String ID="string_228" HPOS="1863" VPOS="1248" WIDTH="98" HEIGHT="35" WC="0.96" CONTENT="intill"/>
						</TextLine>
						<TextLine ID="line_22" HPOS="354" VPOS="1297" WIDTH="1608" HEIGHT="57">
							<String ID="string_229" HPOS="354" VPOS="1304" WIDTH="118" HEIGHT="50" WC="0.93" CONTENT="fyllda"/><SP WIDTH="38" VPOS="1304" HPOS="472"/>
							<String ID="string_230" HPOS="510" VPOS="1304" WIDTH="164" HEIGHT="47" WC="0.92" CONTENT="tjuguett"/><SP WIDTH="41" VPOS="1304" HPOS="674"/>
							<String ID="string_231" HPOS="715" VPOS="1306" WIDTH="50" HEIGHT="33" WC="0.95" CONTENT="år."/><SP WIDTH="23" VPOS="1306" HPOS="765"/>
							<String ID="string_232" HPOS="788" VPOS="1283" WIDTH="116" HEIGHT="54" WC="0.85" CONTENT="”Man"/><SP WIDTH="40" VPOS="1283" HPOS="904"/>
							<String ID="string_233" HPOS="944" VPOS="1303" WIDTH="70" HEIGHT="34" WC="0.96" CONTENT="kan"/><SP WIDTH="41" VPOS="1303" HPOS="1014"/>
							<String ID="string_234" HPOS="1055" VPOS="1301" WIDTH="169" HEIGHT="35" WC="0.96" CONTENT="däremot"/><SP WIDTH="30" VPOS="1301" HPOS="1224"/>
							<String ID="string_235" HPOS="1254" VPOS="1301" WIDTH="44" HEIGHT="34" WC="0.95" CONTENT="ha"/><SP WIDTH="26" VPOS="1301" HPOS="1298"/>
							<String ID="string_236" HPOS="1324" VPOS="1299" WIDTH="193" HEIGHT="49" WC="0.96" CONTENT="grundade"/><SP WIDTH="28" VPOS="1299" HPOS="1517"/>
							<String ID="string_237" HPOS="1545" VPOS="1299" WIDTH="76" HEIGHT="35" WC="0.91" CONTENT="skäl"/><SP WIDTH="28" VPOS="1299" HPOS="1621"/>
							<String ID="string_238" HPOS="1649" VPOS="1303" WIDTH="55" HEIGHT="30" WC="0.95" CONTENT="att"/><SP WIDTH="27" VPOS="1303" HPOS="1704"/>
							<String ID="string_239" HPOS="1731" VPOS="1297" WIDTH="138" HEIGHT="45" WC="0.96" CONTENT="befara,"/><SP WIDTH="30" VPOS="1297" HPOS="1869"/>
							<String ID="string_240" HPOS="1899" VPOS="1298" WIDTH="63" HEIGHT="35" WC="0.96" CONTENT="det"/>
						</TextLine>
						<TextLine ID="line_23" HPOS="353" VPOS="1348" WIDTH="1610" HEIGHT="50">
							<String ID="string_241" HPOS="353" VPOS="1368" WIDTH="46" HEIGHT="22" WC="0.95" CONTENT="en"/><SP WIDTH="40" VPOS="1368" HPOS="399"/>
							<String ID="string_242" HPOS="439" VPOS="1355" WIDTH="114" HEIGHT="35" WC="0.95" CONTENT="sådan"/><SP WIDTH="39" VPOS="1355" HPOS="553"/>
							<String ID="string_243" HPOS="592" VPOS="1353" WIDTH="263" HEIGHT="36" WC="0.95" CONTENT="ansvarsfrihet"/><SP WIDTH="39" VPOS="1353" HPOS="855"/>
							<String ID="string_244" HPOS="894" VPOS="1353" WIDTH="120" HEIGHT="35" WC="0.96" CONTENT="skulle"/><SP WIDTH="27" VPOS="1353" HPOS="1014"/>
							<String ID="string_245" HPOS="1041" VPOS="1357" WIDTH="80" HEIGHT="30" WC="0.96" CONTENT="rent"/><SP WIDTH="27" VPOS="1357" HPOS="1121"/>
							<String ID="string_246" HPOS="1148" VPOS="1364" WIDTH="44" HEIGHT="22" WC="0.96" CONTENT="av"/><SP WIDTH="26" VPOS="1364" HPOS="1192"/>
							<String ID="string_247" HPOS="1218" VPOS="1330" WIDTH="127" HEIGHT="56" WC="0.85" CONTENT="locka"/><SP WIDTH="5" VPOS="1330" HPOS="1345"/>
							<String ID="string_248" HPOS="1350" VPOS="1350" WIDTH="198" HEIGHT="48" WC="0.96" CONTENT="ynglingar"/><SP WIDTH="27" VPOS="1350" HPOS="1548"/>
							<String ID="string_249" HPOS="1575" VPOS="1350" WIDTH="114" HEIGHT="34" WC="0.96" CONTENT="under"/><SP WIDTH="26" VPOS="1350" HPOS="1689"/>
							<String ID="string_250" HPOS="1715" VPOS="1348" WIDTH="122" HEIGHT="36" WC="0.96" CONTENT="denna"/><SP WIDTH="25" VPOS="1348" HPOS="1837"/>
							<String ID="string_251" HPOS="1862" VPOS="1348" WIDTH="101" HEIGHT="36" WC="0.96" CONTENT="ålder"/>
						</TextLine>
						<TextLine ID="line_24" HPOS="353" VPOS="1398" WIDTH="1608" HEIGHT="62">
							<String ID="string_252" HPOS="353" VPOS="1406" WIDTH="56" HEIGHT="34" WC="0.78" CONTENT="till"/><SP WIDTH="41" VPOS="1406" HPOS="409"/>
							<String ID="string_253" HPOS="450" VPOS="1405" WIDTH="224" HEIGHT="34" WC="0.85" CONTENT="ansvarslösa"/><SP WIDTH="39" VPOS="1405" HPOS="674"/>
							<String ID="string_254" HPOS="713" VPOS="1403" WIDTH="220" HEIGHT="47" WC="0.96" CONTENT="handlingar"/><SP WIDTH="27" VPOS="1403" HPOS="933"/>
							<String ID="string_255" HPOS="960" VPOS="1404" WIDTH="58" HEIGHT="33" WC="0.96" CONTENT="till"/><SP WIDTH="27" VPOS="1404" HPOS="1018"/>
							<String ID="string_256" HPOS="1045" VPOS="1401" WIDTH="93" HEIGHT="59" WC="0.96" CONTENT="följd"/><SP WIDTH="29" VPOS="1401" HPOS="1138"/>
							<String ID="string_257" HPOS="1167" VPOS="1415" WIDTH="44" HEIGHT="21" WC="0.96" CONTENT="av"/><SP WIDTH="28" VPOS="1415" HPOS="1211"/>
							<String ID="string_258" HPOS="1239" VPOS="1401" WIDTH="302" HEIGHT="35" WC="0.96" CONTENT="medvetenheten"/><SP WIDTH="30" VPOS="1401" HPOS="1541"/>
							<String ID="string_259" HPOS="1571" VPOS="1412" WIDTH="59" HEIGHT="23" WC="0.96" CONTENT="om"/><SP WIDTH="28" VPOS="1412" HPOS="1630"/>
							<String ID="string_260" HPOS="1658" VPOS="1400" WIDTH="57" HEIGHT="35" WC="0.93" CONTENT="sin"/><SP WIDTH="29" VPOS="1400" HPOS="1715"/>
							<String ID="string_261" HPOS="1744" VPOS="1398" WIDTH="217" HEIGHT="36" WC="0.91" CONTENT="ansvarsfri-"/>
						</TextLine>
						<TextLine ID="line_25" HPOS="354" VPOS="1449" WIDTH="1606" HEIGHT="51">
							<String ID="string_262" HPOS="354" VPOS="1457" WIDTH="72" HEIGHT="34" WC="0.96" CONTENT="het."/><SP WIDTH="55" VPOS="1457" HPOS="426"/>
							<String ID="string_263" HPOS="481" VPOS="1455" WIDTH="130" HEIGHT="35" WC="0.93" CONTENT="Kända"/><SP WIDTH="37" VPOS="1455" HPOS="611"/>
							<String ID="string_264" HPOS="648" VPOS="1434" WIDTH="263" HEIGHT="55" WC="0.92" CONTENT="brottmålsfall"/><SP WIDTH="40" VPOS="1434" HPOS="911"/>
							<String ID="string_265" HPOS="951" VPOS="1454" WIDTH="76" HEIGHT="34" WC="0.96" CONTENT="visa"/><SP WIDTH="36" VPOS="1454" HPOS="1027"/>
							<String ID="string_266" HPOS="1063" VPOS="1453" WIDTH="55" HEIGHT="46" WC="0.96" CONTENT="ju,"/><SP WIDTH="42" VPOS="1453" HPOS="1118"/>
							<String ID="string_267" HPOS="1160" VPOS="1457" WIDTH="54" HEIGHT="30" WC="0.96" CONTENT="att"/><SP WIDTH="31" VPOS="1457" HPOS="1214"/>
							<String ID="string_268" HPOS="1245" VPOS="1452" WIDTH="198" HEIGHT="48" WC="0.96" CONTENT="ynglingar"/><SP WIDTH="25" VPOS="1452" HPOS="1443"/>
							<String ID="string_269" HPOS="1468" VPOS="1451" WIDTH="12" HEIGHT="35" WC="0.96" CONTENT="i"/><SP WIDTH="28" VPOS="1451" HPOS="1480"/>
							<String ID="string_270" HPOS="1508" VPOS="1450" WIDTH="127" HEIGHT="35" WC="0.96" CONTENT="åldern"/><SP WIDTH="28" VPOS="1450" HPOS="1635"/>
							<String ID="string_271" HPOS="1663" VPOS="1449" WIDTH="121" HEIGHT="36" WC="0.93" CONTENT="under"/><SP WIDTH="26" VPOS="1449" HPOS="1784"/>
							<String ID="string_272" HPOS="1810" VPOS="1449" WIDTH="150" HEIGHT="35" WC="0.90" CONTENT="aderton"/>
						</TextLine>
						<TextLine ID="line_26" HPOS="354" VPOS="1482" WIDTH="1608" HEIGHT="70">
							<String ID="string_273" HPOS="354" VPOS="1509" WIDTH="39" HEIGHT="32" WC="0.96" CONTENT="år"/><SP WIDTH="25" VPOS="1509" HPOS="393"/>
							<String ID="string_274" HPOS="418" VPOS="1507" WIDTH="96" HEIGHT="34" WC="0.96" CONTENT="varit"/><SP WIDTH="26" VPOS="1507" HPOS="514"/>
							<String ID="string_275" HPOS="540" VPOS="1518" WIDTH="74" HEIGHT="34" WC="0.93" CONTENT="nog"/><SP WIDTH="33" VPOS="1518" HPOS="614"/>
							<String ID="string_276" HPOS="647" VPOS="1502" WIDTH="275" HEIGHT="50" WC="0.33" CONTENT="”försigkomna&#39;"/><SP WIDTH="36" VPOS="1502" HPOS="922"/>
							<String ID="string_277" HPOS="958" VPOS="1508" WIDTH="55" HEIGHT="30" WC="0.96" CONTENT="att"/><SP WIDTH="26" VPOS="1508" HPOS="1013"/>
							<String ID="string_278" HPOS="1039" VPOS="1502" WIDTH="79" HEIGHT="36" WC="0.96" CONTENT="före"/><SP WIDTH="27" VPOS="1502" HPOS="1118"/>
							<String ID="string_279" HPOS="1145" VPOS="1494" WIDTH="157" HEIGHT="43" WC="0.96" CONTENT="brottets"/><SP WIDTH="28" VPOS="1494" HPOS="1302"/>
							<String ID="string_280" HPOS="1330" VPOS="1482" WIDTH="187" HEIGHT="67" WC="0.92" CONTENT="begående"/><SP WIDTH="31" VPOS="1482" HPOS="1517"/>
							<String ID="string_281" HPOS="1548" VPOS="1501" WIDTH="113" HEIGHT="34" WC="0.96" CONTENT="räkna"/><SP WIDTH="26" VPOS="1501" HPOS="1661"/>
							<String ID="string_282" HPOS="1687" VPOS="1500" WIDTH="86" HEIGHT="35" WC="0.96" CONTENT="med"/><SP WIDTH="27" VPOS="1500" HPOS="1773"/>
							<String ID="string_283" HPOS="1800" VPOS="1499" WIDTH="71" HEIGHT="36" WC="0.93" CONTENT="den"/><SP WIDTH="18" VPOS="1499" HPOS="1871"/>
							<String ID="string_284" HPOS="1889" VPOS="1501" WIDTH="73" HEIGHT="33" WC="0.91" CONTENT="rin-"/>
						</TextLine>
						<TextLine ID="line_27" HPOS="353" VPOS="1528" WIDTH="1609" HEIGHT="78">
							<String ID="string_285" HPOS="353" VPOS="1569" WIDTH="85" HEIGHT="35" WC="0.96" CONTENT="gare"/><SP WIDTH="40" VPOS="1569" HPOS="438"/>
							<String ID="string_286" HPOS="478" VPOS="1531" WIDTH="297" HEIGHT="75" WC="0.91" CONTENT="straffpåföljden"/><SP WIDTH="41" VPOS="1531" HPOS="775"/>
							<String ID="string_287" HPOS="816" VPOS="1557" WIDTH="45" HEIGHT="44" WC="0.96" CONTENT="på"/><SP WIDTH="39" VPOS="1557" HPOS="861"/>
							<String ID="string_288" HPOS="900" VPOS="1553" WIDTH="123" HEIGHT="48" WC="0.96" CONTENT="grund"/><SP WIDTH="40" VPOS="1553" HPOS="1023"/>
							<String ID="string_289" HPOS="1063" VPOS="1566" WIDTH="44" HEIGHT="22" WC="0.96" CONTENT="av"/><SP WIDTH="26" VPOS="1566" HPOS="1107"/>
							<String ID="string_290" HPOS="1133" VPOS="1554" WIDTH="57" HEIGHT="34" WC="0.96" CONTENT="sin"/><SP WIDTH="29" VPOS="1554" HPOS="1190"/>
							<String ID="string_291" HPOS="1219" VPOS="1528" WIDTH="298" HEIGHT="75" WC="0.90" CONTENT="minderarighet."/><SP WIDTH="55" VPOS="1528" HPOS="1517"/>
							<String ID="string_292" HPOS="1572" VPOS="1550" WIDTH="78" HEIGHT="37" WC="0.95" CONTENT="Och"/><SP WIDTH="30" VPOS="1550" HPOS="1650"/>
							<String ID="string_293" HPOS="1680" VPOS="1551" WIDTH="62" HEIGHT="35" WC="0.96" CONTENT="det"/><SP WIDTH="27" VPOS="1551" HPOS="1742"/>
							<String ID="string_294" HPOS="1769" VPOS="1550" WIDTH="117" HEIGHT="35" WC="0.96" CONTENT="finnes"/><SP WIDTH="27" VPOS="1550" HPOS="1886"/>
							<String ID="string_295" HPOS="1913" VPOS="1551" WIDTH="49" HEIGHT="34" WC="0.96" CONTENT="all"/>
						</TextLine>
						<TextLine ID="line_28" HPOS="353" VPOS="1586" WIDTH="1609" HEIGHT="67">
							<String ID="string_296" HPOS="353" VPOS="1586" WIDTH="202" HEIGHT="67" WC="0.96" CONTENT="anledning"/><SP WIDTH="39" VPOS="1586" HPOS="555"/>
							<String ID="string_297" HPOS="594" VPOS="1604" WIDTH="136" HEIGHT="43" WC="0.96" CONTENT="befara,"/><SP WIDTH="29" VPOS="1604" HPOS="730"/>
							<String ID="string_298" HPOS="759" VPOS="1609" WIDTH="53" HEIGHT="30" WC="0.96" CONTENT="att"/><SP WIDTH="28" VPOS="1609" HPOS="812"/>
							<String ID="string_299" HPOS="840" VPOS="1585" WIDTH="99" HEIGHT="54" WC="0.96" CONTENT="detta"/><SP WIDTH="27" VPOS="1585" HPOS="939"/>
							<String ID="string_300" HPOS="966" VPOS="1605" WIDTH="119" HEIGHT="34" WC="0.96" CONTENT="skulle"/><SP WIDTH="27" VPOS="1605" HPOS="1085"/>
							<String ID="string_301" HPOS="1112" VPOS="1604" WIDTH="12" HEIGHT="34" WC="0.96" CONTENT="i"/><SP WIDTH="27" VPOS="1604" HPOS="1124"/>
							<String ID="string_302" HPOS="1151" VPOS="1603" WIDTH="89" HEIGHT="35" WC="0.96" CONTENT="flera"/><SP WIDTH="26" VPOS="1603" HPOS="1240"/>
							<String ID="string_303" HPOS="1266" VPOS="1602" WIDTH="67" HEIGHT="35" WC="0.96" CONTENT="fall"/><SP WIDTH="27" VPOS="1602" HPOS="1333"/>
							<String ID="string_304" HPOS="1360" VPOS="1583" WIDTH="98" HEIGHT="54" WC="0.96" CONTENT="bliva"/><SP WIDTH="28" VPOS="1583" HPOS="1458"/>
							<String ID="string_305" HPOS="1486" VPOS="1601" WIDTH="141" HEIGHT="47" WC="0.96" CONTENT="följden"/><SP WIDTH="29" VPOS="1601" HPOS="1627"/>
							<String ID="string_306" HPOS="1656" VPOS="1614" WIDTH="44" HEIGHT="22" WC="0.93" CONTENT="av"/><SP WIDTH="27" VPOS="1614" HPOS="1700"/>
							<String ID="string_307" HPOS="1727" VPOS="1601" WIDTH="235" HEIGHT="35" WC="0.92" CONTENT="bestämmel-"/>
						</TextLine>
						<TextLine ID="line_29" HPOS="355" VPOS="1633" WIDTH="1103" HEIGHT="74">
							<String ID="string_308" HPOS="355" VPOS="1670" WIDTH="68" HEIGHT="31" WC="0.95" CONTENT="ser,"/><SP WIDTH="28" VPOS="1670" HPOS="423"/>
							<String ID="string_309" HPOS="451" VPOS="1669" WIDTH="80" HEIGHT="23" WC="0.96" CONTENT="som"/><SP WIDTH="0" VPOS="1669" HPOS="531"/>
							<String ID="string_310" HPOS="531" VPOS="1633" WIDTH="224" HEIGHT="74" WC="0.0" CONTENT="&quot;väsentligt"/><SP WIDTH="27" VPOS="1633" HPOS="755"/>
							<String ID="string_311" HPOS="782" VPOS="1655" WIDTH="189" HEIGHT="35" WC="0.96" CONTENT="utsträcka"/><SP WIDTH="26" VPOS="1655" HPOS="971"/>
							<String ID="string_312" HPOS="997" VPOS="1654" WIDTH="71" HEIGHT="35" WC="0.93" CONTENT="den"/><SP WIDTH="27" VPOS="1654" HPOS="1068"/>
							<String ID="string_313" HPOS="1095" VPOS="1652" WIDTH="225" HEIGHT="37" WC="0.92" CONTENT="ansvarsfria"/><SP WIDTH="26" VPOS="1652" HPOS="1320"/>
							<String ID="string_314" HPOS="1346" VPOS="1653" WIDTH="112" HEIGHT="35" WC="0.96" CONTENT="tiden."/>
						</TextLine>
					</TextBlock>
					<TextBlock ID="block_4" HPOS="355" VPOS="1701" WIDTH="1610" HEIGHT="404">
						<TextLine ID="line_30" HPOS="490" VPOS="1701" WIDTH="1474" HEIGHT="49">
							<String ID="string_315" HPOS="490" VPOS="1707" WIDTH="68" HEIGHT="35" WC="0.96" CONTENT="Det"/><SP WIDTH="39" VPOS="1707" HPOS="558"/>
							<String ID="string_316" HPOS="597" VPOS="1706" WIDTH="105" HEIGHT="35" WC="0.96" CONTENT="torde"/><SP WIDTH="39" VPOS="1706" HPOS="702"/>
							<String ID="string_317" HPOS="741" VPOS="1718" WIDTH="86" HEIGHT="22" WC="0.96" CONTENT="vara"/><SP WIDTH="38" VPOS="1718" HPOS="827"/>
							<String ID="string_318" HPOS="865" VPOS="1708" WIDTH="99" HEIGHT="32" WC="0.96" CONTENT="svårt"/><SP WIDTH="39" VPOS="1708" HPOS="964"/>
							<String ID="string_319" HPOS="1003" VPOS="1709" WIDTH="54" HEIGHT="30" WC="0.93" CONTENT="att"/><SP WIDTH="39" VPOS="1709" HPOS="1057"/>
							<String ID="string_320" HPOS="1096" VPOS="1703" WIDTH="210" HEIGHT="47" WC="0.92" CONTENT="förebringa"/><SP WIDTH="39" VPOS="1703" HPOS="1306"/>
							<String ID="string_321" HPOS="1345" VPOS="1706" WIDTH="112" HEIGHT="44" WC="0.82" CONTENT="några"/><SP WIDTH="40" VPOS="1706" HPOS="1457"/>
							<String ID="string_322" HPOS="1497" VPOS="1701" WIDTH="159" HEIGHT="36" WC="0.95" CONTENT="bärande"/><SP WIDTH="27" VPOS="1701" HPOS="1656"/>
							<String ID="string_323" HPOS="1683" VPOS="1702" WIDTH="169" HEIGHT="47" WC="0.96" CONTENT="rättsliga"/><SP WIDTH="26" VPOS="1702" HPOS="1852"/>
							<String ID="string_324" HPOS="1878" VPOS="1702" WIDTH="86" HEIGHT="34" WC="0.95" CONTENT="eller"/>
						</TextLine>
						<TextLine ID="line_31" HPOS="355" VPOS="1734" WIDTH="1608" HEIGHT="65">
							<String ID="string_325" HPOS="355" VPOS="1757" WIDTH="198" HEIGHT="36" WC="0.95" CONTENT="moraliska"/><SP WIDTH="38" VPOS="1757" HPOS="553"/>
							<String ID="string_326" HPOS="591" VPOS="1757" WIDTH="77" HEIGHT="35" WC="0.96" CONTENT="skäl"/><SP WIDTH="41" VPOS="1757" HPOS="668"/>
							<String ID="string_327" HPOS="709" VPOS="1755" WIDTH="57" HEIGHT="36" WC="0.96" CONTENT="för"/><SP WIDTH="40" VPOS="1755" HPOS="766"/>
							<String ID="string_328" HPOS="806" VPOS="1760" WIDTH="53" HEIGHT="30" WC="0.96" CONTENT="att"/><SP WIDTH="40" VPOS="1760" HPOS="859"/>
							<String ID="string_329" HPOS="899" VPOS="1755" WIDTH="81" HEIGHT="43" WC="0.95" CONTENT="den,"/><SP WIDTH="28" VPOS="1755" HPOS="980"/>
							<String ID="string_330" HPOS="1008" VPOS="1767" WIDTH="78" HEIGHT="23" WC="0.96" CONTENT="som"/><SP WIDTH="27" VPOS="1767" HPOS="1086"/>
							<String ID="string_331" HPOS="1113" VPOS="1757" WIDTH="81" HEIGHT="32" WC="0.95" CONTENT="nått"/><SP WIDTH="27" VPOS="1757" HPOS="1194"/>
							<String ID="string_332" HPOS="1221" VPOS="1734" WIDTH="150" HEIGHT="55" WC="0.24" CONTENT="Con"/><SP WIDTH="21" VPOS="1734" HPOS="1371"/>
							<String ID="string_333" HPOS="1392" VPOS="1734" WIDTH="66" HEIGHT="54" WC="0.93" CONTENT="års"/><SP WIDTH="28" VPOS="1734" HPOS="1458"/>
							<String ID="string_334" HPOS="1486" VPOS="1752" WIDTH="103" HEIGHT="36" WC="0.94" CONTENT="ålder"/><SP WIDTH="25" VPOS="1752" HPOS="1589"/>
							<String ID="string_335" HPOS="1614" VPOS="1753" WIDTH="90" HEIGHT="34" WC="0.91" CONTENT="eller"/><SP WIDTH="27" VPOS="1753" HPOS="1704"/>
							<String ID="string_336" HPOS="1731" VPOS="1753" WIDTH="232" HEIGHT="46" WC="0.91" CONTENT="tilläventyrs"/>
						</TextLine>
						<TextLine ID="line_32" HPOS="355" VPOS="1802" WIDTH="1608" HEIGHT="50">
							<String ID="string_337" HPOS="355" VPOS="1808" WIDTH="61" HEIGHT="35" WC="0.96" CONTENT="vid"/><SP WIDTH="41" VPOS="1808" HPOS="416"/>
							<String ID="string_338" HPOS="457" VPOS="1808" WIDTH="103" HEIGHT="34" WC="0.96" CONTENT="tiden"/><SP WIDTH="41" VPOS="1808" HPOS="560"/>
							<String ID="string_339" HPOS="601" VPOS="1806" WIDTH="58" HEIGHT="36" WC="0.93" CONTENT="för"/><SP WIDTH="38" VPOS="1806" HPOS="659"/>
							<String ID="string_340" HPOS="697" VPOS="1805" WIDTH="209" HEIGHT="36" WC="0.92" CONTENT="hävdandet"/><SP WIDTH="36" VPOS="1805" HPOS="906"/>
							<String ID="string_341" HPOS="942" VPOS="1813" WIDTH="146" HEIGHT="27" WC="0.96" CONTENT="närmar"/><SP WIDTH="27" VPOS="1813" HPOS="1088"/>
							<String ID="string_342" HPOS="1115" VPOS="1805" WIDTH="56" HEIGHT="47" WC="0.96" CONTENT="sig"/><SP WIDTH="28" VPOS="1805" HPOS="1171"/>
							<String ID="string_343" HPOS="1199" VPOS="1806" WIDTH="44" HEIGHT="33" WC="0.96" CONTENT="21"/><SP WIDTH="32" VPOS="1806" HPOS="1243"/>
							<String ID="string_344" HPOS="1275" VPOS="1807" WIDTH="49" HEIGHT="40" WC="0.96" CONTENT="år,"/><SP WIDTH="29" VPOS="1807" HPOS="1324"/>
							<String ID="string_345" HPOS="1353" VPOS="1803" WIDTH="101" HEIGHT="44" WC="0.96" CONTENT="skall,"/><SP WIDTH="31" VPOS="1803" HPOS="1454"/>
							<String ID="string_346" HPOS="1485" VPOS="1816" WIDTH="78" HEIGHT="22" WC="0.96" CONTENT="mer"/><SP WIDTH="27" VPOS="1816" HPOS="1563"/>
							<String ID="string_347" HPOS="1590" VPOS="1809" WIDTH="45" HEIGHT="28" WC="0.96" CONTENT="än"/><SP WIDTH="29" VPOS="1809" HPOS="1635"/>
							<String ID="string_348" HPOS="1664" VPOS="1802" WIDTH="83" HEIGHT="42" WC="0.96" CONTENT="den,"/><SP WIDTH="30" VPOS="1802" HPOS="1747"/>
							<String ID="string_349" HPOS="1777" VPOS="1814" WIDTH="77" HEIGHT="23" WC="0.96" CONTENT="som"/><SP WIDTH="29" VPOS="1814" HPOS="1854"/>
							<String ID="string_350" HPOS="1883" VPOS="1804" WIDTH="80" HEIGHT="32" WC="0.95" CONTENT="nått"/>
						</TextLine>
						<TextLine ID="line_33" HPOS="356" VPOS="1835" WIDTH="1608" HEIGHT="68">
							<String ID="string_351" HPOS="356" VPOS="1857" WIDTH="228" HEIGHT="36" WC="0.95" CONTENT="sistnämnda"/><SP WIDTH="39" VPOS="1857" HPOS="584"/>
							<String ID="string_352" HPOS="623" VPOS="1856" WIDTH="112" HEIGHT="58" WC="0.93" CONTENT="ålder,"/><SP WIDTH="43" VPOS="1856" HPOS="735"/>
							<String ID="string_353" HPOS="778" VPOS="1856" WIDTH="196" HEIGHT="47" WC="0.92" CONTENT="undslippa"/><SP WIDTH="40" VPOS="1856" HPOS="974"/>
							<String ID="string_354" HPOS="1014" VPOS="1855" WIDTH="70" HEIGHT="35" WC="0.96" CONTENT="den"/><SP WIDTH="32" VPOS="1855" HPOS="1084"/>
							<String ID="string_355" HPOS="1116" VPOS="1835" WIDTH="319" HEIGHT="66" WC="0.92" CONTENT="ersättningsplikt"/><SP WIDTH="27" VPOS="1835" HPOS="1435"/>
							<String ID="string_356" HPOS="1462" VPOS="1854" WIDTH="89" HEIGHT="34" WC="0.96" CONTENT="eller"/><SP WIDTH="28" VPOS="1854" HPOS="1551"/>
							<String ID="string_357" HPOS="1579" VPOS="1853" WIDTH="60" HEIGHT="34" WC="0.96" CONTENT="det"/><SP WIDTH="28" VPOS="1853" HPOS="1639"/>
							<String ID="string_358" HPOS="1667" VPOS="1865" WIDTH="132" HEIGHT="22" WC="0.96" CONTENT="ansvar"/><SP WIDTH="26" VPOS="1865" HPOS="1799"/>
							<String ID="string_359" HPOS="1825" VPOS="1852" WIDTH="66" HEIGHT="35" WC="0.96" CONTENT="och"/><SP WIDTH="28" VPOS="1852" HPOS="1891"/>
							<String ID="string_360" HPOS="1919" VPOS="1852" WIDTH="45" HEIGHT="34" WC="0.95" CONTENT="de"/>
						</TextLine>
						<TextLine ID="line_34" HPOS="355" VPOS="1902" WIDTH="1610" HEIGHT="54">
							<String ID="string_361" HPOS="355" VPOS="1909" WIDTH="248" HEIGHT="57" WC="0.95" CONTENT="förpliktelser"/><SP WIDTH="37" VPOS="1909" HPOS="603"/>
							<String ID="string_362" HPOS="640" VPOS="1909" WIDTH="13" HEIGHT="33" WC="0.95" CONTENT="i"/><SP WIDTH="40" VPOS="1909" HPOS="653"/>
							<String ID="string_363" HPOS="693" VPOS="1908" WIDTH="131" HEIGHT="46" WC="0.96" CONTENT="övrigt,"/><SP WIDTH="42" VPOS="1908" HPOS="824"/>
							<String ID="string_364" HPOS="866" VPOS="1919" WIDTH="77" HEIGHT="22" WC="0.96" CONTENT="som"/><SP WIDTH="41" VPOS="1919" HPOS="943"/>
							<String ID="string_365" HPOS="984" VPOS="1906" WIDTH="227" HEIGHT="46" WC="0.92" CONTENT="rättvisligen"/><SP WIDTH="29" VPOS="1906" HPOS="1211"/>
							<String ID="string_366" HPOS="1240" VPOS="1905" WIDTH="88" HEIGHT="35" WC="0.96" CONTENT="böra"/><SP WIDTH="26" VPOS="1905" HPOS="1328"/>
							<String ID="string_367" HPOS="1354" VPOS="1903" WIDTH="96" HEIGHT="58" WC="0.96" CONTENT="följa"/><SP WIDTH="23" VPOS="1903" HPOS="1450"/>
							<String ID="string_368" HPOS="1473" VPOS="1903" WIDTH="151" HEIGHT="36" WC="0.95" CONTENT="därmed"/><SP WIDTH="27" VPOS="1903" HPOS="1624"/>
							<String ID="string_369" HPOS="1651" VPOS="1908" WIDTH="52" HEIGHT="30" WC="0.96" CONTENT="att"/><SP WIDTH="27" VPOS="1908" HPOS="1703"/>
							<String ID="string_370" HPOS="1730" VPOS="1903" WIDTH="74" HEIGHT="35" WC="0.96" CONTENT="han"/><SP WIDTH="28" VPOS="1903" HPOS="1804"/>
							<String ID="string_371" HPOS="1832" VPOS="1902" WIDTH="133" HEIGHT="35" WC="0.96" CONTENT="hävdat"/>
						</TextLine>
						<TextLine ID="line_35" HPOS="356" VPOS="1952" WIDTH="1609" HEIGHT="49">
							<String ID="string_372" HPOS="356" VPOS="1961" WIDTH="57" HEIGHT="33" WC="0.96" CONTENT="sin"/><SP WIDTH="40" VPOS="1961" HPOS="413"/>
							<String ID="string_373" HPOS="453" VPOS="1958" WIDTH="198" HEIGHT="36" WC="0.96" CONTENT="trolovade."/><SP WIDTH="61" VPOS="1958" HPOS="651"/>
							<String ID="string_374" HPOS="712" VPOS="1938" WIDTH="95" HEIGHT="54" WC="0.93" CONTENT="Från"/><SP WIDTH="34" VPOS="1938" HPOS="807"/>
							<String ID="string_375" HPOS="841" VPOS="1956" WIDTH="149" HEIGHT="36" WC="0.92" CONTENT="aderton"/><SP WIDTH="28" VPOS="1956" HPOS="990"/>
							<String ID="string_376" HPOS="1018" VPOS="1959" WIDTH="56" HEIGHT="32" WC="0.96" CONTENT="års"/><SP WIDTH="27" VPOS="1959" HPOS="1074"/>
							<String ID="string_377" HPOS="1101" VPOS="1937" WIDTH="102" HEIGHT="54" WC="0.96" CONTENT="ålder"/><SP WIDTH="28" VPOS="1937" HPOS="1203"/>
							<String ID="string_378" HPOS="1231" VPOS="1956" WIDTH="70" HEIGHT="34" WC="0.96" CONTENT="kan"/><SP WIDTH="29" VPOS="1956" HPOS="1301"/>
							<String ID="string_379" HPOS="1330" VPOS="1968" WIDTH="83" HEIGHT="21" WC="0.96" CONTENT="man"/><SP WIDTH="28" VPOS="1968" HPOS="1413"/>
							<String ID="string_380" HPOS="1441" VPOS="1956" WIDTH="12" HEIGHT="33" WC="0.96" CONTENT="i"/><SP WIDTH="29" VPOS="1956" HPOS="1453"/>
							<String ID="string_381" HPOS="1482" VPOS="1954" WIDTH="98" HEIGHT="47" WC="0.96" CONTENT="regel"/><SP WIDTH="28" VPOS="1954" HPOS="1580"/>
							<String ID="string_382" HPOS="1608" VPOS="1952" WIDTH="209" HEIGHT="42" WC="0.96" CONTENT="förutsätta,"/><SP WIDTH="30" VPOS="1952" HPOS="1817"/>
							<String ID="string_383" HPOS="1847" VPOS="1958" WIDTH="53" HEIGHT="30" WC="0.95" CONTENT="att"/><SP WIDTH="26" VPOS="1958" HPOS="1900"/>
							<String ID="string_384" HPOS="1926" VPOS="1956" WIDTH="39" HEIGHT="31" WC="0.96" CONTENT="så"/>
						</TextLine>
						<TextLine ID="line_36" HPOS="357" VPOS="2003" WIDTH="1608" HEIGHT="53">
							<String ID="string_385" HPOS="357" VPOS="2016" WIDTH="76" HEIGHT="28" WC="0.96" CONTENT="stor"/><SP WIDTH="25" VPOS="2016" HPOS="433"/>
							<String ID="string_386" HPOS="458" VPOS="2008" WIDTH="164" HEIGHT="48" WC="0.96" CONTENT="förmåga"/><SP WIDTH="26" VPOS="2008" HPOS="622"/>
							<String ID="string_387" HPOS="648" VPOS="2013" WIDTH="54" HEIGHT="30" WC="0.96" CONTENT="att"/><SP WIDTH="28" VPOS="2013" HPOS="702"/>
							<String ID="string_388" HPOS="730" VPOS="2008" WIDTH="155" HEIGHT="34" WC="0.96" CONTENT="bedöma"/><SP WIDTH="27" VPOS="2008" HPOS="885"/>
							<String ID="string_389" HPOS="912" VPOS="2007" WIDTH="80" HEIGHT="35" WC="0.96" CONTENT="sina"/><SP WIDTH="27" VPOS="2007" HPOS="992"/>
							<String ID="string_390" HPOS="1019" VPOS="2006" WIDTH="219" HEIGHT="47" WC="0.93" CONTENT="handlingar"/><SP WIDTH="29" VPOS="2006" HPOS="1238"/>
							<String ID="string_391" HPOS="1267" VPOS="2005" WIDTH="207" HEIGHT="43" WC="0.91" CONTENT="förefinnes,"/><SP WIDTH="29" VPOS="2005" HPOS="1474"/>
							<String ID="string_392" HPOS="1503" VPOS="1986" WIDTH="54" HEIGHT="54" WC="0.96" CONTENT="att"/><SP WIDTH="26" VPOS="1986" HPOS="1557"/>
							<String ID="string_393" HPOS="1583" VPOS="2004" WIDTH="83" HEIGHT="35" WC="0.96" CONTENT="med"/><SP WIDTH="28" VPOS="2004" HPOS="1666"/>
							<String ID="string_394" HPOS="1694" VPOS="2003" WIDTH="271" HEIGHT="48" WC="0.96" CONTENT="handlingarna"/>
						</TextLine>
						<TextLine ID="line_37" HPOS="357" VPOS="2033" WIDTH="1014" HEIGHT="73">
							<String ID="string_395" HPOS="357" VPOS="2059" WIDTH="162" HEIGHT="46" WC="0.96" CONTENT="följande"/><SP WIDTH="27" VPOS="2059" HPOS="519"/>
							<String ID="string_396" HPOS="546" VPOS="2071" WIDTH="131" HEIGHT="22" WC="0.96" CONTENT="ansvar"/><SP WIDTH="26" VPOS="2071" HPOS="677"/>
							<String ID="string_397" HPOS="703" VPOS="2058" WIDTH="109" HEIGHT="35" WC="0.96" CONTENT="också"/><SP WIDTH="27" VPOS="2058" HPOS="812"/>
							<String ID="string_398" HPOS="839" VPOS="2058" WIDTH="66" HEIGHT="34" WC="0.96" CONTENT="bör"/><SP WIDTH="26" VPOS="2058" HPOS="905"/>
							<String ID="string_399" HPOS="931" VPOS="2056" WIDTH="110" HEIGHT="49" WC="0.96" CONTENT="fyllas"/><SP WIDTH="27" VPOS="2056" HPOS="1041"/>
							<String ID="string_400" HPOS="1068" VPOS="2057" WIDTH="88" HEIGHT="35" WC="0.95" CONTENT="eller"/><SP WIDTH="16" VPOS="2057" HPOS="1156"/>
							<String ID="string_401" HPOS="1172" VPOS="2033" WIDTH="199" HEIGHT="73" WC="0.37" CONTENT="”utkrävas."/>
						</TextLine>
					</TextBlock>
					<TextBlock ID="block_5" HPOS="357" VPOS="2105" WIDTH="1609" HEIGHT="140">
						<TextLine ID="line_38" HPOS="491" VPOS="2105" WIDTH="1474" HEIGHT="51">
							<String ID="string_402" HPOS="491" VPOS="2109" WIDTH="79" HEIGHT="34" WC="0.95" CONTENT="Den"/><SP WIDTH="40" VPOS="2109" HPOS="570"/>
							<String ID="string_403" HPOS="610" VPOS="2108" WIDTH="208" HEIGHT="48" WC="0.94" CONTENT="föreslagna"/><SP WIDTH="39" VPOS="2108" HPOS="818"/>
							<String ID="string_404" HPOS="857" VPOS="2108" WIDTH="110" HEIGHT="47" WC="0.96" CONTENT="högre"/><SP WIDTH="40" VPOS="2108" HPOS="967"/>
							<String ID="string_405" HPOS="1007" VPOS="2107" WIDTH="279" HEIGHT="47" WC="0.96" CONTENT="åldersgränsen"/><SP WIDTH="40" VPOS="2107" HPOS="1286"/>
							<String ID="string_406" HPOS="1326" VPOS="2106" WIDTH="153" HEIGHT="35" WC="0.96" CONTENT="innebär"/><SP WIDTH="31" VPOS="2106" HPOS="1479"/>
							<String ID="string_407" HPOS="1510" VPOS="2105" WIDTH="193" HEIGHT="46" WC="0.96" CONTENT="därjämte,"/><SP WIDTH="35" VPOS="2105" HPOS="1703"/>
							<String ID="string_408" HPOS="1738" VPOS="2105" WIDTH="118" HEIGHT="46" WC="0.96" CONTENT="enligt"/><SP WIDTH="30" VPOS="2105" HPOS="1856"/>
							<String ID="string_409" HPOS="1886" VPOS="2106" WIDTH="79" HEIGHT="32" WC="0.96" CONTENT="vårt"/>
						</TextLine>
						<TextLine ID="line_39" HPOS="358" VPOS="2151" WIDTH="1608" HEIGHT="52">
							<String ID="string_410" HPOS="358" VPOS="2159" WIDTH="248" HEIGHT="44" WC="0.92" CONTENT="förmenande,"/><SP WIDTH="43" VPOS="2159" HPOS="606"/>
							<String ID="string_411" HPOS="649" VPOS="2164" WIDTH="51" HEIGHT="30" WC="0.96" CONTENT="ett"/><SP WIDTH="40" VPOS="2164" HPOS="700"/>
							<String ID="string_412" HPOS="740" VPOS="2139" WIDTH="272" HEIGHT="55" WC="0.96" CONTENT="åsidosättande"/><SP WIDTH="40" VPOS="2139" HPOS="1012"/>
							<String ID="string_413" HPOS="1052" VPOS="2170" WIDTH="44" HEIGHT="22" WC="0.96" CONTENT="av"/><SP WIDTH="32" VPOS="2170" HPOS="1096"/>
							<String ID="string_414" HPOS="1128" VPOS="2138" WIDTH="187" HEIGHT="54" WC="0.95" CONTENT="kvinnans"/><SP WIDTH="39" VPOS="2138" HPOS="1315"/>
							<String ID="string_415" HPOS="1354" VPOS="2157" WIDTH="69" HEIGHT="34" WC="0.96" CONTENT="och"/><SP WIDTH="41" VPOS="2157" HPOS="1423"/>
							<String ID="string_416" HPOS="1464" VPOS="2156" WIDTH="147" HEIGHT="34" WC="0.95" CONTENT="barnets"/><SP WIDTH="39" VPOS="2156" HPOS="1611"/>
							<String ID="string_417" HPOS="1650" VPOS="2151" WIDTH="87" HEIGHT="52" WC="0.96" CONTENT="rätt,"/><SP WIDTH="32" VPOS="2151" HPOS="1737"/>
							<String ID="string_418" HPOS="1769" VPOS="2135" WIDTH="68" HEIGHT="54" WC="0.95" CONTENT="när"/><SP WIDTH="25" VPOS="2135" HPOS="1837"/>
							<String ID="string_419" HPOS="1862" VPOS="2153" WIDTH="104" HEIGHT="36" WC="0.96" CONTENT="dessa"/>
						</TextLine>
						<TextLine ID="line_40" HPOS="357" VPOS="2204" WIDTH="1609" HEIGHT="51">
							<String ID="string_420" HPOS="357" VPOS="2212" WIDTH="141" HEIGHT="33" WC="0.96" CONTENT="lämnas"/><SP WIDTH="40" VPOS="2212" HPOS="498"/>
							<String ID="string_421" HPOS="538" VPOS="2215" WIDTH="90" HEIGHT="30" WC="0.96" CONTENT="utan"/><SP WIDTH="41" VPOS="2215" HPOS="628"/>
							<String ID="string_422" HPOS="669" VPOS="2208" WIDTH="62" HEIGHT="36" WC="0.96" CONTENT="det"/><SP WIDTH="33" VPOS="2208" HPOS="731"/>
							<String ID="string_423" HPOS="764" VPOS="2209" WIDTH="94" HEIGHT="43" WC="0.96" CONTENT="stöd,"/><SP WIDTH="29" VPOS="2209" HPOS="858"/>
							<String ID="string_424" HPOS="887" VPOS="2221" WIDTH="77" HEIGHT="23" WC="0.96" CONTENT="som"/><SP WIDTH="28" VPOS="2221" HPOS="964"/>
							<String ID="string_425" HPOS="992" VPOS="2207" WIDTH="129" HEIGHT="36" WC="0.96" CONTENT="fadern"/><SP WIDTH="26" VPOS="2207" HPOS="1121"/>
							<String ID="string_426" HPOS="1147" VPOS="2208" WIDTH="68" HEIGHT="35" WC="0.96" CONTENT="bör"/><SP WIDTH="26" VPOS="2208" HPOS="1215"/>
							<String ID="string_427" HPOS="1241" VPOS="2220" WIDTH="45" HEIGHT="35" WC="0.95" CONTENT="ge"/><SP WIDTH="27" VPOS="2220" HPOS="1286"/>
							<String ID="string_428" HPOS="1313" VPOS="2207" WIDTH="67" HEIGHT="35" WC="0.95" CONTENT="och"/><SP WIDTH="27" VPOS="2207" HPOS="1380"/>
							<String ID="string_429" HPOS="1407" VPOS="2207" WIDTH="13" HEIGHT="35" WC="0.96" CONTENT="i"/><SP WIDTH="28" VPOS="2207" HPOS="1420"/>
							<String ID="string_430" HPOS="1448" VPOS="2206" WIDTH="44" HEIGHT="35" WC="0.97" CONTENT="de"/><SP WIDTH="28" VPOS="2206" HPOS="1492"/>
							<String ID="string_431" HPOS="1520" VPOS="2206" WIDTH="104" HEIGHT="35" WC="0.96" CONTENT="flesta"/><SP WIDTH="26" VPOS="2206" HPOS="1624"/>
							<String ID="string_432" HPOS="1650" VPOS="2204" WIDTH="67" HEIGHT="36" WC="0.96" CONTENT="fall"/><SP WIDTH="27" VPOS="2204" HPOS="1717"/>
							<String ID="string_433" HPOS="1744" VPOS="2204" WIDTH="222" HEIGHT="36" WC="0.94" CONTENT="åtminstone"/>
						</TextLine>
					</TextBlock>
				</ComposedBlock>
			</PrintSpace>
		</Page>
	</Layout>
</alto>
