2164 2636
176 1622 148 29 Utskottet.

387 175 39 31 60
871 172 233 43 Lagutskottets
1126 172 160 32 utlåtande
1310 172 52 31 Nr
1386 172 55 31 32.

345 268 36 30 ta
409 263 57 47 sig
493 263 239 48 synnerligen
761 261 65 35 bra
854 266 40 30 ut
921 261 13 35 i
961 261 217 35 statistiken.
1220 259 85 36 Men
1325 272 51 22 nu
1396 259 70 35 kan
1488 272 85 22 man
1592 264 84 42 taga
1695 257 59 37 för
1774 260 111 46 givet,
1905 264 52 28 att

346 311 210 37 förförarna
595 313 79 35 icke
715 310 215 37 hädanefter
966 311 51 35 bli
1046 323 100 23 mera
1171 311 129 47 villiga
1328 315 54 30 att
1408 310 160 34 erkänna
1595 309 214 47 trolovning
1836 315 45 29 än
1910 308 48 35 de

346 376 50 22 nu
438 370 63 28 äro
542 368 54 30 att
636 363 160 35 erkänna
837 361 244 47 faderskapet,
1122 361 65 35 och
1229 360 45 36 de
1315 360 102 43 barn,
1455 372 79 22 som
1562 361 12 33 i
1602 359 352 48 civilregistraturen

347 415 150 45 angivas
537 425 79 24 som
657 413 93 42 äkta,
792 412 53 35 bli
878 423 73 35 nog
990 412 78 34 icke
1109 411 85 35 flera
1223 418 45 28 än
1297 411 45 34 de
1370 416 62 29 äro
1459 422 62 22 nu.
1577 410 70 35 Det
1674 410 74 35 blir
1776 421 76 36 nog
1878 409 82 35 icke

347 467 132 44 många
520 476 43 22 av
604 463 44 35 de
688 468 103 30 utom
825 462 198 47 äktenskap
1053 460 110 36 födda
1190 462 152 42 barnen,
1372 472 77 24 som
1478 459 37 36 få
1542 463 120 45 någon
1690 465 107 43 nytta
1816 472 44 23 av
1887 459 70 36 den

348 527 72 36 nya
447 515 120 46 lagen.

482 564 69 35 Det
590 565 100 46 gives
729 562 209 37 emellertid
978 575 44 22 en
1049 575 121 22 annan
1199 561 284 47 omständighet,
1513 573 77 23 som
1616 561 64 47 jag
1707 561 178 34 tillmäter
1911 572 46 23 en

348 614 85 36 vida
472 620 119 29 större
630 613 78 35 vikt
748 621 46 28 än
836 612 61 36 det
937 625 50 23 nu
1028 612 121 48 sagda.
1203 611 54 36 En
1300 625 43 22 av
1378 611 70 36 den
1480 610 207 48 föreslagna
1713 612 129 46 lagens
1868 611 90 34 allra

349 670 132 31 största
522 663 214 48 förtjänster
771 676 107 23 anser
901 663 65 48 jag
992 676 96 28 vara,
1116 667 53 31 att
1196 662 70 36 den
1294 663 81 35 icke
1402 667 60 30 vet
1489 674 43 22 av
1559 665 113 44 några
1699 660 262 36 ofullbordade

349 715 212 48 äktenskap.
615 714 116 48 Ingen
772 720 40 29 är
850 714 117 47 enligt
1006 713 213 35 densamma
1258 714 12 34 i
1311 716 122 44 någon
1475 713 151 45 mening
1661 710 83 48 gift,
1773 724 79 23 som
1880 711 81 35 icke

350 765 237 36 underkastat
627 766 56 45 sig
722 764 71 36 den
836 763 93 36 form
972 762 58 37 för
1069 764 217 47 äktenskaps
1322 762 195 48 ingående,
1545 775 78 22 som
1650 762 194 35 samhället
1871 760 89 36 fast-

350 817 111 34 ställt.
515 815 84 36 Men
640 827 131 36 genom
812 814 71 36 den
916 815 66 34 här
1020 813 146 36 införda
1205 813 292 43 bestämmelsen,
1527 817 53 30 att
1608 812 137 35 barnen
1773 819 63 28 äro
1863 812 94 41 äkta,

350 879 60 23 om
451 866 95 36 blott
585 864 227 37 föräldrarna
853 872 61 28 äro
950 865 87 35 eller
1063 867 120 45 någon
1209 867 100 45 gång
1336 863 93 36 varit
1455 862 186 36 trolovade
1668 863 12 34 i
1707 862 72 35 den
1809 863 154 46 mening

350 916 105 36 ordet
490 929 51 23 nu
580 915 80 44 fått,
690 923 40 28 är
756 915 62 36 det
846 914 78 36 fara
950 920 92 38 värt,
1071 919 53 31 att
1150 914 68 35 vad
1247 927 86 22 man
1362 914 154 48 hoppats
1545 914 113 34 vinna
1684 916 78 32 åter
1788 915 68 44 går
1884 911 75 36 för-

350 968 105 34 lorat.
510 966 70 36 Det
621 972 38 29 är
698 978 73 35 nog
811 968 50 41 så,
902 971 53 30 att
981 978 59 22 om
1068 966 205 47 någonting
1300 964 66 36 har
1394 965 99 34 makt
1520 968 53 31 att
1601 963 118 35 förmå
1747 963 215 35 människor

351 1023 54 30 att
432 1016 86 47 foga
545 1018 57 45 sig
628 1018 12 33 i
668 1017 211 35 samhällets
907 1016 159 47 ordning
1092 1015 12 35 i
1131 1014 178 37 avseende
1337 1018 20 32 å
1384 1014 249 47 äktenskapet,
1662 1017 38 32 så
1727 1020 41 29 är
1787 1013 62 35 det
1868 1012 86 36 hän-

351 1080 116 36 synen
506 1068 59 34 till
606 1067 148 35 barnen.
812 1066 68 36 Det
915 1066 104 36 torde
1045 1066 80 36 icke
1152 1064 57 37 för
1236 1065 71 35 den
1336 1078 77 23 som
1442 1064 212 47 föredrager
1681 1063 71 36 den
1781 1064 78 35 lösa
1887 1062 74 37 för-

351 1117 193 36 bindelsen
585 1123 99 30 möta
722 1118 67 34 allt
831 1116 59 36 för
928 1121 98 31 stora
1063 1116 225 48 svårigheter
1319 1121 54 30 att
1399 1122 90 41 göra
1515 1128 45 22 en
1588 1114 233 48 slutledning
1847 1113 112 37 sådan

352 1181 77 23 som
470 1167 135 36 denna:
647 1171 87 32 våra
772 1167 92 36 barn
897 1174 63 28 äro
988 1166 116 48 enligt
1130 1168 60 47 lag
1217 1167 95 43 äkta,
1341 1165 35 36 d.
1404 1179 32 21 v.
1465 1178 27 22 s.
1522 1166 90 34 barn
1639 1178 44 21 av
1709 1165 85 36 äkta
1823 1165 139 42 makar,

352 1219 107 35 alltså
485 1225 63 29 äro
576 1219 35 35 vi
639 1218 83 35 äkta
749 1218 136 35 makar.

488 1269 78 35 Den
606 1268 189 36 förmånen
836 1273 52 30 att
928 1280 103 23 anses
1072 1280 77 23 som
1189 1268 83 35 äkta
1298 1268 93 34 barn
1417 1265 105 36 torde
1549 1266 12 35 i
1589 1265 146 48 vanliga
1764 1264 65 36 fall
1858 1264 106 36 inne-

353 1320 97 35 hålla
477 1318 86 48 föga
591 1324 109 30 annat
727 1331 44 23 av
798 1319 94 35 realt
918 1318 109 35 värde
1054 1324 45 29 än
1127 1322 215 31 arvsrätten.
1396 1314 78 39 Och
1504 1329 85 22 man
1618 1316 68 35 kan
1707 1314 181 44 förmoda,
1901 1320 61 33 att

353 1369 162 36 avsikten
545 1369 83 36 med
657 1368 220 48 stadgandet
904 1369 209 47 egentligen
1141 1374 39 29 är
1207 1372 54 31 att
1287 1367 227 37 tillförsäkra
1540 1367 13 34 i
1571 1366 101 48 fråga
1690 1365 161 36 varande
1872 1365 89 35 barn

354 1425 138 30 arvsätt
518 1419 95 36 efter
639 1419 115 44 fader,
784 1422 120 33 såsom
933 1419 44 35 de
1005 1419 148 49 nyligen
1183 1417 70 37 fått
1281 1418 68 36 full
1379 1422 158 31 arvsrätt
1564 1415 93 38 efter
1684 1416 139 36 moder.
1879 1414 89 37 Merr

353 1471 65 34 vill
459 1482 83 23 man
583 1473 87 32 ernå
709 1470 102 35 detta
849 1475 88 30 utan
964 1474 54 30 att
1044 1467 167 37 våldföra
1238 1468 147 48 språket
1411 1468 67 35 och
1507 1472 88 30 utan
1624 1472 53 30 att
1703 1471 180 44 äventyra
1910 1471 54 31 att

355 1521 191 47 legalisera
578 1520 280 44 konkubinatet,
887 1523 40 32 så
954 1519 69 36 kan
1052 1519 63 36 det
1136 1519 43 46 ju
1207 1519 63 35 ske
1297 1531 135 35 genom
1460 1523 53 30 att
1541 1517 127 48 stadga
1694 1527 142 26 sanima
1863 1529 99 23 arvs-

356 1576 71 30 rätt
454 1569 58 37 för
539 1570 89 36 barn
657 1583 42 23 av
726 1570 190 36 trolovade
944 1569 179 36 föräldrar
1150 1582 77 23 som
1256 1569 59 36 för
1343 1569 89 35 barn
1461 1581 43 22 av
1531 1569 85 34 äkta
1643 1568 155 35 makar.»

489 1621 14 35 I
532 1621 201 47 anledning
763 1633 44 23 av
840 1622 249 34 motionärens
1117 1620 214 35 hemställan
1360 1620 67 35 bör
1453 1618 223 44 framhållas,
1704 1624 56 29 att
1788 1616 176 48 förslaget

354 1673 13 33 i
408 1671 68 36 den
517 1671 67 35 här
623 1671 155 36 berörda
819 1671 164 47 punkten
1024 1671 237 48 synnerligen
1302 1676 90 29 nära
1431 1670 165 34 ansluter
1623 1670 56 45 sig
1705 1669 59 34 till
1792 1667 174 48 gällande

355 1727 88 37 rätt;
484 1722 136 35 tanken
658 1729 39 27 är
736 1721 168 49 tydligen
938 1721 81 43 den,
1062 1726 52 30 att
1142 1721 70 35 den
1240 1733 73 36 nya
1340 1721 105 47 lagen
1474 1719 91 35 skall
1594 1720 122 34 lämna
1743 1717 133 48 frågan
1902 1726 61 27 om

355 1773 158 35 barnens
555 1771 92 36 börd
686 1775 39 33 så
764 1773 70 34 vitt
877 1772 144 47 möjligt
1061 1770 177 36 orubbad.
1294 1770 226 46 Visserligen
1561 1773 75 32 står
1671 1769 123 35 denna
1820 1767 143 47 fråga
1944 1763 24 60 i

355 1824 90 34 visst
473 1822 178 36 samband
681 1822 81 35 med
791 1823 215 47 spörsmålet
1033 1835 59 22 om
1121 1821 44 36 de
1192 1820 280 36 ofullkomnade
1505 1820 259 47 äktenskapen.
1820 1818 15 35 I
1864 1818 99 35 detta

355 1872 207 36 hänseende
602 1874 94 34 lärer
736 1872 62 36 det
838 1872 203 36 emellertid
1074 1872 32 47 ej
1137 1871 154 36 förhålla
1318 1872 57 47 sig
1401 1874 39 32 så
1467 1883 78 23 som
1576 1871 242 41 motionären,
1848 1881 43 23 av
1919 1868 48 35 de

356 1923 168 36 använda
563 1923 194 48 ordalagen
791 1928 56 30 att
876 1923 116 43 döma,
1022 1935 108 36 synes
1157 1935 96 28 anse,
1284 1927 53 30 att
1364 1922 185 46 nämligen
1578 1919 58 37 för
1663 1919 226 36 närvarande
1911 1924 53 29 ett

358 1979 102 30 utom
489 1973 197 48 fullgiltigt
714 1974 200 47 äktenskap
943 1972 71 36 fött
1041 1973 88 35 barn
1158 1985 86 23 vore
1272 1978 53 30 att
1353 1972 165 35 betrakta
1545 1974 118 32 såsom
1691 1970 82 35 äkta
1791 1970 96 46 blott
1907 1968 61 36 för

358 2024 60 35 det
447 2023 62 36 fall
538 2029 54 30 att
620 2023 231 36 föräldrarna
878 2031 62 28 äro
969 2022 172 37 förenade
1160 2025 11 33 i
1190 2027 53 31 ett
1262 2021 243 36 ofullkomnat
1523 2021 212 47 äktenskap.
1773 2019 111 36 Aven
1903 2032 58 23 oru

357 2075 88 48 efter
463 2075 148 35 barnets
629 2074 155 36 avlande
803 2073 109 47 följer
930 2074 208 47 trolovning
1156 2074 88 34 eller
1268 2070 321 50 äktenskapslöfte,
1610 2071 71 35 blir
1700 2071 130 35 barnet
1848 2070 117 46 enligt

357 2125 169 48 gällande
553 2126 71 45 lag,
653 2125 222 35 åtminstone
902 2126 12 33 i
942 2125 110 45 regel,
1073 2129 53 30 att
1144 2136 85 23 anse
1248 2127 119 32 såsom
1387 2123 93 43 äkta,
1501 2122 113 35 ehuru
1636 2134 44 23 en
1701 2121 105 49 dylik
1825 2119 141 37 förbin-

357 2176 99 35 delse
476 2174 107 36 faller
601 2175 76 35 helt
696 2175 67 35 och
783 2175 115 35 hållet
917 2177 46 45 på
980 2174 105 35 sidan
1105 2187 58 22 om
1183 2174 44 35 de
1246 2172 278 37 ofullkomnade
1540 2172 260 47 äktenskapen,
1817 2170 69 36 och
1901 2170 68 35 har

358 2231 52 30 ett
437 2225 91 36 barn
557 2226 115 35 avlats
699 2225 118 35 under
845 2223 321 49 äktenskapslöfte,
1194 2231 39 28 är
1260 2224 62 35 det
1350 2228 53 31 att
1431 2236 85 23 anse
1540 2226 118 32 såsom
1677 2223 95 43 äkta,
1794 2228 91 29 även
1904 2228 60 28 om
