2168 2642
717 174 224 41 Lagutskottets
964 174 162 32 utlåtande
1148 175 51 31 Nr
1221 177 56 29 32.
1714 177 36 31 61

185 260 153 36 modern
378 262 31 46 ej
452 262 65 34 vill
558 262 98 43 eller,
698 263 222 46 exempelvis
961 266 47 44 på
1035 262 121 48 grund
1183 276 43 22 av
1253 268 53 31 att
1334 275 159 24 mannen
1522 265 120 46 ingått
1669 265 127 36 äkten-

185 311 99 48 skap,
314 311 30 46 ej
375 311 68 35 kan
472 311 100 36 bliva
598 311 182 36 förklarad
809 311 58 36 för
895 312 90 36 hans
1014 314 84 34 äkta
1126 313 142 36 hustru.
1323 313 124 36 Redan
1480 314 118 47 enligt
1625 315 172 47 gällande

185 367 74 29 rätt
285 360 245 37 förekommer
557 362 156 36 sålunda
739 364 12 33 i
780 362 173 36 avsevärd
982 364 268 47 utsträckning,
1280 369 53 30 att
1360 364 91 35 barn
1480 371 63 28 äro
1562 370 53 30 att
1634 378 87 23 anse
1740 369 57 32 så-

184 423 79 23 som
291 412 94 43 äkta,
415 412 119 35 ehuru
562 411 227 36 föräldrarna
815 413 31 46 ej
876 419 62 29 äro
967 414 84 34 äkta
1079 414 132 35 makar.
1264 413 70 36 Om
1367 427 50 21 nu
1446 414 45 35 de
1518 414 279 37 ofullkomnade

185 461 245 47 äktenskapen
473 461 190 36 försvinna
690 475 45 22 ur
761 462 294 48 lagstiftningen,
1084 464 165 35 kommer
1277 464 99 35 detta
1405 463 231 37 förhållande
1663 466 132 34 visser-

185 512 98 46 ligen
312 516 53 30 att
392 511 149 35 inträffa
568 512 13 34 i
609 517 53 30 ett
689 517 118 30 större
834 513 99 34 antal
961 513 76 44 fall,
1062 514 68 34 och
1151 513 78 35 häri
1248 515 119 46 ligger
1385 515 256 45 otvivelaktigt
1660 527 45 22 en
1733 528 63 22 an-

184 561 153 47 ledning
363 566 54 29 att
445 568 191 41 överväga,
666 562 183 35 huruvida
875 563 91 42 icke,
987 566 118 32 såsom
1131 565 229 33 motionären
1379 576 112 30 avser,
1513 564 157 35 barnens
1690 570 108 30 rätts-

184 611 178 47 ställning
376 611 67 35 bör
456 611 221 36 bestämmas
697 616 46 43 på
762 617 110 30 annat
890 617 71 31 sätt
980 619 45 29 än
1047 613 142 35 hittills.
1220 613 127 36 Denna
1362 612 102 48 fråga
1483 615 95 34 lärer
1592 614 203 36 emellertid

185 661 43 47 ej.
259 662 75 34 låta
372 662 56 47 sig
454 662 96 35 lösas
576 675 133 34 genom
739 662 70 36 den
841 675 45 22 av
914 664 228 34 motionären
1171 662 208 47 föreslagna
1405 664 109 35 enkla
1541 665 174 47 åtgärden
1743 670 57 30 att

184 711 139 35 barnen
343 710 179 37 förklaras
542 713 310 46 arvsberättigade
868 716 119 32 såsom
1002 726 85 22 vore
1106 713 44 36 de
1165 714 94 43 äkta,
1282 714 101 35 detta
1396 714 112 36 redan
1525 728 43 22 av
1587 715 62 35 det
1667 716 129 43 skälet,

184 766 55 30 att
266 761 43 35 de
337 760 58 37 för
421 763 228 35 närvarande
676 763 79 35 icke
783 763 97 35 blott
906 765 12 33 i
946 764 302 43 arvshänscende,
1278 770 90 30 utan
1399 772 91 28 även
1519 765 11 35 i
1558 765 96 35 vissa
1680 766 118 35 andra

186 811 232 36 hänseenden
446 813 105 35 torde
578 814 125 47 intaga
730 826 46 22 en
804 826 119 22 annan
952 815 178 47 ställning
1156 821 45 29 än
1231 815 44 35 de
1304 820 103 30 utom
1427 816 238 47 äktenskapet
1684 815 114 36 födda

184 862 140 34 barnen
352 862 12 35 i
391 863 213 35 allmänhet.
659 864 77 34 Den
765 864 213 35 invecklade
1005 864 368 48 lagstiftningsfråga,
1398 865 64 35 det
1489 866 66 34 här
1581 867 125 44 gäller,
1744 873 51 37 är,

184 913 116 45 enligt
338 913 70 34 vad
441 914 180 34 utskottet
648 912 139 45 erfarit,
821 914 151 35 föremål
1002 913 58 36 för
1087 914 202 49 utredning
1314 917 101 33 inom
1442 915 312 49 lagberedningen
1783 918 13 33 i

184 962 62 35 det
286 963 277 48 sammanhang,
606 963 66 36 där
711 964 70 35 den
826 969 165 30 närmast
1031 964 66 35 hör
1136 965 157 43 hemma,
1334 967 188 46 nämligen
1562 967 13 33 i
1618 967 178 35 samband

185 1011 83 37 med
297 1012 127 49 frågan
466 1026 59 23 om
559 1014 110 35 barns
702 1014 92 35 börd
825 1015 69 35 och
926 1014 45 36 de
1003 1020 103 30 utom
1135 1016 200 47 äktenskap
1363 1015 111 36 födda
1501 1016 158 36 barnens
1687 1022 109 31 rätts-

185 1063 178 47 ställning
402 1070 88 29 över
529 1064 140 36 huvud.
724 1064 198 48 Meningen
964 1065 85 36 med
1082 1079 51 22 nu
1161 1065 280 48 ifrågavarande
1468 1067 258 35 bestämmelse
1754 1075 41 28 är

185 1113 179 48 tydligen,
404 1119 53 30 att
496 1114 71 36 den
608 1115 101 35 äldre
741 1120 140 31 rättens
914 1117 122 46 regler
1062 1119 47 45 på
1136 1116 121 36 denna
1283 1117 120 48 punkt
1429 1118 103 34 skola
1559 1116 154 37 fortfara
1739 1123 57 30 att

183 1165 99 47 gälla
307 1165 154 35 allenast
488 1166 12 34 i
527 1166 179 35 avvaktan
736 1169 45 44 på
808 1171 54 30 att
889 1167 251 47 nyssnämnda
1167 1167 393 48 lagstiftningsärende
1587 1169 131 34 vinner
1736 1169 57 35 sin

184 1215 157 46 lösning.
394 1214 124 49 Några
555 1216 294 48 betänkligheter
889 1215 82 37 från
1012 1217 116 48 saklig
1167 1218 193 48 synpunkt
1399 1223 100 31 emot
1531 1223 53 30 att
1610 1219 187 35 bibehålla

185 1265 71 35 den
284 1264 100 36 äldre
412 1271 139 30 rättens
578 1267 278 35 bestämmelser
881 1267 77 35 tills
985 1267 125 35 vidare
1138 1268 199 44 orubbade,
1358 1271 39 32 så
1414 1269 71 35 vitt
1503 1272 113 44 angår
1636 1269 161 36 barnens

184 1320 84 38 rätt,
309 1315 115 36 ehuru
466 1317 168 47 reglerna
674 1329 60 23 om
774 1316 44 36 de
858 1316 279 38 ofullkomnade
1177 1318 248 48 äktenskapen
1466 1326 63 28 äro
1556 1318 157 37 avsedda
1740 1324 56 31 att

184 1365 113 36 redan
324 1379 52 21 nu
403 1366 201 48 upphävas,
633 1367 105 35 torde
765 1368 79 34 icke
872 1373 109 37 möta,
1015 1368 96 35 hälst
1137 1381 60 22 om
1225 1368 71 36 den
1323 1381 92 23 ovan
1444 1367 231 38 framställda
1702 1380 93 37 upp-

183 1415 212 49 fattningen
439 1417 190 47 angående
673 1417 229 36 sistnämnda
947 1419 138 47 reglers
1134 1419 107 47 ringa
1285 1419 187 48 praktiska
1521 1419 189 50 betydelse
1755 1428 42 28 är

185 1467 124 47 riktig.
367 1466 152 49 Tydligt
558 1474 41 29 är
638 1469 108 34 också
785 1473 54 31 att
865 1468 71 35 vad
963 1481 50 23 nu
1042 1468 146 48 stadgas
1215 1482 60 23 om
1303 1470 214 48 trolovning
1544 1470 31 47 ej
1606 1469 57 37 får
1688 1483 109 23 anses

184 1516 185 49 föregripa
396 1530 45 22 en
470 1517 172 37 blivande
668 1517 238 49 lagstiftning
932 1532 60 22 om
1020 1519 159 36 barnens
1206 1521 284 47 rättsställning.

319 1668 93 35 Herr
439 1669 195 46 Lundgren
662 1683 47 22 m.
737 1670 37 35 fl.
803 1670 67 36 har
896 1672 11 34 i
936 1672 56 34 sin
1020 1671 252 37 ovanberörda
1299 1673 138 34 motion
1467 1671 140 37 anfört:
1805 1675 79 27 Herr
1906 1675 99 27 Lund-

319 1718 100 36 »Med
450 1719 203 46 anledning
679 1733 43 22 av
748 1720 137 49 Kungl.
913 1721 123 48 Maj:ts
1068 1723 228 47 proposition
1324 1736 44 21 nr
1398 1724 43 34 18
1470 1723 84 35 med
1582 1722 137 49 förslag
1737 1725 59 34 till
1812 1704 95 70 grenas.
1917 1704 40 70 m-
1965 1704 32 70 Jå
1995 1730 4 4 |

185 1771 62 44 lag
286 1781 59 23 om
386 1770 221 48 äktenskaps
636 1771 179 48 ingående
854 1771 68 36 och
965 1773 226 47 upplösning
1218 1786 47 22 m.
1295 1786 48 22 m.
1371 1774 119 35 tillåta
1516 1775 36 33 vi
1579 1786 59 24 oss
1666 1773 130 37 anföra

185 1818 180 49 följande:

319 1870 72 36 Det
431 1871 106 36 torde
577 1873 55 33 stå
662 1872 95 35 klart
784 1871 59 37 för
868 1873 100 47 varje
995 1874 139 43 socialt,
1164 1874 169 48 politiskt
1361 1874 89 35 eller
1478 1875 231 36 kommunalt
1736 1876 58 34 in-

185 1921 182 35 tresserad
396 1934 144 35 person,
569 1927 54 30 att
650 1923 174 35 tillvaron
853 1935 43 23 av
923 1928 54 31 ett
1005 1930 164 30 avsevärt
1197 1925 99 35 antal
1325 1937 27 23 s.
1380 1925 33 34 k.
1442 1926 80 34 lösa
1549 1924 247 37 förbindelser

185 1978 40 28 är
264 1976 53 30 ett
358 1973 147 47 mycket
545 1972 209 49 betydande
794 1974 250 36 samhällsont.
1111 1974 154 37 Särskilt
1304 1974 105 36 torde
1437 1975 44 36 de
1509 1988 43 23 av
1579 1976 214 49 riksdagens

186 2021 250 46 medlemmar,
466 2036 77 22 som
572 2025 118 47 syssla
718 2023 82 36 med
828 2025 238 35 kommunala
1085 2025 317 48 angelägenheter,
1422 2027 225 47 exempelvis
1666 2026 126 49 fattig-

185 2072 127 37 vårds-
352 2073 67 35 och
460 2073 349 50 barnavårdsfrågor
849 2088 48 22 m.
940 2089 61 29 m.,
1043 2076 46 35 ha
1116 2077 341 47 uppmärksammat
1484 2077 45 35 de
1557 2078 237 35 ekonomiska

184 2123 240 48 olägenheter
451 2123 60 36 för
538 2125 278 44 kommunerna,
845 2136 78 25 som
952 2126 104 36 dessa
1088 2125 245 37 förbindelser
1361 2126 177 37 medföra.
1592 2127 125 37 Såsom
1746 2141 45 23 en

185 2175 148 48 mycket
360 2174 210 49 betydande
597 2175 195 47 olägenhet
818 2175 174 37 framstår
1020 2176 71 36 den
1119 2177 195 48 svårighet,
1344 2176 57 37 för
1428 2182 55 31 att
1510 2178 32 47 ej
1572 2186 85 40 säga
1675 2180 118 45 omöj-

185 2224 125 48 lighet,
341 2237 76 23 som
448 2224 77 37 ofta
553 2225 189 45 förefinns,
772 2232 52 30 att
848 2225 119 38 förmå
985 2240 161 23 mannen
1167 2233 53 31 att
1239 2229 122 35 lämna
1380 2228 130 49 bidrag
1527 2230 59 34 till
1605 2228 189 49 familjens
