2170 2634
169 1610 150 28 Utskottet.

401 168 39 31 20
885 166 231 41 Lagutskottets
1139 165 158 31 utlåtande
1319 164 55 31 Nr
1394 166 55 29 32.

492 255 32 35 »I
566 254 99 36 detta
706 253 63 36 fall
802 255 126 34 kunna
949 254 43 46 ju
1033 254 87 46 inga
1159 252 279 49 rashygieniska
1477 252 77 35 skäl
1595 251 175 47 åberopas
1812 251 59 36 för
1910 256 53 31 ett

357 305 149 44 förbud,
548 311 90 30 utan
679 317 83 22 man
804 304 67 35 har
901 305 56 34 väl
986 304 134 34 skattat
1149 306 36 32 åt
1212 303 70 35 den
1312 301 293 36 hittillsvarande
1633 300 289 50 uppfattningen
1950 302 12 35 i

357 355 515 49 äktenskapslagstiftningen,
906 360 53 30 att
986 353 307 48 anständigheten
1313 352 137 36 krävde
1471 351 321 49 upprätthållande
1812 364 43 23 av
1874 352 91 36 ifrå-

356 407 206 47 gavarande
590 405 146 36 förbud.
790 403 80 37 Och
898 404 62 36 det
986 411 39 28 är
1065 404 32 46 ej
1141 404 75 35 min
1257 403 120 35 avsikt
1418 408 52 30 att
1510 404 12 34 i
1563 402 102 35 detta
1695 402 180 35 avseende
1901 406 63 44 på-

356 457 93 48 yrka
475 460 122 43 någon
625 456 161 47 generell
814 455 166 47 ändring.
1035 454 212 35 Emellertid
1278 454 126 35 kunna
1432 452 64 36 fall
1523 452 163 44 inträffa,
1714 452 47 35 då
1779 458 55 30 ett
1852 451 111 37 efter-

356 507 159 48 givande
555 520 45 21 av
640 505 173 36 förbudet
853 506 79 35 icke
971 517 87 23 vore
1086 504 58 36 för
1170 503 434 48 anständighetskänslan
1637 502 164 44 sårande,
1831 503 132 35 medan

357 558 82 35 dess
479 556 324 48 upprätthållande
844 563 41 28 är
924 569 44 22 en
1007 555 142 47 verklig
1176 554 206 48 obillighet.
1435 553 62 36 Ett
1525 554 167 47 exempel
1720 554 89 35 skall
1836 553 131 49 belysa

357 608 121 36 denna
505 608 76 34 min
615 606 253 49 uppfattning.

491 657 54 35 En
573 657 158 48 gammal
760 670 84 22 man
872 657 67 34 har
965 659 46 44 på
1038 655 238 36 dödsbädden
1304 654 175 36 bönfallit
1505 654 59 35 sin
1592 667 100 33 unga
1715 653 250 36 husförestån-

356 709 155 35 darinna
538 721 59 22 om
624 713 54 30 att
705 707 36 36 få
767 709 102 45 vigas
897 706 63 36 vid
987 706 119 35 henne
1124 725 49 4 —
1192 705 60 36 det
1271 706 120 35 skulle
1409 704 160 48 förljuva
1589 705 91 34 hans
1703 705 89 34 sista
1811 704 157 36 stunder

356 759 67 36 och
454 759 71 34 hon
551 759 101 47 finge
679 758 57 35 del
764 760 13 33 i
806 758 89 35 hans
923 756 266 47 förmögenhet.
1244 756 83 35 Hon
1356 756 242 47 tillmötesgår
1629 754 334 48 framställningen.

355 809 143 47 Längre
538 808 95 36 fram
674 812 152 45 uppstår
854 809 135 34 mellan
1017 808 119 34 henne
1162 807 67 35 och
1257 819 45 22 en
1327 807 187 46 jämnårig
1540 818 67 23 son
1634 806 58 34 till
1720 804 71 36 den
1820 804 147 36 avlidne

356 864 53 30 ett
435 860 119 48 tycke.
610 859 52 35 De
701 859 120 35 vända
862 860 57 46 sig
957 858 58 35 till
1042 863 148 42 prästen
1224 856 56 37 för
1308 861 53 30 att
1388 861 84 42 taga
1499 860 40 31 ut
1565 856 151 48 lysning
1738 868 83 22 men
1850 860 117 31 mötas

356 910 66 35 där
457 923 44 22 av
542 909 305 44 underrättelsen,
889 913 54 31 att
970 908 200 46 äktenskap
1199 907 80 35 dem
1309 908 155 34 emellan
1492 913 40 28 är
1559 905 199 47 förbjudet.
1791 928 1 4 -
1814 905 84 35 Hon
1926 913 43 27 är

352 961 45 46 ju
437 965 165 44 styvmor
642 960 56 35 till
738 961 57 34 sin
836 958 214 36 tillämnade
1078 958 116 35 make.
1250 957 162 36 Frukten
1440 970 42 22 av
1510 956 103 36 deras
1642 955 227 36 förbindelse
1895 956 72 34 blir

356 1011 103 35 barn.
515 1010 54 36 De
608 1010 37 35 få
683 1010 119 35 tillika
843 1009 240 36 meddelande
1119 1021 60 22 om
1206 1013 54 30 att
1287 1007 103 36 detta
1416 1008 92 34 barn
1535 1013 40 29 är
1601 1008 97 34 avlat
1723 1007 13 35 i
1764 1005 203 48 förbjudna

355 1061 71 42 led,
468 1061 67 35 och
577 1066 54 30 att
657 1060 231 36 föräldrarna
914 1060 45 34 ha
986 1064 143 43 strängt
1156 1057 106 37 straff
1285 1077 51 4 —
1363 1057 149 36 modern
1542 1057 96 36 ända
1665 1069 76 35 upp
1768 1057 57 34 till
1862 1059 19 31 4
1909 1059 59 33 års

356 1110 231 37 straffarbete
614 1130 49 4 —
690 1116 53 30 att
781 1116 122 38 vänta,
941 1122 58 23 om
1028 1109 45 35 de
1102 1110 49 34 bli
1179 1109 153 36 åtalade.
1387 1108 53 35 De
1468 1107 152 36 förhöra
1647 1108 56 47 sig
1729 1120 60 22 om
1818 1106 149 48 möjlig-

355 1162 152 35 heterna
547 1166 54 30 att
645 1161 266 48 dispensvägen
938 1159 37 37 få
1002 1161 57 34 sin
1087 1159 224 36 förbindelse
1338 1158 228 48 legaliserad.
1621 1157 84 36 Men
1733 1157 44 35 de
1804 1156 41 36 få
1872 1162 93 37 veta,

356 1218 53 29 att
450 1212 131 35 sådant
612 1212 31 46 ej
677 1215 65 43 går
769 1211 59 36 för
855 1212 67 47 sig.
976 1210 61 35 Ett
1064 1215 144 42 strängt
1235 1208 108 37 straff
1367 1210 137 46 hänger
1530 1221 80 22 som
1638 1221 45 22 en
1710 1207 150 48 ständig
1887 1206 81 36 fara

356 1270 85 28 över
481 1262 104 36 deras
626 1262 185 35 huvuden.
865 1261 153 35 Prästen
1058 1262 13 33 i
1111 1260 269 43 församlingen
1407 1260 67 34 och
1501 1260 83 42 alla,
1614 1271 79 23 som
1721 1259 121 34 känna
1869 1257 97 44 dem,

355 1313 173 43 vitsorda,
570 1318 53 29 att
663 1312 44 36 de
735 1320 63 28 äro
826 1313 238 47 synnerligen
1093 1310 290 48 aktningsvärda
1410 1310 224 40 människor,
1663 1309 182 45 innerligt
1872 1307 97 36 fästa

355 1363 63 36 vid
444 1363 183 35 varandra
653 1364 66 34 och
747 1363 61 36 vid
836 1363 145 42 barnet;
1009 1363 13 33 i
1049 1361 155 48 djupare
1232 1361 151 47 mening
1409 1367 41 28 är
1476 1360 104 35 deras
1608 1359 232 36 förhållande
1868 1372 100 22 mera

356 1414 135 46 sedligt
518 1420 46 28 än
592 1416 132 45 många
751 1413 167 48 kyrkligt
945 1412 212 47 välsignade
1183 1412 212 46 äktenskap.

492 1464 193 47 Exemplet
724 1465 12 33 i
778 1462 106 47 fråga
922 1464 96 34 visar
1059 1463 116 47 enligt
1214 1463 77 34 min
1333 1460 252 49 uppfattning,
1629 1465 53 30 att
1717 1461 106 46 lagen
1852 1459 117 35 borde

356 1521 124 41 öppna
520 1526 46 23 en
593 1514 194 47 möjlighet
824 1512 59 36 för
910 1513 133 47 Kungl.
1072 1512 105 48 Maj:t
1203 1517 65 38 att,
1296 1519 68 27 när
1391 1511 214 49 synnerliga
1632 1510 77 35 skäl
1736 1510 129 35 därtill
1893 1516 74 37 äro,

355 1565 213 47 dispensera
593 1563 82 36 från
702 1564 311 35 bestämmelsen.»

492 1614 187 36 Utskottet
717 1615 119 34 håller
872 1613 205 36 emellertid
1105 1612 90 44 före,
1224 1617 51 31 att
1303 1612 194 46 förslagets
1524 1611 230 48 ståndpunkt
1782 1618 94 27 även
1903 1610 67 35 här

357 1664 179 47 förtjänar
567 1664 193 36 företräde.
815 1663 228 47 Visserligen
1070 1664 136 42 kunna,
1235 1666 119 32 såsom
1383 1664 12 33 i
1423 1662 188 35 motionen
1639 1660 224 43 framhålles,
1892 1673 77 23 ras-

356 1716 219 48 hygieniska
615 1716 77 34 skäl
733 1715 65 35 här
838 1714 31 46 ej
912 1715 175 46 åberopas
1119 1713 56 35 för
1201 1718 53 31 ett
1281 1712 147 36 förbud.
1481 1711 85 36 Men
1594 1713 12 33 i
1630 1716 153 30 motsats
1810 1711 59 35 till
1897 1710 70 36 vad

356 1766 202 35 händelsen
591 1772 39 28 är
657 1764 228 36 beträffande
913 1764 45 35 de
984 1776 88 37 nyss
1099 1763 102 36 förut
1227 1762 155 37 berörda
1409 1761 124 45 fallen,
1558 1768 90 41 göra
1674 1763 56 46 sig
1757 1762 66 34 här
1850 1761 121 35 etiska

355 1816 145 48 hänsyn
541 1815 83 36 med
652 1821 75 30 stor
753 1815 129 49 styrka
909 1814 180 48 gällande.
1143 1814 106 47 Höga
1272 1814 117 35 etiska
1414 1813 134 35 värden
1576 1813 120 35 skulle
1722 1812 89 35 råka
1837 1812 13 34 i
1878 1810 91 44 fara,

355 1879 59 22 om
444 1867 226 46 exempelvis
698 1879 45 22 en
771 1878 86 22 man
886 1866 117 34 skulle
1031 1869 83 31 veta
1142 1865 56 48 sig
1217 1865 91 35 hava
1327 1863 191 48 möjlighet
1538 1868 53 30 att
1608 1863 113 35 vinna
1739 1862 57 35 sin
1816 1862 153 35 hustrus

355 1916 123 36 dotter
517 1916 80 35 från
639 1921 52 30 ett
721 1915 222 48 föregående
970 1915 200 47 äktenskap
1197 1915 56 35 till
1282 1914 125 42 maka;
1434 1913 69 36 vad
1530 1913 104 35 förut
1661 1917 99 41 sagts
1786 1925 62 22 om
1876 1911 92 36 nöd-

355 1966 247 48 vändigheten
630 1972 63 38 att,
721 1969 39 32 så
787 1968 103 45 långt
917 1966 62 35 det
1007 1969 45 44 på
1070 1964 304 49 lagstiftningens
1394 1970 69 42 väg
1483 1964 70 34 kan
1573 1964 75 42 ske,
1668 1963 86 35 söka
1773 1961 195 37 förhindra

356 2022 53 30 att
449 2017 263 35 könskärleken
752 2018 132 34 vinner
923 2017 122 45 insteg
1086 2016 133 34 mellan
1259 2015 96 43 dem,
1384 2027 77 22 som
1489 2013 150 36 tillhöra
1665 2026 139 23 samma
1831 2012 135 47 familj,

356 2074 86 41 äger
482 2067 64 35 här
585 2068 57 34 sin
679 2066 92 36 fulla
811 2066 271 48 tillimplighet.
1138 2066 70 35 Det
1247 2066 65 34 här
1351 2063 255 49 föreliggande
1642 2063 219 48 stadgandet
1888 2063 78 35 är
1945 2059 24 60 i

356 2118 116 46 själva
498 2118 124 34 verket
649 2122 53 30 att
728 2117 167 35 betrakta
918 2120 116 32 såsom
1056 2121 52 31 ett
1126 2117 135 46 viktigt
1279 2115 60 36 led
1358 2116 12 33 i
1390 2115 157 49 skyddet
1567 2113 57 36 för
1643 2114 60 35 det
1722 2111 245 51 uppväxande

356 2168 150 35 släktets
531 2167 151 48 andliga
708 2167 113 36 hälsa.
875 2166 243 49 Naturligtvis
1147 2167 122 34 kunna
1297 2165 66 36 fall
1391 2166 138 43 tänkas,
1555 2164 46 36 då
1628 2177 50 22 nu
1698 2164 161 35 nämnda
1879 2163 89 35 eller

356 2218 114 35 andra
510 2218 177 35 likartade
727 2218 142 48 hänsyn
910 2218 31 47 ej
972 2224 67 39 äga
1064 2217 247 47 tillämpning,
1341 2228 83 23 men
1452 2218 113 45 något
1591 2215 159 46 verkligt
1777 2214 119 35 behov
1922 2226 44 22 av
