2162 2663
388 180 40 31 14
770 177 403 33 Konstitutionsutskottets
1204 175 174 33 Utlåtande
1403 176 64 32 N:o
1490 178 27 29 7.

342 260 138 37 endast
508 273 47 23 en
585 258 201 37 minoritet
814 257 42 37 af
879 257 290 48 befolkningen,
1200 259 124 33 såsom
1346 256 227 48 tillräckligt
1589 255 353 50 bevillningsstark,

341 312 152 38 erhållit
521 312 152 47 valrätt,
704 316 101 31 samt
832 309 412 49 bevillningssiffrorna
1273 308 85 37 från
1388 309 84 37 stad
1502 309 71 36 och
1599 308 79 37 från
1709 308 88 37 land
1813 308 129 37 kunde

340 379 51 36 ge
420 365 210 49 anledning
673 363 56 37 till
772 364 88 38 vida
895 368 125 31 större
1053 362 304 50 representation
1387 362 58 36 för
1473 361 193 47 städerna,
1696 366 47 31 än
1773 361 72 37 den
1874 374 68 23 nu-

341 418 179 49 varande,
551 432 87 23 men
664 417 175 37 deremot
862 415 439 49 folkmängdssiffrorna,
1337 414 171 50 ensidigt
1536 414 236 48 betraktade,
1802 414 99 49 peka
1929 413 14 36 i

341 476 159 31 motsatt
542 470 184 49 rigtning,
774 472 40 33 så
855 481 113 23 anser
1004 469 70 47 jag
1119 470 94 33 1866
1256 470 60 32 års
1344 467 91 48 plan
1464 467 234 36 härutinnan
1727 472 137 42 utgöra
1892 479 48 22 en

341 522 148 51 lycklig
515 522 222 49 medelväg;
770 521 70 37 och
869 534 59 23 om
958 520 65 50 jag
1057 525 46 31 än
1133 532 111 24 anser
1273 518 201 37 tillväxten
1504 519 42 36 af
1570 518 144 37 antalet
1742 517 197 50 riksdags-

341 581 88 31 män
457 576 59 36 för
558 576 181 37 städerna
775 574 92 37 böra
895 573 211 48 begränsas
1136 572 225 37 hädanefter
1389 585 103 23 mera
1522 576 48 32 än
1600 571 149 47 hittills,
1779 571 70 36 har
1871 571 71 49 jag

341 628 97 37 dock
481 633 104 43 trott,
630 632 55 32 att
731 627 137 36 sådant
909 625 129 36 beslut
1071 624 85 37 icke
1184 625 69 36 bör
1283 624 143 36 erhålla
1451 624 213 36 retroaktiv
1692 624 147 36 verkan
1869 623 71 36 och

340 680 149 37 således
519 681 33 48 ej
584 680 64 37 det
676 679 224 38 nuvarande
932 678 144 36 antalet
1092 678 418 47 stadsrepresentanter
1527 677 11 35 i
1556 676 131 36 Andra
1708 676 231 36 Kammaren

342 732 182 36 minskas.
581 733 55 37 Ur
665 732 119 36 sådan
814 729 200 50 synpunkt
1043 729 122 36 skulle
1190 729 68 48 jag
1287 728 128 36 kunna
1446 728 132 36 förena
1607 728 81 48 mig
1708 741 59 22 om
1785 727 64 36 det
1864 728 76 35 för-

340 785 97 48 slag,
467 798 81 23 som
578 784 213 37 framstälts
819 783 12 36 i
860 781 241 38 reservation
1131 781 41 37 af
1203 781 130 36 herrar
1368 781 233 49 Hallenborg,
1630 794 65 23 von
1724 780 216 36 Ehrenheim

340 838 71 37 och
448 838 274 35 Wachtmeister.
1257 860 2 3 .
1875 853 2 2 /

467 1098 100 36 Herr
596 1097 146 36 Samuel
769 1094 160 39 Johnson
945 1096 68 36 har
1040 1096 136 47 begärt
1208 1094 35 36 få
1271 1094 244 46 antecknadt,
1549 1099 55 30 att
1632 1093 76 36 han
1737 1093 12 36 i
1778 1092 93 48 följd
1897 1091 45 37 af

338 1150 174 49 ledighet
539 1150 82 36 från
651 1147 545 50 riksdagsmannagöromålen
1227 1147 98 35 varit
1354 1146 161 37 hindrad
1542 1151 56 31 att
1626 1146 153 47 deltaga
1801 1145 10 35 i
1829 1145 104 36 detta

340 1203 161 36 ärendes
533 1200 248 50 behandling.

528 2347 271 1 STOCKHOLM,
818 2337 98 56 ISAAC
935 2343 145 40 MARCUS
1098 2341 495 44 BOKTRYCKERI-AKTIEBOLAG,
1622 2355 73 24 1887.
