1896 2760
294 165 19 28 4
604 167 123 30 Första
748 168 244 37 lagutskottets
1012 170 179 32 utlåtande
1211 182 42 20 nr
1272 173 38 29 21
1333 174 39 29 år
1393 175 84 28 1962

294 253 180 32 inkomma
499 254 79 31 från
603 256 349 37 nykterhetsnämnd.
979 259 108 31 Dessa
1113 261 171 30 nämnder
1309 263 133 30 avfatta
1468 264 176 37 nämligen
1671 266 105 36 regel-

293 297 145 38 mässigt
462 299 77 30 sina
562 299 302 40 framställningar
886 303 44 37 på
955 303 125 31 sådant
1104 305 78 35 sätt,
1208 307 52 30 att
1284 308 270 36 sagesmännens
1579 309 161 30 identitet
1765 310 9 29 i

293 342 163 37 ömtåliga
483 343 62 30 fall
570 344 38 29 är
634 345 169 37 skyddad.
831 347 228 31 Annorlunda
1085 348 168 31 förhåller
1278 350 57 31 det
1361 351 52 37 sig
1438 352 78 30 med
1543 352 42 30 de
1611 349 163 45 ärenden,

293 394 73 22 som
387 387 277 38 anhängiggöras
684 398 44 21 av
747 390 303 39 polismyndighet.
1072 393 13 29 I
1106 393 101 31 dessa
1228 395 152 30 ärenden
1400 396 122 37 plägar
1542 397 234 39 utredningen

293 430 175 31 redovisas
491 432 11 29 i
526 432 91 31 form
640 442 43 21 av
706 434 199 38 sedvanliga
928 436 406 39 polisförhörsprotokoll
1359 440 78 29 med
1463 448 202 30 noggranna
1689 451 85 28 upp-

291 475 104 37 gifter
417 485 58 21 om
496 476 94 31 vilka
612 486 76 21 som
710 478 98 30 hörts
830 479 64 30 och
916 480 66 30 vad
1004 490 62 21 var
1087 482 66 29 och
1177 491 43 21 en
1242 483 159 32 berättat.
1425 485 66 29 Det
1513 485 39 29 är
1575 486 126 38 tydligt
1724 489 51 28 att

291 519 256 38 handlingarna
568 521 10 30 i
599 522 101 30 dessa
721 523 153 30 ärenden
892 541 45 5 —
956 524 74 31 ofta
1051 526 38 29 är
1110 526 58 30 det
1188 527 64 29 här
1273 527 98 38 fråga
1392 537 57 21 om
1472 529 126 38 farliga
1619 531 155 30 alkohol-

291 564 247 37 missbrukare,
566 574 74 22 som
666 567 79 30 med
772 568 59 36 fog
855 568 121 31 kunna
1002 572 145 35 antagas
1172 571 142 30 komma
1341 574 50 28 att
1418 574 105 30 utöva
1551 571 223 45 repressalier

290 611 71 28 mot
377 609 316 37 uppgiftslämnare
708 629 45 4 —
768 612 111 30 måste
894 613 47 30 bli
959 613 145 31 föremål
1123 615 56 29 för
1196 616 149 30 särskild
1363 618 314 36 uppmärksamhet
1694 620 80 30 från

291 653 266 37 länsstyrelsens
583 654 76 31 sida
684 664 43 21 ur
752 665 48 21 nu
825 657 267 37 ifrågavarande
1119 660 227 37 synpunkter.
1373 661 122 31 Denna
1520 663 172 38 prövning
1719 664 55 30 får

290 698 144 36 givetvis
459 699 76 30 icke
560 699 188 37 begränsas
774 701 52 29 till
855 701 130 31 sådana
1012 703 71 35 fall,
1111 703 63 30 där
1200 704 58 30 det
1283 706 236 37 uttryckligen
1545 708 150 36 angivits
1724 711 49 27 att

288 742 70 30 viss
379 750 183 29 sagesman
580 743 76 31 icke
673 744 61 33 vill
754 745 35 30 få
810 745 59 30 sitt
888 755 107 21 namn
1015 747 69 37 röjt
1104 747 55 30 för
1178 748 67 30 den
1263 750 172 31 anmälde.
1456 751 126 37 Många
1600 753 173 36 uppgifts-

288 786 157 31 lämnare
463 787 98 31 torde
578 788 76 30 icke
673 789 162 30 närmare
854 790 118 32 känna
991 791 53 30 till
1063 791 439 39 delgivningsförfarandet
1522 796 9 29 i
1553 796 101 30 dessa
1675 797 97 30 ären-

289 830 66 31 den
375 831 65 30 och
461 832 80 38 taga
562 832 176 31 måhända
762 833 54 30 för
836 836 90 35 givet
948 836 50 30 att
1019 835 100 31 deras
1141 846 108 20 namn
1270 838 75 30 icke
1366 838 160 31 kommer
1548 841 52 29 till
1623 841 67 30 den
1712 851 60 20 an-

288 875 131 30 mäldes
444 876 208 32 kännedom.
678 878 65 29 Det
768 879 70 29 kan
862 880 105 30 också
992 881 80 30 bero
1097 882 45 36 på
1167 882 253 38 tillfälligheter
1444 893 57 20 om
1527 885 245 37 uppgiftsläm-

289 928 125 22 narens
440 921 136 30 Önskan
601 923 51 29 att
677 931 81 21 vara
787 932 150 28 anonym
965 925 94 29 inför
1083 926 68 29 den
1176 927 161 30 anmälde
1362 928 159 30 kommer
1548 930 52 29 till
1629 931 143 29 särskilt

288 965 140 36 uttryck
454 965 10 29 i
491 965 360 38 förhörsprotokollet.
878 968 94 30 även
997 978 56 21 om
1080 970 110 30 sådan
1217 971 135 30 önskan
1379 973 208 30 antecknats
1614 974 55 30 får
1695 975 77 30 icke

287 1009 259 37 länsstyrelsen,
566 1010 115 30 såsom
700 1011 96 30 förut
814 1012 221 36 framhållits,
1055 1016 87 28 utan
1159 1015 118 30 vidare
1295 1016 148 37 godtaga
1462 1018 205 30 densamma
1686 1020 85 29 utan

286 1053 110 30 måste
422 1054 108 37 pröva
556 1054 173 31 huruvida
756 1056 76 37 laga
860 1057 294 39 förutsättningar
1181 1059 55 30 för
1263 1060 222 39 tillämpning
1512 1071 43 21 av
1583 1063 186 30 sekretess-

286 1098 309 31 bestämmelserna
614 1100 60 29 äro
694 1100 56 29 för
768 1100 149 32 handen.

331 1151 13 28 I
365 1151 42 30 de
428 1151 72 37 fall,
522 1152 43 30 då
586 1153 228 31 utlämnande
835 1155 52 29 till
909 1155 67 30 den
996 1156 162 30 anmälde
1179 1166 43 21 av
1242 1157 178 38 handling,
1443 1168 73 21 som
1539 1161 133 29 utvisar
1692 1170 77 21 vem

287 1204 73 20 som
383 1195 94 37 gjort
499 1197 164 30 anmälan
686 1198 84 29 eller
791 1208 76 20 vem
892 1208 73 21 som
988 1200 102 37 eljest
1112 1201 134 31 lämnat
1269 1203 221 38 upplysning,
1515 1205 78 29 med
1619 1205 58 36 fog
1700 1205 71 30 kan

285 1242 144 34 antagas
446 1241 158 30 medföra
620 1242 180 31 missbruk
816 1244 52 29 till
886 1245 109 30 skada
1013 1245 53 30 för
1083 1247 350 36 uppgiftslämnaren,
1451 1249 233 37 uppkommer
1702 1250 68 30 frå-

284 1292 67 29 gan
376 1286 11 28 i
411 1286 118 29 vilken
553 1287 245 39 utsträckning
824 1288 66 30 den
915 1290 161 30 anmälde
1102 1291 146 36 ändock,
1276 1294 86 28 utan
1387 1295 51 27 att
1465 1294 305 37 sekretesskyddet

286 1329 114 30 trädes
425 1330 56 29 för
504 1331 72 35 när,
599 1331 71 30 kan
692 1332 36 30 få
752 1333 54 29 del
828 1342 42 21 av
892 1334 160 30 lämnade
1075 1336 187 37 uppgifter.
1287 1337 12 28 I
1321 1338 93 30 vissa
1439 1338 62 29 fall
1524 1339 69 29 kan
1618 1339 56 30 det
1697 1340 71 29 må-

283 1373 115 31 hända
421 1384 85 21 vara
528 1376 214 38 nödvändigt
765 1380 51 27 att
837 1378 57 29 vid
919 1379 198 38 delgivning
1140 1381 72 29 helt
1235 1382 152 30 utesluta
1412 1383 186 37 uppgifter,
1626 1393 75 20 som
1724 1402 45 4 —

283 1419 86 29 även
388 1428 57 21 om
467 1420 42 30 de
528 1420 157 37 delgåves
705 1422 259 31 vederbörande
983 1426 86 27 utan
1089 1426 194 36 angivande
1303 1436 42 20 av
1366 1435 271 29 sagesmannens
1659 1438 108 21 namn

282 1479 44 5 —
348 1463 106 30 likväl
479 1465 112 29 skulle
615 1465 77 30 med
718 1467 162 29 säkerhet
904 1468 76 37 röja
1004 1468 130 31 dennes
1158 1470 169 31 identitet.
1360 1472 6 28 I
1391 1472 110 30 andra
1528 1473 61 29 fall
1614 1474 71 29 kan
1710 1474 57 29 det

283 1507 69 30 låta
380 1508 50 38 sig
458 1509 82 37 göra
567 1512 51 29 att
644 1510 134 37 delgiva
806 1512 213 37 handlingen
1045 1514 78 29 med
1152 1516 221 41 uteslutande
1400 1517 88 29 blott
1517 1527 42 19 av
1584 1518 71 29 viss
1684 1519 83 29 eller

282 1553 92 29 vissa
396 1553 97 30 delar
514 1554 116 31 därav.
652 1555 85 30 Ofta
760 1556 96 30 torde
879 1556 57 31 det
958 1558 192 30 emellertid
1173 1569 83 22 vara
1280 1560 213 39 nödvändigt
1515 1564 51 27 att
1589 1563 177 30 omskriva

283 1597 189 31 innehållet
496 1598 9 29 i
531 1598 284 38 förhörsutsagor
838 1608 123 29 genom
986 1603 233 36 upprättande
1244 1613 42 21 av
1311 1606 150 30 särskild
1486 1606 178 38 handling,
1691 1617 74 20 som

281 1657 45 6 —
340 1642 78 30 med
435 1643 247 31 utelämnande
700 1654 43 20 av
760 1645 349 38 förhörsprotokollet
1127 1648 9 29 i
1156 1649 148 37 angivna
1322 1650 96 29 delar
1433 1668 45 4 —
1494 1651 136 37 bifogas
1648 1652 118 38 Övriga

283 1686 217 37 handlingar.
525 1688 74 29 Hur
622 1697 82 21 man
728 1689 10 30 i
764 1690 56 30 det
843 1699 64 23 ena
931 1691 83 30 eller
1037 1692 110 31 andra
1171 1694 98 30 fallet
1292 1694 188 38 lämpligen
1503 1696 63 29 bör
1589 1697 177 36 praktiskt

283 1731 141 35 förfara,
446 1732 55 30 får
519 1732 142 37 givetvis
681 1734 47 29 bli
747 1734 171 31 beroende
935 1745 44 20 av
997 1737 342 38 omständigheterna
1359 1740 10 28 i
1389 1740 97 36 varje
1508 1741 142 31 särskilt
1671 1742 71 29 fall.

324 1776 65 30 Det
407 1776 63 29 bör
490 1777 191 30 emellertid
703 1778 216 37 framhållas,
940 1782 51 28 att
1011 1781 198 38 delgivning
1229 1790 123 29 genom
1373 1783 276 39 handlingarnas
1670 1786 94 30 över-

282 1820 185 30 lämnande
491 1838 46 5 —
560 1822 64 29 och
649 1823 145 30 därmed
821 1824 166 30 förenade
1014 1826 214 37 svårigheter
1253 1837 42 20 ur
1322 1829 337 38 sekretessynpunkt
1683 1848 45 4 —
1754 1832 10 29 i

280 1864 192 31 allmänhet
490 1866 98 30 torde
605 1866 121 31 kunna
744 1868 172 31 undvikas
935 1869 10 30 i
963 1870 161 37 ärenden,
1142 1880 120 21 varom
1281 1882 47 20 nu
1345 1873 40 30 är
1403 1874 108 37 fråga.
1530 1874 46 30 Är
1593 1875 76 35 den,
1690 1885 74 21 som

280 1909 157 30 ansökan
460 1919 108 26 avser,
594 1911 170 38 tillfälligt
788 1913 296 39 omhändertagen
1106 1933 46 4 —
1176 1916 37 30 så
1237 1917 39 29 är
1300 1918 126 30 nästan
1451 1919 98 30 alltid
1576 1920 98 29 fallet
1699 1922 65 28 när

279 1954 294 37 polismyndighet
592 1955 73 30 står
684 1964 75 22 som
780 1957 153 31 sökande
950 1976 45 4 —
1012 1959 65 30 och
1097 1960 176 30 anordnar
1292 1961 250 38 länsstyrelsen
1561 1964 11 29 i
1593 1965 169 30 samband

278 1998 78 30 med
385 1999 162 30 ärendets
575 2000 328 38 anhängiggörande
932 2003 121 30 förhör
1080 2004 79 30 med
1188 2005 267 37 vederbörande,
1486 2008 70 29 kan
1586 2005 177 45 nämligen

278 2043 106 37 enligt
412 2043 42 30 24
485 2044 15 34 8
530 2044 412 39 nykterhetsvårdslagen
981 2047 302 40 kommunicering
1322 2059 124 28 genom
1486 2049 275 46 handlingarnas

277 2087 269 31 överlämnande
571 2089 212 36 underlåtas,
811 2090 120 31 därvid
957 2092 191 31 innehållet
1173 2094 11 28 i
1208 2093 257 39 handlingarna
1492 2097 10 29 i
1529 2098 115 30 stället
1671 2099 89 30 skall

277 2131 269 38 tillkännagivas
565 2134 56 29 vid
644 2134 165 30 förhöret.
830 2136 117 37 Enligt
967 2137 65 29 vad
1052 2137 60 38 jag
1132 2138 57 30 vid
1211 2139 94 30 mina
1326 2140 240 37 inspektioner
1586 2143 175 31 inhämtat

276 2176 100 38 pläga
404 2178 291 36 länsstyrelserna
722 2179 106 30 också
856 2180 10 29 i
894 2190 47 20 nu
969 2182 151 30 avsedda
1149 2183 61 29 fall
1238 2184 183 31 underlåta
1451 2186 154 38 skriftlig
1634 2187 126 37 delgiv-

277 2220 83 39 ning
383 2221 56 30 för
460 2224 52 28 att
533 2222 10 29 i
566 2223 115 30 stället
702 2223 57 30 vid
783 2224 57 30 det
862 2224 130 36 förhör,
1017 2234 74 21 som
1114 2236 147 21 numera
1285 2229 238 38 regelmässigt
1546 2231 110 30 hålles
1680 2234 79 29 med

276 2265 260 31 interimistiskt
555 2267 298 39 omhändertagen
872 2269 390 38 alkoholmissbrukare,
1285 2272 54 30 för
1358 2274 112 30 denne
1490 2275 153 37 återgiva
1663 2277 96 30 inne-

275 2310 105 30 hållet
396 2311 9 29 i
423 2311 257 37 handlingarna
695 2312 79 30 med
792 2313 203 35 beaktande,
1013 2314 63 30 där
1092 2315 38 30 så
1147 2316 40 29 är
1203 2316 163 37 påkallat,
1385 2327 43 21 av
1444 2319 121 31 kravet
1582 2320 43 37 på
1645 2322 113 30 sekre-

275 2354 164 38 tesskydd
460 2355 55 30 för
532 2356 178 30 anmälare
728 2356 65 30 och
811 2358 325 37 uppgiftslämnare.

318 2439 12 29 I
355 2440 203 38 anslutning
582 2441 52 30 till
658 2440 90 31 JO:s
773 2442 204 30 uttalanden
1001 2444 141 30 anföres
1168 2445 9 29 i
1204 2446 190 30 motionen:
1422 2448 53 29 En
1500 2448 109 38 viktig
1633 2449 122 38 åtgärd
