1894 2766
435 168 124 29 Första
580 167 245 37 lagutskottets
846 166 178 29 utlåtande
1045 175 42 20 nr
1106 166 38 28 21
1167 165 38 29 år
1227 165 83 28 1962
1591 164 18 29 3

169 257 64 29 Vid
261 257 196 36 delgivning
484 265 43 21 av
552 256 429 36 ansökningshandlingar
1008 255 9 29 i
1045 255 127 29 ärende
1200 254 146 29 rörande
1374 253 235 36 tvångsintag-

126 302 82 36 ning
230 311 42 20 av
295 301 381 31 alkoholmissbrukare
700 301 39 28 är
761 300 250 37 länsstyrelsen
1036 299 146 30 sålunda
1207 298 136 37 skyldig
1366 299 51 28 att
1439 297 79 29 med
1543 296 66 29 till-

126 346 180 37 lämpning
333 355 42 20 av
403 345 292 37 sekretesslagens
723 354 90 20 ovan
840 344 149 37 angivna
1017 343 263 30 bestämmelser
1307 342 82 37 göra
1418 350 42 21 en
1489 341 121 36 avväg-

125 391 84 37 ning
228 391 128 29 mellan
375 391 19 29 å
414 399 64 21 ena
498 390 101 29 sidan
618 391 141 35 partens
779 390 147 28 intresse
946 390 51 28 att
1016 388 36 30 få
1072 388 54 29 del
1146 397 42 20 av
1208 386 403 37 utredningsmaterialet

126 436 65 29 och
209 436 19 29 å
246 435 109 30 andra
376 435 99 30 sidan
493 435 58 30 det
569 434 178 30 allmänna
765 434 65 29 och
851 431 158 32 en$kilda
1029 433 162 29 intresset
1210 441 42 20 av
1271 433 50 29 att
1340 439 174 29 personer,
1536 439 73 20 som

126 481 46 29 ha
197 480 253 37 upplysningar
474 481 51 28 att
551 479 117 29 lämna
694 479 10 29 i
731 479 119 33 saken,
876 478 117 29 känna
1020 478 52 36 sig
1096 476 251 30 oförhindrade
1372 477 50 28 att
1448 478 85 27 utan
1561 475 49 28 in-

127 525 218 36 skränkning
366 524 130 30 omtala
516 524 66 29 vad
605 523 42 30 de
668 523 45 30 ha
735 523 51 36 sig
807 523 129 29 bekant
957 522 64 29 och
1044 521 75 30 icke
1142 522 149 29 utsättas
1315 521 53 29 för
1393 520 218 36 repressalie-

126 569 161 38 åtgärder
304 569 80 30 från
401 567 425 32 alkoholmissbrukarens
844 567 85 29 sida.
949 567 11 28 I
979 576 47 20 nu
1044 566 150 30 avsedda
1212 565 152 30 ärenden
1382 564 98 30 torde
1499 564 112 37 spörs-

127 614 106 31 målet
256 613 238 38 regelmässigt
519 621 89 26 avse,
633 612 173 29 huruvida
831 611 197 37 delgivning
1052 610 62 30 bör
1139 611 59 28 ske
1222 619 42 20 av
1288 609 177 37 handling,
1491 617 119 21 varom

129 659 165 29 förmäles
318 659 11 28 i
355 659 39 29 14
421 658 14 34 8
462 657 110 30 andra
596 657 135 36 stycket
756 656 111 30 andra
890 655 159 38 punkten
1073 655 83 29 eller
1180 654 78 29 med
1282 654 110 29 andra
1416 653 62 30 ord
1503 653 109 29 hand-

128 704 80 36 ling,
229 712 75 21 som
323 702 133 30 utvisar
473 710 77 22 vem
572 710 74 21 som
665 700 92 38 gjort
777 700 164 30 anmälan
960 700 83 29 eller
1062 709 78 20 vem
1161 708 73 20 som
1254 698 101 37 eljest
1375 698 133 30 lämnat
1527 706 85 28 upp-

128 748 180 37 lysningar
324 748 11 29 i
353 746 152 31 ärendet.
524 745 265 37 Länsstyrelsen
807 745 65 29 har
889 744 147 30 sålunda
1054 744 64 29 här
1135 746 51 27 att
1203 743 155 34 bedöma,
1377 751 57 21 om
1453 742 159 37 grundad

128 792 189 37 anledning
340 792 115 29 finnes
478 792 52 29 att
554 793 125 34 antaga
702 792 51 27 att
776 790 77 34 den,
877 798 57 21 om
956 789 119 29 vilken
1098 788 165 29 anmälan
1285 788 111 37 gjorts
1420 787 83 29 eller
1528 795 85 28 upp-

128 838 180 36 lysningar
335 837 160 34 lämnats,
525 835 113 30 skulle
665 834 201 30 missbruka
894 834 199 29 kännedom
1122 833 10 29 i
1160 832 146 30 berörda
1334 831 197 30 hänseende
1560 831 52 29 till

130 882 108 30 skada
257 881 55 30 för
330 890 116 20 annan
464 889 138 28 person.
621 880 164 29 Befinnes
805 879 37 29 så
860 887 82 21 vara
962 878 99 31 fallet
1079 877 111 30 måste
1209 877 114 34 också,
1345 876 42 37 på
1408 876 69 30 sätt
1495 885 42 20 av
1557 875 57 30 det

130 927 94 29 förut
244 925 149 31 anförda
412 925 164 36 framgår,
599 923 253 36 förutsättning
871 923 55 29 för
945 922 222 37 tillämpning
1186 931 43 20 av
1249 921 39 30 39
1312 921 14 34 8
1349 920 109 31 andra
1479 920 135 37 stycket

130 972 9 29 i
159 971 90 36 regel
269 979 102 21 anses
389 978 83 22 vara
491 969 55 29 för
565 968 149 30 handen.

174 1020 65 29 Det
261 1020 63 29 bör
347 1018 191 31 emellertid
563 1017 264 36 understrykas,
851 1018 51 28 att
926 1017 48 28 ett
998 1014 248 31 utelämnande
1268 1014 57 30 vid
1350 1013 199 38 delgivning
1573 1022 42 20 av

129 1065 72 29 viss
220 1064 166 36 handling
406 1063 83 30 eller
508 1062 55 30 del
583 1062 107 29 därav
708 1061 75 30 icke
804 1061 55 29 får
879 1061 59 29 ske
959 1060 78 29 med
1058 1059 136 30 mindre
1214 1059 56 30 det
1292 1059 184 36 föreligger
1495 1057 119 37 objek-

130 1109 64 30 tivt
212 1109 76 29 stöd
308 1108 55 29 för
380 1107 195 37 antagande
593 1108 51 28 att
662 1106 66 29 den
747 1105 161 30 anmälde
928 1105 112 29 skulle
1058 1104 200 29 missbruka
1276 1103 244 29 kännedomen
1539 1102 76 29 där-

130 1163 57 20 om
207 1153 55 30 till
282 1152 108 31 skada
411 1152 55 29 för
485 1160 129 21 annan.
635 1151 65 29 Det
719 1151 111 29 måste
851 1149 102 30 alltså
974 1149 11 29 i
1005 1148 97 37 varje
1125 1148 141 30 särskilt
1287 1148 62 29 fall
1370 1154 88 30 noga
1478 1147 136 37 prövas,

131 1197 173 31 huruvida
331 1197 124 30 sådant
482 1196 77 30 stöd
586 1196 39 29 är
652 1195 54 29 för
732 1194 151 31 handen.
911 1193 133 30 Enbart
1071 1193 67 30 den
1164 1192 304 37 omständigheten
1494 1193 52 28 att
1573 1201 42 19 en

131 1242 315 38 uppgiftslämnare
461 1241 105 37 begär
583 1242 49 28 att
649 1240 35 29 få
700 1239 47 30 bli
765 1247 152 28 anonym
934 1239 39 29 är
990 1238 146 30 sålunda
1154 1238 76 29 icke
1248 1237 51 29 till
1317 1237 127 36 fyllest.
1475 1235 13 30 Å
1506 1236 110 30 andra

133 1287 100 30 sidan
253 1287 40 30 är
313 1286 121 30 härvid
456 1287 51 29 att
528 1285 133 34 märka,
684 1285 50 28 att
757 1284 57 30 det
837 1283 55 30 för
912 1282 247 30 utelämnande
1183 1282 79 29 från
1284 1281 199 38 delgivning
1505 1290 42 20 av
1568 1290 47 20 nu

131 1331 266 38 ifrågavarande
419 1330 211 36 handlingar
652 1328 75 30 icke
750 1328 177 29 erfordras
950 1328 51 28 att
1024 1327 57 30 det
1103 1326 164 30 befarade
1290 1326 213 29 missbruket
1527 1325 89 29 skall

131 1379 80 34 taga
232 1376 137 29 formen
391 1385 41 20 av
451 1375 272 36 våldsåtgärder.
746 1374 183 36 Uttrycket
952 1373 73 29 »till
1049 1372 109 30 skada
1180 1372 54 29 för
1256 1380 118 21 annan
1395 1379 146 28 person»
1567 1370 49 28 in-

131 1421 155 30 nefattar
304 1420 274 37 uppenbarligen
596 1418 136 30 mindre
751 1417 229 38 långtgående
999 1417 87 30 krav
1105 1416 9 29 i
1134 1416 98 37 fråga
1251 1424 56 21 om
1327 1414 290 37 repressaliernas

132 1464 246 31 beskaffenhet
396 1465 44 29 än
460 1464 64 29 när
543 1463 57 30 det
619 1463 11 29 i
650 1464 107 28 annat
777 1462 254 36 sammanhang
1050 1462 10 28 i
1083 1461 39 29 14
1145 1461 13 33 8
1179 1460 89 30 talas
1288 1469 55 20 om
1365 1459 77 30 fara
1461 1459 56 29 för
1539 1458 78 29 »nå-

132 1518 85 29 gons
239 1509 195 37 personliga
458 1508 194 30 säkerhet».
675 1507 187 29 Anmälare
884 1507 64 29 och
970 1505 314 37 uppgiftslämnare
1306 1503 140 37 åtnjuta
1470 1503 146 29 sålunda

133 1556 49 28 ett
200 1554 254 30 vidsträcktare
474 1551 351 38 anonymitetsskydd
847 1551 45 29 än
913 1552 23 29 t.
957 1559 51 21 ex.
1029 1550 119 29 läkare
1168 1550 64 29 och
1252 1548 258 37 vårdpersonal.

177 1608 59 30 Ett
263 1606 270 38 tillgodoseende
560 1615 42 20 av
631 1615 46 20 nu
705 1605 155 29 nämnda
887 1602 349 38 anonymitetsskydd
1266 1602 53 29 för
1347 1601 178 30 anmälare
1555 1601 62 29 och

134 1652 314 38 uppgiftslämnare
473 1650 151 30 behöver
649 1649 192 30 emellertid
868 1649 74 30 icke
968 1648 77 30 leda
1072 1648 52 29 till
1149 1650 51 27 att
1227 1646 254 30 sakinnehållet
1507 1646 10 29 i
1545 1646 74 29 des-

135 1706 57 21 sas
214 1699 142 34 utsagor
379 1695 246 36 undandrages
650 1695 66 29 den
739 1694 173 30 anmälde.
937 1693 65 29 Det
1027 1693 39 29 är
1090 1694 48 28 ett
1162 1692 147 37 primärt
1334 1690 284 30 rättssäkerhets-

134 1742 148 30 intresse
304 1741 55 29 för
380 1741 111 29 denne
515 1742 50 28 att
587 1739 131 30 erhålla
740 1738 184 37 möjlighet
944 1739 52 28 att
1017 1737 137 30 bemöta
1176 1736 65 30 vad
1265 1745 73 20 som
1362 1736 10 29 i
1395 1735 143 30 ärendet
1560 1744 59 20 an-

136 1786 122 38 drages
279 1786 73 29 mot
372 1785 140 30 honom.
534 1784 104 30 Detta
658 1784 147 29 intresse
829 1783 54 29 får
904 1782 120 30 därför
1045 1782 76 29 icke
1141 1798 44 4 —
1206 1780 64 30 och
1292 1781 94 29 detta
1407 1780 66 29 har
1494 1779 30 37 ej
1550 1779 70 29 hel-

135 1831 49 30 ler
206 1831 91 30 varit
319 1830 160 29 avsikten
500 1846 45 4 —
567 1828 195 36 onödigtvis
787 1827 209 30 åsidosättas
1021 1833 123 29 genom
1170 1824 449 31 sekretessbestämmelser-

136 1884 64 21 nas
224 1874 231 37 tillämpning.
481 1873 66 29 Det
572 1873 40 28 är
635 1872 118 29 vidare
779 1873 52 28 att
856 1871 132 34 märka,
1015 1872 52 28 att
1091 1869 217 30 bevisvärdet
1334 1878 42 20 av
1401 1877 43 20 en
1470 1868 148 36 uppgift,

135 1919 118 30 vilken
279 1919 66 29 den
374 1917 161 31 anmälde
562 1917 76 29 icke
665 1916 77 29 haft
769 1915 139 30 tillfälle
934 1916 51 28 att
1009 1915 94 36 yttra
1132 1914 49 37 sig
1208 1914 89 33 över,
1326 1913 9 29 i
1364 1913 191 29 allmänhet
1582 1913 40 28 är

136 1963 138 37 mycket
300 1963 107 37 ringa.
432 1961 65 30 Vid
523 1960 244 37 delgivningen
791 1960 112 29 måste
928 1959 121 29 därför
1072 1958 154 34 beaktas,
1254 1959 50 29 att
1330 1957 256 29 sakinnehållet
1610 1957 10 28 i

136 2018 44 20 en
200 2007 139 38 uppgift
358 2024 45 4 —
423 2006 55 29 för
498 2007 51 29 att
570 2005 120 29 kunna
713 2005 168 29 tillmätas
902 2003 176 36 betydelse
1098 2002 57 30 vid
1178 2002 160 30 ärendets
1361 2001 197 37 avgörande
1578 2018 45 3 —

137 2052 238 37 regelmässigt
395 2051 61 29 bör
476 2051 44 29 ha
542 2049 159 37 delgivits
722 2049 66 29 den
809 2047 160 31 anmälde
992 2048 36 29 så
1050 2048 50 28 att
1121 2047 69 29 han
1212 2047 66 29 fått
1298 2046 138 30 tillfälle
1456 2048 52 28 att
1528 2047 92 35 yttra

139 2097 51 36 sig
213 2096 154 30 däröver.
391 2096 65 29 Det
479 2095 39 29 är
540 2094 106 29 också
670 2093 10 29 i
703 2093 42 29 de
769 2093 102 29 flesta
896 2092 61 29 fall
981 2091 138 37 möjligt
1142 2093 50 27 att
1217 2091 68 29 låta
1309 2091 67 29 den
1399 2090 163 29 anmälde
1587 2090 34 28 få

138 2141 55 30 del
214 2157 45 5 —
281 2140 78 29 med
384 2139 109 30 större
518 2138 84 30 eller
625 2137 136 30 mindre
785 2136 205 36 utförlighet
1011 2153 45 4 —
1081 2144 41 20 av
1147 2135 254 29 sakinnehållet
1425 2134 11 29 i
1461 2134 162 29 lämnade

138 2185 260 37 upplysningar,
426 2185 86 27 utan
537 2184 52 27 att
615 2182 271 36 sagesmännens
912 2180 160 29 identitet
1098 2179 200 36 därigenom
1326 2178 102 35 röjes.
1456 2178 85 29 Lika
1568 2178 54 29 be-

138 2229 215 37 tydelsefullt
371 2236 73 21 som
463 2227 57 29 det
538 2227 38 28 är
594 2228 51 27 att
662 2225 178 29 anmälare
858 2224 64 29 och
940 2223 315 36 uppgiftslämnare
1274 2222 130 29 erhålla
1423 2222 58 29 det
1500 2222 121 35 skydd,

140 2282 74 21 som
239 2271 273 36 sekretesslagen
537 2271 39 28 är
601 2270 126 29 avsedd
753 2271 51 28 att
828 2269 217 29 tillförsäkra
1069 2268 89 34 dem,
1184 2268 70 29 lika
1278 2268 125 35 viktigt
1427 2268 38 28 är
1490 2268 57 29 det
1572 2267 51 29 så-

141 2317 106 30 lunda
273 2317 51 28 att
350 2317 141 35 partens
517 2315 70 30 rätt
614 2316 50 27 att
691 2313 34 30 få
752 2313 54 29 del
835 2322 41 20 av
903 2312 176 37 förebragt
1105 2311 187 37 utredning
1318 2311 77 30 icke
1421 2310 202 37 därigenom

139 2361 209 36 obehörigen
367 2359 193 30 inkräktas.

185 2414 67 29 För
281 2412 310 37 länsstyrelsernas
621 2411 54 29 del
706 2411 90 28 lärer
826 2409 228 30 förevarande
1086 2409 168 37 spörsmål
1287 2409 8 29 i
1327 2409 191 28 allmänhet
1551 2408 73 29 icke

140 2458 157 30 medföra
316 2456 221 37 svårigheter,
556 2456 64 29 när
637 2455 55 30 det
709 2455 107 36 gäller
834 2454 196 37 delgivning
1048 2463 41 20 av
1106 2453 426 37 ansökningshandlingar
1551 2462 72 19 som
