1899 2833
493 162 312 29 Bankoutskottets
821 161 179 30 utlåtande
1014 171 43 20 nr
1070 162 20 29 6
1103 161 40 30 år
1158 161 83 30 1970
1569 164 39 30 13

822 278 40 31 63
890 278 15 38 8

165 333 68 30 Till
257 333 225 30 bestridande
508 342 42 21 av
574 333 361 40 bankinspektionens
961 332 365 41 tillsynsverksamhet
1354 333 89 30 skall
1469 333 138 30 banken

122 378 131 40 årligen
268 378 138 39 erlägga
418 378 132 40 bidrag.

165 423 169 30 Närmare
353 423 222 30 föreskrifter
594 432 58 21 om
670 423 176 39 bidragets
867 423 131 30 storlek
1017 423 65 30 och
1102 432 57 21 om
1180 423 78 30 dess
1279 423 245 30 fastställande
1544 422 62 30 och

122 468 208 40 erläggande
342 468 178 30 meddelas
535 477 42 21 av
590 468 205 40 Konungen.

822 548 41 31 64
890 549 15 37 5

166 603 314 39 Styrelseledamot,
502 603 259 30 verkställande
782 603 156 30 direktör
960 604 82 29 eller
1064 612 117 20 annan
1202 603 216 39 tjänsteman
1439 602 65 30 hos
1525 603 82 29 ban-

121 648 68 29 ken
212 648 83 29 eller
316 647 161 40 förening
500 656 75 21 som
597 647 222 40 uppsåtligen
841 648 83 29 eller
946 657 42 21 av
1010 655 83 32 grov
1115 647 221 30 oaktsamhet
1358 648 138 28 lämnar
1517 647 90 30 orik-

120 693 50 39 tig
199 693 84 29 eller
309 693 236 29 vilseledande
573 692 139 40 uppgift
741 693 150 30 rörande
918 693 140 29 banken
1088 693 82 29 eller
1200 692 205 39 föreningen
1435 692 65 30 och
1530 693 78 29 dess

120 737 224 31 verksamhet
364 737 120 31 dömes
503 738 54 29 till
575 738 99 30 böter
694 738 83 30 eller
796 738 155 39 fängelse
969 738 12 30 i
1000 737 102 41 högst
1124 746 59 21 sex
1202 736 177 36 månader,
1401 746 57 21 om
1479 737 30 40 ej
1533 737 75 40 gär-

119 783 131 39 ningen
267 783 40 29 är
322 783 124 39 belagd
462 783 81 30 med
561 783 106 30 straff
683 783 12 29 i
712 783 251 30 brottsbalken.

167 918 123 29 Denna
306 918 56 39 lag
378 917 118 30 träder
512 918 13 29 i
543 917 96 30 kraft
657 918 67 29 den
744 917 14 29 1
778 917 66 40 juli
864 917 94 35 1970,
978 917 44 30 då
1040 917 250 39 förordningen
1314 916 117 35 (1955:
1450 917 78 33 110)
1552 926 56 21 om

124 962 153 37 Sveriges
296 963 175 29 allmänna
487 962 267 37 hypoteksbank
771 963 64 29 och
854 972 56 20 om
927 961 474 38 landshypoteksföreningar
1419 961 88 31 skall
1526 971 83 28 upp-

120 1007 89 30 höra
224 1009 51 28 att
291 1007 100 40 gälla.
408 1007 318 30 Bestämmelserna
740 1007 12 30 i
769 1007 29 35 3,
815 1007 30 35 4,
864 1007 19 30 6
900 1007 66 30 och
983 1007 16 30 7
1020 1006 38 38 88
1078 1007 89 30 skall
1184 1007 91 29 dock
1289 1006 179 40 tillämpas
1485 1006 56 30 för
1556 1006 53 30 tid

120 1052 81 30 från
219 1052 66 30 och
301 1052 82 30 med
399 1052 333 40 hypoteksbankens
751 1052 177 30 ordinarie
945 1051 424 40 delägarsammankomst
1387 1051 39 30 år
1446 1051 94 31 1970.
1560 1051 49 30 På

120 1098 116 29 denna
251 1097 114 40 väljes
383 1106 43 21 en
442 1097 153 30 ledamot
613 1097 66 30 och
697 1098 185 39 suppleant
900 1097 56 30 för
974 1098 48 29 ett
1040 1096 47 35 år,
1108 1106 41 21 en
1167 1097 154 29 ledamot
1339 1096 65 31 och
1423 1097 186 39 suppleant

121 1142 56 30 för
196 1142 59 30 två
275 1142 40 30 år
335 1142 66 30 och
422 1151 42 21 en
485 1142 154 30 ledamot
659 1142 65 30 och
746 1142 185 40 suppleant
952 1142 57 30 för
1028 1143 54 28 tre
1102 1141 48 30 år.
1173 1141 186 40 Samtidigt
1379 1141 139 41 upphör
1540 1141 69 40 gäl-

121 1188 103 30 lande
240 1188 160 40 uppdrag
416 1187 56 31 för
487 1187 81 31 vald
585 1187 152 30 ledamot
755 1187 65 30 och
838 1188 185 39 suppleant
1039 1187 13 29 i
1067 1187 159 30 bankens
1245 1187 154 39 styrelse.

167 1233 119 30 Staten
314 1233 119 29 ställer
460 1232 53 30 till
542 1232 208 39 förfogande
778 1241 42 21 en
849 1241 43 21 av
919 1232 399 39 riksgäldsfullmäktige
1345 1231 167 31 utfärdad
1541 1231 68 30 för-

121 1278 157 29 bindelse
296 1279 51 28 att
365 1279 175 37 gentemot
558 1277 212 29 innehavare
789 1286 42 21 av
849 1277 237 39 obligationer,
1107 1286 75 20 som
1201 1277 142 38 utgivits
1363 1286 42 20 av
1422 1276 188 40 hypoteks-

121 1323 140 29 banken
279 1322 75 30 före
370 1323 67 29 den
456 1322 14 30 1
489 1322 66 40 juli
575 1322 93 35 1970,
687 1331 101 21 svara
804 1322 55 30 för
876 1322 128 30 förlust
1021 1331 75 20 som
1113 1322 71 29 kan
1201 1322 217 39 uppkomma
1434 1321 46 40 på
1497 1321 112 39 grund

121 1376 43 22 av
181 1369 50 28 att
250 1367 39 31 12
307 1367 66 31 och
390 1367 42 30 34
452 1366 38 38 $$
510 1367 251 40 förordningen
779 1367 137 40 upphör
934 1368 51 29 att
1003 1367 100 39 gälla.
