1899 2839
266 175 39 31 12
638 171 313 31 Bankoutskottets
967 170 179 31 utlåtande
1160 179 43 21 nr
1216 170 20 30 6
1249 169 40 31 år
1304 169 84 31 1970

627 280 181 31 Särskilda
830 280 263 31 bestämmelser
1112 288 55 22 om
1189 278 197 40 garantilån

966 361 41 31 58
1035 361 15 38 $

310 418 253 30 Lånesökande
587 426 75 21 som
687 416 139 31 erhållit
851 416 117 40 statlig
992 415 217 41 lånegaranti
1234 416 72 29 kan
1329 415 147 40 beviljas
1502 414 58 30 lån
1584 414 87 30 även
1697 423 57 21 om

266 463 71 30 han
351 463 30 40 ej
399 463 81 40 äger
510 463 234 39 jordegendom
759 471 75 21 som
848 471 98 21 avses
959 462 12 29 i
984 461 42 30 40
1042 461 27 37 8.

308 509 14 30 I
339 509 116 30 stället
470 508 56 31 för
540 507 140 35 42—44,
697 507 40 31 47
755 508 65 30 och
835 507 42 30 48
895 507 37 37 88
952 507 107 40 gäller
1073 506 68 31 vad
1156 506 68 30 den
1240 505 141 40 statliga
1396 504 250 41 myndigheten
1663 504 90 30 före-

265 554 135 31 skriver
419 563 57 22 om
497 553 215 41 garantilåns
733 553 132 30 storlek
884 552 65 31 och
969 561 57 22 om
1048 551 198 41 skyldighet
1266 552 50 29 att
1337 551 104 30 ställa
1460 550 65 31 och
1545 549 209 31 underhålla

266 600 163 31 säkerhet
445 599 57 31 för
519 599 103 31 lånet.

310 645 152 40 Övergår
483 645 178 40 egendom,
685 653 75 22 som
782 653 98 21 avses
902 643 79 30 med
1003 642 206 41 garantilån,
1233 642 52 30 till
1307 651 47 31 ny
1376 642 102 40 ägare
1501 642 82 29 eller
1603 641 152 30 brukare

265 691 108 40 gäller
391 691 123 31 utöver
533 690 40 31 53
596 689 15 38 $
633 691 51 29 att
703 689 94 31 lånet
817 689 56 30 får
891 689 181 39 övertagas
1092 697 42 21 av
1153 688 67 30 den
1240 696 67 31 nye
1327 687 128 40 ägaren
1475 687 83 30 eller
1575 687 179 29 brukaren

265 737 125 30 endast
411 745 58 22 om
492 736 68 31 den
583 736 140 39 statliga
745 734 250 40 myndigheten
1017 733 176 40 medgivit,
1217 735 51 28 att
1293 732 242 41 lånegarantin
1560 732 89 30 skall
1673 740 81 22 avse

265 782 67 31 den
350 791 67 32 nye
435 782 147 40 ägarens
601 782 83 30 eller
700 781 196 30 brukarens
915 779 246 41 förpliktelser.

907 912 213 31 Reservfond

968 1003 41 30 59
1036 1003 16 37 8

311 1060 193 39 Förenings
517 1058 164 31 behållna
694 1058 152 30 årsvinst
861 1058 89 29 skall
964 1057 153 30 avsättas
1132 1056 52 30 till
1198 1065 43 21 en
1255 1055 213 31 reservfond.

312 1104 262 31 Reservfonden
593 1104 89 30 skall
701 1103 116 40 uppgå
835 1103 53 29 till
907 1103 89 39 lägst
1015 1104 48 28 ett
1081 1102 124 40 belopp
1226 1110 75 21 som
1321 1110 120 21 svarar
1459 1103 73 28 mot
1552 1110 42 20 en
1612 1103 144 38 procent

268 1159 42 21 av
323 1150 224 38 föreningens
563 1149 152 30 skulder.

312 1194 67 31 Om
401 1194 161 40 förening
584 1194 30 39 ej
639 1194 71 29 kan
732 1192 160 41 uppfylla
912 1193 11 29 i
946 1193 110 29 andra
1079 1192 134 40 stycket
1236 1191 137 40 angivet
1395 1191 95 35 krav,
1515 1191 89 29 skall
1626 1199 130 21 reserv-

267 1240 132 30 fonden
424 1240 243 38 sammanlagd
691 1239 80 29 med
795 1238 118 39 övriga
937 1237 220 39 föreningars
1182 1236 244 30 reservfonder
1450 1236 116 39 uppgå
1589 1236 53 29 till
1667 1236 89 39 lägst

268 1287 48 28 ett
334 1285 125 39 belopp
481 1293 75 21 som
578 1292 120 21 svarar
717 1285 74 28 mot
811 1292 43 21 en
873 1284 144 39 procent
1038 1291 42 21 av
1099 1282 158 30 bankens
1279 1282 152 29 skulder.
1453 1281 145 29 Banken
1618 1281 138 29 medde-

266 1330 53 30 lar
337 1329 228 40 anvisningar
582 1338 58 21 om
657 1328 269 40 tillämpningen
946 1337 42 21 av
1006 1328 115 29 denna
1138 1326 255 31 bestämmelse.

312 1375 14 29 I
344 1375 67 29 den
427 1374 83 30 mån
528 1374 179 38 förenings
725 1373 112 29 medel
855 1373 29 39 ej
905 1372 129 30 behövs
1050 1372 12 29 i
1080 1372 153 29 rörelsen
1252 1371 55 30 får
1324 1372 42 29 de
1383 1372 101 38 göras
1502 1371 254 29 räntebärande

267 1419 46 40 på
326 1421 48 28 ett
386 1419 236 40 betryggande
636 1418 78 30 sätt.

970 1497 40 31 60
1037 1497 15 37 8

313 1553 261 31 Reservfonden
591 1553 55 29 får
663 1553 143 29 komma
822 1552 189 39 delägarna
1026 1551 52 30 till
1096 1551 88 39 godo
1202 1551 122 30 endast
1341 1558 125 32 genom
1483 1550 136 30 lättnad
1636 1551 11 28 i
1664 1550 92 29 låne-

267 1599 172 30 villkoren
458 1598 106 39 enligt
581 1598 114 30 beslut
715 1606 75 21 som
809 1597 188 39 delägarna
1014 1596 45 40 på
1077 1596 132 39 förslag
1227 1605 42 21 av
1289 1596 169 39 styrelsen
1477 1595 118 30 fattar.
1615 1595 142 29 Reserv-

268 1643 132 30 fonden
422 1643 56 30 får
500 1643 90 30 dock
612 1642 179 30 användas
814 1642 56 30 för
892 1642 95 29 detta
1009 1641 164 30 ändamål
1197 1641 124 30 endast
1342 1641 10 29 i
1377 1641 66 29 den
1467 1640 82 30 mån
1573 1641 66 29 den
1663 1640 93 30 över-

269 1688 106 39 stiger
387 1688 59 30 två
458 1690 144 37 procent
617 1696 41 22 av
672 1687 224 39 föreningens
911 1687 152 29 skulder.

905 1820 221 30 Likvidation

970 1910 38 30 61
1038 1910 15 37 8

314 1965 66 30 Om
395 1965 220 30 förfarandet
628 1965 58 29 vid
699 1964 208 30 likvidation
921 1964 187 30 förordnar
1122 1964 204 39 Konungen.

426 2123 167 41 Tillsynen
609 2125 79 28 över
703 2122 296 42 hypoteksbanken
1015 2122 62 31 och
1093 2121 497 42 landshypoteksföreningarna

970 2205 41 31 62
1038 2205 15 37 8

313 2261 146 29 Banken
473 2260 65 30 och
551 2260 251 39 föreningarna
816 2260 71 29 står
900 2260 113 29 under
1025 2260 121 38 tillsyn
1160 2269 42 20 av
1214 2259 352 39 bankinspektionen.

312 2306 67 29 Vid
401 2305 230 30 meddelande
651 2314 43 20 av
714 2304 184 30 föreskrift
920 2304 82 30 eller
1023 2303 128 31 förbud
1171 2304 12 29 i
1206 2304 171 30 samband
1398 2304 81 29 med
1499 2304 166 39 tillsynen
1687 2303 69 30 kan

268 2350 343 40 bankinspektionen
625 2349 177 40 förelägga
814 2350 79 29 vite.

312 2395 120 30 Beslut
449 2395 12 29 i
480 2394 100 40 fråga
597 2404 58 20 om
673 2394 166 40 tillsynen
857 2394 122 30 länder
997 2394 214 30 omedelbart
1230 2394 53 29 till
1302 2393 240 35 efterrättelse,
1562 2402 57 21 om
1639 2393 30 39 ej
1692 2393 65 29 Ko-

268 2447 143 32 nungen
424 2439 188 30 förordnar
625 2441 118 28 annat.

313 2485 13 28 I
348 2484 111 39 övrigt
480 2484 179 30 meddelar
680 2484 194 39 Konungen
895 2484 163 29 närmare
1078 2483 264 30 bestämmelser
1363 2492 55 20 om
1440 2483 316 39 tillsynsverksam-

268 2529 114 30 heten.
