1878 2838
93 1506 129 24 Utskottet.

287 162 40 32 26
772 168 230 30 Statsutskottets
1024 171 147 28 utlåtande
1192 173 50 26 Nr
1265 169 27 32 6.

339 238 119 32 Under
492 240 59 31 det
584 243 48 29 att
664 241 232 33 kostnaderna
929 245 54 30 för
1016 244 186 33 inredande
1233 257 41 20 av
1301 247 293 41 expeditionsrum
1621 249 12 30 i
1655 249 133 32 botten-

285 289 167 42 våningen
476 301 42 20 av
540 291 223 33 förenämnda
785 293 264 43 flygelbyggnad
1072 295 273 33 slutamorterats
1369 297 66 32 den
1459 299 19 30 9
1495 299 136 41 augusti
1650 300 81 31 1932
1748 319 38 3 —

286 340 85 31 efter
392 340 114 32 vilken
531 341 50 31 tid
604 342 217 43 vederbörlig
842 344 84 41 hyra
949 345 55 31 för
1026 346 100 31 dessa
1141 346 131 32 lokaler
1289 358 40 20 av
1345 348 379 43 skogsvårdsstyrelsen
1741 362 46 20 er-

284 390 89 41 lagts
396 390 52 32 till
471 391 246 42 länsstyrelsen
743 412 38 4 —
804 394 43 31 ha
877 406 42 20 av
948 395 232 33 kostnaderna
1208 397 54 31 för
1288 398 65 31 den
1376 399 80 31 övre
1490 399 186 42 våningens
1699 400 88 32 iord-

285 440 254 42 ningställande
572 442 51 31 till
657 444 296 41 expeditionsrum
988 446 91 32 intill
1112 447 65 31 den
1207 449 14 29 1
1249 448 142 32 oktober
1416 450 81 31 1933
1520 452 201 30 amorterats
1750 454 38 29 så

284 491 141 41 mycket,
461 494 51 29 att
545 492 56 32 vid
623 494 149 31 nämnda
795 495 162 41 tidpunkt
981 496 396 43 skogsvårdsstyrelsens
1407 499 300 42 tillgodohavande
1739 504 49 29 ut-

283 541 118 41 gjorde
425 543 93 37 7,497
543 543 124 32 kronor
691 546 39 30 16
754 547 57 29 öre
833 546 104 41 jämte
962 549 50 29 ett
1034 547 126 43 belopp
1185 559 40 20 av
1248 550 62 31 500
1325 550 135 39 kronor,
1478 562 74 20 som
1569 547 218 50 skogsvårds-

284 592 167 41 styrelsen
463 593 135 40 jämlikt
623 595 127 41 Kungl.
775 596 114 41 Maj:ts
912 597 118 32 beslut
1052 598 65 31 den
1140 600 39 30 27
1204 611 91 20 mars
1312 601 80 31 1933
1415 601 149 32 utbetalt
1578 602 53 31 för
1645 602 143 42 ledning

284 642 63 31 och
370 643 151 32 kontroll
547 656 40 20 av
612 645 147 32 berörda
785 647 140 32 arbeten
948 648 12 31 i
984 648 67 32 den
1074 650 78 30 övre
1164 650 179 41 våningen,
1367 650 111 32 tillika
1500 652 78 31 med
1600 653 20 31 5
1642 656 144 38 procent

282 694 97 31 ränta
401 693 82 32 därå
513 695 73 31 från
619 696 307 43 betalningsdagen
951 699 67 31 den
1041 700 40 30 30
1104 700 138 41 augusti
1266 701 80 31 1933
1370 702 83 31 eller
1470 702 144 32 sålunda
1636 703 149 42 tillhopa

284 743 91 38 7,999
397 744 129 32 kronor
547 746 38 30 31
610 747 66 30 öre.

331 794 81 31 Med
445 795 186 42 anledning
664 808 41 20 av
739 799 51 30 att
823 798 380 43 skogsvårdsstyrelsen
1237 801 53 31 för
1322 802 275 41 tillgodoseende
1631 815 40 20 av
1705 804 81 32 ökat

281 843 205 33 lokalbehov
521 846 107 32 skulle
662 848 140 41 förhyra
831 849 91 31 lokal
950 852 44 39 på
1029 852 102 30 annat
1163 851 71 31 håll
1257 852 12 31 i
1293 852 130 38 staden,
1448 853 124 31 medan
1595 855 189 40 styrelsens

281 894 241 33 förutvarande
557 899 192 39 utrymmen
783 898 11 31 i
816 899 224 32 förevarande
1061 901 264 42 flygelbyggnad
1348 903 110 31 skulle
1482 905 96 40 tagas
1601 904 11 31 i
1635 906 150 40 anspråk

281 944 52 32 för
365 945 292 43 vägingenjörens,
692 948 268 42 länsstyrelsens
995 951 64 31 och
1091 951 112 32 länets
1237 952 400 34 kolonisationsnämnds
1660 955 123 39 behov,

279 995 251 42 bemyndigade
557 997 125 43 Kungl.
715 999 100 41 Maj:t
848 1002 42 38 på
913 1001 252 42 framställning
1188 1014 40 19 av
1252 1003 248 42 länsstyrelsan
1524 1016 121 30 genom
1668 1006 117 31 beslut

278 1046 66 31 den
367 1047 39 31 29
429 1048 196 40 september
649 1049 81 31 1933
757 1049 249 43 länsstyrelsen
1033 1053 49 30 att
1104 1052 74 31 från
1202 1053 65 31 och
1290 1054 77 31 med
1390 1054 66 31 den
1494 1056 14 29 1
1534 1055 144 32 oktober
1702 1057 81 30 1933

280 1096 86 32 häva
388 1096 41 32 de
452 1098 125 31 mellan
600 1099 247 40 länsstyrelsen
870 1101 65 31 och
959 1101 378 43 skogsvårdsstyrelsen
1359 1104 12 31 i
1394 1104 94 32 länet
1511 1105 114 31 slutna
1648 1106 134 32 avtalen

280 1157 55 21 om
359 1148 193 41 upplåtelse
568 1149 52 31 till
641 1149 215 33 sistnämnda
879 1152 146 40 styrelse
1048 1163 40 20 av
1110 1153 264 41 ifrågavarande,
1399 1155 55 31 till
1476 1155 272 33 länsresidenset
1770 1157 12 31 i

279 1197 108 31 Luleå
408 1198 154 32 hörande
585 1200 270 42 flygelbyggnad.

331 1248 19 31 I
372 1249 153 41 enlighet
547 1250 77 32 med
646 1262 42 20 en
712 1262 41 20 av
777 1252 250 32 statskontoret
1048 1253 12 31 i
1083 1254 141 32 ärendet
1247 1255 131 32 uttalad
1401 1256 141 41 mening
1563 1256 61 32 har
1643 1258 141 39 departe-

279 1299 211 41 mentschefen
520 1300 158 39 förordat,
704 1303 51 30 att
777 1302 52 31 för
850 1303 169 41 gäldande
1043 1315 39 20 av
1105 1304 399 43 skogsvårdsstyrelsens
1530 1307 147 39 fordran,
1706 1319 75 20 som

279 1349 84 31 efter
395 1350 19 31 5
447 1353 145 38 procent
623 1354 98 29 ränta
754 1352 166 32 beräknas
956 1365 62 30 per
1051 1354 65 32 den
1152 1358 15 28 1
1193 1355 66 42 juli
1284 1357 81 31 1934
1394 1359 117 39 uppgå
1534 1357 52 32 till
1611 1358 12 31 i
1638 1360 80 29 runt
1734 1359 48 31 tal

278 1400 93 37 3,300
392 1400 136 39 kronor,
554 1401 107 32 skulle
685 1402 137 33 anvisas
845 1406 49 29 ett
916 1404 142 32 särskilt
1080 1406 118 40 anslag
1220 1408 45 39 på
1287 1407 196 31 riksstaten.

329 1502 52 31 Då
403 1502 129 42 Kungl.
556 1503 114 42 Maj:ts
705 1505 220 32 förevarande
949 1506 129 42 förslag
1100 1508 29 40 ej
1154 1507 85 42 givit
1263 1509 186 41 anledning
1471 1509 54 31 till
1548 1510 135 31 erinran
1706 1511 75 31 från

276 1552 187 33 utskottets
488 1553 84 39 sida,
596 1554 199 32 hemställer
817 1556 178 39 utskottet,

597 1624 48 29 att
672 1622 184 42 riksdagen
890 1625 55 30 må
968 1624 54 31 till
1055 1625 180 41 ersättning
1269 1626 51 32 till
1352 1627 212 32 Norrbottens
1585 1628 72 32 läns
1679 1629 102 41 skogs-

545 1673 227 40 vårdsstyrelse
776 1673 59 41 för
845 1674 88 32 vissa
944 1674 366 42 inredningskostnader
1321 1677 52 31 för
1383 1677 204 42 budgetåret
1601 1679 180 40 1934/1935

545 1723 116 31 anvisa
684 1726 50 29 ett
764 1726 93 30 extra
879 1725 121 42 anslag
1023 1737 39 20 av
1085 1727 92 37 8,300
1199 1727 136 32 kronor.

327 1823 82 42 32:0)
432 1825 308 41 Hyreskostnader
769 1827 55 32 för
845 1828 93 32 vissa
960 1831 134 30 statens
1116 1830 99 31 verk.
1262 1829 123 42 Kungl.
1404 1830 99 41 Maj:t
1518 1831 61 31 har
1595 1830 120 42 (punkt
1727 1833 50 37 46,

275 1873 64 32 sid.
365 1875 175 42 197—199)
573 1875 177 42 föreslagit
777 1877 182 42 riksdagen
984 1880 50 29 att
1057 1897 39 4 —
1119 1879 78 31 med
1221 1880 219 31 uteslutande
1464 1892 42 19 ur
1528 1881 186 32 riksstaten
1738 1892 41 21 av

274 1924 59 31 det
355 1925 172 34 ordinarie
550 1926 300 43 förslagsanslaget
872 1928 54 31 till
949 1928 293 42 hyreskostnader
1264 1949 41 3 —
1327 1931 11 30 i
1358 1931 188 32 riksstaten
1562 1934 151 39 upptaga
1729 1935 49 29 ett

274 1974 169 32 ordinarie
466 1976 269 42 förslagsanslag
757 1977 52 31 till
825 1978 291 42 hyreskostnader
1130 1980 53 31 för
1199 1980 93 32 vissa
1309 1982 130 31 statens
1455 1982 81 31 verk
1551 1982 79 31 med
1642 1983 136 38 253,000

272 2025 134 31 kronor.

327 2111 79 31 1933
439 2112 56 30 års
519 2111 138 42 riksdag
679 2113 171 41 uppförde
872 2113 12 31 i
907 2114 187 32 riksstaten
1117 2115 111 31 under
1251 2116 100 41 sjätte
1374 2116 219 32 huvudtiteln
1617 2119 48 30 ett
1689 2118 87 31 ordi-

271 2161 94 31 narie
387 2161 267 43 förslagsanslag
676 2163 54 31 till
753 2163 292 42 hyreskostnader
1067 2165 77 32 med
1167 2166 137 38 253,000
1326 2167 134 32 kronor.

324 2211 353 43 Departementschefen
711 2214 63 31 har
804 2215 111 31 anfört
948 2215 107 32 bland
1087 2218 113 36 annat,
1236 2219 50 29 att
1308 2218 281 32 medelsbehovet
1611 2219 52 31 för
1686 2221 89 30 näst-

270 2261 204 33 kommande
501 2263 166 42 budgetår
690 2264 140 41 belöpte
853 2265 53 41 sig
928 2265 54 32 till
1006 2267 226 41 sammanlagt
1261 2267 134 39 255,815
1410 2268 136 32 kronor.
1574 2269 121 42 Någon
1711 2270 64 31 för-

270 2311 143 42 höjning
428 2324 41 20 av
490 2313 59 31 det
568 2314 51 31 för
640 2314 231 33 innevarande
894 2316 170 41 budgetår
1079 2316 10 31 i
1105 2316 188 33 riksstaten
1309 2318 51 31 för
1382 2318 195 32 ändamålet
1599 2321 176 40 upptagna

269 2362 303 43 förslagsanslaget
595 2366 18 29 å
635 2364 136 39 253,000
804 2366 126 31 kronor
960 2369 118 39 syntes
1101 2367 88 31 dock
1212 2368 29 41 ej
1266 2370 44 39 på
1332 2368 112 42 grund
1467 2368 103 33 härav
1593 2370 180 32 erfordras.

269 2412 220 33 Beträffande
523 2414 42 32 de
598 2415 298 41 hyreskostnader,
922 2428 75 20 som
1031 2417 108 32 skulle
1161 2417 174 33 bestridas
1368 2419 74 31 från
1466 2420 162 41 anslaget,
1653 2423 120 39 syntes

268 2463 12 31 i
304 2463 145 32 avbidan
472 2466 46 39 på
540 2466 180 31 resultatet
742 2477 41 21 av
806 2467 175 41 pågående
1004 2467 184 42 utredning
1210 2469 146 31 rörande
1379 2469 204 33 riksstatens
1607 2471 166 41 uppställ-
