1914 2858
520 151 289 33 Statsutskottets
833 147 184 32 memorial
1042 145 50 31 Nr
1119 145 71 30 104.
1547 140 18 29 1

776 438 58 40 Nr
863 437 87 41 104.

632 559 113 24 Ankom
765 557 43 24 till
829 556 162 31 riksdagens
1012 554 89 24 kansli
1121 552 54 24 den
1196 552 15 22 8
1231 550 71 31 april
1326 549 67 24 1930
1413 547 37 23 kl.
1474 548 8 21 1
1506 553 20 16 e.
1548 552 35 16 m.

219 656 187 33 Memorial
440 657 13 29 i
487 654 192 35 anledning
712 661 43 21 av
791 650 209 31 kamrarnas
1028 645 210 38 skiljaktiga
1262 643 115 31 beslut
1401 642 13 29 i
1436 639 102 37 fråga
1562 647 57 22 om

421 707 238 32 beräknandet
694 714 44 21 av
773 701 176 32 särskilda
984 698 190 38 förmåner,
1209 695 168 37 förenade
1412 693 80 30 med
1525 691 96 31 vissa

421 760 256 36 lärartjänster.

1399 799 65 35 (1:a
1487 794 90 38 avd.)

154 920 225 35 Riksdagens
401 920 40 28 år
463 916 76 31 1929
562 913 217 33 församlade
802 911 176 30 revisorer
1001 908 90 31 hade
1113 907 12 30 i
1147 907 56 30 sin
1225 903 189 32 berättelse
1436 899 185 38 angående

115 971 198 33 verkställd
337 968 223 39 granskning
585 976 45 21 av
654 963 236 33 statsverkets
912 961 111 36 jämte
1048 958 125 32 därtill
1197 955 159 32 hörande
1381 953 145 31 fonders
1549 951 71 31 till-

116 1023 115 36 stånd,
256 1022 150 37 styrelse
430 1020 65 30 och
520 1016 226 36 förvaltning
773 1015 55 30 för
854 1013 101 31 tiden
979 1012 18 29 1
1022 1010 68 37 juli
1116 1007 159 33 1928—30
1299 1005 80 37 juni
1403 1004 78 31 1929
1507 1003 114 31 under

117 1070 522 38 ecklesiastikdepartementet,
660 1067 18 36 $
697 1067 48 36 42,
764 1065 59 32 till
842 1062 219 35 behandling
1082 1059 170 38 upptagit
1272 1058 131 35 frågan
1423 1065 57 21 om
1500 1053 123 32 värde-

117 1127 129 35 ringen
269 1135 45 21 av
339 1122 178 33 särskilda
543 1120 192 33 förmåner,
761 1115 170 33 förenade
955 1113 81 31 med
1057 1112 98 31 vissa
1179 1109 264 36 lärartjänster.

158 1177 240 31 Revisorerna
421 1173 90 32 hade
533 1171 57 32 till
613 1180 44 21 en
680 1168 129 37 början
832 1166 189 34 meddelat,
1044 1165 53 30 att
1121 1162 59 31 till
1203 1160 186 35 åtskilliga
1413 1158 61 31 vid
1497 1157 42 31 de
1561 1156 63 31 all-

119 1231 132 28 männa
285 1225 211 32 läroverken
532 1221 179 32 anställda
747 1216 360 36 befattningshavare
1142 1212 151 37 utginge
1318 1211 116 31 såsom
1457 1218 46 21 en
1527 1206 92 32 avlö-

121 1280 251 35 ningsförmån
391 1277 210 30 avkomsten
622 1284 45 20 av
690 1273 96 31 vissa
807 1272 167 30 hemman
995 1269 90 30 samt
1108 1276 46 21 av
1175 1264 210 32 donationer
1405 1262 84 31 eller
1510 1260 115 32 andra

121 1333 115 30 såsom
263 1330 179 33 särskilda
469 1327 124 33 fonder
619 1324 204 33 förvaltade
848 1322 208 36 tillgångar.

160 1384 169 31 Därefter
351 1382 91 31 hade
462 1380 226 31 revisorerna
709 1377 138 31 lämnat
868 1385 44 21 en
932 1372 222 36 redogörelse
1176 1370 56 31 för
1254 1369 41 31 de
1318 1367 152 32 rörande
1491 1366 135 35 ifråga-

122 1435 158 31 varande
310 1434 181 31 förmåner
519 1428 165 38 gällande
714 1422 505 38 författningsbestämmelser
1250 1423 166 28 ävensom
1443 1417 71 31 vad
1542 1417 12 30 i
1581 1416 43 31 ti-

122 1487 125 35 digare
277 1483 220 33 verkställda
526 1479 238 36 utredningar
793 1476 206 35 föreslagits
1027 1472 229 33 beträffande
1285 1471 113 36 sagda
1426 1470 200 30 förmåners

125 1538 218 35 indragning
367 1536 64 31 och
454 1533 199 37 utbytande
677 1534 73 29 mot
771 1528 176 36 avlöning
969 1538 46 20 av
1039 1525 215 34 statsmedel.
1299 1524 103 30 Efter
1424 1524 55 29 att
1502 1520 125 31 vidare

123 1591 94 31 hava
240 1588 186 36 meddelat,
448 1589 53 29 att
525 1585 225 31 revisorerna
772 1582 63 31 vid
857 1592 42 20 en
923 1581 183 33 företagen
1126 1576 269 34 undersökning
1419 1573 131 36 funnit,
1572 1574 54 29 att

125 1640 281 38 ifrågavarande
430 1639 181 31 förmåner
635 1635 188 37 upptagits
847 1634 11 30 i
882 1631 257 36 statsliggaren
1163 1629 57 32 till
1244 1629 144 34 värden,
1411 1636 76 22 som
1510 1626 12 30 i
1546 1624 82 32 fler-

123 1696 89 30 talet
238 1694 67 30 fall
331 1691 195 36 väsentligt
549 1689 214 35 understege
789 1687 41 31 de
857 1686 12 30 i
895 1683 249 36 verkligheten
1169 1681 189 36 utgående,
1382 1679 92 31 hade
1499 1677 130 31 reviso-

127 1755 104 21 rerna
251 1744 96 37 gjort
367 1742 159 36 följande
543 1740 184 30 allmänna
745 1736 196 33 uttalande.

166 1828 13 15 »
184 1815 81 32 Vad
287 1813 118 37 själva
427 1812 68 31 den
517 1808 249 37 föreliggande
789 1805 279 38 principfrågan
1090 1803 115 36 angår
1229 1811 105 27 synes
1359 1800 58 31 det
1441 1798 190 32 revisorer-

128 1868 46 22 na
202 1868 91 21 vara
322 1856 79 31 med
430 1864 148 22 numera
606 1851 212 37 tillämpade
847 1846 374 38 avlöningsprinciper
1251 1837 381 46 överensstämmande,

127 1903 55 30 att
200 1912 45 21 en
265 1898 219 36 indragning
503 1908 46 19 av
569 1894 282 36 ifrågavarande
871 1890 178 33 särskilda
1071 1891 182 30 förmåner
1273 1889 157 30 kommer
1451 1886 56 31 till
1528 1884 105 32 stånd

130 1947 12 29 i
170 1941 352 35 överensstämmelse
549 1940 79 30 med
654 1939 68 30 den
750 1937 154 34 mening,
933 1945 74 21 som
1034 1934 110 30 redan
1171 1933 79 30 1890
1278 1934 58 29 års
1365 1930 148 34 riksdag
1540 1930 93 29 utta-

128 1988 62 31 lat.
234 1986 239 31 Revisorerna
498 1984 205 32 förutsätta,
728 1983 53 29 att
804 1980 118 30 denna
947 1978 104 34 fråga
1075 1977 159 30 kommer
1258 1976 53 29 att
1335 1973 221 33 tillbörligen
1579 1972 53 30 be-

131 2032 104 30 aktas
258 2039 45 22 av
326 2030 67 31 den
415 2038 49 21 nu
488 2025 193 33 arbetande
704 2022 303 33 lönekommittén.

171 2075 159 30 Bortsett
360 2073 82 31 från
471 2071 126 32 sakens
625 2070 79 29 rent
734 2065 230 39 principiella
993 2064 77 32 sida
1098 2063 92 35 vilja
1218 2060 198 33 emellertid
1447 2059 188 31 revisorer-

130 2126 46 21 na
222 2118 116 30 såsom
383 2113 230 39 synnerligen
640 2108 354 37 anmärkningsvärd
1019 2106 194 32 framhålla
1239 2105 67 30 den
1330 2103 182 32 bristande
1538 2104 96 28 över-

132 2159 291 33 ensstämmelsen
445 2157 133 32 mellan
602 2156 42 31 de
667 2156 12 30 i
702 2156 73 30 stat
798 2154 187 35 upptagna
1008 2151 158 31 värdena
1191 2159 45 20 av
1262 2146 280 36 ifrågavarande
1566 2146 69 30 för-

133 2206 123 29 måner
282 2204 65 30 och
374 2202 41 31 de
439 2199 174 35 verkliga.
661 2198 133 31 Genom
819 2199 54 29 att
898 2193 264 33 vederbörande
1187 2191 250 37 myndigheter
1464 2190 77 30 icke
1566 2188 69 32 till-

133 2249 78 34 sett,
236 2248 55 30 att
317 2245 230 31 förmånerna
572 2244 12 29 i
609 2243 119 30 staten
752 2239 187 37 upptagits
965 2237 57 32 till
1047 2238 96 29 rätta
1167 2235 136 36 belopp,
1328 2234 67 30 har
1420 2231 215 33 statsverket

135 2291 113 30 under
274 2290 41 30 de
341 2289 143 35 gångna
509 2289 85 29 åren
619 2283 234 37 tillskyndats
878 2281 199 32 avsevärda
1104 2280 179 32 förluster,
1311 2278 9 30 i
1348 2278 56 30 det
1430 2278 53 29 att
1510 2275 126 31 avdra-

135 2343 67 25 gen
231 2335 21 29 å
280 2330 406 35 befattningshavarnas
715 2327 176 30 kontanta
921 2323 214 33 avlöningar
1164 2322 77 30 icke
1272 2320 113 36 gjorts
1415 2319 56 31 till
1500 2318 137 35 belopp,

135 2386 74 21 som
240 2376 182 29 motsvara
456 2373 248 30 förmånernas
736 2367 165 35 verkliga
933 2366 144 30 värden.
1128 2364 55 31 Då
1215 2364 57 30 det
1303 2372 105 26 synes
1438 2356 200 44 angeläget,

135 2420 54 30 att
235 2417 147 31 rättelse
426 2414 224 33 härutinnan
676 2410 219 33 omedelbart
924 2409 89 33 sker,
1041 2409 95 30 hava
1165 2406 220 32 revisorerna
1417 2404 96 32 velat
1542 2404 96 31 fästa

136 2462 212 34 riksdagens
374 2457 316 38 uppmärksamhet
720 2458 20 29 å
768 2454 151 31 berörda
950 2451 278 32 förhållanden.»

138 2523 110 30 Bihang
269 2522 40 24 till
330 2521 165 30 riksdagens
517 2517 143 33 protokoll
685 2518 73 23 1930.
798 2518 15 22 6
833 2517 80 23 saml.
955 2515 29 23 45
1006 2514 68 30 häft.
1111 2512 54 24 (Nr
1188 2513 69 28 104.)
1598 2507 5 23 ]
