1932 2838
473 176 393 37 Bevillningsutskottets
887 176 219 31 betänkande
1124 175 49 32 Nr
1200 177 50 30 45.
1596 169 19 30 3

113 262 50 31 till
192 261 322 38 svårighetsgraden
547 270 42 22 av
619 261 210 30 hithörande
859 261 158 36 problem
1050 260 75 31 icke
1154 260 71 30 kan
1256 260 124 30 tänkas
1411 258 94 32 bliva
1536 258 79 31 slut-

114 313 76 32 förd
210 313 46 38 på
275 314 79 30 kort
373 313 59 37 tid,
455 321 102 28 synes
576 312 68 37 mig
664 312 77 31 icke
761 312 84 31 böra
864 311 265 37 ifrågakomma.

157 365 224 31 Beträffande
404 365 209 35 tidpunkten
637 363 56 30 för
719 362 321 37 skattehöjningens
1066 362 206 31 inträdande
1298 362 63 30 har
1384 362 11 30 i
1421 370 193 28 promemo-

113 416 74 31 rian
211 415 202 37 föreslagits,
436 417 50 28 att
509 413 80 31 från
610 413 234 37 skärpningen
868 413 110 31 skulle
1000 413 217 36 undantagas
1241 412 189 31 utskiftade
1454 412 125 37 belopp
1603 411 10 31 i

113 468 40 31 de
177 467 63 31 fall
264 467 46 31 då
331 467 110 30 beslut
466 475 58 21 om
548 466 219 35 nedsättning
789 475 42 21 av
854 465 261 36 aktiekapitalet
1140 464 83 31 eller
1246 464 166 31 trädande
1436 463 11 31 i
1471 463 142 31 likvida-

113 518 71 31 tion
207 518 150 31 anmälts
379 517 55 31 för
454 517 217 36 registrering
693 516 75 31 före
789 516 64 31 den
879 517 13 29 1
918 516 194 37 september
1136 516 93 30 1939.
1277 515 65 30 Till
1364 515 115 31 denna
1501 514 113 32 stånd-

113 570 110 35 punkt
245 569 46 30 ha
313 568 157 37 samtliga
492 568 111 30 hörda
623 567 241 37 myndigheter
883 570 99 27 utom
1004 566 364 37 kommerskollegium
1391 566 143 31 anslutit
1555 566 58 36 sig.

113 619 222 32 Sistnämnda
348 619 203 37 myndighet
565 619 64 30 har
642 618 194 31 understött
847 620 45 28 ett
904 627 43 22 av
958 616 462 38 näringsorganisationerna
1431 616 186 32 framställt

113 672 164 36 yrkande,
299 674 49 28 att
368 671 208 36 tidpunkten
597 671 54 30 för
671 670 181 36 förslagets
872 669 314 37 offentliggörande
1210 665 80 39 (den
1311 668 39 31 24
1370 668 89 37 april
1484 665 93 40 1940)
1604 668 10 30 i

114 721 91 32 detta
228 721 196 32 hänseende
451 720 111 31 skulle
589 730 82 21 vara
696 721 206 36 avgörande,
928 720 38 31 så
992 723 49 28 att
1067 721 40 29 de
1132 720 112 36 bolag,
1271 729 74 21 som
1371 719 243 31 dessförinnan

114 773 131 31 anmält
273 772 220 38 nedsättning
520 781 44 21 av
592 771 260 37 aktiekapitalet
878 772 83 30 eller
989 770 214 37 likvidation,
1235 770 109 31 skulle
1371 770 43 37 gå
1442 770 69 31 fria
1537 769 77 32 från

113 823 311 37 skattehöjningen.
470 823 91 30 Utan
585 825 48 28 att
656 823 147 36 anlägga
825 822 183 31 fiskaliska
1032 822 216 37 synpunkter
1268 821 46 37 på
1336 822 107 31 saken
1466 822 70 30 kan
1559 820 57 38 jag

114 874 55 31 för
190 874 75 31 min
288 875 55 30 del
366 874 75 30 icke
464 873 101 32 finna
589 874 55 30 det
667 877 108 27 annat
796 874 45 30 än
865 873 128 37 rimligt
1016 876 49 28 att
1086 890 44 4 —
1151 873 127 30 liksom
1301 872 158 37 samtliga
1483 872 132 37 fysiska

113 926 64 30 och
199 925 172 37 juridiska
394 934 166 28 personer
581 933 122 28 genom
728 925 223 30 värnskatten
974 924 193 31 drabbades
1192 934 43 20 av
1258 933 41 21 en
1324 923 204 37 opåräknad
1551 923 63 31 till-

113 976 316 39 läggsbeskattning
458 976 57 30 för
544 976 55 30 det
629 976 151 36 löpande
809 975 202 37 budgetåret
1041 993 45 4 —
1114 975 42 31 de
1186 975 204 36 aktiebolag,
1425 983 75 22 som
1531 974 85 31 efter

113 1028 259 36 krigsutbrottet
388 1027 151 31 beslutat
556 1026 209 37 utskiftning
783 1036 42 22 av
843 1026 143 37 kapital,
1006 1026 38 31 få
1061 1026 113 31 betala
1192 1025 321 37 utskiftningsskatt
1531 1025 85 31 efter

113 1088 40 21 en
173 1080 184 29 skattesats
378 1088 75 21 som
476 1081 180 34 anpassats
677 1078 88 30 efter
785 1078 55 30 det
859 1087 69 27 nya
948 1078 100 36 läget.
1092 1076 62 37 Jag
1175 1077 60 30 vill
1257 1077 104 30 likväl
1383 1076 143 31 förorda
1549 1076 66 31 den

112 1129 227 37 jämkningen
361 1129 11 30 i
394 1128 174 37 förslaget,
591 1132 49 27 att
662 1129 66 30 den
753 1129 194 36 avgörande
971 1128 206 36 tidpunkten
1200 1128 207 30 bestämmes
1431 1127 52 31 till
1506 1128 109 36 dagen

113 1181 54 30 för
194 1181 246 30 avlämnandet
464 1180 11 30 i
503 1180 184 36 riksdagen
715 1189 42 21 av
785 1179 259 37 propositionen
1071 1188 55 21 om
1156 1179 189 36 värnskatt,
1373 1178 82 31 eller
1482 1178 66 31 den
1577 1178 37 30 15

113 1231 187 32 november
323 1232 91 30 1939.

156 1283 13 29 I
193 1283 58 30 det
274 1282 58 31 vid
355 1281 258 38 promemorian
635 1281 126 37 fogade
785 1281 399 37 författningsförslaget,
1211 1290 75 22 som
1312 1281 56 30 vid
1392 1280 166 31 remissen
1583 1279 30 38 ej

113 1333 163 31 föranlett
300 1332 113 37 någon
439 1333 150 36 erinran,
612 1333 97 30 torde
735 1332 456 37 övergångsbestämmelsen
1215 1332 85 30 böra
1325 1332 127 30 ändras
1478 1331 11 31 i
1513 1331 101 37 enlig-

112 1385 56 30 het
187 1384 80 30 med
285 1384 67 30 vad
369 1393 47 21 nu
435 1383 164 31 anförts.»

156 1460 14 30 I
199 1460 42 30 de
270 1460 11 30 i
310 1461 114 29 ämnet
452 1460 125 30 väckta
604 1459 218 31 motionerna
850 1459 131 30 erinras
1010 1469 57 20 om
1094 1462 48 27 att
1169 1459 57 31 det
1255 1459 57 30 vid
1339 1458 87 31 flera
1456 1458 159 31 tillfällen

112 1511 148 35 uttalats,
282 1513 49 28 att
350 1509 361 37 utskiftningsskatten
732 1510 11 29 i
764 1510 53 30 sin
835 1510 275 30 hittillsvarande
1128 1509 218 37 utformning
1364 1509 95 36 finge
1480 1509 133 31 betrak-

111 1564 50 28 tas
186 1560 116 31 såsom
326 1560 211 38 provisorisk
563 1560 63 30 och
651 1560 10 30 i
687 1560 113 30 behov
824 1570 42 21 av
892 1560 160 30 revision.
1100 1560 71 31 Mot
1195 1560 227 36 bakgrunden
1447 1570 44 20 av
1517 1561 97 30 dessa

111 1612 202 30 uttalanden
331 1614 113 34 syntes
461 1611 58 30 det
537 1611 256 30 motionärerna
812 1611 74 30 icke
904 1611 163 36 förenligt
1085 1611 77 30 med
1182 1611 136 35 rimliga
1336 1609 153 38 anspråk
1508 1610 45 37 på
1571 1620 43 21 en

111 1663 53 29 väl
182 1662 135 36 avvägd
335 1661 219 37 beskattning
573 1665 47 27 att
639 1671 47 20 nu
706 1661 117 31 skrida
841 1662 50 29 till
911 1671 43 21 en
972 1661 145 37 höjning
1135 1671 41 21 av
1198 1662 114 30 denna
1332 1662 90 30 skatt
1441 1662 79 30 med
1539 1662 76 30 icke

111 1712 134 31 mindre
271 1713 45 29 än
346 1713 60 29 150
431 1715 153 34 procent.
634 1712 65 31 Det
725 1712 124 37 riktiga
876 1711 160 31 förefölle
1063 1712 10 30 i
1101 1712 111 31 stället
1239 1722 82 21 vara
1347 1715 48 28 att
1422 1711 192 38 igångsätta

111 1764 65 30 den
203 1763 59 30 vid
288 1763 92 31 olika
404 1762 163 31 tillfällen
593 1763 10 29 i
629 1763 108 30 utsikt
766 1763 122 30 ställda
915 1763 229 36 utredningen
1170 1762 178 37 angående
1373 1763 239 37 utskiftnings-

111 1814 144 30 skatten.

153 1888 90 31 Från
268 1891 132 34 patent-
424 1889 65 29 och
514 1888 353 36 registreringsverket
890 1889 66 29 har
978 1889 165 30 utskottet
1166 1889 171 31 inhämtat
1360 1889 91 31 vissa
1476 1890 134 36 uppgif-

109 1943 50 27 ter
181 1939 178 37 angående
380 1940 63 29 hos
467 1939 253 30 ämbetsverket
743 1938 223 36 registrerade
989 1940 112 29 beslut
1123 1949 41 20 av
1189 1939 194 36 aktiebolag
1404 1942 52 28 att
1480 1940 97 30 träda
1601 1940 10 30 i

110 1990 202 30 likvidation
340 1990 192 35 respektive
559 1990 156 30 nedsätta
744 1989 269 36 aktiekapitalet.
1066 1989 106 31 Dessa
1199 1990 184 36 uppgifter,
1412 1990 94 31 vilka
1532 2000 80 21 avse

108 2041 92 30 tiden
223 2041 68 29 den
316 2041 13 29 1
354 2041 186 29 november
565 2041 196 30 1938—den
784 2041 38 29 31
847 2039 70 37 maj
945 2040 83 30 1939
1054 2041 63 29 och
1141 2040 66 30 den
1233 2041 13 29 1
1273 2041 186 30 november
1485 2042 127 30 1939—

110 2092 63 29 den
194 2092 39 29 31
256 2091 71 36 maj
353 2091 92 36 1940,
466 2091 112 30 utvisa
598 2091 169 36 följande:

1186 2190 94 23 Beslut
1299 2196 43 16 om
1362 2190 177 30 nedsättning
1557 2197 34 17 av

759 2206 93 24 Beslut
871 2213 43 16 om
934 2206 166 24 likvidation
1302 2202 180 55 aktiekapital

342 2306 21 22 T
398 2306 61 22 id
885 2314 123 23 SR
1027 2315 72 23 GRE
1319 2286 129 46 Beslutad
1467 2286 118 46 nedsätt-

728 2340 84 23 Antal
837 2324 26 67 |
928 2348 106 29 "kapital
1054 2348 7 23 i
1184 2339 85 23 Antal
1286 2319 19 74 |
1320 2323 267 61 föring.
1429 2319 47 74 till
1489 2323 98 61 reserv-

694 2377 3 45 |
732 2373 78 30 bolag
1189 2373 78 29 bolag
1296 2366 3 52 i
1385 2389 115 29 fonden)
1520 2391 7 22 i

946 2423 102 25 kronor
1403 2424 104 23 kronor

133 2514 41 28 1/74
195 2513 145 33 1938-2!/,
360 2513 63 26 1939.
431 2534 256 6 ......sssos
631 2509 60 41 res
696 2480 3 74 |
755 2513 47 26 204
932 2513 151 32 17,357,700
1231 2513 29 26 18
1297 2480 3 78 |
1403 2513 137 31 4,988,830

134 2563 41 27 1/34
195 2563 146 31 1939—2!/s5
361 2563 63 27 1940.
431 2584 256 7 ......osere
632 2559 24 41 vr
663 2559 29 41 rr
696 2558 2 38 |
756 2564 47 26 158
931 2564 152 31 15,308,090
1227 2564 29 25 21
1389 2563 150 32 10,991,025
