2240 2642
732 199 229 29 Statsutskottets
991 200 154 29 Utlåtande
1167 200 57 29 N:o
1247 200 48 29 60.
1776 201 38 28 87

309 275 40 36 af
374 276 85 35 herr
486 274 138 49 Sjövall
657 277 202 40 (motionen
887 290 61 22 n:o
982 279 44 43 4),
1053 283 55 30 att
1135 277 209 47 Riksdagen
1372 278 88 34 ville
1487 277 156 44 besluta,
1672 282 55 31 att
1755 278 61 35 vid

210 327 220 46 postanstalt
457 327 144 35 anstäld
631 327 242 48 vaktbetjent,
904 341 79 22 som
1011 329 116 47 enligt
1156 341 51 22 nu
1235 328 171 48 gällande
1425 327 278 36 bestämmelser
1722 327 94 36 efter

208 376 74 36 fem
310 380 58 32 års
397 377 59 36 väl
483 377 193 36 vitsordad
704 379 252 48 tjenstgöring
983 380 155 34 kommit
1157 380 12 35 i
1189 378 220 47 åtnjutande
1433 378 39 36 af
1488 384 54 30 ett
1561 379 255 48 ålderstillägg

208 431 20 31 å
259 428 68 34 100
355 429 148 43 kronor,
532 432 115 32 måtte
665 427 180 37 förklaras
863 430 212 48 berättigad
1094 435 55 30 att
1170 430 166 47 uppbära
1355 435 54 30 ett
1428 429 114 36 andra
1562 429 254 48 ålderstillägg

207 481 21 31 å
258 479 68 34 100
355 479 138 35 kronor
520 480 56 35 till
605 480 110 34 lönen
743 480 94 35 efter
863 481 220 47 ytterligare
1111 479 74 36 fem
1214 484 49 40 år,
1294 480 118 36 under
1440 479 190 37 enahanda
1657 480 119 35 vilkor
1803 482 13 33 i

207 528 125 49 öfrigt,
362 542 78 22 som
468 530 108 48 gälde
595 531 12 34 i
625 529 170 38 afseende
815 534 20 32 å
853 530 118 40 första
999 531 303 47 ålderstillägget,
1332 531 94 35 dock
1454 531 83 35 med
1564 531 249 47 iakttagande,

206 584 55 30 att
297 579 102 36 detta
435 580 115 36 andra
583 581 254 48 ålderstillägg
864 582 80 35 icke
972 582 97 47 finge
1096 582 235 47 grundlägga
1357 581 96 36 ökad
1480 582 251 46 pensionsrätt
1758 580 57 36 för

206 630 265 36 innehafvarne
499 632 67 34 och
594 631 79 35 icke
701 632 13 35 i
741 635 113 45 något
881 631 66 36 fall
977 636 89 44 utgå
1093 631 79 36 före
1204 633 93 34 1900
1325 635 59 32 års
1411 632 141 48 början.

306 680 236 37 Beträffande
570 682 45 35 de
644 683 89 42 skäl,
762 683 139 47 hvarpå
927 682 242 36 förenämnda
1189 684 182 34 motioner
1387 682 194 49 grundats,
1602 683 140 35 tillåter
1759 683 56 48 sig

208 733 180 35 utskottet
416 737 54 30 att
497 733 152 35 hänvisa
675 733 58 35 till
762 734 242 35 motionerna.

305 935 55 36 Då
387 934 40 37 af
451 936 439 48 generalpoststyrelsens
919 936 185 36 ordinarie
1132 934 217 50 byråchefer
1377 948 46 23 en
1446 935 166 48 ständigt
1631 936 183 47 tjenstgör

207 989 117 32 såsom
352 985 182 49 byråchef
559 989 20 32 å
606 986 410 49 postsparbanksbyrån
1045 987 66 36 och
1140 1000 45 22 en
1213 986 110 36 sedan
1351 986 89 35 fiera
1467 989 39 32 år
1524 986 155 35 tillbaka
1699 998 115 35 uppe-

207 1037 114 35 håller
356 1036 500 49 generaldirektörsembetet
881 1038 14 35 i
924 1039 193 47 styrelsen,
1151 1037 68 36 och
1253 1037 45 35 då
1330 1036 126 36 vidare
1483 1037 66 35 allt
1577 1036 113 36 sedan
1720 1038 93 34 1896

206 1090 58 32 års
291 1087 132 48 början
451 1100 45 23 en
523 1087 233 48 adjungerad
783 1088 163 36 ledamot
974 1090 96 34 varit
1088 1087 202 37 förordnad
1320 1091 120 32 såsom
1468 1086 85 37 chef
1568 1087 60 36 för
1646 1087 71 36 den
1735 1088 79 34 icke

206 1141 20 31 å
253 1138 185 36 ordinarie
475 1143 74 31 stat
587 1137 186 49 uppförda
812 1139 116 35 andra
955 1139 300 49 revisionsbyrån
1281 1139 13 34 i
1322 1139 193 48 styrelsen,
1546 1137 111 36 hafva
1698 1138 117 35 under

207 1201 124 23 senare
368 1188 98 36 tider
501 1188 41 36 af
574 1188 45 36 de
656 1188 76 37 fem
764 1189 270 48 föredragande
1066 1189 251 36 ledamöterna
1344 1189 13 35 i
1386 1189 181 48 styrelsen
1595 1189 130 35 endast
1752 1192 62 32 två

206 1240 95 34 varit
337 1239 186 36 ordinarie
550 1239 230 49 byråchefer.
833 1239 207 49 Atskilliga
1067 1240 237 48 olägenheter
1330 1239 108 35 torde
1465 1240 217 47 visserligen
1710 1238 107 36 häraf

205 1289 224 43 föranledas;
463 1303 84 22 men
580 1290 45 35 då
662 1290 105 35 dessa
794 1291 57 34 till
880 1303 45 23 en
954 1290 58 35 del
1040 1291 151 35 härröra
1217 1289 40 36 af
1281 1288 189 49 tillfälliga
1497 1289 317 48 omständigheter

207 1340 66 35 och
305 1341 57 34 till
396 1353 45 23 en
470 1340 58 35 del
557 1352 109 36 synas
694 1341 125 35 kunna
846 1339 184 50 afhjelpas
1056 1353 135 35 genom
1221 1339 230 49 uppförande
1479 1343 20 32 å
1526 1340 187 35 ordinarie
1741 1345 73 30 stat

206 1390 40 35 af
270 1391 335 47 postsparbankens
633 1391 160 35 embets-
822 1392 67 35 och
909 1392 236 46 tjenstemän,
1166 1392 66 34 har
1253 1391 183 35 utskottet
1454 1396 121 30 ansett
1594 1394 115 44 något
1727 1396 86 42 nytt

206 1441 341 48 byråchefsembete
565 1442 12 35 i
596 1443 422 47 generalpoststyrelsen
1045 1442 80 35 icke
1152 1442 89 35 böra
1268 1454 50 22 nu
1338 1442 168 35 inrättas.
1540 1441 145 48 Frågan
1704 1453 109 36 synes

204 1492 201 48 lämpligen
441 1492 90 36 böra
557 1491 198 37 framdeles
783 1496 20 32 å
826 1505 74 36 nyo
931 1498 182 42 upptagas
1141 1493 12 35 i
1182 1492 265 48 sammanhang
1479 1492 82 35 med
1594 1490 131 49 frågan
1754 1504 58 22 om

206 1543 335 47 postsparbankens
569 1543 264 48 organisation.

303 1593 177 36 Deremot
516 1594 65 35 har
618 1595 194 42 utskottet,
846 1594 47 35 då
926 1594 82 35 med
1032 1594 70 35 den
1132 1594 222 46 utveckling,
1383 1593 248 47 poströrelsen
1659 1605 153 23 numera

204 1644 156 44 erhållit,
375 1644 45 35 de
435 1643 209 48 föreslagna
658 1647 62 32 två
735 1645 374 46 aktuarietjensterna
1120 1644 66 35 och
1203 1657 44 21 en
1263 1644 275 46 revisorstjenst
1553 1644 67 34 hos
1632 1644 180 47 styrelsen

205 1707 109 35 synas
349 1707 88 22 vara
470 1695 58 34 väl
557 1695 194 46 behöfliga,
780 1700 120 29 ansett
929 1695 57 46 sig
1012 1695 89 34 böra
1127 1693 161 44 förorda,
1318 1699 55 29 att
1401 1694 104 34 dessa
1532 1694 157 46 tjenster
1717 1706 94 34 upp-

203 1743 98 36 föras
321 1748 20 31 å
360 1745 186 35 ordinarie
575 1750 84 38 stat,
686 1745 128 34 dervid
835 1746 185 34 utskottet
1043 1743 231 44 förutsätter,
1295 1749 55 30 att
1368 1743 134 48 Kongl.
1522 1743 106 47 Maj:t
1647 1744 165 34 kommer

204 1800 55 29 att
286 1793 94 37 efter
408 1796 57 46 sig
491 1794 213 36 företeende
733 1795 317 47 omständigheter
1077 1795 214 40 bestämma,
1321 1794 119 35 under
1469 1794 147 34 hvilken
1645 1793 40 35 af
1709 1799 102 42 post-

205 1846 199 47 styrelsens
432 1846 134 47 byråer
594 1845 71 35 den
694 1844 39 37 af
749 1845 104 35 dessa
871 1848 60 32 två
954 1845 188 35 aktuarier
1170 1845 90 35 skall
1279 1845 10 35 i
1312 1849 120 31 staten
1454 1843 188 48 uppföras,
1663 1845 146 34 hvilken

204 1896 116 47 enligt
359 1896 441 48 generalpoststyrelsens
828 1895 39 35 af
893 1901 25 29 t.
952 1895 25 35 f.
1012 1894 405 48 departementschefen
1445 1894 197 36 förordade
1674 1893 138 49 förslag

204 1947 117 34 skulle
349 1947 207 47 tjenstgöra
584 1950 19 31 å
631 1946 71 35 den
730 1959 72 36 nya
829 1946 310 48 revisionsbyrån.

303 1996 110 35 Emot
452 1996 177 45 förslaget
669 2009 61 22 om
770 1996 155 46 höjning
953 1995 41 36 af
1017 1996 171 45 anslaget
1224 1996 53 35 till
1307 1996 383 46 vikariatsersättning
1717 2001 95 29 samt

203 2046 178 36 arfvoden
418 2046 37 35 åt
491 2053 106 29 extra
632 2045 166 37 biträden
836 2046 68 35 hos
940 2047 411 47 generalpoststyrelsen
1381 2059 46 22 m.
1456 2058 45 23 m.
1528 2046 69 34 har
1633 2045 178 35 utskottet

204 2097 78 34 icke
309 2096 81 35 haft
417 2096 114 47 något
557 2101 55 31 att
639 2097 130 35 erinra.

303 2146 108 36 Hvad
452 2146 160 36 härefter
652 2147 114 44 angår
806 2146 133 46 Kongl.
980 2146 117 45 Maj:ts
1138 2145 137 45 förslag
1315 2146 157 35 rörande
1512 2144 202 48 uppbörds-
1742 2145 68 35 och

202 2196 449 47 frimärkesprovisionens
692 2197 158 47 fixering
891 2197 67 35 och
1000 2209 58 22 om
1087 2196 276 36 bestämmande
1392 2195 41 36 af
1455 2195 355 46 postdirektörernas

204 2247 67 36 och
300 2246 119 46 öfriga
446 2246 304 49 postförvaltares
779 2245 371 47 aflöningsförmåner
1177 2247 57 35 till
1261 2245 93 37 fasta
1382 2246 146 48 belopp,
1546 2246 68 35 har
1632 2246 180 36 utskottet

1847 928 135 22 Utskottets

1848 963 128 28 yttrande.
