2240 2638
417 196 39 27 88
939 194 227 28 Statsutskottets
1194 193 152 29 Utlåtande
1369 193 60 28 N:o
1453 194 48 27 60.

416 272 212 45 visserligen
657 271 81 35 icke
764 269 177 45 förbisett,
969 276 55 30 att
1051 270 102 36 dessa
1180 269 139 46 förslag
1345 269 45 49 gå
1417 271 12 34 i
1457 282 44 23 en
1529 268 113 36 sådan
1667 269 174 47 rigtning,
1861 281 79 22 som
1960 267 62 36 vid

417 323 46 35 de
498 322 116 35 under
642 333 128 24 senare
796 320 94 37 tider
916 320 193 49 företagna
1144 321 314 45 löneregleringar
1486 321 8 34 i
1524 319 204 36 allmänhet
1755 324 136 30 ansetts
1919 319 104 34 önsk-

416 372 102 37 värd.
569 372 83 36 Men
691 373 8 33 i
737 371 242 36 betraktande
1015 371 40 36 af
1087 372 71 35 den
1195 372 232 48 synnerligen
1466 369 314 48 genomgripande
1809 369 213 48 betydelsen

417 423 42 36 af
493 423 69 36 den
604 421 83 37 utaf
725 421 129 48 Kongl.
881 422 104 47 Maj:t
1019 421 216 46 ifrågasatta
1274 421 264 46 förändringen
1565 422 11 35 i
1603 421 293 48 aflöningssättet
1923 420 101 35 inom

417 475 220 47 postverket,
674 473 69 35 har
774 473 178 35 utskottet
988 473 113 36 likväl
1137 478 121 31 ansett
1285 486 43 22 en
1356 472 115 36 sådan
1498 471 219 48 förändring
1743 471 79 35 icke
1849 471 90 35 böra
1966 470 59 35 be-

418 526 115 34 slutas
560 523 87 45 förr,
675 531 46 27 än
751 536 44 22 en
822 523 175 46 grundlig
1029 523 199 46 utredning
1267 523 190 46 angående
1498 522 61 36 det
1587 521 227 47 nuvarande
1854 521 68 36 och
1964 520 62 36 det

417 574 209 47 föreslagna
654 574 372 49 aflöningssystemets
1053 574 181 35 särskilda
1260 573 161 37 fördelar
1448 574 67 35 och
1543 573 237 45 olägenheter
1798 571 125 36 blifvit
1941 570 82 37 med

417 626 145 48 hänsyn
610 626 57 35 till
718 624 44 36 de
809 626 100 34 inom
958 625 211 46 postverket
1210 624 162 36 rådande
1412 632 153 39 säregna
1608 622 260 37 förhållanden
1910 621 116 36 åstad-

417 677 184 45 kommen,
639 674 139 46 dervid,
813 676 56 34 till
904 675 187 36 vinnande
1124 674 40 36 af
1190 688 44 23 en
1262 675 209 48 mångsidig
1493 674 176 47 pröfning
1697 673 40 36 af
1760 673 44 37 de
1831 672 46 48 på
1904 672 122 36 denna

416 727 123 48 frågas
579 728 150 45 lösning
768 726 225 36 inverkande
1028 726 321 45 omständigheter,
1381 726 225 36 medverkan
1629 725 141 48 jemväl
1804 723 41 36 af
1876 722 151 37 utanför

417 778 212 46 postverket
656 777 150 36 stående
832 777 234 46 sakkunniga
1083 789 175 34 personer
1277 777 87 35 eller
1382 776 260 49 myndigheter
1657 788 107 32 synes
1779 775 91 36 böra
1884 775 142 35 anlitas.

418 829 56 35 En
503 828 112 36 sådan
642 828 201 45 utredning
868 828 107 35 torde
1007 840 88 23 vara
1129 827 39 36 så
1204 828 147 48 mycket
1385 840 103 23 mera
1523 826 40 36 af
1585 826 134 45 nöden,
1747 839 77 23 som
1853 831 51 31 ett
1939 824 88 47 god-

417 879 195 36 kännande
645 878 41 36 af
724 878 44 36 de
806 877 210 47 föreslagna
1051 878 406 48 aflöningsgrunderna,
1495 878 114 45 enligt
1644 877 99 36 hvad
1770 876 41 36 af
1834 876 191 36 statsråds-

419 930 227 48 protokollet
684 929 171 46 framgår,
900 930 120 35 skulle
1058 929 150 36 komma
1248 934 53 30 att
1339 928 130 37 utöfva
1509 933 51 31 ett
1599 933 93 31 stort
1731 927 205 49 inflytande
1982 926 46 48 på

417 980 131 47 frågan
575 993 59 23 om
663 980 208 36 inrättande
898 980 41 36 af
963 993 73 35 nya
1063 979 185 36 ordinarie
1274 979 383 48 tjenstebefattningar
1674 979 103 35 inom
1806 978 221 46 postverket.

418 1031 16 36 I
463 1032 62 35 det
551 1031 111 44 skick,
698 1031 106 36 hvari
829 1030 131 47 frågan
987 1030 57 36 för
1070 1030 232 36 närvarande
1328 1030 168 36 befinner
1523 1031 63 44 sig,
1621 1030 67 34 har
1714 1029 180 35 utskottet
1921 1028 107 35 alltså

418 1083 80 34 icke
526 1087 118 30 ansett
672 1082 56 46 sig
755 1082 89 34 böra
870 1080 151 36 förorda
1047 1080 107 36 bifall
1181 1081 59 35 till
1276 1080 131 46 Kongl.
1443 1080 117 46 Maj:ts
1595 1079 275 47 framställning
1897 1080 12 34 i
1936 1078 92 37 före-

418 1132 163 37 varande
621 1132 74 44 del;
736 1131 62 36 vid
833 1132 141 35 hvilket
1009 1130 230 37 förhållande
1275 1131 178 35 utskottet
1487 1131 80 36 icke
1599 1130 116 37 heller
1741 1131 72 34 kan
1841 1130 188 48 tillstyrka

418 1183 100 36 hvad
557 1184 11 34 i
608 1182 103 36 detta
751 1182 267 45 sammanhang
1056 1180 208 47 föreslagits
1299 1182 10 34 i
1344 1180 105 47 fråga
1485 1194 58 22 om
1572 1194 51 31 ny
1649 1180 295 48 klassindelning
1971 1179 58 37 för

418 1234 277 47 postkontoren.
1781 1237 2 2 |

522 1284 53 36 De
610 1284 11 35 i
658 1283 276 49 propositionen
974 1282 219 36 framstälda
1232 1281 136 49 förslag
1407 1281 232 37 beträffande
1678 1282 155 46 höjning
1868 1281 41 36 af
1931 1287 98 41 post-

419 1335 298 47 inspektörernas
753 1335 112 43 löner,
900 1334 161 45 fixering
1087 1332 40 37 af
1150 1333 315 36 kontrollörernas
1500 1334 104 35 löner
1631 1338 95 30 samt
1753 1332 211 36 inrättande
1992 1331 40 36 af

419 1392 57 30 tre
515 1399 73 35 nya
628 1385 381 46 kontrollörstjenster
1047 1397 110 31 synas
1199 1384 188 44 utskottet,
1427 1383 49 47 på
1511 1383 121 46 grund
1664 1383 42 36 af
1729 1383 61 37 det
1817 1390 90 28 nära
1935 1395 92 23 sam-

419 1436 139 37 bandet
585 1436 158 36 emellan
780 1434 101 37 dessa
912 1434 139 49 förslag
1078 1435 68 35 och
1175 1435 45 35 de
1247 1433 39 37 af
1309 1435 180 35 utskottet
1515 1435 66 35 här
1608 1433 113 37 ofvan
1749 1433 183 49 afstyrkta
1959 1433 70 36 för-

419 1488 126 45 slagen
586 1500 60 22 om
688 1486 200 46 uppbörds-
929 1486 68 35 och
1037 1484 448 49 frimärkesprovisionens
1519 1485 244 48 upphörande
1791 1498 45 22 m.
1863 1498 58 31 m.,
1949 1485 80 35 icke

420 1539 117 35 heller
563 1538 89 35 böra
680 1536 42 36 af
744 1536 209 47 Riksdagen
983 1535 157 37 bifallas.

521 1587 53 37 Af
597 1587 197 37 enahanda
828 1587 202 46 anledning
1065 1599 106 24 anser
1198 1586 55 46 sig
1280 1586 179 36 utskottet
1480 1586 137 46 jemväl
1644 1586 93 36 böra
1764 1585 167 50 afstyrka
1958 1585 70 37 den

420 1639 210 47 föreslagna
656 1637 265 46 förändringen
949 1638 12 34 i
986 1637 257 46 aflöningarna
1261 1637 101 35 inom
1380 1636 46 36 de
1444 1636 216 36 nuvarande
1679 1636 63 37 två
1760 1636 270 47 lönegraderna

419 1690 60 36 för
510 1689 327 47 postexpeditörer.
890 1688 175 36 Deremot
1104 1689 120 35 finner
1264 1688 55 47 sig
1357 1688 181 35 utskottet
1577 1686 259 37 oförhindradt
1877 1692 54 30 att
1971 1687 59 35 till

420 1748 168 28 närmare
615 1739 176 49 pröfning
817 1745 165 43 upptaga
1009 1738 174 46 frågorna
1211 1751 60 23 om
1290 1738 209 36 inrättande
1517 1736 39 37 af
1572 1751 73 35 nya
1664 1738 365 47 expeditörstjenster

421 1792 70 35 och
519 1804 59 22 om
605 1789 240 37 anordnande
873 1789 40 36 af
938 1803 46 22 en
1011 1802 49 36 ny
1088 1788 311 47 hufvudsakligen
1436 1788 59 36 för
1528 1789 164 47 qvinliga
1721 1788 232 47 expeditörer
1980 1787 49 37 af-

420 1842 90 36 sedd
536 1841 188 46 lönegrad,
753 1841 176 36 ehuruväl
956 1840 181 35 utskottet
1164 1840 78 35 icke
1268 1838 177 45 förbisett,
1473 1844 53 30 att
1553 1852 133 33 genom
1705 1838 170 47 åtgärder
1893 1839 11 35 i
1925 1839 104 36 dessa

421 1893 207 47 rigtningar
664 1898 52 30 ett
751 1896 92 31 stort
878 1892 104 34 antal
1017 1889 263 37 förutvarande
1316 1889 309 48 postförvaltares,
1663 1890 268 36 kontrollörers
1960 1890 69 36 och

421 1943 251 46 expeditörers
700 1943 202 35 inkomster
929 1940 40 36 af
993 1941 204 48 uppbörds-
1224 1941 69 35 och
1320 1939 385 49 frimärkesprovision
1734 1941 118 35 skulle
1880 1941 150 35 komma

421 1999 64 39 att,
513 1994 223 35 åtminstone
763 1993 57 35 till
848 2006 43 22 en
920 1992 140 46 början,
1088 1992 12 35 i
1127 1991 123 47 någon
1277 1990 84 37 mån
1388 1992 172 35 minskas.

523 2044 53 36 De
603 2042 382 50 aflöningsförmåner,
1014 2055 78 23 som
1119 2042 42 36 af
1184 2042 133 46 Kongl.
1350 2041 103 48 Maj:t
1479 2041 208 47 föreslagits
1714 2041 59 37 för
1800 2042 70 36 den
1897 2041 132 47 ifråga-

421 2099 98 32 satta
570 2095 115 46 tredje
739 2093 234 47 lönegraden,
1024 2092 57 36 för
1124 2093 112 36 hvars
1280 2093 211 36 inrättande
1535 2092 96 47 goda
1677 2093 81 35 skäl
1800 2092 126 36 blifvit
1970 2105 60 22 an-

420 2145 117 43 förda,
577 2145 110 36 hafva
728 2150 101 43 synts
868 2145 180 35 utskottet
1075 2156 89 23 vara
1191 2145 61 35 väl
1279 2144 141 47 knappt
1447 2144 183 43 tillmätta,
1659 2143 69 36 och
1755 2143 181 36 utskottet
1963 2143 67 35 har

422 2195 126 37 derför
586 2201 92 30 trott
718 2196 54 48 sig
812 2196 90 35 böra
941 2194 196 36 hemställa
1173 2207 61 23 om
1266 2193 119 46 någon
1414 2193 223 48 förbättring
1664 2194 13 35 i
1705 2194 103 36 dessa
1835 2193 195 48 aflönings-

421 2246 196 37 förmåner.
672 2246 187 36 Utskottet
885 2246 69 35 har
981 2250 120 31 ansett
1128 2245 122 36 denna
1276 2244 225 49 förbättring
1527 2245 200 47 lämpligen
1755 2245 128 35 kunna
1903 2243 127 46 åväga-
