2206 2638
409 197 37 27 32
929 192 228 28 Statsutskottets
1184 191 151 28 Utlåtande
1358 190 57 29 N:o
1440 191 48 27 60.

408 272 100 35 holm
536 269 249 37 behandlades
813 282 44 23 en
885 267 166 37 afsevärd
1079 267 133 46 mängd
1242 266 41 37 af
1305 265 270 38 transiterande
1604 270 129 43 poster,
1762 264 78 36 dels
1868 269 53 30 att
1948 263 62 37 vid

408 322 265 46 postkontoren
709 321 12 34 i
758 319 202 45 Karlsborg
1000 319 69 35 och
1110 318 173 48 Ljungby
1319 316 450 49 postsparbanksrörelsen
1807 314 205 46 öfverstege

410 373 69 35 den
515 372 64 36 vid
615 371 266 48 postkontoren
908 370 177 42 normala,
1114 369 75 35 dels
1218 369 68 35 ock
1314 368 157 36 rörande
1498 368 266 47 postkontoren
1791 366 12 34 i
1832 365 180 43 Ronneby

410 423 66 35 och
503 421 207 37 Strömstad
737 426 55 31 att
819 420 168 36 afseende
1015 425 137 30 ansetts
1180 420 90 34 böra
1288 418 111 36 fästas
1418 418 63 37 vid
1501 418 105 35 dessa
1623 418 152 34 kontors
1795 415 218 46 belägenhet

412 477 19 31 å
457 473 153 36 besökta
637 472 182 43 badorter,
850 471 150 36 hvartill
1028 469 59 36 för
1113 471 256 45 postkontoret
1394 470 13 35 i
1434 467 206 38 Strömstad
1667 468 157 41 komme,
1852 472 53 29 att
1932 465 81 36 dess

410 523 425 47 postsparbanksrörelse
870 535 85 23 vore
991 526 117 31 större
1144 528 43 27 än
1222 520 63 36 vid
1313 521 267 45 postkontoren
1608 519 11 34 i
1647 518 212 35 allmänhet.
1915 516 99 35 Post-

412 577 169 33 kontoret
621 574 12 35 i
676 573 189 45 Borlänge,
904 572 142 36 hvilket
1086 576 154 43 öppnats
1277 570 72 36 den
1390 574 8 32 1
1435 570 94 46 april
1561 571 92 34 1896
1683 568 67 36 och
1779 566 58 37 för
1863 567 151 39 hvilket,

411 626 156 35 likasom
603 624 58 36 för
696 623 44 36 de
773 622 117 47 öfriga
917 622 101 36 förut
1046 622 191 35 anmärkta
1264 622 145 43 kontor,
1436 634 79 22 som
1544 624 156 43 öppnats
1729 618 117 36 under
1873 623 142 30 senaste

411 674 274 49 femårsperiod,
712 674 124 46 någon
863 672 220 46 fullständig
1109 672 293 36 femårsstatistik
1429 671 80 36 icke
1537 671 144 34 kunnat
1707 676 195 39 uppgöras,
1921 667 94 36 hade

412 727 190 47 upptagits
621 726 10 34 i
652 725 120 36 denna
790 725 107 44 klass,
917 723 154 37 emedan
1092 722 217 49 uppbörden
1328 722 113 35 redan
1460 720 159 49 uppgått
1636 721 59 34 till
1721 722 124 43 19,067
1867 719 148 42 kronor,

412 777 67 36 och
515 777 174 35 kontoret
723 775 97 36 hade
856 788 43 23 en
931 774 436 47 postsparbanksrörelse,
1394 785 79 23 som
1501 784 89 24 vore
1617 770 184 49 betydligt
1828 775 114 30 större
1970 776 45 28 än

413 828 69 35 den
511 827 63 36 vid
602 827 220 46 postkontor
847 826 172 44 vanligen
1048 823 314 37 förekommande.

511 877 16 35 I
555 879 56 33 53:e
638 878 139 34 klassen
807 876 100 43 hade,
936 876 118 35 ehuru
1083 874 82 36 med
1192 875 102 47 lägre
1321 871 294 48 medeluppbörd
1642 879 44 28 än
1721 874 128 41 10,000
1868 871 149 42 kronor,

414 929 188 46 upptagits
642 928 264 46 postkontoren
943 927 11 34 i
984 922 230 49 Bengtsfors,
1255 924 141 48 Hörby,
1435 922 210 37 Marstrand
1682 922 66 35 och
1783 920 236 44 Nederkalix,

414 979 145 36 hvilkas
586 977 215 37 nuvarande
829 977 170 48 uppbörd
1027 981 136 31 ansetts
1191 977 130 34 kunna
1348 975 180 36 beräknas
1556 974 55 34 till
1631 985 92 35 resp.
1744 974 105 42 9,562
1872 972 147 42 kronor,

415 1032 101 43 9,991
550 1029 147 44 kronor,
726 1032 106 40 9,595
862 1028 137 35 kronor
1027 1027 68 35 och
1127 1029 126 42 11,505
1283 1027 149 42 kronor,
1460 1024 137 44 dervid,
1626 1029 103 29 utom
1755 1022 70 36 den
1846 1022 173 45 stegring,

414 1092 77 23 som
532 1079 156 36 sålunda
727 1079 96 35 skett
862 1079 12 34 i
913 1076 220 49 uppbörden
1171 1076 62 37 vid
1272 1076 103 35 dessa
1409 1076 148 43 kontor,
1595 1073 119 36 såsom
1747 1073 80 35 skäl
1854 1073 85 45 gält,
1967 1077 55 30 att

414 1131 258 45 postkontoret
706 1129 10 35 i
744 1128 214 48 Bengtsfors
986 1127 95 36 hade
1109 1140 43 22 en
1179 1125 211 49 betydande
1416 1124 428 47 postsparbanksrörelse
1871 1123 67 35 och
1967 1127 54 31 att

416 1182 258 47 postkontoret
700 1181 9 34 i
738 1178 208 36 Marstrand
974 1191 89 22 vore
1091 1178 143 45 beläget
1262 1176 21 36 å
1311 1190 44 22 en
1383 1176 150 48 mycket
1559 1175 129 35 besökt
1714 1173 143 37 badort.

515 1230 419 48 Generalpoststyrelsen
976 1228 96 35 hade
1111 1228 120 35 tillika
1270 1226 213 44 frambållit,
1519 1231 55 30 att
1601 1225 70 36 den
1699 1224 40 36 af
1762 1225 179 48 styrelsen
1969 1222 53 36 säå-

416 1282 116 36 lunda
571 1281 217 45 föreslagna,
830 1279 321 47 hufvudsakligast
1191 1277 47 48 på
1278 1277 365 48 uppbördsbeloppet
1682 1275 192 48 grundade
1910 1275 113 35 klass-

416 1333 194 45 indelning
637 1331 39 37 af
698 1331 265 47 postkontoren
991 1329 229 45 rättvisligen
1248 1328 126 40 borde,
1402 1340 59 23 om
1490 1327 73 36 den
1587 1325 223 47 godkändes,
1828 1325 193 36 framdeles

417 1384 53 35 tid
497 1382 92 38 efter
616 1395 121 23 annan
765 1382 11 35 i
804 1381 152 45 behörig
984 1380 159 47 ordning
1169 1378 166 36 medföra
1362 1378 171 46 partiella
1560 1376 278 49 förflyttningar
1864 1375 40 36 af
1927 1380 95 43 post-

417 1435 137 35 kontor
593 1433 80 36 från
715 1445 45 23 en
796 1433 95 35 klass
926 1432 58 34 till
1021 1443 132 32 annan,
1185 1430 67 35 allt
1280 1428 91 37 efter
1398 1441 79 23 som
1505 1427 163 36 ändrade
1695 1427 327 48 uppbördsbelopp

419 1486 86 35 eller
532 1485 118 35 andra
676 1484 130 47 giltiga
834 1481 313 46 omständigheter
1174 1480 124 36 dertill
1325 1479 123 36 kunde
1474 1478 202 37 föranleda.

221 1545 201 40 Uppbördspror
525 1534 120 37 Sedan
673 1533 412 48 generalpoststyrelsen
1112 1532 11 35 i
1151 1530 188 37 skrifvelse
1367 1530 70 35 den
1467 1533 44 33 24
1533 1529 154 36 oktober
1708 1530 94 34 1893
1822 1526 204 37 framhållit

251 1586 135 56 fioening.
426 1586 295 36 Onskvärdheten
749 1583 114 46 deraf,
889 1588 63 40 att,
978 1582 121 36 såsom
1126 1595 43 23 en
1195 1580 266 37 förberedande
1487 1579 129 47 åtgärd
1639 1580 58 34 till
1715 1577 310 49 uppbördsprovi-

421 1637 146 36 sionens
607 1636 160 46 fixering
807 1635 67 35 och
915 1634 225 45 omsättning
1178 1633 57 35 till
1275 1631 74 36 fast
1382 1631 176 47 aflöning,
1594 1629 62 37 vid
1685 1628 157 37 derefter
1868 1627 158 37 skeende

420 1686 402 48 tjenstetillsättningar
848 1686 98 35 inom
975 1684 228 47 postverkets
1231 1681 333 46 lokalförvaltning
1589 1679 183 37 förbehåll
1799 1678 146 49 gjordes
1964 1691 61 23 om

421 1736 417 49 tjensteinnehafvarens
873 1734 214 49 skyldighet
1123 1739 53 30 att
1203 1733 224 36 underkasta
1455 1733 55 45 sig
1538 1731 102 49 dylik
1669 1731 235 44 omsättning,
1930 1728 96 37 hade

421 1788 134 46 Kongl.
591 1787 99 46 Maj:t
716 1799 135 36 genom
877 1786 122 36 beslut
1026 1785 70 36 den
1128 1788 41 32 17
1198 1784 202 36 november
1429 1785 93 34 1893
1552 1781 189 44 förklarat,
1769 1786 63 40 att,
1859 1780 62 37 vid
1949 1780 78 35 der-

422 1838 91 37 efter
553 1837 157 38 skeende
749 1837 264 47 tillsättningar
1048 1834 41 37 af
1119 1835 150 46 tjenster
1301 1835 101 34 inom
1429 1833 229 48 postverkets
1685 1831 342 46 lokalförvaltning,

422 1891 11 35 i
469 1890 45 36 de
549 1889 287 42 konstitutorial,
872 1900 76 23 som
985 1886 21 35 å
1041 1886 202 47 tjensterna
1269 1883 221 44 utfärdades,
1518 1882 180 37 förbehåll
1726 1883 120 35 skulle
1872 1882 155 46 intagas,

423 1945 53 31 att
501 1937 401 51 tjensteinnehafvaren
925 1950 88 24 vore
1031 1935 250 38 underkastad
1301 1935 70 36 den
1390 1935 185 46 reglering
1593 1933 40 36 af
1648 1931 380 49 aflöningsförmåner,

423 2004 79 22 som
530 1990 126 36 kunde
681 1991 152 34 komma
860 1994 54 30 att
940 2000 68 34 ega
1035 2000 84 23 rum
1146 1988 10 34 i
1176 1986 267 45 sammanhang
1461 1984 85 36 med
1566 1984 274 36 bestämmelser
1859 1996 60 22 om
1938 1995 90 33 upp-

425 2041 164 36 hörande
616 2040 39 36 af
678 2040 69 36 den
775 2053 52 22 nu
854 2037 183 48 utgående
1064 2037 387 48 uppbördsprovision.

524 2091 118 37 Deraf
674 2090 134 46 ansåge
839 2088 412 48 generalpoststyrelsen
1280 2087 169 45 ostridigt
1476 2084 155 48 framgå,
1658 2089 54 31 att
1739 2084 44 36 de
1810 2085 216 45 tjenstemän

425 2143 101 35 inom
554 2142 228 47 postverkets
810 2139 342 45 lokalförvaltning,
1179 2138 129 36 hvilka
1335 2137 20 35 å
1381 2138 156 44 tjensten
1567 2135 146 36 erhållit
1740 2134 175 45 fullmagt
1942 2133 88 36 eller

425 2193 286 44 konstitutorial,
750 2193 116 34 innan
906 2189 163 37 nämnda
1108 2187 238 38 förklarande
1378 2186 135 47 gifvits,
1541 2186 69 36 och
1636 2185 58 36 för
1720 2186 128 35 hvilka
1874 2182 156 38 sålunda

425 2244 101 36 detta
564 2242 182 37 förbehåll
784 2242 81 36 icke
903 2240 124 37 blifvit
1063 2239 132 48 gjordt,
1229 2239 80 35 icke
1336 2250 87 24 vore
1449 2237 170 49 skyldige
1645 2241 54 30 att
1725 2235 224 36 underkasta
1976 2233 55 46 sig
