2234 2638
424 189 59 29 102
956 189 228 28 Statsutskottets
1213 189 148 28 Utlåtande
1384 189 59 28 N:o
1468 190 47 27 60.

421 264 41 37 G.
491 266 49 35 D.
570 266 43 35 R.
648 266 251 48 Tornerhjelm,
927 266 130 36 hvilka
1085 270 129 39 ansett,
1248 270 55 31 att
1329 266 197 36 utskottets
1553 266 175 48 yttrande
1755 266 68 36 och
1852 264 141 49 förslag
2020 266 10 35 i

419 315 123 37 denna
568 316 59 36 del
654 317 86 35 bort
767 317 139 36 erhålla
932 315 167 49 följande
1125 316 157 44 lydelse:

528 384 73 35 »Då
627 388 123 44 någon
771 385 116 48 utsigt
905 385 81 35 icke
1006 397 108 36 synes
1132 384 209 42 förefinnas,
1365 389 56 30 att
1440 384 63 36 det
1521 385 99 34 antal
1640 383 40 36 af
1695 383 75 36 fem
1789 383 143 49 byråer,
1952 396 78 23 som

418 454 48 3 —
495 434 144 36 oafsedt
670 436 320 46 postsparbanken
1018 455 48 3 —
1094 436 66 35 allt
1190 434 100 37 ifrån
1317 434 131 48 början
1477 434 40 36 af
1541 438 39 32 år
1611 436 93 34 1896
1734 435 101 35 inom
1863 435 167 47 general-

419 486 250 47 poststyrelen
696 487 99 34 varit
812 487 13 34 i
845 486 245 44 verksamhet,
1119 486 92 35 skall
1239 486 125 34 kunna
1390 484 59 36 för
1477 484 198 37 framtiden
1705 485 171 43 minskas,
1898 486 69 34 och
1986 484 46 36 då

419 535 63 36 det
510 548 109 36 synes
647 536 213 43 önskvärdt,
889 541 55 30 att
973 536 143 36 arbetet
1142 537 101 34 inom
1273 536 182 48 styrelsen
1484 539 59 32 må
1570 540 144 31 snarast
1738 536 147 47 möjligt
1904 536 127 34 kunna

419 586 187 36 definitivt
629 587 182 35 anordnas
839 587 116 47 enligt
984 587 44 35 de
1056 587 12 35 i
1096 586 410 47 statsrådsprotokollet
1533 585 153 49 angifna
1714 586 179 47 grunder,
1922 598 109 23 anser

420 637 58 47 sig
521 637 182 35 utskottet
744 637 89 35 böra
872 637 195 35 hemställa
1107 650 59 22 om
1206 635 104 37 bifall
1346 637 58 35 till
1442 636 132 48 Kongl.
1603 635 125 48 Maj:ts
1754 635 278 48 framställning

420 700 60 22 om
510 686 230 48 uppförande
769 691 19 32 å
815 688 233 47 postverkets
1088 693 73 30 stat
1201 686 40 36 af
1278 687 163 48 aflöning
1481 687 58 35 till
1580 699 44 23 en
1664 685 114 37 femte
1813 685 217 50 byråchef
2009 681 23 59 i

419 739 192 46 styrelsen.

523 820 125 37 Under
674 821 234 48 åberopande
934 821 42 36 af
998 821 99 37 hvad
1125 821 157 36 sålunda
1308 819 125 38 blifvit
1460 820 158 45 anfördt,
1645 819 57 37 får
1729 821 179 35 utskottet
1934 821 99 36 hem-

420 872 121 35 ställa:

924 919 71 48 1:0)
1023 927 54 30 att
1102 921 211 48 Riksdagen
1340 921 69 46 må,
1438 922 85 36 med
1550 920 104 38 bifall
1683 922 59 35 till
1760 921 131 48 Kongl.
1911 921 121 48 Maj:ts

821 972 127 37 derom
989 971 217 37 framstälda
1245 971 148 49 förslag,
1434 973 13 35 i
1487 972 432 49 generalpoststyrelsens
1961 978 72 30 stat

821 1022 160 48 uppföra
1008 1023 163 46 aflöning
1199 1023 58 36 till
1283 1023 218 48 ytterligare
1529 1036 43 23 en
1599 1022 182 49 byråchef
1807 1022 84 36 med
1922 1025 110 44 6,400

820 1074 148 43 kronor,
1009 1073 106 36 deraf
1147 1076 108 42 4,400
1296 1074 138 35 kronor
1461 1075 74 43 lön,
1563 1085 78 24 som
1669 1071 92 38 efter
1787 1072 74 37 fem
1889 1072 40 36 år
1958 1074 73 34 kan

820 1123 103 48 höjas
963 1123 85 37 med
1076 1126 70 34 600
1183 1124 148 44 kronor,
1359 1123 69 36 och
1459 1126 106 42 2,000
1592 1124 139 35 kronor
1757 1124 275 46 tjenstgörings-

820 1186 237 35 penningar.>

520 1291 63 36 vid
611 1303 104 24 mom.
744 1291 76 44 4:0o)
849 1292 61 35 och
936 1292 78 44 5:o)
1042 1289 97 48 (ang.
1166 1291 211 36 inrättande
1404 1290 41 36 af
1471 1291 78 36 dels
1576 1304 50 32 ny
1654 1291 179 47 lönegrad
1856 1290 59 37 för
1933 1296 99 43 post-

420 1342 233 46 expeditörer
680 1342 69 35 och
778 1342 77 35 dels
881 1355 76 35 nya
985 1341 579 49 postexpeditörsbefattningar):

522 1408 40 36 af
585 1409 127 36 herrar
740 1408 37 37 S.
810 1408 41 37 G.
879 1422 67 23 von
975 1408 159 46 Friesen,
1177 1410 48 35 H.
1253 1410 220 41 Andersson,
1518 1407 36 38 &C.
1584 1409 164 42 Persson,
1790 1410 32 35 I.
1852 1409 179 36 Månsson

420 1460 69 35 och
522 1459 39 37 O.
591 1460 183 44 Erickson,
804 1460 127 36 hvilka
958 1465 131 40 ansett,
1116 1465 54 31 att
1196 1460 197 36 utskottets
1421 1459 174 46 yttrande
1623 1460 68 35 och
1719 1459 139 47 förslag
1876 1460 11 35 i
1907 1459 124 37 denna

420 1510 61 36 del
507 1510 86 36 bort
619 1510 141 36 erhålla
786 1509 163 47 följande
976 1511 153 48 lydelse:

528 1577 73 37 »De
627 1577 380 47 aflöningsförmåner,
1024 1590 77 23 som
1129 1577 41 36 af
1193 1577 134 47 Kongl.
1353 1576 103 48 Maj:t
1481 1576 208 47 föreslagits
1716 1576 58 38 för
1802 1577 70 37 den
1900 1576 132 48 ifråga-

421 1634 96 30 satta
543 1628 117 48 tredje
699 1628 237 48 lönegraden,
976 1628 114 36 hafva
1124 1634 104 43 synts
1255 1628 180 36 utskottet
1472 1641 89 22 vara
1587 1629 60 35 väl
1674 1628 144 48 knappt
1843 1629 187 44 tillmätta,

421 1679 69 36 och
530 1680 178 35 utskottet
747 1679 69 36 har
855 1678 124 37 derför
1013 1684 90 31 trott
1143 1679 55 46 sig
1225 1680 90 35 böra
1341 1679 197 36 hemställa
1566 1691 59 23 om
1653 1678 124 46 någon
1806 1678 225 47 förbättring

420 1731 9 34 i
459 1729 105 37 dessa
603 1729 380 47 aflöningsförmåner.
1036 1729 188 37 Utskottet
1264 1730 68 35 har
1371 1734 122 31 ansett
1519 1729 120 36 denna
1665 1729 224 47 förbättring
1916 1730 115 46 lämp-

420 1780 100 46 ligen
548 1781 127 35 kunna
701 1780 269 47 åvägabringas
1004 1781 224 45 derigenom,
1257 1786 54 30 att
1336 1781 12 35 i
1375 1781 126 35 stället
1526 1779 57 37 för
1611 1780 70 36 den
1700 1779 42 36 af
1766 1779 134 48 Kongl.
1928 1780 104 48 Maj:t

420 1829 211 48 föreslagna
669 1831 117 48 tredje
826 1831 223 46 lönegraden
1090 1831 83 36 med
1219 1834 102 41 1,200
1358 1831 158 36 kronors
1555 1830 288 50 begynnelselön
1871 1831 69 36 och
1967 1831 64 36 två

421 1881 260 47 ålderstillägg,
707 1882 198 36 hvartdera
924 1882 21 36 å
968 1885 70 34 150
1061 1882 148 44 kronor,
1232 1881 201 37 inrättades
1451 1881 65 36 två
1538 1894 83 33 nya,
1640 1880 313 47 hufvudsakligen
1972 1881 59 37 för

421 1932 166 48 qvinliga
626 1933 232 46 expeditörer
895 1931 152 38 afsedda
1079 1932 228 47 lönegrader,
1334 1932 70 36 den
1433 1945 69 23 ena
1528 1931 83 37 med
1639 1932 45 36 de
1712 1931 41 37 af
1775 1931 133 48 Kongl.
1928 1932 103 48 Maj:t

420 1982 210 46 föreslagna
669 1982 321 38 löneförmånerna
1031 1989 94 30 samt
1150 1988 75 31 rätt
1265 1983 176 47 derjemte
1468 1983 58 35 till
1553 1982 109 37 andel
1691 1983 10 35 i
1729 1983 204 48 uppbörds-
1962 1983 68 35 och

420 2033 384 49 frimärkesprovision
833 2035 115 46 enligt
976 2047 50 22 nu
1054 2034 171 45 gällande
1252 2033 173 48 grunder,
1452 2040 96 29 samt
1574 2033 70 36 den
1673 2033 117 36 andra
1816 2033 85 37 med
1924 2035 105 42 1,400

421 2085 157 35 kronors
600 2085 287 47 begynnelselön
912 2086 114 47 jemte
1053 2084 62 36 två
1143 2084 249 46 ålderstillägg
1420 2083 41 37 af
1483 2084 163 36 nämnda
1673 2084 137 36 storlek
1839 2083 191 38 äfvensom

421 2135 112 36 andel
558 2135 13 35 i
597 2136 198 46 provision.

522 2185 16 36 I
564 2184 105 47 fråga
708 2199 61 23 om
809 2187 140 35 antalet
988 2184 41 37 af
1062 2184 45 36 de
1133 2184 240 47 erforderliga
1399 2197 76 36 nya
1501 2184 435 47 tjenstebefattningarna
1962 2183 68 37 vill

421 2237 182 35 utskottet
628 2236 57 35 till
709 2250 44 23 en
780 2237 129 48 början
943 2237 122 36 erinra
1092 2236 136 45 derom,
1256 2240 54 31 att
1335 2236 416 48 generalpoststyrelsen
1779 2236 56 36 till
1862 2234 83 37 stöd
1972 2233 58 37 för
