2150 2580
713 143 232 31 Statsutskoltets
974 145 153 31 Utlåtande
1150 147 58 30 N:o
1232 148 47 28 13.
1772 148 15 30 1

877 792 96 38 N:o
1009 792 90 41 183,

735 948 106 25 Ankom
861 948 40 25 till
920 949 169 31 Riksdagens
1109 950 86 26 kansli
1216 951 15 26 6
1250 951 51 26 den
1321 951 64 27 febr.
1409 952 75 34 1908,
1504 953 33 27 kl.
1559 954 16 26 3
1595 962 21 18 e.
1637 962 34 19 m.

508 1088 195 45 Utlåtande,
738 1092 177 42 angående
954 1093 346 44 riksgäldskontorets
1330 1094 222 48 förvaltning
1580 1099 111 34 under
1714 1100 64 34 den

626 1161 59 42 tid,
717 1172 72 24 som
810 1162 166 44 förflutit,
1002 1165 109 34 sedan
1136 1165 258 43 ansvarsfrihet
1420 1172 118 31 senast
1555 1169 221 36 tillerkändes

616 1230 224 46 Fullmäktige
867 1234 13 33 i
908 1235 156 34 nämnda
1088 1236 129 35 kontor.

1528 1292 52 42 (BR.
1610 1292 58 49 A.)

283 1437 117 37 Sedan
440 1440 269 36 statsutskottet
737 1442 93 49 tagit
860 1443 204 37 kännedom
1093 1458 61 23 om
1184 1446 69 36 den
1282 1446 41 36 af
1349 1448 225 49 Riksdagens
1602 1452 40 33 år
1674 1452 97 37 1902

174 1490 222 38 församlade
424 1493 175 36 revisorer
626 1493 140 49 afgifna
794 1496 192 36 berättelse
1015 1511 60 22 om
1104 1500 273 49 granskningen
1406 1500 40 36 af
1466 1503 306 48 riksgäldskonto-

175 1550 73 30 rets
288 1544 167 38 tillstånd
491 1546 66 36 och
586 1545 238 52 förvaltning,
856 1550 149 36 hvilken
1035 1551 194 37 berättelse
1257 1554 58 35 till
1346 1555 178 36 utskottet
1551 1558 222 37 remitterats

175 1598 68 35 och
271 1598 115 36 bland
415 1600 214 36 kamrarnes
656 1601 203 37 ledamöter
887 1604 11 34 i
927 1604 106 48 tryck
1062 1605 169 46 utdelats,
1254 1613 93 30 samt
1365 1610 203 47 genomläst
1587 1610 45 36 de
1652 1617 120 42 proto-

179 1651 87 45 koll,
296 1651 127 37 hvilka
453 1653 127 36 blifvit
608 1654 64 35 hos
701 1653 235 52 fullmäktige
965 1658 9 34 i
1006 1658 350 49 riksgäldskontoret
1384 1661 106 36 förda
1518 1662 93 37 efter
1631 1664 70 36 den
1722 1667 46 35 25

174 1705 209 47 september
427 1708 111 43 1902,
577 1707 86 36 med
697 1708 149 37 hvilken
880 1710 70 48 dag
978 1712 245 37 revisorernas
1241 1715 433 52 protokollsgranskning
1702 1719 68 35 slu-

173 1757 94 45 tade,
295 1758 60 36 till
383 1759 69 36 och
480 1760 82 36 med
591 1760 70 37 den
696 1764 45 35 19
765 1763 149 48 januari
946 1766 111 44 1903,
1090 1767 150 35 hvilken
1270 1767 71 49 dag
1373 1768 253 52 fullmäktiges
1656 1772 114 36 berät-

172 1811 88 36 telse
279 1812 59 35 till
366 1812 243 37 innevarande
638 1814 57 36 års
724 1815 162 49 Riksdag
918 1816 119 37 blifvit
1060 1817 176 50 afgifven,
1256 1819 55 38 får
1331 1823 179 36 utskottet
1530 1837 50 22 nu
1600 1825 169 36 meddela

171 1865 172 46 yttrande
371 1866 84 36 med
484 1866 201 50 anledning
713 1867 42 37 af
780 1869 164 46 berörda,
974 1870 155 38 sålunda
1158 1874 227 37 verkställda
1413 1877 237 50 granskning.

961 1998 67 34 1:0.

277 2078 192 44 Angående
496 2080 195 37 skillnaden
718 2082 127 36 mellan
872 2087 130 33 statens
1030 2087 144 43 utgifter
1194 2088 65 42 för
1277 2090 243 44 järnvägslån
1548 2092 60 35 och
1636 2096 129 34 statens

170 2130 185 36 inkomster
395 2132 72 35 dels
509 2132 48 43 af
591 2134 159 36 behållna
777 2137 220 45 trafikmedel,
1028 2140 71 35 dels
1129 2140 49 43 af
1198 2142 157 36 enskilda
1376 2141 389 55 Järnvägsaktiebolags

170 2184 329 37 annuiltetslikvider.

260 2247 68 29 Bih.
355 2247 45 30 till
423 2248 102 30 Riksd.
551 2249 82 30 Prot.
660 2251 94 29 1903.
795 2253 20 28 4
833 2252 90 30 Saml.
958 2255 16 28 1
993 2255 71 36 Afd.
1114 2256 38 29 13
1175 2257 87 35 Häft.
1311 2258 76 38 (N:o
1411 2259 66 39 13).
1702 2261 15 30 1
