1882 2794
472 157 287 33 Statsutskottets
782 155 179 31 utlåtande
981 163 43 21 nr
1044 154 40 30 10
1104 153 39 31 år
1167 153 83 29 1955
1596 147 19 30 9

262 312 229 50 Bergsbruk,
514 311 175 42 industri,
711 308 204 42 hantverk,
937 306 153 36 teknisk
1112 304 201 47 forskning
1334 315 53 23 m.
1403 315 53 22 m.

156 431 93 34 15:0)
269 430 156 35 Sveriges
440 428 198 37 geologiska
654 424 275 36 undersökning:
948 422 222 35 Avlöningar.
1188 420 123 37 Kungl.
1329 418 103 37 Maj:t
1447 417 64 30 har
1527 416 89 30 före-

114 482 100 38 slagit
232 481 185 37 riksdagen
439 478 127 39 (punkt
587 477 47 35 19,
655 486 25 21 s.
700 476 139 33 20—23)
864 476 48 29 att
931 474 72 30 dels
1023 473 183 37 godkänna
1225 480 42 20 av
1286 467 331 40 departementsche-

113 534 59 30 fen
192 533 166 31 förordad
377 531 148 39 ändring
543 531 11 30 i
573 526 432 44 personalförteckningen
1023 525 54 29 för
1099 523 155 40 Sveriges
1273 521 199 41 geologiska
1491 519 126 30 under-

115 584 159 39 sökning,
301 583 74 30 dels
399 582 188 40 godkänna
612 589 41 21 av
678 576 387 43 departementschefen
1091 573 166 32 förordad
1283 571 254 39 avlöningsstat
1562 569 55 30 för

116 634 154 40 Sveriges
296 632 199 41 geologiska
520 630 275 38 undersökning,
821 629 51 29 att
897 627 177 39 tillämpas
1101 625 71 30 tills
1198 624 118 30 vidare
1341 622 80 30 från
1446 620 66 31 och
1538 619 79 30 med

114 684 206 40 budgetåret
347 682 160 36 1955/56,
533 682 74 29 dels
632 680 67 30 ock
724 680 52 30 till
803 677 155 39 Sveriges
985 675 198 41 geologiska
1208 672 280 39 undersökning:
1519 670 100 30 Avlö-

116 736 124 39 ningar
257 735 55 29 för
331 733 155 31 nämnda
503 731 169 40 budgetår
691 730 122 31 anvisa
833 730 49 30 ett
899 726 274 40 förslagsanslag
1191 734 42 21 av
1251 724 64 31 989
1329 723 63 30 400
1411 723 141 29 kronor.

160 836 166 39 Anslaget
347 836 39 29 är
406 834 54 30 för
481 831 237 31 innevarande
740 828 170 41 budgetår
930 827 145 41 uppfört
1095 826 80 30 med
1196 825 63 31 943
1275 823 61 32 700
1359 824 142 29 kronor.

161 886 117 31 Under
304 884 211 39 hänvisning
542 883 52 30 till
620 882 66 30 vad
714 881 126 30 chefen
866 879 54 30 för
946 877 359 40 civildepartementet
1333 875 118 29 anfört
1476 873 12 29 i
1515 872 58 30 bil.
1600 872 19 30 2

117 937 53 30 till
201 933 459 42 statsverkspropositionen
690 931 148 31 föreslår
869 927 396 42 departementschefen,
1296 927 52 28 att
1377 923 242 39 befattningen

119 997 75 20 som
216 985 277 38 kansliskrivare
514 984 12 29 i
547 984 47 30 Ca
618 984 38 30 15
678 981 173 31 ombildas
874 980 52 29 till
948 989 44 20 en
1013 977 256 39 kassörstjänst
1291 976 10 29 i
1324 976 46 30 Ca
1395 975 37 30 17
1458 976 92 28 samt
1570 974 50 28 att

117 1037 243 39 befattningen
381 1044 75 21 som
478 1032 346 32 laboratoriebiträde
846 1030 197 40 uppflyttas
1065 1028 80 30 från
1168 1027 43 31 Ce
1233 1027 20 29 8
1275 1026 52 30 till
1351 1026 43 30 Ce
1418 1025 49 30 11.
1491 1023 130 31 Härvid

117 1088 217 35 förutsättes,
355 1088 51 28 att
424 1086 170 29 kassören
614 1083 89 30 skall
723 1083 46 29 ha
788 1081 336 39 redogörareansvar
1145 1078 55 30 för
1219 1075 329 40 undersökningens
1568 1075 54 29 rä-

118 1138 208 39 kenskaper.

162 1187 207 40 Geologiska
392 1184 310 40 undersökningen
724 1183 64 30 har
814 1182 79 30 med
916 1181 138 39 hänsyn
1077 1179 52 30 till
1155 1175 467 44 uppdragsverksamhetens

118 1238 214 39 omfattning
353 1237 110 30 under
486 1235 208 40 föregående
714 1232 193 41 budgetgår
929 1230 180 40 föreslagit
1130 1239 43 20 en
1194 1228 148 40 höjning
1364 1237 42 21 av
1425 1228 125 39 posten
1571 1225 52 30 till

120 1289 163 39 avlöning
305 1288 52 30 till
379 1289 98 28 extra
499 1285 162 41 personal
683 1285 80 29 med
785 1283 41 31 42
842 1283 62 30 000
928 1283 130 29 kronor
1080 1281 53 31 till
1155 1280 40 30 72
1211 1280 62 30 000
1295 1279 141 29 kronor.
1459 1278 165 39 Departe-

120 1338 242 31 mentschefen
381 1338 63 37 har
464 1337 88 30 intet
573 1338 51 28 att
644 1336 117 29 erinra
781 1335 74 29 mot
874 1334 57 29 det
951 1331 199 31 beräknade
1170 1330 162 40 beloppet
1351 1329 55 32 för
1427 1327 198 39 avlönings-

120 1390 191 30 kostnader
328 1389 10 29 i
357 1388 189 39 anledning
565 1397 42 20 av
624 1386 169 40 uppdrag.
812 1385 66 30 Det
897 1383 97 30 torde
1013 1381 192 31 emellertid
1225 1380 108 39 enligt
1350 1379 276 40 departements-

120 1440 125 30 chefen
264 1439 170 30 innebära
452 1438 94 30 vissa
566 1437 163 33 fördelar,
749 1444 59 21 om
829 1435 124 39 posten
973 1433 52 30 till
1046 1431 204 39 avlöningar
1272 1430 53 30 till
1345 1431 98 28 extra
1463 1427 162 41 personal

121 1491 124 29 endast
264 1491 97 38 tages
381 1490 11 29 i
412 1487 155 41 anspråk
586 1487 55 30 för
659 1485 165 39 avlöning
846 1493 42 21 av
907 1482 224 34 arbetskraft,
1154 1490 76 21 som
1249 1480 116 31 direkt
1384 1479 167 31 anställes
1571 1478 54 37 för

123 1541 168 40 uppdrag.
320 1539 114 31 Sådan
459 1537 173 41 personal,
660 1545 75 21 som
761 1534 167 32 anställes
953 1534 117 30 såsom
1095 1533 170 29 ersättare
1290 1531 55 30 för
1370 1530 138 30 verkets
1534 1529 92 29 fasta

122 1589 357 40 befattningshavare,
505 1588 45 30 då
575 1587 101 30 dessa
701 1586 97 30 utför
823 1584 170 41 uppdrag,
1018 1583 62 30 bör
1106 1582 106 39 enligt
1238 1579 388 42 departementschefen

122 1642 11 28 i
155 1641 115 30 stället
289 1640 144 30 avlönas
455 1639 78 29 med
553 1637 179 31 anlitande
752 1646 43 21 av
814 1637 124 39 posten
958 1634 52 31 till
1031 1633 204 39 avlöningar
1255 1632 53 30 till
1327 1631 97 39 övrig
1443 1629 184 31 icke-ordi-

124 1691 96 30 narie
241 1690 173 41 personal.
437 1691 13 29 I
473 1689 114 39 själva
606 1688 119 30 verket
748 1686 134 30 utföres
904 1695 42 20 en
970 1683 274 32 förhållandevis
1267 1684 72 28 stor
1362 1682 55 30 del
1438 1690 43 21 av
1502 1680 125 30 under-

125 1741 213 40 sökningens
362 1740 159 40 uppdrag
544 1739 36 31 åt
603 1737 245 31 utomstående
872 1745 43 21 av
937 1734 275 32 ämbetsverkets
1236 1733 92 30 fasta
1352 1731 174 41 personal.
1550 1730 78 31 Med

124 1792 138 39 hänsyn
291 1791 120 30 härtill
440 1790 162 35 förordar
631 1786 388 42 departementschefen
1047 1786 51 28 att
1129 1784 156 39 anslaget
1316 1783 204 39 uppräknas
1549 1781 79 30 med

125 1842 41 30 42
180 1842 63 30 000
271 1842 131 29 kronor
428 1840 54 30 för
510 1839 163 39 avlöning
701 1838 35 30 åt
762 1836 173 42 personal,
963 1845 76 20 som
1065 1835 143 30 avlönas
1237 1833 80 30 från
1345 1831 284 32 icke-ordinarie-

125 1893 134 39 posten.
281 1891 117 30 Under
422 1890 132 30 sådana
576 1888 247 31 förhållanden
844 1886 177 31 erfordras
1045 1885 24 30 f.
1091 1894 33 20 n.
1146 1885 104 38 ingen
1272 1883 148 39 höjning
1442 1892 42 21 av
1506 1883 124 39 posten

125 1942 53 29 till
198 1941 164 39 avlöning
383 1941 52 29 till
455 1941 97 29 extra
573 1938 173 41 personal.
770 1936 227 32 Sistnämnda
1017 1935 221 39 anslagspost
1260 1934 62 30 bör
1345 1933 107 39 enligt
1473 1933 157 39 departe-

127 1991 242 30 mentschefen
395 1999 83 22 vara
504 1989 216 30 maximerad
749 1988 10 29 i
787 1988 68 29 den
881 1986 82 30 mån
989 1986 67 30 den
1083 1987 95 37 tages
1206 1984 11 29 i
1244 1983 154 40 anspråk
1424 1983 125 30 endast
1576 1982 54 30 för

128 2042 172 40 personal,
329 2050 76 21 som
433 2040 115 30 direkt
576 2039 161 30 anställts
767 2038 56 30 för
850 2037 169 40 uppdrag.
1048 2036 98 29 Efter
1176 2034 229 40 medgivande
1434 2042 43 21 av
1504 2032 126 39 Kungl.

128 2092 105 39 Maj:t
258 2092 206 30 förutsättes
490 2092 123 38 posten
641 2089 35 30 få
701 2089 206 40 disponeras
934 2088 87 29 även
1045 2086 55 35 för
1126 2085 132 30 sådana
1284 2083 270 31 lönekostnader
1579 2083 52 29 till

129 2141 388 40 ersättningspersonal,
546 2140 55 31 för
627 2140 94 29 vilka
749 2139 112 29 medel
890 2138 76 29 icke
993 2136 189 30 beräknats
1210 2135 111 29 under
1348 2133 284 31 icke-ordinarie-

129 2194 133 38 posten.

173 2240 413 41 Departementschefens
612 2239 130 39 förslag
765 2238 10 29 i
801 2237 113 40 övrigt
937 2236 145 30 innebär
1106 2236 148 29 allenast
1278 2234 237 30 automatiska
1539 2233 94 29 kost-

130 2291 290 39 nadsändringar.

175 2390 176 31 Utskottet
373 2390 54 29 får
449 2389 114 30 erinra
588 2397 56 20 om
667 2390 51 27 att
736 2387 191 39 riksdagen
950 2394 146 21 numera
1118 2384 128 30 bifallit
1270 2383 125 39 Kungl.
1419 2382 124 40 Maj:ts
1566 2382 69 30 för-

132 2442 73 38 slag
227 2441 112 29 under
362 2440 112 39 bilaga
501 2440 19 29 2
545 2439 10 29 i
579 2438 91 30 årets
694 2435 423 41 statsverksproposition,
1142 2434 106 30 såvitt
1271 2443 46 20 nu
1342 2435 38 29 är
1404 2433 10 29 i
1438 2433 109 39 fråga.
