1884 2776
260 122 20 29 4
576 124 122 31 Första
718 125 244 40 lagutskottets
983 129 179 31 utlåtande
1181 139 44 21 nr
1245 132 15 29 1
1282 131 39 30 år
1342 133 83 29 1964

304 200 51 29 Av
372 209 88 22 ovan
479 203 214 31 omnämnda
714 204 14 30 1
745 205 61 30 781
826 206 152 31 ärenden
996 208 45 30 ha
1060 209 111 30 under
1189 210 39 30 år
1249 211 97 31 1963:

283 271 34 33 1)
346 272 51 30 till
416 282 118 21 annan
554 275 203 40 myndighet
775 277 233 32 överlämnats
1033 303 559 13 .........sssssosssssosn
1539 267 56 56 sn
1703 287 38 30 12

281 324 36 34 2)
347 325 115 30 såsom
488 326 213 33 återkallade
727 330 186 31 avskrivits
945 354 646 14 ......ssssossssssss
1365 320 79 52 sees
1453 320 33 52 ss
1495 320 99 52 sola
1703 340 37 30 10

280 376 35 35 3)
345 380 85 28 utan
452 378 123 41 åtgärd
597 381 187 31 avskrivits
814 406 777 15 ..sssssssssssessssserrsrssss
1406 372 36 56 ss
1452 372 77 56 sons
1543 372 53 56 sn
1678 393 61 31 287

280 429 36 34 4)
346 430 88 31 efter
459 432 278 33 vederbörandes
765 436 156 31 hörande
947 438 83 30 eller
1057 438 88 31 efter
1172 442 206 30 annorledes
1405 444 192 31 verkställd

344 484 189 42 utredning
554 486 186 32 avskrivits
768 512 822 16 ......sssssesesssresserserrs
1362 480 56 56 rss
1428 480 57 56 rss
1495 480 32 56 ss
1537 480 56 56 ss
1677 499 62 31 746

278 535 36 35 5)
344 537 50 30 till
413 537 71 31 åtal
503 538 180 32 hänvisats
706 539 39 36 (4
762 541 71 31 åtal
851 543 11 29 i
881 543 19 30 6
918 543 171 38 ärenden)
1119 570 470 11 ........s.sssssos.
1492 539 99 49 son
1719 554 19 29 6

277 589 37 33 6)
343 590 181 31 hänvisats
546 592 52 30 till
620 592 205 42 disciplinär
845 595 236 43 bestraffning
1101 599 11 30 i
1134 601 48 29 ett
1204 599 62 33 fall
1294 625 295 9 ..............
1722 607 13 29 1

278 642 35 34 7)
344 642 166 32 föranlett
526 645 18 29 5
561 645 302 43 framställningar
878 649 51 30 till
945 650 127 41 Kungl.
1089 651 105 41 Maj:t
1215 653 28 35 (i
1262 653 38 30 14
1316 655 170 36 ärenden)
1514 680 74 7 ....
1699 660 38 29 14

276 694 36 34 8)
343 695 165 32 föranlett
527 699 149 34 rättelse,
696 700 214 40 påpekande,
928 703 143 31 erinran
1088 705 82 30 eller
1188 714 117 23 annan
1323 708 122 40 åtgärd
1470 734 118 7 ......
1674 712 62 30 275

342 749 65 30 och
423 750 61 32 äro
502 751 58 30 vid
580 752 82 30 1963
680 752 56 31 års
756 754 85 31 slut:

275 801 36 34 9)
341 802 10 29 i
370 801 150 32 avbidan
539 804 44 39 på
602 804 182 32 infordrad
804 807 203 42 förklaring,
1026 809 255 40 påminnelsers
1300 814 190 40 avgivande
1510 817 83 30 eller

339 864 117 21 annan
479 857 187 41 utredning
686 859 140 31 vilande
853 884 733 16 ...sssssseseersesseersrsess
1401 853 34 53 ss
1448 853 53 53 ser
1514 853 31 53 ns
1557 853 34 53 ra
1675 872 60 30 152

254 907 56 34 10)
339 909 11 29 i
369 909 149 30 avbidan
537 910 44 40 på
601 912 167 30 domstols
788 913 82 30 eller
888 915 222 41 myndighets
1128 917 114 31 beslut
1260 920 138 31 vilande
1423 945 163 9 ........
1694 925 38 29 41

254 960 56 33 11)
339 961 44 39 på
407 962 173 41 prövning
604 963 171 33 beroende
807 989 777 17 .....ssssssssersrerrrersrrr
1401 956 56 55 rer
1470 956 52 55 ess
1532 956 56 55 ns
1671 977 62 31 237

1446 1047 144 30 Summa
1640 1049 90 30 1781

293 1077 48 29 De
363 1077 77 39 fyra
463 1079 111 29 under
596 1079 38 30 år
659 1080 83 31 1963
763 1081 180 33 beslutade
965 1084 116 31 åtalen
1104 1087 44 29 ha
1171 1088 126 30 riktats

296 1129 32 33 1)
358 1132 72 28 mot
451 1140 44 21 en
516 1131 335 34 kriminalassistent
872 1136 54 30 för
946 1137 262 43 ärekränkning
1230 1142 65 29 och
1316 1143 208 41 otillbörliga
1545 1147 187 37 yttranden

247 1183 73 29 mot
340 1182 226 42 utlänningar
586 1185 56 30 vid
662 1187 304 42 handläggningen
987 1200 43 21 av
1049 1192 300 40 tjänsteärenden;

293 1235 35 35 2)
356 1238 72 28 mot
452 1246 43 21 en
520 1238 220 40 kyrkoherde
763 1241 57 30 för
842 1242 209 33 inställande
1076 1255 43 20 av
1141 1246 177 32 anbefalld
1341 1249 133 32 kollekt
1498 1251 51 30 till
1575 1252 156 31 diakoni-

247 1289 183 38 styrelsen;

292 1341 35 34 3)
353 1344 73 28 mot
447 1353 43 20 en
513 1344 147 31 rådman
683 1346 55 30 för
760 1347 169 41 dröjsmål
951 1351 80 30 med
1053 1351 211 33 utfärdande
1287 1364 42 21 av
1351 1357 219 40 stämningar
1592 1360 10 29 i
1624 1359 107 31 brott-

246 1394 85 37 mål;
353 1398 90 28 samt

289 1447 36 35 42)
351 1450 73 29 mot
445 1459 44 21 en
510 1451 266 42 landshövding,
799 1464 42 21 en
863 1456 317 34 landssekreterare
1203 1461 65 29 och
1290 1471 42 21 en
1354 1462 206 42 landsfogde
1584 1465 54 30 för
1660 1466 69 30 för-

245 1502 186 30 summelse
451 1504 81 30 med
552 1506 169 30 avseende
741 1507 20 30 å
781 1508 70 30 viss
871 1504 472 55 beredskapsplanläggning.

288 1554 125 31 Vidare
435 1556 67 30 har
523 1557 121 40 åtgärd
667 1560 10 29 i
701 1559 204 41 disciplinär
926 1563 64 40 väg
1011 1564 164 41 vidtagits
1198 1569 71 28 mot
1293 1577 43 21 en
1358 1569 369 34 distriktstandläkare

243 1606 55 30 för
317 1607 245 34 försummelse
580 1613 50 28 att
649 1612 119 31 lämna
786 1615 201 31 tandvård.>

285 1687 159 32 Rörande
468 1690 286 33 arbetsbalansen
780 1695 185 32 anmärkes
991 1697 12 30 i
1029 1697 208 33 berättelsen
1263 1700 44 31 bl.
1333 1711 30 21 a.
1391 1702 168 41 följande.
1586 1705 139 31 Antalet

242 1739 176 41 klagomål
439 1743 113 30 under
573 1744 39 30 år
637 1745 82 31 1963
741 1747 66 31 har
829 1748 74 31 nått
925 1750 258 32 rekordsiffran
1208 1753 95 30 1224
1325 1757 72 28 mot
1420 1756 63 30 960
1506 1758 112 30 under
1643 1755 82 48 1962

240 1793 66 30 och
325 1794 62 30 983
406 1796 114 30 under
541 1797 93 30 1961.
653 1799 140 31 Antalet
812 1801 152 31 ärenden
984 1812 75 21 som
1080 1807 176 39 upptagits
1275 1808 45 39 på
1337 1808 388 40 justitieombudsman-

240 1855 87 21 nens
344 1848 152 31 initiativ
511 1850 65 30 har
593 1852 144 39 uppgått
755 1853 52 31 till
828 1854 60 31 172
904 1858 73 28 mot
993 1856 65 31 203
1074 1858 111 31 under
1204 1860 82 30 1962
1304 1862 64 29 och
1385 1862 40 30 97
1445 1864 111 30 under
1572 1864 39 30 år
1631 1865 92 31 1961.

238 1900 87 30 Hela
343 1902 131 30 antalet
493 1912 70 31 nya
581 1905 153 30 ärenden
752 1907 65 30 har
837 1908 111 31 under
967 1909 38 30 år
1028 1910 84 31 1963
1131 1913 146 39 uppgått
1298 1915 51 30 till
1371 1918 235 40 sammanlagt
1629 1919 13 29 1
1660 1919 61 30 396

238 1955 74 28 mot
334 1954 93 31 1163
447 1956 114 30 under
583 1957 81 31 1962
684 1959 66 30 och
772 1960 15 29 1
804 1960 62 31 080
887 1962 110 31 under
1018 1963 38 31 år
1079 1964 92 31 1961.
1192 1966 117 32 Under
1328 1968 40 30 år
1391 1968 83 31 1963
1494 1970 74 35 har,
1589 1972 44 39 på
1655 1973 67 30 sätt

240 2005 154 41 framgår
419 2017 44 21 av
487 2009 66 30 den
580 2010 161 32 lämnade
766 2014 253 40 redogörelsen,
1045 2018 155 39 avgjorts
1228 2020 91 30 1351
1347 2022 155 30 ärenden
1526 2026 74 28 mot
1628 2025 93 31 19056

238 2059 111 30 under
372 2061 82 30 1962
477 2063 65 29 och
567 2063 92 31 1042
682 2066 112 30 under
815 2067 39 30 år
877 2068 92 30 1961.
991 2069 211 41 Härigenom
1224 2073 65 30 har
1310 2075 130 30 antalet
1461 2076 58 30 vid
1540 2077 181 32 årsskiftet

240 2111 150 37 1963/64
411 2114 229 33 balanserade
662 2118 154 32 ärenden
839 2121 94 40 stigit
956 2122 52 30 till
1032 2123 63 31 430
1119 2127 73 28 mot
1214 2126 63 30 385
1300 2127 56 30 vid
1381 2128 105 31 slutet
1509 2139 43 21 av
1573 2131 39 30 år
1639 2128 80 48 1962

236 2165 65 30 och
319 2166 63 30 278
399 2167 57 30 vid
476 2168 183 32 årsskiftet
678 2171 161 36 1961/62.
857 2174 51 30 Av
925 2175 41 30 de
985 2176 52 30 till
1056 2176 39 30 år
1116 2178 83 30 1964
1217 2179 226 33 balanserade
1462 2182 63 31 430
1544 2184 175 32 ärendena

235 2217 65 31 har
320 2219 40 30 60
381 2220 188 32 inkommit
590 2223 73 31 före
682 2224 41 30 år
744 2225 94 31 1963.
860 2227 244 33 Motsvarande
1125 2231 102 31 siffra
1247 2233 57 29 vid
1325 2233 208 41 föregående
1553 2236 166 33 årsskifte

232 2280 61 21 var
310 2272 51 30 68.
377 2274 175 31 Balansen
568 2276 65 30 har
648 2277 133 32 således
799 2280 95 39 stigit
910 2282 78 30 med
1004 2284 201 39 ytterligare
1222 2284 41 32 45
1280 2287 164 31 ärenden.
1462 2289 59 30 Att
1539 2289 178 37 balansen,

234 2325 88 29 trots
340 2326 177 40 ökningen
537 2338 42 20 av
597 2331 130 30 antalet
746 2333 167 39 avgjorda
931 2335 82 34 mål,
1033 2336 96 40 stigit
1147 2338 64 30 har
1230 2339 54 30 sin
1304 2341 122 38 grund,
1448 2341 154 32 förutom
1621 2345 11 29 i
1652 2345 65 30 den

234 2379 93 29 stora
348 2379 176 41 ökningen
545 2391 43 21 av
608 2384 130 30 antalet
759 2385 184 40 klagomål,
966 2388 127 31 främst
1113 2390 76 31 däri
1210 2393 50 29 att
1280 2393 93 30 vissa
1393 2403 43 21 av
1457 2396 41 29 de
1519 2396 198 41 handlagda

232 2430 175 32 ärendena
426 2435 90 29 varit
538 2435 10 29 i
569 2436 140 31 alldeles
730 2440 154 39 ovanligt
903 2441 67 40 hög
990 2442 85 39 grad
1097 2443 303 34 arbetskrävande.
