2190 2639
714 180 244 30 Stats-Utskottets
984 179 152 29 Utlåtande
1160 178 55 30 N:o
1237 175 50 32 44.
1731 176 14 30 i

871 686 112 41 V:o
1010 685 104 41 44,

796 839 71 28 Ank.
891 839 43 27 till
958 838 96 28 Riksd.
1079 838 99 28 Kansli
1203 838 53 27 den
1280 838 17 27 3
1321 837 80 38 April
1428 837 86 33 1872,
1540 837 33 27 kl.
1600 836 36 28 12
1662 836 85 28 rmidd.

397 979 193 47 Utlåtande,
619 982 176 45 angående
822 980 193 45 föreslagna
1041 980 206 45 statsbidrag
1277 979 51 35 till
1356 984 122 41 vägars
1502 979 209 45 anläggning
1732 979 60 35 och

592 1050 211 44 förbättring,
834 1049 73 34 bro-
937 1048 59 35 och
1023 1048 299 45 hamnbyggnader
1349 1051 88 31 samt
1457 1047 259 45 sjösänkningar
1732 1046 59 35 och

590 1118 111 35 andra
728 1116 467 46 vattenaftappninysföretag
1223 1126 41 23 m.
1294 1115 32 41 fl.
1357 1115 118 45 dylika
1501 1115 152 43 föremål.

1560 1184 52 41 (R.
1636 1184 52 40 AA.)

324 1295 13 29 I
362 1293 219 38 sammanhang
607 1292 66 30 med
697 1291 128 39 atgifvet
850 1290 110 39 förslag
989 1290 46 30 till
1065 1290 145 39 reglering
1235 1291 32 28 af
1288 1289 164 39 utgifterna
1476 1288 92 30 under
1592 1288 198 30 Riksstatens

189 1345 99 40 Sjette
312 1343 184 32 hufvudtitel
532 1344 53 28 har
617 1342 106 39 Kongl.
756 1341 88 39 Maj:t
874 1341 42 30 uti
940 1341 55 30 den
1021 1341 108 39 nadiga
1153 1339 229 40 Propositionen
1408 1339 152 40 angäende
1584 1338 205 30 statsverkets

189 1395 139 32 tillstånd
357 1395 53 31 och
437 1395 90 30 behof
553 1394 77 39 gjort
654 1393 222 38 framställning
900 1401 45 21 om
972 1392 184 38 beviljandet
1185 1392 45 30 för
1253 1395 33 26 år
1312 1388 75 33 1873
1412 1391 32 29 af
1464 1390 154 39 åtskilliga
1642 1389 150 40 tillfälliga

191 1448 104 40 anslag
319 1447 45 30 till
390 1446 159 31 utförande
575 1445 33 30 af
629 1444 154 31 allmänna
807 1444 140 36 arbeten;
981 1443 53 30 och
1067 1443 44 30 får
1140 1442 278 35 Stats-Utskottet,
1440 1441 120 39 jemlikt
1587 1441 55 30 sitt
1667 1441 42 30 uti
1734 1441 57 30 Ut-

191 1497 138 32 låtandet
352 1497 55 31 N:o
435 1498 36 28 10
495 1495 105 41 gjorda
624 1494 301 40 tillkännagifvande,
950 1505 35 19 nu
1011 1494 137 29 meddela
1179 1493 145 30 särskildt
1356 1493 139 39 yttrande
1519 1493 84 29 öfver
1626 1491 26 39 ej
1678 1492 113 30 mindre

190 1549 129 31 berörda
355 1548 108 39 nådiga
498 1545 234 40 framställning,
763 1549 38 27 än
825 1544 54 30 ock
904 1545 35 29 de
964 1544 154 35 motioner,
1143 1554 64 20 som
1233 1544 48 29 vid
1306 1543 201 31 innevarande
1543 1543 121 38 riksdag
1695 1543 97 29 blifvit

191 1600 111 29 väckta
326 1598 128 31 rörande
478 1597 112 30 medels
616 1596 167 39 beviljande
809 1597 44 28 för
877 1595 103 39 dylika
1003 1595 134 30 arbeten.

560 1746 37 38 A)
633 1742 335 41 Väganläggningar
993 1740 65 34 och
1082 1740 342 41 vägförbhättringar.

325 1844 59 30 Fill
420 1843 104 40 bidrag
558 1843 46 29 för
638 1841 183 42 unläggniny
852 1842 32 29 al
912 1852 58 30 nya
998 1846 79 25 samt
1100 1839 192 42 omläggning
1316 1839 72 30 eller
1406 1837 187 43 förbättring
1617 1839 31 29 af
1670 1837 122 41 backiga

192 1896 71 30 eller
286 1894 78 43 eljest
387 1894 116 30 mindre
525 1894 78 41 goda
632 1897 93 38 vägar
755 1893 54 30 har
844 1892 106 39 Kongl.
984 1892 86 39 Maj:t
1102 1892 91 30 äskat
1225 1895 55 32 att,
1306 1891 7 29 i
1337 1890 94 30 likhet
1455 1890 65 30 med
1544 1889 80 30 hvad
1648 1888 143 31 sednaste

194 1947 136 39 Riksdag
353 1946 136 38 beviljat,
512 1943 95 32 måtte
636 1946 45 29 för
705 1942 32 32 ar
765 1941 74 32 1873
866 1941 101 33 anslås
995 1944 55 30 och
1082 1943 107 30 ställas
1212 1941 45 31 till
1283 1942 106 39 Kongl.
1415 1941 104 39 Maj:ts
1544 1940 178 39 disposition
1748 1944 42 25 ett

192 1998 108 39 belopp
325 1996 34 31 af
382 1996 128 36 150,000
535 1996 81 30 R:dr.

328 2047 44 31 Af
402 2047 174 40 Styrelsens
611 2047 46 30 för
695 2046 150 30 ullmänna
871 2048 72 37 väp-
968 2045 54 31 och
1053 2043 277 41 vattenbyggnader
1359 2043 45 30 till
1435 2042 108 39 Kongl.
1568 2042 87 38 Maj:t
1678 2042 114 39 afgifna

192 2100 54 30 och
272 2099 45 31 till
340 2098 162 31 Utskottet
525 2098 222 31 öfverlemnade
777 2097 237 39 generalförslag
1048 2096 127 30 rörande
1209 2092 182 42 ifrågasatta
1416 2096 73 37 väg-
1513 2093 53 30 och
1592 2094 198 38 vattenbygg-

192 2150 198 38 nadsföretag
415 2149 54 30 har
494 2148 158 31 Utskottet
678 2149 158 33 inhemtat,
871 2151 47 26 att
941 2147 45 30 till
1011 2147 156 39 Styrelsen
1199 2145 158 31 inkowmit
1382 2145 104 39 planer
1510 2144 45 30 till
1579 2144 38 29 57
1641 2143 150 31 särskilda

193 2202 185 37 vägarbeten
403 2200 78 29 inom
506 2199 82 30 olika
611 2199 83 30 delar
717 2201 33 27 at
771 2199 78 30 riket
884 2199 65 29 utaf
971 2196 93 32 sådan
1097 2196 220 35 beskaffenhet,
1352 2200 46 26 att
1421 2195 87 30 deras
1534 2193 256 39 understödjande

276 2267 64 28 Bih.
366 2267 41 28 till
431 2266 98 28 Riked.
554 2266 77 27 Prot,
657 2263 87 30 1872.
790 2263 18 31 4
833 2265 86 28 Saml.
944 2263 16 29 I
981 2265 72 33 Afd.
1078 2261 43 29 26
1147 2264 81 35 Häft.
1734 2262 11 25 1
