<?xml version="1.0" encoding="UTF-8"?>
<alto xmlns="http://www.loc.gov/standards/alto/ns-v3#" xmlns:xlink="http://www.w3.org/1999/xlink" xmlns:xsi="http://www.w3.org/2001/XMLSchema-instance" xsi:schemaLocation="http://www.loc.gov/standards/alto/ns-v3# http://www.loc.gov/alto/v3/alto-3-0.xsd">
	<Description>
		<MeasurementUnit>pixel</MeasurementUnit>
		<sourceImageInformation>
			<fileName>/tmp/tess_a51dzfr6_input.PNG</fileName>
		</sourceImageInformation>
		<OCRProcessing ID="OCR_0">
			<ocrProcessingStep>
				<processingSoftware>
					<softwareName>tesseract 5.3.0</softwareName>
				</processingSoftware>
			</ocrProcessingStep>
		</OCRProcessing>
	</Description>
	<Layout>
		<Page WIDTH="2216" HEIGHT="2658" PHYSICAL_IMG_NR="0" ID="page_0">
			<PrintSpace HPOS="0" VPOS="0" WIDTH="2216" HEIGHT="2658">
				<ComposedBlock ID="cblock_0" HPOS="455" VPOS="138" WIDTH="1058" HEIGHT="41">
					<TextBlock ID="block_0" HPOS="455" VPOS="138" WIDTH="1058" HEIGHT="41">
						<TextLine ID="line_0" HPOS="455" VPOS="138" WIDTH="1058" HEIGHT="41">
							<String ID="string_0" HPOS="455" VPOS="138" WIDTH="20" HEIGHT="29" WC="0.96" CONTENT="4"/><SP WIDTH="449" VPOS="138" HPOS="475"/>
							<String ID="string_1" HPOS="924" VPOS="138" WIDTH="230" HEIGHT="41" WC="0.90" CONTENT="Lagutskottets"/><SP WIDTH="28" VPOS="138" HPOS="1154"/>
							<String ID="string_2" HPOS="1182" VPOS="139" WIDTH="167" HEIGHT="30" WC="0.96" CONTENT="Utlåtande"/><SP WIDTH="22" VPOS="139" HPOS="1349"/>
							<String ID="string_3" HPOS="1371" VPOS="138" WIDTH="65" HEIGHT="32" WC="0.96" CONTENT="N:o"/><SP WIDTH="27" VPOS="138" HPOS="1436"/>
							<String ID="string_4" HPOS="1463" VPOS="140" WIDTH="50" HEIGHT="30" WC="0.96" CONTENT="12."/>
						</TextLine>
					</TextBlock>
				</ComposedBlock>
				<ComposedBlock ID="cblock_1" HPOS="406" VPOS="224" WIDTH="1618" HEIGHT="1972">
					<TextBlock ID="block_1" HPOS="414" VPOS="224" WIDTH="1606" HEIGHT="103">
						<TextLine ID="line_1" HPOS="547" VPOS="224" WIDTH="1473" HEIGHT="52">
							<String ID="string_5" HPOS="547" VPOS="224" WIDTH="16" HEIGHT="36" WC="0.96" CONTENT="I"/><SP WIDTH="27" VPOS="224" HPOS="563"/>
							<String ID="string_6" HPOS="590" VPOS="225" WIDTH="158" HEIGHT="36" WC="0.96" CONTENT="statsråd"/><SP WIDTH="27" VPOS="225" HPOS="748"/>
							<String ID="string_7" HPOS="775" VPOS="225" WIDTH="71" HEIGHT="36" WC="0.96" CONTENT="den"/><SP WIDTH="30" VPOS="225" HPOS="846"/>
							<String ID="string_8" HPOS="876" VPOS="228" WIDTH="43" HEIGHT="34" WC="0.96" CONTENT="16"/><SP WIDTH="38" VPOS="228" HPOS="919"/>
							<String ID="string_9" HPOS="957" VPOS="226" WIDTH="198" HEIGHT="36" WC="0.96" CONTENT="november"/><SP WIDTH="30" VPOS="226" HPOS="1155"/>
							<String ID="string_10" HPOS="1185" VPOS="228" WIDTH="94" HEIGHT="35" WC="0.96" CONTENT="1906"/><SP WIDTH="29" VPOS="228" HPOS="1279"/>
							<String ID="string_11" HPOS="1308" VPOS="226" WIDTH="152" HEIGHT="37" WC="0.96" CONTENT="anförde"/><SP WIDTH="20" VPOS="226" HPOS="1460"/>
							<String ID="string_12" HPOS="1480" VPOS="226" WIDTH="128" HEIGHT="37" WC="0.96" CONTENT="chefen"/><SP WIDTH="25" VPOS="226" HPOS="1608"/>
							<String ID="string_13" HPOS="1633" VPOS="227" WIDTH="59" HEIGHT="37" WC="0.93" CONTENT="för"/><SP WIDTH="15" VPOS="227" HPOS="1692"/>
							<String ID="string_14" HPOS="1707" VPOS="228" WIDTH="313" HEIGHT="48" WC="0.92" CONTENT="justitiedeparte-"/>
						</TextLine>
						<TextLine ID="line_2" HPOS="414" VPOS="275" WIDTH="1604" HEIGHT="52">
							<String ID="string_15" HPOS="414" VPOS="281" WIDTH="137" HEIGHT="31" WC="0.96" CONTENT="mentet"/><SP WIDTH="27" VPOS="281" HPOS="551"/>
							<String ID="string_16" HPOS="578" VPOS="275" WIDTH="94" HEIGHT="37" WC="0.96" CONTENT="efter"/><SP WIDTH="27" VPOS="275" HPOS="672"/>
							<String ID="string_17" HPOS="699" VPOS="289" WIDTH="209" HEIGHT="33" WC="0.95" CONTENT="gemensam"/><SP WIDTH="29" VPOS="289" HPOS="908"/>
							<String ID="string_18" HPOS="937" VPOS="276" WIDTH="203" HEIGHT="49" WC="0.95" CONTENT="beredning"/><SP WIDTH="29" VPOS="276" HPOS="1140"/>
							<String ID="string_19" HPOS="1169" VPOS="278" WIDTH="82" HEIGHT="35" WC="0.96" CONTENT="med"/><SP WIDTH="28" VPOS="278" HPOS="1251"/>
							<String ID="string_20" HPOS="1279" VPOS="276" WIDTH="130" HEIGHT="37" WC="0.96" CONTENT="chefen"/><SP WIDTH="27" VPOS="276" HPOS="1409"/>
							<String ID="string_21" HPOS="1436" VPOS="277" WIDTH="59" HEIGHT="36" WC="0.93" CONTENT="för"/><SP WIDTH="14" VPOS="277" HPOS="1495"/>
							<String ID="string_22" HPOS="1509" VPOS="278" WIDTH="509" HEIGHT="49" WC="0.90" CONTENT="jordbruksdepartementet:"/>
						</TextLine>
					</TextBlock>
					<TextBlock ID="block_2" HPOS="410" VPOS="325" WIDTH="1614" HEIGHT="897">
						<TextLine ID="line_3" HPOS="547" VPOS="325" WIDTH="1473" HEIGHT="51">
							<String ID="string_23" HPOS="547" VPOS="326" WIDTH="69" HEIGHT="35" WC="0.47" CONTENT="»De"/><SP WIDTH="41" VPOS="326" HPOS="616"/>
							<String ID="string_24" HPOS="657" VPOS="325" WIDTH="176" HEIGHT="49" WC="0.82" CONTENT="afgälder,"/><SP WIDTH="44" VPOS="325" HPOS="833"/>
							<String ID="string_25" HPOS="877" VPOS="327" WIDTH="124" HEIGHT="35" WC="0.96" CONTENT="hvilka"/><SP WIDTH="39" VPOS="327" HPOS="1001"/>
							<String ID="string_26" HPOS="1040" VPOS="328" WIDTH="117" HEIGHT="47" WC="0.96" CONTENT="enligt"/><SP WIDTH="40" VPOS="328" HPOS="1157"/>
							<String ID="string_27" HPOS="1197" VPOS="328" WIDTH="100" HEIGHT="35" WC="0.88" CONTENT="äldre"/><SP WIDTH="40" VPOS="328" HPOS="1297"/>
							<String ID="string_28" HPOS="1337" VPOS="327" WIDTH="264" HEIGHT="49" WC="0.96" CONTENT="författningar"/><SP WIDTH="39" VPOS="327" HPOS="1601"/>
							<String ID="string_29" HPOS="1640" VPOS="330" WIDTH="120" HEIGHT="35" WC="0.93" CONTENT="skolat"/><SP WIDTH="40" VPOS="330" HPOS="1760"/>
							<String ID="string_30" HPOS="1800" VPOS="333" WIDTH="134" HEIGHT="33" WC="0.89" CONTENT="åsättas"/><SP WIDTH="32" VPOS="333" HPOS="1934"/>
							<String ID="string_31" HPOS="1966" VPOS="330" WIDTH="54" HEIGHT="36" WC="0.91" CONTENT="af-"/>
						</TextLine>
						<TextLine ID="line_4" HPOS="413" VPOS="376" WIDTH="1607" HEIGHT="49">
							<String ID="string_32" HPOS="413" VPOS="376" WIDTH="180" HEIGHT="36" WC="0.92" CONTENT="söndrade"/><SP WIDTH="39" VPOS="376" HPOS="593"/>
							<String ID="string_33" HPOS="632" VPOS="377" WIDTH="224" HEIGHT="48" WC="0.96" CONTENT="lägenheter,"/><SP WIDTH="42" VPOS="377" HPOS="856"/>
							<String ID="string_34" HPOS="898" VPOS="377" WIDTH="109" HEIGHT="35" WC="0.96" CONTENT="hafva"/><SP WIDTH="39" VPOS="377" HPOS="1007"/>
							<String ID="string_35" HPOS="1046" VPOS="379" WIDTH="96" HEIGHT="34" WC="0.93" CONTENT="varit"/><SP WIDTH="39" VPOS="379" HPOS="1142"/>
							<String ID="string_36" HPOS="1181" VPOS="378" WIDTH="150" HEIGHT="36" WC="0.92" CONTENT="afsedda"/><SP WIDTH="32" VPOS="378" HPOS="1331"/>
							<String ID="string_37" HPOS="1363" VPOS="384" WIDTH="55" HEIGHT="30" WC="0.96" CONTENT="att"/><SP WIDTH="32" VPOS="384" HPOS="1418"/>
							<String ID="string_38" HPOS="1450" VPOS="384" WIDTH="183" HEIGHT="31" WC="0.96" CONTENT="motsvara"/><SP WIDTH="27" VPOS="384" HPOS="1633"/>
							<String ID="string_39" HPOS="1660" VPOS="380" WIDTH="69" HEIGHT="36" WC="0.96" CONTENT="den"/><SP WIDTH="30" VPOS="380" HPOS="1729"/>
							<String ID="string_40" HPOS="1759" VPOS="379" WIDTH="57" HEIGHT="36" WC="0.95" CONTENT="del"/><SP WIDTH="29" VPOS="379" HPOS="1816"/>
							<String ID="string_41" HPOS="1845" VPOS="380" WIDTH="40" HEIGHT="36" WC="0.93" CONTENT="af"/><SP WIDTH="25" VPOS="380" HPOS="1885"/>
							<String ID="string_42" HPOS="1910" VPOS="386" WIDTH="110" HEIGHT="30" WC="0.91" CONTENT="stam-"/>
						</TextLine>
						<TextLine ID="line_5" HPOS="413" VPOS="427" WIDTH="1606" HEIGHT="51">
							<String ID="string_43" HPOS="413" VPOS="427" WIDTH="235" HEIGHT="36" WC="0.91" CONTENT="hemmanens"/><SP WIDTH="41" VPOS="427" HPOS="648"/>
							<String ID="string_44" HPOS="689" VPOS="428" WIDTH="183" HEIGHT="35" WC="0.93" CONTENT="allmänna"/><SP WIDTH="34" VPOS="428" HPOS="872"/>
							<String ID="string_45" HPOS="906" VPOS="428" WIDTH="202" HEIGHT="49" WC="0.90" CONTENT="utskylder,"/><SP WIDTH="29" VPOS="428" HPOS="1108"/>
							<String ID="string_46" HPOS="1137" VPOS="441" WIDTH="78" HEIGHT="23" WC="0.92" CONTENT="som"/><SP WIDTH="28" VPOS="441" HPOS="1215"/>
							<String ID="string_47" HPOS="1243" VPOS="428" WIDTH="124" HEIGHT="49" WC="0.92" CONTENT="belöpt"/><SP WIDTH="27" VPOS="428" HPOS="1367"/>
							<String ID="string_48" HPOS="1394" VPOS="433" WIDTH="20" HEIGHT="31" WC="0.91" CONTENT="å"/><SP WIDTH="27" VPOS="433" HPOS="1414"/>
							<String ID="string_49" HPOS="1441" VPOS="430" WIDTH="270" HEIGHT="48" WC="0.95" CONTENT="lägenheterna."/><SP WIDTH="54" VPOS="430" HPOS="1711"/>
							<String ID="string_50" HPOS="1765" VPOS="429" WIDTH="119" HEIGHT="37" WC="0.72" CONTENT="Sedan"/><SP WIDTH="27" VPOS="429" HPOS="1884"/>
							<String ID="string_51" HPOS="1911" VPOS="432" WIDTH="108" HEIGHT="35" WC="0.90" CONTENT="emel-"/>
						</TextLine>
						<TextLine ID="line_6" HPOS="413" VPOS="478" WIDTH="1604" HEIGHT="50">
							<String ID="string_52" HPOS="413" VPOS="478" WIDTH="109" HEIGHT="35" WC="0.90" CONTENT="lertid"/><SP WIDTH="41" VPOS="478" HPOS="522"/>
							<String ID="string_53" HPOS="563" VPOS="478" WIDTH="44" HEIGHT="35" WC="0.96" CONTENT="de"/><SP WIDTH="40" VPOS="478" HPOS="607"/>
							<String ID="string_54" HPOS="647" VPOS="479" WIDTH="185" HEIGHT="35" WC="0.87" CONTENT="allmänna"/><SP WIDTH="42" VPOS="479" HPOS="832"/>
							<String ID="string_55" HPOS="874" VPOS="479" WIDTH="205" HEIGHT="49" WC="0.87" CONTENT="utskylder,"/><SP WIDTH="42" VPOS="479" HPOS="1079"/>
							<String ID="string_56" HPOS="1121" VPOS="492" WIDTH="80" HEIGHT="23" WC="0.92" CONTENT="som"/><SP WIDTH="41" VPOS="492" HPOS="1201"/>
							<String ID="string_57" HPOS="1242" VPOS="479" WIDTH="78" HEIGHT="36" WC="0.92" CONTENT="förr"/><SP WIDTH="28" VPOS="479" HPOS="1320"/>
							<String ID="string_58" HPOS="1348" VPOS="480" WIDTH="113" HEIGHT="35" WC="0.92" CONTENT="hvilat"/><SP WIDTH="28" VPOS="480" HPOS="1461"/>
							<String ID="string_59" HPOS="1489" VPOS="480" WIDTH="226" HEIGHT="36" WC="0.93" CONTENT="omedelbart"/><SP WIDTH="29" VPOS="480" HPOS="1715"/>
							<String ID="string_60" HPOS="1744" VPOS="485" WIDTH="19" HEIGHT="32" WC="0.92" CONTENT="å"/><SP WIDTH="28" VPOS="485" HPOS="1763"/>
							<String ID="string_61" HPOS="1791" VPOS="482" WIDTH="226" HEIGHT="44" WC="0.95" CONTENT="hemmanen,"/>
						</TextLine>
						<TextLine ID="line_7" HPOS="412" VPOS="528" WIDTH="1608" HEIGHT="53">
							<String ID="string_62" HPOS="412" VPOS="528" WIDTH="59" HEIGHT="36" WC="0.92" CONTENT="till"/><SP WIDTH="41" VPOS="528" HPOS="471"/>
							<String ID="string_63" HPOS="512" VPOS="534" WIDTH="133" HEIGHT="30" WC="0.92" CONTENT="största"/><SP WIDTH="41" VPOS="534" HPOS="645"/>
							<String ID="string_64" HPOS="686" VPOS="529" WIDTH="105" HEIGHT="35" WC="0.96" CONTENT="delen"/><SP WIDTH="42" VPOS="529" HPOS="791"/>
							<String ID="string_65" HPOS="833" VPOS="530" WIDTH="175" HEIGHT="47" WC="0.93" CONTENT="antingen"/><SP WIDTH="33" VPOS="530" HPOS="1008"/>
							<String ID="string_66" HPOS="1041" VPOS="529" WIDTH="208" HEIGHT="38" WC="0.92" CONTENT="afskrifvits"/><SP WIDTH="28" VPOS="529" HPOS="1249"/>
							<String ID="string_67" HPOS="1277" VPOS="531" WIDTH="88" HEIGHT="35" WC="0.96" CONTENT="eller"/><SP WIDTH="26" VPOS="531" HPOS="1365"/>
							<String ID="string_68" HPOS="1391" VPOS="532" WIDTH="11" HEIGHT="34" WC="0.96" CONTENT="i"/><SP WIDTH="29" VPOS="532" HPOS="1402"/>
							<String ID="string_69" HPOS="1431" VPOS="530" WIDTH="93" HEIGHT="48" WC="0.96" CONTENT="följd"/><SP WIDTH="27" VPOS="530" HPOS="1524"/>
							<String ID="string_70" HPOS="1551" VPOS="531" WIDTH="41" HEIGHT="35" WC="0.96" CONTENT="af"/><SP WIDTH="24" VPOS="531" HPOS="1592"/>
							<String ID="string_71" HPOS="1616" VPOS="531" WIDTH="140" HEIGHT="36" WC="0.96" CONTENT="ändrad"/><SP WIDTH="28" VPOS="531" HPOS="1756"/>
							<String ID="string_72" HPOS="1784" VPOS="532" WIDTH="236" HEIGHT="49" WC="0.96" CONTENT="lagstiftning"/>
						</TextLine>
						<TextLine ID="line_8" HPOS="412" VPOS="579" WIDTH="1607" HEIGHT="50">
							<String ID="string_73" HPOS="412" VPOS="579" WIDTH="156" HEIGHT="36" WC="0.96" CONTENT="kommit"/><SP WIDTH="26" VPOS="579" HPOS="568"/>
							<String ID="string_74" HPOS="594" VPOS="584" WIDTH="55" HEIGHT="31" WC="0.96" CONTENT="att"/><SP WIDTH="29" VPOS="584" HPOS="649"/>
							<String ID="string_75" HPOS="678" VPOS="586" WIDTH="149" HEIGHT="41" WC="0.96" CONTENT="utgöras"/><SP WIDTH="28" VPOS="586" HPOS="827"/>
							<String ID="string_76" HPOS="855" VPOS="579" WIDTH="95" HEIGHT="36" WC="0.96" CONTENT="efter"/><SP WIDTH="27" VPOS="579" HPOS="950"/>
							<String ID="string_77" HPOS="977" VPOS="580" WIDTH="110" HEIGHT="35" WC="0.96" CONTENT="sådan"/><SP WIDTH="29" VPOS="580" HPOS="1087"/>
							<String ID="string_78" HPOS="1116" VPOS="581" WIDTH="134" HEIGHT="48" WC="0.96" CONTENT="grund,"/><SP WIDTH="29" VPOS="581" HPOS="1250"/>
							<String ID="string_79" HPOS="1279" VPOS="586" WIDTH="55" HEIGHT="30" WC="0.96" CONTENT="att"/><SP WIDTH="27" VPOS="586" HPOS="1334"/>
							<String ID="string_80" HPOS="1361" VPOS="581" WIDTH="44" HEIGHT="35" WC="0.92" CONTENT="de"/><SP WIDTH="19" VPOS="581" HPOS="1405"/>
							<String ID="string_81" HPOS="1424" VPOS="580" WIDTH="219" HEIGHT="37" WC="0.91" CONTENT="afsöndrade"/><SP WIDTH="19" VPOS="580" HPOS="1643"/>
							<String ID="string_82" HPOS="1662" VPOS="583" WIDTH="260" HEIGHT="46" WC="0.91" CONTENT="lägenheterna"/><SP WIDTH="19" VPOS="583" HPOS="1922"/>
							<String ID="string_83" HPOS="1941" VPOS="583" WIDTH="78" HEIGHT="35" WC="0.96" CONTENT="däri"/>
						</TextLine>
						<TextLine ID="line_9" HPOS="412" VPOS="629" WIDTH="1605" HEIGHT="50">
							<String ID="string_84" HPOS="412" VPOS="629" WIDTH="158" HEIGHT="48" WC="0.96" CONTENT="deltaga,"/><SP WIDTH="29" VPOS="629" HPOS="570"/>
							<String ID="string_85" HPOS="599" VPOS="630" WIDTH="66" HEIGHT="35" WC="0.95" CONTENT="har"/><SP WIDTH="26" VPOS="630" HPOS="665"/>
							<String ID="string_86" HPOS="691" VPOS="643" WIDTH="133" HEIGHT="35" WC="0.96" CONTENT="genom"/><SP WIDTH="29" VPOS="643" HPOS="824"/>
							<String ID="string_87" HPOS="853" VPOS="630" WIDTH="61" HEIGHT="48" WC="0.95" CONTENT="lag"/><SP WIDTH="27" VPOS="630" HPOS="914"/>
							<String ID="string_88" HPOS="941" VPOS="629" WIDTH="70" HEIGHT="37" WC="0.96" CONTENT="den"/><SP WIDTH="29" VPOS="629" HPOS="1011"/>
							<String ID="string_89" HPOS="1040" VPOS="632" WIDTH="43" HEIGHT="34" WC="0.94" CONTENT="25"/><SP WIDTH="31" VPOS="632" HPOS="1083"/>
							<String ID="string_90" HPOS="1114" VPOS="632" WIDTH="72" HEIGHT="46" WC="0.96" CONTENT="maj"/><SP WIDTH="34" VPOS="632" HPOS="1186"/>
							<String ID="string_91" HPOS="1220" VPOS="633" WIDTH="92" HEIGHT="33" WC="0.93" CONTENT="1905"/><SP WIDTH="31" VPOS="633" HPOS="1312"/>
							<String ID="string_92" HPOS="1343" VPOS="631" WIDTH="175" HEIGHT="48" WC="0.89" CONTENT="stadgats,"/><SP WIDTH="29" VPOS="631" HPOS="1518"/>
							<String ID="string_93" HPOS="1547" VPOS="637" WIDTH="54" HEIGHT="30" WC="0.96" CONTENT="att"/><SP WIDTH="26" VPOS="637" HPOS="1601"/>
							<String ID="string_94" HPOS="1627" VPOS="631" WIDTH="84" HEIGHT="37" WC="0.96" CONTENT="från"/><SP WIDTH="27" VPOS="631" HPOS="1711"/>
							<String ID="string_95" HPOS="1738" VPOS="634" WIDTH="182" HEIGHT="45" WC="0.95" CONTENT="lägenhet,"/><SP WIDTH="21" VPOS="634" HPOS="1920"/>
							<String ID="string_96" HPOS="1941" VPOS="646" WIDTH="76" HEIGHT="22" WC="0.95" CONTENT="som"/>
						</TextLine>
						<TextLine ID="line_10" HPOS="412" VPOS="680" WIDTH="1607" HEIGHT="51">
							<String ID="string_97" HPOS="412" VPOS="680" WIDTH="60" HEIGHT="35" WC="0.96" CONTENT="för"/><SP WIDTH="27" VPOS="680" HPOS="472"/>
							<String ID="string_98" HPOS="499" VPOS="680" WIDTH="103" HEIGHT="35" WC="0.96" CONTENT="alltid"/><SP WIDTH="29" VPOS="680" HPOS="602"/>
							<String ID="string_99" HPOS="631" VPOS="680" WIDTH="81" HEIGHT="36" WC="0.96" CONTENT="från"/><SP WIDTH="31" VPOS="680" HPOS="712"/>
							<String ID="string_100" HPOS="743" VPOS="681" WIDTH="170" HEIGHT="34" WC="0.93" CONTENT="hemman"/><SP WIDTH="18" VPOS="681" HPOS="913"/>
							<String ID="string_101" HPOS="931" VPOS="680" WIDTH="217" HEIGHT="43" WC="0.90" CONTENT="afsöndrats,"/><SP WIDTH="21" VPOS="680" HPOS="1148"/>
							<String ID="string_102" HPOS="1169" VPOS="681" WIDTH="123" HEIGHT="48" WC="0.44" CONTENT="afgäld"/><SP WIDTH="20" VPOS="681" HPOS="1292"/>
							<String ID="string_103" HPOS="1312" VPOS="682" WIDTH="12" HEIGHT="34" WC="0.96" CONTENT="i"/><SP WIDTH="19" VPOS="682" HPOS="1324"/>
							<String ID="string_104" HPOS="1343" VPOS="682" WIDTH="201" HEIGHT="35" WC="0.96" CONTENT="allmänhet"/><SP WIDTH="20" VPOS="682" HPOS="1544"/>
							<String ID="string_105" HPOS="1564" VPOS="683" WIDTH="31" HEIGHT="46" WC="0.96" CONTENT="ej"/><SP WIDTH="23" VPOS="683" HPOS="1595"/>
							<String ID="string_106" HPOS="1618" VPOS="684" WIDTH="90" HEIGHT="34" WC="0.96" CONTENT="skall"/><SP WIDTH="21" VPOS="684" HPOS="1708"/>
							<String ID="string_107" HPOS="1729" VPOS="687" WIDTH="89" HEIGHT="44" WC="0.96" CONTENT="utgå"/><SP WIDTH="19" VPOS="687" HPOS="1818"/>
							<String ID="string_108" HPOS="1837" VPOS="682" WIDTH="93" HEIGHT="37" WC="0.96" CONTENT="efter"/><SP WIDTH="19" VPOS="682" HPOS="1930"/>
							<String ID="string_109" HPOS="1949" VPOS="684" WIDTH="70" HEIGHT="35" WC="0.96" CONTENT="den"/>
						</TextLine>
						<TextLine ID="line_11" HPOS="413" VPOS="731" WIDTH="1606" HEIGHT="51">
							<String ID="string_110" HPOS="413" VPOS="733" WIDTH="44" HEIGHT="33" WC="0.94" CONTENT="31"/><SP WIDTH="34" VPOS="733" HPOS="457"/>
							<String ID="string_111" HPOS="491" VPOS="731" WIDTH="194" HEIGHT="35" WC="0.96" CONTENT="december"/><SP WIDTH="31" VPOS="731" HPOS="685"/>
							<String ID="string_112" HPOS="716" VPOS="733" WIDTH="105" HEIGHT="34" WC="0.96" CONTENT="1906."/><SP WIDTH="57" VPOS="733" HPOS="821"/>
							<String ID="string_113" HPOS="878" VPOS="731" WIDTH="136" HEIGHT="36" WC="0.95" CONTENT="Därvid"/><SP WIDTH="28" VPOS="731" HPOS="1014"/>
							<String ID="string_114" HPOS="1042" VPOS="732" WIDTH="66" HEIGHT="34" WC="0.96" CONTENT="har"/><SP WIDTH="27" VPOS="732" HPOS="1108"/>
							<String ID="string_115" HPOS="1135" VPOS="732" WIDTH="93" HEIGHT="35" WC="0.93" CONTENT="dock"/><SP WIDTH="28" VPOS="732" HPOS="1228"/>
							<String ID="string_116" HPOS="1256" VPOS="731" WIDTH="225" HEIGHT="47" WC="0.92" CONTENT="medgifvits,"/><SP WIDTH="29" VPOS="731" HPOS="1481"/>
							<String ID="string_117" HPOS="1510" VPOS="738" WIDTH="66" HEIGHT="39" WC="0.96" CONTENT="att,"/><SP WIDTH="29" VPOS="738" HPOS="1576"/>
							<String ID="string_118" HPOS="1605" VPOS="745" WIDTH="59" HEIGHT="23" WC="0.96" CONTENT="om"/><SP WIDTH="29" VPOS="745" HPOS="1664"/>
							<String ID="string_119" HPOS="1693" VPOS="734" WIDTH="62" HEIGHT="35" WC="0.96" CONTENT="vid"/><SP WIDTH="29" VPOS="734" HPOS="1755"/>
							<String ID="string_120" HPOS="1784" VPOS="735" WIDTH="235" HEIGHT="47" WC="0.96" CONTENT="lägenhetens"/>
						</TextLine>
						<TextLine ID="line_12" HPOS="412" VPOS="781" WIDTH="1612" HEIGHT="50">
							<String ID="string_121" HPOS="412" VPOS="781" WIDTH="222" HEIGHT="48" WC="0.96" CONTENT="upplåtande"/><SP WIDTH="41" VPOS="781" HPOS="634"/>
							<String ID="string_122" HPOS="675" VPOS="781" WIDTH="180" HEIGHT="36" WC="0.96" CONTENT="förbehåll"/><SP WIDTH="40" VPOS="781" HPOS="855"/>
							<String ID="string_123" HPOS="895" VPOS="782" WIDTH="118" HEIGHT="46" WC="0.93" CONTENT="gjorts"/><SP WIDTH="40" VPOS="782" HPOS="1013"/>
							<String ID="string_124" HPOS="1053" VPOS="795" WIDTH="59" HEIGHT="22" WC="0.96" CONTENT="om"/><SP WIDTH="43" VPOS="795" HPOS="1112"/>
							<String ID="string_125" HPOS="1155" VPOS="783" WIDTH="111" HEIGHT="47" WC="0.93" CONTENT="högre"/><SP WIDTH="40" VPOS="783" HPOS="1266"/>
							<String ID="string_126" HPOS="1306" VPOS="782" WIDTH="124" HEIGHT="48" WC="0.92" CONTENT="afgäld"/><SP WIDTH="33" VPOS="782" HPOS="1430"/>
							<String ID="string_127" HPOS="1463" VPOS="790" WIDTH="45" HEIGHT="28" WC="0.96" CONTENT="än"/><SP WIDTH="28" VPOS="790" HPOS="1508"/>
							<String ID="string_128" HPOS="1536" VPOS="796" WIDTH="91" HEIGHT="31" WC="0.96" CONTENT="som,"/><SP WIDTH="29" VPOS="796" HPOS="1627"/>
							<String ID="string_129" HPOS="1656" VPOS="784" WIDTH="61" HEIGHT="35" WC="0.96" CONTENT="vid"/><SP WIDTH="24" VPOS="784" HPOS="1717"/>
							<String ID="string_130" HPOS="1741" VPOS="784" WIDTH="214" HEIGHT="47" WC="0.95" CONTENT="jämförelse"/><SP WIDTH="27" VPOS="784" HPOS="1955"/>
							<String ID="string_131" HPOS="1982" VPOS="784" WIDTH="42" HEIGHT="36" WC="0.94" CONTENT="af"/>
						</TextLine>
						<TextLine ID="line_13" HPOS="411" VPOS="832" WIDTH="1612" HEIGHT="46">
							<String ID="string_132" HPOS="411" VPOS="839" WIDTH="155" HEIGHT="39" WC="0.91" CONTENT="ägornas"/><SP WIDTH="41" VPOS="839" HPOS="566"/>
							<String ID="string_133" HPOS="607" VPOS="833" WIDTH="140" HEIGHT="35" WC="0.95" CONTENT="storlek"/><SP WIDTH="40" VPOS="833" HPOS="747"/>
							<String ID="string_134" HPOS="787" VPOS="832" WIDTH="66" HEIGHT="36" WC="0.95" CONTENT="och"/><SP WIDTH="40" VPOS="832" HPOS="853"/>
							<String ID="string_135" HPOS="893" VPOS="832" WIDTH="260" HEIGHT="42" WC="0.95" CONTENT="beskaffenhet,"/><SP WIDTH="44" VPOS="832" HPOS="1153"/>
							<String ID="string_136" HPOS="1197" VPOS="833" WIDTH="121" HEIGHT="35" WC="0.96" CONTENT="kunde"/><SP WIDTH="40" VPOS="833" HPOS="1318"/>
							<String ID="string_137" HPOS="1358" VPOS="846" WIDTH="104" HEIGHT="23" WC="0.96" CONTENT="anses"/><SP WIDTH="33" VPOS="846" HPOS="1462"/>
							<String ID="string_138" HPOS="1495" VPOS="833" WIDTH="109" HEIGHT="36" WC="0.96" CONTENT="hafva"/><SP WIDTH="28" VPOS="833" HPOS="1604"/>
							<String ID="string_139" HPOS="1632" VPOS="839" WIDTH="201" HEIGHT="31" WC="0.95" CONTENT="motsvarat"/><SP WIDTH="26" VPOS="839" HPOS="1833"/>
							<String ID="string_140" HPOS="1859" VPOS="835" WIDTH="96" HEIGHT="36" WC="0.96" CONTENT="hvad"/><SP WIDTH="27" VPOS="835" HPOS="1955"/>
							<String ID="string_141" HPOS="1982" VPOS="835" WIDTH="41" HEIGHT="36" WC="0.96" CONTENT="af"/>
						</TextLine>
						<TextLine ID="line_14" HPOS="410" VPOS="883" WIDTH="1609" HEIGHT="50">
							<String ID="string_142" HPOS="410" VPOS="883" WIDTH="325" HEIGHT="36" WC="0.90" CONTENT="stamhemmanets"/><SP WIDTH="36" VPOS="883" HPOS="735"/>
							<String ID="string_143" HPOS="771" VPOS="884" WIDTH="184" HEIGHT="35" WC="0.93" CONTENT="allmänna"/><SP WIDTH="39" VPOS="884" HPOS="955"/>
							<String ID="string_144" HPOS="994" VPOS="883" WIDTH="194" HEIGHT="49" WC="0.91" CONTENT="utskylder"/><SP WIDTH="39" VPOS="883" HPOS="1188"/>
							<String ID="string_145" HPOS="1227" VPOS="887" WIDTH="21" HEIGHT="32" WC="0.92" CONTENT="å"/><SP WIDTH="31" VPOS="887" HPOS="1248"/>
							<String ID="string_146" HPOS="1279" VPOS="884" WIDTH="215" HEIGHT="47" WC="0.93" CONTENT="lägenheten"/><SP WIDTH="33" VPOS="884" HPOS="1494"/>
							<String ID="string_147" HPOS="1527" VPOS="885" WIDTH="157" HEIGHT="47" WC="0.91" CONTENT="belöpte,"/><SP WIDTH="30" VPOS="885" HPOS="1684"/>
							<String ID="string_148" HPOS="1714" VPOS="885" WIDTH="71" HEIGHT="36" WC="0.93" CONTENT="den"/><SP WIDTH="27" VPOS="885" HPOS="1785"/>
							<String ID="string_149" HPOS="1812" VPOS="885" WIDTH="207" HEIGHT="48" WC="0.90" CONTENT="öfverskju-"/>
						</TextLine>
						<TextLine ID="line_15" HPOS="410" VPOS="933" WIDTH="1609" HEIGHT="51">
							<String ID="string_150" HPOS="410" VPOS="933" WIDTH="110" HEIGHT="36" WC="0.96" CONTENT="tande"/><SP WIDTH="27" VPOS="933" HPOS="520"/>
							<String ID="string_151" HPOS="547" VPOS="933" WIDTH="105" HEIGHT="36" WC="0.95" CONTENT="delen"/><SP WIDTH="28" VPOS="933" HPOS="652"/>
							<String ID="string_152" HPOS="680" VPOS="933" WIDTH="41" HEIGHT="36" WC="0.91" CONTENT="af"/><SP WIDTH="24" VPOS="933" HPOS="721"/>
							<String ID="string_153" HPOS="745" VPOS="933" WIDTH="170" HEIGHT="49" WC="0.89" CONTENT="afgälden"/><SP WIDTH="26" VPOS="933" HPOS="915"/>
							<String ID="string_154" HPOS="941" VPOS="934" WIDTH="108" HEIGHT="48" WC="0.96" CONTENT="finge,"/><SP WIDTH="30" VPOS="934" HPOS="1049"/>
							<String ID="string_155" HPOS="1079" VPOS="934" WIDTH="112" HEIGHT="36" WC="0.93" CONTENT="sedan"/><SP WIDTH="28" VPOS="934" HPOS="1191"/>
							<String ID="string_156" HPOS="1219" VPOS="935" WIDTH="226" HEIGHT="35" WC="0.91" CONTENT="hemmanets"/><SP WIDTH="24" VPOS="935" HPOS="1445"/>
							<String ID="string_157" HPOS="1469" VPOS="942" WIDTH="107" HEIGHT="39" WC="0.95" CONTENT="ägare"/><SP WIDTH="20" VPOS="942" HPOS="1576"/>
							<String ID="string_158" HPOS="1596" VPOS="935" WIDTH="126" HEIGHT="36" WC="0.95" CONTENT="därom"/><SP WIDTH="19" VPOS="935" HPOS="1722"/>
							<String ID="string_159" HPOS="1741" VPOS="936" WIDTH="99" HEIGHT="48" WC="0.96" CONTENT="gjort"/><SP WIDTH="19" VPOS="936" HPOS="1840"/>
							<String ID="string_160" HPOS="1859" VPOS="937" WIDTH="160" HEIGHT="35" WC="0.96" CONTENT="ansökan"/>
						</TextLine>
						<TextLine ID="line_16" HPOS="411" VPOS="984" WIDTH="1611" HEIGHT="48">
							<String ID="string_161" HPOS="411" VPOS="984" WIDTH="66" HEIGHT="35" WC="0.93" CONTENT="hos"/><SP WIDTH="41" VPOS="984" HPOS="477"/>
							<String ID="string_162" HPOS="518" VPOS="984" WIDTH="111" HEIGHT="36" WC="0.92" CONTENT="Eders"/><SP WIDTH="34" VPOS="984" HPOS="629"/>
							<String ID="string_163" HPOS="663" VPOS="985" WIDTH="133" HEIGHT="47" WC="0.95" CONTENT="Kungl."/><SP WIDTH="29" VPOS="985" HPOS="796"/>
							<String ID="string_164" HPOS="825" VPOS="984" WIDTH="124" HEIGHT="47" WC="0.93" CONTENT="Maj:ts"/><SP WIDTH="29" VPOS="984" HPOS="949"/>
							<String ID="string_165" HPOS="978" VPOS="984" WIDTH="414" HEIGHT="47" WC="0.90" CONTENT="befallningshafvande,"/><SP WIDTH="30" VPOS="984" HPOS="1392"/>
							<String ID="string_166" HPOS="1422" VPOS="984" WIDTH="200" HEIGHT="37" WC="0.96" CONTENT="fastställas"/><SP WIDTH="29" VPOS="984" HPOS="1622"/>
							<String ID="string_167" HPOS="1651" VPOS="992" WIDTH="54" HEIGHT="29" WC="0.96" CONTENT="att"/><SP WIDTH="26" VPOS="992" HPOS="1705"/>
							<String ID="string_168" HPOS="1731" VPOS="986" WIDTH="224" HEIGHT="36" WC="0.96" CONTENT="fortfarande"/><SP WIDTH="27" VPOS="986" HPOS="1955"/>
							<String ID="string_169" HPOS="1982" VPOS="986" WIDTH="40" HEIGHT="36" WC="0.96" CONTENT="af"/>
						</TextLine>
						<TextLine ID="line_17" HPOS="411" VPOS="1034" WIDTH="1606" HEIGHT="49">
							<String ID="string_170" HPOS="411" VPOS="1035" WIDTH="216" HEIGHT="47" WC="0.96" CONTENT="lägenheten"/><SP WIDTH="43" VPOS="1035" HPOS="627"/>
							<String ID="string_171" HPOS="670" VPOS="1038" WIDTH="98" HEIGHT="45" WC="0.95" CONTENT="utgå."/><SP WIDTH="55" VPOS="1038" HPOS="768"/>
							<String ID="string_172" HPOS="823" VPOS="1035" WIDTH="173" HEIGHT="35" WC="0.95" CONTENT="Ansökan"/><SP WIDTH="33" VPOS="1035" HPOS="996"/>
							<String ID="string_173" HPOS="1029" VPOS="1048" WIDTH="59" HEIGHT="22" WC="0.96" CONTENT="om"/><SP WIDTH="29" VPOS="1048" HPOS="1088"/>
							<String ID="string_174" HPOS="1117" VPOS="1035" WIDTH="104" HEIGHT="47" WC="0.96" CONTENT="dylik"/><SP WIDTH="29" VPOS="1035" HPOS="1221"/>
							<String ID="string_175" HPOS="1250" VPOS="1034" WIDTH="234" HEIGHT="37" WC="0.96" CONTENT="fastställelse"/><SP WIDTH="28" VPOS="1034" HPOS="1484"/>
							<String ID="string_176" HPOS="1512" VPOS="1037" WIDTH="92" HEIGHT="35" WC="0.96" CONTENT="skall"/><SP WIDTH="28" VPOS="1037" HPOS="1604"/>
							<String ID="string_177" HPOS="1632" VPOS="1036" WIDTH="93" HEIGHT="36" WC="0.96" CONTENT="dock"/><SP WIDTH="27" VPOS="1036" HPOS="1725"/>
							<String ID="string_178" HPOS="1752" VPOS="1038" WIDTH="62" HEIGHT="35" WC="0.96" CONTENT="ske"/><SP WIDTH="28" VPOS="1038" HPOS="1814"/>
							<String ID="string_179" HPOS="1842" VPOS="1036" WIDTH="79" HEIGHT="37" WC="0.97" CONTENT="före"/><SP WIDTH="28" VPOS="1036" HPOS="1921"/>
							<String ID="string_180" HPOS="1949" VPOS="1037" WIDTH="68" HEIGHT="36" WC="0.96" CONTENT="den"/>
						</TextLine>
						<TextLine ID="line_18" HPOS="414" VPOS="1085" WIDTH="1605" HEIGHT="49">
							<String ID="string_181" HPOS="414" VPOS="1088" WIDTH="15" HEIGHT="32" WC="0.94" CONTENT="1"/><SP WIDTH="40" VPOS="1088" HPOS="429"/>
							<String ID="string_182" HPOS="469" VPOS="1085" WIDTH="147" HEIGHT="46" WC="0.95" CONTENT="januari"/><SP WIDTH="44" VPOS="1085" HPOS="616"/>
							<String ID="string_183" HPOS="660" VPOS="1087" WIDTH="107" HEIGHT="42" WC="0.96" CONTENT="1917,"/><SP WIDTH="41" VPOS="1087" HPOS="767"/>
							<String ID="string_184" HPOS="808" VPOS="1085" WIDTH="60" HEIGHT="35" WC="0.93" CONTENT="vid"/><SP WIDTH="42" VPOS="1085" HPOS="868"/>
							<String ID="string_185" HPOS="910" VPOS="1085" WIDTH="170" HEIGHT="49" WC="0.51" CONTENT="äfventyr"/><SP WIDTH="40" VPOS="1085" HPOS="1080"/>
							<String ID="string_186" HPOS="1120" VPOS="1091" WIDTH="55" HEIGHT="30" WC="0.93" CONTENT="att"/><SP WIDTH="40" VPOS="1091" HPOS="1175"/>
							<String ID="string_187" HPOS="1215" VPOS="1086" WIDTH="325" HEIGHT="48" WC="0.92" CONTENT="hemmansägaren"/><SP WIDTH="28" VPOS="1086" HPOS="1540"/>
							<String ID="string_188" HPOS="1568" VPOS="1086" WIDTH="156" HEIGHT="37" WC="0.96" CONTENT="förlorar"/><SP WIDTH="27" VPOS="1086" HPOS="1724"/>
							<String ID="string_189" HPOS="1751" VPOS="1088" WIDTH="54" HEIGHT="35" WC="0.96" CONTENT="sin"/><SP WIDTH="29" VPOS="1088" HPOS="1805"/>
							<String ID="string_190" HPOS="1834" VPOS="1093" WIDTH="90" HEIGHT="38" WC="0.96" CONTENT="rätt;"/><SP WIDTH="29" VPOS="1093" HPOS="1924"/>
							<String ID="string_191" HPOS="1953" VPOS="1088" WIDTH="66" HEIGHT="35" WC="0.96" CONTENT="och"/>
						</TextLine>
						<TextLine ID="line_19" HPOS="410" VPOS="1135" WIDTH="1608" HEIGHT="50">
							<String ID="string_192" HPOS="410" VPOS="1136" WIDTH="91" HEIGHT="35" WC="0.96" CONTENT="skall"/><SP WIDTH="41" VPOS="1136" HPOS="501"/>
							<String ID="string_193" HPOS="542" VPOS="1136" WIDTH="70" HEIGHT="35" WC="0.96" CONTENT="den"/><SP WIDTH="41" VPOS="1136" HPOS="612"/>
							<String ID="string_194" HPOS="653" VPOS="1149" WIDTH="73" HEIGHT="36" WC="0.93" CONTENT="nya"/><SP WIDTH="41" VPOS="1149" HPOS="726"/>
							<String ID="string_195" HPOS="767" VPOS="1136" WIDTH="172" HEIGHT="47" WC="0.92" CONTENT="afgälden"/><SP WIDTH="40" VPOS="1136" HPOS="939"/>
							<String ID="string_196" HPOS="979" VPOS="1135" WIDTH="200" HEIGHT="37" WC="0.96" CONTENT="fastställas"/><SP WIDTH="28" VPOS="1135" HPOS="1179"/>
							<String ID="string_197" HPOS="1207" VPOS="1142" WIDTH="56" HEIGHT="30" WC="0.96" CONTENT="att"/><SP WIDTH="27" VPOS="1142" HPOS="1263"/>
							<String ID="string_198" HPOS="1290" VPOS="1140" WIDTH="90" HEIGHT="45" WC="0.96" CONTENT="utgå"/><SP WIDTH="26" VPOS="1140" HPOS="1380"/>
							<String ID="string_199" HPOS="1406" VPOS="1136" WIDTH="85" HEIGHT="36" WC="0.96" CONTENT="från"/><SP WIDTH="27" VPOS="1136" HPOS="1491"/>
							<String ID="string_200" HPOS="1518" VPOS="1137" WIDTH="68" HEIGHT="36" WC="0.96" CONTENT="och"/><SP WIDTH="30" VPOS="1137" HPOS="1586"/>
							<String ID="string_201" HPOS="1616" VPOS="1138" WIDTH="82" HEIGHT="35" WC="0.96" CONTENT="med"/><SP WIDTH="29" VPOS="1138" HPOS="1698"/>
							<String ID="string_202" HPOS="1727" VPOS="1138" WIDTH="69" HEIGHT="35" WC="0.95" CONTENT="den"/><SP WIDTH="32" VPOS="1138" HPOS="1796"/>
							<String ID="string_203" HPOS="1828" VPOS="1140" WIDTH="16" HEIGHT="33" WC="0.96" CONTENT="1"/><SP WIDTH="27" VPOS="1140" HPOS="1844"/>
							<String ID="string_204" HPOS="1871" VPOS="1138" WIDTH="147" HEIGHT="47" WC="0.95" CONTENT="januari"/>
						</TextLine>
						<TextLine ID="line_20" HPOS="414" VPOS="1188" WIDTH="107" HEIGHT="34">
							<String ID="string_205" HPOS="414" VPOS="1188" WIDTH="107" HEIGHT="34" WC="0.96" CONTENT="1907."/>
						</TextLine>
					</TextBlock>
					<TextBlock ID="block_3" HPOS="407" VPOS="1236" WIDTH="1612" HEIGHT="655">
						<TextLine ID="line_21" HPOS="543" VPOS="1236" WIDTH="1475" HEIGHT="51">
							<String ID="string_206" HPOS="543" VPOS="1236" WIDTH="120" HEIGHT="36" WC="0.93" CONTENT="Sedan"/><SP WIDTH="39" VPOS="1236" HPOS="663"/>
							<String ID="string_207" HPOS="702" VPOS="1237" WIDTH="115" HEIGHT="36" WC="0.91" CONTENT="Eders"/><SP WIDTH="42" VPOS="1237" HPOS="817"/>
							<String ID="string_208" HPOS="859" VPOS="1237" WIDTH="134" HEIGHT="48" WC="0.95" CONTENT="Kungl."/><SP WIDTH="42" VPOS="1237" HPOS="993"/>
							<String ID="string_209" HPOS="1035" VPOS="1237" WIDTH="105" HEIGHT="48" WC="0.95" CONTENT="Maj:t"/><SP WIDTH="40" VPOS="1237" HPOS="1140"/>
							<String ID="string_210" HPOS="1180" VPOS="1238" WIDTH="58" HEIGHT="35" WC="0.95" CONTENT="till"/><SP WIDTH="39" VPOS="1238" HPOS="1238"/>
							<String ID="string_211" HPOS="1277" VPOS="1238" WIDTH="212" HEIGHT="48" WC="0.92" CONTENT="Riksdagen"/><SP WIDTH="41" VPOS="1238" HPOS="1489"/>
							<String ID="string_212" HPOS="1530" VPOS="1239" WIDTH="118" HEIGHT="35" WC="0.86" CONTENT="aflåtit"/><SP WIDTH="32" VPOS="1239" HPOS="1648"/>
							<String ID="string_213" HPOS="1680" VPOS="1239" WIDTH="226" HEIGHT="48" WC="0.96" CONTENT="proposition"/><SP WIDTH="30" VPOS="1239" HPOS="1906"/>
							<String ID="string_214" HPOS="1936" VPOS="1240" WIDTH="82" HEIGHT="36" WC="0.95" CONTENT="med"/>
						</TextLine>
						<TextLine ID="line_22" HPOS="411" VPOS="1286" WIDTH="1605" HEIGHT="51">
							<String ID="string_215" HPOS="411" VPOS="1286" WIDTH="138" HEIGHT="47" WC="0.96" CONTENT="förslag"/><SP WIDTH="31" VPOS="1286" HPOS="549"/>
							<String ID="string_216" HPOS="580" VPOS="1288" WIDTH="57" HEIGHT="35" WC="0.95" CONTENT="till"/><SP WIDTH="33" VPOS="1288" HPOS="637"/>
							<String ID="string_217" HPOS="670" VPOS="1288" WIDTH="160" HEIGHT="35" WC="0.95" CONTENT="nämnda"/><SP WIDTH="26" VPOS="1288" HPOS="830"/>
							<String ID="string_218" HPOS="856" VPOS="1289" WIDTH="73" HEIGHT="45" WC="0.96" CONTENT="lag,"/><SP WIDTH="26" VPOS="1289" HPOS="929"/>
							<String ID="string_219" HPOS="955" VPOS="1288" WIDTH="145" HEIGHT="36" WC="0.96" CONTENT="väcktes"/><SP WIDTH="27" VPOS="1288" HPOS="1100"/>
							<String ID="string_220" HPOS="1127" VPOS="1302" WIDTH="133" HEIGHT="34" WC="0.96" CONTENT="genom"/><SP WIDTH="28" VPOS="1302" HPOS="1260"/>
							<String ID="string_221" HPOS="1288" VPOS="1289" WIDTH="143" HEIGHT="35" WC="0.96" CONTENT="enskild"/><SP WIDTH="29" VPOS="1289" HPOS="1431"/>
							<String ID="string_222" HPOS="1460" VPOS="1289" WIDTH="139" HEIGHT="35" WC="0.96" CONTENT="motion"/><SP WIDTH="31" VPOS="1289" HPOS="1599"/>
							<String ID="string_223" HPOS="1630" VPOS="1289" WIDTH="116" HEIGHT="46" WC="0.95" CONTENT="fråga,"/><SP WIDTH="30" VPOS="1289" HPOS="1746"/>
							<String ID="string_224" HPOS="1776" VPOS="1289" WIDTH="183" HEIGHT="36" WC="0.96" CONTENT="huruvida"/><SP WIDTH="27" VPOS="1289" HPOS="1959"/>
							<String ID="string_225" HPOS="1986" VPOS="1291" WIDTH="30" HEIGHT="46" WC="0.94" CONTENT="ej"/>
						</TextLine>
						<TextLine ID="line_23" HPOS="410" VPOS="1338" WIDTH="1608" HEIGHT="50">
							<String ID="string_226" HPOS="410" VPOS="1338" WIDTH="190" HEIGHT="46" WC="0.96" CONTENT="möjlighet"/><SP WIDTH="41" VPOS="1338" HPOS="600"/>
							<String ID="string_227" HPOS="641" VPOS="1338" WIDTH="114" HEIGHT="36" WC="0.96" CONTENT="borde"/><SP WIDTH="39" VPOS="1338" HPOS="755"/>
							<String ID="string_228" HPOS="794" VPOS="1338" WIDTH="154" HEIGHT="36" WC="0.96" CONTENT="beredas"/><SP WIDTH="40" VPOS="1338" HPOS="948"/>
							<String ID="string_229" HPOS="988" VPOS="1346" WIDTH="107" HEIGHT="40" WC="0.93" CONTENT="ägare"/><SP WIDTH="29" VPOS="1346" HPOS="1095"/>
							<String ID="string_230" HPOS="1124" VPOS="1339" WIDTH="40" HEIGHT="35" WC="0.93" CONTENT="af"/><SP WIDTH="24" VPOS="1339" HPOS="1164"/>
							<String ID="string_231" HPOS="1188" VPOS="1339" WIDTH="193" HEIGHT="36" WC="0.92" CONTENT="afsöndrad"/><SP WIDTH="29" VPOS="1339" HPOS="1381"/>
							<String ID="string_232" HPOS="1410" VPOS="1340" WIDTH="172" HEIGHT="47" WC="0.96" CONTENT="lägenhet"/><SP WIDTH="26" VPOS="1340" HPOS="1582"/>
							<String ID="string_233" HPOS="1608" VPOS="1344" WIDTH="56" HEIGHT="31" WC="0.96" CONTENT="att"/><SP WIDTH="29" VPOS="1344" HPOS="1664"/>
							<String ID="string_234" HPOS="1693" VPOS="1345" WIDTH="77" HEIGHT="30" WC="0.96" CONTENT="mot"/><SP WIDTH="26" VPOS="1345" HPOS="1770"/>
							<String ID="string_235" HPOS="1796" VPOS="1340" WIDTH="222" HEIGHT="48" WC="0.96" CONTENT="erläggande"/>
						</TextLine>
						<TextLine ID="line_24" HPOS="409" VPOS="1387" WIDTH="1610" HEIGHT="52">
							<String ID="string_236" HPOS="409" VPOS="1387" WIDTH="41" HEIGHT="36" WC="0.96" CONTENT="af"/><SP WIDTH="38" VPOS="1387" HPOS="450"/>
							<String ID="string_237" HPOS="488" VPOS="1389" WIDTH="72" HEIGHT="35" WC="0.96" CONTENT="viss"/><SP WIDTH="28" VPOS="1389" HPOS="560"/>
							<String ID="string_238" HPOS="588" VPOS="1401" WIDTH="144" HEIGHT="22" WC="0.96" CONTENT="summa"/><SP WIDTH="29" VPOS="1401" HPOS="732"/>
							<String ID="string_239" HPOS="761" VPOS="1388" WIDTH="35" HEIGHT="36" WC="0.96" CONTENT="få"/><SP WIDTH="27" VPOS="1388" HPOS="796"/>
							<String ID="string_240" HPOS="823" VPOS="1389" WIDTH="218" HEIGHT="48" WC="0.96" CONTENT="lägenheten"/><SP WIDTH="31" VPOS="1389" HPOS="1041"/>
							<String ID="string_241" HPOS="1072" VPOS="1389" WIDTH="144" HEIGHT="36" WC="0.96" CONTENT="befriad"/><SP WIDTH="30" VPOS="1389" HPOS="1216"/>
							<String ID="string_242" HPOS="1246" VPOS="1389" WIDTH="105" HEIGHT="36" WC="0.95" CONTENT="äfven"/><SP WIDTH="29" VPOS="1389" HPOS="1351"/>
							<String ID="string_243" HPOS="1380" VPOS="1389" WIDTH="81" HEIGHT="36" WC="0.96" CONTENT="från"/><SP WIDTH="28" VPOS="1389" HPOS="1461"/>
							<String ID="string_244" HPOS="1489" VPOS="1390" WIDTH="114" HEIGHT="35" WC="0.92" CONTENT="sådan"/><SP WIDTH="28" VPOS="1390" HPOS="1603"/>
							<String ID="string_245" HPOS="1631" VPOS="1390" WIDTH="136" HEIGHT="48" WC="0.91" CONTENT="afgäld,"/><SP WIDTH="30" VPOS="1390" HPOS="1767"/>
							<String ID="string_246" HPOS="1797" VPOS="1403" WIDTH="77" HEIGHT="23" WC="0.95" CONTENT="som"/><SP WIDTH="28" VPOS="1403" HPOS="1874"/>
							<String ID="string_247" HPOS="1902" VPOS="1391" WIDTH="117" HEIGHT="48" WC="0.95" CONTENT="enligt"/>
						</TextLine>
						<TextLine ID="line_25" HPOS="409" VPOS="1438" WIDTH="1609" HEIGHT="51">
							<String ID="string_248" HPOS="409" VPOS="1439" WIDTH="71" HEIGHT="35" WC="0.95" CONTENT="den"/><SP WIDTH="38" VPOS="1439" HPOS="480"/>
							<String ID="string_249" HPOS="518" VPOS="1438" WIDTH="209" HEIGHT="46" WC="0.95" CONTENT="föreslagna"/><SP WIDTH="40" VPOS="1438" HPOS="727"/>
							<String ID="string_250" HPOS="767" VPOS="1440" WIDTH="107" HEIGHT="47" WC="0.93" CONTENT="lagen"/><SP WIDTH="41" VPOS="1440" HPOS="874"/>
							<String ID="string_251" HPOS="915" VPOS="1439" WIDTH="120" HEIGHT="36" WC="0.89" CONTENT="blefve"/><SP WIDTH="40" VPOS="1439" HPOS="1035"/>
							<String ID="string_252" HPOS="1075" VPOS="1440" WIDTH="189" HEIGHT="36" WC="0.94" CONTENT="fastställd"/><SP WIDTH="26" VPOS="1440" HPOS="1264"/>
							<String ID="string_253" HPOS="1290" VPOS="1446" WIDTH="52" HEIGHT="29" WC="0.96" CONTENT="att"/><SP WIDTH="28" VPOS="1446" HPOS="1342"/>
							<String ID="string_254" HPOS="1370" VPOS="1440" WIDTH="230" HEIGHT="36" WC="0.96" CONTENT="fortfarande"/><SP WIDTH="30" VPOS="1440" HPOS="1600"/>
							<String ID="string_255" HPOS="1630" VPOS="1444" WIDTH="100" HEIGHT="45" WC="0.96" CONTENT="utgå."/><SP WIDTH="55" VPOS="1444" HPOS="1730"/>
							<String ID="string_256" HPOS="1785" VPOS="1442" WIDTH="14" HEIGHT="35" WC="0.86" CONTENT="I"/><SP WIDTH="27" VPOS="1442" HPOS="1799"/>
							<String ID="string_257" HPOS="1826" VPOS="1441" WIDTH="192" HEIGHT="36" WC="0.96" CONTENT="skrifvelse"/>
						</TextLine>
						<TextLine ID="line_26" HPOS="408" VPOS="1489" WIDTH="1610" HEIGHT="50">
							<String ID="string_258" HPOS="408" VPOS="1489" WIDTH="72" HEIGHT="36" WC="0.95" CONTENT="den"/><SP WIDTH="41" VPOS="1489" HPOS="480"/>
							<String ID="string_259" HPOS="521" VPOS="1491" WIDTH="20" HEIGHT="34" WC="0.95" CONTENT="8"/><SP WIDTH="41" VPOS="1491" HPOS="541"/>
							<String ID="string_260" HPOS="582" VPOS="1490" WIDTH="93" HEIGHT="47" WC="0.96" CONTENT="april"/><SP WIDTH="45" VPOS="1490" HPOS="675"/>
							<String ID="string_261" HPOS="720" VPOS="1492" WIDTH="107" HEIGHT="40" WC="0.93" CONTENT="1905,"/><SP WIDTH="42" VPOS="1492" HPOS="827"/>
							<String ID="string_262" HPOS="869" VPOS="1491" WIDTH="102" HEIGHT="35" WC="0.92" CONTENT="hvari"/><SP WIDTH="41" VPOS="1491" HPOS="971"/>
							<String ID="string_263" HPOS="1012" VPOS="1490" WIDTH="462" HEIGHT="45" WC="0.89" CONTENT="Riksdagen"/><SP WIDTH="-244" VPOS="1490" HPOS="1474"/>
							<String ID="string_264" HPOS="1230" VPOS="1485" WIDTH="19" HEIGHT="59" WC="0.0" CONTENT="-:"/><SP WIDTH="14" VPOS="1485" HPOS="1249"/>
							<String ID="string_265" HPOS="1263" VPOS="1490" WIDTH="211" HEIGHT="45" WC="0.0" CONTENT="meddelade"/><SP WIDTH="41" VPOS="1490" HPOS="1474"/>
							<String ID="string_266" HPOS="1515" VPOS="1491" WIDTH="114" HEIGHT="37" WC="0.92" CONTENT="Eders"/><SP WIDTH="28" VPOS="1491" HPOS="1629"/>
							<String ID="string_267" HPOS="1657" VPOS="1492" WIDTH="136" HEIGHT="47" WC="0.93" CONTENT="Kungl."/><SP WIDTH="29" VPOS="1492" HPOS="1793"/>
							<String ID="string_268" HPOS="1822" VPOS="1491" WIDTH="104" HEIGHT="47" WC="0.96" CONTENT="Maj:t"/><SP WIDTH="27" VPOS="1491" HPOS="1926"/>
							<String ID="string_269" HPOS="1953" VPOS="1493" WIDTH="65" HEIGHT="35" WC="0.96" CONTENT="sitt"/>
						</TextLine>
						<TextLine ID="line_27" HPOS="409" VPOS="1539" WIDTH="1607" HEIGHT="51">
							<String ID="string_270" HPOS="409" VPOS="1540" WIDTH="120" HEIGHT="35" WC="0.96" CONTENT="beslut"/><SP WIDTH="28" VPOS="1540" HPOS="529"/>
							<String ID="string_271" HPOS="557" VPOS="1546" WIDTH="53" HEIGHT="29" WC="0.96" CONTENT="att"/><SP WIDTH="28" VPOS="1546" HPOS="610"/>
							<String ID="string_272" HPOS="638" VPOS="1539" WIDTH="127" HEIGHT="37" WC="0.93" CONTENT="bifalla"/><SP WIDTH="27" VPOS="1539" HPOS="765"/>
							<String ID="string_273" HPOS="792" VPOS="1540" WIDTH="115" HEIGHT="36" WC="0.91" CONTENT="Eders"/><SP WIDTH="29" VPOS="1540" HPOS="907"/>
							<String ID="string_274" HPOS="936" VPOS="1541" WIDTH="132" HEIGHT="48" WC="0.92" CONTENT="Kungl."/><SP WIDTH="29" VPOS="1541" HPOS="1068"/>
							<String ID="string_275" HPOS="1097" VPOS="1541" WIDTH="126" HEIGHT="48" WC="0.96" CONTENT="Maj:ts"/><SP WIDTH="28" VPOS="1541" HPOS="1223"/>
							<String ID="string_276" HPOS="1251" VPOS="1543" WIDTH="238" HEIGHT="47" WC="0.96" CONTENT="proposition,"/><SP WIDTH="29" VPOS="1543" HPOS="1489"/>
							<String ID="string_277" HPOS="1518" VPOS="1543" WIDTH="124" HEIGHT="35" WC="0.96" CONTENT="anhöll"/><SP WIDTH="22" VPOS="1543" HPOS="1642"/>
							<String ID="string_278" HPOS="1664" VPOS="1542" WIDTH="206" HEIGHT="48" WC="0.96" CONTENT="Riksdagen"/><SP WIDTH="19" VPOS="1542" HPOS="1870"/>
							<String ID="string_279" HPOS="1889" VPOS="1543" WIDTH="127" HEIGHT="44" WC="0.96" CONTENT="tillika,"/>
						</TextLine>
						<TextLine ID="line_28" HPOS="408" VPOS="1590" WIDTH="1607" HEIGHT="51">
							<String ID="string_280" HPOS="408" VPOS="1590" WIDTH="12" HEIGHT="35" WC="0.92" CONTENT="1"/><SP WIDTH="29" VPOS="1590" HPOS="420"/>
							<String ID="string_281" HPOS="449" VPOS="1590" WIDTH="200" HEIGHT="49" WC="0.96" CONTENT="anledning"/><SP WIDTH="27" VPOS="1590" HPOS="649"/>
							<String ID="string_282" HPOS="676" VPOS="1590" WIDTH="41" HEIGHT="36" WC="0.96" CONTENT="af"/><SP WIDTH="25" VPOS="1590" HPOS="717"/>
							<String ID="string_283" HPOS="742" VPOS="1591" WIDTH="155" HEIGHT="36" WC="0.96" CONTENT="berörda"/><SP WIDTH="28" VPOS="1591" HPOS="897"/>
							<String ID="string_284" HPOS="925" VPOS="1592" WIDTH="148" HEIGHT="42" WC="0.96" CONTENT="motion,"/><SP WIDTH="29" VPOS="1592" HPOS="1073"/>
							<String ID="string_285" HPOS="1102" VPOS="1597" WIDTH="54" HEIGHT="30" WC="0.93" CONTENT="att"/><SP WIDTH="29" VPOS="1597" HPOS="1156"/>
							<String ID="string_286" HPOS="1185" VPOS="1591" WIDTH="112" HEIGHT="37" WC="0.93" CONTENT="Eders"/><SP WIDTH="28" VPOS="1591" HPOS="1297"/>
							<String ID="string_287" HPOS="1325" VPOS="1592" WIDTH="136" HEIGHT="49" WC="0.95" CONTENT="Kungl."/><SP WIDTH="29" VPOS="1592" HPOS="1461"/>
							<String ID="string_288" HPOS="1490" VPOS="1592" WIDTH="103" HEIGHT="47" WC="0.96" CONTENT="Maj:t"/><SP WIDTH="27" VPOS="1592" HPOS="1593"/>
							<String ID="string_289" HPOS="1620" VPOS="1594" WIDTH="139" HEIGHT="35" WC="0.96" CONTENT="täcktes"/><SP WIDTH="19" VPOS="1594" HPOS="1759"/>
							<String ID="string_290" HPOS="1778" VPOS="1594" WIDTH="75" HEIGHT="35" WC="0.96" CONTENT="låta"/><SP WIDTH="20" VPOS="1594" HPOS="1853"/>
							<String ID="string_291" HPOS="1873" VPOS="1593" WIDTH="142" HEIGHT="44" WC="0.96" CONTENT="utreda,"/>
						</TextLine>
						<TextLine ID="line_29" HPOS="410" VPOS="1641" WIDTH="1607" HEIGHT="51">
							<String ID="string_292" HPOS="410" VPOS="1641" WIDTH="118" HEIGHT="35" WC="0.96" CONTENT="under"/><SP WIDTH="40" VPOS="1641" HPOS="528"/>
							<String ID="string_293" HPOS="568" VPOS="1641" WIDTH="122" HEIGHT="36" WC="0.95" CONTENT="hvilka"/><SP WIDTH="40" VPOS="1641" HPOS="690"/>
							<String ID="string_294" HPOS="730" VPOS="1643" WIDTH="134" HEIGHT="34" WC="0.93" CONTENT="villkor"/><SP WIDTH="39" VPOS="1643" HPOS="864"/>
							<String ID="string_295" HPOS="903" VPOS="1641" WIDTH="238" HEIGHT="37" WC="0.92" CONTENT="innehafvare"/><SP WIDTH="35" VPOS="1641" HPOS="1141"/>
							<String ID="string_296" HPOS="1176" VPOS="1642" WIDTH="39" HEIGHT="36" WC="0.93" CONTENT="af"/><SP WIDTH="28" VPOS="1642" HPOS="1215"/>
							<String ID="string_297" HPOS="1243" VPOS="1642" WIDTH="195" HEIGHT="37" WC="0.90" CONTENT="afsöndrad"/><SP WIDTH="30" VPOS="1642" HPOS="1438"/>
							<String ID="string_298" HPOS="1468" VPOS="1644" WIDTH="171" HEIGHT="48" WC="0.96" CONTENT="lägenhet"/><SP WIDTH="27" VPOS="1644" HPOS="1639"/>
							<String ID="string_299" HPOS="1666" VPOS="1644" WIDTH="124" HEIGHT="35" WC="0.93" CONTENT="kunde"/><SP WIDTH="27" VPOS="1644" HPOS="1790"/>
							<String ID="string_300" HPOS="1817" VPOS="1644" WIDTH="200" HEIGHT="46" WC="0.92" CONTENT="berättigas"/>
						</TextLine>
						<TextLine ID="line_30" HPOS="408" VPOS="1692" WIDTH="1608" HEIGHT="50">
							<String ID="string_301" HPOS="408" VPOS="1696" WIDTH="55" HEIGHT="31" WC="0.96" CONTENT="att"/><SP WIDTH="40" VPOS="1696" HPOS="463"/>
							<String ID="string_302" HPOS="503" VPOS="1693" WIDTH="75" HEIGHT="34" WC="0.96" CONTENT="lösa"/><SP WIDTH="39" VPOS="1693" HPOS="578"/>
							<String ID="string_303" HPOS="617" VPOS="1693" WIDTH="57" HEIGHT="45" WC="0.96" CONTENT="sig"/><SP WIDTH="40" VPOS="1693" HPOS="674"/>
							<String ID="string_304" HPOS="714" VPOS="1692" WIDTH="80" HEIGHT="36" WC="0.96" CONTENT="från"/><SP WIDTH="42" VPOS="1692" HPOS="794"/>
							<String ID="string_305" HPOS="836" VPOS="1693" WIDTH="112" HEIGHT="35" WC="0.96" CONTENT="sådan"/><SP WIDTH="40" VPOS="1693" HPOS="948"/>
							<String ID="string_306" HPOS="988" VPOS="1693" WIDTH="58" HEIGHT="35" WC="0.96" CONTENT="del"/><SP WIDTH="39" VPOS="1693" HPOS="1046"/>
							<String ID="string_307" HPOS="1085" VPOS="1693" WIDTH="40" HEIGHT="36" WC="0.91" CONTENT="af"/><SP WIDTH="39" VPOS="1693" HPOS="1125"/>
							<String ID="string_308" HPOS="1164" VPOS="1693" WIDTH="135" HEIGHT="49" WC="0.89" CONTENT="afgäld,"/><SP WIDTH="34" VPOS="1693" HPOS="1299"/>
							<String ID="string_309" HPOS="1333" VPOS="1707" WIDTH="76" HEIGHT="22" WC="0.96" CONTENT="som"/><SP WIDTH="29" VPOS="1707" HPOS="1409"/>
							<String ID="string_310" HPOS="1438" VPOS="1693" WIDTH="197" HEIGHT="37" WC="0.93" CONTENT="förklarats"/><SP WIDTH="27" VPOS="1693" HPOS="1635"/>
							<String ID="string_311" HPOS="1662" VPOS="1694" WIDTH="227" HEIGHT="45" WC="0.91" CONTENT="öfverskjuta"/><SP WIDTH="27" VPOS="1694" HPOS="1889"/>
							<String ID="string_312" HPOS="1916" VPOS="1698" WIDTH="20" HEIGHT="31" WC="0.91" CONTENT="å"/><SP WIDTH="27" VPOS="1698" HPOS="1936"/>
							<String ID="string_313" HPOS="1963" VPOS="1694" WIDTH="53" HEIGHT="36" WC="0.92" CONTENT="af-"/>
						</TextLine>
						<TextLine ID="line_31" HPOS="409" VPOS="1742" WIDTH="1608" HEIGHT="52">
							<String ID="string_314" HPOS="409" VPOS="1742" WIDTH="221" HEIGHT="48" WC="0.91" CONTENT="söndringen"/><SP WIDTH="30" VPOS="1742" HPOS="630"/>
							<String ID="string_315" HPOS="660" VPOS="1743" WIDTH="202" HEIGHT="48" WC="0.91" CONTENT="belöpande"/><SP WIDTH="28" VPOS="1743" HPOS="862"/>
							<String ID="string_316" HPOS="890" VPOS="1743" WIDTH="106" HEIGHT="35" WC="0.96" CONTENT="andel"/><SP WIDTH="27" VPOS="1743" HPOS="996"/>
							<String ID="string_317" HPOS="1023" VPOS="1745" WIDTH="12" HEIGHT="34" WC="0.93" CONTENT="i"/><SP WIDTH="28" VPOS="1745" HPOS="1035"/>
							<String ID="string_318" HPOS="1063" VPOS="1744" WIDTH="320" HEIGHT="36" WC="0.90" CONTENT="stamhemmanets"/><SP WIDTH="29" VPOS="1744" HPOS="1383"/>
							<String ID="string_319" HPOS="1412" VPOS="1744" WIDTH="206" HEIGHT="50" WC="0.92" CONTENT="utskylder,"/><SP WIDTH="21" VPOS="1744" HPOS="1618"/>
							<String ID="string_320" HPOS="1639" VPOS="1751" WIDTH="95" HEIGHT="30" WC="0.95" CONTENT="samt"/><SP WIDTH="22" VPOS="1751" HPOS="1734"/>
							<String ID="string_321" HPOS="1756" VPOS="1746" WIDTH="73" HEIGHT="34" WC="0.96" CONTENT="låta"/><SP WIDTH="20" VPOS="1746" HPOS="1829"/>
							<String ID="string_322" HPOS="1849" VPOS="1745" WIDTH="168" HEIGHT="35" WC="0.96" CONTENT="utarbeta"/>
						</TextLine>
						<TextLine ID="line_32" HPOS="407" VPOS="1792" WIDTH="1610" HEIGHT="52">
							<String ID="string_323" HPOS="407" VPOS="1793" WIDTH="67" HEIGHT="35" WC="0.96" CONTENT="och"/><SP WIDTH="41" VPOS="1793" HPOS="474"/>
							<String ID="string_324" HPOS="515" VPOS="1792" WIDTH="58" HEIGHT="36" WC="0.96" CONTENT="för"/><SP WIDTH="38" VPOS="1792" HPOS="573"/>
							<String ID="string_325" HPOS="611" VPOS="1793" WIDTH="207" HEIGHT="49" WC="0.96" CONTENT="Riksdagen"/><SP WIDTH="41" VPOS="1793" HPOS="818"/>
							<String ID="string_326" HPOS="859" VPOS="1793" WIDTH="206" HEIGHT="49" WC="0.95" CONTENT="framlägga"/><SP WIDTH="40" VPOS="1793" HPOS="1065"/>
							<String ID="string_327" HPOS="1105" VPOS="1795" WIDTH="64" HEIGHT="35" WC="0.95" CONTENT="det"/><SP WIDTH="39" VPOS="1795" HPOS="1169"/>
							<String ID="string_328" HPOS="1208" VPOS="1794" WIDTH="210" HEIGHT="49" WC="0.93" CONTENT="lagförslag,"/><SP WIDTH="29" VPOS="1794" HPOS="1418"/>
							<String ID="string_329" HPOS="1447" VPOS="1796" WIDTH="152" HEIGHT="35" WC="0.90" CONTENT="hvartill"/><SP WIDTH="32" VPOS="1796" HPOS="1599"/>
							<String ID="string_330" HPOS="1631" VPOS="1795" WIDTH="156" HEIGHT="36" WC="0.96" CONTENT="berörda"/><SP WIDTH="28" VPOS="1795" HPOS="1787"/>
							<String ID="string_331" HPOS="1815" VPOS="1796" WIDTH="202" HEIGHT="48" WC="0.96" CONTENT="utredning"/>
						</TextLine>
						<TextLine ID="line_33" HPOS="407" VPOS="1843" WIDTH="490" HEIGHT="48">
							<String ID="string_332" HPOS="407" VPOS="1843" WIDTH="124" HEIGHT="36" WC="0.96" CONTENT="kunde"/><SP WIDTH="30" VPOS="1843" HPOS="531"/>
							<String ID="string_333" HPOS="561" VPOS="1843" WIDTH="100" HEIGHT="36" WC="0.95" CONTENT="gifva"/><SP WIDTH="25" VPOS="1843" HPOS="661"/>
							<String ID="string_334" HPOS="686" VPOS="1844" WIDTH="211" HEIGHT="47" WC="0.95" CONTENT="anledning."/>
						</TextLine>
					</TextBlock>
					<TextBlock ID="block_4" HPOS="406" VPOS="1893" WIDTH="1609" HEIGHT="202">
						<TextLine ID="line_34" HPOS="578" VPOS="1893" WIDTH="1437" HEIGHT="52">
							<String ID="string_335" HPOS="578" VPOS="1893" WIDTH="78" HEIGHT="36" WC="0.92" CONTENT="fver"/><SP WIDTH="41" VPOS="1893" HPOS="656"/>
							<String ID="string_336" HPOS="697" VPOS="1895" WIDTH="225" HEIGHT="48" WC="0.96" CONTENT="Riksdagens"/><SP WIDTH="38" VPOS="1895" HPOS="922"/>
							<String ID="string_337" HPOS="960" VPOS="1895" WIDTH="248" HEIGHT="49" WC="0.96" CONTENT="nyssnämnda"/><SP WIDTH="39" VPOS="1895" HPOS="1208"/>
							<String ID="string_338" HPOS="1247" VPOS="1895" WIDTH="202" HEIGHT="43" WC="0.93" CONTENT="skrifvelse,"/><SP WIDTH="42" VPOS="1895" HPOS="1449"/>
							<String ID="string_339" HPOS="1491" VPOS="1897" WIDTH="121" HEIGHT="35" WC="0.91" CONTENT="såvidt"/><SP WIDTH="40" VPOS="1897" HPOS="1612"/>
							<String ID="string_340" HPOS="1652" VPOS="1900" WIDTH="115" HEIGHT="45" WC="0.95" CONTENT="angår"/><SP WIDTH="31" VPOS="1900" HPOS="1767"/>
							<String ID="string_341" HPOS="1798" VPOS="1896" WIDTH="129" HEIGHT="47" WC="0.95" CONTENT="frågan"/><SP WIDTH="28" VPOS="1896" HPOS="1927"/>
							<String ID="string_342" HPOS="1955" VPOS="1909" WIDTH="60" HEIGHT="23" WC="0.96" CONTENT="om"/>
						</TextLine>
						<TextLine ID="line_35" HPOS="407" VPOS="1944" WIDTH="1608" HEIGHT="49">
							<String ID="string_343" HPOS="407" VPOS="1945" WIDTH="181" HEIGHT="47" WC="0.90" CONTENT="aflösning"/><SP WIDTH="38" VPOS="1945" HPOS="588"/>
							<String ID="string_344" HPOS="626" VPOS="1944" WIDTH="42" HEIGHT="36" WC="0.93" CONTENT="af"/><SP WIDTH="37" VPOS="1944" HPOS="668"/>
							<String ID="string_345" HPOS="705" VPOS="1945" WIDTH="137" HEIGHT="45" WC="0.91" CONTENT="afgäld,"/><SP WIDTH="30" VPOS="1945" HPOS="842"/>
							<String ID="string_346" HPOS="872" VPOS="1946" WIDTH="76" HEIGHT="42" WC="0.96" CONTENT="har,"/><SP WIDTH="25" VPOS="1946" HPOS="948"/>
							<String ID="string_347" HPOS="973" VPOS="1946" WIDTH="147" HEIGHT="46" WC="0.95" CONTENT="jämlikt"/><SP WIDTH="40" VPOS="1946" HPOS="1120"/>
							<String ID="string_348" HPOS="1160" VPOS="1947" WIDTH="129" HEIGHT="35" WC="0.96" CONTENT="remiss"/><SP WIDTH="32" VPOS="1947" HPOS="1289"/>
							<String ID="string_349" HPOS="1321" VPOS="1947" WIDTH="69" HEIGHT="35" WC="0.95" CONTENT="den"/><SP WIDTH="30" VPOS="1947" HPOS="1390"/>
							<String ID="string_350" HPOS="1420" VPOS="1949" WIDTH="45" HEIGHT="34" WC="0.95" CONTENT="25"/><SP WIDTH="30" VPOS="1949" HPOS="1465"/>
							<String ID="string_351" HPOS="1495" VPOS="1947" WIDTH="70" HEIGHT="46" WC="0.95" CONTENT="maj"/><SP WIDTH="33" VPOS="1947" HPOS="1565"/>
							<String ID="string_352" HPOS="1598" VPOS="1949" WIDTH="108" HEIGHT="42" WC="0.93" CONTENT="1905,"/><SP WIDTH="31" VPOS="1949" HPOS="1706"/>
							<String ID="string_353" HPOS="1737" VPOS="1948" WIDTH="278" HEIGHT="35" WC="0.90" CONTENT="kammarkolle-"/>
						</TextLine>
						<TextLine ID="line_36" HPOS="406" VPOS="1994" WIDTH="1608" HEIGHT="50">
							<String ID="string_354" HPOS="406" VPOS="1995" WIDTH="117" HEIGHT="46" WC="0.34" CONTENT="glum,"/><SP WIDTH="42" VPOS="1995" HPOS="523"/>
							<String ID="string_355" HPOS="565" VPOS="1994" WIDTH="93" HEIGHT="36" WC="0.92" CONTENT="efter"/><SP WIDTH="39" VPOS="1994" HPOS="658"/>
							<String ID="string_356" HPOS="697" VPOS="1995" WIDTH="115" HEIGHT="36" WC="0.91" CONTENT="Eders"/><SP WIDTH="41" VPOS="1995" HPOS="812"/>
							<String ID="string_357" HPOS="853" VPOS="1996" WIDTH="133" HEIGHT="47" WC="0.94" CONTENT="Kungl."/><SP WIDTH="42" VPOS="1996" HPOS="986"/>
							<String ID="string_358" HPOS="1028" VPOS="1996" WIDTH="122" HEIGHT="47" WC="0.92" CONTENT="Maj:ts"/><SP WIDTH="40" VPOS="1996" HPOS="1150"/>
							<String ID="string_359" HPOS="1190" VPOS="1996" WIDTH="426" HEIGHT="48" WC="0.89" CONTENT="befallningshafvandes"/><SP WIDTH="40" VPOS="1996" HPOS="1616"/>
							<String ID="string_360" HPOS="1656" VPOS="1998" WIDTH="13" HEIGHT="35" WC="0.95" CONTENT="i"/><SP WIDTH="36" VPOS="1998" HPOS="1669"/>
							<String ID="string_361" HPOS="1705" VPOS="1999" WIDTH="106" HEIGHT="33" WC="0.95" CONTENT="länen"/><SP WIDTH="29" VPOS="1999" HPOS="1811"/>
							<String ID="string_362" HPOS="1840" VPOS="1997" WIDTH="174" HEIGHT="44" WC="0.96" CONTENT="hörande,"/>
						</TextLine>
						<TextLine ID="line_37" HPOS="406" VPOS="2045" WIDTH="673" HEIGHT="50">
							<String ID="string_363" HPOS="406" VPOS="2045" WIDTH="150" HEIGHT="47" WC="0.90" CONTENT="afgifvit"/><SP WIDTH="27" VPOS="2045" HPOS="556"/>
							<String ID="string_364" HPOS="583" VPOS="2046" WIDTH="250" HEIGHT="49" WC="0.96" CONTENT="underdånigt"/><SP WIDTH="28" VPOS="2046" HPOS="833"/>
							<String ID="string_365" HPOS="861" VPOS="2047" WIDTH="218" HEIGHT="35" WC="0.0" CONTENT="utlåtande.»"/>
						</TextLine>
					</TextBlock>
					<TextBlock ID="block_5" HPOS="406" VPOS="2095" WIDTH="1608" HEIGHT="101">
						<TextLine ID="line_38" HPOS="540" VPOS="2095" WIDTH="1474" HEIGHT="51">
							<String ID="string_366" HPOS="540" VPOS="2095" WIDTH="118" HEIGHT="37" WC="0.96" CONTENT="Sedan"/><SP WIDTH="29" VPOS="2095" HPOS="658"/>
							<String ID="string_367" HPOS="687" VPOS="2096" WIDTH="266" HEIGHT="50" WC="0.93" CONTENT="föredragande"/><SP WIDTH="28" VPOS="2096" HPOS="953"/>
							<String ID="string_368" HPOS="981" VPOS="2097" WIDTH="401" HEIGHT="49" WC="0.91" CONTENT="departementschefen"/><SP WIDTH="28" VPOS="2097" HPOS="1382"/>
							<String ID="string_369" HPOS="1410" VPOS="2098" WIDTH="188" HEIGHT="48" WC="0.96" CONTENT="redogjort"/><SP WIDTH="27" VPOS="2098" HPOS="1598"/>
							<String ID="string_370" HPOS="1625" VPOS="2099" WIDTH="58" HEIGHT="36" WC="0.96" CONTENT="för"/><SP WIDTH="27" VPOS="2099" HPOS="1683"/>
							<String ID="string_371" HPOS="1710" VPOS="2099" WIDTH="202" HEIGHT="36" WC="0.96" CONTENT="innehållet"/><SP WIDTH="26" VPOS="2099" HPOS="1912"/>
							<String ID="string_372" HPOS="1938" VPOS="2100" WIDTH="12" HEIGHT="35" WC="0.96" CONTENT="i"/><SP WIDTH="20" VPOS="2100" HPOS="1950"/>
							<String ID="string_373" HPOS="1970" VPOS="2099" WIDTH="44" HEIGHT="35" WC="0.96" CONTENT="de"/>
						</TextLine>
						<TextLine ID="line_39" HPOS="406" VPOS="2147" WIDTH="1204" HEIGHT="49">
							<String ID="string_374" HPOS="406" VPOS="2147" WIDTH="174" HEIGHT="36" WC="0.90" CONTENT="inkomna"/><SP WIDTH="25" VPOS="2147" HPOS="580"/>
							<String ID="string_375" HPOS="605" VPOS="2147" WIDTH="235" HEIGHT="49" WC="0.89" CONTENT="yttrandena,"/><SP WIDTH="29" VPOS="2147" HPOS="840"/>
							<String ID="string_376" HPOS="869" VPOS="2147" WIDTH="152" HEIGHT="37" WC="0.93" CONTENT="anförde"/><SP WIDTH="27" VPOS="2147" HPOS="1021"/>
							<String ID="string_377" HPOS="1048" VPOS="2148" WIDTH="403" HEIGHT="48" WC="0.91" CONTENT="departementschefen"/><SP WIDTH="20" VPOS="2148" HPOS="1451"/>
							<String ID="string_378" HPOS="1471" VPOS="2150" WIDTH="139" HEIGHT="35" WC="0.95" CONTENT="vidare:"/>
						</TextLine>
					</TextBlock>
				</ComposedBlock>
			</PrintSpace>
		</Page>
	</Layout>
</alto>
