1888 2804
275 162 40 29 38
420 167 233 33 Sammansatt
672 169 110 36 första
805 169 67 37 lag-
892 170 65 30 och
981 170 333 32 iordbruksutskotts
1334 172 175 31 utlåtande
1528 184 42 21 nr
1589 175 27 29 1.

932 307 38 43 2)
1005 309 101 43 Lag

270 385 66 22 om
360 375 156 33 ändrad
540 375 153 42 lydelse
717 388 49 22 av
791 378 41 32 11
856 376 20 44 $
897 378 116 43 lagen
1031 378 76 34 den
1124 379 43 33 18
1182 379 87 43 juni
1285 380 87 33 1925
1389 380 68 40 (nr
1472 379 81 44 219)
1570 381 206 44 angående

314 436 147 33 förbud
486 436 11 33 i
521 437 107 33 vissa
648 437 70 34 fall
743 438 64 34 för
830 439 128 43 bolag,
982 439 184 44 förening
1190 440 75 34 och
1283 440 167 35 stiftelse
1467 444 58 31 att
1544 442 188 34 förvärva

872 500 76 34 fast
973 501 205 43 egendom.

318 583 209 39 Härigenom
549 583 196 36 förordnas,
769 587 50 27 att
841 585 36 29 11
902 585 15 37 $
939 585 101 40 lagen
1060 586 66 30 den
1148 586 39 29 18
1205 586 80 39 juni
1310 587 82 30 1925
1413 587 178 39 angående
1611 588 129 31 förbud
1760 589 12 29 i

272 633 93 30 vissa
387 634 61 29 fall
471 634 55 30 för
547 634 110 39 bolag,
680 635 162 39 förening
863 636 64 29 och
951 636 147 30 stiftelse
1125 638 50 28 att
1201 637 162 30 förvärva
1385 637 70 30 fast
1480 639 180 38 egendom"
1682 639 90 30 skall

272 684 133 30 erhålla
421 685 134 29 ändrad
570 684 131 39 lydelse
716 685 46 40 på
780 686 68 29 sätt
863 686 115 30 nedan
993 686 151 39 angives.

451 765 182 36 (Gällande
660 766 161 37 lydelse:)
1206 769 223 37 (Föreslagen
1449 770 160 38 lydelse:)

973 829 36 29 11
1039 829 28 37 3.

316 876 76 30 Med
413 876 101 40 bolag
532 895 44 3 —
595 895 45 3 —
660 895 46 3 —
725 878 83 29 eller
829 878 360 40 försäkringsrörelse.

315 925 77 30 Med
417 925 161 40 förening
602 936 100 21 avses
728 927 77 30 icke
831 927 170 40 förening,
1085 930 77 29 Med
1188 929 161 40 förening
1374 939 99 22 avses
1499 931 75 30 icke
1600 931 172 39 förening,

269 975 117 30 vilken
403 976 115 30 driver
536 977 139 34 rörelse,
698 987 75 20 som
794 987 83 30 nyss
896 980 104 37 sagts.
1040 980 117 29 vilken
1175 980 116 30 driver
1309 980 139 34 rörelse,
1472 990 74 21 som
1565 991 83 30 nyss
1667 983 104 38 sagts,

1041 1031 34 39 ej
1094 1031 109 29 heller
1223 1031 360 40 sambruksförening.

315 1077 78 29 Med
410 1077 147 30 stiftelse
571 1095 45 3 —
629 1096 45 3 —
690 1097 45 2 —
751 1079 166 30 fastställt
938 1080 151 39 stadgar.

314 1185 122 31 Denna
457 1186 56 39 lag
532 1187 117 29 träder
671 1187 12 29 i
704 1187 97 30 kraft
822 1188 67 29 den
914 1189 14 28 1
952 1188 68 39 juli
1044 1189 94 30 1948.

944 1356 38 44 3)
1014 1358 92 44 Lag

280 1441 65 23 om
369 1432 156 34 ändrad
549 1432 153 44 lydelse
725 1445 50 22 av
798 1435 43 33 22
863 1433 20 44 $
905 1436 19 33 1
951 1446 120 24 mom.
1095 1437 487 47 kommunalskattelagen
1607 1441 76 35 den
1707 1442 44 33 28

748 1497 229 42 september
999 1498 88 33 1928
1111 1497 68 43 (nr
1200 1499 96 42 370).

314 1578 211 39 Härigenom
546 1579 197 35 förordnas,
763 1582 50 29 att
835 1581 40 30 22
897 1581 15 37 8
939 1582 15 29 1
975 1592 106 20 mom.
1100 1583 427 42 kommunalskattelagen
1545 1587 67 29 den
1634 1587 42 30 28
1696 1596 74 31 sep-

267 1626 133 30 tember
422 1627 83 30 1928
528 1628 88 30 skall
636 1629 135 31 erhålla
790 1631 133 30 ändrad
942 1631 130 40 lydelse
1091 1633 45 40 på
1156 1634 69 30 sätt
1247 1635 115 30 nedan
1385 1637 150 38 angives.

442 1712 183 38 (Gällande
654 1713 162 37 lydelse:)
1200 1715 226 37 (Föreslagen
1451 1717 160 36 lydelse:)

966 1777 41 30 22
1032 1777 28 37 8.

315 1826 15 28 1
349 1835 105 20 mom.
472 1826 92 30 Från
582 1826 281 31 bruttointäkten
882 1845 43 3 -—
943 1845 44 3 —
1002 1846 22 2 —
1063 1829 56 29 det
1137 1828 190 31 allmänna.

311 1877 72 29 Har
402 1877 85 39 skog
502 1895 45 3 —
563 1895 44 3 -—
622 1895 46 3 —
687 1878 147 39 tidigare
852 1878 195 39 medgivits.

311 1927 71 29 Har
401 1927 156 30 växande
576 1945 44 3 —
637 1946 45 3 —
699 1946 45 3 —
763 1927 158 40 gällande
941 1928 264 40 ingångsvärde.

312 1977 301 31 Hemmavarande
629 1978 89 30 barn
735 1996 45 3 —
793 1996 44 3 —
851 1996 44 4 —
910 1978 142 31 tillhöra
1073 1979 335 40 arbetspersonalen.

1081 2030 74 29 Har
1170 2030 352 41 sambruksförening
1537 2031 80 30 med
1632 2031 139 38 hänsyn

1039 2079 52 30 till
1108 2080 173 30 rörelsens
1300 2081 147 30 resultat
1468 2081 133 30 lämnat
1618 2081 150 31 medlem

1038 2130 82 30 eller
1151 2140 119 21 annan
1305 2131 198 40 lönetillägg
1536 2131 83 30 eller
1651 2141 118 21 annan

1037 2180 108 30 sådan
1161 2182 219 38 gottgörelse,
1394 2182 57 29 må
1464 2181 207 42 föreningen
1689 2183 82 40 nju-

1038 2232 34 28 ta
1090 2231 130 40 avdrag
1238 2231 57 40 för
1312 2232 154 30 nämnda
1483 2233 218 39 gottgörelse.

310 2345 123 31 Denna
453 2346 56 40 lag
529 2347 116 29 träder
666 2347 12 29 i
699 2347 98 30 kraft
818 2347 67 30 den
910 2348 14 29 1
948 2347 68 40 juli
1040 2348 94 30 1948.

263 2497 45 30 a
329 2494 108 56 Senaste
451 2494 115 56 lydelse,
584 2522 27 17 se
629 2516 59 24 SFS
708 2514 142 26 1932:183.
