2217 2663
402 175 118 32 Andra
544 176 214 33 Kammarens
783 178 177 43 Tillfälliga
988 180 138 32 Utskotts
1149 182 67 40 (Nr
1238 183 35 36 4)
1299 183 170 32 Utlåtande
1492 184 53 32 Nr
1567 186 30 31 2.
1726 187 39 32 15

214 254 234 40 näringslifvet,
472 258 49 29 att
551 256 257 42 riksregeringen
839 261 109 29 ansett
971 259 55 31 det
1048 270 78 21 vara
1149 261 48 31 sin
1223 262 184 40 skyldighet
1430 267 83 37 ägna
1535 265 190 32 densamma
1747 271 64 27 sär-

213 298 85 31 skild
330 300 298 39 uppmärksamhet.
675 301 63 31 För
769 303 141 31 tillfället
932 304 75 31 ville
1031 305 189 40 regeringen
1243 307 71 30 icke
1337 307 111 40 intaga
1470 311 106 37 någon
1599 310 211 41 ståndpunkt,

212 352 77 21 vare
312 343 50 40 sig
384 344 49 31 för
456 345 79 30 eller
558 348 88 28 emot
668 346 204 32 kartellerna.
918 348 70 31 Den
1013 349 143 31 önskade
1181 350 116 31 endast
1318 352 99 31 vinna
1439 354 36 29 så
1498 354 210 40 fullständiga
1729 365 82 32 upp-

210 386 167 41 lysningar
411 399 53 20 om
498 388 84 35 dem,
607 400 70 21 som
711 391 132 40 möjligt.
891 391 160 33 Särskildt
1084 394 106 38 gällde
1224 394 55 32 det
1312 395 33 32 få
1378 396 78 32 reda
1477 399 43 38 på
1545 399 29 38 1)
1598 399 213 32 kartellernas

211 432 90 30 antal
323 432 61 31 och
408 433 238 40 beskaffenhet;
682 435 30 37 2)
737 435 94 31 deras
853 437 196 39 prispolitik;
1085 439 33 38 3)
1142 438 94 31 deras
1259 440 155 30 inverkan
1438 443 43 37 på
1503 442 237 40 näringslifvet;
1777 445 32 38 4)

211 475 40 30 de
285 476 117 38 medel,
426 477 112 30 hvilka
571 477 41 31 de
646 478 149 31 använde
818 479 50 31 för
891 482 49 29 att
961 482 43 29 nå
1027 481 70 31 sina
1120 482 117 39 syften.
1283 483 144 40 Ungefär
1449 486 64 30 450
1535 486 152 31 karteller
1709 489 102 39 ansåg

211 518 49 40 sig
282 520 191 39 regeringen
496 521 108 31 känna
625 521 59 31 till.
723 522 105 31 Bland
852 523 74 31 dem
949 535 76 20 vore
1048 525 99 31 likväl
1170 527 87 37 flera,
1275 537 68 21 som
1368 538 129 22 snarare
1522 530 97 31 borde
1644 531 165 32 betraktas

211 572 70 22 som
314 564 306 40 priskonventioner
654 566 79 31 eller
756 567 346 33 öfverenskommelser
1124 580 53 21 om
1199 571 284 42 kontingentering
1506 574 34 30 af
1560 574 246 40 produktionen.

342 608 187 32 Resultatet
562 610 34 30 af
627 612 296 30 sammankomsten
958 613 67 30 blef
1056 614 252 38 godkännandet
1339 616 34 30 af
1403 620 48 27 ett
1472 618 229 39 frågecirkulär
1724 622 85 29 samt

210 651 171 32 uttalande
415 663 54 20 om
500 654 261 31 önskvärdheten
792 656 34 30 af
847 659 49 27 att
918 656 296 33 kontradiktoriska
1236 659 242 41 förhandlingar
1500 662 75 31 med
1597 663 212 32 kartellernas

212 695 160 31 målsmän
407 697 99 31 borde
541 701 59 36 äga
628 708 82 21 rum.
756 699 104 31 Dessa
894 701 104 30 skulle
1021 711 79 21 vara
1122 703 167 39 offentliga
1313 704 117 31 endast
1451 705 11 30 i
1485 705 64 31 den
1572 708 75 29 mån
1671 708 137 31 särskild

209 740 142 38 begäran
386 751 53 20 om
473 741 93 31 deras
597 742 272 40 hemlighållande
902 744 28 40 ej
955 744 226 34 framställdes.
1227 747 293 41 Frågeformuläret
1542 753 124 38 upptog
1688 752 119 32 nedan-

211 784 136 31 stående
372 785 39 30 14
435 786 118 39 frågor:

365 846 31 38 1)
440 846 220 32 Kartellernas
685 848 204 40 benämning,
915 850 87 30 antal
1026 851 210 32 medlemmar
1259 853 60 31 och
1343 853 111 32 dessas
1477 852 289 49 yrkesspecialitet.

363 890 33 40 2)
441 890 135 32 Antalet
598 892 158 38 arbetare,
781 902 70 21 som
875 894 208 39 sysselsättes
1106 896 34 30 af
1161 896 40 31 de
1224 897 214 32 kartellerade
1462 899 176 40 företagen.

361 935 33 39 3)
440 934 111 40 Slaget
575 945 102 29 varor,
702 946 70 21 som
795 937 195 39 produceras
1013 939 34 29 af
1068 939 82 31 dem.

361 979 32 38 4)
438 979 340 41 Produktionsmängd
801 981 62 30 och
885 982 98 30 värde
1007 983 35 30 af
1056 983 40 31 de
1111 984 201 40 nyttigheter
1327 986 159 31 kartellen
1503 988 63 30 fört
1589 988 3 30 i
1607 989 200 32 marknaden

208 1020 41 32 de
271 1024 49 28 tre
344 1023 80 31 sista
447 1024 87 29 åren.

360 1067 32 38 5)
440 1067 155 39 Orsaken,
620 1069 70 29 året
723 1069 61 30 och
818 1069 62 30 den
920 1070 169 31 bestämda
1122 1071 206 41 tidslängden
1362 1074 50 30 för
1445 1075 176 32 kartellens
1654 1077 152 32 bildande

515 1112 61 30 och
598 1111 153 31 fortvaro.

360 1156 31 37 6)
437 1155 185 31 Kartellens
645 1156 160 32 ändamål.

360 1199 34 39 7)
439 1199 83 31 Dess
546 1200 227 38 organisation.

359 1243 32 39 3)
437 1243 108 31 Sättet
579 1244 62 30 och
675 1244 172 31 resultatet
880 1245 35 30 af
944 1246 317 40 varuafsättningens
1295 1249 188 39 reglerande
1507 1252 19 29 å
1550 1251 62 31 den
1635 1252 171 32 inhemska

512 1288 60 30 och
596 1288 63 30 den
682 1288 175 31 utländska
880 1289 208 31 marknaden.

359 1331 33 38 9)
437 1331 49 30 De
509 1332 76 39 pris,
609 1342 71 20 som
702 1332 126 31 kunnat
850 1335 126 38 uppnås
998 1335 43 38 på
1064 1334 40 30 de
1127 1334 86 31 olika
1237 1336 243 32 marknaderna.

340 1375 52 38 10)
438 1375 64 30 Det
536 1375 178 40 inflytande
749 1376 194 31 kartellerna
977 1377 113 31 utöfva
1124 1380 42 37 på
1189 1379 33 30 af
1244 1379 75 31 dem
1341 1381 162 32 beroende
1526 1383 177 32 industrier
1727 1385 79 31 eller

511 1419 258 37 handelsidkare,
798 1421 153 31 särskildt
974 1422 74 30 med
1071 1423 127 39 hänsyn
1221 1423 48 31 till
1293 1424 375 41 försäljningsvillkoren.

435 1463 220 31 Kartellernas
679 1464 153 40 ställning
855 1467 77 37 gent
956 1469 86 27 emot
1065 1466 310 42 inköpsföreningar.

339 1507 51 38 11)
435 1507 186 31 Resultatet
654 1509 34 29 af
720 1508 62 31 den
815 1510 157 30 inverkan
1003 1510 157 31 kartellen
1183 1511 124 32 kunnat
1330 1514 112 30 utöfva
1464 1516 43 38 på
1528 1517 191 30 råvarornas
1743 1517 61 31 och

513 1552 266 31 halffabrikatens
802 1553 67 39 pris
892 1554 88 30 inom
1003 1555 191 30 branschen.

341 1594 51 39 12)
438 1594 184 32 Kartellens
653 1596 109 30 försök
785 1599 49 28 att
858 1598 206 30 centralisera
1087 1598 167 40 företagen
1277 1600 88 30 inom
1389 1611 40 19 en
1452 1602 211 39 näringsgren
1687 1613 117 29 genom

511 1639 219 31 fördrifvande
757 1641 34 30 af
813 1641 259 40 mindervärdiga
1094 1643 183 38 industrier,
1304 1644 77 31 eller
1404 1646 281 31 sammanförande
1709 1648 33 30 af
1764 1648 40 31 de

511 1684 48 30 för
592 1694 153 20 varornas
779 1685 183 40 fullfärdiga
999 1686 238 40 framställning
1273 1690 43 37 på
1350 1689 86 30 olika
1470 1690 335 39 produktionsstadier

512 1728 177 30 arbetande
713 1728 175 40 företagen.

340 1770 52 38 13)
438 1771 221 31 Kartellernas
693 1772 153 39 ställning
881 1773 49 30 till
964 1773 256 32 lönerörelserna
1254 1776 59 30 hos
1348 1776 55 30 vid
1426 1777 151 31 anslutna
1601 1778 124 40 företag
1749 1789 53 21 an-

512 1815 118 30 ställda
654 1816 156 31 arbetare.

340 1858 51 38 14)
434 1859 221 30 Kartellernas
677 1859 158 31 inverkan
858 1862 42 39 på
924 1871 154 21 varornas
1101 1862 137 31 kvalitet
1261 1863 61 30 och
1345 1864 363 39 produktionskostnad.

335 1918 47 31 På
415 1919 159 39 grundval
597 1920 34 30 af
653 1920 94 31 dessa
779 1921 106 39 frågor
917 1922 58 30 har
999 1924 47 28 ett
1069 1923 205 40 synnerligen
1298 1924 225 31 innehållsrikt
1547 1926 60 30 och
1630 1927 174 31 värdefullt

205 1961 149 31 material
384 1963 50 30 till
465 1963 177 39 belysande
666 1964 33 31 af
720 1965 247 40 kartellfrågans
989 1966 72 39 läge
1084 1967 10 29 i
1118 1967 164 39 Tyskland
1307 1968 153 31 erhållits.
1507 1969 48 31 De
1579 1971 42 29 ha
1643 1981 158 21 samman-

204 2005 115 31 fattats
351 2006 48 30 uti
422 2006 101 31 första
546 2007 59 30 och
628 2008 103 40 tredje
755 2008 136 32 delarna
914 2010 34 30 af
970 2009 62 31 den
1060 2010 227 32 »Denkschrift
1309 2013 79 30 öber
1412 2012 57 31 das
1493 2013 308 41 Kartellenwesen»>,

204 2059 72 21 som
310 2051 78 29 åren
426 2051 213 30 1905—1908
673 2053 181 31 utarbetats
887 2054 88 30 inom
998 2054 390 41 inrikesdepartementet.
1435 2057 226 31 Tillsammans
1684 2064 119 35 upptar

205 2093 64 31 den
292 2093 29 40 ej
345 2094 128 30 mindre
496 2099 41 26 än
561 2096 62 29 385
648 2096 160 39 syndikat.

336 2137 156 31 Arbetets
515 2138 101 31 andra
639 2139 52 31 del
714 2140 178 31 behandlar
915 2140 64 31 den
1002 2141 96 40 tyska
1122 2142 85 30 civil-
1233 2143 59 30 och
1310 2144 216 31 straffrättens
1542 2145 260 32 hittillsvarande

206 2180 202 41 ståndpunkt
431 2182 55 30 vid
507 2183 148 38 rättsfall,
680 2193 70 21 som
773 2184 162 31 behandla
957 2185 214 31 kartellerade
1195 2187 131 39 företag,
1351 2188 60 31 och
1434 2187 103 41 fjärde
1561 2189 94 31 delen
1677 2189 126 32 lämnar

206 2226 49 29 ett
288 2226 227 40 sammandrag
549 2227 34 30 af
616 2227 47 30 uti
697 2227 86 32 olika
805 2228 113 31 länder
940 2229 143 31 rådande
1106 2230 244 41 uppfattningar
1371 2232 10 30 i
1405 2232 112 40 frågan
1540 2244 41 20 m.
1606 2244 41 20 m.
1694 2234 106 31 Ytter-

205 2268 100 40 ligare
340 2279 40 21 en
414 2270 52 31 del
496 2271 165 31 förväntas
684 2275 90 28 snart
796 2272 45 31 bli
864 2273 112 40 färdig,
1001 2274 152 31 afseende
1177 2277 48 28 att
1247 2275 224 40 åskådliggöra
1494 2276 64 32 den
1580 2278 156 31 inverkan
1760 2280 42 39 på

205 2313 175 40 prisnivån,
404 2314 177 40 kapitalets
603 2316 357 38 organisationsformer
982 2318 135 31 utöfvat.
