1912 2852
592 162 272 30 Bankoutskottets
887 160 155 28 utlåtande
1065 159 43 27 Nr
1130 158 45 27 52.
1617 149 19 30 3

799 576 64 39 Nr
891 575 65 39 52.

671 687 109 24 Ankom
800 686 40 24 till
859 685 166 30 riksdagens
1044 682 91 24 kansli
1154 682 53 23 den
1229 681 28 23 19
1277 678 58 32 maj
1357 679 65 23 1930
1439 677 36 24 kl.
1496 677 58 24 1.30
1571 684 22 17 e.
1605 683 36 16 m.

362 800 191 37 Memorial,
584 796 176 41 angående
794 794 230 31 användande
1057 802 41 20 av
1133 789 229 32 riksbankens
1396 789 90 29 vinst
1518 787 57 37 för
1607 785 38 30 år

471 862 93 30 1929.

193 962 117 39 Enligt
331 956 21 41 $
376 963 14 28 1
414 960 10 30 i
445 961 66 29 den
531 959 57 30 för
607 956 285 32 bankoutskottet
914 953 158 40 gällande
1092 949 255 33 instruktionen
1369 947 126 39 åligger
1517 947 56 30 det
1594 947 51 28 ut-

151 1018 124 29 skottet
299 1018 50 28 att
373 1014 50 30 till
448 1013 184 37 riksdagen
657 1010 158 31 meddela
840 1008 160 39 yttrande
1025 1006 65 30 och
1114 1005 129 37 förslag
1268 1012 57 21 om
1351 1000 230 32 användande
1605 1007 42 22 av

151 1071 67 29 den
238 1069 113 30 under
373 1066 206 39 föregående
603 1064 72 31 året
697 1063 181 39 upplupna
901 1059 262 32 bankovinsten.

196 1123 172 30 Utskottet
389 1120 58 30 vill
468 1119 124 35 erinra,
617 1121 49 27 att
684 1116 148 31 berörda
854 1114 91 31 vinst
965 1112 145 40 uppgått
1131 1112 54 29 för
1208 1110 40 31 år
1272 1110 83 30 1929
1378 1108 50 31 till
1451 1109 38 28 21
1506 1106 64 31 883
1584 1105 64 31 280

152 1178 129 29 kronor
303 1176 39 30 57
367 1176 58 29 öre
446 1176 88 28 samt
555 1175 50 27 att
627 1181 42 20 av
691 1171 204 30 densamma
916 1170 46 28 ett
982 1167 125 38 belopp
1130 1175 41 20 av
1193 1165 19 30 2
1228 1159 64 35 000
1306 1163 64 30 000
1393 1162 129 29 kronor
1544 1158 104 39 enligt

151 1230 112 30 beslut
284 1238 42 21 av
348 1226 235 32 innevarande
605 1224 55 31 års
681 1223 141 38 riksdag
843 1221 169 31 överförts
1033 1219 50 31 till
1105 1214 459 41 avbetalningslånefonden.

197 1284 13 29 I
238 1284 67 30 den
332 1281 51 31 till
409 1290 47 21 nu
484 1278 212 32 församlade
722 1276 142 38 riksdag
892 1273 138 32 avlåtna
1058 1270 260 42 propositionen
1345 1267 178 40 angående
1551 1268 97 29 stats-

153 1337 134 30 verkets
311 1334 154 32 tillstånd
488 1333 65 31 och
575 1332 112 30 behov
710 1331 64 30 har
798 1329 124 38 Kungl.
948 1327 100 38 Maj:t
1071 1324 187 39 föreslagit,
1282 1326 50 28 att
1355 1332 41 21 av
1420 1321 230 31 riksbankens

154 1390 89 30 vinst
268 1390 57 29 för
350 1388 39 30 år
416 1388 81 29 1929
523 1385 107 31 måtte
654 1385 54 30 för
732 1380 295 42 budgetändamål
1052 1383 96 35 tagas
1173 1378 11 30 i
1210 1376 152 40 anspråk
1387 1378 45 28 ett
1456 1375 127 38 belopp
1608 1382 42 21 av

158 1445 37 29 19
209 1444 64 29 000
287 1442 65 30 000
373 1442 138 29 kronor.
542 1439 153 30 Berörda
713 1437 126 38 belopp
859 1436 65 29 har
942 1435 64 29 ock
1027 1432 159 40 uppförts
1207 1431 10 30 i
1238 1430 123 38 Kungl.
1383 1428 117 39 Maj:ts
1521 1427 130 37 förslag

157 1497 48 30 till
224 1496 142 30 riksstat
385 1494 55 30 för
457 1491 202 40 budgetåret
680 1485 193 42 1930/1931.

201 1550 171 31 Utskottet
399 1548 63 29 har
487 1546 11 30 i
524 1546 92 30 detta
643 1544 126 30 ärende
795 1542 172 30 inhämtat
992 1539 161 40 yttrande
1178 1537 80 30 från
1285 1534 217 39 fullmäktige
1528 1533 11 30 i
1566 1532 85 31 riks-

156 1604 149 34 banken,
332 1601 94 30 vilka
452 1600 11 30 i
489 1598 163 32 skrivelse
678 1598 66 29 den
773 1597 37 29 11
838 1594 73 39 maj
941 1594 82 30 1930
1050 1592 182 34 meddelat,
1261 1592 50 28 att
1335 1587 219 39 fullmäktige
1579 1585 74 30 icke

158 1658 88 29 hade
272 1655 106 39 något
406 1657 49 27 att
482 1652 114 31 erinra
623 1654 72 27 mot
722 1653 48 27 att
797 1648 155 31 nämnda
978 1647 125 38 belopp
1132 1648 93 35 toges
1253 1644 11 30 i
1292 1641 151 40 anspråk
1472 1641 56 30 för
1556 1642 97 28 stats-

159 1709 213 40 regleringen
396 1708 55 30 för
472 1706 94 31 tiden
590 1706 67 29 den
684 1705 13 29 1
724 1703 63 39 juli
814 1701 172 31 1930—30
1009 1699 76 39 juni
1111 1698 96 35 1931;
1233 1697 66 30 och
1322 1696 90 30 hava
1436 1692 219 39 fullmäktige

160 1763 108 30 tillika
290 1762 170 30 förklarat
479 1759 125 30 hinder
624 1758 74 30 icke
718 1757 94 30 möta
834 1755 56 30 för
910 1757 48 28 att
979 1751 263 33 tillhandahålla
1263 1750 245 30 statskontoret
1529 1745 126 39 ifråga-

161 1816 152 31 varande
341 1815 125 38 belopp
494 1813 81 30 med
601 1821 43 21 en
672 1810 169 39 fjärdedel
871 1809 80 29 eller
980 1807 96 30 4750
1090 1806 63 30 000
1183 1805 131 29 kronor
1341 1802 109 30 under
1479 1809 106 22 envar
1615 1808 40 21 av

162 1870 213 30 månaderna
397 1866 63 40 juli
480 1866 65 31 och
565 1865 145 30 oktober
735 1864 82 29 1930
839 1864 90 28 samt
949 1859 137 40 januari
1107 1858 65 31 och
1193 1856 87 40 april
1306 1857 93 29 1931.

208 1976 172 30 Utskottet
400 1974 64 29 har
484 1973 55 29 för
561 1971 54 30 sin
636 1971 53 29 del
711 1968 115 31 funnit
848 1967 50 39 sig
919 1967 85 30 böra
1027 1965 169 38 tillstyrka
1219 1963 123 38 Kungl.
1366 1961 127 38 Maj:ts,
1517 1969 42 21 av
1580 1959 78 29 full-

165 2028 151 39 mäktige
336 2026 160 31 biträdda
519 2025 140 37 förslag.

209 2082 135 30 Medlen
368 2080 96 30 torde
485 2079 86 29 böra
594 2074 282 33 tillhandahållas
901 2073 244 30 statskontoret
1168 2070 19 30 å
1211 2069 97 36 tider,
1333 2077 73 22 som
1430 2076 42 21 av
1497 2065 162 31 fullmäk-

166 2136 66 38 tige
250 2133 204 39 föreslagits.

212 2224 172 29 Utskottet
401 2220 198 30 hemställer
619 2216 109 36 alltså,

532 2328 49 27 att
601 2324 183 37 riksdagen
804 2321 57 30 må
881 2321 143 33 besluta,

532 2377 31 39 a)
596 2380 47 27 att
664 2386 41 20 av
727 2374 229 30 riksbankens
976 2372 90 29 vinst
1086 2371 55 30 för
1162 2370 38 30 år
1223 2370 83 29 1929
1328 2368 87 30 skall
1434 2367 50 30 till
1507 2368 156 28 statsver-

489 2432 56 29 ket
569 2430 217 29 överlämnas
811 2430 46 27 ett
881 2427 125 37 belopp
1032 2434 40 21 av
1100 2425 38 28 19
1152 2424 64 29 000
1230 2423 64 29 000
1319 2422 143 33 kronor;
1488 2422 89 27 samt

534 2483 33 38 b)
600 2485 49 28 att
691 2481 145 30 berörda
880 2480 125 37 belopp
1050 2477 86 30 skall
1180 2486 41 20 av
1266 2472 218 39 fullmäktige
1527 2472 10 29 i
1580 2471 85 31 riks-
