2208 2640
1796 195 20 31 Nn

711 190 252 33 Statsutskottets
987 192 167 32 utlåtande
1177 192 51 32 Nr
1252 195 49 29 53.

932 597 66 38 Nr
1025 598 77 38 53.

673 701 125 28 Ankom
822 703 49 27 till
895 703 187 37 riksdagens
1106 704 104 28 kansli
1235 704 61 28 den
1322 705 37 27 29
1384 714 83 19 mars
1494 706 78 27 1917
1597 707 40 27 kl.
1665 707 33 27 11
1725 706 21 28 f.
1772 716 38 18 m.

527 792 195 37 Utlåtande
749 794 14 35 i
789 794 194 49 anledning
1012 808 44 23 av
1084 796 133 48 Kungl.
1244 797 128 48 Maj:ts
1385 798 226 47 proposition
1631 799 183 48 angående

617 855 200 35 ersättande
837 856 94 48 från
951 856 128 48 fjärde
1106 857 242 36 huvudtitelns
1367 858 189 36 allmänna
1580 860 234 48 besparingar

617 926 44 22 av
689 914 96 36 vissa
805 915 227 48 förskottsvis
1060 917 147 47 utgivna
1235 917 121 36 medel.

1506 968 74 48 (1:a
1607 970 100 48 avd.)

320 1065 16 36 I
365 1078 47 24 en
440 1065 57 37 till
516 1066 207 51 riksdagen
751 1069 163 47 avlåten,
956 1069 74 37 den
1059 1072 46 35 23
1135 1070 166 37 februari
1333 1073 94 35 1917
1458 1072 239 49 dagtecknad
1725 1087 85 36 pro-

218 1117 167 49 position
426 1117 58 50 (nr
514 1118 97 50 115),
653 1133 80 24 som
775 1121 196 37 hänvisats
1013 1122 56 36 till
1107 1123 306 37 statsutskottets
1444 1124 272 38 förberedande
1747 1125 63 37 be-

217 1169 198 50 handling,
444 1170 68 37 har
541 1171 140 49 Kungl.
711 1172 120 49 Maj:t,
860 1174 118 36 under
1006 1174 240 49 åberopande
1275 1188 46 24 av
1342 1175 119 50 bilagt
1478 1176 139 50 utdrag
1636 1191 45 24 av
1697 1183 113 32 stats-

217 1221 322 50 rådsprotokollet
567 1228 91 32 över
685 1223 423 40 lantförsvarsärenden
1135 1227 60 36 för
1223 1241 143 23 samma
1387 1228 86 49 dag,
1495 1228 199 51 föreslagit
1712 1230 98 36 riks-

217 1273 125 49 dagen
371 1273 187 49 medgiva,
588 1280 53 31 att
670 1290 46 22 av
745 1277 119 48 fjärde
891 1278 252 37 huvudtitelns
1172 1279 189 37 allmänna
1387 1280 244 50 besparingar
1662 1287 53 31 ett
1748 1282 62 36 be-

216 1326 90 49 lopp
336 1339 46 22 av
412 1327 137 47 66,142
579 1327 139 37 kronor
745 1331 21 33 2
797 1333 61 32 öre
886 1333 60 33 må
974 1335 108 44 tagas
1109 1331 12 35 i
1149 1331 163 49 anspråk
1340 1332 53 35 till
1421 1332 187 48 gäldande
1636 1347 45 23 av
1709 1334 102 37 vissa

216 1377 12 36 i
265 1377 407 50 statsrådsprotokollet
699 1381 259 48 omförmälda,
988 1382 239 37 förskottsvis
1255 1383 157 48 utgivna
1439 1384 130 37 medel.

319 1429 242 38 Beträffande
602 1431 256 50 utredningen
899 1433 11 36 i
944 1434 155 37 ärendet
1126 1434 58 37 får
1211 1435 189 37 utskottet
1426 1436 159 37 hänvisa
1613 1437 56 36 till
1698 1442 112 32 state-

216 1481 332 50 rådsprotokollet.

317 1585 88 37 Med
449 1585 248 39 förevarande
739 1588 238 50 proposition
1005 1603 112 24 avses
1145 1591 186 37 täckande
1360 1605 46 23 av
1435 1592 166 38 kronans
1630 1593 180 37 förluster

214 1637 12 36 i
255 1637 209 50 anledning
492 1652 46 23 av
563 1644 55 32 att
636 1642 65 34 två
720 1647 292 43 entreprenörer
1033 1642 57 37 för
1108 1643 104 36 vissa
1230 1643 368 50 kasernbyggnader
1616 1646 194 50 nämligen

214 1689 293 49 byggmästaren
534 1690 97 38 Axel
660 1691 169 49 Sjöholm
858 1693 12 36 i
897 1693 118 38 Falun
1046 1694 69 37 och
1144 1695 335 49 byggnadsfirman
1506 1697 302 38 Jonzen
1666 1685 25 63 &
1710 1697 98 38 Nils-

214 1755 68 23 son
323 1742 12 35 i
376 1742 118 37 Umeå
522 1742 55 36 till
607 1743 93 48 följd
728 1757 47 24 av
802 1745 131 37 iråkad
961 1746 168 37 konkurs
1156 1747 82 37 icke
1268 1748 145 37 kunnat
1432 1748 165 50 fullgöra
1617 1750 192 49 åtskilliga

214 1807 47 23 av
303 1793 47 37 de
392 1794 86 37 dem
519 1795 11 36 i
559 1796 191 37 avseende
779 1799 21 34 å
827 1798 166 37 nämnda
1021 1798 359 50 byggnadsföretag
1409 1800 203 50 åliggande
1640 1802 167 37 arbeten.

316 1845 57 37 De
413 1846 151 50 belopp,
593 1860 81 24 som
702 1851 48 47 på
777 1849 124 49 grund
930 1850 118 37 härav
1076 1854 98 33 måst
1202 1851 246 38 förskottsvis
1476 1853 167 50 utgivas,
1672 1859 136 45 utgöra

213 1897 11 36 i
253 1898 357 50 sammanfattning:

218 1966 72 49 1:0)
318 1967 59 36 för
417 1967 254 49 avlägsnande
713 1983 46 23 av
788 1971 267 49 arsenikhaltig
1082 1972 161 49 oljefärg
1269 1986 48 24 m.
1347 1987 48 22 m.

316 2019 12 36 1
368 2018 211 38 Jämtlands
621 2021 408 50 fältjägarregementes
1070 2024 326 38 kasernetablisse-

315 2085 117 34 mang
496 2104 2 2 ...
702 2106 50 2 isen
1080 2110 186 2 ENE

215 2121 74 50 2:0)
319 2123 58 36 för
404 2123 132 49 övriga
564 2124 161 49 arbeten,
755 2139 80 23 som
865 2127 62 37 det
954 2128 122 48 ålegat
1102 2128 294 50 byggmästaren

317 2174 169 50 Sjöholm
514 2176 133 48 utföra,
683 2177 118 49 jämte
828 2178 202 38 kostnader
1057 2180 57 36 för
1140 2180 217 50 bevakning
1384 2181 11 36 i

315 2226 213 38 konkursen
555 2242 49 23 m,
634 2242 47 23 IM.
713 2261 265 7 sossssnvvnnnn
1489 2246 17 23 »
1589 2236 150 47 —45,129:
1758 2238 45 35 69

1191 2283 206 73 Transport
1424 2303 138 38 kronor
1589 2307 149 46 56,354:
1757 2308 47 35 50

1424 2078 138 37 kronor
1593 2082 146 45 11,224:
1757 2082 46 35 81
