1910 2846
289 184 19 28 6
696 183 118 30 Andra
836 183 213 39 lagutskottets
1072 184 163 30 utlåtande
1258 184 53 29 Nr
1335 184 49 30 25.

287 333 123 39 Kungl.
436 334 111 38 Mynt-
573 334 55 29 och
651 334 287 38 justeringsverket.

724 477 66 30 Till
812 478 200 38 Biksdagens
1035 479 103 29 andra
1159 479 179 37 lagutskott.

328 565 143 29 Jämlikt
493 566 125 37 Kungl.
640 566 119 38 Maj:ts
780 566 183 39 befallning
984 567 65 30 den
1071 569 39 28 31
1132 568 134 38 januari
1287 569 83 28 1930
1391 567 52 30 får
1464 570 112 36 mynt-
1599 568 62 30 och
1682 568 103 39 juste-

286 610 208 37 ringsverket
521 610 139 30 härmed
685 611 250 30 vördsammast
961 612 194 30 överlämna
1179 612 253 30 nedanstående
1457 613 162 37 yttrande
1643 613 144 30 rörande

286 662 44 21 av
348 654 74 30 herr
440 654 145 30 Weibull
602 655 91 29 inom
713 655 106 30 andra
838 656 197 31 kammaren
1053 657 103 29 väckt
1174 657 131 29 motion
1323 666 40 22 nr
1382 658 60 28 263
1463 657 172 38 angående
1653 666 47 29 ny
1718 658 68 37 lag-

287 698 155 38 stiftning
461 707 56 21 om
536 699 89 30 mått
645 700 62 29 och
726 700 86 29 vikt.

329 742 116 30 Såsom
467 744 13 28 i
502 744 173 30 motionen
697 744 110 32 finnes
830 745 158 29 relaterat
1011 745 120 30 utkom
1153 746 12 28 i
1188 745 135 38 Sverige
1346 755 47 20 nu
1415 746 154 37 gällande
1591 746 196 38 förordning

287 796 55 21 om
362 787 89 30 mått
471 789 64 28 och
555 789 74 29 vikt
649 789 65 29 den
735 790 18 28 9
776 789 141 30 oktober
936 790 84 29 1885
1040 790 12 29 i
1072 790 165 30 samband
1257 790 78 30 med
1355 792 285 36 metersystemets
1661 791 125 38 obliga-

286 832 127 30 toriska
435 832 177 31 införande
634 833 12 29 i
669 833 127 30 landet.
832 834 150 29 Därmed
1005 835 197 36 upphävdes
1227 835 66 29 den
1316 835 142 37 tidigare
1481 835 238 38 förordningen
1743 844 44 21 av

285 876 65 30 den
371 878 39 27 22
430 877 184 30 november
634 878 94 29 1878.
762 878 85 29 1885
868 877 52 31 års
941 879 195 37 förordning
1154 879 185 30 innehåller
1359 880 51 29 till
1430 888 41 22 en
1491 880 121 38 början
1633 882 51 27 ett
1704 880 82 30 fast-

286 921 165 30 ställande
467 930 45 20 av
527 922 182 30 enheterna
723 922 53 30 för
791 923 202 38 längdmått,
1010 923 131 38 ytmått
1156 924 62 29 och
1233 924 192 37 rymdmått
1440 926 89 27 samt
1544 925 85 28 vikt.
1658 924 55 30 Då
1728 925 60 29 vid

285 965 110 30 denna
416 965 165 38 tidpunkt
602 967 99 37 ingen
723 967 125 30 handel
869 968 78 29 med
969 976 108 30 varor,
1102 977 71 21 som
1195 968 73 30 icke
1291 969 113 29 kunde
1426 970 110 28 mätas
1559 969 77 29 med
1659 968 129 31 sådana

284 1009 90 30 mått
389 1010 77 29 eller
482 1012 114 36 vägas,
613 1011 182 38 förefanns,
813 1013 167 37 upptogos
996 1013 143 37 givetvis
1155 1013 79 38 inga
1250 1013 107 29 andra
1372 1014 147 29 enheter.
1550 1013 110 30 Sedan
1676 1013 111 31 denna

284 1054 52 29 tid
357 1054 60 30 har
437 1055 186 30 emellertid
643 1064 41 21 en
706 1057 71 28 stor
796 1056 189 31 industriell
1005 1057 194 38 utveckling
1221 1058 92 29 skett
1334 1058 62 29 och
1417 1058 134 29 alldeles
1573 1058 150 37 speciellt
1743 1057 45 38 på

285 1098 305 32 elektroteknikens
609 1100 146 30 område.
788 1100 148 30 Sålunda
952 1102 151 38 försäljes
1120 1110 141 21 numera
1279 1103 202 36 exempelvis
1499 1102 160 30 elektrisk
1676 1103 112 37 energi

285 1143 84 30 efter
384 1143 203 39 kilowattår,
604 1145 307 31 kilowatt-timmar
928 1154 29 22 o.
976 1155 25 21 s.
1018 1155 33 21 v.
1069 1148 83 28 utan
1169 1148 53 28 att
1237 1147 12 29 i
1266 1147 122 29 svensk
1403 1147 54 37 lag
1472 1147 108 31 finnes
1598 1147 188 37 definierat,

285 1188 68 29 vad
371 1196 71 22 som
461 1189 85 29 skall
563 1189 122 30 förstås
704 1190 80 29 med
801 1190 96 30 dessa
914 1191 250 37 myckenheter.
1196 1191 193 30 Elektriska
1406 1191 210 37 glödlampor
1632 1191 155 38 försäljas

285 1232 77 30 med
376 1233 136 37 uppgift
527 1242 54 21 om
596 1234 185 38 ljusstyrka
795 1235 12 29 i
822 1243 24 21 s.
862 1235 33 29 k.
910 1235 207 38 normalljus,
1133 1244 78 21 men
1224 1236 75 29 icke
1313 1236 101 29 heller
1428 1235 111 30 denna
1554 1236 111 37 enhet,
1681 1244 107 21 varav

285 1285 43 21 en
351 1276 174 39 mångfald
549 1278 90 29 olika
661 1279 124 37 finnas,
811 1281 37 27 är
872 1280 143 37 lagligen
1040 1279 193 30 definierad.
1273 1279 139 30 Stenkol
1437 1280 62 29 och
1524 1282 106 28 annat
1654 1280 134 31 bränsle

284 1321 150 38 försäljes
459 1322 86 29 efter
569 1323 61 29 sitt
652 1323 239 30 bränslevärde
913 1324 13 28 i
948 1324 152 37 kalorier,
1126 1332 76 21 men
1227 1326 87 27 även
1337 1323 45 38 på
1405 1324 111 31 denna
1539 1325 101 29 enhet
1665 1325 122 29 saknas

285 1365 187 30 definition.
501 1367 147 29 Motorer
661 1367 155 38 försäljas
832 1368 77 30 med
923 1368 136 38 uppgift
1073 1377 55 20 om
1143 1368 84 30 visst
1242 1369 266 29 hästkraftantal
1523 1377 30 21 o.
1570 1377 24 21 s.
1611 1378 32 20 Vv.

327 1410 18 29 I
362 1412 50 28 ett
429 1411 114 29 flertal
560 1411 106 30 andra
682 1412 119 29 länder
818 1412 60 29 har
895 1420 80 21 man
993 1414 112 28 ansett
1122 1413 119 37 nödigt
1259 1415 54 27 att
1330 1413 12 29 i
1357 1413 55 38 lag
1429 1413 161 30 definiera
1608 1413 66 30 alla
1691 1413 97 30 dessa

283 1455 147 29 enheter.
456 1455 18 29 I
487 1455 78 30 vårt
576 1456 80 29 land
668 1456 61 29 har
741 1465 81 20 man
833 1457 12 28 i
858 1456 40 30 de
909 1457 100 29 flesta
1021 1457 59 29 fall
1092 1459 191 35 accepterat
1297 1457 41 30 de
1350 1458 223 38 definitioner,
1588 1466 71 21 som
1671 1458 117 29 undan

284 1499 53 29 för
358 1499 114 30 undan
493 1500 181 30 fastställts
696 1500 60 29 vid
776 1501 255 38 vetenskapliga
1051 1502 205 38 kongresser,
1279 1510 77 21 men
1376 1501 44 38 på
1440 1502 84 30 flera
1545 1502 160 30 områden
1727 1503 61 29 har

284 1544 73 29 icke
378 1544 267 30 internationellt
668 1544 131 31 ernåtts
822 1545 111 38 någon
956 1546 144 38 enighet.
1137 1546 44 29 Så
1203 1547 62 29 har
1288 1547 202 36 exempelvis
1513 1547 272 37 värmeenheten,

283 1588 158 39 kalorien,
464 1589 74 30 icke
560 1589 99 29 blivit
679 1589 186 38 fastslagen
885 1591 12 28 i
918 1590 165 31 avseende
1104 1590 44 38 på
1170 1591 65 29 den
1257 1593 218 36 temperatur,
1498 1592 52 28 till
1572 1592 113 29 vilken
1707 1591 78 30 den-

284 1641 128 21 samma
442 1633 85 30 skall
556 1634 167 29 hänföras.

327 1671 95 36 Även
441 1686 56 22 om
516 1687 80 20 man
613 1679 73 29 icke
704 1679 70 29 kan
794 1681 88 36 säga,
903 1681 53 27 att
974 1679 128 31 bristen
1119 1679 45 38 på
1181 1680 143 38 lagligen
1344 1680 202 30 definierade
1565 1681 137 29 enheter
1720 1681 65 29 hit-

282 1722 68 29 tills
377 1722 105 30 vållat
508 1722 105 38 några
639 1722 135 31 svårare
801 1724 222 38 olägenheter,
1052 1724 35 30 så
1111 1725 176 37 föreligger
1312 1725 184 29 emellertid
1522 1725 265 38 uppenbarligen

282 1775 42 20 en
342 1766 277 39 ofullständighet
635 1768 10 28 i
662 1767 250 39 förordningen,
932 1777 71 21 som
1021 1769 136 37 mycket
1174 1769 57 29 väl
1247 1769 69 29 kan
1333 1770 121 29 tänkas
1471 1770 90 29 bliva
1582 1778 43 21 av
1643 1771 70 28 stor
1729 1770 55 29 be-

282 1811 139 38 tydelse,
439 1812 63 29 och
517 1812 12 29 i
545 1812 94 38 varje
653 1812 60 29 fall
729 1812 110 30 måste
856 1813 174 38 erkännas,
1049 1815 52 28 att
1116 1813 239 38 förordningen
1370 1814 73 29 icke
1459 1816 190 27 motsvarar
1664 1814 122 29 nutida

281 1855 244 30 förhållanden.

324 1900 73 29 Art.
413 1901 142 29 211885
571 1900 52 30 års
637 1901 197 38 förordning
847 1901 184 30 innehåller
1045 1903 169 29 allmänna
1228 1902 252 30 bestämmelser
1495 1902 172 38 angående
1680 1903 104 38 juste-

280 1944 75 37 ring
378 1945 62 28 och
464 1945 221 38 omjustering
708 1954 45 21 av
776 1946 144 37 redskap
943 1946 54 29 för
1019 1947 147 37 vägning
1189 1948 62 28 och
1276 1948 163 37 mätning.
1477 1947 142 30 BSärskilt
1642 1948 61 29 har
1728 1948 14 37 $
1766 1948 18 29 5

280 1989 12 28 i
312 1988 110 31 denna
441 1990 123 29 artikel
583 1998 120 29 genom
724 1990 50 29 sin
806 1991 115 29 oklara
948 1991 217 38 formulering
1191 1992 85 37 givit
1303 1992 179 37 anledning
1502 1992 52 29 till
1574 1992 212 37 synnerligen

279 2034 91 28 stora
386 2033 206 38 svårigheter
609 2034 61 29 och
685 2034 191 30 förorsakat
892 2035 323 39 missförhållanden,
1232 2036 108 37 varpå
1356 2036 56 30 det
1427 2037 12 28 i
1455 2037 171 29 motionen
1643 2036 142 30 anförda

280 2077 95 30 fallet
398 2078 144 30 rörande
567 2087 41 21 en
632 2079 250 31 bensinmätare
905 2080 12 29 i
940 2080 125 30 Malmö
1089 2082 99 36 utgör
1212 2082 53 28 ett
1289 2081 136 31 talande
1449 2081 161 37 exempel.

326 2122 13 37 $
366 2123 27 37 7,
418 2122 237 32 innehållande
679 2123 209 30 föreskrifter
911 2125 143 31 rörande
1078 2125 160 37 redskaps
1265 2125 229 38 omjustering,
1522 2126 60 29 har
1606 2125 45 38 på
1675 2126 110 37 grund

281 2166 115 39 därav,
415 2169 53 28 att
486 2167 65 32 den
567 2168 73 29 icke
656 2170 37 27 är
709 2169 170 36 anpassad
895 2169 84 29 efter
995 2169 121 30 nutida
1131 2169 244 38 förhållanden,
1393 2170 158 30 likaledes
1568 2170 85 37 givit
1670 2170 113 31 anled-

279 2211 82 38 ning
382 2212 52 29 till
456 2211 100 30 svåra
578 2212 323 39 missförhållanden,
926 2222 44 21 av
991 2213 93 30 vilka
1106 2214 58 30 det
1185 2215 89 29 mest
1295 2214 254 32 framträdande
1571 2215 96 29 torde
1689 2223 93 29 vara,

280 2256 54 28 att
349 2255 113 39 vågar,
480 2265 73 21 som
569 2266 40 20 en
625 2256 87 39 gång
727 2256 183 39 undergått
925 2258 174 38 justering,
1116 2258 73 30 icke
1206 2267 116 22 senare
1337 2261 57 27 äro
1407 2259 249 29 underkastade
1671 2258 113 38 någon

279 2299 219 38 obligatorisk
516 2302 156 29 kontroll.
705 2302 17 29 I
741 2302 174 29 motionen
934 2303 142 38 anföres,
1096 2305 52 27 att
1167 2305 113 35 mynt-
1300 2304 62 29 och
1380 2304 299 37 justeringsverket
1697 2304 85 29 före-

279 2344 89 37 tagit
390 2354 42 20 en
454 2346 182 38 utredning
658 2346 144 30 rörande
825 2346 191 31 tillståndet
1039 2356 44 21 av
1105 2348 12 28 i
1139 2348 117 29 landet
1279 2348 158 29 använda
1460 2348 231 37 butiksvågar.
1729 2347 55 30 Då

280 2388 110 32 denna
415 2390 191 38 utredning,
633 2399 72 21 som
730 2391 220 30 verkställdes
976 2392 107 29 under
1108 2392 36 29 år
1169 2393 95 37 1928,
1289 2392 53 29 för
1366 2401 46 20 nu
1436 2392 227 38 föreliggande
1687 2391 97 39 fråga

280 2441 98 29 synes
397 2443 82 21 vara
498 2443 44 21 av
559 2437 86 27 stort
665 2435 116 39 värde,
795 2436 59 28 vill
866 2436 117 29 verket
1002 2437 61 29 här
1081 2436 111 32 nedan
1210 2437 186 37 framlägga
1415 2437 304 29 huvudresultaten
1738 2446 44 20 av

278 2477 211 31 densamma.
