1918 2846
494 153 394 34 Jordbruksutskottets
916 152 187 33 utlåtande
1131 153 54 32 Nr
1211 152 51 31 91.
1564 150 18 31 9

119 232 200 32 Norrlands
342 232 210 37 befolkning
576 231 116 32 skulle
716 231 176 31 innebära
913 232 52 30 ett
989 230 223 37 principiellt
1236 228 237 38 medgivande
1496 238 46 22 av
1567 228 60 32 det

123 284 225 37 berättigade
380 284 13 31 i
424 284 199 31 motionens
656 283 105 37 syfte.
813 283 126 31 Denna
970 282 237 37 uppfattning
1240 281 72 31 kan
1344 280 172 32 utskottet
1548 280 77 31 icke

122 337 105 31 finna
249 336 123 36 riktig.

165 439 183 32 Utskottet
373 439 67 31 vill
463 439 66 31 här
554 438 153 31 rörande
733 437 294 38 anslagsbehovet
1053 436 185 37 anmärka,
1264 437 55 30 att
1343 435 173 32 utskottet
1542 435 84 31 från

126 491 351 37 järnvägsstyrelsen
514 490 310 32 tillhandakomna
861 489 263 37 upplysningar
1163 488 86 37 giva
1284 487 63 33 vid
1383 487 151 37 handen,
1571 488 54 30 att

126 544 59 32 det
228 544 204 36 föreslagna
474 542 163 37 beloppet
678 542 128 36 600,000
846 542 132 31 kronor
1019 542 101 31 torde
1159 540 62 32 väl
1263 540 112 32 förslå
1417 539 57 33 till
1505 540 43 32 de
1579 550 46 21 av

122 596 174 32 utskottet
320 595 206 36 föreslagna
549 594 311 37 förbättringarna
884 605 46 20 av
953 593 406 36 kalkfraktlindringen,
1383 593 42 31 de
1449 592 178 32 särskilda

123 650 219 36 åtgärderna
371 649 56 31 för
454 648 181 32 Norrland
664 647 252 36 inberäknade,
945 649 92 29 samt
1065 646 122 32 tillika
1213 645 141 32 minska
1382 644 160 32 utsikten
1569 644 58 32 till

123 703 230 36 upprepande
379 712 46 21 av
452 701 41 32 de
519 711 124 21 senare
669 702 104 30 årens
799 699 306 32 överskridanden
1129 709 46 21 av
1201 697 224 33 sistnämnda
1450 696 136 36 belopp.

163 755 123 32 Under
315 755 136 31 sådana
480 753 306 36 omständigheter
817 752 120 31 finner
968 751 174 31 utskottet
1171 750 59 32 det
1260 749 179 32 särskilda
1468 748 158 36 anslags-

123 807 172 37 yrkande,
315 817 76 21 som
412 806 216 31 framställts
649 803 13 33 i
683 804 181 32 motionen
884 803 125 31 ITI:550
1030 802 116 37 punkt
1167 800 46 38 4),
1234 801 77 32 icke
1331 801 87 31 böra
1440 799 187 32 föranleda

125 859 124 32 vidare
273 858 139 37 åtgärd.

163 911 150 36 Förslag
339 910 58 32 till
424 910 41 32 de
492 907 518 38 författningsbestämmelser,
1036 916 76 22 som
1138 905 275 37 ifrågakomma,
1437 904 110 36 torde,
1574 904 53 31 så-

123 973 75 22 som
224 963 13 31 i
261 962 268 37 propositionen
555 961 197 35 anmärkts,
778 960 86 31 böra
890 961 180 34 uppgöras
1097 968 45 21 av
1169 956 360 38 järnvägsstyrelsen.

163 1015 19 31 I
205 1015 67 31 den
294 1015 85 31 mån
402 1016 111 29 annat
536 1013 34 36 ej
595 1013 67 31 här
686 1011 171 37 angivits,
881 1011 120 31 finner
1026 1010 175 31 utskottet
1226 1009 42 31 de
1292 1018 46 22 av
1359 1008 134 36 Kungl.
1517 1006 110 37 Maj:t

124 1067 205 36 föreslagna
351 1065 295 36 anordningarna
669 1063 235 37 berättigade.

163 1119 123 31 Under
312 1117 225 37 åberopande
565 1127 46 21 av
639 1116 59 32 det
726 1115 153 31 anförda
906 1114 207 31 hemställer
1139 1112 184 36 utskottet,
1352 1112 53 31 att
1434 1111 194 36 riksdagen

124 1172 111 31 måtte
259 1171 149 35 besluta,

566 1270 47 37 A)
637 1272 56 31 att
730 1271 13 31 i
781 1269 195 36 anledning
1015 1279 46 21 av
1099 1267 135 37 Kungl.
1264 1266 128 37 Maj:ts
1421 1266 205 31 förevaran-

528 1324 41 31 de
602 1322 222 38 proposition
856 1324 95 29 samt
983 1320 224 32 motionerna
1240 1319 135 36 II:532,
1408 1318 125 31 II:547
1563 1317 65 32 och

524 1375 53 32 11:
591 1376 59 31 550
672 1374 114 37 punkt
810 1372 31 37 1)
866 1373 58 31 till
946 1372 163 36 lindring
1132 1382 46 21 av
1204 1371 337 31 fraktkostnaderna
1562 1369 64 32 vid

526 1428 182 35 transport
745 1427 22 30 å
802 1425 158 36 järnväg
984 1426 92 29 samt
1099 1426 21 30 å
1145 1425 135 30 statens
1304 1421 284 36 automobillinje
1615 1421 12 30 i

524 1488 108 21 norra
658 1477 221 32 Tornedalen
904 1486 47 21 av
977 1475 94 36 kalk,
1098 1474 273 36 kalkstensmjöl
1398 1474 65 30 och
1489 1472 137 37 märgel

527 1530 55 31 för
605 1529 228 36 jordbrukets
854 1528 114 31 behov
993 1528 56 30 för
1071 1526 212 35 budgetåret
1307 1524 171 36 1930/1931
1499 1524 127 31 anvisa

526 1583 49 29 ett
601 1583 104 30 extra
731 1580 283 37 förslagsanslag
1041 1588 45 21 av
1112 1577 129 37 600,000
1266 1578 129 30 kronor
1421 1578 53 29 att
1499 1577 89 33 utgå
1615 1575 11 30 i

526 1631 243 36 huvudsaklig
793 1630 351 32 överensstämmelse
1168 1629 80 31 med
1272 1628 69 31 vad
1365 1628 172 31 utskottet
1560 1626 68 31 här

526 1694 93 21 ovan
641 1684 136 36 anfört;

567 1752 44 36 B)
634 1754 54 30 att
709 1752 13 31 i
742 1747 195 40 anledning
959 1762 45 20 av
1024 1760 138 22 samma
1182 1749 220 37 proposition
1424 1749 12 30 i
1457 1747 172 32 skrivelse

528 1805 58 31 till
605 1805 136 35 Kungl.
760 1803 110 36 Maj:t
889 1803 157 36 anhålla,
1066 1802 58 31 det
1142 1801 136 37 Kungl.
1296 1800 110 37 Maj:t
1423 1801 111 30 måtte
1553 1800 76 30 låta

530 1857 197 31 verkställa
749 1855 195 36 utredning
970 1855 65 30 och
1058 1854 58 31 till
1139 1852 294 32 nästkommande
1458 1852 59 30 års
1540 1851 88 31 riks-

530 1908 69 36 dag
622 1908 206 35 framlägga
850 1906 137 35 förslag
1008 1905 153 31 rörande
1185 1903 261 36 fraktlindring
1469 1904 21 29 å
1511 1902 118 31 konst-

531 1959 135 36 gödsel;

569 2027 40 35 C)
630 2028 55 30 att
703 2027 13 30 i
734 2026 195 36 anledning
946 2036 45 20 av
1009 2025 205 36 punkterna
1231 2022 33 36 2)
1284 2024 64 31 och
1367 2021 31 36 3)
1419 2023 12 30 i
1449 2022 181 31 motionen

529 2079 51 31 TT:
595 2079 58 31 550
671 2079 13 30 i
702 2078 171 32 skrivelse
891 2077 59 32 till
968 2076 133 36 Kungl.
1119 2075 111 36 Maj:t
1248 2074 156 36 anhålla,
1422 2076 54 29 att
1494 2074 135 36 Kungl.

528 2131 110 36 Maj:t
685 2130 86 31 ville
807 2130 75 31 låta
910 2128 196 32 verkställa
1133 2126 195 37 utredning
1354 2125 182 32 huruvida
1564 2125 65 31 och

529 2184 46 35 på
600 2182 72 31 vad
697 2183 72 30 sätt
794 2182 136 30 statens
957 2179 217 32 medverkan
1201 2180 58 29 må
1284 2178 183 31 erfordras
1494 2177 55 31 för
1575 2178 54 29 att

528 2233 369 37 kalkfyndigheterna
933 2232 63 31 vid
1031 2231 144 35 Högdal
1202 2230 65 31 och
1295 2229 61 31 vid
1383 2228 247 36 Masugnsbyn

529 2285 80 31 med
656 2285 115 30 fördel
807 2284 55 30 för
898 2283 102 30 såväl
1026 2281 212 36 jordbruket
1264 2290 73 21 som
1364 2280 58 31 det
1447 2280 183 30 allmänna

529 2336 99 31 skola
657 2336 123 29 kunna
807 2334 251 35 tillgodoföras
1086 2331 223 36 lantbruket;

568 2403 45 36 D)
642 2405 55 29 att
743 2402 181 31 motionen
959 2401 125 31 TII:518
1111 2400 78 31 icke
1215 2401 58 30 må
1301 2399 186 31 föranleda
1512 2398 119 36 någon

529 2455 212 36 riksdagens
767 2453 140 37 åtgärd,
933 2454 93 30 samt

129 2529 110 31 Bihang
259 2529 40 24 till
319 2527 166 31 riksdagens
506 2525 145 32 protokoll
674 2526 74 24 1930.
787 2527 31 23 10
837 2526 80 23 saml.
957 2523 34 25 42
1010 2524 69 30 häft.
1115 2518 54 30 (Nr
1188 2523 55 29 91.)
1581 2520 15 22 2

1689 437 127 33 Anslags-

1693 473 120 27 behovet.

1647 527 204 26 Utskottet.
