1900 2780
458 193 119 29 Andra
596 191 245 39 lagutskottets
861 187 178 30 utlåtande
1057 196 43 19 nr
1117 186 25 28 B
1160 186 18 28 3
1197 185 39 28 är
1256 183 83 29 1958
1627 178 15 28 7

157 277 56 28 det
243 276 177 28 närmaste
450 270 224 32 oförändrad.
706 270 64 28 Det
801 268 117 29 kunde
948 267 71 29 inte
1051 266 107 38 gärna
1189 264 101 38 göras
1321 260 169 40 gällande,
1522 260 50 27 att
1603 257 41 29 de

156 330 139 28 komme
320 330 50 27 att
394 327 47 29 bli
465 325 137 30 mindre
626 323 117 39 villiga
768 324 50 27 att
844 320 101 30 ställa
970 320 54 29 sin
1048 316 214 31 arbetskraft
1286 315 52 29 till
1365 311 281 32 arbetsmarkna-

156 383 86 29 dens
262 380 216 40 förfogande,
498 388 57 20 om
574 378 41 29 de
636 376 141 30 ställdes
797 374 142 30 utanför
959 368 507 38 arbetslöshetsförsäkringen.
1487 366 49 28 De
1557 364 88 29 hade

158 436 106 38 enligt
292 433 210 31 kommittén
530 432 74 29 ofta
630 431 71 28 inte
730 427 247 41 regelbundna,
1007 426 118 38 längre
1154 422 254 38 anställningar
1437 421 85 28 utan
1551 420 56 36 tog
1636 417 11 28 i

159 489 114 30 stället
297 487 175 38 tillfälliga
495 486 142 29 arbeten
662 483 54 30 för
740 485 50 27 att
815 482 171 29 förbättra
1011 480 53 28 sin
1088 476 173 31 ekonomi.
1286 476 125 28 Därest
1436 471 211 40 folkpensio-

159 543 102 28 närer
283 549 125 31 genom
431 541 74 37 eget
528 538 115 29 arbete
667 536 118 29 kunde
809 535 84 39 höja
917 534 53 29 sin
994 531 176 33 standard,
1194 539 80 20 vore
1297 529 95 28 detta
1415 529 50 27 att
1488 525 160 30 betrakta

159 605 74 20 som
256 595 122 29 enbart
401 592 203 38 förmånligt
627 590 93 30 såväl
744 589 54 29 för
821 589 67 28 den
909 586 157 30 enskilde
1090 594 73 20 som
1187 583 54 30 för
1264 580 195 32 samhället.
1483 579 165 29 Däremot

160 650 127 28 funnes
307 648 107 38 enligt
434 644 228 31 kommitténs
682 643 92 29 åsikt
794 642 88 29 intet
902 640 108 30 motiv
1030 640 50 28 att
1100 636 217 31 tillförsäkra
1337 635 79 29 dem
1437 635 49 27 ett
1507 630 141 31 särskilt

160 702 192 30 understöd
371 701 54 28 för
443 700 57 28 det
519 698 61 29 fall
600 699 50 28 att
669 697 41 29 de
730 696 71 29 inte
820 694 164 40 lyckades
1003 691 132 30 erhålla
1153 692 49 28 ett
1221 688 159 40 lämpligt
1399 687 126 29 arbete.
1546 685 103 29 Kom-

159 755 125 30 mittén
307 755 108 38 ansåg
439 752 129 33 därför,
594 752 50 28 att
669 749 79 30 från
772 750 70 28 rätt
865 748 52 29 till
942 745 191 30 understöd
1158 743 79 30 från
1263 737 387 34 arbetslöshetsförsäk-

160 810 122 37 ringen
299 808 106 29 borde
423 806 171 30 uteslutas
610 813 61 20 var
688 803 66 29 och
771 811 53 24 en,
844 810 73 21 som
937 800 176 29 förvärvat
1130 798 69 28 rätt
1217 796 52 30 till
1288 793 263 40 ålderspension
1571 791 78 29 från

161 860 377 41 folkpensioneringen.
564 856 334 31 Understödsrätten
923 853 80 29 från
1028 850 245 39 försäkringen
1300 848 111 30 skulle
1438 846 103 30 alltså
1566 853 82 31 upp-

160 916 85 29 höra
265 915 58 29 vid
343 914 39 30 67
405 914 56 29 års
482 912 105 29 ålder.
608 909 235 30 Kommitténs
864 906 211 31 ordförande
1095 905 109 38 jämte
1224 903 58 29 två
1303 901 190 30 ledamöter
1514 899 65 29 och
1599 900 51 27 tre

162 968 222 38 sakkunniga
401 966 161 30 anmälde
581 963 193 31 avvikande
792 962 141 37 mening
951 958 221 31 beträffande
1190 954 267 41 ifrågavarande
1475 951 175 40 kategoris

162 1022 165 38 ställning
348 1021 95 28 inom
465 1017 255 39 försäkringen.

208 1075 84 29 1950
310 1075 57 29 års
387 1070 393 42 besparingsutredning
798 1067 165 31 framhöll
981 1067 11 29 i
1009 1075 43 20 en
1069 1063 235 41 promemoria
1321 1062 68 29 den
1409 1060 39 30 14
1466 1059 186 29 november

165 1129 93 33 1950,
284 1130 50 28 att
359 1126 161 39 åtgärder
544 1124 106 30 borde
676 1123 187 37 övervägas
889 1121 54 29 för
969 1121 50 28 att
1044 1117 184 31 förhindra
1253 1117 50 28 att
1328 1113 209 40 exempelvis
1564 1111 89 29 folk-

163 1181 227 41 pensionärer
413 1179 64 30 och
499 1178 111 29 andra
631 1175 206 39 kategorier,
861 1183 75 20 som
957 1173 12 29 i
991 1181 116 21 annan
1130 1169 149 39 ordning
1301 1168 66 29 blir
1389 1165 263 40 tillgodosedda,

162 1236 159 29 kommer
343 1234 11 29 i
376 1232 209 40 åtnjutande
609 1240 42 20 av
672 1229 194 38 ersättning
889 1227 81 30 från
992 1221 507 38 arbetslöshetsförsäkringen.

209 1288 81 30 1951
320 1288 57 30 års
407 1286 187 38 utredning
623 1294 54 20 om
707 1279 498 41 arbetslöshetsförsäkringen
1234 1276 146 30 anförde
1408 1275 11 29 i
1448 1274 60 29 sitt
1536 1272 118 30 betän-

163 1342 114 30 kande
296 1341 80 30 med
396 1340 129 38 förslag
543 1338 53 30 till
615 1347 46 29 ny
680 1336 206 38 förordning
905 1344 56 20 om
980 1332 156 31 erkända
1155 1328 374 32 arbetslöshetskassor
1548 1335 45 20 m.
1608 1334 45 20 m.

170 1396 100 33 (SOU
290 1395 99 29 1955:
406 1393 57 33 27)
486 1393 44 29 bl.
548 1402 29 19 a.

210 1456 167 30 Gällande
399 1454 148 38 ordning
570 1453 92 29 leder
685 1452 10 28 i
717 1451 128 38 många
868 1450 60 29 fall
951 1448 52 29 till
1026 1450 50 27 att
1099 1446 94 30 äldre
1216 1453 176 32 personer,
1417 1452 74 20 som
1514 1441 66 30 blir
1605 1449 52 20 ar-

166 1501 151 30 betslösa
339 1510 42 20 av
402 1508 117 20 annan
542 1497 187 37 anledning
752 1497 45 28 än
820 1495 85 29 akut
928 1493 176 39 sjukdom,
1128 1490 135 39 uppbär
1285 1487 194 38 ersättning
1503 1486 80 29 från
1605 1493 53 21 ar-

166 1545 342 30 betslöshetskassan
526 1542 111 29 under
656 1541 67 29 den
741 1539 190 30 maximala
949 1535 311 39 ersättningstiden
1278 1534 65 29 och
1361 1531 154 31 därefter
1533 1528 125 31 defini-

166 1591 64 29 tivt
258 1590 137 29 lämnar
424 1586 252 31 förvärvslivet.
704 1585 102 29 Detta
835 1582 219 31 förhållande
1082 1579 106 40 gäller
1216 1577 193 31 emellertid
1435 1576 72 29 inte
1535 1574 123 30 endast

167 1644 176 30 personer,
367 1633 109 39 fyllda
498 1632 39 29 67
563 1631 48 29 år.
634 1630 126 38 Många
783 1629 136 29 lämnar
943 1627 53 29 sin
1019 1624 213 38 anställning
1255 1623 45 40 på
1322 1621 114 40 grund
1459 1630 41 20 av
1522 1618 136 41 pensio-

168 1680 122 38 nering
315 1678 82 29 eller
423 1687 41 20 av
488 1685 118 20 annan
630 1674 189 38 anledning
844 1673 74 29 före
943 1672 39 29 67
1010 1671 56 29 års
1092 1669 106 30 ålder.
1224 1667 95 30 Även
1342 1667 12 29 i
1378 1666 102 29 dessa
1506 1664 61 29 fall
1592 1662 66 31 blir

169 1724 135 38 följden
324 1723 74 29 ofta
418 1722 66 29 den
505 1723 50 27 att
576 1719 244 32 medlemmen,
842 1727 57 20 om
919 1717 71 28 han
1011 1715 101 29 söker
1132 1715 108 27 annat
1261 1712 116 29 arbete
1397 1719 81 20 men
1499 1709 71 29 inte
1591 1708 68 38 lyc-

168 1769 64 28 kas
259 1767 133 30 erhålla
420 1766 134 32 sådant,
582 1764 135 39 uppbär
745 1761 194 38 ersättning
966 1760 111 29 under
1105 1758 67 29 den
1199 1755 190 31 maximala
1416 1754 106 33 tiden,
1551 1754 108 27 innan

169 1813 70 29 han
272 1811 176 30 definitivt
480 1810 137 29 lämnar
649 1806 243 31 förvärvslivet
924 1805 65 29 och
1021 1801 391 32 arbetslöshetskassan.
1446 1799 53 28 En
1531 1797 129 29 ålders-

170 1858 104 37 gräns
292 1856 57 29 vid
369 1856 39 28 67
429 1855 37 29 år
485 1855 38 28 är
542 1852 120 30 därför
680 1852 10 28 i
711 1851 112 38 själva
840 1850 120 29 verket
980 1849 80 37 föga
1079 1846 157 33 effektiv,
1256 1845 43 30 då
1319 1845 57 28 det
1395 1843 106 39 gäller
1522 1844 50 27 att
1592 1841 68 28 för-

169 1900 127 29 hindra
318 1900 57 29 det
397 1908 82 20 man
501 1897 59 29 vill
584 1896 154 29 undvika
760 1895 11 29 i
794 1895 95 28 detta
913 1891 253 37 sammanhang
1189 1889 177 38 nämligen
1388 1889 51 28 att
1462 1885 199 30 arbetslivet

170 1945 155 28 avslutas
348 1944 79 28 med
449 1952 42 19 en
515 1939 345 39 ersättningsperiod.
885 1938 59 28 Att
966 1937 95 29 möta
1084 1935 93 29 detta
1201 1934 79 29 med
1303 1942 44 20 en
1370 1932 93 38 lägre
1488 1931 104 38 gräns
1616 1930 45 28 än

171 1990 38 28 67
235 1990 37 28 år
296 1989 60 38 går
379 1988 30 38 ej
436 1986 107 29 heller
566 1986 44 28 då
633 1985 66 28 den
724 1984 73 29 före
822 1983 39 29 67
886 1982 38 29 år
948 1979 170 40 utgående
1141 1976 326 40 invalidpensionen
1490 1976 10 28 i
1525 1974 135 29 mindre

171 2034 83 37 grad
275 2035 43 27 än
339 2031 308 39 ålderspensionen
666 2029 71 29 kan
756 2030 99 36 tagas
876 2026 50 29 till
947 2025 114 29 intäkt
1083 2024 53 29 för
1157 2021 313 38 inskränkningen.
1491 2019 75 29 Den
1587 2026 74 21 som

172 2078 53 29 får
249 2087 42 19 en
315 2077 96 38 dylik
436 2077 37 28 är
496 2076 9 28 i
531 2075 37 28 så
591 2074 66 37 hög
682 2073 84 38 grad
791 2070 321 37 arbetsoförmögen
1136 2069 49 27 att
1209 2064 301 38 kassaersättning
1534 2063 30 38 ej
1592 2063 68 28 kan

172 2122 91 38 utgå.

216 2166 92 28 Även
334 2175 56 18 om
416 2165 56 28 det
497 2165 38 27 är
560 2162 92 29 klart
677 2161 86 29 både
790 2162 50 27 att
866 2155 515 37 arbetslöshetsförsäkringens
1407 2151 254 30 handhavande

172 2212 37 27 är
234 2209 202 38 förknippat
458 2208 78 28 med
558 2206 181 39 praktiska
762 2204 213 37 svårigheter
996 2200 221 30 beträffande
1239 2200 41 28 de
1303 2199 95 28 äldre
1420 2196 243 30 medlemmar-

173 2263 44 19 na
240 2254 64 28 och
328 2255 50 27 alt
402 2251 244 36 försäkringen
669 2248 223 29 ekonomiskt
914 2246 151 29 belastas
1088 2253 124 29 genom
1236 2242 217 37 utbetalning
1477 2250 41 19 av
1541 2240 122 28 ersätt-

174 2298 82 36 ning
277 2297 49 28 till
350 2296 101 28 dessa
472 2295 277 37 åldersgrupper,
771 2292 89 29 talar
882 2291 19 29 å
922 2290 109 29 andra
1053 2289 99 28 sidan
1174 2287 155 38 vägande
1353 2286 74 28 skäl
1450 2286 73 27 mot
1545 2284 56 28 det
1623 2291 41 20 av

175 2338 422 32 socialvårdskommittén
626 2338 61 28 och
718 2333 438 41 besparingsutredningen
1186 2329 195 39 framlagda
1410 2328 175 37 förslaget,
1615 2328 49 27 att

176 2394 163 30 personer
361 2384 76 28 med
459 2381 261 39 ålderspension
743 2380 86 28 skall
853 2379 202 36 utestängas
1077 2376 78 29 från
1177 2375 255 36 försäkringen.

221 2429 61 29 Det
309 2430 37 27 är
374 2427 144 29 sålunda
546 2425 170 37 ostridigt,
743 2426 49 27 alt
819 2432 164 30 personer
1011 2430 74 20 som
1114 2419 148 39 uppnålt
1288 2416 376 40 folkpensionsåldern,

177 2475 5 27 i
208 2475 71 27 stor
303 2472 241 37 ulsträckning
569 2469 216 29 fortfarande
809 2469 37 28 är
870 2467 218 29 verksamma
1115 2465 6 28 i
1145 2463 222 39 yrkesarbete
1390 2462 63 28 och
1478 2461 109 28 måste
1611 2460 54 28 be-

177 2518 133 28 traktas
336 2526 72 19 som
437 2516 77 28 fullt
541 2513 204 30 arbetsföra.
773 2512 115 38 Enligt
918 2511 79 28 1950
1024 2516 56 23 års
1107 2507 225 38 folkräkning
1359 2505 147 40 uppgick
1536 2504 129 29 antalet
