1914 2794
526 161 274 27 Bankoutskottets
820 161 158 27 utlåtande
998 170 37 18 nr
1054 162 37 26 20
1110 161 34 26 år
1167 161 75 26 1960
1613 160 18 29 3

137 260 42 21 av
199 255 49 27 ett
268 251 178 30 värdefast
466 251 133 38 statligt
620 250 282 39 obligationslån,
924 254 91 26 samt
1035 253 50 27 att
1107 250 189 38 riksdagen
1317 249 179 39 samtidigt
1518 249 111 30 skulle

137 304 212 39 bemyndiga
376 304 223 39 fullmäktige
626 307 59 30 att,
715 305 64 29 när
806 304 180 30 resultatet
1014 313 43 20 av
1084 303 235 37 utredningen
1348 302 196 39 föreligger,
1573 302 57 29 vid

138 358 147 39 lämplig
301 358 166 39 tidpunkt
487 358 162 30 emittera
667 362 47 26 ett
735 356 124 31 sådant
879 356 68 31 lån.

182 411 115 30 Innan
316 411 222 38 fullmäktige
560 415 128 35 upptar
707 411 282 29 motionärernas
1010 410 133 38 förslag
1165 410 50 30 till
1236 410 214 38 behandling
1471 409 60 30 vill
1553 409 76 30 full-

138 464 157 39 mäktige
315 465 66 29 här
402 464 92 40 ånyo
518 465 236 38 understryka
776 465 68 29 den
867 464 222 39 principiella
1112 463 229 39 ståndpunkt.
1366 472 74 21 som
1466 463 163 30 fullmäk-

140 518 66 39 tige
223 519 10 29 i
250 519 89 29 flera
356 518 147 39 tidigare
520 519 259 37 sammanhang
797 520 50 36 (se
861 518 126 29 härom
1004 517 44 30 bl.
1067 526 28 21 a.
1113 517 292 29 bankoutskottet
1423 515 207 31 utlåtanden

139 581 41 20 nr
201 568 141 34 18/1952
362 572 66 29 och
448 581 43 20 nr
513 568 151 42 10/1957)
688 571 124 38 intagit
832 571 52 30 till
902 570 128 39 frågan
1048 580 58 20 om
1126 570 253 38 värdesäkring
1398 579 42 20 av
1461 569 168 39 penning-

139 625 230 38 placeringar.
393 624 235 39 Fullmäktige
652 625 66 30 har
739 624 127 30 härvid
888 625 44 29 bl.
957 633 30 21 a.
1011 624 141 34 hävdat,
1176 626 51 27 att
1251 623 345 38 ansträngningarna
1620 623 9 29 i

141 678 110 30 första
270 678 97 30 hand
385 678 66 30 och
471 679 81 29 med
570 678 46 30 all
635 678 96 29 kraft
751 678 65 29 bör
833 678 152 29 inriktas
1003 676 44 40 på
1067 680 50 26 att
1136 677 86 29 söka
1243 676 128 30 bevara
1390 679 48 27 ett
1459 676 70 30 fast
1549 685 80 29 pen-

138 731 194 38 ningvärde
354 732 64 29 och
441 734 60 29 att,
524 740 57 21 om
604 731 236 30 strävandena
861 730 218 30 härutinnan
1100 730 131 30 krönes
1253 730 80 29 med
1356 728 195 40 framgång,
1575 730 55 29 be-

137 784 106 31 hovet
268 794 43 21 av
336 784 287 39 indexreglerade
647 784 156 30 krediter
828 783 232 30 automatiskt
1085 783 194 30 bortfaller.
1307 783 234 38 Fullmäktige
1566 783 64 29 har

138 838 132 39 jämväl
287 838 84 39 givit
388 838 142 39 uttryck
547 837 34 31 åt
598 838 67 30 den
682 837 285 39 uppfattningen,
986 839 50 28 att
1054 837 58 30 det
1129 837 56 29 för
1203 845 43 21 en
1265 836 209 30 ekonomisk
1493 836 136 39 politik,

139 900 80 21 vars
242 890 229 40 målsättning
496 892 39 29 är
560 900 43 21 en
628 890 237 39 stabilisering
889 900 42 20 av
956 890 291 39 penningvärdet,
1274 889 110 30 måste
1409 893 33 26 te
1467 889 52 39 sig
1545 893 84 26 mot-

138 944 217 38 sägelsefullt
377 948 50 26 att
449 944 131 39 främja
603 944 229 39 utgivningen
854 953 42 21 av
919 943 254 30 indexbundna
1197 943 333 38 statsobligationer,
1555 952 75 20 som

137 998 38 38 ju
197 998 116 30 skulle
334 998 170 30 innebära
526 1000 48 27 ett
598 997 302 30 underkännande
923 1006 42 21 av
987 996 274 39 möjligheterna
1283 999 50 27 att
1356 996 208 39 genomföra
1587 1005 45 22 en

139 1050 110 31 sådan
266 1051 136 39 politik.
420 1051 128 30 Härtill
566 1051 58 29 vill
642 1051 223 38 fullmäktige
882 1060 47 20 nu
947 1050 83 39 foga
1048 1053 49 27 ett
1113 1050 307 39 understrykande
1437 1059 43 20 av
1498 1049 131 30 banko-

141 1105 188 29 utskottets
351 1104 147 39 tidigare
522 1105 9 29 i
554 1103 39 31 år
613 1104 124 38 gjorda
759 1104 180 30 uttalande
965 1103 73 39 (utl.
1061 1113 42 20 nr
1126 1103 43 39 7),
1192 1106 51 27 att
1265 1103 56 30 det
1344 1103 10 29 i
1376 1102 159 31 rådande
1554 1103 76 38 läge

138 1159 41 29 är
195 1168 44 20 av
258 1159 128 29 största
406 1158 83 34 vikt,
510 1161 50 26 att
580 1160 132 27 statens
732 1156 195 31 lånebehov
948 1156 38 31 så
1005 1156 98 39 långt
1122 1156 138 39 möjligt
1281 1157 199 38 begränsas.

182 1211 76 30 Vad
275 1211 157 30 härefter
450 1211 58 30 det
527 1211 240 38 föreliggande
786 1210 331 39 motionsyrkandet
1136 1208 120 40 angår,
1275 1219 103 20 anser
1397 1209 233 38 fullmäktige,

139 1274 76 20 som
233 1265 113 29 under
363 1265 97 29 hand
478 1265 129 29 beretts
627 1264 137 30 tillfälle
786 1268 77 34 taga
882 1264 55 30 del
956 1273 43 20 av
1017 1267 48 27 ett
1084 1273 42 20 av
1145 1263 486 39 värdesäkringskommittén

138 1318 53 29 till
211 1318 293 29 bankoutskottet
525 1318 136 38 avgivet
681 1318 164 38 yttrande
866 1318 10 29 i
897 1318 156 34 ärendet,
1076 1317 9 30 i
1107 1317 111 29 likhet
1241 1317 79 29 med
1341 1316 212 30 kommittén
1574 1316 56 30 det

139 1371 138 30 mindre
302 1370 303 39 ändamålsenligt,
631 1374 50 27 att
707 1370 126 39 frågan
858 1380 57 20 om
940 1370 174 30 villkoren
1140 1370 57 30 för
1221 1374 49 26 ett
1295 1370 130 38 statligt
1452 1370 179 30 värdefast

139 1423 274 40 obligationslån
432 1428 173 34 upptages
625 1424 49 30 till
694 1424 284 38 särbehandling,
999 1423 110 30 innan
1128 1423 213 30 kommittén
1359 1423 86 38 tagit
1465 1423 166 38 ställning

140 1477 51 30 till
212 1477 249 39 huvudparten
483 1486 42 21 av
548 1477 42 30 de
611 1477 222 38 principiella
856 1477 65 29 och
944 1476 165 30 tekniska
1132 1475 184 39 spörsmål,
1341 1485 74 20 som
1438 1475 193 30 innefattas

139 1531 10 30 i
171 1530 418 39 utredningsdirektiven.
611 1531 57 29 Att
690 1530 80 30 hela
793 1529 364 39 problemkomplexet
1185 1529 5 30 i
1213 1529 172 30 samband
1408 1529 80 30 med
1511 1529 119 29 värde-

139 1584 146 38 säkring
311 1593 41 20 av
381 1583 202 38 fordringar
611 1583 67 30 blir
706 1584 10 29 i
744 1586 48 27 ett
820 1583 258 38 sammanhang
1106 1582 154 38 allsidigt
1289 1582 111 39 belyst
1428 1583 67 29 och
1525 1585 105 27 utrett

139 1638 109 38 ligger
268 1638 72 29 helt
361 1637 9 30 i
391 1636 85 39 linje
497 1637 81 29 med
598 1637 41 29 de
660 1635 194 37 önskemål,
876 1645 76 21 som
973 1636 225 38 fullmäktige
1218 1635 147 38 tidigare
1387 1636 9 29 i
1417 1635 213 30 hithörande

139 1690 258 38 sammanhang
423 1690 177 35 framfört,
627 1690 65 29 och
720 1690 98 29 torde
844 1690 125 37 utgöra
996 1698 45 21 en
1066 1689 202 38 nödvändig
1295 1689 254 38 förutsättning
1576 1688 56 30 för

139 1747 50 26 att
205 1743 229 39 utgivningen
451 1752 42 21 av
510 1747 48 26 ett
576 1743 178 30 värdefast
772 1743 131 38 statligt
920 1741 274 40 obligationslån
1212 1742 90 30 skall
1319 1742 120 30 kunna
1458 1745 173 35 upptagas

139 1796 52 30 till
214 1800 49 27 ett
287 1806 75 20 mer
384 1796 175 38 allvarligt
583 1796 243 38 övervägande
851 1795 96 30 inom
972 1795 234 38 fullmäktige.
1232 1795 127 30 Härtill
1384 1796 164 29 kommer
1571 1798 59 26 att.

139 1849 104 30 såvitt
269 1849 222 38 fullmäktige
518 1849 137 30 kunnat
680 1849 111 34 finna,
818 1848 88 30 efter
932 1848 207 38 riksdagens
1166 1849 240 38 nyssnämnda
1433 1848 197 38 ställnings-

139 1903 151 37 tagande
316 1902 108 38 några
450 1902 174 29 särskilda
651 1902 302 38 omständigheter
978 1901 77 30 icke
1082 1901 206 29 tillkommit
1315 1910 41 20 av
1382 1901 249 29 beskaffenhet

139 1959 50 26 att
206 1955 143 39 påkalla
367 1965 42 20 en
428 1955 208 39 utbrytning
653 1964 42 21 av
713 1955 96 29 detta
827 1954 174 39 spörsmål
1020 1954 51 29 till
1091 1954 284 38 särbehandling.
1396 1954 12 29 I
1428 1954 96 30 detta
1543 1963 88 20 sam-

141 2009 179 38 manhang
338 2008 59 29 vill
416 2008 222 38 fullmäktige
657 2008 141 29 särskilt
819 2007 116 30 erinra
955 2017 58 20 om
1032 2011 50 26 att
1101 2007 57 30 det
1184 2007 3 29 i
1208 2016 94 21 mars
1326 2007 79 30 1960
1425 2007 206 30 emitterade

139 2063 19 29 5
173 2059 42 33 !/2
228 2059 42 34 9/9
291 2061 183 30 statslånet
497 2061 153 30 tillförde
672 2061 219 29 statskassan
912 2062 83 28 över
1016 2070 43 20 en
1081 2060 144 38 miljard
1246 2061 142 34 kronor,
1411 2060 107 30 vilket
1541 2060 91 29 visar

139 2118 50 27 att
213 2114 224 39 möjligheter
463 2114 195 29 förefinnes
682 2117 49 26 att
759 2114 8 29 i
793 2114 219 29 marknaden
1039 2114 155 37 upplåna
1218 2114 191 29 avsevärda
1435 2113 127 38 belopp
1590 2112 43 39 på

140 2169 121 37 längre
283 2168 78 29 sikt.

184 2221 67 29 Till
273 2220 195 30 utlåtandet
491 2221 64 28 har
579 2220 112 37 fogats
714 2223 46 26 ett
784 2219 324 38 protokollsutdrag
1131 2218 80 30 från
1233 2219 162 29 ärendets
1418 2220 214 36 behandling

142 2273 96 29 inom
265 2272 232 38 fullmäktige,
523 2282 42 19 av
592 2272 104 29 vilket
724 2271 156 38 framgår
906 2275 48 26 att
983 2272 78 28 herr
1093 2272 46 29 W.
1167 2271 170 29 Svensson
1365 2272 85 37 gjort
1481 2272 152 37 följande

141 2326 194 29 uttalande:

186 2387 12 28 I
224 2386 112 30 likhet
361 2386 78 29 med
467 2385 239 38 fullmäktiges
733 2384 177 38 majoritet
936 2394 105 20 anser
1065 2384 67 38 jag.
1159 2387 50 26 att
1236 2385 54 28 det
1319 2385 94 28 ännu
1441 2385 72 29 inte
1540 2385 94 29 finns

143 2430 202 38 tillräckligt
367 2430 170 37 underlag
559 2430 55 29 för
634 2432 48 27 ett
704 2429 212 38 principiellt
939 2428 393 39 ståndpunktstagande
1356 2429 49 29 till
1429 2429 125 38 frågan
1577 2439 56 19 om

143 2475 251 30 indexbundna
414 2475 158 29 statslån.
595 2474 48 29 De
664 2473 218 38 svårigheter
900 2482 75 21 som
998 2474 112 28 möter
1130 2476 50 26 att
1202 2473 149 29 bedöma
1372 2474 65 28 och
1459 2483 174 20 samman-

142 2521 86 37 väga
251 2520 115 29 denna
390 2518 117 39 frågas
529 2518 93 30 olika
645 2518 166 38 aspekter
833 2518 122 29 enbart
979 2517 45 39 på
1046 2518 171 37 grundval
1241 2527 41 20 av
1308 2518 188 29 teoretiska
1522 2519 111 29 utred-
