2200 2700
412 233 39 30 10
849 232 84 42 Lag-
945 228 180 52 Utskottets
1139 233 170 34 Utlåtande
1332 234 62 32 N:o
1416 237 52 30 20.

367 311 167 38 söndrad
574 310 92 37 eller
693 311 58 36 till
780 311 141 37 allmän
949 311 212 51 bevillning
1187 313 59 36 för
1274 313 62 49 sig
1362 314 159 37 taxerad
1549 315 198 50 fastighet,
1776 320 41 34 så
1844 319 108 37 torde

367 364 114 38 häraf
503 363 159 50 framgå,
691 368 67 44 att,
787 366 47 47 på
863 369 76 31 sätt
967 364 112 37 äfven
1107 365 73 37 den
1209 379 69 24 ene
1308 367 250 50 motionären,
1587 368 89 38 herr
1694 369 257 50 Adlercreutz,

367 430 114 37 synes
514 416 168 37 indirekt
709 416 205 49 medgifva,
943 419 49 47 på
1019 417 130 37 landet
1176 419 231 37 åtminstone
1437 420 73 37 den
1538 434 74 36 nye
1640 421 248 39 innehafvare
1915 424 42 36 af

366 469 197 49 fastighet,
592 468 158 37 hvilken
777 470 113 35 redan
919 474 42 32 är
985 470 97 36 inom
1097 471 209 37 kommunen
1320 473 332 51 mantalsskrifven,
1669 474 57 37 får
1740 474 64 38 för
1818 475 134 50 fastig-

366 523 115 36 heten
521 526 115 43 rösta,
677 521 64 37 vid
781 521 150 38 hvilket
970 522 249 50 förhållande,
1248 524 234 38 beträffande
1506 525 260 51 innehafvare,
1795 528 158 37 hvilken

364 575 85 37 icke
491 579 41 32 är
571 574 102 37 inom
715 574 232 37 kommunen
988 576 349 48 mantalsskrifven,
1372 578 193 49 uttrycket
1596 579 13 36 i
1636 581 23 35 4
1693 578 21 49 &
1742 580 43 36 af
1808 594 145 23 samma

366 625 235 51 förordning,
643 632 56 32 att
740 627 161 37 medlem
943 627 43 37 af
1017 628 183 37 kommun
1240 633 48 46 på
1320 630 130 36 landet
1478 636 42 31 är
1547 631 85 49 den,
1667 644 80 24 som
1776 638 93 32 utan
1898 639 56 31 att

366 694 91 24 vara
496 680 13 36 1
550 679 233 37 kommunen
819 680 349 49 mantalsskrifven,
1197 682 194 37 derstädes
1420 687 42 32 är
1488 683 59 37 för
1574 684 77 37 fast
1678 686 187 47 egendom
1894 686 59 37 till

367 733 141 35 allmän
542 732 213 47 bevillning
786 734 174 47 uppförd,
994 738 97 30 samt
1119 735 267 35 motsvarande
1421 735 268 37 bestämmelse
1716 737 12 35 i
1756 738 46 35 de
1831 738 123 47 öfriga

366 783 380 50 kommunallagarne
786 783 85 37 icke
913 783 120 38 heller
1066 784 107 37 torde
1202 784 186 38 innefatta
1415 786 116 50 giltig
1559 787 211 51 anledning
1796 794 61 36 att
1878 788 76 37 för-

366 837 98 36 neka
497 837 117 36 sådan
647 836 469 48 fastighetsinnehafvare,
1145 838 127 36 derest
1298 838 77 37 han
1404 839 154 48 styrker
1585 840 67 36 sitt
1679 840 164 38 innehaf
1866 842 85 36 med

364 890 87 48 laga
491 888 243 49 handlingar,
762 893 76 31 rätt
867 894 55 31 att
950 889 113 36 äfven
1091 889 123 37 under
1241 892 101 35 årets
1371 891 103 49 lopp,
1502 891 116 37 innan
1654 906 76 36 nya
1761 893 192 50 röstläng-

364 942 74 36 den
460 941 196 50 justerats,
686 940 11 36 i
724 940 179 49 gällande
931 941 249 49 röstlängden
1209 943 182 49 uppföras
1420 946 125 34 såsom
1574 944 299 50 röstberättigad
1895 946 59 37 för

364 994 246 48 fastigheten.

493 1046 56 36 Då
577 1046 128 36 vidare
734 1045 209 49 ingendera
973 1046 237 38 motionären
1238 1047 200 51 föreslagit
1461 1051 268 37 motsvarande
1746 1051 207 50 ändringar

362 1099 13 35 i
403 1098 273 49 förordningen
705 1111 61 23 om
794 1098 384 50 kommunalstyrelse
1202 1100 11 36 i
1242 1099 222 39 Stockholm
1493 1103 74 36 den
1583 1106 47 33 23
1645 1104 76 49 Maj
1742 1106 108 47 1862,
1870 1118 82 23 som

363 1151 12 36 i
408 1150 381 49 kommunallagarne
822 1150 59 36 för
913 1151 84 36 stad
1032 1151 70 36 och
1134 1152 101 48 land,
1265 1153 70 37 och
1364 1154 48 36 då
1439 1154 75 37 den
1542 1155 218 50 olägenhet,
1789 1156 164 37 bestäm-

364 1203 189 36 melserna
581 1216 61 22 om
670 1202 106 36 tiden
791 1202 58 36 för
863 1203 221 36 kommunal
1099 1208 176 32 rösträtts
1291 1205 225 38 inträdande
1533 1208 169 36 medföra
1717 1208 235 37 beträffande

364 1255 140 36 valrätt
532 1254 71 37 och
631 1254 200 37 valbarhet
858 1254 57 37 till
942 1255 241 49 Riksdagens
1212 1257 126 36 Andra
1368 1257 204 38 Kammare
1600 1259 122 49 enligt
1752 1262 45 35 14
1814 1261 71 36 och
1906 1263 44 35 19

364 1306 45 50 $$
437 1307 12 36 i
476 1306 420 49 Riksdagsordningen,
913 1307 220 50 lämpligast
1148 1309 105 36 torde
1276 1309 89 37 böra
1380 1310 257 38 förekommas
1651 1325 140 35 genom
1809 1314 143 47 grund-

363 1358 324 49 lagsförändring,
717 1365 98 30 samt
844 1359 46 36 då
918 1359 64 37 det
1011 1360 220 49 oegentliga
1263 1362 190 48 uttrycket
1480 1362 12 36 i
1521 1364 18 45 $
1567 1365 24 34 4
1619 1363 43 36 af
1675 1363 278 50 förordningen

364 1424 61 22 om
453 1410 385 50 kommunalstyrelse
866 1413 21 33 å
915 1411 129 37 landet
1073 1412 70 36 och
1171 1414 18 44 $
1218 1415 20 34 3
1268 1414 42 35 af
1332 1414 275 50 förordningen
1636 1428 61 23 om
1713 1416 239 37 kommunal-

363 1463 162 48 styrelse
561 1463 12 36 i
615 1464 98 36 stad:
756 1462 194 37 "inkomst
988 1463 42 37 af
1066 1465 139 47 kapital
1245 1466 82 36 eller
1359 1466 153 37 arbete"
1546 1467 85 37 icke
1659 1468 110 37 torde
1797 1483 91 22 vara
1916 1469 42 36 af

363 1514 265 37 beskaffenhet
655 1520 55 32 att
737 1515 93 37 böra
851 1515 194 37 föranleda
1062 1516 164 38 särskild
1242 1517 242 50 lagändring,
1506 1519 220 38 hemställer
1740 1520 211 49 Utskottet,

890 1624 56 31 att
973 1620 140 37 Herrar
1128 1621 262 48 Lagerstråles
1407 1623 70 36 och
1494 1623 256 38 Adlercreutz”
1767 1626 185 37 motioner

761 1671 84 36 icke
874 1674 116 34 måtte
1019 1673 42 35 af
1084 1673 221 49 Riksdagen
1334 1674 161 38 bifallas.

493 1772 221 38 Stockholm
745 1774 74 37 den
847 1777 22 34 4
898 1776 107 49 April
1037 1779 106 53 1879.

913 1879 52 36 På
992 1879 216 39 Utskottets
1237 1886 161 45 vägnar:

896 1982 46 36 H.
974 1983 43 37 G.
1048 1997 33 23 v.
1113 1983 316 39 GEGERFELT.

990 2192 337 37 Reservationer:

493 2291 42 37 af
570 2291 98 38 Herr
699 2293 229 49 Thomasson,
949 2287 90 44 som
1068 2301 126 32 ansett
1222 2297 47 37 de
1298 2297 42 37 af
1364 2284 281 51 motionärerne
1674 2298 172 50 åsyftade
1874 2299 76 37 för-

363 2343 208 49 ändringar
597 2344 13 36 i
638 2345 378 49 kommunallagarne
1046 2361 89 23 vara
1163 2348 42 36 af
1227 2348 120 37 behof
1370 2350 70 36 och
1460 2350 160 37 rättvisa
1634 2351 200 49 påkallade
1850 2356 98 31 samt

364 2395 149 36 derföre
541 2395 115 37 hafva
684 2396 85 37 bort
796 2398 42 35 af
859 2397 197 38 Utskottet
1083 2399 229 50 tillstyrkas;
