2206 2685
743 194 252 43 Iag-Utskottets
1024 197 166 33 Utlåtande
1216 197 60 32 N:o
1300 200 52 31 20.
1776 203 16 31 7

383 275 44 34 14
457 273 31 49 $.
544 273 126 37 Sedan
698 274 371 51 taxeringslängden
1096 300 49 4 —
1174 300 46 5 —
1250 301 48 4 —
1329 300 36 6 —
1404 302 126 6 msn
1567 303 114 6 msn
1713 305 44 5 os

252 347 46 4 =
407 349 47 3 —
491 348 33 4 —
561 349 47 4 —
637 326 107 49 fråga
774 333 40 31 är
842 341 60 23 om
931 329 71 36 val.

379 378 65 37 Uti
473 379 199 48 röstlängd
701 393 73 34 ege
804 380 164 36 medlem
999 382 41 35 af
1063 381 244 49 kommunen,
1338 397 81 23 som
1448 385 97 37 först
1573 386 120 37 under
1715 387 63 38 det
1798 391 40 34 år

250 429 168 49 längden
458 431 249 49 upprättades
736 432 11 35 1
776 432 234 37 kommunen
1039 435 351 49 mantalsskrifvits,
1421 442 55 31 att
1504 438 83 36 från
1615 444 86 31 näst
1729 440 108 48 ingå-

250 482 96 36 ende
390 484 59 34 års
494 483 133 48 början
657 483 118 36 varda
799 485 164 48 uppförd
992 485 12 35 i
1033 485 171 50 enlighet
1233 487 89 37 med
1351 488 74 36 den
1453 489 215 50 bevillning
1696 491 58 37 för
1781 492 56 37 in-

249 532 128 38 komst
419 534 41 36 af
495 534 144 50 kapital
678 535 92 36 eller
800 537 144 47 arbete,
975 550 80 23 som
1080 538 154 49 jemlikt
1261 540 79 36 Art.
1368 541 36 34 II
1433 541 403 52 bevillningsstadgan

249 585 126 36 blifvit
415 586 140 37 honom
593 586 9 36 1
635 587 63 36 det
725 588 370 50 taxeringsdistrikt,
1126 590 192 38 hvarifrån
1347 592 76 37 han
1452 593 180 49 inflyttat,
1662 596 59 36 för
1749 597 86 36 sist-

249 637 178 37 förflutna
466 641 81 34 året
575 639 159 49 påförd,
753 642 42 34 så
825 641 111 35 framt
965 641 75 36 han
1070 643 33 47 ej
1134 642 100 37 inom
1266 645 165 37 nämnda
1460 652 57 30 ort
1546 646 115 37 idkad
1690 649 144 36 rörelse

250 689 66 36 der
344 690 206 37 fortsätter.
607 691 187 49 Ombyter
822 692 196 50 fastighet,
1048 707 80 23 som
1159 695 56 36 till
1245 696 140 37 allmän
1414 697 214 50 bevillning
1645 704 40 31 är
1703 700 57 36 för
1775 701 61 49 sig

246 742 171 47 taxerad,
448 756 127 35 egare,
601 757 103 34 vare,
735 744 118 37 sedan
882 745 139 49 lagfart
1050 749 20 33 å
1098 746 134 49 fånget
1260 748 225 50 meddelats,
1516 764 74 35 nye
1610 764 144 36 egaren
1770 753 65 36 be-

245 794 168 48 rättigad
444 800 54 31 att
525 795 57 36 för
612 795 74 37 den
717 798 20 33 å
764 796 237 49 fastigheten
1029 798 217 50 belöpande
1276 800 212 51 bevillning
1516 803 10 35 i
1547 803 99 36 förre
1667 817 165 36 egarens

246 846 111 36 ställe
386 846 117 37 varda
532 850 20 33 å
580 848 252 47 röstlängden
860 850 200 48 uppförd.

374 1114 340 50 Skattskyldighet
733 1116 56 36 till
805 1117 228 37 kommunen
1054 1124 40 31 är
1112 1118 73 37 den
1202 1119 242 39 kommunala
1460 1127 229 33 rösträttens
1705 1125 126 48 grund

244 1166 72 36 och
352 1166 178 49 angifver
559 1167 88 37 dess
677 1171 104 33 mått.
837 1170 222 36 Rösträtten
1087 1171 76 36 kan
1193 1172 151 37 derföre
1374 1173 84 37 icke
1487 1174 149 38 inträda
1664 1176 89 48 förr,
1784 1182 47 32 än

245 1217 381 50 skattskyldigheten
671 1225 51 42 är,
764 1220 84 37 icke
877 1221 107 48 blott,
1015 1226 126 33 såsom
1170 1223 11 35 i
1210 1224 71 36 och
1310 1226 85 36 med
1423 1223 409 59 mantalsskrifningen

243 1269 101 49 sker,
388 1274 42 33 så
472 1276 55 31 att
563 1276 95 44 säga
686 1272 57 36 till
772 1274 58 35 sin
860 1274 159 48 princip,
1049 1280 91 31 utan
1170 1276 124 48 äfven,
1324 1280 125 34 såsom
1479 1278 95 37 först
1603 1280 88 36 sker
1719 1280 12 36 i
1760 1281 70 36 och

246 1322 87 36 med
362 1322 75 36 den
465 1323 212 49 behörigen
704 1325 200 48 justerade
933 1326 264 49 röstlängden,
1225 1328 57 36 till
1312 1329 66 36 sitt
1406 1333 94 33 mått
1528 1331 163 49 afgjord.

373 1375 74 36 Det
476 1380 40 31 är
544 1375 233 50 visserligen
806 1383 97 42 sant,
933 1383 55 31 att
1016 1378 227 50 härigenom
1269 1380 73 37 den
1372 1382 268 49 oegentlighet
1660 1387 169 46 uppstår,

244 1431 56 31 att
329 1425 86 48 den,
446 1440 81 23 som
555 1427 56 36 till
642 1441 47 23 en
718 1428 181 37 kommun
926 1429 172 50 inflyttar
1128 1444 71 24 ena
1229 1435 90 44 året,
1348 1438 25 31 t.
1405 1446 57 24 ex.
1498 1434 6 36 i
1525 1434 184 49 Oktober,
1731 1443 99 30 samt

243 1478 65 36 vid
349 1479 75 35 den
465 1479 83 36 från
581 1479 142 37 medlet
752 1481 41 35 af
815 1482 221 36 November
1064 1483 57 36 till
1149 1484 214 37 December
1392 1486 157 36 månads
1578 1490 150 46 utgång
1755 1488 75 37 för-

244 1529 215 49 siggående
501 1532 409 49 mantalsskrifningen
939 1540 190 43 upptages
1159 1535 9 36 i
1199 1537 475 50 mantalsförteckningen,
1699 1540 93 36 först
1819 1541 11 35 i

243 1582 118 36 slutet
403 1583 40 35 af
479 1583 219 49 påföljande
742 1587 39 33 år
824 1585 172 37 kommer
1031 1592 55 31 att
1113 1587 144 37 införas
1286 1588 10 36 i
1327 1588 74 37 den
1428 1590 212 49 röstlängd,
1670 1605 81 23 som
1780 1596 49 45 på

242 1634 127 47 grund
412 1634 42 37 af
474 1635 74 36 den
577 1636 85 35 utaf
685 1636 290 37 vederbörande
1003 1639 347 48 pröfningskomité
1379 1663 50 4 —
1457 1642 155 36 hvilken
1641 1656 188 24 samman-

242 1685 130 37 träder
409 1686 55 36 uti
490 1686 221 38 Stockholm
742 1688 11 35 i
783 1688 170 37 Oktober
983 1690 91 36 eller
1103 1691 219 37 November
1351 1694 182 35 månader
1562 1694 70 36 och
1662 1698 19 33 å
1711 1696 118 36 andra

243 1742 103 31 orter
386 1737 11 35 i
440 1737 227 50 September
709 1739 91 37 eller
844 1740 172 37 Oktober
1044 1764 49 5 —
1121 1742 202 38 faststälda
1354 1745 424 50 bevillningstaxering,
1809 1751 20 33 å

241 1789 131 36 landet
400 1790 42 35 af
464 1790 364 38 kommunalnämnd
853 1793 70 36 och
951 1793 12 35 i
992 1794 84 35 stad
1105 1795 42 35 af
1171 1795 203 48 magistrat
1402 1803 208 42 uppgöres,
1642 1798 71 36 och
1733 1798 95 36 hvil-

241 1840 75 36 ken
352 1842 201 48 röstlängd
598 1846 19 33 å
655 1843 130 36 landet
823 1844 168 48 justeras
1021 1848 48 45 på
1097 1845 74 37 den
1199 1846 399 51 kommunalstämma,
1628 1863 79 23 som
1745 1850 83 36 der-

242 1892 129 37 städes
414 1893 95 36 skall
554 1894 120 37 hållas
718 1895 11 35 i
763 1896 213 36 December
1005 1897 149 47 månad,
1185 1912 87 23 men
1301 1899 11 36 i
1341 1900 85 36 stad
1455 1901 182 37 särskildt
1659 1902 168 48 justeras

241 1943 57 37 för
325 1944 136 50 hvarje
490 1948 106 46 gång
624 1946 73 37 den
723 1947 98 36 skall
849 1948 203 49 tillämpas.
1108 1950 61 36 Nu
1199 1951 249 37 omförmälda
1477 1953 268 49 oegentlighet
1769 1959 56 31 ut-

241 2001 71 42 gör
340 1997 98 36 dock
468 1997 137 37 endast
633 2012 47 22 en
709 1999 226 49 oundviklig
963 2000 244 49 konseqvens
1238 2003 117 47 deraf,
1385 2009 54 31 att
1467 2009 157 32 rösträtt
1651 2005 83 36 icke
1751 2005 77 37 kan

242 2050 129 46 någon
399 2048 263 50 tillerkännas,
691 2051 119 36 innan
836 2051 64 37 det
930 2057 40 31 är
1000 2052 202 50 bestämdt,
1232 2056 139 35 hvilken
1399 2061 158 32 rösträtt
1584 2057 139 37 honom
1753 2057 75 36 till-

240 2099 182 38 kommer.
479 2101 283 38 Motionärerne
792 2103 115 37 hafva
936 2104 112 36 äfven
1076 2105 124 37 funnit
1230 2107 104 36 detta
1349 2108 72 36 och
1438 2108 147 37 derföre
1602 2110 102 36 velat
1720 2109 107 49 gifva

241 2151 74 37 den
355 2153 325 49 mantalsskrifne,
709 2155 98 36 intill
835 2156 87 36 dess
951 2156 96 36 hans
1076 2162 158 32 rösträtt
1261 2162 49 45 på
1337 2160 125 48 grund
1492 2160 41 36 af
1556 2160 177 37 faststäld
1764 2162 62 36 be-

240 2203 367 51 villningstaxering
636 2206 123 37 blifvit
788 2206 189 37 definitivt
1005 2208 188 49 bestämd,
1224 2223 46 23 en
1298 2211 235 49 provisorisk
1562 2218 168 31 rösträtt.

369 2256 17 36 I
417 2257 105 36 detta
551 2258 186 37 afscende
767 2259 161 36 föreslår
957 2260 99 36 Herr
1080 2262 242 48 Lagerstråle,
1340 2268 55 31 att
1412 2263 73 37 den
1509 2264 310 37 mantalsskrifne

241 2307 11 35 i
294 2307 73 36 den
409 2308 119 36 redan
570 2309 198 49 befintliga
809 2311 335 48 fyrktalslängden
1173 2314 97 36 skall
1297 2315 181 48 uppföras
1507 2316 58 35 till
1594 2318 57 34 det
1669 2317 155 49 fyrktal,

241 2372 74 24 som
357 2373 130 23 svarar
516 2369 87 28 emot
630 2362 135 49 honom,
796 2363 106 49 enligt
927 2364 171 48 gällande
1119 2367 172 47 grunder,
1321 2367 193 48 äliggande
1542 2368 135 36 allmän
1706 2369 117 36 bevill-
