2246 2630
715 204 228 29 Statsutskottets
972 201 153 30 Utlåtande
1148 200 58 28 N:o
1230 200 48 28 38.
1798 195 17 28 3

213 284 209 50 uppgjordt
457 284 70 36 och
556 282 39 37 af
620 282 134 48 Kongl.
783 281 105 49 Maj:t
915 279 134 49 gilladt
1075 277 141 47 förslag
1244 275 86 37 med
1359 288 45 23 en
1433 272 191 38 beräknad
1654 270 163 38 kostnad

213 337 39 36 af
277 339 159 42 354,000
464 335 185 36 riksdaler
676 334 196 46 riksmynt.
927 331 131 36 Denna
1085 327 286 47 vattenledning
1399 325 96 36 hade
1516 324 121 36 under
1658 327 40 31 år
1720 325 95 34 1863

213 387 127 37 blifvit
372 386 230 43 fullbordad,
632 385 69 36 och
732 384 73 36 den
835 386 45 34 28
906 382 71 48 juli
1006 393 140 24 samma
1175 383 40 32 år
1243 377 96 37 hade
1367 376 40 37 af
1431 375 135 48 Kongl.
1596 374 105 48 Maj:t
1729 373 89 36 fast-

213 439 108 36 stälts
349 443 77 31 stat
452 436 60 37 för
540 437 72 36 den
642 436 58 36 till
727 433 358 47 vattenledningens
1112 429 227 48 betjenande
1360 426 248 47 erforderliga
1629 424 188 49 personal,

214 490 153 36 hvilken
396 488 123 36 skulle
539 493 156 42 antagas
713 485 60 36 för
798 491 56 30 att
873 485 71 35 den
967 487 17 32 1
1008 483 117 46 derpå
1145 480 165 47 följande
1331 478 163 36 oktober
1513 489 89 23 vara
1623 481 55 30 att
1699 476 118 46 tillgå.

312 540 57 36 Då
411 538 211 37 emellertid
660 535 348 48 vattenledningen,
1046 545 81 23 som
1164 531 97 36 varit
1289 529 132 36 afsedd
1451 527 57 37 för
1536 526 216 37 beredande
1781 525 40 36 af

214 591 293 47 vattentillgång
534 589 58 36 för
619 589 154 35 flottans
801 585 118 37 behof
945 585 70 36 och
1045 583 58 36 för
1133 584 132 42 12,000
1294 591 199 38 personers
1519 571 299 58 hushållsbehof,

215 643 215 36 sedermera
459 642 10 34 i
498 640 72 36 den
603 643 98 39 mån,
735 638 132 36 staden
896 636 154 36 tillväxt
1079 634 69 36 och
1183 630 325 38 invånareantalet
1540 629 120 43 ökats,
1693 626 127 37 blifvit

215 694 149 36 alltmer
405 691 231 47 otillräcklig
677 689 58 36 för
776 685 362 39 tillhandahällande
1180 682 40 37 af
1253 688 130 31 vatten
1416 680 59 37 för
1503 680 102 36 såväl
1635 678 185 36 hushålls-

216 743 118 37 behof
371 756 80 23 som
493 741 239 36 industriella
773 739 273 46 anläggningar
1087 736 70 35 och
1199 735 57 35 till
1284 732 236 37 sundhetens
1548 728 272 49 befrämjande,

217 795 95 36 hade
353 794 56 36 tid
451 792 96 37 efter
587 804 121 24 annan
746 789 259 37 framkommit
1042 787 100 35 olika
1178 785 141 46 förslag
1356 796 61 23 om
1446 780 228 48 vidtagande
1703 779 39 36 af
1767 784 53 31 åt-

216 845 138 49 gärder
381 844 59 36 för
469 843 230 45 förbättring
727 841 39 36 af
790 840 72 36 den
892 839 197 45 befintliga
1116 835 336 47 vattenledningen
1471 833 92 35 eller
1583 830 237 47 anläggande

218 896 40 37 af
281 910 51 35 ny
360 895 128 37 sådan.
543 893 166 37 Sålunda
737 891 97 36 hade
863 888 237 38 varfschefen
1128 887 62 37 vid
1219 887 155 35 flottans
1401 884 140 36 station
1562 883 10 35 i
1592 881 230 36 Karlskrona

218 948 55 35 uti
314 945 195 37 skrifvelse
546 945 58 35 till
641 942 402 46 marinförvaltningen
1074 939 72 36 den
1178 940 42 34 10
1250 937 70 46 maj
1353 937 94 35 1883
1476 933 178 46 framlagt
1681 931 141 47 förslag

218 1011 60 23 om
318 996 232 48 vidtagande
592 994 39 36 af
669 993 179 49 åtgärder
875 992 11 35 i
915 989 261 38 förstnämnda
1216 986 214 37 hänseende
1463 985 119 47 jemte
1611 983 212 47 beräkning

218 1048 40 37 af
295 1047 129 37 derför
461 1046 250 45 erforderliga
748 1042 216 44 kostnader,
1003 1039 210 49 utgörande
1242 1037 59 37 för
1327 1036 208 48 »snarligen
1563 1033 259 47 nödvändiga»

218 1105 96 30 samt
355 1099 29 35 »i
426 1111 45 22 en
513 1098 82 35 icke
637 1097 163 47 aflägsen
842 1092 153 38 framtid
1038 1090 265 47 erforderliga»
1344 1087 277 45 förbättringar
1663 1086 159 42 244,000

218 1151 152 35 kronor.
425 1148 85 36 Med
539 1147 204 47 anledning
770 1144 40 37 af
835 1145 103 36 detta
966 1140 255 39 varfschefens
1249 1139 140 47 förslag
1417 1137 96 36 hade
1542 1135 281 46 stadsfullmäg-

217 1202 77 47 tige
323 1201 10 35 i
362 1199 228 37 Karlskrona
631 1198 73 35 den
747 1199 43 34 18
833 1195 151 47 augusti
1027 1195 93 35 1887
1163 1191 168 43 beslutit,
1365 1188 113 37 bland
1508 1192 126 39 annat,
1664 1192 67 38 att,
1760 1198 62 23 om

220 1252 68 36 och
318 1258 69 28 när
415 1250 228 36 statsverket
671 1247 185 36 verkstält
885 1247 45 34 de
960 1244 282 44 förbättringar,
1271 1253 81 24 som
1380 1240 11 35 i
1420 1238 183 47 förslaget
1629 1236 195 48 upptagits

221 1302 120 36 under
369 1300 163 37 nämnda
559 1299 187 42 rubriker,
775 1296 230 36 Karlskrona
1033 1294 82 35 stad
1144 1292 121 36 skulle
1294 1292 9 34 i
1334 1290 127 36 stället
1489 1288 58 36 för
1566 1288 47 35 då
1634 1286 190 48 utgående

221 1354 181 46 beloppet
442 1351 59 36 till
539 1349 356 46 vattenledningens
933 1344 212 44 underhåll,
1180 1342 144 36 hvilket
1352 1341 151 47 belopp,
1533 1338 292 48 ursprungligen

221 1403 212 49 utgörande
476 1403 108 43 2,250
618 1401 153 42 kronor,
799 1398 128 36 blifvit
955 1395 115 37 ökadt
1098 1393 84 37 med
1214 1396 44 33 14
1287 1393 142 34 kronor
1457 1390 58 36 för
1543 1387 218 38 erhållande
1790 1386 39 37 af

218 1461 128 29 vatten
389 1453 58 36 till
488 1465 45 23 en
573 1450 60 37 för
673 1450 152 36 stadens
861 1448 161 46 räkning
1059 1445 120 36 under
1207 1447 40 32 år
1276 1444 95 35 1863
1401 1440 138 49 anlagd
1566 1439 258 47 springbrunn

222 1505 70 36 och
333 1504 146 36 således
521 1502 167 48 uppgick
729 1501 58 35 till
831 1501 108 42 2,264
979 1498 153 42 kronor,
1159 1494 125 36 betala
1314 1506 45 23 en
1389 1492 96 48 årlig
1514 1490 110 48 afgift
1652 1488 40 37 af
1717 1491 110 41 7,000

222 1557 153 42 kronor,
405 1554 120 36 under
542 1554 122 35 vilkor
684 1550 332 46 hufvudsakligen,
1037 1553 55 30 att
1112 1546 130 36 staden
1262 1542 302 39 tillförsäkrades
1584 1539 243 38 uteslutande

222 1612 76 30 rätt
339 1612 56 29 att
435 1607 59 33 för
534 1604 57 36 sin
632 1603 173 46 räkning,
839 1604 48 44 på
915 1605 76 30 sätt
1019 1598 73 36 den
1120 1597 115 36 funne
1264 1595 58 36 för
1350 1594 106 47 godt,
1486 1598 169 43 upptaga
1683 1597 146 30 vatten-

224 1656 110 48 afgift
362 1655 39 37 af
427 1655 170 36 enskilda
625 1653 286 46 anläggningar.

324 1706 123 36 Sedan
489 1704 159 36 berörda
686 1703 140 46 förslag
860 1702 32 46 ej
922 1698 189 37 föranledt
1139 1697 58 36 till
1225 1699 124 44 någon
1378 1693 136 47 åtgärd
1543 1694 11 34 i
1583 1692 64 36 det
1676 1689 153 49 angifna

223 1757 128 48 syftet,
393 1756 95 35 hade
517 1753 342 47 stadsfullmägtige
888 1753 10 33 i
929 1749 228 36 Karlskrona
1186 1747 70 35 den
1287 1748 45 34 28
1363 1746 71 45 maj
1468 1746 92 34 1889
1589 1744 102 45 gjort
1718 1741 112 36 fram-

224 1808 185 46 ställning
445 1807 67 35 hos
548 1805 133 46 Kongl.
715 1803 104 47 Maj:t
847 1814 59 23 om
937 1798 239 48 vidtagande,
1206 1800 40 33 så
1273 1802 105 30 snart
1406 1796 64 34 ske
1499 1793 140 44 kunde,
1668 1791 40 37 af
1732 1793 98 34 vissa

226 1858 183 48 uppgifna
450 1856 264 46 förbättrings-
756 1854 69 35 och
869 1849 405 48 utvidgningsarbeten
1303 1851 20 31 å
1352 1847 163 34 kronans
1544 1843 288 46 vattenledning

224 1910 58 35 till
323 1908 147 42 staden,
512 1912 101 30 emot
654 1906 64 35 det
754 1910 55 30 att
838 1902 228 42 Karlskrona
1094 1899 81 36 stad
1205 1897 121 37 stälde
1355 1897 57 36 till
1442 1895 134 47 Kongl.
1607 1894 123 47 Maj:ts
1758 1892 73 36 för-

225 1959 163 48 fogande
430 1958 65 35 det
536 1957 128 35 härtill
706 1953 248 47 erforderliga
994 1952 152 46 belopp,
1181 1949 159 44 282,000
1369 1948 152 42 kronor,
1550 1950 55 31 att
1633 1944 57 35 för
1719 1943 113 36 ända-

227 2011 114 34 målet
369 2008 191 36 användas
590 2007 121 35 under
739 2006 98 34 vissa
865 2002 153 47 angifna
1046 2002 123 35 vilkor
1194 2000 69 35 och
1285 1997 200 37 förbehåll.
1527 1994 188 37 Häröfver
1735 1993 96 36 hade

227 2059 402 46 marinförvaltningen
668 2056 72 35 den
770 2058 45 33 24
845 2054 95 46 april
972 2054 93 34 1890
1095 2049 149 49 afgifvit
1272 2047 215 37 infordradt
1515 2044 207 44 utlåtande,
1752 2044 80 35 deri

227 2110 294 44 förvaltningen,
562 2106 84 36 med
675 2104 254 41 förklarande,
965 2107 55 31 att
1057 2101 127 46 hvarje
1213 2100 9 34 i
1253 2099 105 46 fråga
1387 2110 61 22 om
1476 2095 357 44 vattenledningens

228 2159 228 48 utvidgning
484 2158 68 35 och
583 2156 232 45 förbättring
842 2154 114 35 väckt
984 2151 152 46 förslag,
1169 2162 79 23 som
1278 2148 122 36 skulle
1431 2146 168 36 medföra
1628 2145 141 45 ökning
1797 2143 40 35 af

228 2212 164 34 kronans
434 2208 109 35 andel
586 2208 9 34 i
637 2206 255 36 kostnaderna
928 2203 57 35 för
1019 2200 353 46 vattenledningens
1401 2196 198 36 underhåll
1630 2195 69 35 och
1729 2193 105 44 drift,

229 2264 118 33 måste
391 2259 80 36 från
514 2259 162 34 kronans
713 2256 80 36 sida
830 2254 204 36 betecknas
1062 2254 125 34 sågom
1216 2249 222 48 oantagligt,
1468 2246 191 44 hemstält,
1687 2250 56 30 att
1771 2244 64 35 det
