2324 2772
707 232 87 42 Lag-
805 228 188 52 Utskottets
1009 234 173 33 Utlåtande
1206 236 67 31 N:o
1297 238 51 30 17.
1753 239 32 29 11

234 322 95 30 sätta
370 315 128 48 nödiga
538 315 159 36 ansedda
725 315 258 48 förändringar,
1013 329 76 22 som
1120 317 191 48 anledning
1340 319 29 47 ej
1398 319 100 34 torde
1529 319 129 34 saknas
1687 319 54 34 för
1770 320 59 34 det

234 367 201 48 antagande
474 373 52 29 att
564 365 220 49 Riksdagen,
813 380 77 22 som
913 345 119 57 under
1060 368 42 34 de
1132 368 88 35 sista
1249 347 153 69 dagarne
1431 370 38 35 af
1495 370 53 35 sin
1578 383 249 22 sammanvaro

233 419 93 35 hade
367 426 52 28 att
459 417 178 36 behandla
660 418 99 35 detta
786 418 132 48 vigtiga
946 420 141 40 ärende,
1123 420 44 34 då
1195 397 139 58 fästade
1363 422 53 46 sig
1444 421 300 48 hufvudsakligen
1769 422 58 35 vid

234 470 127 49 sjelfva
389 468 259 49 grundvalarne
677 469 55 35 för
759 447 270 70 ifrågavarande
1059 470 226 49 lagstiftving
1314 472 65 34 och
1408 473 30 47 ej
1463 472 92 40 ville,
1580 478 64 29 när
1657 452 68 54 den
1741 474 86 46 god-

234 522 116 34 kände
389 499 106 57 Jassn
533 516 225 55 grundvalar,
793 501 188 68 äfventyra
1024 521 80 35 hela
1143 522 144 47 frågans
1322 523 62 34 fall
1413 536 128 35 genom
1571 530 51 28 att
1650 524 53 34 till
1733 501 93 71 Lag-

234 572 188 36 Utskottet
460 571 212 35 återförvisa
710 572 148 34 ärendet
896 572 127 34 endast
1056 573 54 33 för
1149 573 175 35 vinnande
1363 575 38 33 af
1437 575 145 34 rättelse
1622 575 10 33 i
1673 588 42 21 en
1740 555 87 54 eller

231 636 117 23 annan
377 622 138 36 mindre
540 623 317 47 grundväsendtlig
886 623 118 48 detalj.

365 691 234 36 Beträffande
638 691 171 48 förslaget
836 692 54 34 till
922 691 223 48 Förordning
1173 692 183 48 angdende
1385 693 153 47 ändring
1567 693 12 34 i
1606 693 93 35 vissa
1727 693 98 35 delar

232 745 45 47 af
313 742 225 47 Kyrkolagen
574 742 78 35 med
691 742 113 35 dertill
840 742 154 35 hörande
1038 744 260 48 författningar,
1327 744 64 34 har
1418 744 189 36 Utskottet
1635 751 52 28 att
1715 745 110 34 fram-

231 786 105 44 ställa
364 794 92 35 blott
483 807 42 22 en
555 794 246 48 anmärkning,
830 794 144 34 hvilken
1003 786 54 42 väl
1087 785 126 45 endast
1241 801 39 29 är
1308 796 37 34 af
1358 795 257 40 formelnatur,
1635 809 80 21 men
1735 797 89 34 dock

230 847 95 34 afser
367 852 52 28 att
459 845 221 48 undanrödja
708 845 122 58 möjlig
859 846 333 48 missuppfattning.
1246 847 293 47 Anmärkningen
1568 848 95 33 afser
1691 848 43 33 de
1763 848 11 33 i
1805 852 16 30 1

228 894 19 48 $
276 897 295 35 förekommande
600 897 110 34 orden
737 897 62 47 »af
821 896 115 35 denna
966 898 98 45 dag»,
1092 897 130 41 hvilka,
1250 899 47 46 på
1325 903 72 29 sätt
1420 898 132 48 jemväl
1572 898 97 34 inom
1686 898 138 48 Högsta

228 948 217 35 Domstolen
486 947 119 35 blifvit
643 947 191 48 påpekadt,
874 947 167 48 möjligen
1080 948 118 35 kunde
1240 949 110 34 alstra
1382 949 139 39 tvekan,
1551 949 175 34 huruvida
1755 950 67 34 den

228 999 193 47 samtidiga
464 998 268 47 Förordningen
765 1011 58 21 om
851 999 225 34 främmande
1105 999 279 35 trosbekännare
1414 999 66 35 och
1508 1000 103 34 deras
1636 1000 187 47 religions-

228 1050 123 48 öfning
378 1050 104 46 finge,
498 1057 86 27 utan
612 1049 263 48 Kyrkomötets
904 1050 167 39 hörande,
1100 1051 129 34 ändras
1258 1051 65 34 och
1351 1051 10 33 i
1391 1050 62 35 allt
1481 1050 63 35 fall
1573 1051 161 34 medföra
1754 1052 69 33 den

227 1101 191 48 olägenhet
456 1108 62 32 att,
554 1101 120 34 derest
701 1101 156 34 nämnda
886 1100 207 48 förordning
1121 1102 9 33 i
1160 1114 42 21 en
1230 1102 147 34 framtid
1406 1102 163 33 kommer
1597 1108 51 28 att
1677 1109 74 27 mot
1779 1115 43 21 en

226 1166 48 34 ny
304 1152 156 48 utbytas,
501 1152 233 34 förevarande
764 1148 17 48 $
812 1152 113 34 måste
954 1131 219 69 omredigera
1168 1165 37 22 ws.
1258 1151 190 37 Utskottet
1475 1165 104 21 anser
1607 1153 139 34 derföre
1771 1160 52 28 att

225 1204 106 34 dessa
369 1192 64 45 ord
462 1203 85 34 böra
575 1204 94 46 utgå,
698 1202 135 35 hvilket
862 1202 67 34 kan
959 1203 61 34 ske
1051 1210 84 28 utan
1164 1211 52 27 att
1244 1204 213 46 stadgandet
1485 1203 205 47 derigenom
1721 1204 101 34 kom-

224 1267 77 22 mer
328 1261 53 27 att
409 1254 111 34 sakna
544 1231 212 70 erforderlig
783 1253 179 49 tydlighet
986 1254 65 34 och
1080 1248 286 53 fullständighet,
1387 1254 94 35 helst
1496 1267 57 21 om
1570 1255 119 34 såsom
1706 1255 116 35 vilkor

223 1306 55 33 för
306 1305 319 46 författningarnes
656 1278 198 77 antagaride
884 1305 143 46 stadgas
1056 1313 52 27 att
1136 1306 42 34 de
1208 1283 100 57 skola
1336 1305 186 47 samtidigt
1550 1306 195 34 utkomma.

357 1373 59 35 Då
459 1373 190 36 Utskottet
693 1387 47 21 nu
786 1374 162 47 öfvergår
991 1373 55 36 till
1085 1374 201 48 föreslagna
1327 1373 269 47 Förordningen
1636 1373 184 47 angdäende

224 1425 225 42 främmande
488 1424 269 35 trosbekännare
798 1425 59 34 och
885 1425 103 35 deras
1016 1424 302 48 reliqionsöfning,
1346 1425 100 34 torde
1475 1424 190 36 Utskottet
1692 1425 56 34 till
1776 1439 42 21 en

223 1476 122 35 början
386 1476 37 34 få
466 1475 175 40 meddela,
671 1481 62 35 att,
762 1489 58 21 om
849 1481 44 29 än
922 1476 164 47 gällande
1115 1476 247 47 dissenterlag,
1391 1475 131 48 Kongl.
1549 1475 267 49 Förordningen

221 1527 68 34 den
332 1530 46 32 23
408 1526 159 36 Oktober
597 1530 105 36 1860,
731 1527 10 34 i
770 1527 101 46 fråga
895 1540 57 21 om
981 1527 169 34 tillåtelse
1179 1528 54 33 för
1261 1527 225 34 främmande
1515 1527 301 36 trosbekännares

219 1578 264 47 församlingar,
525 1577 238 48 inrättningar
797 1578 65 34 och
904 1579 172 34 stiftelser
1105 1584 51 28 att
1179 1578 179 35 förvärfva
1387 1579 72 33 fast
1486 1578 175 46 egendom
1686 1578 10 34 i
1725 1579 92 34 riket

220 1634 39 29 är
298 1642 68 34 nog
408 1629 145 47 mycket
591 1629 276 40 inskränkande,
909 1630 45 33 då
994 1630 67 34 den
1103 1629 175 35 utesluter
1311 1629 231 47 möjligheten
1570 1629 55 34 för
1653 1629 80 34 dem
1764 1637 52 27 att

219 1680 181 34 förvärfva
439 1692 98 22 mera
567 1680 89 47 jord,
685 1685 45 29 än
759 1693 75 21 som
862 1681 179 34 erfordras
1070 1680 55 35 till
1155 1687 179 40 utrymme
1365 1681 54 33 för
1448 1680 113 46 kyrka
1589 1680 65 35 och
1683 1680 133 47 kyrko-

218 1731 97 46 gård,
352 1730 190 36 Utskottet
583 1730 89 35 dock
708 1730 75 35 icke
818 1738 85 27 utan
931 1732 129 33 tvekan
1089 1731 80 34 låtit
1196 1731 11 33 i
1236 1732 115 33 denna
1380 1731 56 34 del
1465 1731 83 34 bero
1578 1731 57 34 vid
1664 1732 60 33 det
1753 1733 62 33 nå-

218 1781 82 48 diga
337 1781 182 48 förslaget,
548 1781 111 47 enligt
687 1781 136 35 hvilket
852 1782 60 35 det
940 1787 37 29 är
1006 1783 36 33 åt
1070 1781 131 47 Kongl.
1232 1781 102 49 Maj:t
1362 1782 75 34 helt
1465 1782 66 34 och
1561 1782 109 34 hållet
1698 1783 116 33 öfver-

217 1832 170 40 lemnadt,
428 1839 52 28 att
518 1832 54 35 för
609 1832 120 47 hvarje
760 1833 171 34 särskildt
959 1833 62 34 fall
1051 1833 8 34 i
1089 1832 265 36 administrativ
1382 1838 66 42 väg
1476 1833 130 47 afgöra,
1637 1833 177 35 huruvida

217 1884 66 34 och
321 1883 11 35 i
371 1883 146 34 hvilken
559 1883 249 47 utsträckning
847 1884 111 34 sådan
987 1884 220 46 församling,
1236 1884 197 46 inrättning
1462 1884 85 34 eller
1576 1884 154 34 stiftelse
1756 1886 58 33 må

215 1935 182 34 förvärfva
424 1934 67 34 och
520 1934 131 35 besitta
678 1935 72 33 fast
779 1935 173 46 egendom
981 1935 10 34 1
1021 1934 100 35 riket.
1176 1935 118 34 Men
1273 1930 28 55 i
1318 1912 176 57 anseende
1515 1934 56 35 till
1585 1935 227 47 svårigheten

215 1992 52 28 att
304 1986 47 46 på
386 1985 153 34 förhand
578 1985 10 34 i
629 1985 101 46 lagen
772 1985 202 35 bestämma
1006 1986 42 34 de
1078 1986 176 34 särskilda
1283 1986 177 40 ändamål,
1488 1993 24 27 t.
1540 1998 51 22 ex.
1621 1986 126 34 bostad
1776 1988 36 33 åt

213 2036 256 39 föreståndare,
497 2043 100 40 prest
625 2036 66 34 och
719 2036 299 48 kyrkobetjening
1051 2050 44 21 m.
1125 2050 44 21 m.
1201 2037 125 46 dylikt,
1355 2037 54 33 för
1437 2036 120 35 hvilka
1585 2036 225 36 främmande

213 2087 210 47 församling
461 2087 70 34 kan
570 2087 106 35 hafva
713 2087 123 47 billiga
876 2088 153 47 anspråk
1069 2094 51 28 att
1158 2088 37 34 få
1227 2088 179 34 förvärfva
1434 2087 68 35 slik
1530 2088 185 46 egendom,
1744 2088 66 34 och

214 2139 46 35 då
289 2138 172 48 antagligt
487 2143 49 35 är,
565 2143 52 30 att
646 2137 131 49 Kongl.
804 2138 105 48 Maj:t
936 2139 11 34 1
976 2140 97 34 detta
1101 2139 169 35 afseende
1299 2138 90 35 skall
1418 2139 144 34 komma
1582 2145 51 28 att
1652 2139 157 47 iakttaga

212 2190 46 34 all
301 2190 68 34 den
408 2189 306 42 återhållsamhet,
756 2202 78 22 som
870 2190 272 47 försigtigheten
1172 2190 135 48 bjuder,
1333 2190 132 48 jemväl
1494 2190 82 34 med
1604 2190 203 35 hänseende

210 2241 57 34 till
295 2241 68 34 den
393 2253 148 22 numera
573 2240 172 47 temligen
773 2240 150 35 allmänt
951 2241 157 34 erkända
1136 2240 394 35 nationalekonomiska
1558 2241 248 47 grundsatsen,

210 2298 52 29 att
297 2291 210 47 eganderätt
547 2291 56 35 till
644 2291 72 35 fast
755 2292 172 47 egendom
970 2291 62 35 bör
1070 2293 40 34 så
1137 2292 79 35 litet
1244 2305 76 22 som
1350 2291 137 49 möjligt
1515 2292 182 47 lösryckas
1726 2292 79 34 från
