1958 2846
292 151 39 30 28
749 153 260 30 Statsutskottets
1028 155 163 29 utlåtande
1213 156 48 28 Nr
1276 160 70 26 200.

342 234 114 34 Såsom
479 249 42 19 av
543 237 514 36 arbetslöshetskommissionens
1078 241 157 39 yttrande
1255 242 12 32 i
1289 242 135 33 ärendet
1447 243 162 40 framgår,
1630 243 62 32 har
1712 243 94 33 kom-

296 286 177 33 missionen
492 292 111 29 ansett
621 288 54 33 det
694 289 75 33 icke
786 289 207 40 välbetänkt,
1012 295 51 29 att
1083 295 118 36 staten,
1220 292 103 32 innan
1342 293 95 32 dessa
1455 294 219 38 utredningar
1692 295 112 32 avslu-

297 340 67 30 tats
387 338 79 32 eller
488 339 97 38 eljest
607 339 182 38 tvingande
813 340 74 33 skäl
909 341 132 33 anförts
1065 342 55 32 för
1142 354 40 20 en
1204 343 143 38 ändring
1370 355 42 20 av
1435 344 191 32 nuvarande
1650 345 152 39 ordning,

296 387 109 34 skulle
424 388 100 34 kasta
545 394 78 28 över
642 391 87 32 ända
750 391 54 32 det
824 391 229 38 provisoriska
1074 396 136 37 system,
1232 405 69 20 som
1323 394 83 32 dock
1424 394 198 39 uppbyggts
1643 396 73 32 med
1736 395 66 33 led-

296 438 82 40 ning
396 451 42 21 av
456 439 118 39 gjorda
593 441 229 33 erfarenheter
839 441 104 33 under
962 454 38 20 en
1019 454 70 21 mer
1107 447 41 28 än
1168 443 125 39 tioårig
1310 444 222 39 verksamhet,
1551 445 55 32 för
1624 449 50 30 att
1692 446 12 32 i
1723 446 80 32 stäl-

294 491 46 32 let
361 492 121 37 övergå
503 491 55 32 till
579 494 48 30 ett
648 492 137 33 alldeles
807 496 77 35 nytt
905 493 61 32 och
988 493 220 40 fullständigt
1231 499 140 34 oprövat
1394 499 137 34 system.
1575 496 118 32 Denna
1716 508 84 27 upp-

294 541 150 39 fattning
461 554 111 27 synes,
588 543 200 32 åtminstone
804 543 12 31 i
832 543 69 32 viss
918 544 247 40 utsträckning,
1182 544 74 33 icke
1272 545 114 33 kunna
1404 546 206 33 frånkännas
1629 547 171 38 giltighet.

293 591 19 32 I
330 592 146 39 enlighet
495 592 137 33 härmed
651 593 111 32 finner
781 594 165 32 utskottet
965 595 187 39 motiverat,
1172 598 51 29 att
1242 599 48 29 ett
1310 596 118 40 anslag
1447 597 54 32 till
1521 597 279 33 arbetslöshetens

293 642 228 39 bekämpande
542 655 116 27 genom
679 644 497 34 arbetslöshetskommissionen
1196 646 128 38 jämväl
1346 647 105 32 denna
1472 648 91 38 gång
1583 648 142 39 beviljas
1747 661 53 19 en-

293 692 65 39 ligt
375 693 222 33 oförändrade
614 695 157 38 grunder.

337 743 198 33 Emellertid
554 757 100 26 synas
674 745 75 32 skäl
767 745 112 33 kunna
897 746 137 33 anföras
1053 747 53 31 för
1124 751 51 28 att
1193 747 38 32 de
1250 760 85 20 ovan
1353 748 140 33 berörda
1509 749 203 34 motionerna
1732 750 67 32 för-

293 794 118 32 anleda
428 795 70 31 viss
516 795 190 39 utredning.
748 796 68 32 Det
834 796 108 33 skulle
960 796 114 33 kunna
1092 797 132 40 tänkas,
1245 802 51 28 att
1315 802 48 28 ett
1383 800 342 39 reservationsanslag
1745 801 55 32 till

291 844 92 32 vissa
406 845 170 32 allmänna
599 846 134 32 arbeten
758 847 115 32 ställes
897 847 54 32 till
976 848 128 38 Kungl.
1128 848 118 38 Maj:ts
1272 849 211 40 förfogande,
1509 854 51 28 att
1582 854 99 35 tagas
1706 852 11 31 i
1743 864 56 19 an-

293 894 104 39 språk
413 895 12 32 i
444 895 61 32 den
524 897 76 31 mån
618 897 157 38 påtaglig
794 897 230 39 arbetslöshet,
1045 898 158 39 antingen
1222 900 161 37 generellt
1402 900 91 39 eller,
1512 904 25 30 t.
1557 913 49 21 ex.
1626 902 44 38 på
1690 902 110 38 grund

292 957 42 20 av
361 945 213 34 industriella
602 948 251 38 sammanbrott,
880 960 90 20 mera
998 949 106 34 lokalt
1130 950 158 38 uppstår;
1318 953 48 29 ett
1394 951 120 32 sådant
1542 952 118 38 anslag
1691 953 108 32 skulle

291 996 113 32 kunna
419 1008 82 21 vara
515 1009 41 20 av
572 997 188 38 betydande
776 998 102 32 värde
893 999 58 31 vid
968 999 420 39 arbetslöshetsfrågornas
1405 1002 266 39 handläggning.
1712 1004 87 31 Här-

291 1046 130 38 igenom
442 1046 140 39 komme,
604 1048 199 32 åtminstone
825 1049 53 31 till
899 1049 70 32 viss
992 1050 63 39 del,
1078 1050 38 32 de
1139 1050 184 39 offentliga
1345 1052 156 32 arbetena
1524 1056 50 29 att
1595 1053 113 33 kunna
1731 1066 69 20 mer

292 1096 138 39 smidigt
448 1109 163 27 anpassas
628 1098 87 32 efter
731 1098 300 40 konjunkturerna,
1050 1101 36 31 så
1103 1104 51 29 att
1170 1113 38 20 en
1228 1104 105 29 större
1352 1108 120 33 anpart
1490 1115 41 19 av
1550 1103 96 33 dessa
1664 1104 135 33 arbeten

289 1147 210 38 igångsättes
520 1148 105 33 under
646 1149 361 39 depressionsperioder
1028 1155 41 27 än
1091 1151 95 37 eljest
1207 1151 67 32 blir
1295 1152 107 33 fallet.
1448 1153 228 39 Utredningen
1699 1155 100 32 borde

292 1197 140 33 sålunda
452 1198 144 33 omfatta
617 1199 132 39 frågan,
771 1200 167 32 huruvida
959 1202 61 31 och
1040 1202 44 38 på
1104 1202 105 32 vilket
1231 1206 68 28 sätt
1320 1215 38 19 en
1380 1204 186 38 anordning
1587 1205 74 31 med
1681 1208 49 29 ett
1751 1217 48 19 re-

291 1248 307 39 servationsanslag
616 1250 54 31 till
689 1250 197 32 utförandet
904 1263 42 20 av
966 1252 117 31 därför
1102 1252 155 38 lämpade
1276 1253 134 32 arbeten
1430 1254 100 33 borde
1549 1255 169 39 vidtagas.
1739 1255 60 33 Ut-

290 1298 180 38 redningen
490 1299 59 32 bör
567 1299 154 32 bedrivas
742 1300 274 38 skyndsammast
1034 1302 142 38 möjligt,
1197 1303 60 31 och
1277 1304 181 32 resultaten
1480 1305 113 31 därom
1614 1305 77 33 böra
1714 1307 84 31 före-

289 1348 119 38 läggas
429 1349 190 39 riksdagen.

334 1399 76 32 Vad
426 1399 170 33 beträffar
611 1401 266 32 medelsbehovet
893 1402 53 31 för
961 1406 98 28 nästa
1075 1403 174 40 budgetår,
1267 1405 62 31 vill
1345 1405 164 33 utskottet
1527 1406 192 39 framhålla,
1738 1411 60 34 att,

291 1454 83 28 även
399 1462 50 20 om
475 1462 77 20 man
575 1451 67 32 kan
668 1456 93 35 säga,
788 1455 52 29 att
863 1452 105 39 enligt
994 1458 112 28 senast
1131 1454 219 40 tillgängliga
1376 1457 123 32 siffror
1524 1457 203 39 ställningen
1754 1459 44 38 på

290 1500 318 33 arbetsmarknaden
626 1502 12 31 i
656 1503 78 31 vårt
753 1502 78 33 land
853 1503 199 33 förbättrats
1072 1505 57 32 vid
1148 1505 196 38 jämförelse
1362 1507 72 32 med
1456 1512 148 29 närmast
1624 1508 173 39 föregåen-

289 1551 39 32 de
346 1552 46 38 år,
411 1552 38 32 de
466 1552 169 33 allmänna
653 1553 288 38 konjunkturerna
961 1555 83 32 dock
1062 1556 73 32 visa
1153 1556 117 33 tecken
1289 1557 54 32 till
1362 1570 37 20 en
1419 1558 219 39 begynnande
1658 1563 143 28 avmatt-

290 1601 91 39 ning,
398 1601 107 33 vilket
522 1606 95 35 synts
635 1603 166 33 utskottet
817 1604 161 33 motivera
996 1617 38 20 en
1052 1605 139 39 höjning
1209 1618 42 20 av
1271 1607 54 32 det
1343 1620 42 19 av
1404 1609 129 38 Kungl.
1553 1609 101 38 Maj:t
1672 1610 125 32 äskade

290 1651 301 40 anslagsbeloppet.
633 1653 174 34 Utskottet
825 1654 61 33 vill
904 1655 75 33 med
997 1655 131 39 hänsyn
1148 1657 117 32 härtill
1285 1658 55 32 för
1360 1659 50 31 sin
1431 1659 52 32 del
1504 1659 145 38 förorda,
1670 1663 51 29 att
1740 1672 57 20 an-

290 1702 109 38 slaget
416 1703 197 33 bestämmes
632 1704 53 32 till
705 1706 174 37 2,500,000
897 1705 133 34 kronor.
1049 1707 172 34 Utskottet
1239 1708 62 32 vill
1320 1709 163 37 därjämte
1502 1710 109 31 erinra
1630 1721 52 21 om
1700 1710 40 33 de
1759 1711 39 31 år

290 1753 54 32 för
359 1754 38 31 år
413 1754 151 38 ständigt
581 1755 154 38 stigande
751 1755 130 39 belopp,
899 1756 180 39 riksdagen
1097 1758 132 33 anvisat
1245 1759 55 32 till
1315 1759 326 40 väganläggningar,
1659 1761 136 38 vägför-

289 1803 191 40 bättringar
499 1805 60 32 och
577 1806 255 39 vägunderhåll,
852 1807 92 32 vilka
965 1808 221 34 tillsammans
1206 1810 74 32 med
1300 1809 286 38 vägskattemedel
1606 1810 116 33 enbart
1743 1812 54 32 för

288 1854 274 34 nästkommande
578 1856 165 38 budgetår
757 1858 116 38 belöpa
892 1859 52 38 sig
959 1859 54 31 till
1029 1864 77 27 över
1123 1861 40 30 80
1179 1860 154 37 miljoner
1348 1860 131 39 kronor,
1498 1867 86 28 samt
1601 1865 49 29 att
1666 1862 133 32 inneva-

290 1905 101 32 rande
413 1906 55 32 års
492 1906 140 39 riksdag
654 1907 12 31 i
689 1908 182 38 anledning
894 1920 42 20 av
959 1909 295 39 framställningar
1277 1910 77 33 från
1380 1911 128 38 Kungl.
1533 1912 101 38 Maj:t
1658 1913 53 32 till
1736 1925 59 25 ny-

289 1955 115 38 odling
425 1957 59 31 och
506 1956 301 40 betesförbättring
830 1959 19 32 å
871 1959 247 39 ofullständiga
1140 1960 163 38 jordbruk
1326 1966 86 28 samt
1435 1962 53 32 till
1512 1962 284 38 skogsutdikning

288 2006 131 33 anvisat
439 2007 121 38 anslag
580 2008 19 31 å
618 2008 143 38 tillhopa
784 2010 172 38 1,800,000
977 2010 132 33 kronor.

335 2105 75 33 Vad
434 2107 149 33 därefter
605 2109 107 38 angår
736 2109 122 38 frågan
882 2122 51 20 om
957 2111 160 38 åtgärder
1140 2112 53 32 för
1216 2116 52 28 att
1289 2113 120 38 bringa
1433 2113 94 38 hjälp
1551 2114 34 31 åt
1608 2113 187 32 befolknin-

289 2167 64 26 gen
375 2157 19 31 å
417 2156 145 34 Seskarö
584 2158 55 32 får
661 2159 164 34 utskottet
849 2160 240 39 inledningsvis
1113 2162 108 32 erinra
1246 2174 51 20 om
1321 2163 55 34 det
1398 2163 275 38 utomordentligt
1698 2164 96 32 svåra

288 2206 86 39 läge,
400 2208 72 32 vari
499 2208 105 32 denna
629 2209 156 33 avskilda
811 2211 217 39 öbefolkning
1054 2212 119 32 liksom
1200 2213 61 32 ock
1288 2213 61 32 den
1374 2213 167 38 kommun,
1568 2214 227 32 Nedertorneå

287 2256 166 40 kommun,
474 2270 68 20 som
564 2264 39 27 ön
624 2259 125 40 tillhör,
770 2260 185 39 oförskyllt
974 2262 140 32 försatts
1136 2274 117 26 genom
1274 2263 308 38 sågverksdriftens
1603 2264 191 38 nedläggel-

289 2317 44 21 se.
366 2307 147 33 Behovet
534 2321 42 19 av
598 2321 38 20 en
659 2310 146 32 särskild
827 2311 211 38 hjälpaktion
1061 2312 55 32 får
1137 2324 96 21 anses
1257 2313 180 38 fastslaget
1458 2325 117 27 genom
1598 2314 198 39 riksdagens

287 2357 145 38 tidigare
451 2359 196 33 uttalanden
665 2360 12 31 i
697 2360 106 32 denna
824 2361 71 33 sak.

332 2407 68 32 Vid
420 2410 230 38 övervägande
671 2422 43 20 av
735 2411 39 31 de
795 2411 90 32 olika
907 2412 134 38 former,
1062 2413 104 31 under
1186 2413 95 32 vilka
1301 2413 94 39 hjälp
1417 2414 197 39 lämpligast
1633 2415 59 32 bör
1713 2415 81 32 läm-

286 2469 71 26 nas,
381 2458 107 37 gäller
511 2460 55 31 det
587 2460 11 31 i
622 2460 107 32 första
752 2461 88 31 hand
863 2465 50 28 att
935 2465 80 34 taga
1040 2462 161 39 ställning
1225 2463 53 32 till
1302 2463 61 32 den
1385 2464 194 34 motionsvis
1604 2465 189 32 framförda
