2182 2628
455 136 116 31 Andra
598 136 203 31 kammarens
820 135 112 39 fjärde
959 134 167 40 tillfälliga
1150 133 130 32 utskotts
1303 133 167 31 utlåtande
1493 132 53 31 Nr
1571 135 50 28 15.
1810 133 16 29 7

229 227 87 35 skilt
354 226 177 47 järmalm.
590 227 57 33 En
691 228 74 32 stor
807 226 57 34 del
907 237 42 22 av
979 227 86 32 våra
1090 224 348 47 järnmalmsgruvor
1466 222 98 46 ligga
1593 234 49 23 nu
1672 222 155 35 faktiskt

228 281 12 34 i
269 279 188 35 utländska
485 280 148 34 händer.
693 280 72 34 Det
793 279 73 34 kan
895 284 101 40 tagas
1026 278 55 35 för
1110 277 108 47 givet,
1250 280 52 32 att
1331 277 92 34 efter
1451 275 244 47 världskriget
1722 276 107 45 långa

228 333 93 35 tider
363 332 131 36 framåt
536 346 45 22 en
624 333 94 34 ökad
747 332 223 45 efterfrågan
1000 334 46 43 på
1070 331 191 47 järnmalm
1292 330 13 34 i
1333 331 82 34 hela
1443 330 149 35 världen
1622 329 94 36 skall
1744 333 85 42 göra

229 386 55 45 sig
313 386 177 46 gällande,
523 388 44 33 då
596 387 62 34 det
686 386 112 46 gäller
826 388 53 32 att
906 385 197 46 uppbygga
1131 384 66 35 och
1225 396 167 34 reparera
1421 383 62 34 allt
1512 383 70 35 vad
1611 382 120 46 kriget
1761 382 67 35 för-

229 443 89 31 stört
360 440 86 34 eller
488 440 224 35 försummat.
773 438 95 36 Våra
896 450 132 34 gruvor
1057 438 67 34 och
1155 437 176 35 malmfält
1369 437 102 34 skola
1499 437 45 34 då
1573 436 141 34 kanske
1741 434 14 35 i
1783 440 46 29 än

229 494 110 46 högre
382 494 88 45 grad
514 499 46 28 än
603 505 50 22 nu
681 493 143 34 komma
852 491 13 35 i
893 491 196 34 utländska
1118 491 148 41 händer,
1297 494 40 42 ty
1367 495 92 29 även
1489 489 94 35 efter
1612 489 219 45 antagandet

229 559 43 23 av
306 549 98 32 1916
450 549 57 32 års
535 547 70 45 lag,
638 548 73 32 mot
739 544 189 35 utländskt
957 544 144 35 förvärv
1131 555 45 23 av
1205 542 327 44 naturrikedomar,
1565 542 102 34 torde
1696 541 134 46 möjlig-

230 601 150 34 heterna
423 603 52 31 att
514 599 191 35 förhindra
734 598 128 34 sådant
890 597 29 47 ej
952 608 86 24 vara
1067 596 147 35 alldeles
1243 596 162 46 stängda.
1463 595 18 34 TI
1509 594 100 47 varje
1639 595 63 34 fall
1731 594 101 35 skola

230 654 43 34 de
303 665 42 23 av
376 652 79 35 sina
484 659 107 40 ägare
621 651 118 36 starkt
767 651 226 46 exploateras
1022 650 68 35 och
1119 661 44 34 ge
1192 650 79 34 dem
1301 648 144 47 väldiga
1473 648 212 44 inkomster,
1716 648 115 34 under

231 708 59 34 det
334 711 53 30 att
429 710 117 31 staten
589 706 67 35 och
698 705 140 35 landets
867 703 216 46 befolkning
1112 703 143 47 komma
1284 705 53 32 att
1365 702 37 34 få
1430 714 38 23 se
1497 701 216 48 miljonerna
1740 701 92 35 rulla

231 760 55 47 sig
315 760 104 35 förbi.
478 760 55 34 De
576 758 166 36 enskilda
784 770 74 23 som
887 770 50 22 nu
966 757 209 46 exploatera
1203 759 86 33 våra
1317 768 135 34 gruvor
1480 755 158 47 förtjäna
1662 754 43 48 ju
1733 767 98 22 enor-

231 826 57 22 ma
330 826 168 23 summor.
557 813 139 35 Genom
740 811 245 46 socialisering
1026 823 44 23 av
1116 821 183 35 gruvorna
1327 809 88 35 eller
1443 808 13 35 i
1484 808 100 48 varje
1613 809 64 34 fall
1704 820 127 35 genom

231 867 226 46 samhällelig
499 866 91 35 drift
619 878 43 23 av
692 866 44 34 de
767 865 174 35 malmfält
970 864 66 35 och
1064 875 144 35 gruvor,
1239 875 73 23 som
1344 866 118 32 staten
1491 863 112 34 redan
1632 867 85 40 äger
1746 862 87 34 eller

230 925 89 30 utan
362 924 113 31 större
518 920 197 35 kostnader
744 918 73 35 kan
847 917 51 36 bli
927 922 106 42 ägare
1061 920 98 41 utav,
1190 916 13 35 i
1232 916 175 35 samband
1442 916 79 34 med
1550 915 209 35 inrättande
1789 927 43 23 av

231 986 92 34 egna
352 972 302 47 förädlingsverk,
686 972 117 35 skulle
832 970 153 36 förvisso
1013 970 81 35 icke
1122 970 94 35 blott
1244 973 96 31 stora
1368 969 201 35 inkomster
1598 968 125 35 kunna
1748 968 86 35 falla

232 1030 119 33 staten
393 1026 67 45 till,
505 1030 89 31 utan
637 1031 92 30 även
757 1027 137 33 statens
923 1036 92 35 egna
1043 1023 117 36 behov
1189 1035 44 23 av
1262 1023 154 35 förädlat
1440 1022 84 48 järn
1553 1022 127 34 kunna
1709 1024 45 44 på
1782 1024 53 32 ett

231 1081 118 35 bättre
378 1081 66 35 och
473 1079 168 48 billigare
670 1081 73 33 sätt
771 1085 46 29 än
845 1091 49 22 nu
924 1078 221 45 tillgodoses.

340 1134 83 35 Vad
451 1145 75 24 som
551 1139 39 29 är
610 1137 80 43 sagt
709 1145 56 23 om
786 1133 197 35 malmerna
1003 1131 114 47 gäller
1142 1130 6 35 i
1168 1132 125 45 mångt
1312 1131 66 34 och
1399 1130 147 46 mycket
1566 1135 92 29 även
1678 1141 55 23 om
1755 1128 79 36 sko-

233 1200 112 35 garna
374 1188 77 44 och,
483 1187 73 35 kan
585 1199 85 23 man
697 1187 159 46 tillägga,
887 1189 276 39 torvmossarna,
1204 1196 46 23 en
1280 1184 66 35 sak
1375 1196 74 23 som
1478 1183 65 36 bör
1573 1183 152 35 beaktas
1753 1182 81 35 icke

232 1241 112 36 minst
371 1241 13 35 i
413 1242 105 35 dessa
546 1241 97 35 tider
673 1253 43 23 av
745 1240 218 35 bränslenöd
991 1238 13 35 i
1033 1241 52 32 ett
1114 1250 44 24 av
1187 1238 168 35 världens
1385 1237 103 46 skog-
1518 1237 67 35 och
1614 1236 220 36 torvrikaste

232 1296 135 35 länder.
425 1295 113 35 Vilka
567 1298 95 32 stora
690 1293 206 36 rikedomar
925 1294 93 34 hava
1046 1292 81 35 icke
1155 1291 154 36 tillfallit
1328 1290 167 36 enskilda
1514 1302 172 35 personer
1704 1302 129 34 genom

233 1348 253 47 exploatering
528 1360 43 23 av
614 1348 141 34 landets
784 1347 142 46 skogar,
957 1346 104 35 dessa
1090 1345 131 47 skogar
1250 1357 73 23 som
1354 1344 140 35 fordom
1523 1344 83 34 hört
1634 1344 67 34 och
1729 1346 106 32 rätte-

234 1401 98 47 ligen
361 1402 87 35 höra
477 1401 191 35 samhället
695 1400 67 35 till.
820 1400 78 35 Och
927 1399 125 36 vilken
1081 1399 97 34 källa
1206 1397 57 36 till
1282 1397 202 36 inkomster
1504 1397 57 35 för
1581 1400 118 32 staten
1719 1397 117 35 skulle

234 1455 81 36 icke
358 1456 125 34 kunna
524 1457 136 44 uppstå
702 1466 128 35 genom
873 1465 44 23 en
957 1465 43 23 av
1029 1454 119 33 staten
1176 1452 95 43 ledd,
1303 1450 244 47 affärsmässig
1575 1451 67 35 och
1671 1450 166 35 rationell

235 1509 210 47 skogsdrift.
504 1509 73 35 Det
605 1508 114 44 torde,
751 1507 114 47 enligt
893 1507 104 35 fleras
1026 1505 160 47 mening,
1218 1506 47 34 ha
1293 1504 134 37 brustit
1455 1504 181 47 åtskilligt
1663 1503 14 35 i
1702 1504 70 35 den
1793 1515 44 24 av

235 1566 119 33 staten
397 1562 131 36 hittills
566 1562 219 35 handhavda
813 1560 260 48 skogsdriften.
1132 1560 111 34 Detta
1271 1560 102 34 torde
1402 1559 59 35 väl
1490 1559 45 34 då
1563 1557 14 36 i
1600 1560 124 44 någon
1754 1560 84 33 mån

236 1617 84 35 bero
363 1617 122 46 därpå,
530 1618 53 33 att
611 1616 71 34 den
711 1628 45 22 av
785 1618 119 32 staten
934 1614 120 36 skötta
1083 1612 246 48 skogsdriften
1359 1625 97 23 mera
1483 1612 81 35 haft
1592 1612 173 35 karaktär
1794 1624 43 23 av

236 1668 425 48 ämbetsmannamässigt
703 1669 84 35 ledd
829 1668 201 47 skogsvård
1071 1668 67 34 och
1181 1666 212 47 skogsskola
1436 1671 46 29 än
1525 1678 44 23 av
1598 1668 52 32 ett
1679 1665 159 47 verkligt

236 1724 185 46 praktiskt
462 1723 180 35 handhaft
683 1722 214 47 produktivt
926 1722 138 45 företag
1092 1720 13 36 i
1134 1724 74 32 stor
1247 1720 70 44 stil,
1349 1720 131 34 liksom
1510 1725 91 29 även
1630 1720 122 45 därpå,
1783 1721 54 33 att

236 1790 84 22 man
348 1777 81 36 icke
458 1780 119 32 ansett
606 1776 56 47 sig
690 1777 88 34 böra
815 1776 81 34 från
926 1778 138 33 statens
1095 1774 79 35 sida
1202 1786 127 34 genom
1360 1773 230 36 konkurrens
1619 1772 143 47 ingripa
1792 1774 47 45 på

237 1831 347 47 skogsmarknaden,
629 1842 76 23 som
749 1832 137 32 ansetts
914 1829 13 35 i
956 1828 193 35 huvudsak
1190 1827 146 36 tillhöra
1365 1828 70 34 den
1463 1826 167 36 enskilde
1659 1827 66 34 och
1753 1838 86 23 vara

236 1898 46 22 en
311 1886 130 34 domän
483 1884 55 35 för
580 1885 138 34 dennes
756 1882 330 37 förvärvsintresse.
1144 1882 74 34 Det
1247 1886 39 30 är
1315 1880 202 36 emellertid
1544 1880 207 46 uppenbart
1779 1879 59 35 ab-

238 1942 88 40 surt,
359 1942 53 32 att
454 1941 129 41 staten,
615 1949 75 24 som
721 1938 65 34 här
815 1938 65 34 har
908 1939 39 32 så
975 1939 96 32 stora
1099 1935 181 35 intressen
1310 1938 53 32 att
1392 1934 150 42 bevaka,
1574 1934 92 35 både
1695 1933 12 35 i
1737 1933 102 47 fråga

237 2005 56 23 om
322 1992 301 47 tillgodoseendet
652 2003 44 24 av
724 1991 143 35 bränsle
896 1993 37 32 åt
962 1990 127 43 folket,
1121 2002 44 22 av
1193 1989 205 35 råmaterial
1418 1988 55 35 för
1495 1988 178 42 bostäder,
1696 1987 144 46 anlägg-

237 2046 131 47 ningar
410 2058 45 22 m.
501 2058 59 31 m.,
606 2057 75 23 som
710 2044 67 36 ock
806 2044 13 35 i
848 2044 100 45 fråga
977 2056 55 23 om
1064 2046 53 32 att
1146 2042 37 35 få
1212 2043 97 34 hand
1338 2055 56 22 om
1424 2042 141 34 landets
1595 2044 95 32 stora
1718 2045 120 30 natur-

237 2099 74 47 liga
353 2099 215 48 hjälpkällor
610 2099 68 35 och
721 2102 52 31 att
815 2097 116 36 skaffa
959 2097 56 47 sig
1042 2097 212 43 inkomster,
1300 2099 53 32 att
1381 2099 117 31 staten
1526 2095 192 45 härvidlag
1746 2094 94 35 skall

238 2154 103 34 träda
368 2153 14 35 i
410 2153 112 35 andra
550 2156 156 32 rummet
734 2153 66 34 och
829 2155 111 32 sättas
967 2151 124 35 undan
1121 2150 55 35 för
1207 2149 168 35 enskilda
1402 2149 193 35 intressen-
1651 2148 57 35 En
1716 2143 23 58 i
1766 2151 74 32 stor

239 2207 60 35 stil
341 2207 213 47 genomförd
584 2205 123 48 statlig
735 2205 198 47 skogsdrift
961 2205 66 35 bör
1055 2204 56 35 för
1139 2206 80 33 vårt
1252 2203 77 35 folk
1358 2203 125 35 kunna
1511 2201 52 36 bli
1591 2201 57 36 till
1676 2202 163 36 ovärder-

239 2260 51 48 lig
332 2263 116 45 nytta.
507 2261 19 34 I
554 2260 113 36 första
711 2260 97 34 hand
851 2259 65 36 bör
957 2257 274 47 bränslefrågan
1274 2257 125 35 kunna
1427 2257 103 35 lösas.
1590 2256 87 35 Men
1706 2255 134 35 likaväl
