1880 2788
249 115 19 30 2
705 119 264 28 Statsutskottets
991 119 167 28 utlåtande
1181 128 38 19 nr
1240 122 47 27 90.

304 191 285 32 Deltidsanställd
611 193 281 32 hemvårdarinna
914 194 86 32 skall
1023 194 130 40 åtnjuta
1176 205 40 20 en
1238 195 57 30 lön
1319 205 40 21 av
1383 194 103 32 minst
1510 195 16 31 7
1550 194 125 32 kronor
1697 195 54 31 för

250 233 95 40 varje
364 234 56 31 hel
440 234 182 41 arbetsdag
641 235 81 32 eller
741 236 151 31 däremot
913 236 164 31 svarande
1098 237 125 40 belopp
1243 237 54 30 för
1318 237 53 31 del
1393 247 39 21 av
1454 236 188 41 arbetsdag,
1665 237 85 31 dock

251 277 50 29 att
320 276 124 31 hennes
466 276 57 31 lön
544 277 53 30 för
616 277 71 32 helt
706 279 37 29 år
763 278 28 40 ej
814 280 54 29 må
888 278 196 41 understiga
1106 280 48 30 ett
1174 279 125 41 belopp
1321 279 234 31 motsvarande
1576 278 98 32 lönen
1696 279 54 31 för

250 318 40 30 30
313 317 77 32 hela
414 318 229 41 arbetsdagar.

304 359 294 32 Hemvårdarinna
619 362 77 39 äger
718 361 75 31 utfå
815 361 184 41 ersättning
1022 362 53 30 för
1097 361 184 32 kostnader
1304 362 54 31 för
1379 373 94 21 resor
1495 362 11 31 i
1529 363 146 40 tjänsten
1698 373 51 21 en-

250 400 64 41 ligt
342 402 40 30 de
410 402 147 39 grunder
584 402 263 32 huvudmannen
875 404 53 30 för
955 403 448 41 hemhjälpsverksamheten
1431 404 210 32 bestämmer.
1671 405 78 31 Till-

250 443 69 32 lika
338 444 97 37 skall,
458 444 60 31 där
538 446 38 29 så
596 444 181 41 lämpligen
797 445 66 31 kan
884 445 67 37 ske,
974 445 125 31 telefon
1119 446 242 31 kostnadsfritt
1383 446 141 31 beredas
1546 447 119 31 henne.

304 485 218 42 Statsbidrag
544 487 53 31 till
622 487 188 31 avlönande
835 498 40 20 av
897 487 280 32 hemvårdarinna
1201 490 99 38 utgår
1324 488 52 30 för
1398 488 276 31 heltidsanställd
1697 489 52 31 be-

250 527 293 41 fatiningshavare
566 529 74 31 med
664 530 90 30 1400
777 529 125 32 kronor
924 540 53 20 om
1000 531 71 30 året
1094 530 53 30 för
1169 529 60 38 tid,
1253 529 106 32 under
1381 530 110 31 vilken
1513 530 236 41 befattningen

251 570 199 40 uppehålles
473 580 40 22 av
535 571 168 31 ordinarie
724 571 228 31 innehavaren
974 571 81 31 eller
1078 582 40 20 av
1141 571 127 32 vikarie
1290 571 75 31 med
1387 572 11 30 i
1420 571 224 41 kungörelsen
1667 573 81 31 före-

249 612 135 31 skriven
407 612 205 40 kompetens,
638 615 87 29 samt
749 613 55 30 för
827 613 276 31 deltidsanställd
1127 613 332 40 befattningshavare
1483 614 74 31 med
1581 614 19 31 3
1625 614 124 31 kronor

249 654 54 30 för
322 654 54 31 hel
398 654 182 40 arbetsdag
602 654 79 31 eller
702 655 151 30 däremot
867 655 164 31 svarande
1045 654 126 41 belopp
1185 655 52 30 för
1251 655 53 31 del
1318 666 41 21 av
1372 655 188 41 arbetsdag.
1574 656 175 41 Därjämte

248 695 98 32 skola
367 696 162 40 stadgade
550 696 234 41 ålderstillägg
805 697 63 31 och
890 697 298 40 ödemarkstillägg
1209 699 81 39 utgå
1312 708 41 20 av
1373 698 209 31 statsmedel.
1608 698 140 31 Oavsett

250 738 66 31 vad
332 738 141 31 sålunda
488 739 139 40 stadgas
642 741 52 29 må
707 739 221 41 statsbidrag,
945 739 183 32 oberäknat
1142 740 122 40 bidrag
1279 740 54 31 till
1348 739 232 42 ålderstillägg
1595 740 63 31 och
1674 740 73 32 öde-

248 779 243 42 markstillägg,
514 780 28 41 ej
566 780 53 31 till
641 783 110 38 någon
773 781 161 31 kommun
947 783 80 39 utgå
1039 781 77 31 med
1128 781 104 41 högre
1245 781 226 41 sammanlagt
1483 781 124 42 belopp
1621 784 40 28 än
1675 793 73 20 som

247 823 197 36 motsvarar,
458 822 65 31 vad
537 824 102 39 angår
652 823 76 31 stad
741 823 40 31 35
795 823 123 31 kronor
931 823 52 31 för
996 823 92 40 varje
1100 823 157 41 påbörjat
1269 824 182 31 hundratal
1465 834 40 20 av
1519 824 134 31 stadens
1668 823 81 32 folk-

249 864 124 40 mängd
392 864 71 38 och,
482 865 65 31 vad
566 867 103 38 angår
687 875 111 21 annan
816 865 167 39 kommun,
1004 866 39 30 70
1061 866 124 31 kronor
1205 867 53 29 för
1277 866 93 40 varje
1389 866 158 41 påbörjat
1566 865 182 32 hundratal

248 917 40 20 av
311 906 219 32 kommunens
553 907 204 40 folkmängd.
782 907 64 31 Om
867 907 194 41 synnerliga
1084 908 73 31 skäl
1180 908 115 31 därtill
1319 910 57 29 äro
1399 910 53 29 må
1474 908 274 40 socialstyrelsen

249 948 85 31 dock
354 948 154 41 medgiva
528 948 195 41 förhöjning
743 959 41 21 av
804 949 106 41 sagda
929 949 135 41 belopp.
1086 950 88 31 Från
1196 950 57 31 det
1274 949 145 32 sålunda
1438 949 192 32 beräknade
1651 952 96 29 stats-

247 990 157 40 bidraget
435 990 95 31 skola
564 991 56 30 vid
653 991 255 41 utbetalningen
932 992 121 40 dragas
1076 993 56 29 två
1154 992 197 31 femtedelar
1373 1002 40 21 av
1438 992 55 30 det
1515 991 134 41 belopp,
1675 1002 73 21 som

247 1032 133 31 influtit
399 1033 10 30 i
430 1032 145 41 avgifter
594 1033 52 30 för
665 1033 135 31 lämnad
819 1033 173 40 hemhjälp
1012 1033 106 31 under
1138 1033 65 31 den
1224 1034 51 31 tid
1295 1033 244 41 statsbidraget
1560 1044 105 20 avser.

302 1073 217 41 Statsbidrag
546 1076 53 29 må
627 1077 78 37 utgå
732 1075 120 31 endast
881 1075 158 31 försåvitt
1066 1076 252 31 vederbörande
1347 1077 176 40 landsting
1550 1077 83 31 eller
1661 1077 85 37 stad,

248 1126 73 20 som
342 1116 30 40 ej
395 1116 149 40 deltager
564 1116 11 31 i
596 1115 182 42 landsting,
800 1116 130 32 lämnar
951 1119 46 30 ett
1018 1117 122 41 bidrag
1160 1118 54 31 till
1235 1118 263 38 verksamheten,
1522 1130 72 20 som
1617 1121 130 39 uppgår

247 1157 53 32 till
335 1158 103 31 minst
473 1158 99 31 halva
607 1159 250 39 statsbidraget,
883 1159 234 41 ålderstillägg
1142 1160 62 31 och
1229 1160 300 42 ödemarkstillägg
1553 1161 193 31 oberäknat.

299 1199 173 37 Ansökan,
492 1211 73 20 som
583 1210 96 21 avser
697 1200 208 32 bedrivande
924 1212 39 20 av
982 1202 409 40 hemhjälpsverksamhet
1410 1203 11 30 i
1440 1203 158 30 kommun
1618 1205 43 39 på
1680 1203 67 31 lan-

248 1240 65 38 det,
339 1241 84 31 skall
450 1243 62 38 äga
536 1242 168 31 företräde
729 1242 73 31 före
826 1242 158 38 ansökan,
1011 1253 73 20 som
1109 1254 95 20 avser
1228 1244 207 31 bedrivande
1460 1255 41 21 av
1525 1245 107 31 sådan
1657 1245 89 31 verk-

247 1282 132 32 samhet
402 1283 11 30 i
436 1283 86 31 stad.

300 1357 219 41 Statsbidrag
541 1358 54 31 till
618 1358 104 31 social
745 1359 408 40 hemhjälpsverksamhet
1176 1360 60 31 har
1259 1361 111 40 utgått
1393 1361 40 31 fr.
1459 1372 28 20 o.
1512 1372 40 20 m.
1577 1361 170 32 kalender-

247 1409 73 30 året
336 1408 89 31 1944.
441 1408 117 42 Enligt
574 1408 199 42 riksdagens
789 1409 220 41 medgivande
1024 1409 68 32 fick
1108 1410 54 31 för
1178 1410 145 31 nämnda
1339 1412 37 29 år
1392 1412 80 40 utgå
1488 1411 122 42 bidrag
1625 1412 53 30 till
1695 1422 51 21 av-

246 1460 147 31 lönande
412 1470 39 21 av
469 1460 102 41 högst
588 1460 60 31 500
666 1460 299 32 heltidsanställda
984 1461 82 31 eller
1084 1463 45 29 ett
1149 1461 150 32 däremot
1318 1462 164 31 svarande
1501 1464 91 30 antal
1612 1463 135 32 deltids-

248 1511 169 31 anställda
443 1511 308 32 hemvårdarinnor.
778 1512 156 32 Nämnda
961 1512 91 32 antal
1078 1512 62 32 har
1165 1513 189 32 sedermera
1381 1514 96 32 ökats
1504 1515 76 31 med
1606 1515 61 31 500
1694 1516 53 31 för

246 1563 93 41 varje
357 1563 198 31 kalenderår
574 1563 62 31 och
655 1565 99 39 utgör
773 1564 54 31 för
846 1566 36 29 år
902 1564 79 31 1948
999 1564 103 41 högst
1120 1565 18 30 2
1151 1565 70 31 500.

296 1613 19 30 I
336 1614 259 40 propositionen
617 1613 143 31 föreslås
783 1613 139 31 fortsatt
943 1614 196 41 utbyggnad
1162 1625 40 20 av
1226 1615 65 30 den
1313 1616 127 30 sociala
1460 1616 284 41 hemhjälpsverk-

245 1664 175 31 samheten
438 1666 37 30 så
494 1667 51 29 att
562 1664 210 42 statsbidrag
789 1667 37 29 år
845 1665 80 31 1949
943 1665 86 31 skall
1048 1667 81 40 utgå
1146 1667 53 29 för
1216 1667 102 40 högst
1337 1668 19 29 2
1370 1668 60 30 800
1447 1668 298 31 heltidsanställda

244 1716 301 31 hemvårdarinnor
562 1716 81 31 eller
660 1717 154 31 däremot
830 1717 164 31 svarande
1011 1718 92 30 antal
1121 1718 301 32 deltidsanställda
1437 1720 305 31 hemvårdarinnor.

243 1767 128 32 Vidare
410 1768 143 31 föreslås
591 1768 143 41 höjning
772 1779 41 20 av
852 1769 363 41 minimiersättningen
1253 1771 53 30 till
1334 1771 296 32 deltidsanställda
1657 1773 87 30 hem-

243 1820 221 30 vårdarinnor
486 1820 73 30 från
582 1821 17 30 7
620 1820 53 30 till
695 1821 39 30 10
754 1820 124 31 kronor
900 1821 52 30 för
972 1821 182 40 arbetsdag
1175 1824 86 28 samt
1282 1824 238 30 motsvarande
1541 1825 141 40 höjning
1704 1834 39 21 av

243 1874 98 29 stats-
362 1872 62 31 och
443 1872 366 41 landstingsbidragen.
842 1873 19 30 I
881 1873 113 31 stället
1014 1873 53 30 för
1087 1884 45 20 nu
1152 1875 168 39 utgående
1341 1875 299 41 ödemarkstillägg
1661 1877 83 29 före-

243 1923 69 31 slås
333 1923 264 42 kallortstillägg
619 1924 106 41 enligt
746 1924 41 33 de
809 1925 54 30 för
883 1925 292 41 statstjänstemän
1195 1926 157 41 gällande
1374 1927 306 31 bestämmelserna.

294 2036 18 30 I
347 2036 167 31 samband
538 2036 78 31 med
638 2037 127 41 Kungl.
789 2037 118 42 Maj:ts
929 2038 128 41 förslag
1079 2039 62 30 har
1163 2039 171 31 utskottet
1357 2039 52 31 till
1432 2040 209 41 behandling
1663 2041 84 31 före-

244 2086 73 31 haft
352 2097 41 20 en
426 2086 93 31 inom
554 2087 106 31 andra
691 2087 196 32 kammaren
921 2099 40 20 av
995 2088 78 31 herr
1106 2089 174 40 Adolfsson
1308 2089 64 32 och
1395 2090 52 31 fru
1470 2090 158 32 Linderot
1648 2091 99 31 väckt

245 2136 132 31 motion
401 2136 57 42 (IT:
471 2137 82 41 440),
577 2137 71 31 vari
671 2138 205 38 hemställts,
900 2141 49 29 att
971 2139 184 41 riksdagen
1172 2141 104 30 måtte
1292 2140 54 31 för
1362 2140 279 32 deltidsanställd
1657 2141 89 31 hem-

242 2187 205 31 vårdarinna
480 2188 170 31 fastställa
683 2200 41 19 en
758 2188 193 32 minimilön
983 2201 40 19 av
1048 2191 38 29 13
1109 2190 126 31 kronor
1256 2191 53 30 för
1332 2190 56 31 hel
1411 2191 182 41 arbetsdag
1616 2192 63 30 och
1703 2203 42 20 en

244 2237 258 32 minimitimlön
525 2250 40 19 av
591 2240 15 29 1
630 2239 107 31 krona
761 2239 40 31 75
825 2241 57 29 öre
906 2242 87 28 samt
1016 2241 50 30 att
1088 2240 257 32 vederbörande
1370 2241 132 31 utskott
1525 2243 105 30 måtte
1653 2242 93 31 såväl

242 2289 155 30 närmare
424 2289 148 31 utforma
594 2290 195 39 grunderna
811 2290 53 31 för
887 2289 42 32 de
953 2290 138 40 statliga
1113 2290 165 42 bidragen
1303 2302 73 20 som
1400 2292 151 41 företaga
1574 2292 66 31 den
1663 2302 83 30 upp-

242 2338 147 41 räkning
411 2350 39 19 av
473 2339 304 42 förslagsanslaget
800 2340 53 31 till
876 2340 120 41 bidrag
1019 2341 53 30 till
1088 2341 190 31 avlönande
1295 2353 40 19 av
1351 2341 303 32 hemvårdarinnor
1670 2352 74 20 som

242 2390 49 29 ett
313 2388 96 32 bifall
432 2389 53 31 till
507 2390 198 41 yrkandena
726 2392 63 39 gör
812 2390 223 42 erforderligt.
