2152 2558
526 195 241 32 Sammansatta
789 193 99 31 Stats-
911 194 56 30 och
990 194 256 40 Lag-Utskottets
1270 191 169 32 Memorial
1464 190 61 32 N:o
1547 194 27 29 4.
1794 194 13 26 1

972 636 90 40 N:o
1089 636 45 41 4.

851 791 77 29 Ank.
953 791 44 29 till
1021 790 101 29 Riksd.
1146 790 104 29 Kansli
1274 790 55 29 den
1355 791 37 27 16
1416 791 59 36 Maj
1501 791 91 36 1878,
1616 791 41 28 kl.
1684 791 13 27 1
1724 798 24 20 e.
1773 798 39 20 m,

445 937 204 42 Memorial,
679 935 191 48 angående
900 935 158 49 arfvode
1085 935 55 35 till
1169 935 70 35 den
1267 933 45 48 af
1342 933 189 36 Utskottets
1559 940 156 40 antagne
1742 933 115 35 sekre-

642 993 119 29 terare
788 999 44 22 m.
861 998 46 22 Mm.

376 1138 277 37 Sammansatta
681 1138 118 36 Stats-
827 1137 67 35 och
924 1136 306 48 Lag-Utskottet,
1259 1148 80 22 som
1369 1135 54 35 till
1454 1135 68 35 sitt
1550 1133 149 37 biträde
1728 1136 126 32 såsom

240 1191 230 35 sekreterare
512 1189 142 47 antagit
694 1188 79 35 vice
814 1186 355 48 Häradshöfdingen
1213 1185 40 37 C.
1291 1183 41 38 G.
1366 1184 156 44 Edman,
1551 1184 68 44 får,
1648 1183 113 36 sedan
1792 1183 64 36 Ut-

242 1242 140 34 skottet
411 1252 48 22 nu
490 1239 154 36 afslutat
672 1239 78 35 sina
779 1238 183 45 göromål,
991 1237 211 43 hemställa,

696 1294 54 30 att
783 1288 214 47 Riksdagen
1026 1288 119 35 såsom
1175 1286 208 45 ersättning
1413 1284 127 37 härför
1569 1288 114 32 måtte
1712 1283 144 36 tilldela

645 1340 80 34 vice
760 1336 356 49 Häradshöfdingen
1153 1336 142 37 Edman
1337 1342 54 29 ett
1427 1335 158 36 arfvode
1614 1334 37 36 af
1678 1334 180 49 fyrahun-

647 1389 65 35 dra
741 1388 155 44 kronor;

242 1440 208 47 hvarjemte
478 1439 203 42 Utskottet,
709 1451 77 23 som
816 1437 58 37 för
901 1439 57 35 sin
990 1438 232 48 uppassning
1250 1436 131 35 anlitat
1408 1433 314 50 Lag-Utskottets
1749 1434 108 36 vakt-

243 1496 176 37 mästare,
448 1488 57 36 får
534 1489 205 44 hemställa,

687 1545 55 29 att
770 1539 169 35 bemälde
968 1539 250 35 vaktmästare
1250 1539 116 32 måtte
1396 1534 128 36 derför
1552 1534 143 36 erhålla
1712 1548 44 21 en
1773 1547 83 34 gra-

644 1590 186 34 tifikation
872 1588 38 36 af
954 1588 128 36 femtio
1123 1588 138 34 kronor
1303 1586 54 34 till
1401 1586 73 34 lika
1514 1584 216 49 fördelning
1771 1586 85 35 dem

644 1639 167 36 emellan.

377 1739 216 36 Stockholm
624 1739 70 36 den
727 1741 43 33 16
801 1738 70 48 Maj
903 1741 107 34 1878.

661 1840 52 35 På
740 1838 277 37 Sammansatta
1045 1838 215 36 Utskottets
1289 1845 158 40 vägnar:

627 1939 109 36 ROB.
768 1938 354 39 MONTGOMERY
1152 1937 329 38 CEDERHIELM.

330 2301 77 31 Bih.
430 2301 51 31 till
505 2301 110 30 Riked.
638 2301 87 30 Prot.
750 2301 91 29 1875.
886 2301 20 29 4
929 2298 100 33 Saml.
1073 2301 21 28 2
1116 2301 76 36 Afd.
1238 2303 23 30 4
1289 2301 92 35 Häft.
