1938 2846
128 1204 137 25 Motionen

140 1248 34 17 nr
194 1239 59 26 1352.

138 2268 138 24 Motionen

151 2311 33 17 nr
205 2304 59 23 133.

293 206 39 29 10
693 199 389 31 Konstitutionsutskottets
1100 197 156 28 utlåtande
1273 196 44 28 Nr
1336 196 43 27 11.

336 286 170 31 Utskottet
525 284 93 31 delar
637 283 50 31 till
707 283 85 30 fullo
812 282 41 30 de
873 280 224 40 synpunkter,
1118 288 75 21 som
1213 276 137 32 förlidet
1369 275 37 31 år
1426 274 167 31 uttalades
1611 281 42 23 av
1673 270 106 32 första

292 341 220 29 kammarens
534 337 105 31 första
662 335 169 38 tillfälliga
853 335 140 29 utskott.
1026 332 83 31 Vårt
1129 332 82 30 land
1232 331 63 30 bör
1316 329 104 39 enligt
1441 328 181 30 utskottets
1643 324 138 38 mening

293 393 76 30 icke
393 392 190 30 försumma
608 393 49 27 att
681 389 153 38 begagna
858 388 42 29 de
924 386 169 35 tillfällen,
1119 394 74 21 som
1218 382 161 39 erbjudas
1403 385 49 27 att
1477 381 94 30 inom
1597 378 185 31 förbundet

295 446 115 30 arbeta
435 445 54 31 för
513 443 187 40 tryggande
724 451 41 21 av
791 440 185 32 nationella
1000 438 228 31 minoriteters
1251 437 67 30 rätt
1340 435 95 31 inom
1461 435 41 30 de
1526 436 102 28 stater
1651 433 42 30 de
1717 431 69 31 till-

295 501 94 30 höra.
424 498 179 32 Likaledes
625 497 63 31 bör
712 495 78 31 från
813 495 123 31 svensk
961 493 83 37 sida,
1067 493 11 31 i
1102 490 263 39 fortsättningen
1388 488 125 32 liksom
1537 487 130 36 hittills,
1691 485 89 40 prin-

295 555 98 39 cipen
424 564 57 21 om
512 552 220 32 nationernas
763 548 390 42 självbestämningsrätt
1183 546 141 31 hävdas.
1367 544 13 31 I
1411 544 92 31 detta
1533 540 250 38 sammanhang

294 618 100 21 anser
417 608 48 38 sig
488 608 163 30 utskottet
673 606 84 30 böra
779 602 196 37 framhålla,
998 606 49 27 att
1070 600 144 38 Sverige,
1237 598 136 31 särskilt
1396 605 122 31 genom
1543 596 56 31 sitt
1623 594 159 30 medlem-

297 663 84 37 skap
400 661 10 30 i
429 659 277 35 förbundsrådet,
724 658 44 39 på
787 659 41 29 de
847 660 132 28 senaste
998 655 81 31 åren
1099 654 63 30 fått
1179 653 134 31 tillfälle
1330 655 49 27 att
1397 651 104 30 verka
1519 650 10 30 i
1549 651 65 29 den
1634 647 149 38 riktning

296 714 177 31 motionen
497 722 98 22 avser
619 712 57 31 vid
700 709 299 40 handläggningen
1023 718 42 21 av
1091 708 42 30 de
1157 706 124 31 talrika
1306 704 115 40 frågor
1446 714 43 20 av
1513 703 112 30 denna
1649 700 135 31 beskaf-

297 769 128 35 fenhet,
444 777 75 22 som
538 766 95 31 rådet
653 765 75 32 haft
746 768 49 28 att
813 763 182 32 behandla.
1027 762 170 31 Utskottet
1215 762 38 29 är
1271 760 185 38 övertygat,
1475 761 49 28 att
1544 756 122 38 Kungl.
1687 753 98 40 Maj:t

298 822 146 39 alltjämt
469 821 78 30 med
573 818 309 41 uppmärksamhet
907 816 100 40 följer
1032 814 219 40 spörsmålets
1277 811 203 39 utveckling.
1518 810 67 31 För
1610 810 65 30 den
1702 809 82 29 hän-

299 876 91 30 delse
408 876 55 30 det
482 875 109 30 skulle
608 873 72 31 visa
698 873 49 38 sig
764 870 296 38 ändamålsenligt,
1078 872 49 27 att
1144 868 134 38 Sverige
1296 869 93 36 tager
1406 865 103 38 något
1526 863 145 31 initiativ
1688 863 10 30 i
1716 863 69 29 det-

300 938 133 21 samma
458 946 45 4 —
529 936 79 21 vare
636 926 49 38 sig
712 925 51 31 till
788 924 222 31 inskrivande
1035 932 42 21 av
1106 921 144 31 berörda
1279 919 172 39 principer
1476 918 11 30 i
1513 914 273 34 förbundsakten

300 983 80 29 eller
397 991 42 21 av
457 990 116 21 annan
592 983 52 28 art
661 998 45 4 —
723 980 79 38 äger
819 978 123 38 Kungl.
962 975 100 40 Maj:t
1080 976 106 30 redan
1204 981 123 31 genom
1347 972 199 38 riksdagens
1566 969 161 31 skrivelse
1745 977 42 21 av

305 1037 79 29 1921
414 1035 196 31 kännedom
638 1043 57 22 om
723 1036 49 28 att
797 1032 183 38 riksdagen
1006 1029 110 32 skulle
1144 1028 96 31 hälsa
1268 1037 42 21 en
1338 1025 107 32 sådan
1471 1024 119 40 åtgärd
1617 1024 78 30 med
1723 1022 63 31 till-

302 1089 249 31 fredsställelse.
583 1088 115 30 Under
717 1085 129 32 sådana
864 1084 242 32 förhållanden
1124 1082 96 32 torde
1239 1080 112 39 någon
1370 1079 147 39 förnyad
1537 1075 252 38 framställning

303 1142 77 31 från
399 1143 76 30 dess
496 1142 73 30 sida
589 1140 74 31 icke
683 1149 80 21 vara
784 1149 41 20 av
845 1139 146 30 behovet
1012 1136 170 40 påkallad.

347 1196 14 30 I
379 1195 176 31 motionen
573 1204 40 21 nr
634 1195 59 29 152
712 1193 137 31 beröres
867 1190 203 40 spörsmålet
1088 1199 56 21 om
1168 1197 173 22 »rasernas
1361 1184 250 40 likställighet»>.
1642 1182 52 32 Då
1713 1183 78 29 herr

304 1250 200 37 Lindhagen
531 1248 10 30 i
569 1258 42 20 en
637 1247 131 30 motion
796 1246 56 31 vid
882 1246 82 29 1922
990 1244 55 31 års
1072 1243 136 38 riksdag
1237 1240 189 32 framförde
1453 1248 131 22 samma
1612 1231 178 48 spörsmål,

304 1303 133 39 yttrade
459 1302 107 31 första
588 1302 220 29 kammarens
831 1299 106 30 första
960 1297 169 39 tillfälliga
1152 1296 142 31 utskott:

352 1364 189 31 »Utskottet
571 1363 201 31 instämmer
803 1362 11 30 i
843 1362 66 30 den
938 1370 42 21 av
1011 1359 214 31 motionären
1258 1356 150 32 uttalade
1437 1353 275 41 uppfattningen,
1744 1353 48 28 att

305 1408 231 32 förhållandet
555 1408 11 30 i
585 1417 43 21 av
648 1407 216 31 motionären
882 1404 148 39 angivna
1050 1403 220 31 hänseenden
1289 1402 126 29 mellan
1435 1400 66 30 den
1521 1398 68 31 vita
1608 1405 98 22 rasen
1728 1395 64 30 och

305 1453 116 40 övriga
443 1462 92 22 raser
557 1454 99 37 utgör
677 1461 42 21 en
741 1450 106 39 fråga,
870 1459 74 22 som
967 1450 37 30 är
1026 1447 143 40 förtjänt
1190 1456 42 21 av
1254 1447 65 30 den
1342 1447 122 29 största
1486 1440 308 42 uppmärksamhet

306 1500 65 30 och
389 1508 77 22 vars
485 1498 178 31 ordnande
683 1497 10 31 i
713 1496 148 39 enlighet
880 1495 78 31 med
978 1493 253 31 humanitetens
1250 1492 65 30 och
1335 1491 128 30 rättens
1483 1490 83 30 krav
1586 1490 37 29 är
1643 1487 53 31 för
1717 1485 76 31 hela

307 1543 274 39 mänskligheten
607 1552 42 21 av
676 1544 141 37 yttersta
844 1540 81 30 vikt.
963 1539 170 31 Utskottet
1160 1547 98 21 anser
1286 1535 197 36 emellertid,
1511 1537 49 28 att
1586 1534 56 30 det
1668 1532 30 38 ej
1726 1531 67 30 kan

306 1598 81 21 vara
410 1588 165 38 lämpligt,
600 1591 48 27 att
672 1586 192 38 riksdagen,
888 1584 44 39 på
956 1585 65 29 sätt
1044 1582 215 31 motionären
1284 1579 152 37 föreslår,
1460 1580 60 37 gör
1544 1575 251 37 framställning

307 1634 50 30 till
377 1634 196 37 regeringen
593 1642 57 20 om
671 1641 41 21 en
733 1629 221 40 diplomatisk
974 1628 119 31 aktion
1111 1628 11 29 i
1143 1626 130 39 frågan.
1307 1625 64 31 Det
1390 1624 108 30 måste
1519 1623 145 35 befaras,
1685 1624 49 27 att
1753 1629 41 20 en

309 1678 107 30 sådan
440 1677 120 38 åtgärd
586 1676 77 30 från
690 1675 74 31 vårt
790 1675 91 35 land,
907 1683 74 21 som
1007 1672 30 38 ej
1064 1672 63 29 har
1151 1670 106 39 några
1283 1677 85 30 egna
1395 1668 133 30 direkta
1554 1666 165 31 intressen
1746 1663 49 31 uti

309 1723 225 31 förevarande
563 1721 205 34 hänseende,
796 1719 76 30 icke
901 1718 109 31 skulle
1038 1716 157 31 medföra
1223 1714 127 39 åsyftat
1379 1713 141 30 resultat
1548 1714 82 28 utan
1658 1718 138 23 snarare

309 1767 176 40 uppfattas
513 1766 113 31 såsom
655 1775 40 21 en
725 1764 242 31 ovälkommen
996 1762 65 31 och
1090 1760 183 39 opåkallad
1301 1757 226 38 inblandning
1554 1756 11 31 i
1593 1756 41 30 de
1660 1754 136 32 länders

310 1812 252 35 förhållanden,
578 1811 54 31 för
647 1810 92 30 vilka
756 1807 179 39 rasfrågan
951 1808 98 37 utgör
1065 1809 46 28 ett
1127 1805 69 31 lika
1212 1803 155 38 ömtåligt
1384 1812 73 22 som
1472 1801 144 31 aktuellt
1631 1799 164 40 problem.

311 1858 13 29 I
351 1856 92 40 varje
469 1856 60 30 fall
555 1856 87 30 lärer
668 1854 120 31 endast
813 1852 196 39 regeringen
1035 1859 81 22 vara
1142 1850 10 30 i
1179 1849 99 31 stånd
1303 1851 48 29 att
1376 1847 157 35 bedöma,
1560 1855 57 22 om
1644 1845 65 31 och
1735 1844 63 30 när

311 1911 42 20 en
373 1901 107 30 insats
503 1900 76 30 från
601 1900 122 29 svensk
745 1897 72 31 sida
840 1897 69 30 kan
930 1896 89 30 hava
1041 1895 105 30 utsikt
1167 1898 48 27 att
1238 1893 124 38 främja
1385 1892 41 31 de
1449 1892 112 38 syften
1582 1889 216 31 motionären

311 1955 125 22 avser.»

355 1998 176 31 Motionen
551 1997 76 30 blev
647 2005 42 21 av
709 1996 107 31 första
837 1994 202 30 kammaren
1059 1992 169 38 avslagen.
1262 1990 171 31 Utskottet
1453 1988 204 31 inskränker
1680 1986 49 40 sig
1748 1984 49 32 till

313 2056 59 33 att,
391 2052 108 31 under
519 2050 217 40 åberopande
756 2059 41 20 av
818 2048 106 31 första
945 2046 168 39 tillfälliga
1134 2046 181 30 utskottets
1335 2054 48 21 nu
1403 2043 173 39 återgivna
1595 2040 204 31 hemställan

315 2107 65 30 och
401 2106 109 30 under
531 2104 138 31 erinran
690 2113 57 21 om
769 2105 58 32 att,
850 2101 112 32 såsom
984 2111 88 21 ovan
1094 2100 207 34 omnämnts,
1323 2098 107 30 första
1451 2097 201 30 kammaren
1672 2094 128 40 jämväl

317 2159 138 32 förlidet
474 2159 38 30 år
532 2157 159 31 avvisade
713 2159 46 28 elt
781 2156 127 38 förslag
929 2155 10 30 i
961 2154 181 31 enahanda
1163 2151 161 39 riktning,
1347 2151 189 35 hemställa,
1559 2153 48 27 att
1627 2148 173 31 motionen

318 2213 74 31 icke
415 2212 104 31 måtte
543 2212 50 31 till
616 2211 112 39 någon
752 2210 199 38 riksdagens
974 2208 119 39 åtgärd
1117 2207 188 31 föranleda.

363 2267 51 31 Då
442 2267 9 30 i
477 2266 176 31 motionen
679 2275 41 20 nr
750 2265 60 30 153
838 2263 195 31 hemställes
1059 2272 57 20 om
1144 2259 145 32 initiativ
1317 2259 49 31 till
1394 2258 107 32 sådan
1528 2256 144 39 ändring
1698 2254 9 31 i
1734 2255 65 31 för-

319 2321 226 35 bundsakten,
568 2323 49 28 att
639 2320 65 30 den
727 2317 273 32 internationella
1020 2316 244 38 ovrustningen
1285 2315 96 29 bleve
1403 2315 172 37 upptagen
1597 2310 43 40 på
1661 2310 139 30 förbun-

320 2376 73 30 dets
415 2382 171 32 program,
610 2373 157 30 befinner
790 2372 48 39 sig
861 2370 215 31 motionären
1101 2369 49 30 till
1173 2379 42 20 en
1238 2367 68 32 viss
1329 2368 81 38 grad
1435 2366 10 30 i
1467 2363 336 34 överensslämmelse

320 2430 78 30 med
420 2430 65 30 den
506 2427 222 39 ståndpunkt,
750 2435 119 21 varom
890 2426 41 29 de
953 2424 145 31 svenska
1120 2422 264 31 statsmakterna
1406 2421 106 29 redan
1532 2421 105 28 enats.
1683 2417 14 30 I
1718 2416 83 31 riks-

321 2484 128 39 dagens
468 2482 219 31 merberörda
710 2479 161 32 skrivelse
891 2489 41 20 av
957 2479 83 29 1920
1062 2477 180 30 framhölls
1262 2474 172 40 nämligen
1454 2475 78 30 med
1554 2472 116 40 styrka
1692 2470 111 32 såsom

322 2540 46 28 ett
389 2537 138 31 svenskt
546 2534 188 36 önskemål,
759 2536 68 29 »att
848 2534 56 30 det
924 2533 114 30 arbete
1060 2531 53 31 för
1134 2540 42 21 en
1196 2529 182 32 universell
1399 2529 64 30 och
1484 2525 141 33 effektiv
1647 2525 157 39 begräns-
