1872 2826
226 172 111 30 Indra
352 172 196 29 kanamnuurens
589 171 91 30 andra
695 170 167 38 tillfälliga
875 170 134 30 utskotts
1024 168 164 31 utltatande
1201 178 39 19 nr
1257 170 50 30 10;
1321 167 129 37 bilagor.
1542 167 36 28 11

182 261 191 38 Stegringen
398 262 10 30 i
432 261 61 31 den
518 261 134 30 relativa
677 260 163 38 prisnivån
864 261 53 28 för
939 258 312 39 byggnadsmaterial
1276 256 107 31 under
1408 255 173 31 1920-talet

95 308 37 29 är
151 307 35 30 så
204 306 194 38 påfallande,
419 309 46 27 att
484 306 96 29 saken
599 316 77 20 vore
693 305 81 30 värd
793 315 39 20 en
851 306 148 28 närmare
1018 303 122 38 analys,
1159 313 65 20 som
1242 303 61 30 här
1322 302 28 38 ej
1372 302 64 29 kan
1455 301 126 30 kommu

98 353 9 28 i
133 352 103 37 fråga.
273 353 71 29 Den
370 351 162 30 allmänna
558 350 292 37 prisutvecklingen
878 348 103 31 under
1007 348 81 30 1920
1115 347 170 38 präglades
1310 348 12 29 i
1348 347 63 36 hög
1436 345 80 38 grad
1542 355 41 20 av

97 397 54 31 det
168 396 259 31 internationella
444 395 159 39 pristallet
621 397 43 36 på
682 394 350 38 jordbruksprodukter
1050 393 58 31 och
1127 392 205 31 industriella
1350 392 141 37 råvaror,
1511 400 72 20 men

98 442 54 31 det
177 442 57 30 vill
259 452 98 25 synas
383 451 65 21 som
475 451 50 20 om
552 452 38 19 en
618 440 194 36 fullständie
839 439 180 37 förklaring
1046 438 30 37 ej
1105 438 65 30 kan
1196 437 90 31 sökas
1313 438 11 30 i
1350 437 105 36 någon
1481 435 102 31 sådan

102 487 218 38 rörskjutning
346 496 40 20 av
411 486 348 33 kostnadsstrukturen,
786 495 68 20 som
877 484 142 39 speciellt
1046 483 99 31 skulle
1170 483 40 30 ha
1237 481 137 31 drabbat
1402 480 180 38 byggnads-

97 532 384 38 materialproduktionen
506 531 71 30 med
602 531 127 30 relativt
755 530 101 37 höjda
881 529 179 31 kostnader.
1099 528 115 37 Enligt
1239 527 39 31 de
1303 526 281 37 undersökningar

97 579 79 28 över
201 576 375 36 kostnadsutvecklingen
604 576 86 30 inom
716 575 84 31 olika
829 574 296 37 industrigrupper,
1155 583 66 20 som
1248 572 160 31 redovisas
1436 581 38 20 av
1502 571 80 29 1927

97 632 52 21 års
177 621 400 36 arbetslöshetsutredning
613 621 100 34 (SOU
743 620 159 37 1931:20,
932 630 23 19 s.
987 619 74 37 159)
1096 623 70 33 steg
1193 616 105 31 under
1327 616 168 38 krigsåren
1524 615 59 30 och

98 667 107 31 under
241 667 173 31 1920-talet
453 665 388 39 produktionskostnaden
867 674 60 28 per
953 663 199 37 volymenhet
1182 663 86 29 inom
1295 661 90 38 jord-
1415 661 57 30 och
1499 664 85 26 sten-

101 712 186 36 industrien,
316 721 69 21 som
414 712 177 36 inrymmer
619 714 49 29 ett
695 710 111 30 flertal
836 720 39 20 av
904 709 40 30 de
971 708 171 36 viktigaste
1171 705 412 40 byggnadsmaterialindu-

97 758 147 35 strierna,
264 756 170 33 väsentligt
454 765 134 28 svagare
606 757 41 29 än
667 754 224 38 genomsnittet
910 755 53 29 för
981 753 147 36 samtliga
1147 752 288 36 industrigrupper
1458 750 126 37 (index-

98 803 47 30 tal
168 803 79 29 1926
268 802 72 31 med
363 802 80 29 1913
465 811 66 20 som
552 801 73 31 bas:
648 801 59 29 148
730 801 51 29 för
803 800 87 37 jord-
913 799 57 31 och
990 797 264 41 stenindustrien,
1279 797 62 30 170
1362 797 53 29 för
1435 794 150 38 samtliga

101 848 311 36 industrigrupper),
442 846 103 30 under
573 845 54 32 det
657 849 48 27 att
732 844 287 39 produktpriserna
1048 843 87 30 inom
1164 841 141 31 nämnda
1334 840 250 37 industrigrupp

101 892 104 31 under
226 902 116 21 samma
368 891 112 38 period
503 891 81 30 hade
609 890 89 37 höjts
720 889 161 38 betydligt
905 889 144 30 starkare
1075 889 42 29 än
1140 886 256 39 genomsnittligt
1426 884 159 39 (indextal

101 938 97 30 1926:
222 938 58 29 186
304 937 53 30 för
379 936 89 38 jord-
493 937 57 29 och
574 935 222 36 stenindustri,
824 935 59 29 162
908 934 53 30 för
983 932 152 38 samtliga
1158 930 312 38 industrigrupper).
1507 929 77 30 Man

99 984 64 29 kan
187 983 160 37 knappast
373 981 110 37 undgå
507 981 172 39 intrycket,
706 983 46 28 att
776 980 107 30 under
907 978 173 31 1920-talet
1105 975 373 40 byggnadsmaterialens
1502 974 83 38 pris-

102 1027 180 38 utveckling
301 1026 83 31 hade
404 1026 107 30 starka
532 1025 262 38 monopolistiska
815 1024 118 37 inslag;
955 1023 61 30 den
1036 1022 57 30 vid
1115 1021 186 31 dåvarande
1322 1020 49 31 tid
1391 1019 109 38 livliga
1521 1018 64 31 dis-

99 1072 170 31 kussionen
287 1082 50 20 om
355 1072 63 31 den
437 1071 182 37 ”skyddade
637 1067 517 33 hemmamarknadsindustriens”
1173 1066 149 37 speciella
1341 1064 243 39 prisbildnings-

100 1118 190 36 betingelser
317 1117 111 30 kunde
456 1115 219 33 otvivelaktigt
706 1115 109 31 hämta
845 1113 141 38 exempel
1014 1113 78 29 från
1120 1109 465 40 byggnadsmaterialmarkna-

100 1163 111 29 derna.

183 1217 78 29 Man
281 1216 65 30 ken
367 1215 100 30 heller
486 1215 66 31 icke
571 1214 111 37 undgå
702 1214 169 38 intrycket,
895 1217 48 27 att
963 1212 294 39 prisutvecklingen
1280 1213 52 29 för
1352 1210 234 39 byggnadsma-

101 1262 91 30 terial
212 1260 102 32 under
335 1260 175 31 1920-talet
529 1259 75 31 stod
625 1260 11 30 i
658 1259 105 32 direkt
783 1258 157 31 samband
958 1258 71 30 med
1050 1256 370 39 byggnadsindustriens
1440 1255 56 32 och
1519 1256 67 29 sär-

101 1307 75 30 skilt
200 1305 327 38 bostadsbyggandets
551 1304 185 32 dåvarande
759 1304 126 30 villkor.
923 1303 110 31 Under
1058 1313 42 20 en
1124 1302 85 38 följd
1233 1312 40 21 av
1297 1302 47 36 år,
1371 1300 214 36 1916—1922,

101 1351 83 31 hade
201 1350 308 38 bostadsbyggandet
527 1350 87 36 legat
632 1350 43 37 på
693 1359 39 21 en
749 1349 128 37 mycket
895 1349 53 36 låg
965 1348 87 37 nivå;
1071 1346 426 39 byggnadsverksamhetens
1514 1355 73 27 pro-

102 1396 294 37 duktionsapparat
419 1395 84 30 hade
527 1395 51 29 till
603 1398 69 27 stor
697 1394 49 31 del
772 1393 200 31 demolerats.
1008 1391 114 32 Under
1149 1391 173 31 1920-talet
1349 1393 70 34 steg
1443 1389 144 31 bostads-

101 1442 133 30 behovet
259 1440 124 38 mycket
409 1440 110 30 starkt.
557 1437 419 40 Byggnadsverksamheten
1000 1437 71 36 gick
1098 1438 11 29 i
1134 1436 129 38 höjden,
1290 1445 74 20 men
1390 1435 102 30 under
1515 1434 72 30 hela

106 1486 170 30 1920-talet
301 1485 154 31 arbetade
480 1483 350 39 byggnadsindustrien
857 1482 105 31 under
988 1482 38 30 de
1053 1481 197 38 paradoxala
1276 1479 236 38 betingelserna
1540 1482 46 27 att

104 1541 76 20 vara
198 1532 19 29 å
236 1540 57 21 ena
310 1529 96 31 sidan
424 1529 103 32 starkt
547 1528 164 38 expansiv,
729 1529 19 30 å
766 1527 104 32 andra
888 1526 93 31 sidan
1000 1525 195 38 otillräcklig
1214 1526 10 30 i
1244 1525 95 37 fråga
1359 1534 49 20 om
1427 1524 157 37 kapacitet

102 1577 9 29 i
140 1575 199 31 förhållande
364 1575 49 30 till
436 1573 353 38 behovsutvecklingen.
825 1573 72 29 Den
921 1571 168 31 bestående
1113 1570 121 31 bristen
1259 1571 43 37 på
1326 1569 150 31 bostäder
1499 1568 89 30 med-

106 1621 88 31 rörde
217 1631 38 20 en
277 1619 236 31 fortskridande
536 1618 137 38 höjning
695 1628 39 20 av
754 1617 205 38 hyresnivån,
981 1620 80 27 trots
1084 1614 181 39 sjunkande
1286 1614 120 31 allmän
1428 1613 79 38 pris-
1529 1612 60 31 och

101 1664 369 32 levnadskostnadsnivå.
504 1664 122 30 Genom
649 1663 105 31 denna
774 1662 187 38 utveckling
980 1660 157 39 skapades
1159 1659 274 37 förutsättningar
1454 1658 55 30 för
1530 1658 59 30 allt

102 1711 54 31 det
171 1710 115 37 oskiek,
302 1720 68 20 som
386 1711 10 29 i
411 1710 35 30 så
460 1709 61 38 hög
537 1708 82 39 grad
635 1707 154 39 präglade
804 1705 369 40 byggnadsmarknaden
1188 1704 106 31 under
1308 1703 280 38 högkonjunktur-

104 1759 76 27 åren
205 1755 104 31 under
332 1764 114 21 senare
471 1753 91 31 delen
588 1763 40 21 av
657 1753 173 31 1920-talet
854 1752 61 30 och
940 1761 66 21 som
1032 1755 58 33 tog
1114 1751 50 32 sig
1187 1749 132 38 uttryck
1347 1748 66 31 icke
1439 1748 112 31 endast
1580 1748 7 29 i

102 1800 254 38 prissättningen
381 1800 43 37 på
448 1798 313 38 byggnadsmaterial
787 1800 79 28 utan
894 1796 92 31 också
1012 1797 10 29 i
1049 1794 264 38 lönebildningen
1341 1793 58 31 och
1426 1793 163 37 tomtpris-

103 1846 185 36 bildningen
315 1849 83 26 samt
427 1845 11 29 i
465 1843 61 31 den
555 1843 117 36 hetsigt
701 1842 203 38 spekulativa
931 1841 194 30 karaktären
1153 1840 58 29 hos
1238 1838 350 38 byggnadsföretagar-

102 1890 247 31 verksamheten.

187 1936 110 31 Under
318 1936 176 30 1930-talet
515 1936 59 30 har
595 1936 220 36 utvecklingen
836 1935 86 31 varit
944 1945 38 20 en
1004 1944 119 20 annan.
1157 1932 433 39 Byggnadsverksamhetens

104 1981 375 38 produktionskapacitet
506 1980 59 30 har
592 1980 126 30 kunnat
744 1980 88 30 hålla
859 1979 109 30 takten
995 1979 72 30 med
1095 1977 357 37 behovsutvecklingen,
1480 1976 110 38 hyres-

105 2026 99 31 nivån
230 2027 59 29 har
313 2026 85 30 varit
426 2026 10 30 i
463 2029 79 27 stort
568 2029 65 27 sett
658 2025 105 30 stabil.
804 2025 110 30 Såsom
942 2024 145 36 framgår
1114 2034 38 19 av
1179 2021 211 32 ovanstående
1417 2021 85 31 tablå
1529 2021 62 30 har

104 2070 371 39 hyggnadsmaterialens
493 2070 138 30 relativa
650 2070 142 37 prisnivå
813 2069 127 37 sjunkit
961 2069 56 30 och
1039 2069 53 35 låg
1113 2068 79 30 1939
1216 2068 37 29 10
1275 2071 135 33 procent
1430 2066 56 30 och
1509 2066 80 30 1942

107 2127 64 19 mer
198 2118 41 29 än
266 2117 38 28 20
332 2120 135 34 procent
492 2116 90 36 ligre
609 2116 42 29 än
681 2115 89 37 1930,
797 2114 100 30 vilket
924 2113 94 38 tyder
1044 2113 43 37 på
1116 2112 190 38 fortgående
1334 2111 258 37 rationalisering

104 2162 58 29 och
185 2162 9 29 i
216 2161 90 37 varje
331 2160 60 30 fall
412 2160 68 31 icke
502 2160 223 37 förstärkning
745 2170 38 19 av
804 2158 368 38 monopoltendenserna.

189 2207 207 31 Beträffande
420 2207 143 38 speciellt
589 2207 224 37 utvecklingen
839 2206 107 30 under
971 2206 37 31 de
1033 2209 127 27 senaste
1185 2205 77 30 åren
1290 2214 40 20 av
1356 2203 235 38 byggnadsma-

107 2252 240 38 ierialpriserna
366 2253 52 29 må
439 2252 59 30 här
517 2252 151 30 hänvisas
687 2252 48 29 till
754 2252 60 30 den
835 2250 250 37 framställning,
1106 2259 66 20 som
1193 2249 96 36 givits
1309 2250 11 29 i
1341 2249 89 29 förut
1449 2247 142 31 nämnda

107 2296 196 31 betänkande
326 2297 84 29 SOU
436 2297 126 29 1944:7
594 2297 38 36 (s.
658 2297 59 29 173
741 2296 71 36 ff.).
849 2296 70 29 Den
942 2294 190 38 prispolitik,
1155 2303 66 20 som
1244 2292 179 37 tillämpats
1446 2302 39 19 av
1509 2292 83 36 pris-

106 2341 298 31 kontrollnämnden
424 2340 125 31 särskilt
571 2341 76 29 från
665 2340 112 30 hösten
798 2340 79 29 1942
897 2339 60 30 har
975 2337 222 37 otvivelaktigt
1217 2336 175 36 inneburit,
1414 2340 46 27 att
1479 2336 10 29 i
1509 2336 83 29 vissa

109 2386 53 30 fall
178 2386 137 37 tidigare
330 2385 170 30 bestående
515 2384 283 37 vinstmarginaler
813 2384 146 37 krympts
975 2383 56 30 och
1049 2386 46 26 att
1115 2381 248 38 möjligheterna
1380 2383 49 30 att
1444 2380 149 37 utnyttja

106 2441 36 19 en
166 2430 309 37 monopolställning
495 2429 194 30 reducerats.

191 2476 14 28 I
228 2475 103 30 vilken
356 2474 80 33 «rad
458 2473 255 38 monopolinslag
738 2473 139 30 förekom
901 2473 9 30 i
934 2471 254 38 prisbildningen
1212 2471 43 37 på
1278 2469 315 37 byggnadsmaterial
