1884 2824
246 151 115 30 Andra
373 151 198 30 kammarens
582 150 121 31 andra
715 149 168 39 tillfälliga
894 149 138 30 utskotts
1043 146 169 32 utlåtande
1224 156 41 20 nr
1276 149 54 35 10;
1343 145 131 38 bilagor.
1563 144 37 31 37

200 241 420 38 Byggnadsverksamheten
637 239 277 32 kännetecknades
930 239 104 31 under
1047 236 347 40 högkonjunkturåren
1412 236 71 30 före
1500 234 102 38 kriget

118 296 38 21 av
177 296 38 21 en
236 286 178 38 utpräglad
435 286 281 37 säsongvariation.
738 286 112 29 Denna
870 284 233 37 omständighet
1123 284 38 29 är
1181 283 11 30 i
1211 282 58 30 och
1289 282 53 29 för
1358 281 51 37 sig
1426 280 107 38 ägnad
1553 283 49 27 att

117 332 98 30 verka
237 330 324 39 kostnadsstegrande
582 331 57 30 och
661 330 132 30 innebär
812 329 169 37 samtidigt
1002 337 40 22 ur
1061 326 357 39 byggnadsarbetarnas
1440 324 163 39 synpunkt

117 376 169 38 allvarliga
303 376 212 38 olägenheter.
533 376 109 30 Under
657 375 106 38 kriget
780 375 68 36 har,
864 375 100 29 såsom
982 374 90 30 också
1089 373 10 30 i
1116 371 165 31 motionen
1298 369 202 39 framhållits,
1516 369 41 31 bl.
1575 380 25 19 a.

118 431 113 28 genom
251 421 194 30 medverkan
467 431 42 20 av
528 424 120 27 statens
667 419 321 38 byggnadslånebyrå
1007 429 40 20 en
1067 418 63 30 viss
1150 416 184 38 utjämning
1354 426 38 20 av
1412 415 190 37 säsongväx-

117 468 152 36 lingarna
290 466 223 38 åvägabragts.
536 466 61 30 Det
617 467 37 29 är
674 465 102 38 enligt
795 464 171 38 styrelsens
986 462 130 38 mening
1135 462 166 37 önskvärt,
1321 464 48 29 att
1387 460 217 31 strävandena

118 512 50 30 till
190 522 38 20 en
249 511 301 38 säsongutjämning
570 510 163 38 fullföljas
752 510 55 31 och
830 509 187 31 förstärkas.
1040 509 58 30 Ett
1118 507 52 31 led
1192 508 10 30 i
1223 507 89 30 detta
1333 505 108 32 arbete
1462 515 72 21 vore
1555 508 47 27 att

118 556 70 31 med
217 556 153 38 lämpliga
396 556 103 31 medel
526 555 164 31 motverka
715 553 331 39 bostadsbyggandets
1071 552 181 38 inriktning
1279 552 9 29 i
1315 550 142 31 framför
1482 549 55 33 allt
1564 549 39 31 de

118 603 101 29 större
238 603 180 29 tätorterna
436 602 41 37 på
497 601 112 30 endast
628 611 39 20 en
685 610 24 21 s.
729 600 28 30 k.
778 599 120 38 fardag
917 609 41 20 av
976 597 167 38 betydelse,
1162 597 163 37 nämligen
1344 596 62 31 den
1427 597 15 28 1
1463 594 138 32 oktober.

122 648 66 29 Den
206 646 261 38 toppbelastning
486 646 29 37 ej
536 646 79 32 blott
634 646 88 29 inom
741 643 367 39 bostadsproduktionen
1126 645 80 28 utan
1225 643 80 29 även
1323 642 84 30 inom
1427 640 53 32 det
1499 639 105 31 lokala

118 691 326 38 transportväsendet,
470 701 67 20 som
562 700 38 21 en
626 690 90 37 dylik
741 689 177 30 irrationell
945 688 138 37 ordning
1108 686 199 38 framkallar,
1333 686 101 30 måste
1458 685 146 30 medföra

116 736 184 38 betydande
320 736 201 31 ekonomiska
539 735 210 37 olägenheter.
770 735 71 29 Den
859 734 110 30 starka
988 731 314 39 säsongvariationen
1321 732 86 29 inom
1424 728 179 39 byggnads-

117 781 255 38 verksamheten,
393 780 110 30 vilken
522 780 130 31 särskilt
673 779 70 32 före
762 778 104 38 kriget
886 777 186 32 föranledde
1091 788 38 20 en
1151 775 199 33 omfattande
1370 773 232 39 säsongarbets-

118 827 111 36 löshet,
253 825 178 38 medförde,
454 826 102 30 såsom
577 828 46 27 ett
645 824 144 31 studium
814 834 37 20 av
873 822 185 39 tillgänglig
1079 820 215 32 lönestatistik
1317 820 95 38 visar,
1435 823 46 29 att
1504 818 98 38 bygg-

117 871 268 31 nadsarbetarnas
403 871 226 30 årsinkomster
646 871 11 30 i
675 870 86 38 regel
779 869 65 30 icke
861 868 110 31 kunde
989 867 169 31 betecknas
1175 877 68 20 som
1261 866 90 38 höga,
1370 869 84 28 trots
1471 869 46 28 att
1532 864 71 30 tim-

118 916 237 37 förtjänsterna
370 916 71 38 lågo
456 916 99 37 högre
570 916 40 29 än
626 916 54 29 för
695 914 161 37 åtskilliga
870 913 104 31 andra
991 912 286 38 arbetargrupper.

203 970 16 30 I
243 969 155 32 samband
421 970 73 30 med
517 979 40 20 en
580 969 188 37 utjämning
791 979 39 19 av
851 969 193 36 säsongerna
1066 966 99 31 borde
1188 966 85 31 vissa
1294 964 206 39 möjligheter
1522 965 82 29 före-

120 1016 86 37 ligga
228 1019 50 26 att
300 1015 50 31 till
371 1014 161 38 prövning
554 1015 9 29 i
583 1013 222 31 samförstånd
825 1013 118 30 mellan
964 1011 135 31 berörda
1119 1014 113 35 parter
1251 1013 144 35 upptaga
1418 1010 117 37 frågan
1555 1019 48 21 om

119 1061 62 29 hur
200 1060 107 37 själva
327 1059 214 31 löneavtalens
560 1058 205 38 utformning
784 1057 152 31 inverkar
954 1058 42 37 på
1015 1056 394 39 byggnadskostnaderna.
1429 1055 63 31 Det
1512 1056 36 29 är
1567 1064 38 21 en

118 1105 122 30 allmän
257 1104 225 37 uppfattning,
503 1107 49 27 att
571 1103 102 37 själva
693 1102 237 31 löneformerna
948 1102 107 30 kunna
1074 1101 140 38 påverka
1233 1101 62 30 den
1314 1099 144 31 tekniska
1478 1098 126 31 utveck-

120 1150 110 37 lingen
251 1150 58 30 och
332 1148 300 37 rationaliseringen
654 1158 41 21 av
716 1146 294 39 byggnadsarbetet
1031 1146 79 31 både
1132 1147 11 30 i
1164 1145 119 38 positiv
1303 1145 56 31 och
1381 1144 126 38 negativ
1528 1143 77 31 rikt-

119 1195 88 37 ning.
233 1194 98 30 Detta
356 1193 100 38 gäller
478 1193 142 38 speciellt
643 1192 272 32 ackordsavtalen.
941 1192 64 30 Det
1029 1191 89 38 göres
1142 1190 136 31 sålunda
1301 1190 157 37 gällande,
1482 1193 48 27 att
1553 1188 53 31 det

119 1250 45 20 nu
180 1238 187 38 tillämpade
382 1241 153 35 systemet
551 1239 54 29 för
620 1237 222 31 ackordsavtal
857 1237 165 30 försvårar
1036 1247 37 21 en
1089 1235 251 38 effektivisering
1355 1245 39 20 av
1411 1234 122 31 arbetet
1549 1233 56 31 och

119 1284 189 30 införandet
330 1293 39 20 av
390 1293 65 28 nya
476 1283 117 31 arbets-
614 1283 58 30 och
693 1280 268 39 tidsbesparande
980 1280 150 31 metoder.
1154 1281 93 29 Inom
1269 1279 180 31 industrien
1471 1279 10 30 i
1503 1278 103 38 övrigt

119 1329 163 37 tillämpas
305 1339 38 20 en
365 1338 89 21 mera
476 1328 46 30 fri
544 1327 286 38 ackordssättning,
854 1327 59 30 och
934 1325 198 39 principiellt
1155 1325 115 31 träffas
1291 1326 11 29 i
1323 1324 93 38 varje
1439 1324 61 30 fall
1521 1323 85 31 avtal

119 1383 51 20 om
190 1376 76 35 nytt
286 1373 127 37 ackord,
434 1373 34 30 så
486 1377 91 26 snart
597 1372 205 33 arbetssättet
821 1371 127 31 ändras,
971 1371 118 30 Kunde
1110 1380 37 21 en
1167 1370 120 30 allmän
1307 1369 168 31 förståelse
1495 1368 110 30 vinnas

119 1419 88 29 inom
223 1417 347 38 byggnadsbranschen
587 1417 10 29 i
615 1416 217 31 samförstånd
847 1415 119 31 mellan
980 1415 135 31 berörda
1130 1417 114 35 parter
1260 1414 54 30 för
1328 1413 190 31 fördelarna
1534 1412 72 31 med

120 1473 37 21 en
178 1463 102 30 sådan
301 1463 100 30 friare
420 1462 148 37 ordning,
589 1461 102 31 skulle
712 1462 81 29 även
812 1460 353 38 byggnadsindustrien
1187 1460 58 29 och
1266 1458 38 31 de
1325 1458 161 31 anställda
1506 1457 101 38 draga

121 1511 92 34 nytta
238 1507 107 31 därav.
369 1508 63 30 Det
454 1516 95 28 synes
569 1506 158 37 styrelsen
750 1505 159 37 önskvärt,
934 1509 49 27 att
1006 1504 71 31 hela
1098 1504 109 31 denna
1229 1504 10 30 i
1262 1504 57 30 och
1342 1503 52 30 för
1415 1503 47 38 sig
1484 1502 121 38 mycket

119 1552 235 38 komplicerade
373 1552 58 30 och
448 1550 268 32 svårbedömbara
734 1550 92 37 fråga
843 1554 90 33 tages
950 1559 70 28 upp
1038 1549 50 30 till
1107 1559 37 21 en
1163 1547 158 39 ingående
1337 1546 170 40 prövning.

202 1605 76 30 Vad
296 1604 156 31 beträffar
470 1604 442 38 byggnadsmaterialfrågan,
930 1613 67 21 som
1016 1602 236 31 motionärerna
1268 1603 83 36 ägna
1368 1601 138 31 särskild
1525 1610 81 28 upp-

119 1650 218 31 märksamhet
353 1651 42 36 åt,
414 1650 116 30 önskar
545 1651 158 36 styrelsen
720 1650 173 31 framhålla
911 1649 161 38 följande:

203 1696 63 31 Det
287 1695 95 30 råder
403 1696 66 30 icke
489 1695 117 30 minsta
628 1696 117 29 tvekan
767 1706 48 20 om
836 1698 49 27 att
906 1694 443 38 konsumentkooperationen
1370 1704 109 21 ensam
1499 1693 77 30 eller
1596 1694 10 29 i

119 1740 190 30 samverkan
328 1740 71 30 med
419 1740 103 30 andra
541 1740 135 38 företag,
696 1740 87 31 vilka
802 1740 40 31 ha
861 1740 159 30 likartade
1037 1739 343 31 konsumentintressen
1399 1742 48 28 att
1464 1739 142 30 tillvara-

120 1788 77 33 taga
218 1784 10 30 i
249 1784 96 38 fråga
364 1795 49 20 om
433 1784 323 38 byggnadsmaterial,
777 1785 60 29 har
856 1788 89 27 stora
966 1784 276 38 förutsättningar
1262 1789 47 26 att
1329 1794 110 27 genom
1460 1793 79 28 egna
1560 1783 45 30 in-

120 1829 182 39 gripanden
321 1829 165 37 korrigera
502 1829 420 38 monopolprisbildningen.
941 1829 63 31 Det
1021 1829 61 31 kan
1100 1829 188 37 visserligen
1304 1828 121 37 tänkas,
1443 1832 48 27 att
1509 1827 98 31 redan

120 1884 39 20 en
173 1875 106 29 större
295 1874 198 37 offentlighet
508 1874 97 37 kring
620 1874 334 37 monopolföretagens
968 1873 368 38 prissättningsmetoder
1350 1877 83 27 samt
1449 1873 40 30 de
1504 1872 101 38 tryck,

121 1928 66 20 som
205 1918 65 31 den
289 1918 159 31 allmänna
466 1918 170 38 opinionen
654 1918 65 30 kan
737 1920 107 36 utöva,
863 1918 103 31 skulle
983 1918 65 30 visa
1067 1918 47 36 sig
1131 1928 77 20 vara
1226 1917 188 38 tillräckligt
1432 1918 52 29 för
1500 1921 47 27 att
1564 1918 42 36 på

120 1963 84 30 vissa
231 1962 154 31 områden
412 1962 144 30 avskaffa
582 1962 417 38 monopolprissältningen.
1028 1962 162 37 Styrelsen
1217 1962 101 30 häller
1345 1962 55 30 det
1428 1961 177 30 emellertid

120 2008 54 28 för
193 2007 79 37 föga
290 2007 167 36 sannolikt,
478 2011 47 27 att
544 2007 112 31 enbart
677 2006 189 38 vädjanden
883 2007 52 30 till
955 2007 39 31 de
1010 2006 257 38 monopolistiska
1285 2005 321 38 företagarimtressen

120 2052 56 30 det
196 2052 61 30 här
276 2052 99 37 gäller
392 2052 88 30 skola
501 2052 65 30 visa
588 2052 48 36 sig
656 2052 42 29 ha
719 2052 177 30 nämnvärd
918 2051 103 33 effekt,
1043 2050 221 39 Ingripanden
1284 2051 122 31 komma
1428 2050 178 38 säkerligen

120 2101 47 26 att
188 2097 68 29 visa
275 2097 48 36 sig
342 2096 222 38 erforderliga,
584 2097 57 29 och
660 2096 440 37 konsumentkooperationen
1121 2096 59 30 har
1198 2096 54 30 för
1269 2096 49 30 sin
1337 2096 50 31 del
1406 2095 99 31 redan
1525 2096 81 30 träf-

121 2142 48 29 fat
187 2141 83 31 vissa
288 2141 230 31 förberedelser
534 2142 120 29 härför.
673 2141 62 31 Det
752 2141 64 30 kan
834 2141 9 29 i
859 2141 90 30 detta
965 2140 230 38 sammanhang
1212 2140 123 30 erinras
1352 2150 48 20 om
1418 2144 48 27 att
1484 2140 122 37 Koope-

122 2186 103 29 rativa
246 2185 174 31 förbundet
436 2185 42 30 bl.
498 2196 26 20 a.
544 2185 96 31 sedan
656 2186 101 37 några
773 2186 38 29 år
827 2185 134 31 tillbaka
980 2184 209 31 tillsammans
1207 2185 70 30 med
1297 2194 37 20 en
1354 2184 122 31 enskild
1497 2184 109 30 intres-

121 2235 69 25 sent
213 2230 101 31 drivit
339 2234 45 26 ett
409 2230 128 37 företag
561 2231 50 29 för
634 2230 211 37 tillverkning
868 2240 39 20 av
931 2228 272 38 träfiberplattor.
1230 2229 276 30 Erfarenheterna
1532 2229 74 29 från

121 2274 91 30 detta
237 2274 174 31 samarbete
437 2274 40 30 ha
502 2279 67 32 gett
595 2274 53 30 vid
674 2274 137 37 handen,
838 2278 48 26 att
912 2273 52 31 det
990 2273 143 30 enskilda
1160 2272 311 38 företagarintresset
1498 2273 109 29 önskat

122 2318 140 30 inordna
283 2318 247 37 ifrågavarande
552 2319 122 35 företag
693 2319 9 29 i
723 2318 54 30 det
798 2318 81 29 inom
901 2317 175 30 branschen
1098 2317 144 30 rådande
1262 2317 245 30 kartellbundna
1527 2327 79 20 sam-

121 2362 135 31 arbetet.
279 2363 65 29 För
364 2366 46 26 att
433 2363 53 29 för
507 2362 175 30 framtiden
704 2361 187 31 säkerställa
912 2365 44 29 ett
978 2361 257 37 prisreglerande
1256 2361 192 37 inflytande,
1469 2360 139 31 obundet

122 2417 38 20 av
181 2407 121 30 sådana
324 2407 133 36 hänsyn,
480 2406 58 30 har
561 2405 212 38 Kooperativa
795 2405 176 31 förbundet
993 2406 9 30 i
1024 2405 141 37 dagarna
1189 2405 169 31 förvärvat
1381 2406 67 30 hela
1472 2406 134 36 ägande-

122 2453 107 29 rätten
251 2451 52 30 till
324 2450 251 38 ifrågavarande
597 2451 135 37 företag.
755 2449 222 38 IKooperativa
998 2449 173 31 förbundet
1192 2451 38 29 är
1250 2449 101 31 berett
1373 2454 48 27 att
1448 2450 4 30 i
1475 2450 73 30 mån
1569 2460 37 21 av
