<?xml version="1.0" encoding="UTF-8"?>
<alto xmlns="http://www.loc.gov/standards/alto/ns-v3#" xmlns:xlink="http://www.w3.org/1999/xlink" xmlns:xsi="http://www.w3.org/2001/XMLSchema-instance" xsi:schemaLocation="http://www.loc.gov/standards/alto/ns-v3# http://www.loc.gov/alto/v3/alto-3-0.xsd">
	<Description>
		<MeasurementUnit>pixel</MeasurementUnit>
		<sourceImageInformation>
			<fileName>/tmp/tess_ji22mct3_input.PNG</fileName>
		</sourceImageInformation>
		<OCRProcessing ID="OCR_0">
			<ocrProcessingStep>
				<processingSoftware>
					<softwareName>tesseract 5.3.0</softwareName>
				</processingSoftware>
			</ocrProcessingStep>
		</OCRProcessing>
	</Description>
	<Layout>
		<Page WIDTH="1872" HEIGHT="2820" PHYSICAL_IMG_NR="0" ID="page_0">
			<PrintSpace HPOS="0" VPOS="0" WIDTH="1872" HEIGHT="2820">
				<ComposedBlock ID="cblock_0" HPOS="284" VPOS="153" WIDTH="1354" HEIGHT="42">
					<TextBlock ID="block_0" HPOS="284" VPOS="153" WIDTH="1354" HEIGHT="42">
						<TextLine ID="line_0" HPOS="284" VPOS="153" WIDTH="1354" HEIGHT="42">
							<String ID="string_0" HPOS="284" VPOS="159" WIDTH="40" HEIGHT="30" WC="0.96" CONTENT="24"/><SP WIDTH="87" VPOS="159" HPOS="324"/>
							<String ID="string_1" HPOS="411" VPOS="158" WIDTH="117" HEIGHT="30" WC="0.94" CONTENT="Andra"/><SP WIDTH="13" VPOS="158" HPOS="528"/>
							<String ID="string_2" HPOS="541" VPOS="159" WIDTH="196" HEIGHT="30" WC="0.94" CONTENT="kammarens"/><SP WIDTH="11" VPOS="159" HPOS="737"/>
							<String ID="string_3" HPOS="748" VPOS="158" WIDTH="119" HEIGHT="30" WC="0.95" CONTENT="andra"/><SP WIDTH="12" VPOS="158" HPOS="867"/>
							<String ID="string_4" HPOS="879" VPOS="156" WIDTH="170" HEIGHT="39" WC="0.96" CONTENT="tillfälliga"/><SP WIDTH="10" VPOS="156" HPOS="1049"/>
							<String ID="string_5" HPOS="1059" VPOS="157" WIDTH="139" HEIGHT="30" WC="0.95" CONTENT="utskotts"/><SP WIDTH="10" VPOS="157" HPOS="1198"/>
							<String ID="string_6" HPOS="1208" VPOS="154" WIDTH="168" HEIGHT="32" WC="0.95" CONTENT="utlåtande"/><SP WIDTH="12" VPOS="154" HPOS="1376"/>
							<String ID="string_7" HPOS="1388" VPOS="164" WIDTH="41" HEIGHT="20" WC="0.96" CONTENT="nr"/><SP WIDTH="12" VPOS="164" HPOS="1429"/>
							<String ID="string_8" HPOS="1441" VPOS="156" WIDTH="55" HEIGHT="36" WC="0.96" CONTENT="10;"/><SP WIDTH="13" VPOS="156" HPOS="1496"/>
							<String ID="string_9" HPOS="1509" VPOS="153" WIDTH="129" HEIGHT="38" WC="0.95" CONTENT="bilagor."/>
						</TextLine>
					</TextBlock>
				</ComposedBlock>
				<ComposedBlock ID="cblock_1" HPOS="280" VPOS="241" WIDTH="1492" HEIGHT="2243">
					<TextBlock ID="block_1" HPOS="283" VPOS="241" WIDTH="1486" HEIGHT="180">
						<TextLine ID="line_1" HPOS="369" VPOS="241" WIDTH="1399" HEIGHT="42">
							<String ID="string_10" HPOS="369" VPOS="248" WIDTH="61" HEIGHT="31" WC="0.96" CONTENT="Om"/><SP WIDTH="21" VPOS="248" HPOS="430"/>
							<String ID="string_11" HPOS="451" VPOS="248" WIDTH="333" HEIGHT="31" WC="0.96" CONTENT="Handelskammaren"/><SP WIDTH="20" VPOS="248" HPOS="784"/>
							<String ID="string_12" HPOS="804" VPOS="246" WIDTH="135" HEIGHT="32" WC="0.96" CONTENT="sålunda"/><SP WIDTH="21" VPOS="246" HPOS="939"/>
							<String ID="string_13" HPOS="960" VPOS="247" WIDTH="12" HEIGHT="30" WC="0.96" CONTENT="i"/><SP WIDTH="18" VPOS="247" HPOS="972"/>
							<String ID="string_14" HPOS="990" VPOS="257" WIDTH="45" HEIGHT="20" WC="0.96" CONTENT="nu"/><SP WIDTH="19" VPOS="257" HPOS="1035"/>
							<String ID="string_15" HPOS="1054" VPOS="245" WIDTH="139" HEIGHT="38" WC="0.96" CONTENT="angivna"/><SP WIDTH="17" VPOS="245" HPOS="1193"/>
							<String ID="string_16" HPOS="1210" VPOS="243" WIDTH="205" HEIGHT="32" WC="0.96" CONTENT="hänseenden"/><SP WIDTH="19" VPOS="243" HPOS="1415"/>
							<String ID="string_17" HPOS="1434" VPOS="245" WIDTH="39" HEIGHT="29" WC="0.96" CONTENT="är"/><SP WIDTH="17" VPOS="245" HPOS="1473"/>
							<String ID="string_18" HPOS="1490" VPOS="244" WIDTH="11" HEIGHT="29" WC="0.96" CONTENT="i"/><SP WIDTH="20" VPOS="244" HPOS="1501"/>
							<String ID="string_19" HPOS="1521" VPOS="242" WIDTH="52" HEIGHT="34" WC="0.96" CONTENT="det"/><SP WIDTH="17" VPOS="242" HPOS="1573"/>
							<String ID="string_20" HPOS="1590" VPOS="241" WIDTH="178" HEIGHT="38" WC="0.96" CONTENT="väsentliga"/>
						</TextLine>
						<TextLine ID="line_2" HPOS="285" VPOS="286" WIDTH="1482" HEIGHT="45">
							<String ID="string_21" HPOS="285" VPOS="303" WIDTH="71" HEIGHT="21" WC="0.96" CONTENT="ense"/><SP WIDTH="15" VPOS="303" HPOS="356"/>
							<String ID="string_22" HPOS="371" VPOS="293" WIDTH="72" HEIGHT="32" WC="0.96" CONTENT="med"/><SP WIDTH="15" VPOS="293" HPOS="443"/>
							<String ID="string_23" HPOS="458" VPOS="293" WIDTH="243" HEIGHT="38" WC="0.95" CONTENT="motionärerna,"/><SP WIDTH="16" VPOS="293" HPOS="701"/>
							<String ID="string_24" HPOS="717" VPOS="292" WIDTH="67" HEIGHT="30" WC="0.96" CONTENT="kan"/><SP WIDTH="15" VPOS="292" HPOS="784"/>
							<String ID="string_25" HPOS="799" VPOS="291" WIDTH="329" HEIGHT="31" WC="0.96" CONTENT="Handelskammaren"/><SP WIDTH="14" VPOS="291" HPOS="1128"/>
							<String ID="string_26" HPOS="1142" VPOS="290" WIDTH="68" HEIGHT="32" WC="0.95" CONTENT="icke"/><SP WIDTH="14" VPOS="290" HPOS="1210"/>
							<String ID="string_27" HPOS="1224" VPOS="290" WIDTH="173" HEIGHT="30" WC="0.95" CONTENT="instämma"/><SP WIDTH="13" VPOS="290" HPOS="1397"/>
							<String ID="string_28" HPOS="1410" VPOS="289" WIDTH="12" HEIGHT="30" WC="0.95" CONTENT="i"/><SP WIDTH="15" VPOS="289" HPOS="1422"/>
							<String ID="string_29" HPOS="1437" VPOS="288" WIDTH="41" HEIGHT="31" WC="0.96" CONTENT="de"/><SP WIDTH="13" VPOS="288" HPOS="1478"/>
							<String ID="string_30" HPOS="1491" VPOS="298" WIDTH="39" HEIGHT="21" WC="0.96" CONTENT="av"/><SP WIDTH="13" VPOS="298" HPOS="1530"/>
							<String ID="string_31" HPOS="1543" VPOS="288" WIDTH="72" HEIGHT="30" WC="0.96" CONTENT="dem"/><SP WIDTH="15" VPOS="288" HPOS="1615"/>
							<String ID="string_32" HPOS="1630" VPOS="286" WIDTH="137" HEIGHT="32" WC="0.96" CONTENT="anförda"/>
						</TextLine>
						<TextLine ID="line_3" HPOS="283" VPOS="331" WIDTH="1486" HEIGHT="44">
							<String ID="string_33" HPOS="283" VPOS="338" WIDTH="245" HEIGHT="37" WC="0.93" CONTENT="synpunkterna"/><SP WIDTH="31" VPOS="338" HPOS="528"/>
							<String ID="string_34" HPOS="559" VPOS="337" WIDTH="19" HEIGHT="30" WC="0.90" CONTENT="å"/><SP WIDTH="31" VPOS="337" HPOS="578"/>
							<String ID="string_35" HPOS="609" VPOS="335" WIDTH="509" HEIGHT="39" WC="0.91" CONTENT="byggnadskostnadsproblemet,"/><SP WIDTH="33" VPOS="335" HPOS="1118"/>
							<String ID="string_36" HPOS="1151" VPOS="334" WIDTH="88" HEIGHT="31" WC="0.96" CONTENT="vilka"/><SP WIDTH="33" VPOS="334" HPOS="1239"/>
							<String ID="string_37" HPOS="1272" VPOS="343" WIDTH="95" HEIGHT="28" WC="0.96" CONTENT="synas"/><SP WIDTH="31" VPOS="343" HPOS="1367"/>
							<String ID="string_38" HPOS="1398" VPOS="331" WIDTH="330" HEIGHT="32" WC="0.95" CONTENT="Handelskammaren"/><SP WIDTH="29" VPOS="331" HPOS="1728"/>
							<String ID="string_39" HPOS="1757" VPOS="332" WIDTH="12" HEIGHT="29" WC="0.96" CONTENT="i"/>
						</TextLine>
						<TextLine ID="line_4" HPOS="285" VPOS="378" WIDTH="1123" HEIGHT="43">
							<String ID="string_40" HPOS="285" VPOS="383" WIDTH="177" HEIGHT="38" WC="0.96" CONTENT="väsentliga"/><SP WIDTH="15" VPOS="383" HPOS="462"/>
							<String ID="string_41" HPOS="477" VPOS="382" WIDTH="131" HEIGHT="38" WC="0.96" CONTENT="stycken"/><SP WIDTH="16" VPOS="382" HPOS="608"/>
							<String ID="string_42" HPOS="624" VPOS="382" WIDTH="66" HEIGHT="30" WC="0.96" CONTENT="icke"/><SP WIDTH="17" VPOS="382" HPOS="690"/>
							<String ID="string_43" HPOS="707" VPOS="382" WIDTH="112" HEIGHT="37" WC="0.96" CONTENT="riktigt"/><SP WIDTH="16" VPOS="382" HPOS="819"/>
							<String ID="string_44" HPOS="835" VPOS="380" WIDTH="235" HEIGHT="31" WC="0.96" CONTENT="karakterisera"/><SP WIDTH="15" VPOS="380" HPOS="1070"/>
							<String ID="string_45" HPOS="1085" VPOS="380" WIDTH="54" HEIGHT="31" WC="0.96" CONTENT="det"/><SP WIDTH="16" VPOS="380" HPOS="1139"/>
							<String ID="string_46" HPOS="1155" VPOS="378" WIDTH="145" HEIGHT="32" WC="0.95" CONTENT="aktuella"/><SP WIDTH="13" VPOS="378" HPOS="1300"/>
							<String ID="string_47" HPOS="1313" VPOS="380" WIDTH="95" HEIGHT="36" WC="0.96" CONTENT="läget."/>
						</TextLine>
					</TextBlock>
					<TextBlock ID="block_2" HPOS="283" VPOS="430" WIDTH="1487" HEIGHT="538">
						<TextLine ID="line_5" HPOS="367" VPOS="430" WIDTH="1402" HEIGHT="44">
							<String ID="string_48" HPOS="367" VPOS="436" WIDTH="117" HEIGHT="38" WC="0.93" CONTENT="Enligt"/><SP WIDTH="16" VPOS="436" HPOS="484"/>
							<String ID="string_49" HPOS="500" VPOS="435" WIDTH="344" HEIGHT="31" WC="0.91" CONTENT="Handelskammarens"/><SP WIDTH="14" VPOS="435" HPOS="844"/>
							<String ID="string_50" HPOS="858" VPOS="434" WIDTH="136" HEIGHT="38" WC="0.96" CONTENT="mening"/><SP WIDTH="15" VPOS="434" HPOS="994"/>
							<String ID="string_51" HPOS="1009" VPOS="434" WIDTH="57" HEIGHT="37" WC="0.96" CONTENT="går"/><SP WIDTH="14" VPOS="434" HPOS="1066"/>
							<String ID="string_52" HPOS="1080" VPOS="433" WIDTH="54" HEIGHT="31" WC="0.96" CONTENT="det"/><SP WIDTH="16" VPOS="433" HPOS="1134"/>
							<String ID="string_53" HPOS="1150" VPOS="433" WIDTH="56" HEIGHT="30" WC="0.96" CONTENT="för"/><SP WIDTH="14" VPOS="433" HPOS="1206"/>
							<String ID="string_54" HPOS="1220" VPOS="433" WIDTH="54" HEIGHT="31" WC="0.96" CONTENT="det"/><SP WIDTH="16" VPOS="433" HPOS="1274"/>
							<String ID="string_55" HPOS="1290" VPOS="432" WIDTH="101" HEIGHT="31" WC="0.96" CONTENT="första"/><SP WIDTH="15" VPOS="432" HPOS="1391"/>
							<String ID="string_56" HPOS="1406" VPOS="432" WIDTH="69" HEIGHT="31" WC="0.93" CONTENT="icke"/><SP WIDTH="13" VPOS="432" HPOS="1475"/>
							<String ID="string_57" HPOS="1488" VPOS="450" WIDTH="42" HEIGHT="4" WC="0.92" CONTENT="—"/><SP WIDTH="13" VPOS="450" HPOS="1530"/>
							<String ID="string_58" HPOS="1543" VPOS="432" WIDTH="101" HEIGHT="30" WC="0.93" CONTENT="såsom"/><SP WIDTH="15" VPOS="432" HPOS="1644"/>
							<String ID="string_59" HPOS="1659" VPOS="430" WIDTH="110" HEIGHT="31" WC="0.90" CONTENT="motio-"/>
						</TextLine>
						<TextLine ID="line_6" HPOS="285" VPOS="474" WIDTH="1485" HEIGHT="44">
							<String ID="string_60" HPOS="285" VPOS="482" WIDTH="139" HEIGHT="30" WC="0.90" CONTENT="närerna"/><SP WIDTH="22" VPOS="482" HPOS="424"/>
							<String ID="string_61" HPOS="446" VPOS="480" WIDTH="90" HEIGHT="38" WC="0.93" CONTENT="gjort"/><SP WIDTH="19" VPOS="480" HPOS="536"/>
							<String ID="string_62" HPOS="555" VPOS="499" WIDTH="41" HEIGHT="4" WC="0.92" CONTENT="—"/><SP WIDTH="20" VPOS="499" HPOS="596"/>
							<String ID="string_63" HPOS="616" VPOS="483" WIDTH="47" HEIGHT="27" WC="0.96" CONTENT="att"/><SP WIDTH="21" VPOS="483" HPOS="663"/>
							<String ID="string_64" HPOS="684" VPOS="479" WIDTH="109" HEIGHT="31" WC="0.96" CONTENT="bortse"/><SP WIDTH="21" VPOS="479" HPOS="793"/>
							<String ID="string_65" HPOS="814" VPOS="479" WIDTH="90" HEIGHT="30" WC="0.96" CONTENT="ifrån"/><SP WIDTH="21" VPOS="479" HPOS="904"/>
							<String ID="string_66" HPOS="925" VPOS="482" WIDTH="49" HEIGHT="28" WC="0.96" CONTENT="att"/><SP WIDTH="21" VPOS="482" HPOS="974"/>
							<String ID="string_67" HPOS="995" VPOS="480" WIDTH="80" HEIGHT="29" WC="0.96" CONTENT="även"/><SP WIDTH="20" VPOS="480" HPOS="1075"/>
							<String ID="string_68" HPOS="1095" VPOS="488" WIDTH="51" HEIGHT="20" WC="0.93" CONTENT="om"/><SP WIDTH="22" VPOS="488" HPOS="1146"/>
							<String ID="string_69" HPOS="1168" VPOS="477" WIDTH="254" HEIGHT="31" WC="0.91" CONTENT="arbetslönernas"/><SP WIDTH="21" VPOS="477" HPOS="1422"/>
							<String ID="string_70" HPOS="1443" VPOS="476" WIDTH="95" HEIGHT="31" WC="0.96" CONTENT="andel"/><SP WIDTH="20" VPOS="476" HPOS="1538"/>
							<String ID="string_71" HPOS="1558" VPOS="477" WIDTH="11" HEIGHT="30" WC="0.93" CONTENT="i"/><SP WIDTH="20" VPOS="477" HPOS="1569"/>
							<String ID="string_72" HPOS="1589" VPOS="474" WIDTH="181" HEIGHT="39" WC="0.93" CONTENT="byggnads-"/>
						</TextLine>
						<TextLine ID="line_7" HPOS="285" VPOS="519" WIDTH="1483" HEIGHT="43">
							<String ID="string_73" HPOS="285" VPOS="526" WIDTH="216" HEIGHT="31" WC="0.96" CONTENT="kostnaderna"/><SP WIDTH="18" VPOS="526" HPOS="501"/>
							<String ID="string_74" HPOS="519" VPOS="525" WIDTH="104" HEIGHT="30" WC="0.96" CONTENT="under"/><SP WIDTH="17" VPOS="525" HPOS="623"/>
							<String ID="string_75" HPOS="640" VPOS="524" WIDTH="108" HEIGHT="38" WC="0.96" CONTENT="kriget"/><SP WIDTH="17" VPOS="524" HPOS="748"/>
							<String ID="string_76" HPOS="765" VPOS="524" WIDTH="128" HEIGHT="38" WC="0.96" CONTENT="sjunkit"/><SP WIDTH="18" VPOS="524" HPOS="893"/>
							<String ID="string_77" HPOS="911" VPOS="524" WIDTH="77" HEIGHT="29" WC="0.96" CONTENT="från"/><SP WIDTH="18" VPOS="524" HPOS="988"/>
							<String ID="string_78" HPOS="1006" VPOS="523" WIDTH="40" HEIGHT="29" WC="0.96" CONTENT="40"/><SP WIDTH="21" VPOS="523" HPOS="1046"/>
							<String ID="string_79" HPOS="1067" VPOS="523" WIDTH="33" HEIGHT="37" WC="0.61" CONTENT="96"/><SP WIDTH="22" VPOS="523" HPOS="1100"/>
							<String ID="string_80" HPOS="1122" VPOS="522" WIDTH="52" HEIGHT="31" WC="0.96" CONTENT="till"/><SP WIDTH="18" VPOS="522" HPOS="1174"/>
							<String ID="string_81" HPOS="1192" VPOS="523" WIDTH="99" HEIGHT="37" WC="0.96" CONTENT="något"/><SP WIDTH="16" VPOS="523" HPOS="1291"/>
							<String ID="string_82" HPOS="1307" VPOS="523" WIDTH="76" HEIGHT="29" WC="0.96" CONTENT="över"/><SP WIDTH="18" VPOS="523" HPOS="1383"/>
							<String ID="string_83" HPOS="1401" VPOS="521" WIDTH="39" HEIGHT="30" WC="0.96" CONTENT="30"/><SP WIDTH="22" VPOS="521" HPOS="1440"/>
							<String ID="string_84" HPOS="1462" VPOS="522" WIDTH="48" HEIGHT="37" WC="0.61" CONTENT="96,"/><SP WIDTH="19" VPOS="522" HPOS="1510"/>
							<String ID="string_85" HPOS="1529" VPOS="519" WIDTH="239" HEIGHT="33" WC="0.92" CONTENT="arbetslönerna"/>
						</TextLine>
						<TextLine ID="line_8" HPOS="285" VPOS="563" WIDTH="1485" HEIGHT="43">
							<String ID="string_86" HPOS="285" VPOS="571" WIDTH="57" HEIGHT="30" WC="0.93" CONTENT="och"/><SP WIDTH="21" VPOS="571" HPOS="342"/>
							<String ID="string_87" HPOS="363" VPOS="569" WIDTH="297" HEIGHT="32" WC="0.91" CONTENT="kollektivavtalens"/><SP WIDTH="21" VPOS="569" HPOS="660"/>
							<String ID="string_88" HPOS="681" VPOS="568" WIDTH="163" HEIGHT="38" WC="0.96" CONTENT="reglering"/><SP WIDTH="20" VPOS="568" HPOS="844"/>
							<String ID="string_89" HPOS="864" VPOS="578" WIDTH="40" HEIGHT="21" WC="0.96" CONTENT="av"/><SP WIDTH="23" VPOS="578" HPOS="904"/>
							<String ID="string_90" HPOS="927" VPOS="566" WIDTH="307" HEIGHT="32" WC="0.96" CONTENT="arbetsmarknaden"/><SP WIDTH="22" VPOS="566" HPOS="1234"/>
							<String ID="string_91" HPOS="1256" VPOS="566" WIDTH="142" HEIGHT="38" WC="0.96" CONTENT="alltjämt"/><SP WIDTH="19" VPOS="566" HPOS="1398"/>
							<String ID="string_92" HPOS="1417" VPOS="567" WIDTH="90" HEIGHT="36" WC="0.96" CONTENT="spela"/><SP WIDTH="21" VPOS="567" HPOS="1507"/>
							<String ID="string_93" HPOS="1528" VPOS="575" WIDTH="39" HEIGHT="21" WC="0.97" CONTENT="en"/><SP WIDTH="18" VPOS="575" HPOS="1567"/>
							<String ID="string_94" HPOS="1585" VPOS="563" WIDTH="185" HEIGHT="39" WC="0.96" CONTENT="betydande"/>
						</TextLine>
						<TextLine ID="line_9" HPOS="285" VPOS="609" WIDTH="1483" HEIGHT="44">
							<String ID="string_95" HPOS="285" VPOS="616" WIDTH="60" HEIGHT="30" WC="0.96" CONTENT="roll"/><SP WIDTH="23" VPOS="616" HPOS="345"/>
							<String ID="string_96" HPOS="368" VPOS="616" WIDTH="44" HEIGHT="37" WC="0.96" CONTENT="på"/><SP WIDTH="24" VPOS="616" HPOS="412"/>
							<String ID="string_97" HPOS="436" VPOS="615" WIDTH="91" HEIGHT="31" WC="0.96" CONTENT="detta"/><SP WIDTH="22" VPOS="615" HPOS="527"/>
							<String ID="string_98" HPOS="549" VPOS="614" WIDTH="137" HEIGHT="32" WC="0.96" CONTENT="område."/><SP WIDTH="37" VPOS="614" HPOS="686"/>
							<String ID="string_99" HPOS="723" VPOS="614" WIDTH="53" HEIGHT="30" WC="0.96" CONTENT="En"/><SP WIDTH="21" VPOS="614" HPOS="776"/>
							<String ID="string_100" HPOS="797" VPOS="612" WIDTH="227" HEIGHT="39" WC="0.96" CONTENT="betydelsefull"/><SP WIDTH="20" VPOS="612" HPOS="1024"/>
							<String ID="string_101" HPOS="1044" VPOS="612" WIDTH="247" HEIGHT="37" WC="0.96" CONTENT="omständighet,"/><SP WIDTH="23" VPOS="612" HPOS="1291"/>
							<String ID="string_102" HPOS="1314" VPOS="621" WIDTH="67" HEIGHT="21" WC="0.96" CONTENT="som"/><SP WIDTH="22" VPOS="621" HPOS="1381"/>
							<String ID="string_103" HPOS="1403" VPOS="610" WIDTH="117" HEIGHT="31" WC="0.96" CONTENT="härvid"/><SP WIDTH="22" VPOS="610" HPOS="1520"/>
							<String ID="string_104" HPOS="1542" VPOS="610" WIDTH="99" HEIGHT="31" WC="0.96" CONTENT="borde"/><SP WIDTH="22" VPOS="610" HPOS="1641"/>
							<String ID="string_105" HPOS="1663" VPOS="609" WIDTH="44" HEIGHT="31" WC="0.96" CONTENT="ha"/><SP WIDTH="22" VPOS="609" HPOS="1707"/>
							<String ID="string_106" HPOS="1729" VPOS="619" WIDTH="39" HEIGHT="20" WC="0.96" CONTENT="av"/>
						</TextLine>
						<TextLine ID="line_10" HPOS="284" VPOS="653" WIDTH="1484" HEIGHT="44">
							<String ID="string_107" HPOS="284" VPOS="661" WIDTH="234" HEIGHT="30" WC="0.96" CONTENT="motionärerna"/><SP WIDTH="19" VPOS="661" HPOS="518"/>
							<String ID="string_108" HPOS="537" VPOS="659" WIDTH="151" HEIGHT="38" WC="0.96" CONTENT="beaktats,"/><SP WIDTH="22" VPOS="659" HPOS="688"/>
							<String ID="string_109" HPOS="710" VPOS="660" WIDTH="38" HEIGHT="29" WC="0.96" CONTENT="är"/><SP WIDTH="19" VPOS="660" HPOS="748"/>
							<String ID="string_110" HPOS="767" VPOS="658" WIDTH="61" HEIGHT="31" WC="0.96" CONTENT="den"/><SP WIDTH="16" VPOS="658" HPOS="828"/>
							<String ID="string_111" HPOS="844" VPOS="658" WIDTH="188" HEIGHT="38" WC="0.96" CONTENT="utjämning"/><SP WIDTH="19" VPOS="658" HPOS="1032"/>
							<String ID="string_112" HPOS="1051" VPOS="667" WIDTH="39" HEIGHT="20" WC="0.93" CONTENT="av"/><SP WIDTH="18" VPOS="667" HPOS="1090"/>
							<String ID="string_113" HPOS="1108" VPOS="656" WIDTH="358" HEIGHT="38" WC="0.92" CONTENT="säsongvariationerna"/><SP WIDTH="19" VPOS="656" HPOS="1466"/>
							<String ID="string_114" HPOS="1485" VPOS="656" WIDTH="85" HEIGHT="29" WC="0.93" CONTENT="inom"/><SP WIDTH="19" VPOS="656" HPOS="1570"/>
							<String ID="string_115" HPOS="1589" VPOS="653" WIDTH="179" HEIGHT="39" WC="0.92" CONTENT="byggnads-"/>
						</TextLine>
						<TextLine ID="line_11" HPOS="283" VPOS="698" WIDTH="1487" HEIGHT="44">
							<String ID="string_116" HPOS="283" VPOS="705" WIDTH="251" HEIGHT="37" WC="0.96" CONTENT="verksamheten,"/><SP WIDTH="19" VPOS="705" HPOS="534"/>
							<String ID="string_117" HPOS="553" VPOS="714" WIDTH="64" HEIGHT="21" WC="0.96" CONTENT="som"/><SP WIDTH="16" VPOS="714" HPOS="617"/>
							<String ID="string_118" HPOS="633" VPOS="713" WIDTH="136" HEIGHT="21" WC="0.93" CONTENT="numera"/><SP WIDTH="16" VPOS="713" HPOS="769"/>
							<String ID="string_119" HPOS="785" VPOS="702" WIDTH="221" HEIGHT="38" WC="0.90" CONTENT="möjliggjorts"/><SP WIDTH="16" VPOS="702" HPOS="1006"/>
							<String ID="string_120" HPOS="1022" VPOS="711" WIDTH="111" HEIGHT="28" WC="0.96" CONTENT="genom"/><SP WIDTH="17" VPOS="711" HPOS="1133"/>
							<String ID="string_121" HPOS="1150" VPOS="701" WIDTH="132" HEIGHT="37" WC="0.93" CONTENT="statliga"/><SP WIDTH="17" VPOS="701" HPOS="1282"/>
							<String ID="string_122" HPOS="1299" VPOS="699" WIDTH="336" HEIGHT="39" WC="0.91" CONTENT="regleringsåtgärder,"/><SP WIDTH="19" VPOS="699" HPOS="1635"/>
							<String ID="string_123" HPOS="1654" VPOS="700" WIDTH="58" HEIGHT="30" WC="0.96" CONTENT="och"/><SP WIDTH="17" VPOS="700" HPOS="1712"/>
							<String ID="string_124" HPOS="1729" VPOS="698" WIDTH="41" HEIGHT="31" WC="0.96" CONTENT="de"/>
						</TextLine>
						<TextLine ID="line_12" HPOS="285" VPOS="744" WIDTH="1484" HEIGHT="42">
							<String ID="string_125" HPOS="285" VPOS="749" WIDTH="283" HEIGHT="37" WC="0.96" CONTENT="förutsättningar,"/><SP WIDTH="18" VPOS="749" HPOS="568"/>
							<String ID="string_126" HPOS="586" VPOS="759" WIDTH="66" HEIGHT="20" WC="0.95" CONTENT="som"/><SP WIDTH="16" VPOS="759" HPOS="652"/>
							<String ID="string_127" HPOS="668" VPOS="748" WIDTH="186" HEIGHT="37" WC="0.96" CONTENT="härigenom"/><SP WIDTH="16" VPOS="748" HPOS="854"/>
							<String ID="string_128" HPOS="870" VPOS="748" WIDTH="137" HEIGHT="36" WC="0.96" CONTENT="skapats"/><SP WIDTH="15" VPOS="748" HPOS="1007"/>
							<String ID="string_129" HPOS="1022" VPOS="748" WIDTH="54" HEIGHT="29" WC="0.93" CONTENT="för"/><SP WIDTH="14" VPOS="748" HPOS="1076"/>
							<String ID="string_130" HPOS="1090" VPOS="746" WIDTH="245" HEIGHT="37" WC="0.91" CONTENT="nedbringande"/><SP WIDTH="15" VPOS="746" HPOS="1335"/>
							<String ID="string_131" HPOS="1350" VPOS="756" WIDTH="39" HEIGHT="20" WC="0.97" CONTENT="av"/><SP WIDTH="17" VPOS="756" HPOS="1389"/>
							<String ID="string_132" HPOS="1406" VPOS="744" WIDTH="162" HEIGHT="31" WC="0.96" CONTENT="ackorden"/><SP WIDTH="14" VPOS="744" HPOS="1568"/>
							<String ID="string_133" HPOS="1582" VPOS="748" WIDTH="77" HEIGHT="27" WC="0.92" CONTENT="utan"/><SP WIDTH="16" VPOS="748" HPOS="1659"/>
							<String ID="string_134" HPOS="1675" VPOS="744" WIDTH="94" HEIGHT="31" WC="0.91" CONTENT="sänk-"/>
						</TextLine>
						<TextLine ID="line_13" HPOS="283" VPOS="788" WIDTH="1484" HEIGHT="45">
							<String ID="string_135" HPOS="283" VPOS="795" WIDTH="80" HEIGHT="38" WC="0.96" CONTENT="ning"/><SP WIDTH="21" VPOS="795" HPOS="363"/>
							<String ID="string_136" HPOS="384" VPOS="804" WIDTH="39" HEIGHT="21" WC="0.90" CONTENT="av"/><SP WIDTH="22" VPOS="804" HPOS="423"/>
							<String ID="string_137" HPOS="445" VPOS="794" WIDTH="164" HEIGHT="30" WC="0.90" CONTENT="reallönen"/><SP WIDTH="21" VPOS="794" HPOS="609"/>
							<String ID="string_138" HPOS="630" VPOS="793" WIDTH="55" HEIGHT="30" WC="0.93" CONTENT="för"/><SP WIDTH="19" VPOS="793" HPOS="685"/>
							<String ID="string_139" HPOS="704" VPOS="792" WIDTH="346" HEIGHT="38" WC="0.91" CONTENT="byggnadsarbetarna."/><SP WIDTH="32" VPOS="792" HPOS="1050"/>
							<String ID="string_140" HPOS="1082" VPOS="791" WIDTH="290" HEIGHT="37" WC="0.95" CONTENT="Förutsättningar"/><SP WIDTH="19" VPOS="791" HPOS="1372"/>
							<String ID="string_141" HPOS="1391" VPOS="790" WIDTH="100" HEIGHT="31" WC="0.96" CONTENT="borde"/><SP WIDTH="21" VPOS="790" HPOS="1491"/>
							<String ID="string_142" HPOS="1512" VPOS="791" WIDTH="78" HEIGHT="29" WC="0.96" CONTENT="även"/><SP WIDTH="21" VPOS="791" HPOS="1590"/>
							<String ID="string_143" HPOS="1611" VPOS="788" WIDTH="156" HEIGHT="38" WC="0.95" CONTENT="föreligga"/>
						</TextLine>
						<TextLine ID="line_14" HPOS="285" VPOS="833" WIDTH="1483" HEIGHT="44">
							<String ID="string_144" HPOS="285" VPOS="844" WIDTH="45" HEIGHT="27" WC="0.92" CONTENT="att"/><SP WIDTH="22" VPOS="844" HPOS="330"/>
							<String ID="string_145" HPOS="352" VPOS="839" WIDTH="329" HEIGHT="38" WC="0.92" CONTENT="förhandlingsvägen"/><SP WIDTH="20" VPOS="839" HPOS="681"/>
							<String ID="string_146" HPOS="701" VPOS="838" WIDTH="219" HEIGHT="31" WC="0.96" CONTENT="åstadkomma"/><SP WIDTH="18" VPOS="838" HPOS="920"/>
							<String ID="string_147" HPOS="938" VPOS="837" WIDTH="84" HEIGHT="30" WC="0.96" CONTENT="ökad"/><SP WIDTH="18" VPOS="837" HPOS="1022"/>
							<String ID="string_148" HPOS="1040" VPOS="836" WIDTH="173" HEIGHT="38" WC="0.96" CONTENT="smidighet"/><SP WIDTH="19" VPOS="836" HPOS="1213"/>
							<String ID="string_149" HPOS="1232" VPOS="836" WIDTH="34" HEIGHT="30" WC="0.96" CONTENT="åt"/><SP WIDTH="18" VPOS="836" HPOS="1266"/>
							<String ID="string_150" HPOS="1284" VPOS="834" WIDTH="284" HEIGHT="31" WC="0.95" CONTENT="kollektivavtalen"/><SP WIDTH="18" VPOS="834" HPOS="1568"/>
							<String ID="string_151" HPOS="1586" VPOS="835" WIDTH="11" HEIGHT="30" WC="0.96" CONTENT="i"/><SP WIDTH="18" VPOS="835" HPOS="1597"/>
							<String ID="string_152" HPOS="1615" VPOS="833" WIDTH="87" HEIGHT="38" WC="0.96" CONTENT="syfte"/><SP WIDTH="18" VPOS="833" HPOS="1702"/>
							<String ID="string_153" HPOS="1720" VPOS="837" WIDTH="48" HEIGHT="27" WC="0.96" CONTENT="att"/>
						</TextLine>
						<TextLine ID="line_15" HPOS="284" VPOS="877" WIDTH="1483" HEIGHT="46">
							<String ID="string_154" HPOS="284" VPOS="884" WIDTH="193" HEIGHT="39" WC="0.96" CONTENT="möjliggöra"/><SP WIDTH="22" VPOS="884" HPOS="477"/>
							<String ID="string_155" HPOS="499" VPOS="894" WIDTH="63" HEIGHT="27" WC="0.96" CONTENT="nya"/><SP WIDTH="21" VPOS="894" HPOS="562"/>
							<String ID="string_156" HPOS="583" VPOS="882" WIDTH="253" HEIGHT="32" WC="0.96" CONTENT="arbetsmetoder"/><SP WIDTH="21" VPOS="882" HPOS="836"/>
							<String ID="string_157" HPOS="857" VPOS="883" WIDTH="57" HEIGHT="30" WC="0.96" CONTENT="och"/><SP WIDTH="21" VPOS="883" HPOS="914"/>
							<String ID="string_158" HPOS="935" VPOS="892" WIDTH="66" HEIGHT="27" WC="0.96" CONTENT="nya"/><SP WIDTH="21" VPOS="892" HPOS="1001"/>
							<String ID="string_159" HPOS="1022" VPOS="881" WIDTH="154" HEIGHT="36" WC="0.96" CONTENT="material,"/><SP WIDTH="24" VPOS="881" HPOS="1176"/>
							<String ID="string_160" HPOS="1200" VPOS="880" WIDTH="86" HEIGHT="31" WC="0.93" CONTENT="vilka"/><SP WIDTH="20" VPOS="880" HPOS="1286"/>
							<String ID="string_161" HPOS="1306" VPOS="879" WIDTH="146" HEIGHT="32" WC="0.91" CONTENT="hindrats"/><SP WIDTH="21" VPOS="879" HPOS="1452"/>
							<String ID="string_162" HPOS="1473" VPOS="888" WIDTH="109" HEIGHT="29" WC="0.96" CONTENT="genom"/><SP WIDTH="22" VPOS="888" HPOS="1582"/>
							<String ID="string_163" HPOS="1604" VPOS="878" WIDTH="63" HEIGHT="31" WC="0.95" CONTENT="den"/><SP WIDTH="21" VPOS="878" HPOS="1667"/>
							<String ID="string_164" HPOS="1688" VPOS="877" WIDTH="79" HEIGHT="31" WC="0.96" CONTENT="stela"/>
						</TextLine>
						<TextLine ID="line_16" HPOS="285" VPOS="924" WIDTH="1129" HEIGHT="44">
							<String ID="string_165" HPOS="285" VPOS="929" WIDTH="246" HEIGHT="39" WC="0.96" CONTENT="tillämpningen"/><SP WIDTH="16" VPOS="929" HPOS="531"/>
							<String ID="string_166" HPOS="547" VPOS="939" WIDTH="39" HEIGHT="20" WC="0.96" CONTENT="av"/><SP WIDTH="16" VPOS="939" HPOS="586"/>
							<String ID="string_167" HPOS="602" VPOS="928" WIDTH="38" HEIGHT="30" WC="0.96" CONTENT="de"/><SP WIDTH="16" VPOS="928" HPOS="640"/>
							<String ID="string_168" HPOS="656" VPOS="927" WIDTH="188" HEIGHT="31" WC="0.92" CONTENT="nuvarande"/><SP WIDTH="15" VPOS="927" HPOS="844"/>
							<String ID="string_169" HPOS="859" VPOS="926" WIDTH="296" HEIGHT="31" WC="0.91" CONTENT="kollektivavtalens"/><SP WIDTH="14" VPOS="926" HPOS="1155"/>
							<String ID="string_170" HPOS="1169" VPOS="924" WIDTH="245" HEIGHT="32" WC="0.96" CONTENT="bestämmelser."/>
						</TextLine>
					</TextBlock>
					<TextBlock ID="block_3" HPOS="282" VPOS="967" WIDTH="1490" HEIGHT="983">
						<TextLine ID="line_17" HPOS="368" VPOS="967" WIDTH="1401" HEIGHT="42">
							<String ID="string_171" HPOS="368" VPOS="974" WIDTH="173" HEIGHT="30" WC="0.91" CONTENT="Gentemot"/><SP WIDTH="20" VPOS="974" HPOS="541"/>
							<String ID="string_172" HPOS="561" VPOS="973" WIDTH="252" HEIGHT="31" WC="0.91" CONTENT="motionärernas"/><SP WIDTH="20" VPOS="973" HPOS="813"/>
							<String ID="string_173" HPOS="833" VPOS="971" WIDTH="218" HEIGHT="38" WC="0.95" CONTENT="uppfattning"/><SP WIDTH="21" VPOS="971" HPOS="1051"/>
							<String ID="string_174" HPOS="1072" VPOS="974" WIDTH="48" HEIGHT="28" WC="0.93" CONTENT="att"/><SP WIDTH="20" VPOS="974" HPOS="1120"/>
							<String ID="string_175" HPOS="1140" VPOS="970" WIDTH="197" HEIGHT="30" WC="0.92" CONTENT="kartellerna"/><SP WIDTH="19" VPOS="970" HPOS="1337"/>
							<String ID="string_176" HPOS="1356" VPOS="978" WIDTH="114" HEIGHT="29" WC="0.96" CONTENT="genom"/><SP WIDTH="22" VPOS="978" HPOS="1470"/>
							<String ID="string_177" HPOS="1492" VPOS="968" WIDTH="39" HEIGHT="31" WC="0.96" CONTENT="de"/><SP WIDTH="21" VPOS="968" HPOS="1531"/>
							<String ID="string_178" HPOS="1552" VPOS="967" WIDTH="217" HEIGHT="38" WC="0.96" CONTENT="möjligheter,"/>
						</TextLine>
						<TextLine ID="line_18" HPOS="284" VPOS="1011" WIDTH="1485" HEIGHT="44">
							<String ID="string_179" HPOS="284" VPOS="1029" WIDTH="65" HEIGHT="21" WC="0.96" CONTENT="som"/><SP WIDTH="16" VPOS="1029" HPOS="349"/>
							<String ID="string_180" HPOS="365" VPOS="1019" WIDTH="92" HEIGHT="30" WC="0.96" CONTENT="dessa"/><SP WIDTH="14" VPOS="1019" HPOS="457"/>
							<String ID="string_181" HPOS="471" VPOS="1018" WIDTH="102" HEIGHT="31" WC="0.95" CONTENT="skulle"/><SP WIDTH="16" VPOS="1018" HPOS="573"/>
							<String ID="string_182" HPOS="589" VPOS="1018" WIDTH="39" HEIGHT="30" WC="0.96" CONTENT="ha"/><SP WIDTH="16" VPOS="1018" HPOS="628"/>
							<String ID="string_183" HPOS="644" VPOS="1021" WIDTH="48" HEIGHT="27" WC="0.96" CONTENT="att"/><SP WIDTH="17" VPOS="1021" HPOS="692"/>
							<String ID="string_184" HPOS="709" VPOS="1017" WIDTH="139" HEIGHT="38" WC="0.93" CONTENT="påverka"/><SP WIDTH="15" VPOS="1017" HPOS="848"/>
							<String ID="string_185" HPOS="863" VPOS="1015" WIDTH="260" HEIGHT="39" WC="0.90" CONTENT="prisbildningen"/><SP WIDTH="15" VPOS="1015" HPOS="1123"/>
							<String ID="string_186" HPOS="1138" VPOS="1015" WIDTH="19" HEIGHT="30" WC="0.92" CONTENT="å"/><SP WIDTH="14" VPOS="1015" HPOS="1157"/>
							<String ID="string_187" HPOS="1171" VPOS="1013" WIDTH="326" HEIGHT="39" WC="0.96" CONTENT="byggnadsmaterial,"/><SP WIDTH="15" VPOS="1013" HPOS="1497"/>
							<String ID="string_188" HPOS="1512" VPOS="1013" WIDTH="100" HEIGHT="31" WC="0.96" CONTENT="skulle"/><SP WIDTH="14" VPOS="1013" HPOS="1612"/>
							<String ID="string_189" HPOS="1626" VPOS="1022" WIDTH="79" HEIGHT="20" WC="0.96" CONTENT="vara"/><SP WIDTH="12" VPOS="1022" HPOS="1705"/>
							<String ID="string_190" HPOS="1717" VPOS="1011" WIDTH="52" HEIGHT="32" WC="0.96" CONTENT="till"/>
						</TextLine>
						<TextLine ID="line_19" HPOS="285" VPOS="1056" WIDTH="1484" HEIGHT="44">
							<String ID="string_191" HPOS="285" VPOS="1063" WIDTH="68" HEIGHT="31" WC="0.96" CONTENT="icke"/><SP WIDTH="20" VPOS="1063" HPOS="353"/>
							<String ID="string_192" HPOS="373" VPOS="1063" WIDTH="176" HEIGHT="37" WC="0.96" CONTENT="oväsentlig"/><SP WIDTH="17" VPOS="1063" HPOS="549"/>
							<String ID="string_193" HPOS="566" VPOS="1061" WIDTH="80" HEIGHT="39" WC="0.96" CONTENT="grad"/><SP WIDTH="20" VPOS="1061" HPOS="646"/>
							<String ID="string_194" HPOS="666" VPOS="1062" WIDTH="172" HEIGHT="37" WC="0.95" CONTENT="ansvariga"/><SP WIDTH="20" VPOS="1062" HPOS="838"/>
							<String ID="string_195" HPOS="858" VPOS="1062" WIDTH="55" HEIGHT="29" WC="0.96" CONTENT="för"/><SP WIDTH="17" VPOS="1062" HPOS="913"/>
							<String ID="string_196" HPOS="930" VPOS="1060" WIDTH="65" HEIGHT="31" WC="0.93" CONTENT="den"/><SP WIDTH="18" VPOS="1060" HPOS="995"/>
							<String ID="string_197" HPOS="1013" VPOS="1060" WIDTH="221" HEIGHT="38" WC="0.91" CONTENT="prisstegring,"/><SP WIDTH="18" VPOS="1060" HPOS="1234"/>
							<String ID="string_198" HPOS="1252" VPOS="1068" WIDTH="68" HEIGHT="21" WC="0.96" CONTENT="som"/><SP WIDTH="18" VPOS="1068" HPOS="1320"/>
							<String ID="string_199" HPOS="1338" VPOS="1058" WIDTH="116" HEIGHT="31" WC="0.96" CONTENT="inträtt"/><SP WIDTH="19" VPOS="1058" HPOS="1454"/>
							<String ID="string_200" HPOS="1473" VPOS="1058" WIDTH="84" HEIGHT="30" WC="0.96" CONTENT="efter"/><SP WIDTH="17" VPOS="1058" HPOS="1557"/>
							<String ID="string_201" HPOS="1574" VPOS="1056" WIDTH="112" HEIGHT="39" WC="0.96" CONTENT="kriget,"/><SP WIDTH="19" VPOS="1056" HPOS="1686"/>
							<String ID="string_202" HPOS="1705" VPOS="1057" WIDTH="64" HEIGHT="29" WC="0.96" CONTENT="kan"/>
						</TextLine>
						<TextLine ID="line_20" HPOS="285" VPOS="1100" WIDTH="1487" HEIGHT="45">
							<String ID="string_203" HPOS="285" VPOS="1108" WIDTH="155" HEIGHT="37" WC="0.96" CONTENT="åberopas"/><SP WIDTH="21" VPOS="1108" HPOS="440"/>
							<String ID="string_204" HPOS="461" VPOS="1107" WIDTH="64" HEIGHT="31" WC="0.96" CONTENT="den"/><SP WIDTH="21" VPOS="1107" HPOS="525"/>
							<String ID="string_205" HPOS="546" VPOS="1106" WIDTH="177" HEIGHT="38" WC="0.95" CONTENT="utredning"/><SP WIDTH="22" VPOS="1106" HPOS="723"/>
							<String ID="string_206" HPOS="745" VPOS="1105" WIDTH="163" HEIGHT="38" WC="0.93" CONTENT="angående"/><SP WIDTH="21" VPOS="1105" HPOS="908"/>
							<String ID="string_207" HPOS="929" VPOS="1103" WIDTH="395" HEIGHT="40" WC="0.92" CONTENT="byggnadskostnaderna,"/><SP WIDTH="21" VPOS="1103" HPOS="1324"/>
							<String ID="string_208" HPOS="1345" VPOS="1113" WIDTH="67" HEIGHT="21" WC="0.96" CONTENT="som"/><SP WIDTH="21" VPOS="1113" HPOS="1412"/>
							<String ID="string_209" HPOS="1433" VPOS="1102" WIDTH="40" HEIGHT="30" WC="0.96" CONTENT="år"/><SP WIDTH="22" VPOS="1102" HPOS="1473"/>
							<String ID="string_210" HPOS="1495" VPOS="1102" WIDTH="78" HEIGHT="30" WC="0.96" CONTENT="1941"/><SP WIDTH="23" VPOS="1102" HPOS="1573"/>
							<String ID="string_211" HPOS="1596" VPOS="1100" WIDTH="176" HEIGHT="31" WC="0.96" CONTENT="framlades"/>
						</TextLine>
						<TextLine ID="line_21" HPOS="285" VPOS="1145" WIDTH="1485" HEIGHT="44">
							<String ID="string_212" HPOS="285" VPOS="1162" WIDTH="39" HEIGHT="22" WC="0.96" CONTENT="av"/><SP WIDTH="25" VPOS="1162" HPOS="324"/>
							<String ID="string_213" HPOS="349" VPOS="1152" WIDTH="80" HEIGHT="30" WC="0.96" CONTENT="1940"/><SP WIDTH="23" VPOS="1152" HPOS="429"/>
							<String ID="string_214" HPOS="452" VPOS="1153" WIDTH="53" HEIGHT="30" WC="0.91" CONTENT="års"/><SP WIDTH="22" VPOS="1153" HPOS="505"/>
							<String ID="string_215" HPOS="527" VPOS="1149" WIDTH="533" HEIGHT="40" WC="0.91" CONTENT="byggnadskostnadssakkunniga."/><SP WIDTH="24" VPOS="1149" HPOS="1060"/>
							<String ID="string_216" HPOS="1084" VPOS="1149" WIDTH="52" HEIGHT="30" WC="0.96" CONTENT="Av"/><SP WIDTH="21" VPOS="1149" HPOS="1136"/>
							<String ID="string_217" HPOS="1157" VPOS="1149" WIDTH="109" HEIGHT="31" WC="0.96" CONTENT="denna"/><SP WIDTH="23" VPOS="1149" HPOS="1266"/>
							<String ID="string_218" HPOS="1289" VPOS="1147" WIDTH="153" HEIGHT="38" WC="0.96" CONTENT="framgår,"/><SP WIDTH="26" VPOS="1147" HPOS="1442"/>
							<String ID="string_219" HPOS="1468" VPOS="1151" WIDTH="49" HEIGHT="29" WC="0.93" CONTENT="att"/><SP WIDTH="20" VPOS="1151" HPOS="1517"/>
							<String ID="string_220" HPOS="1537" VPOS="1145" WIDTH="233" HEIGHT="37" WC="0.92" CONTENT="kostnadssteg-"/>
						</TextLine>
						<TextLine ID="line_22" HPOS="286" VPOS="1189" WIDTH="1484" HEIGHT="46">
							<String ID="string_221" HPOS="286" VPOS="1198" WIDTH="110" HEIGHT="37" WC="0.96" CONTENT="ringen"/><SP WIDTH="19" VPOS="1198" HPOS="396"/>
							<String ID="string_222" HPOS="415" VPOS="1197" WIDTH="36" HEIGHT="30" WC="0.96" CONTENT="så"/><SP WIDTH="22" VPOS="1197" HPOS="451"/>
							<String ID="string_223" HPOS="473" VPOS="1200" WIDTH="70" HEIGHT="34" WC="0.96" CONTENT="gott"/><SP WIDTH="21" VPOS="1200" HPOS="543"/>
							<String ID="string_224" HPOS="564" VPOS="1206" WIDTH="65" HEIGHT="21" WC="0.96" CONTENT="som"/><SP WIDTH="20" VPOS="1206" HPOS="629"/>
							<String ID="string_225" HPOS="649" VPOS="1195" WIDTH="206" HEIGHT="32" WC="0.96" CONTENT="uteslutande"/><SP WIDTH="20" VPOS="1195" HPOS="855"/>
							<String ID="string_226" HPOS="875" VPOS="1194" WIDTH="93" HEIGHT="31" WC="0.96" CONTENT="torde"/><SP WIDTH="21" VPOS="1194" HPOS="968"/>
							<String ID="string_227" HPOS="989" VPOS="1204" WIDTH="76" HEIGHT="21" WC="0.96" CONTENT="vara"/><SP WIDTH="20" VPOS="1204" HPOS="1065"/>
							<String ID="string_228" HPOS="1085" VPOS="1198" WIDTH="48" HEIGHT="28" WC="0.96" CONTENT="att"/><SP WIDTH="20" VPOS="1198" HPOS="1133"/>
							<String ID="string_229" HPOS="1153" VPOS="1193" WIDTH="141" HEIGHT="31" WC="0.96" CONTENT="hänföra"/><SP WIDTH="19" VPOS="1193" HPOS="1294"/>
							<String ID="string_230" HPOS="1313" VPOS="1192" WIDTH="51" HEIGHT="31" WC="0.96" CONTENT="till"/><SP WIDTH="21" VPOS="1192" HPOS="1364"/>
							<String ID="string_231" HPOS="1385" VPOS="1192" WIDTH="155" HEIGHT="36" WC="0.96" CONTENT="faktorer,"/><SP WIDTH="21" VPOS="1192" HPOS="1540"/>
							<String ID="string_232" HPOS="1561" VPOS="1191" WIDTH="86" HEIGHT="30" WC="0.92" CONTENT="vilka"/><SP WIDTH="21" VPOS="1191" HPOS="1647"/>
							<String ID="string_233" HPOS="1668" VPOS="1189" WIDTH="102" HEIGHT="39" WC="0.92" CONTENT="bygg-"/>
						</TextLine>
						<TextLine ID="line_23" HPOS="283" VPOS="1235" WIDTH="1486" HEIGHT="41">
							<String ID="string_234" HPOS="283" VPOS="1241" WIDTH="492" HEIGHT="31" WC="0.90" CONTENT="nadsmaterialleverantörerna"/><SP WIDTH="20" VPOS="1241" HPOS="775"/>
							<String ID="string_235" HPOS="795" VPOS="1240" WIDTH="67" HEIGHT="32" WC="0.96" CONTENT="icke"/><SP WIDTH="19" VPOS="1240" HPOS="862"/>
							<String ID="string_236" HPOS="881" VPOS="1239" WIDTH="75" HEIGHT="31" WC="0.96" CONTENT="haft"/><SP WIDTH="19" VPOS="1239" HPOS="956"/>
							<String ID="string_237" HPOS="975" VPOS="1238" WIDTH="199" HEIGHT="31" WC="0.96" CONTENT="nämnvärda"/><SP WIDTH="20" VPOS="1238" HPOS="1174"/>
							<String ID="string_238" HPOS="1194" VPOS="1237" WIDTH="204" HEIGHT="39" WC="0.96" CONTENT="möjligheter"/><SP WIDTH="21" VPOS="1237" HPOS="1398"/>
							<String ID="string_239" HPOS="1419" VPOS="1240" WIDTH="49" HEIGHT="27" WC="0.96" CONTENT="att"/><SP WIDTH="22" VPOS="1240" HPOS="1468"/>
							<String ID="string_240" HPOS="1490" VPOS="1235" WIDTH="106" HEIGHT="38" WC="0.96" CONTENT="själva"/><SP WIDTH="19" VPOS="1235" HPOS="1596"/>
							<String ID="string_241" HPOS="1615" VPOS="1235" WIDTH="154" HEIGHT="38" WC="0.96" CONTENT="påverka."/>
						</TextLine>
						<TextLine ID="line_24" HPOS="285" VPOS="1279" WIDTH="1485" HEIGHT="44">
							<String ID="string_242" HPOS="285" VPOS="1287" WIDTH="183" HEIGHT="31" WC="0.96" CONTENT="Detsamma"/><SP WIDTH="22" VPOS="1287" HPOS="468"/>
							<String ID="string_243" HPOS="490" VPOS="1286" WIDTH="91" HEIGHT="30" WC="0.95" CONTENT="torde"/><SP WIDTH="21" VPOS="1286" HPOS="581"/>
							<String ID="string_244" HPOS="602" VPOS="1285" WIDTH="84" HEIGHT="38" WC="0.96" CONTENT="gälla"/><SP WIDTH="21" VPOS="1285" HPOS="686"/>
							<String ID="string_245" HPOS="707" VPOS="1284" WIDTH="64" HEIGHT="31" WC="0.92" CONTENT="den"/><SP WIDTH="19" VPOS="1284" HPOS="771"/>
							<String ID="string_246" HPOS="790" VPOS="1283" WIDTH="304" HEIGHT="38" WC="0.90" CONTENT="kostnadsstegring,"/><SP WIDTH="21" VPOS="1283" HPOS="1094"/>
							<String ID="string_247" HPOS="1115" VPOS="1292" WIDTH="67" HEIGHT="21" WC="0.96" CONTENT="som"/><SP WIDTH="20" VPOS="1292" HPOS="1182"/>
							<String ID="string_248" HPOS="1202" VPOS="1282" WIDTH="85" HEIGHT="31" WC="0.96" CONTENT="skett"/><SP WIDTH="19" VPOS="1282" HPOS="1287"/>
							<String ID="string_249" HPOS="1306" VPOS="1282" WIDTH="87" HEIGHT="31" WC="0.96" CONTENT="efter"/><SP WIDTH="19" VPOS="1282" HPOS="1393"/>
							<String ID="string_250" HPOS="1412" VPOS="1279" WIDTH="219" HEIGHT="33" WC="0.95" CONTENT="slutförandet"/><SP WIDTH="21" VPOS="1279" HPOS="1631"/>
							<String ID="string_251" HPOS="1652" VPOS="1290" WIDTH="40" HEIGHT="21" WC="0.93" CONTENT="av"/><SP WIDTH="21" VPOS="1290" HPOS="1692"/>
							<String ID="string_252" HPOS="1713" VPOS="1288" WIDTH="57" HEIGHT="21" WC="0.89" CONTENT="an-"/>
						</TextLine>
						<TextLine ID="line_25" HPOS="286" VPOS="1323" WIDTH="1484" HEIGHT="47">
							<String ID="string_253" HPOS="286" VPOS="1332" WIDTH="93" HEIGHT="38" WC="0.96" CONTENT="givna"/><SP WIDTH="25" VPOS="1332" HPOS="379"/>
							<String ID="string_254" HPOS="404" VPOS="1330" WIDTH="186" HEIGHT="38" WC="0.96" CONTENT="utredning."/><SP WIDTH="37" VPOS="1330" HPOS="590"/>
							<String ID="string_255" HPOS="627" VPOS="1330" WIDTH="50" HEIGHT="30" WC="0.66" CONTENT="Bl"/><SP WIDTH="14" VPOS="1330" HPOS="677"/>
							<String ID="string_256" HPOS="691" VPOS="1340" WIDTH="26" HEIGHT="20" WC="0.66" CONTENT="a."/><SP WIDTH="28" VPOS="1340" HPOS="717"/>
							<String ID="string_257" HPOS="745" VPOS="1330" WIDTH="42" HEIGHT="30" WC="0.93" CONTENT="ha"/><SP WIDTH="23" VPOS="1330" HPOS="787"/>
							<String ID="string_258" HPOS="810" VPOS="1327" WIDTH="395" HEIGHT="39" WC="0.90" CONTENT="transportkostnaderna,"/><SP WIDTH="25" VPOS="1327" HPOS="1205"/>
							<String ID="string_259" HPOS="1230" VPOS="1327" WIDTH="88" HEIGHT="30" WC="0.96" CONTENT="vilka"/><SP WIDTH="23" VPOS="1327" HPOS="1318"/>
							<String ID="string_260" HPOS="1341" VPOS="1327" WIDTH="54" HEIGHT="29" WC="0.96" CONTENT="för"/><SP WIDTH="24" VPOS="1327" HPOS="1395"/>
							<String ID="string_261" HPOS="1419" VPOS="1326" WIDTH="146" HEIGHT="30" WC="0.93" CONTENT="flertalet"/><SP WIDTH="24" VPOS="1326" HPOS="1565"/>
							<String ID="string_262" HPOS="1589" VPOS="1323" WIDTH="181" HEIGHT="39" WC="0.91" CONTENT="byggnads-"/>
						</TextLine>
						<TextLine ID="line_26" HPOS="285" VPOS="1369" WIDTH="1486" HEIGHT="43">
							<String ID="string_263" HPOS="285" VPOS="1376" WIDTH="147" HEIGHT="30" WC="0.96" CONTENT="material"/><SP WIDTH="17" VPOS="1376" HPOS="432"/>
							<String ID="string_264" HPOS="449" VPOS="1377" WIDTH="57" HEIGHT="29" WC="0.96" CONTENT="äro"/><SP WIDTH="16" VPOS="1377" HPOS="506"/>
							<String ID="string_265" HPOS="522" VPOS="1386" WIDTH="39" HEIGHT="20" WC="0.96" CONTENT="av"/><SP WIDTH="14" VPOS="1386" HPOS="561"/>
							<String ID="string_266" HPOS="575" VPOS="1378" WIDTH="68" HEIGHT="28" WC="0.96" CONTENT="stor"/><SP WIDTH="15" VPOS="1378" HPOS="643"/>
							<String ID="string_267" HPOS="658" VPOS="1374" WIDTH="170" HEIGHT="38" WC="0.95" CONTENT="betydelse,"/><SP WIDTH="16" VPOS="1374" HPOS="828"/>
							<String ID="string_268" HPOS="844" VPOS="1374" WIDTH="100" HEIGHT="30" WC="0.94" CONTENT="sedan"/><SP WIDTH="15" VPOS="1374" HPOS="944"/>
							<String ID="string_269" HPOS="959" VPOS="1372" WIDTH="246" HEIGHT="39" WC="0.96" CONTENT="krigsutbrottet"/><SP WIDTH="16" VPOS="1372" HPOS="1205"/>
							<String ID="string_270" HPOS="1221" VPOS="1373" WIDTH="11" HEIGHT="30" WC="0.96" CONTENT="i"/><SP WIDTH="15" VPOS="1373" HPOS="1232"/>
							<String ID="string_271" HPOS="1247" VPOS="1370" WIDTH="179" HEIGHT="39" WC="0.95" CONTENT="september"/><SP WIDTH="16" VPOS="1370" HPOS="1426"/>
							<String ID="string_272" HPOS="1442" VPOS="1370" WIDTH="80" HEIGHT="30" WC="0.93" CONTENT="1939"/><SP WIDTH="17" VPOS="1370" HPOS="1522"/>
							<String ID="string_273" HPOS="1539" VPOS="1369" WIDTH="177" HEIGHT="38" WC="0.92" CONTENT="undergått"/><SP WIDTH="15" VPOS="1369" HPOS="1716"/>
							<String ID="string_274" HPOS="1731" VPOS="1378" WIDTH="40" HEIGHT="21" WC="0.96" CONTENT="en"/>
						</TextLine>
						<TextLine ID="line_27" HPOS="284" VPOS="1413" WIDTH="1485" HEIGHT="46">
							<String ID="string_275" HPOS="284" VPOS="1421" WIDTH="126" HEIGHT="38" WC="0.96" CONTENT="mycket"/><SP WIDTH="18" VPOS="1421" HPOS="410"/>
							<String ID="string_276" HPOS="428" VPOS="1420" WIDTH="183" HEIGHT="38" WC="0.96" CONTENT="betydande"/><SP WIDTH="18" VPOS="1420" HPOS="611"/>
							<String ID="string_277" HPOS="629" VPOS="1419" WIDTH="155" HEIGHT="39" WC="0.96" CONTENT="stegring."/><SP WIDTH="22" VPOS="1419" HPOS="784"/>
							<String ID="string_278" HPOS="806" VPOS="1419" WIDTH="15" HEIGHT="29" WC="0.96" CONTENT="I"/><SP WIDTH="20" VPOS="1419" HPOS="821"/>
							<String ID="string_279" HPOS="841" VPOS="1418" WIDTH="177" HEIGHT="38" WC="0.96" CONTENT="synnerhet"/><SP WIDTH="18" VPOS="1418" HPOS="1018"/>
							<String ID="string_280" HPOS="1036" VPOS="1418" WIDTH="41" HEIGHT="30" WC="0.96" CONTENT="ha"/><SP WIDTH="18" VPOS="1418" HPOS="1077"/>
							<String ID="string_281" HPOS="1095" VPOS="1416" WIDTH="218" HEIGHT="31" WC="0.96" CONTENT="kostnaderna"/><SP WIDTH="19" VPOS="1416" HPOS="1313"/>
							<String ID="string_282" HPOS="1332" VPOS="1416" WIDTH="55" HEIGHT="30" WC="0.96" CONTENT="för"/><SP WIDTH="16" VPOS="1416" HPOS="1387"/>
							<String ID="string_283" HPOS="1403" VPOS="1415" WIDTH="250" HEIGHT="37" WC="0.96" CONTENT="biltransporter"/><SP WIDTH="16" VPOS="1415" HPOS="1653"/>
							<String ID="string_284" HPOS="1669" VPOS="1413" WIDTH="100" HEIGHT="37" WC="0.96" CONTENT="ökats,"/>
						</TextLine>
						<TextLine ID="line_28" HPOS="285" VPOS="1458" WIDTH="1486" HEIGHT="42">
							<String ID="string_285" HPOS="285" VPOS="1467" WIDTH="11" HEIGHT="30" WC="0.95" CONTENT="i"/><SP WIDTH="22" VPOS="1467" HPOS="296"/>
							<String ID="string_286" HPOS="318" VPOS="1466" WIDTH="82" HEIGHT="30" WC="0.95" CONTENT="vissa"/><SP WIDTH="24" VPOS="1466" HPOS="400"/>
							<String ID="string_287" HPOS="424" VPOS="1465" WIDTH="61" HEIGHT="31" WC="0.96" CONTENT="fall"/><SP WIDTH="22" VPOS="1465" HPOS="485"/>
							<String ID="string_288" HPOS="507" VPOS="1465" WIDTH="71" HEIGHT="31" WC="0.96" CONTENT="med"/><SP WIDTH="20" VPOS="1465" HPOS="578"/>
							<String ID="string_289" HPOS="598" VPOS="1464" WIDTH="86" HEIGHT="31" WC="0.96" CONTENT="ända"/><SP WIDTH="20" VPOS="1464" HPOS="684"/>
							<String ID="string_290" HPOS="704" VPOS="1464" WIDTH="54" HEIGHT="31" WC="0.96" CONTENT="till"/><SP WIDTH="22" VPOS="1464" HPOS="758"/>
							<String ID="string_291" HPOS="780" VPOS="1464" WIDTH="58" HEIGHT="30" WC="0.95" CONTENT="100"/><SP WIDTH="25" VPOS="1464" HPOS="838"/>
							<String ID="string_292" HPOS="863" VPOS="1463" WIDTH="46" HEIGHT="37" WC="0.53" CONTENT="Ze."/><SP WIDTH="24" VPOS="1463" HPOS="909"/>
							<String ID="string_293" HPOS="933" VPOS="1462" WIDTH="224" HEIGHT="38" WC="0.92" CONTENT="Fördyringen"/><SP WIDTH="22" VPOS="1462" HPOS="1157"/>
							<String ID="string_294" HPOS="1179" VPOS="1472" WIDTH="39" HEIGHT="20" WC="0.93" CONTENT="av"/><SP WIDTH="22" VPOS="1472" HPOS="1218"/>
							<String ID="string_295" HPOS="1240" VPOS="1461" WIDTH="400" HEIGHT="38" WC="0.91" CONTENT="järnvägstransporterna"/><SP WIDTH="20" VPOS="1461" HPOS="1640"/>
							<String ID="string_296" HPOS="1660" VPOS="1458" WIDTH="42" HEIGHT="30" WC="0.93" CONTENT="ha"/><SP WIDTH="21" VPOS="1458" HPOS="1702"/>
							<String ID="string_297" HPOS="1723" VPOS="1459" WIDTH="48" HEIGHT="29" WC="0.92" CONTENT="in-"/>
						</TextLine>
						<TextLine ID="line_29" HPOS="285" VPOS="1503" WIDTH="1486" HEIGHT="44">
							<String ID="string_298" HPOS="285" VPOS="1510" WIDTH="131" HEIGHT="32" WC="0.92" CONTENT="skränkt"/><SP WIDTH="17" VPOS="1510" HPOS="416"/>
							<String ID="string_299" HPOS="433" VPOS="1510" WIDTH="50" HEIGHT="37" WC="0.96" CONTENT="sig"/><SP WIDTH="15" VPOS="1510" HPOS="483"/>
							<String ID="string_300" HPOS="498" VPOS="1510" WIDTH="51" HEIGHT="30" WC="0.96" CONTENT="till"/><SP WIDTH="17" VPOS="1510" HPOS="549"/>
							<String ID="string_301" HPOS="566" VPOS="1509" WIDTH="62" HEIGHT="31" WC="0.93" CONTENT="den"/><SP WIDTH="15" VPOS="1509" HPOS="628"/>
							<String ID="string_302" HPOS="643" VPOS="1508" WIDTH="235" HEIGHT="38" WC="0.91" CONTENT="tioprocentiga"/><SP WIDTH="14" VPOS="1508" HPOS="878"/>
							<String ID="string_303" HPOS="892" VPOS="1506" WIDTH="223" HEIGHT="39" WC="0.89" CONTENT="taxehöjning,"/><SP WIDTH="18" VPOS="1506" HPOS="1115"/>
							<String ID="string_304" HPOS="1133" VPOS="1516" WIDTH="66" HEIGHT="21" WC="0.96" CONTENT="som"/><SP WIDTH="18" VPOS="1516" HPOS="1199"/>
							<String ID="string_305" HPOS="1217" VPOS="1506" WIDTH="80" HEIGHT="37" WC="0.95" CONTENT="ägde"/><SP WIDTH="15" VPOS="1506" HPOS="1297"/>
							<String ID="string_306" HPOS="1312" VPOS="1515" WIDTH="72" HEIGHT="20" WC="0.96" CONTENT="rum"/><SP WIDTH="14" VPOS="1515" HPOS="1384"/>
							<String ID="string_307" HPOS="1398" VPOS="1505" WIDTH="106" HEIGHT="30" WC="0.96" CONTENT="under"/><SP WIDTH="13" VPOS="1505" HPOS="1504"/>
							<String ID="string_308" HPOS="1517" VPOS="1505" WIDTH="36" HEIGHT="29" WC="0.96" CONTENT="år"/><SP WIDTH="16" VPOS="1505" HPOS="1553"/>
							<String ID="string_309" HPOS="1569" VPOS="1503" WIDTH="89" HEIGHT="37" WC="0.93" CONTENT="1940,"/><SP WIDTH="17" VPOS="1503" HPOS="1658"/>
							<String ID="string_310" HPOS="1675" VPOS="1505" WIDTH="96" HEIGHT="29" WC="0.90" CONTENT="även-"/>
						</TextLine>
						<TextLine ID="line_30" HPOS="285" VPOS="1547" WIDTH="1484" HEIGHT="45">
							<String ID="string_311" HPOS="285" VPOS="1565" WIDTH="67" HEIGHT="20" WC="0.94" CONTENT="som"/><SP WIDTH="17" VPOS="1565" HPOS="352"/>
							<String ID="string_312" HPOS="369" VPOS="1555" WIDTH="51" HEIGHT="30" WC="0.94" CONTENT="till"/><SP WIDTH="18" VPOS="1555" HPOS="420"/>
							<String ID="string_313" HPOS="438" VPOS="1553" WIDTH="211" HEIGHT="39" WC="0.96" CONTENT="borttagande"/><SP WIDTH="19" VPOS="1553" HPOS="649"/>
							<String ID="string_314" HPOS="668" VPOS="1563" WIDTH="42" HEIGHT="20" WC="0.96" CONTENT="av"/><SP WIDTH="18" VPOS="1563" HPOS="710"/>
							<String ID="string_315" HPOS="728" VPOS="1553" WIDTH="138" HEIGHT="37" WC="0.96" CONTENT="tidigare"/><SP WIDTH="17" VPOS="1553" HPOS="866"/>
							<String ID="string_316" HPOS="883" VPOS="1551" WIDTH="161" HEIGHT="39" WC="0.93" CONTENT="utgående"/><SP WIDTH="17" VPOS="1551" HPOS="1044"/>
							<String ID="string_317" HPOS="1061" VPOS="1549" WIDTH="270" HEIGHT="40" WC="0.91" CONTENT="specialrabatter."/><SP WIDTH="29" VPOS="1549" HPOS="1331"/>
							<String ID="string_318" HPOS="1360" VPOS="1549" WIDTH="68" HEIGHT="31" WC="0.95" CONTENT="Vid"/><SP WIDTH="18" VPOS="1549" HPOS="1428"/>
							<String ID="string_319" HPOS="1446" VPOS="1549" WIDTH="93" HEIGHT="30" WC="0.95" CONTENT="sidan"/><SP WIDTH="18" VPOS="1549" HPOS="1539"/>
							<String ID="string_320" HPOS="1557" VPOS="1558" WIDTH="39" HEIGHT="20" WC="0.96" CONTENT="av"/><SP WIDTH="19" VPOS="1558" HPOS="1596"/>
							<String ID="string_321" HPOS="1615" VPOS="1548" WIDTH="40" HEIGHT="31" WC="0.96" CONTENT="de"/><SP WIDTH="16" VPOS="1548" HPOS="1655"/>
							<String ID="string_322" HPOS="1671" VPOS="1547" WIDTH="98" HEIGHT="37" WC="0.96" CONTENT="höjda"/>
						</TextLine>
						<TextLine ID="line_31" HPOS="285" VPOS="1591" WIDTH="1485" HEIGHT="46">
							<String ID="string_323" HPOS="285" VPOS="1598" WIDTH="383" HEIGHT="39" WC="0.92" CONTENT="transportkostnaderna"/><SP WIDTH="22" VPOS="1598" HPOS="668"/>
							<String ID="string_324" HPOS="690" VPOS="1598" WIDTH="41" HEIGHT="31" WC="0.93" CONTENT="ha"/><SP WIDTH="23" VPOS="1598" HPOS="731"/>
							<String ID="string_325" HPOS="754" VPOS="1597" WIDTH="296" HEIGHT="38" WC="0.92" CONTENT="prisstegringarna"/><SP WIDTH="21" VPOS="1597" HPOS="1050"/>
							<String ID="string_326" HPOS="1071" VPOS="1596" WIDTH="54" HEIGHT="30" WC="0.96" CONTENT="för"/><SP WIDTH="21" VPOS="1596" HPOS="1125"/>
							<String ID="string_327" HPOS="1146" VPOS="1594" WIDTH="129" HEIGHT="32" WC="0.96" CONTENT="bränsle"/><SP WIDTH="20" VPOS="1594" HPOS="1275"/>
							<String ID="string_328" HPOS="1295" VPOS="1594" WIDTH="103" HEIGHT="38" WC="0.96" CONTENT="spelat"/><SP WIDTH="21" VPOS="1594" HPOS="1398"/>
							<String ID="string_329" HPOS="1419" VPOS="1604" WIDTH="39" HEIGHT="21" WC="0.96" CONTENT="en"/><SP WIDTH="23" VPOS="1604" HPOS="1458"/>
							<String ID="string_330" HPOS="1481" VPOS="1597" WIDTH="68" HEIGHT="27" WC="0.96" CONTENT="stor"/><SP WIDTH="20" VPOS="1597" HPOS="1549"/>
							<String ID="string_331" HPOS="1569" VPOS="1592" WIDTH="69" HEIGHT="31" WC="0.94" CONTENT="roll."/><SP WIDTH="34" VPOS="1592" HPOS="1638"/>
							<String ID="string_332" HPOS="1672" VPOS="1591" WIDTH="98" HEIGHT="31" WC="0.96" CONTENT="Flera"/>
						</TextLine>
						<TextLine ID="line_32" HPOS="284" VPOS="1636" WIDTH="1486" HEIGHT="46">
							<String ID="string_333" HPOS="284" VPOS="1642" WIDTH="456" HEIGHT="40" WC="0.90" CONTENT="byggnadsämnesindustrier"/><SP WIDTH="32" VPOS="1642" HPOS="740"/>
							<String ID="string_334" HPOS="772" VPOS="1643" WIDTH="55" HEIGHT="29" WC="0.96" CONTENT="äro"/><SP WIDTH="29" VPOS="1643" HPOS="827"/>
							<String ID="string_335" HPOS="856" VPOS="1641" WIDTH="108" HEIGHT="31" WC="0.92" CONTENT="starkt"/><SP WIDTH="31" VPOS="1641" HPOS="964"/>
							<String ID="string_336" HPOS="995" VPOS="1640" WIDTH="291" HEIGHT="31" WC="0.92" CONTENT="bränslekrävande"/><SP WIDTH="31" VPOS="1640" HPOS="1286"/>
							<String ID="string_337" HPOS="1317" VPOS="1643" WIDTH="81" HEIGHT="26" WC="0.93" CONTENT="t.ex."/><SP WIDTH="24" VPOS="1643" HPOS="1398"/>
							<String ID="string_338" HPOS="1422" VPOS="1637" WIDTH="270" HEIGHT="32" WC="0.91" CONTENT="cementfabriker"/><SP WIDTH="21" VPOS="1637" HPOS="1692"/>
							<String ID="string_339" HPOS="1713" VPOS="1636" WIDTH="57" HEIGHT="31" WC="0.96" CONTENT="och"/>
						</TextLine>
						<TextLine ID="line_33" HPOS="284" VPOS="1680" WIDTH="1484" HEIGHT="46">
							<String ID="string_340" HPOS="284" VPOS="1688" WIDTH="176" HEIGHT="38" WC="0.96" CONTENT="tegelbruk."/><SP WIDTH="30" VPOS="1688" HPOS="460"/>
							<String ID="string_341" HPOS="490" VPOS="1687" WIDTH="107" HEIGHT="31" WC="0.96" CONTENT="Bland"/><SP WIDTH="19" VPOS="1687" HPOS="597"/>
							<String ID="string_342" HPOS="616" VPOS="1687" WIDTH="113" HEIGHT="38" WC="0.92" CONTENT="övriga"/><SP WIDTH="14" VPOS="1687" HPOS="729"/>
							<String ID="string_343" HPOS="743" VPOS="1685" WIDTH="327" HEIGHT="38" WC="0.91" CONTENT="kostnadsstegrande"/><SP WIDTH="15" VPOS="1685" HPOS="1070"/>
							<String ID="string_344" HPOS="1085" VPOS="1685" WIDTH="147" HEIGHT="30" WC="0.96" CONTENT="faktorer"/><SP WIDTH="15" VPOS="1685" HPOS="1232"/>
							<String ID="string_345" HPOS="1247" VPOS="1684" WIDTH="126" HEIGHT="30" WC="0.92" CONTENT="märkas"/><SP WIDTH="14" VPOS="1684" HPOS="1373"/>
							<String ID="string_346" HPOS="1387" VPOS="1682" WIDTH="192" HEIGHT="39" WC="0.91" CONTENT="stegringen"/><SP WIDTH="15" VPOS="1682" HPOS="1579"/>
							<String ID="string_347" HPOS="1594" VPOS="1692" WIDTH="40" HEIGHT="20" WC="0.93" CONTENT="av"/><SP WIDTH="17" VPOS="1692" HPOS="1634"/>
							<String ID="string_348" HPOS="1651" VPOS="1680" WIDTH="117" HEIGHT="32" WC="0.91" CONTENT="arbets-"/>
						</TextLine>
						<TextLine ID="line_34" HPOS="282" VPOS="1726" WIDTH="1487" HEIGHT="44">
							<String ID="string_349" HPOS="282" VPOS="1733" WIDTH="132" HEIGHT="31" WC="0.96" CONTENT="lönerna"/><SP WIDTH="17" VPOS="1733" HPOS="414"/>
							<String ID="string_350" HPOS="431" VPOS="1742" WIDTH="111" HEIGHT="28" WC="0.93" CONTENT="genom"/><SP WIDTH="17" VPOS="1742" HPOS="542"/>
							<String ID="string_351" HPOS="559" VPOS="1731" WIDTH="302" HEIGHT="39" WC="0.92" CONTENT="indexregleringen"/><SP WIDTH="14" VPOS="1731" HPOS="861"/>
							<String ID="string_352" HPOS="875" VPOS="1741" WIDTH="41" HEIGHT="20" WC="0.96" CONTENT="av"/><SP WIDTH="15" VPOS="1741" HPOS="916"/>
							<String ID="string_353" HPOS="931" VPOS="1731" WIDTH="135" HEIGHT="30" WC="0.96" CONTENT="lönerna"/><SP WIDTH="15" VPOS="1731" HPOS="1066"/>
							<String ID="string_354" HPOS="1081" VPOS="1730" WIDTH="57" HEIGHT="31" WC="0.91" CONTENT="och"/><SP WIDTH="15" VPOS="1730" HPOS="1138"/>
							<String ID="string_355" HPOS="1153" VPOS="1727" WIDTH="373" HEIGHT="37" WC="0.91" CONTENT="semesterersättningen"/><SP WIDTH="14" VPOS="1727" HPOS="1526"/>
							<String ID="string_356" HPOS="1540" VPOS="1728" WIDTH="148" HEIGHT="29" WC="0.96" CONTENT="ävensom"/><SP WIDTH="17" VPOS="1728" HPOS="1688"/>
							<String ID="string_357" HPOS="1705" VPOS="1726" WIDTH="64" HEIGHT="31" WC="0.96" CONTENT="den"/>
						</TextLine>
						<TextLine ID="line_35" HPOS="285" VPOS="1771" WIDTH="1483" HEIGHT="44">
							<String ID="string_358" HPOS="285" VPOS="1778" WIDTH="134" HEIGHT="31" WC="0.50" CONTENT="fr.o.m."/><SP WIDTH="19" VPOS="1778" HPOS="419"/>
							<String ID="string_359" HPOS="438" VPOS="1778" WIDTH="161" HEIGHT="37" WC="0.96" CONTENT="ingången"/><SP WIDTH="18" VPOS="1778" HPOS="599"/>
							<String ID="string_360" HPOS="617" VPOS="1787" WIDTH="39" HEIGHT="20" WC="0.96" CONTENT="av"/><SP WIDTH="17" VPOS="1787" HPOS="656"/>
							<String ID="string_361" HPOS="673" VPOS="1777" WIDTH="37" HEIGHT="30" WC="0.97" CONTENT="år"/><SP WIDTH="20" VPOS="1777" HPOS="710"/>
							<String ID="string_362" HPOS="730" VPOS="1777" WIDTH="78" HEIGHT="30" WC="0.96" CONTENT="1941"/><SP WIDTH="19" VPOS="1777" HPOS="808"/>
							<String ID="string_363" HPOS="827" VPOS="1775" WIDTH="134" HEIGHT="31" WC="0.93" CONTENT="införda"/><SP WIDTH="16" VPOS="1775" HPOS="961"/>
							<String ID="string_364" HPOS="977" VPOS="1774" WIDTH="353" HEIGHT="38" WC="0.90" CONTENT="omsättningsskatten,"/><SP WIDTH="16" VPOS="1774" HPOS="1330"/>
							<String ID="string_365" HPOS="1346" VPOS="1773" WIDTH="110" HEIGHT="30" WC="0.96" CONTENT="vilken"/><SP WIDTH="16" VPOS="1773" HPOS="1456"/>
							<String ID="string_366" HPOS="1472" VPOS="1771" WIDTH="135" HEIGHT="32" WC="0.96" CONTENT="drabbat"/><SP WIDTH="17" VPOS="1771" HPOS="1607"/>
							<String ID="string_367" HPOS="1624" VPOS="1775" WIDTH="46" HEIGHT="28" WC="0.96" CONTENT="ett"/><SP WIDTH="17" VPOS="1775" HPOS="1670"/>
							<String ID="string_368" HPOS="1687" VPOS="1774" WIDTH="81" HEIGHT="27" WC="0.96" CONTENT="stort"/>
						</TextLine>
						<TextLine ID="line_36" HPOS="284" VPOS="1815" WIDTH="1485" HEIGHT="44">
							<String ID="string_369" HPOS="284" VPOS="1823" WIDTH="88" HEIGHT="30" WC="0.96" CONTENT="antal"/><SP WIDTH="19" VPOS="1823" HPOS="372"/>
							<String ID="string_370" HPOS="391" VPOS="1832" WIDTH="97" HEIGHT="21" WC="0.96" CONTENT="varor"/><SP WIDTH="19" VPOS="1832" HPOS="488"/>
							<String ID="string_371" HPOS="507" VPOS="1822" WIDTH="87" HEIGHT="30" WC="0.93" CONTENT="inom"/><SP WIDTH="17" VPOS="1822" HPOS="594"/>
							<String ID="string_372" HPOS="611" VPOS="1820" WIDTH="474" HEIGHT="39" WC="0.91" CONTENT="byggnadsmaterialgruppen."/><SP WIDTH="30" VPOS="1820" HPOS="1085"/>
							<String ID="string_373" HPOS="1115" VPOS="1818" WIDTH="187" HEIGHT="31" WC="0.91" CONTENT="Anmärkas"/><SP WIDTH="18" VPOS="1818" HPOS="1302"/>
							<String ID="string_374" HPOS="1320" VPOS="1818" WIDTH="52" HEIGHT="30" WC="0.95" CONTENT="må"/><SP WIDTH="19" VPOS="1818" HPOS="1372"/>
							<String ID="string_375" HPOS="1391" VPOS="1818" WIDTH="10" HEIGHT="30" WC="0.95" CONTENT="i"/><SP WIDTH="19" VPOS="1818" HPOS="1401"/>
							<String ID="string_376" HPOS="1420" VPOS="1817" WIDTH="92" HEIGHT="31" WC="0.96" CONTENT="detta"/><SP WIDTH="16" VPOS="1817" HPOS="1512"/>
							<String ID="string_377" HPOS="1528" VPOS="1815" WIDTH="241" HEIGHT="38" WC="0.95" CONTENT="sammanhang,"/>
						</TextLine>
						<TextLine ID="line_37" HPOS="284" VPOS="1860" WIDTH="1486" HEIGHT="46">
							<String ID="string_378" HPOS="284" VPOS="1871" WIDTH="44" HEIGHT="27" WC="0.96" CONTENT="att"/><SP WIDTH="18" VPOS="1871" HPOS="328"/>
							<String ID="string_379" HPOS="346" VPOS="1868" WIDTH="147" HEIGHT="38" WC="0.92" CONTENT="priserna"/><SP WIDTH="15" VPOS="1868" HPOS="493"/>
							<String ID="string_380" HPOS="508" VPOS="1868" WIDTH="19" HEIGHT="30" WC="0.92" CONTENT="å"/><SP WIDTH="16" VPOS="1868" HPOS="527"/>
							<String ID="string_381" HPOS="543" VPOS="1866" WIDTH="316" HEIGHT="38" WC="0.95" CONTENT="byggnadsmaterial"/><SP WIDTH="15" VPOS="1866" HPOS="859"/>
							<String ID="string_382" HPOS="874" VPOS="1865" WIDTH="106" HEIGHT="31" WC="0.96" CONTENT="under"/><SP WIDTH="15" VPOS="1865" HPOS="980"/>
							<String ID="string_383" HPOS="995" VPOS="1865" WIDTH="11" HEIGHT="29" WC="0.96" CONTENT="i"/><SP WIDTH="16" VPOS="1865" HPOS="1006"/>
							<String ID="string_384" HPOS="1022" VPOS="1864" WIDTH="53" HEIGHT="31" WC="0.96" CONTENT="det"/><SP WIDTH="15" VPOS="1864" HPOS="1075"/>
							<String ID="string_385" HPOS="1090" VPOS="1865" WIDTH="163" HEIGHT="29" WC="0.95" CONTENT="närmaste"/><SP WIDTH="15" VPOS="1865" HPOS="1253"/>
							<String ID="string_386" HPOS="1268" VPOS="1863" WIDTH="71" HEIGHT="30" WC="0.93" CONTENT="hela"/><SP WIDTH="15" VPOS="1863" HPOS="1339"/>
							<String ID="string_387" HPOS="1354" VPOS="1861" WIDTH="182" HEIGHT="38" WC="0.92" CONTENT="krigstiden"/><SP WIDTH="14" VPOS="1861" HPOS="1536"/>
							<String ID="string_388" HPOS="1550" VPOS="1861" WIDTH="84" HEIGHT="30" WC="0.93" CONTENT="varit"/><SP WIDTH="15" VPOS="1861" HPOS="1634"/>
							<String ID="string_389" HPOS="1649" VPOS="1860" WIDTH="121" HEIGHT="31" WC="0.91" CONTENT="under-"/>
						</TextLine>
						<TextLine ID="line_38" HPOS="283" VPOS="1910" WIDTH="901" HEIGHT="40">
							<String ID="string_390" HPOS="283" VPOS="1912" WIDTH="127" HEIGHT="31" WC="0.96" CONTENT="kastade"/><SP WIDTH="17" VPOS="1912" HPOS="410"/>
							<String ID="string_391" HPOS="427" VPOS="1912" WIDTH="217" HEIGHT="38" WC="0.96" CONTENT="övervakning"/><SP WIDTH="16" VPOS="1912" HPOS="644"/>
							<String ID="string_392" HPOS="660" VPOS="1921" WIDTH="42" HEIGHT="21" WC="0.96" CONTENT="av"/><SP WIDTH="16" VPOS="1921" HPOS="702"/>
							<String ID="string_393" HPOS="718" VPOS="1911" WIDTH="128" HEIGHT="37" WC="0.93" CONTENT="statliga"/><SP WIDTH="16" VPOS="1911" HPOS="846"/>
							<String ID="string_394" HPOS="862" VPOS="1910" WIDTH="322" HEIGHT="38" WC="0.91" CONTENT="priskontrollorgan."/>
						</TextLine>
					</TextBlock>
					<TextBlock ID="block_4" HPOS="280" VPOS="1952" WIDTH="1489" HEIGHT="397">
						<TextLine ID="line_39" HPOS="366" VPOS="1952" WIDTH="1403" HEIGHT="41">
							<String ID="string_395" HPOS="366" VPOS="1956" WIDTH="71" HEIGHT="31" WC="0.96" CONTENT="Mot"/><SP WIDTH="20" VPOS="1956" HPOS="437"/>
							<String ID="string_396" HPOS="457" VPOS="1956" WIDTH="161" HEIGHT="31" WC="0.96" CONTENT="motionen"/><SP WIDTH="20" VPOS="1956" HPOS="618"/>
							<String ID="string_397" HPOS="638" VPOS="1955" WIDTH="92" HEIGHT="31" WC="0.96" CONTENT="torde"/><SP WIDTH="21" VPOS="1955" HPOS="730"/>
							<String ID="string_398" HPOS="751" VPOS="1955" WIDTH="188" HEIGHT="38" WC="0.96" CONTENT="ytterligare"/><SP WIDTH="20" VPOS="1955" HPOS="939"/>
							<String ID="string_399" HPOS="959" VPOS="1956" WIDTH="107" HEIGHT="30" WC="0.96" CONTENT="kunna"/><SP WIDTH="19" VPOS="1956" HPOS="1066"/>
							<String ID="string_400" HPOS="1085" VPOS="1955" WIDTH="105" HEIGHT="30" WC="0.96" CONTENT="riktas"/><SP WIDTH="20" VPOS="1955" HPOS="1190"/>
							<String ID="string_401" HPOS="1210" VPOS="1954" WIDTH="63" HEIGHT="31" WC="0.96" CONTENT="den"/><SP WIDTH="21" VPOS="1954" HPOS="1273"/>
							<String ID="string_402" HPOS="1294" VPOS="1954" WIDTH="136" HEIGHT="37" WC="0.96" CONTENT="erinran,"/><SP WIDTH="22" VPOS="1954" HPOS="1430"/>
							<String ID="string_403" HPOS="1452" VPOS="1957" WIDTH="50" HEIGHT="28" WC="0.93" CONTENT="att"/><SP WIDTH="19" VPOS="1957" HPOS="1502"/>
							<String ID="string_404" HPOS="1521" VPOS="1954" WIDTH="80" HEIGHT="37" WC="0.91" CONTENT="pris-"/><SP WIDTH="20" VPOS="1954" HPOS="1601"/>
							<String ID="string_405" HPOS="1621" VPOS="1952" WIDTH="59" HEIGHT="31" WC="0.92" CONTENT="och"/><SP WIDTH="21" VPOS="1952" HPOS="1680"/>
							<String ID="string_406" HPOS="1701" VPOS="1953" WIDTH="68" HEIGHT="30" WC="0.92" CONTENT="för-"/>
						</TextLine>
						<TextLine ID="line_40" HPOS="283" VPOS="1998" WIDTH="1485" HEIGHT="41">
							<String ID="string_407" HPOS="283" VPOS="2000" WIDTH="352" HEIGHT="39" WC="0.90" CONTENT="säljningskartellerna"/><SP WIDTH="15" VPOS="2000" HPOS="635"/>
							<String ID="string_408" HPOS="650" VPOS="2000" WIDTH="73" HEIGHT="31" WC="0.96" CONTENT="däri"/><SP WIDTH="15" VPOS="2000" HPOS="723"/>
							<String ID="string_409" HPOS="738" VPOS="2000" WIDTH="176" HEIGHT="31" WC="0.96" CONTENT="tillskrivas"/><SP WIDTH="17" VPOS="2000" HPOS="914"/>
							<String ID="string_410" HPOS="931" VPOS="2003" WIDTH="47" HEIGHT="27" WC="0.96" CONTENT="ett"/><SP WIDTH="17" VPOS="2003" HPOS="978"/>
							<String ID="string_411" HPOS="995" VPOS="2000" WIDTH="100" HEIGHT="30" WC="0.96" CONTENT="större"/><SP WIDTH="15" VPOS="2000" HPOS="1095"/>
							<String ID="string_412" HPOS="1110" VPOS="1999" WIDTH="187" HEIGHT="37" WC="0.93" CONTENT="inflytande"/><SP WIDTH="15" VPOS="1999" HPOS="1297"/>
							<String ID="string_413" HPOS="1312" VPOS="1998" WIDTH="19" HEIGHT="30" WC="0.91" CONTENT="å"/><SP WIDTH="16" VPOS="1998" HPOS="1331"/>
							<String ID="string_414" HPOS="1347" VPOS="1998" WIDTH="259" HEIGHT="38" WC="0.90" CONTENT="prisbildningen"/><SP WIDTH="15" VPOS="1998" HPOS="1606"/>
							<String ID="string_415" HPOS="1621" VPOS="1998" WIDTH="41" HEIGHT="29" WC="0.96" CONTENT="än"/><SP WIDTH="17" VPOS="1998" HPOS="1662"/>
							<String ID="string_416" HPOS="1679" VPOS="1998" WIDTH="89" HEIGHT="31" WC="0.96" CONTENT="dessa"/>
						</TextLine>
						<TextLine ID="line_41" HPOS="283" VPOS="2042" WIDTH="1486" HEIGHT="42">
							<String ID="string_417" HPOS="283" VPOS="2046" WIDTH="11" HEIGHT="31" WC="0.96" CONTENT="i"/><SP WIDTH="18" VPOS="2046" HPOS="294"/>
							<String ID="string_418" HPOS="312" VPOS="2045" WIDTH="168" HEIGHT="32" WC="0.95" CONTENT="realiteten"/><SP WIDTH="18" VPOS="2045" HPOS="480"/>
							<String ID="string_419" HPOS="498" VPOS="2047" WIDTH="68" HEIGHT="37" WC="0.95" CONTENT="äga."/><SP WIDTH="29" VPOS="2047" HPOS="566"/>
							<String ID="string_420" HPOS="595" VPOS="2046" WIDTH="16" HEIGHT="29" WC="0.95" CONTENT="I"/><SP WIDTH="18" VPOS="2046" HPOS="611"/>
							<String ID="string_421" HPOS="629" VPOS="2045" WIDTH="178" HEIGHT="38" WC="0.96" CONTENT="anledning"/><SP WIDTH="16" VPOS="2045" HPOS="807"/>
							<String ID="string_422" HPOS="823" VPOS="2054" WIDTH="39" HEIGHT="21" WC="0.96" CONTENT="av"/><SP WIDTH="18" VPOS="2054" HPOS="862"/>
							<String ID="string_423" HPOS="880" VPOS="2044" WIDTH="62" HEIGHT="32" WC="0.96" CONTENT="den"/><SP WIDTH="18" VPOS="2044" HPOS="942"/>
							<String ID="string_424" HPOS="960" VPOS="2054" WIDTH="41" HEIGHT="20" WC="0.96" CONTENT="av"/><SP WIDTH="16" VPOS="2054" HPOS="1001"/>
							<String ID="string_425" HPOS="1017" VPOS="2044" WIDTH="239" HEIGHT="31" WC="0.96" CONTENT="motionärerna"/><SP WIDTH="16" VPOS="2044" HPOS="1256"/>
							<String ID="string_426" HPOS="1272" VPOS="2043" WIDTH="146" HEIGHT="31" WC="0.96" CONTENT="hävdade"/><SP WIDTH="18" VPOS="2043" HPOS="1418"/>
							<String ID="string_427" HPOS="1436" VPOS="2042" WIDTH="265" HEIGHT="39" WC="0.96" CONTENT="uppfattningen,"/><SP WIDTH="19" VPOS="2042" HPOS="1701"/>
							<String ID="string_428" HPOS="1720" VPOS="2044" WIDTH="49" HEIGHT="28" WC="0.96" CONTENT="att"/>
						</TextLine>
						<TextLine ID="line_42" HPOS="283" VPOS="2086" WIDTH="1485" HEIGHT="40">
							<String ID="string_429" HPOS="283" VPOS="2090" WIDTH="198" HEIGHT="30" WC="0.91" CONTENT="kartellerna"/><SP WIDTH="20" VPOS="2090" HPOS="481"/>
							<String ID="string_430" HPOS="501" VPOS="2090" WIDTH="103" HEIGHT="30" WC="0.96" CONTENT="skulle"/><SP WIDTH="19" VPOS="2090" HPOS="604"/>
							<String ID="string_431" HPOS="623" VPOS="2089" WIDTH="41" HEIGHT="32" WC="0.97" CONTENT="ha"/><SP WIDTH="20" VPOS="2089" HPOS="664"/>
							<String ID="string_432" HPOS="684" VPOS="2089" WIDTH="192" HEIGHT="31" WC="0.96" CONTENT="missbrukat"/><SP WIDTH="18" VPOS="2089" HPOS="876"/>
							<String ID="string_433" HPOS="894" VPOS="2089" WIDTH="54" HEIGHT="31" WC="0.96" CONTENT="sin"/><SP WIDTH="19" VPOS="2089" HPOS="948"/>
							<String ID="string_434" HPOS="967" VPOS="2089" WIDTH="163" HEIGHT="37" WC="0.96" CONTENT="ställning,"/><SP WIDTH="21" VPOS="2089" HPOS="1130"/>
							<String ID="string_435" HPOS="1151" VPOS="2089" WIDTH="55" HEIGHT="30" WC="0.96" CONTENT="får"/><SP WIDTH="19" VPOS="2089" HPOS="1206"/>
							<String ID="string_436" HPOS="1225" VPOS="2087" WIDTH="329" HEIGHT="31" WC="0.95" CONTENT="Handelskammaren"/><SP WIDTH="20" VPOS="2087" HPOS="1554"/>
							<String ID="string_437" HPOS="1574" VPOS="2087" WIDTH="55" HEIGHT="30" WC="0.95" CONTENT="för"/><SP WIDTH="17" VPOS="2087" HPOS="1629"/>
							<String ID="string_438" HPOS="1646" VPOS="2087" WIDTH="51" HEIGHT="30" WC="0.96" CONTENT="sin"/><SP WIDTH="19" VPOS="2087" HPOS="1697"/>
							<String ID="string_439" HPOS="1716" VPOS="2086" WIDTH="52" HEIGHT="31" WC="0.96" CONTENT="del"/>
						</TextLine>
						<TextLine ID="line_43" HPOS="283" VPOS="2130" WIDTH="1486" HEIGHT="42">
							<String ID="string_440" HPOS="283" VPOS="2134" WIDTH="113" HEIGHT="38" WC="0.95" CONTENT="uttala,"/><SP WIDTH="24" VPOS="2134" HPOS="396"/>
							<String ID="string_441" HPOS="420" VPOS="2137" WIDTH="50" HEIGHT="28" WC="0.96" CONTENT="att"/><SP WIDTH="22" VPOS="2137" HPOS="470"/>
							<String ID="string_442" HPOS="492" VPOS="2134" WIDTH="329" HEIGHT="31" WC="0.95" CONTENT="Handelskammaren"/><SP WIDTH="18" VPOS="2134" HPOS="821"/>
							<String ID="string_443" HPOS="839" VPOS="2134" WIDTH="81" HEIGHT="30" WC="0.92" CONTENT="visst"/><SP WIDTH="21" VPOS="2134" HPOS="920"/>
							<String ID="string_444" HPOS="941" VPOS="2134" WIDTH="68" HEIGHT="31" WC="0.92" CONTENT="ieke"/><SP WIDTH="21" VPOS="2134" HPOS="1009"/>
							<String ID="string_445" HPOS="1030" VPOS="2134" WIDTH="54" HEIGHT="30" WC="0.96" CONTENT="vill"/><SP WIDTH="20" VPOS="2134" HPOS="1084"/>
							<String ID="string_446" HPOS="1104" VPOS="2133" WIDTH="147" HEIGHT="37" WC="0.96" CONTENT="förneka,"/><SP WIDTH="22" VPOS="2133" HPOS="1251"/>
							<String ID="string_447" HPOS="1273" VPOS="2136" WIDTH="50" HEIGHT="28" WC="0.96" CONTENT="att"/><SP WIDTH="20" VPOS="2136" HPOS="1323"/>
							<String ID="string_448" HPOS="1343" VPOS="2132" WIDTH="60" HEIGHT="31" WC="0.95" CONTENT="fall"/><SP WIDTH="20" VPOS="2132" HPOS="1403"/>
							<String ID="string_449" HPOS="1423" VPOS="2132" WIDTH="43" HEIGHT="31" WC="0.96" CONTENT="ha"/><SP WIDTH="21" VPOS="2132" HPOS="1466"/>
							<String ID="string_450" HPOS="1487" VPOS="2131" WIDTH="203" HEIGHT="31" WC="0.96" CONTENT="förekommit"/><SP WIDTH="21" VPOS="2131" HPOS="1690"/>
							<String ID="string_451" HPOS="1711" VPOS="2130" WIDTH="58" HEIGHT="32" WC="0.97" CONTENT="och"/>
						</TextLine>
						<TextLine ID="line_44" HPOS="282" VPOS="2175" WIDTH="1486" HEIGHT="42">
							<String ID="string_452" HPOS="282" VPOS="2179" WIDTH="142" HEIGHT="38" WC="0.96" CONTENT="alltjämt"/><SP WIDTH="33" VPOS="2179" HPOS="424"/>
							<String ID="string_453" HPOS="457" VPOS="2179" WIDTH="206" HEIGHT="37" WC="0.96" CONTENT="förekomma,"/><SP WIDTH="34" VPOS="2179" HPOS="663"/>
							<String ID="string_454" HPOS="697" VPOS="2178" WIDTH="60" HEIGHT="31" WC="0.96" CONTENT="där"/><SP WIDTH="30" VPOS="2178" HPOS="757"/>
							<String ID="string_455" HPOS="787" VPOS="2178" WIDTH="215" HEIGHT="31" WC="0.95" CONTENT="leverantörer"/><SP WIDTH="31" VPOS="2178" HPOS="1002"/>
							<String ID="string_456" HPOS="1033" VPOS="2188" WIDTH="38" HEIGHT="21" WC="0.96" CONTENT="av"/><SP WIDTH="31" VPOS="2188" HPOS="1071"/>
							<String ID="string_457" HPOS="1102" VPOS="2177" WIDTH="319" HEIGHT="39" WC="0.96" CONTENT="byggnadsmaterial"/><SP WIDTH="23" VPOS="2177" HPOS="1421"/>
							<String ID="string_458" HPOS="1444" VPOS="2186" WIDTH="114" HEIGHT="29" WC="0.95" CONTENT="genom"/><SP WIDTH="21" VPOS="2186" HPOS="1558"/>
							<String ID="string_459" HPOS="1579" VPOS="2175" WIDTH="189" HEIGHT="40" WC="0.96" CONTENT="ömsesidiga"/>
						</TextLine>
						<TextLine ID="line_45" HPOS="281" VPOS="2219" WIDTH="1487" HEIGHT="42">
							<String ID="string_460" HPOS="281" VPOS="2224" WIDTH="321" HEIGHT="30" WC="0.96" CONTENT="överenskommelser"/><SP WIDTH="19" VPOS="2224" HPOS="602"/>
							<String ID="string_461" HPOS="621" VPOS="2222" WIDTH="173" HEIGHT="39" WC="0.96" CONTENT="begränsat"/><SP WIDTH="19" VPOS="2222" HPOS="794"/>
							<String ID="string_462" HPOS="813" VPOS="2223" WIDTH="244" HEIGHT="30" WC="0.96" CONTENT="konkurrensen"/><SP WIDTH="20" VPOS="2223" HPOS="1057"/>
							<String ID="string_463" HPOS="1077" VPOS="2223" WIDTH="58" HEIGHT="30" WC="0.96" CONTENT="och"/><SP WIDTH="21" VPOS="2223" HPOS="1135"/>
							<String ID="string_464" HPOS="1156" VPOS="2222" WIDTH="118" HEIGHT="38" WC="0.96" CONTENT="skapat"/><SP WIDTH="21" VPOS="2222" HPOS="1274"/>
							<String ID="string_465" HPOS="1295" VPOS="2231" WIDTH="40" HEIGHT="21" WC="0.92" CONTENT="en"/><SP WIDTH="20" VPOS="2231" HPOS="1335"/>
							<String ID="string_466" HPOS="1355" VPOS="2220" WIDTH="242" HEIGHT="39" WC="0.92" CONTENT="monopolistisk"/><SP WIDTH="19" VPOS="2220" HPOS="1597"/>
							<String ID="string_467" HPOS="1616" VPOS="2219" WIDTH="152" HEIGHT="40" WC="0.92" CONTENT="prisbild-"/>
						</TextLine>
						<TextLine ID="line_46" HPOS="282" VPOS="2265" WIDTH="1485" HEIGHT="41">
							<String ID="string_468" HPOS="282" VPOS="2268" WIDTH="89" HEIGHT="38" WC="0.93" CONTENT="ning."/><SP WIDTH="20" VPOS="2268" HPOS="371"/>
							<String ID="string_469" HPOS="391" VPOS="2268" WIDTH="237" HEIGHT="31" WC="0.95" CONTENT="Erfarenheten"/><SP WIDTH="17" VPOS="2268" HPOS="628"/>
							<String ID="string_470" HPOS="645" VPOS="2268" WIDTH="61" HEIGHT="30" WC="0.96" CONTENT="har"/><SP WIDTH="18" VPOS="2268" HPOS="706"/>
							<String ID="string_471" HPOS="724" VPOS="2267" WIDTH="177" HEIGHT="32" WC="0.95" CONTENT="emellertid"/><SP WIDTH="17" VPOS="2267" HPOS="901"/>
							<String ID="string_472" HPOS="918" VPOS="2267" WIDTH="92" HEIGHT="38" WC="0.96" CONTENT="visat,"/><SP WIDTH="18" VPOS="2267" HPOS="1010"/>
							<String ID="string_473" HPOS="1028" VPOS="2271" WIDTH="47" HEIGHT="29" WC="0.96" CONTENT="att"/><SP WIDTH="16" VPOS="2271" HPOS="1075"/>
							<String ID="string_474" HPOS="1091" VPOS="2266" WIDTH="111" HEIGHT="39" WC="0.92" CONTENT="dylika"/><SP WIDTH="17" VPOS="2266" HPOS="1202"/>
							<String ID="string_475" HPOS="1219" VPOS="2269" WIDTH="106" HEIGHT="29" WC="0.92" CONTENT="oarter"/><SP WIDTH="17" VPOS="2269" HPOS="1325"/>
							<String ID="string_476" HPOS="1342" VPOS="2265" WIDTH="181" HEIGHT="31" WC="0.89" CONTENT="merendels"/><SP WIDTH="17" VPOS="2265" HPOS="1523"/>
							<String ID="string_477" HPOS="1540" VPOS="2265" WIDTH="121" HEIGHT="39" WC="0.96" CONTENT="ganska"/><SP WIDTH="15" VPOS="2265" HPOS="1661"/>
							<String ID="string_478" HPOS="1676" VPOS="2269" WIDTH="91" HEIGHT="27" WC="0.94" CONTENT="snart"/>
						</TextLine>
						<TextLine ID="line_47" HPOS="280" VPOS="2310" WIDTH="1361" HEIGHT="39">
							<String ID="string_479" HPOS="280" VPOS="2312" WIDTH="140" HEIGHT="32" WC="0.96" CONTENT="medfört"/><SP WIDTH="18" VPOS="2312" HPOS="420"/>
							<String ID="string_480" HPOS="438" VPOS="2323" WIDTH="41" HEIGHT="21" WC="0.96" CONTENT="en"/><SP WIDTH="16" VPOS="2323" HPOS="479"/>
							<String ID="string_481" HPOS="495" VPOS="2312" WIDTH="143" HEIGHT="31" WC="0.96" CONTENT="reaktion"/><SP WIDTH="16" VPOS="2312" HPOS="638"/>
							<String ID="string_482" HPOS="654" VPOS="2313" WIDTH="58" HEIGHT="30" WC="0.96" CONTENT="och"/><SP WIDTH="18" VPOS="2313" HPOS="712"/>
							<String ID="string_483" HPOS="730" VPOS="2311" WIDTH="112" HEIGHT="32" WC="0.96" CONTENT="därför"/><SP WIDTH="16" VPOS="2311" HPOS="842"/>
							<String ID="string_484" HPOS="858" VPOS="2312" WIDTH="94" HEIGHT="31" WC="0.96" CONTENT="också"/><SP WIDTH="16" VPOS="2312" HPOS="952"/>
							<String ID="string_485" HPOS="968" VPOS="2311" WIDTH="94" HEIGHT="32" WC="0.96" CONTENT="blivit"/><SP WIDTH="17" VPOS="2311" HPOS="1062"/>
							<String ID="string_486" HPOS="1079" VPOS="2311" WIDTH="132" HEIGHT="32" WC="0.96" CONTENT="relativt"/><SP WIDTH="16" VPOS="2311" HPOS="1211"/>
							<String ID="string_487" HPOS="1227" VPOS="2310" WIDTH="205" HEIGHT="39" WC="0.96" CONTENT="kortfristiga"/><SP WIDTH="16" VPOS="2310" HPOS="1432"/>
							<String ID="string_488" HPOS="1448" VPOS="2310" WIDTH="193" HEIGHT="31" WC="0.96" CONTENT="företeelser."/>
						</TextLine>
					</TextBlock>
					<TextBlock ID="block_5" HPOS="281" VPOS="2354" WIDTH="1488" HEIGHT="130">
						<TextLine ID="line_48" HPOS="365" VPOS="2354" WIDTH="1403" HEIGHT="41">
							<String ID="string_489" HPOS="365" VPOS="2358" WIDTH="63" HEIGHT="32" WC="0.96" CONTENT="Det"/><SP WIDTH="13" VPOS="2358" HPOS="428"/>
							<String ID="string_490" HPOS="441" VPOS="2357" WIDTH="55" HEIGHT="31" WC="0.95" CONTENT="får"/><SP WIDTH="12" VPOS="2357" HPOS="496"/>
							<String ID="string_491" HPOS="508" VPOS="2357" WIDTH="30" HEIGHT="38" WC="0.96" CONTENT="ej"/><SP WIDTH="14" VPOS="2357" HPOS="538"/>
							<String ID="string_492" HPOS="552" VPOS="2357" WIDTH="98" HEIGHT="31" WC="0.93" CONTENT="heller"/><SP WIDTH="13" VPOS="2357" HPOS="650"/>
							<String ID="string_493" HPOS="663" VPOS="2356" WIDTH="145" HEIGHT="38" WC="0.90" CONTENT="förbises,"/><SP WIDTH="14" VPOS="2356" HPOS="808"/>
							<String ID="string_494" HPOS="822" VPOS="2361" WIDTH="48" HEIGHT="28" WC="0.93" CONTENT="att"/><SP WIDTH="13" VPOS="2361" HPOS="870"/>
							<String ID="string_495" HPOS="883" VPOS="2356" WIDTH="207" HEIGHT="37" WC="0.92" CONTENT="kartellerna,"/><SP WIDTH="12" VPOS="2356" HPOS="1090"/>
							<String ID="string_496" HPOS="1102" VPOS="2356" WIDTH="132" HEIGHT="31" WC="0.96" CONTENT="särskilt"/><SP WIDTH="13" VPOS="2356" HPOS="1234"/>
							<String ID="string_497" HPOS="1247" VPOS="2355" WIDTH="43" HEIGHT="32" WC="0.96" CONTENT="då"/><SP WIDTH="12" VPOS="2355" HPOS="1290"/>
							<String ID="string_498" HPOS="1302" VPOS="2355" WIDTH="39" HEIGHT="31" WC="0.96" CONTENT="de"/><SP WIDTH="12" VPOS="2355" HPOS="1341"/>
							<String ID="string_499" HPOS="1353" VPOS="2359" WIDTH="81" HEIGHT="28" WC="0.93" CONTENT="mest"/><SP WIDTH="13" VPOS="2359" HPOS="1434"/>
							<String ID="string_500" HPOS="1447" VPOS="2355" WIDTH="194" HEIGHT="31" WC="0.91" CONTENT="insiktsfullt"/><SP WIDTH="13" VPOS="2355" HPOS="1641"/>
							<String ID="string_501" HPOS="1654" VPOS="2354" WIDTH="114" HEIGHT="38" WC="0.95" CONTENT="skötta,"/>
						</TextLine>
						<TextLine ID="line_49" HPOS="281" VPOS="2398" WIDTH="1488" HEIGHT="42">
							<String ID="string_502" HPOS="281" VPOS="2402" WIDTH="82" HEIGHT="31" WC="0.96" CONTENT="visat"/><SP WIDTH="14" VPOS="2402" HPOS="363"/>
							<String ID="string_503" HPOS="377" VPOS="2402" WIDTH="48" HEIGHT="38" WC="0.96" CONTENT="sig"/><SP WIDTH="14" VPOS="2402" HPOS="425"/>
							<String ID="string_504" HPOS="439" VPOS="2402" WIDTH="112" HEIGHT="30" WC="0.96" CONTENT="kunna"/><SP WIDTH="14" VPOS="2402" HPOS="551"/>
							<String ID="string_505" HPOS="565" VPOS="2411" WIDTH="112" HEIGHT="29" WC="0.96" CONTENT="genom"/><SP WIDTH="12" VPOS="2411" HPOS="677"/>
							<String ID="string_506" HPOS="689" VPOS="2401" WIDTH="283" HEIGHT="38" WC="0.96" CONTENT="standardisering"/><SP WIDTH="14" VPOS="2401" HPOS="972"/>
							<String ID="string_507" HPOS="986" VPOS="2401" WIDTH="57" HEIGHT="31" WC="0.96" CONTENT="och"/><SP WIDTH="15" VPOS="2401" HPOS="1043"/>
							<String ID="string_508" HPOS="1058" VPOS="2400" WIDTH="257" HEIGHT="38" WC="0.93" CONTENT="rationalisering"/><SP WIDTH="13" VPOS="2400" HPOS="1315"/>
							<String ID="string_509" HPOS="1328" VPOS="2399" WIDTH="185" HEIGHT="39" WC="0.92" CONTENT="nedbringa"/><SP WIDTH="14" VPOS="2399" HPOS="1513"/>
							<String ID="string_510" HPOS="1527" VPOS="2398" WIDTH="242" HEIGHT="38" WC="0.90" CONTENT="tillverknings-"/>
						</TextLine>
						<TextLine ID="line_50" HPOS="281" VPOS="2443" WIDTH="1486" HEIGHT="41">
							<String ID="string_511" HPOS="281" VPOS="2446" WIDTH="58" HEIGHT="32" WC="0.93" CONTENT="och"/><SP WIDTH="18" VPOS="2446" HPOS="339"/>
							<String ID="string_512" HPOS="357" VPOS="2446" WIDTH="448" HEIGHT="38" WC="0.89" CONTENT="distributionskostnaderna,"/><SP WIDTH="20" VPOS="2446" HPOS="805"/>
							<String ID="string_513" HPOS="825" VPOS="2449" WIDTH="83" HEIGHT="28" WC="0.94" CONTENT="samt"/><SP WIDTH="19" VPOS="2449" HPOS="908"/>
							<String ID="string_514" HPOS="927" VPOS="2449" WIDTH="52" HEIGHT="28" WC="0.96" CONTENT="att"/><SP WIDTH="17" VPOS="2449" HPOS="979"/>
							<String ID="string_515" HPOS="996" VPOS="2445" WIDTH="165" HEIGHT="31" WC="0.96" CONTENT="vinsterna"/><SP WIDTH="18" VPOS="2445" HPOS="1161"/>
							<String ID="string_516" HPOS="1179" VPOS="2445" WIDTH="103" HEIGHT="32" WC="0.96" CONTENT="därav"/><SP WIDTH="18" VPOS="2445" HPOS="1282"/>
							<String ID="string_517" HPOS="1300" VPOS="2445" WIDTH="50" HEIGHT="30" WC="0.96" CONTENT="till"/><SP WIDTH="18" VPOS="2445" HPOS="1350"/>
							<String ID="string_518" HPOS="1368" VPOS="2444" WIDTH="180" HEIGHT="38" WC="0.96" CONTENT="betydande"/><SP WIDTH="18" VPOS="2444" HPOS="1548"/>
							<String ID="string_519" HPOS="1566" VPOS="2443" WIDTH="52" HEIGHT="32" WC="0.96" CONTENT="del"/><SP WIDTH="16" VPOS="2443" HPOS="1618"/>
							<String ID="string_520" HPOS="1634" VPOS="2443" WIDTH="133" HEIGHT="31" WC="0.96" CONTENT="kommit"/>
						</TextLine>
					</TextBlock>
				</ComposedBlock>
			</PrintSpace>
		</Page>
	</Layout>
</alto>
