1876 2822
278 198 40 29 36
407 196 114 30 Andra
533 197 197 29 kammarens
741 195 122 30 andra
875 194 169 39 tillfälliga
1054 194 138 30 utskotts
1202 191 168 32 utlåtande
1383 201 40 19 nr
1434 193 55 35 10;
1501 190 132 37 bilagor.

280 286 149 31 infordra
450 286 55 31 och
526 287 103 36 pröva
649 285 108 31 anbud
778 285 43 37 på
841 283 310 39 byggnadsarbeten,
1173 283 59 37 äga
1252 280 179 31 kännedom
1450 280 123 30 härom.
1596 278 66 30 För
1680 287 82 28 upp-

279 331 157 38 handling
455 341 38 20 av
513 330 312 38 byggnadsmaterial
846 329 56 30 och
922 327 228 32 infordrandet
1169 327 57 30 och
1245 324 213 32 bedömandet
1478 334 40 21 av
1538 323 224 37 byggnadsan-

279 376 65 31 bud
365 376 58 31 bör
442 386 73 20 man
536 376 93 30 också
648 375 74 30 söka
741 374 144 31 utforma
905 373 121 31 sådana
1045 371 245 38 bestämmelser,
1311 374 49 28 att
1379 379 82 21 ovan
1480 368 141 32 anförda
1640 366 123 32 osunda

279 420 243 32 affärsmetoder
539 420 101 31 såvitt
656 419 128 38 möjligt
803 418 194 31 förhindras.

365 475 162 37 Importen
544 474 65 30 kan
627 473 10 30 i
653 473 83 31 vissa
753 473 61 30 fall
831 472 163 37 korrigera
1010 481 40 20 en
1066 470 237 38 monopolistisk
1319 468 224 38 prissättning.
1561 467 63 30 Det
1639 467 37 29 är
1691 465 72 30 där-

281 520 52 30 för
355 519 160 37 önskvärt,
538 522 49 29 att
609 517 278 31 bestämmelserna
909 517 52 30 för
980 516 117 31 svensk
1117 524 93 21 varas
1231 513 246 31 företrädesrätt
1497 511 57 31 vid
1573 510 110 38 statlig
1704 509 59 31 och

280 564 181 31 kommunal
483 563 225 38 upphandling
730 562 29 38 ej
784 563 56 29 äro
861 561 130 37 sådana,
1015 564 49 28 att
1087 560 39 30 de
1149 558 123 37 främja
1295 567 40 21 en
1355 555 242 40 monopolistisk
1618 554 146 39 prisbild-

277 609 90 38 ning.

365 663 52 30 En
436 660 370 40 monopolprisbildning
825 660 63 30 kan
907 659 110 31 endast
1036 657 189 39 uppehållas
1244 656 156 37 effektivt,
1419 665 51 21 om
1489 653 180 32 samarbete
1687 654 78 36 äger

280 717 73 21 rum
371 707 117 30 mellan
508 704 444 40 producenten-tillverkaren
971 704 58 30 och
1049 701 257 32 mellanhanden.
1328 701 91 30 Inom
1438 697 327 40 byggnadsmaterial-

280 752 179 31 bransehen
478 753 54 28 äro
551 751 119 30 sådana
689 750 86 30 avtal
795 750 67 30 rätt
879 748 137 38 vanliga.
1037 748 66 30 För
1120 751 47 27 att
1185 746 94 38 bryta
1297 745 111 38 dylika
1424 744 148 37 monopol
1590 743 96 30 krävs
1702 742 62 30 till-

283 798 84 37 gång
386 797 49 30 till
456 797 136 29 råvaran
611 795 76 31 eller
705 794 54 33 det
777 793 154 38 material,
950 802 69 22 som
1038 794 38 29 är
1095 791 132 31 föremål
1246 791 56 30 för
1320 789 200 39 produktion
1540 789 86 30 inom
1646 798 37 20 en
1702 782 63 47 till-

280 842 130 30 verkar-
429 841 76 30 eller
523 838 294 33 fabrikantkartell.
835 839 54 29 Nu
907 838 143 30 leverera
1069 837 40 31 de
1125 833 368 33 kartellsammanslutna
1511 831 256 40 producenterna

282 888 77 30 eller
379 887 208 30 tillverkarna
607 885 110 31 endast
737 884 52 30 till
808 893 41 20 av
868 883 69 31 dem
954 882 136 30 utvalda
1108 880 251 31 mellanhänder.
1378 879 68 30 När
1463 878 149 30 leverans
1628 877 70 30 sker
1715 876 51 31 till

282 932 111 37 andra,
411 932 96 30 sättes
524 930 101 38 priset
644 930 103 36 högre,
766 928 100 31 vilket
884 928 10 29 i
911 926 174 39 praktiken
1104 927 37 29 är
1157 926 174 30 detsamma
1350 934 65 20 som
1431 927 50 27 att
1499 924 79 36 göra
1596 921 53 31 det
1666 921 100 37 omöj-

283 977 60 37 ligt
368 976 53 30 för
441 975 63 31 alla
527 975 103 30 andra
652 972 239 32 mellanhänder
910 973 43 29 än
976 971 84 37 dem,
1084 981 67 20 som
1172 972 55 28 äro
1251 967 173 40 godkända
1445 978 39 20 av
1508 966 177 31 fabrikant-
1709 966 57 30 och

282 1018 531 39 mellanhandsorganisationerna,
835 1020 49 28 att
904 1017 150 30 leverera,
1076 1016 66 30 För
1162 1018 48 27 att
1229 1014 99 38 bryta
1348 1011 277 38 monopolmakten
1644 1011 122 36 kräves,

283 1070 51 26 att
355 1075 63 28 nya
437 1065 125 36 företag
582 1067 100 27 starta
700 1062 218 37 tillverkning.
939 1062 64 29 Det
1023 1062 38 29 är
1079 1060 136 37 möjligt,
1236 1062 50 27 att
1303 1059 55 31 det
1376 1057 92 31 också
1487 1058 39 29 är
1544 1056 64 31 den
1626 1055 142 31 enklaste

282 1111 59 30 och
357 1110 91 30 bästa
463 1110 111 37 vägen,
592 1118 71 21 men
679 1108 53 31 det
745 1108 64 29 kan
826 1107 93 30 också
934 1105 158 31 innebära
1107 1109 45 27 ett
1167 1103 119 32 slöseri.

368 1153 161 39 Styrelsen
546 1153 59 30 vill
623 1152 204 37 ifrågasätta,
846 1161 49 21 om
912 1150 54 31 det
983 1150 68 30 icke
1069 1150 10 30 i
1095 1149 112 31 svensk
1223 1149 54 36 lag
1292 1146 107 31 kunde
1416 1145 140 39 stadgas,
1573 1149 47 27 att
1637 1145 131 30 råvaru-

283 1200 177 37 producent
479 1199 78 30 eller
573 1198 182 30 tillverkare
772 1207 40 20 av
830 1207 38 20 en
883 1205 87 27 vara,
989 1204 68 22 som
1075 1194 100 31 andra
1190 1194 41 30 ha
1246 1192 104 31 behov
1365 1202 39 20 av
1421 1192 52 29 för
1488 1191 52 30 sin
1557 1190 115 37 näring
1689 1189 79 31 eller

280 1245 60 32 sitt
354 1245 87 38 yrke,
455 1243 101 31 skulle
570 1244 61 36 äga
644 1241 182 38 skyldighet
840 1244 48 27 att
900 1239 84 38 sälja
997 1239 65 31 den
1076 1239 51 30 till
1140 1248 69 20 vem
1224 1238 54 30 det
1291 1247 79 20 vara
1383 1235 116 31 månde
1513 1235 59 31 och
1586 1233 49 32 till
1649 1243 118 21 samma

284 1290 70 37 pris
378 1289 56 30 och
456 1288 116 30 villkor
595 1287 50 31 till
667 1287 61 30 alla
750 1286 73 31 med
847 1286 123 36 hänsyn
993 1288 100 33 tagen
1115 1284 49 30 till
1186 1283 124 37 köpens
1331 1280 126 38 storlek,
1482 1280 55 30 det
1559 1279 118 37 besvär,
1701 1288 67 21 som

283 1334 183 31 förorsakas
483 1332 144 38 säljaren
645 1335 56 27 etc.
720 1331 53 30 En
790 1330 181 31 tillverkare
987 1328 74 31 med
1077 1325 303 40 monopolställning
1395 1325 97 31 borde
1508 1323 179 32 emellertid
1702 1322 67 31 icke

284 1378 105 32 under
411 1379 99 36 några
534 1376 222 31 förhållanden
778 1376 42 30 ha
843 1376 66 29 rätt
931 1377 48 28 att
1001 1374 100 37 vägra
1124 1374 141 29 leverera
1286 1372 51 30 till
1360 1381 38 20 en
1421 1379 117 28 person
1561 1368 77 32 eller
1659 1368 108 36 firma,

284 1424 115 30 därför
417 1427 48 27 att
481 1422 63 31 den
561 1422 70 30 står
647 1421 133 30 utanför
799 1429 39 21 en
854 1419 231 38 organisation.
1105 1418 53 29 En
1174 1415 211 39 lagstiftning
1402 1425 39 20 av
1457 1417 110 33 antytt
1584 1413 68 38 slag
1667 1412 102 31 skulle

284 1468 66 33 helt
368 1468 106 30 säkert
491 1467 98 37 skapa
606 1465 100 31 ökade
724 1464 276 37 förutsättningar
1016 1463 54 30 för
1087 1472 39 20 en
1143 1462 43 30 fri
1203 1460 221 39 prisbildning
1440 1460 53 29 för
1508 1457 117 32 hittills
1640 1456 128 32 kartell-

284 1513 135 30 bundna
435 1522 94 20 varor
546 1512 59 30 och
620 1510 143 31 medföra
779 1519 39 21 en
833 1508 154 38 väsentlig
1001 1506 229 40 prissänkning
1245 1506 43 37 på
1304 1505 117 37 många
1436 1503 86 32 olika
1534 1502 71 38 slag
1618 1513 39 20 av
1670 1502 98 37 bygg-

281 1557 238 31 nadsmaterial.

371 1602 52 30 En
445 1612 37 20 av
502 1602 39 30 de
561 1600 155 38 åtgärder
737 1600 49 31 till
808 1599 230 38 förbilligande
1059 1609 41 20 av
1121 1596 387 39 byggnadskostnaderna,
1530 1605 68 21 som
1618 1594 151 30 motionä-

286 1656 96 21 rerna
408 1646 125 32 särskilt
561 1646 68 30 fäst
655 1644 324 38 uppmärksamheten
1005 1643 53 38 på,
1084 1644 39 29 är
1147 1653 38 20 en
1210 1641 81 31 ökad
1318 1640 278 38 standardisering
1619 1650 39 20 av
1684 1638 85 31 olika

284 1691 320 39 byggnadsmaterial
619 1691 58 30 och
693 1689 313 38 byggnadsdetaljer.
1024 1687 163 38 Styrelsen
1201 1687 56 31 vill
1272 1686 142 38 kraftigt
1429 1684 215 38 understryka
1657 1683 115 32 värdet

286 1747 40 20 av
347 1736 151 37 åtgärder
518 1736 10 30 i
546 1735 103 31 sådan
668 1735 154 37 riktning.
844 1733 288 38 Standardisering
1150 1743 38 20 av
1205 1730 316 39 byggnadsmaterial
1542 1731 38 29 är
1597 1729 106 30 under
1720 1731 50 28 ut-

287 1782 144 37 redning.
453 1781 97 30 Detta
569 1780 107 30 arbete
694 1779 148 31 bedrives
861 1779 70 31 med
950 1779 43 30 all
1013 1777 158 31 önskvärd
1190 1776 234 38 skyndsamhet.
1445 1776 53 29 En
1517 1774 53 31 del
1589 1772 181 39 byggnads-

286 1826 145 31 material
448 1827 54 29 äro
520 1825 102 30 redan
638 1823 289 37 standardiserade,
943 1833 71 20 men
1033 1822 125 37 mycket
1172 1822 141 31 återstår
1328 1826 48 26 att
1389 1821 83 35 göra.
1500 1820 7 29 I
1524 1819 63 31 den
1601 1819 73 30 mån
1690 1821 80 27 stor-

287 1872 167 36 företagen
476 1871 56 29 och
555 1869 371 37 sammanslutningarna
948 1869 85 29 inom
1056 1865 497 40 byggnadsmaterialbranschen
1575 1863 97 31 verka
1691 1864 12 29 i
1722 1862 49 31 så-

288 1916 62 31 dan
376 1916 151 37 riktning,
551 1916 78 36 göra
650 1915 39 30 de
710 1924 37 21 en
769 1914 120 37 positiv
910 1913 107 36 insats,
1041 1912 81 30 dock
1144 1911 113 31 endast
1279 1910 106 31 under
1405 1908 237 37 förutsättning
1663 1911 49 27 att
1732 1907 39 31 de

286 1959 359 38 kostnadssänkningar,
675 1957 316 38 standardiseringen
1023 1956 137 37 medför,
1191 1956 127 30 komma
1351 1954 213 31 allmänheten
1586 1953 51 31 till
1658 1951 80 39 godo
1761 1952 11 30 i

287 2006 86 30 form
390 2015 39 21 av
443 2015 37 20 en
495 2003 224 31 motsvarande
734 2003 158 37 sänkning
907 2013 38 20 av
960 2002 160 38 priserna.

371 2048 418 39 Byggnadsverksamheten
806 2049 37 29 är
858 2057 39 20 en
912 2045 255 39 nyckelindustri
1184 2045 51 30 för
1251 2043 288 38 sysselsättningen
1554 2043 12 29 i
1582 2042 116 37 landet,
1715 2042 57 30 och

286 2104 116 28 genom
422 2094 67 31 dess
507 2092 262 39 uppblomstring
788 2092 101 30 skulle
907 2101 38 21 en
964 2092 50 29 hel
1034 2090 52 31 del
1103 2101 39 20 av
1159 2090 239 37 svårigheterna
1416 2088 105 31 under
1538 2086 234 38 omställnings-

288 2140 91 30 tiden
399 2140 82 30 efter
501 2139 105 37 kriget
626 2138 106 30 kunna
751 2137 186 31 övervinnas
956 2136 77 32 eller
1052 2135 141 31 mildras.
1213 2135 62 30 Det
1293 2135 40 29 är
1350 2133 174 38 styrelsens
1544 2131 228 38 uppfattning,

288 2189 48 28 att
355 2195 37 20 en
411 2183 329 38 bostadsproduktion
758 2192 41 20 av
817 2182 156 30 önskvärd
990 2180 199 37 omfattning
1206 2179 57 31 och
1281 2179 52 30 till
1351 2179 121 36 skäliga
1490 2177 108 38 priser
1613 2177 62 30 blir
1692 2176 80 37 möj-

289 2230 45 39 lig
352 2229 111 31 endast
482 2239 48 20 om
549 2228 184 30 industrien
752 2228 60 36 gör
829 2227 48 38 sig
894 2227 44 30 fri
956 2226 77 30 från
1052 2225 41 31 de
1109 2225 94 36 band,
1221 2233 68 21 som
1308 2222 219 39 priskarteller
1544 2222 58 30 och
1620 2216 153 48 liknande

287 2273 328 37 sammanslutningar
638 2273 93 36 lägga
753 2273 42 36 på
819 2271 72 31 den.
914 2270 128 32 Sådana
1064 2268 325 37 sammanslutningar
1410 2266 226 39 upprätthålla
1658 2276 39 20 en
1721 2266 53 29 för

289 2320 63 37 hög
372 2318 150 38 prisnivå,
542 2327 68 21 som
629 2317 176 37 begränsar
824 2315 236 39 produktionen
1080 2315 56 30 och
1155 2314 101 30 håller
1274 2312 136 32 tillbaka
1429 2322 64 27 nya
1514 2311 150 30 initiativ.
1683 2309 91 31 Blott

289 2375 39 19 en
352 2364 43 30 fri
418 2363 106 31 tävlan
546 2362 119 30 mellan
687 2362 137 37 företag,
844 2370 66 21 som
931 2360 106 30 känna
1059 2359 49 37 sig
1129 2368 64 21 som
1213 2357 319 38 uppdragsgivarnas
1552 2356 30 32 d.
1604 2366 28 20 v.
1652 2366 24 20 s.
1697 2355 76 30 kon-

288 2413 221 27 sumenternas
532 2408 135 37 tjänare,
689 2406 61 30 kan
772 2406 100 35 skapa
893 2403 274 38 förutsättningar
1187 2403 51 30 för
1258 2401 351 38 byggnadskostnader,
1631 2410 64 21 som
1718 2401 56 28 äro

290 2454 34 31 så
347 2453 82 37 låga,
451 2457 46 26 att
521 2451 40 31 de
584 2452 49 30 stå
656 2452 8 29 i
685 2451 109 37 riktigt
821 2449 203 31 förhållande
1048 2448 50 30 till
1123 2448 38 31 de
1182 2446 201 31 ekonomiska
1406 2454 185 23 resurserna
1614 2445 54 31 hos
1690 2444 83 36 dem,

288 2508 64 21 som
371 2498 88 30 skola
476 2502 73 33 taga
566 2497 39 31 de
622 2506 63 27 nya
701 2494 190 32 bostäderna
909 2494 10 30 i
936 2492 186 38 besittning.
