1864 2798
567 154 263 30 Statsutskottets
853 149 166 30 utlåtande
1042 157 39 18 nr
1113 147 48 28 72.
1247 147 4 6 |
1578 136 38 30 19

167 229 382 43 Departementschefen
571 228 63 30 har
656 226 112 31 anfört
787 223 164 41 följande.

170 284 85 31 »Vid
275 282 251 39 behandlingen
550 290 39 21 av
611 280 90 29 årets
723 272 404 43 statsverksproposition
1149 268 141 33 anförde
1311 268 66 40 jag,
1401 268 49 29 att
1470 264 151 40 bidrags-

114 337 144 32 behovet
274 334 92 32 intill
383 334 63 31 den
462 334 16 29 1
495 331 63 42 juli
576 330 82 31 1950
675 329 53 31 för
743 329 127 30 vatten-
887 326 62 32 och
967 320 389 45 avloppsanläggningar
1373 317 95 32 torde
1484 316 136 31 komma

118 392 52 29 att
190 388 111 40 uppgå
322 385 54 31 till
397 384 101 40 högst
519 382 39 30 26
580 383 19 29 å
620 381 38 30 27
681 378 159 41 miljoner
860 377 133 30 kronor.
1016 374 55 30 Då
1092 375 49 29 ett
1160 371 127 40 belopp
1308 380 40 20 av
1371 369 66 35 11,4
1460 365 159 41 miljoner

116 442 124 30 kronor
274 440 98 30 fanns
408 437 219 41 odisponerat
650 436 19 29 å
692 433 151 40 anslaget
879 431 63 31 den
968 430 15 30 1
1007 428 64 42 juli
1097 427 80 31 1948
1199 422 212 35 beräknades
1435 418 187 34 emellertid

119 494 66 31 den
204 494 77 29 övre
302 493 144 40 gränsen
466 489 52 31 för
539 488 58 31 det
617 484 210 33 återstående
847 480 276 34 medelsbehovet
1143 478 90 41 ligga
1253 476 60 31 vid
1333 469 100 47 drygt
1454 472 39 32 15
1514 470 109 42 miljo-

118 556 60 20 ner
199 544 132 31 kronor.
367 542 81 31 Med
469 541 131 40 hänsyn
625 538 52 31 till
701 539 50 29 att
773 536 66 31 den
863 535 53 31 för
938 532 236 32 kalenderåret
1196 528 81 32 1948
1302 524 192 34 fastställda
1517 523 108 33 totala

119 595 350 42 investeringskvoten
489 593 53 30 för
562 591 124 31 vatten-
708 589 61 31 och
790 584 389 44 avloppsanläggningar
1200 592 40 21 av
1263 580 40 31 60
1324 578 155 41 miljoner
1498 576 127 31 kronor

119 649 72 31 icke
208 648 71 31 helt
297 646 90 32 hade
407 644 181 42 utnyttjats
608 642 108 31 under
734 642 70 29 året
824 640 88 30 samt
933 639 49 30 att
1001 633 352 42 investeringskvoten
1373 630 53 31 för
1447 628 80 31 1949
1547 626 77 32 ned-

121 702 87 30 satts
230 699 53 31 till
304 698 41 32 55
367 696 157 42 miljoner
545 695 126 31 kronor
694 693 114 41 syntes
831 690 116 32 vidare
970 699 38 21 en
1031 686 193 40 minskning
1247 695 41 20 av
1312 678 314 45 anläggningsverk-

120 752 174 32 samheten
314 752 43 39 på
379 749 92 31 detta
493 746 135 32 område
649 743 164 33 sannolik.
835 741 119 33 Under
974 739 151 32 rådande
1148 734 220 35 ekonomiska
1390 730 236 34 förhållanden

122 806 103 39 ansåg
246 803 56 41 jag
323 801 70 41 mig
415 799 71 32 icke
509 798 105 32 heller
637 797 111 30 kunna
771 794 139 32 förorda
933 793 63 31 den
1019 802 40 21 av
1083 792 73 39 väg-
1179 788 62 32 och
1266 783 361 43 vattenbyggnadssty-

122 856 111 31 relsen
249 853 149 42 begärda
417 851 166 41 ökningen
602 860 40 21 av
659 846 303 43 bidragsbeloppet
980 843 54 32 till
1053 843 41 31 10
1111 841 158 41 miljoner
1287 839 134 36 kronor,
1440 838 82 30 utan
1542 835 85 31 före-

124 907 75 41 slog
215 908 47 30 att
280 905 152 41 anslaget
447 903 106 31 borde
570 903 81 39 utgå
668 899 76 32 med
762 897 198 33 oförändrat
975 896 136 40 belopp,
1129 893 19 31 5
1165 892 156 41 miljoner
1336 890 133 31 kronor.

175 958 68 32 Vid
265 955 249 42 övervägandet
537 964 41 21 av
602 953 55 31 det
680 952 12 30 i
713 946 446 44 statsverkspropositionen
1182 946 173 40 upptagna
1380 939 249 42 anslagsbelop-

125 1012 73 41 pets
214 1009 129 33 storlek
360 1007 88 32 hade
467 1004 189 34 emellertid
673 1004 132 40 hänsyn
824 1001 29 41 ej
873 1001 127 30 kunnat
1018 1000 98 39 tagas
1136 996 52 32 till
1208 995 39 32 de
1264 993 170 33 särskilda
1452 991 83 37 skäl,
1553 1001 76 21 som

124 1058 407 47 järnbruksutredningen
558 1057 113 31 anfört
698 1055 53 30 för
777 1053 108 32 ökade
913 1050 211 40 statsbidrag
1151 1047 53 32 till
1230 1049 125 29 vatten-
1384 1044 62 32 och
1474 1043 155 41 avlopps-

125 1113 241 42 anläggningar
389 1110 58 31 vid
469 1108 283 43 järnbruksorter.
776 1103 235 41 Utredningen
1033 1102 63 31 har
1119 1098 196 38 framhållit,
1341 1099 49 29 att
1414 1094 216 41 bostadspro-

125 1166 140 31 blemets
298 1163 138 41 lösning
468 1163 43 39 på
544 1160 101 31 dessa
680 1159 88 30 orter
790 1158 37 30 är
851 1166 41 21 av
915 1153 193 42 avgörande
1132 1150 174 42 betydelse
1332 1149 53 31 för
1408 1146 222 43 järnbrukens

126 1216 217 42 möjligheter
364 1215 49 31 att
435 1213 173 41 rekrytera
630 1208 214 34 arbetskraft.
870 1207 102 32 Såväl
993 1203 296 44 nyproduktionen
1311 1212 40 21 av
1374 1199 159 32 bostäder
1556 1208 75 21 som

127 1268 249 40 förbättringen
396 1276 40 21 av
455 1265 56 31 det
530 1264 92 31 äldre
641 1259 326 35 bostadsbeståndet
985 1260 43 39 på
1047 1256 128 32 sådana
1192 1256 89 30 orter
1300 1254 45 30 ha
1365 1251 117 32 därvid
1503 1251 129 31 ansetts

128 1319 271 42 oundgängligen
426 1316 101 32 kräva
555 1316 127 30 vatten-
711 1312 62 32 och
802 1308 390 44 avloppsanläggningar
1220 1307 11 31 i
1261 1307 109 30 större
1400 1301 234 41 utsträckning

129 1374 42 28 än
190 1371 64 31 vad
272 1370 58 30 det
349 1367 168 32 ordinarie
536 1365 155 40 anslaget
708 1363 51 31 för
776 1359 255 43 ifrågavarande
1050 1356 155 32 ändamål
1223 1356 67 30 kan
1306 1353 193 41 tillgodose.
1519 1352 113 30 Dessa

130 1423 208 42 synpunkter
365 1422 43 30 ha
436 1423 82 28 även
548 1417 203 32 framhållits
779 1416 93 30 inom
900 1414 64 30 den
991 1412 108 31 under
1127 1409 186 33 statsrådet
1341 1407 125 32 Skölds
1493 1405 144 40 ledning

130 1475 209 32 verksamma
363 1469 392 35 samarbetskommittén
780 1468 53 30 för
856 1464 235 44 produktions-
1116 1462 62 31 och
1202 1460 243 42 exportfrågor.

183 1526 116 32 Under
322 1525 100 31 dessa
447 1521 286 41 omständigheter
756 1529 102 31 synas
882 1517 148 32 bärande
1051 1514 76 33 skäl
1151 1512 174 42 föreligga,
1351 1513 50 29 att
1426 1512 47 29 ett
1495 1507 142 34 särskilt

133 1578 117 41 anslag
276 1577 138 32 anvisas
440 1575 53 31 till
519 1574 123 40 bidrag
668 1572 53 31 till
747 1573 126 29 vatten-
902 1569 62 31 och
990 1564 388 44 avloppsanläggningar
1404 1561 57 31 vid
1487 1562 12 30 i
1527 1561 110 30 första

131 1630 92 33 hand
244 1628 282 43 järnbruksorter.
549 1626 54 30 Då
626 1634 127 22 samma
776 1622 113 31 behov
913 1632 39 20 av
976 1618 115 43 dylika
1117 1616 243 42 anläggningar
1383 1614 66 31 kan
1471 1612 167 41 föreligga

133 1685 83 29 även
233 1684 18 28 å
270 1681 105 31 andra
394 1691 39 20 ur
450 1676 237 44 produktions-
705 1675 61 31 och
785 1671 292 44 exportsynpunkt
1095 1669 128 41 viktiga
1244 1670 89 29 orter
1351 1666 64 32 bör
1434 1665 150 41 anslaget
1604 1663 35 31 få

136 1732 165 42 utnyttjas
318 1733 85 29 även
421 1730 51 30 för
487 1728 122 40 bidrag
625 1726 55 32 till
697 1724 243 41 anläggningar
955 1724 43 39 på
1014 1720 129 32 sådana
1160 1721 97 28 orter.
1276 1717 67 40 Jag
1358 1716 63 30 har
1436 1714 72 31 icke
1524 1715 114 39 någon

135 1785 133 31 erinran
288 1786 70 29 mot
379 1782 240 41 utredningens
640 1778 224 41 beräkningar
886 1788 40 20 av
946 1773 272 33 medelsbehovet
1238 1772 54 30 för
1313 1768 326 44 järnbruksorterna,

135 1840 48 36 2,5
205 1837 156 41 miljoner
380 1835 122 30 kronor
522 1832 108 32 under
648 1830 154 32 vartdera
821 1829 211 40 budgetåren
1053 1825 137 32 1949/50
1210 1823 63 32 och
1295 1821 144 32 1950/51.
1462 1819 82 32 Med
1563 1819 78 31 hän-

136 1900 64 31 syn
225 1888 53 31 till
305 1887 64 31 den
394 1884 201 41 utvidgning
622 1894 40 20 av
687 1878 397 43 bidragsverksamheten
1111 1887 72 20 som
1208 1875 57 41 jag
1290 1884 81 30 nyss
1399 1871 154 32 förordat
1578 1870 64 31 bör

138 1942 118 30 utöver
277 1939 57 31 det
357 1948 41 21 av
420 1935 223 40 utredningen
664 1931 190 33 beräknade
875 1930 160 41 beloppet
1057 1927 136 32 anvisas
1216 1925 198 42 ytterligare
1438 1921 203 42 förslagsvis

137 1993 48 36 0,5
210 1991 119 40 miljon
352 1989 123 31 kronor
498 1987 52 31 för
573 1988 99 28 nästa
693 1984 175 40 budgetår.
902 1982 53 30 En
977 1981 154 30 häremot
1154 1977 161 32 svarande
1340 1975 126 40 ökning
1489 1985 40 20 av
1553 1973 91 31 verk-

139 2043 174 32 samheten
337 2040 97 32 torde
457 2040 112 30 kunna
592 2047 145 31 rymmas
761 2035 92 30 inom
877 2045 41 20 en
941 2043 69 21 ram
1036 2032 53 30 för
1112 2029 188 42 byggnads-
1325 2028 62 31 och
1411 2025 233 42 anläggnings-

140 2096 137 30 arbeten
304 2105 40 19 av
370 2091 192 32 nuvarande
589 2088 213 39 omfattning.
841 2087 67 40 Jag
935 2084 154 32 förordar
1115 2082 142 36 således,
1285 2083 50 28 att
1362 2080 52 30 för
1438 2080 99 29 nästa
1563 2077 81 31 bud-

141 2148 94 39 getår
257 2144 135 32 anvisas
415 2143 47 36 3,0
488 2141 158 39 miljoner
668 2139 121 29 kronor
811 2137 54 30 till
886 2135 121 40 bidrag
1029 2134 53 31 till
1107 2133 60 30 här
1188 2130 147 31 avsedda
1359 2131 123 28 vatten-
1506 2127 62 31 och
1591 2138 50 18 av-

141 2196 353 43 loppsanläggningar.

194 2249 162 39 Anslaget
387 2246 97 31 torde
514 2245 84 30 böra
632 2243 117 31 ställas
782 2242 53 30 till
868 2243 73 38 väg-
974 2240 61 30 och
1070 2233 478 44 vattenbyggnadsstyrelsens
1583 2232 63 30 för-

143 2300 154 41 fogande.
315 2298 83 31 Med
415 2298 129 39 hänsyn
561 2295 53 31 till
635 2294 168 39 anslagets
820 2290 160 43 speciella
999 2288 155 32 ändamål
1172 2288 62 30 bör
1253 2287 57 30 det
1327 2283 187 33 emellertid
1535 2283 112 40 dispo-

143 2362 96 21 neras
261 2352 11 29 i
294 2348 134 32 samråd
461 2347 75 31 med
570 2342 466 40 arbetsmarknadsstyrelsen
1070 2339 63 31 och
1168 2339 168 40 upptagas
1371 2336 104 30 under
1498 2333 150 33 särskild

145 2400 264 42 anslagsrubrik.
430 2400 17 30 I
468 2398 109 40 övrigt
597 2397 98 31 torde
715 2395 121 39 bidrag
857 2395 74 30 från
952 2392 154 40 anslaget
1126 2391 111 29 kunna
1258 2389 130 30 lämnas
1408 2386 73 31 med
1503 2385 144 41 tillämp-

145 2455 79 40 ning
239 2464 39 20 av
292 2463 44 20 nu
353 2450 154 40 gällande
522 2448 240 40 författningar
778 2448 43 39 på
837 2444 158 33 området.
1013 2443 66 40 Jag
1097 2442 198 30 förutsätter
1310 2438 128 37 därvid,
1456 2439 47 30 att
1519 2436 127 41 Kungl.
