<?xml version="1.0" encoding="UTF-8"?>
<alto xmlns="http://www.loc.gov/standards/alto/ns-v3#" xmlns:xlink="http://www.w3.org/1999/xlink" xmlns:xsi="http://www.w3.org/2001/XMLSchema-instance" xsi:schemaLocation="http://www.loc.gov/standards/alto/ns-v3# http://www.loc.gov/alto/v3/alto-3-0.xsd">
	<Description>
		<MeasurementUnit>pixel</MeasurementUnit>
		<sourceImageInformation>
			<fileName>/tmp/tess_7mg5qlch_input.PNG</fileName>
		</sourceImageInformation>
		<OCRProcessing ID="OCR_0">
			<ocrProcessingStep>
				<processingSoftware>
					<softwareName>tesseract 5.3.0</softwareName>
				</processingSoftware>
			</ocrProcessingStep>
		</OCRProcessing>
	</Description>
	<Layout>
		<Page WIDTH="2192" HEIGHT="2652" PHYSICAL_IMG_NR="0" ID="page_0">
			<PrintSpace HPOS="0" VPOS="0" WIDTH="2192" HEIGHT="2652">
				<ComposedBlock ID="cblock_0" HPOS="386" VPOS="183" WIDTH="1441" HEIGHT="41">
					<TextBlock ID="block_0" HPOS="386" VPOS="183" WIDTH="1441" HEIGHT="41">
						<TextLine ID="line_0" HPOS="386" VPOS="183" WIDTH="1441" HEIGHT="41">
							<String ID="string_0" HPOS="386" VPOS="184" WIDTH="19" HEIGHT="31" WC="0.96" CONTENT="8"/><SP WIDTH="153" VPOS="184" HPOS="405"/>
							<String ID="string_1" HPOS="558" VPOS="183" WIDTH="117" HEIGHT="32" WC="0.70" CONTENT="Andra"/><SP WIDTH="24" VPOS="183" HPOS="675"/>
							<String ID="string_2" HPOS="699" VPOS="184" WIDTH="216" HEIGHT="31" WC="0.95" CONTENT="Kammarens"/><SP WIDTH="28" VPOS="184" HPOS="915"/>
							<String ID="string_3" HPOS="943" VPOS="183" WIDTH="182" HEIGHT="41" WC="0.93" CONTENT="Tillfälliga"/><SP WIDTH="33" VPOS="183" HPOS="1125"/>
							<String ID="string_4" HPOS="1158" VPOS="185" WIDTH="132" HEIGHT="32" WC="0.90" CONTENT="Utskotts"/><SP WIDTH="24" VPOS="185" HPOS="1290"/>
							<String ID="string_5" HPOS="1314" VPOS="184" WIDTH="81" HEIGHT="40" WC="0.96" CONTENT="(N:o"/><SP WIDTH="25" VPOS="184" HPOS="1395"/>
							<String ID="string_6" HPOS="1420" VPOS="184" WIDTH="37" HEIGHT="39" WC="0.96" CONTENT="4)"/><SP WIDTH="33" VPOS="184" HPOS="1457"/>
							<String ID="string_7" HPOS="1490" VPOS="184" WIDTH="167" HEIGHT="33" WC="0.95" CONTENT="Utlåtande"/><SP WIDTH="25" VPOS="184" HPOS="1657"/>
							<String ID="string_8" HPOS="1682" VPOS="186" WIDTH="63" HEIGHT="31" WC="0.96" CONTENT="N:o"/><SP WIDTH="29" VPOS="186" HPOS="1745"/>
							<String ID="string_9" HPOS="1774" VPOS="188" WIDTH="53" HEIGHT="30" WC="0.33" CONTENT="25."/>
						</TextLine>
					</TextBlock>
				</ComposedBlock>
				<ComposedBlock ID="cblock_1" HPOS="384" VPOS="273" WIDTH="1607" HEIGHT="1815">
					<TextBlock ID="block_1" HPOS="384" VPOS="273" WIDTH="1607" HEIGHT="1067">
						<TextLine ID="line_1" HPOS="492" VPOS="273" WIDTH="1496" HEIGHT="50">
							<String ID="string_10" HPOS="492" VPOS="274" WIDTH="55" HEIGHT="36" WC="0.95" CONTENT="Ar"/><SP WIDTH="32" VPOS="274" HPOS="547"/>
							<String ID="string_11" HPOS="579" VPOS="276" WIDTH="97" HEIGHT="33" WC="0.95" CONTENT="1893"/><SP WIDTH="31" VPOS="276" HPOS="676"/>
							<String ID="string_12" HPOS="707" VPOS="273" WIDTH="125" HEIGHT="47" WC="0.96" CONTENT="ingick"/><SP WIDTH="29" VPOS="273" HPOS="832"/>
							<String ID="string_13" HPOS="861" VPOS="273" WIDTH="211" HEIGHT="48" WC="0.96" CONTENT="Riksdagen"/><SP WIDTH="27" VPOS="273" HPOS="1072"/>
							<String ID="string_14" HPOS="1099" VPOS="274" WIDTH="57" HEIGHT="35" WC="0.95" CONTENT="till"/><SP WIDTH="29" VPOS="274" HPOS="1156"/>
							<String ID="string_15" HPOS="1185" VPOS="274" WIDTH="133" HEIGHT="47" WC="0.95" CONTENT="Kungl."/><SP WIDTH="33" VPOS="274" HPOS="1318"/>
							<String ID="string_16" HPOS="1351" VPOS="274" WIDTH="108" HEIGHT="49" WC="0.96" CONTENT="Maj:t"/><SP WIDTH="28" VPOS="274" HPOS="1459"/>
							<String ID="string_17" HPOS="1487" VPOS="275" WIDTH="80" HEIGHT="35" WC="0.95" CONTENT="med"/><SP WIDTH="28" VPOS="275" HPOS="1567"/>
							<String ID="string_18" HPOS="1595" VPOS="274" WIDTH="158" HEIGHT="47" WC="0.95" CONTENT="begäran"/><SP WIDTH="28" VPOS="274" HPOS="1753"/>
							<String ID="string_19" HPOS="1781" VPOS="290" WIDTH="56" HEIGHT="23" WC="0.96" CONTENT="om"/><SP WIDTH="29" VPOS="290" HPOS="1837"/>
							<String ID="string_20" HPOS="1866" VPOS="290" WIDTH="46" HEIGHT="23" WC="0.93" CONTENT="en"/><SP WIDTH="24" VPOS="290" HPOS="1912"/>
							<String ID="string_21" HPOS="1936" VPOS="280" WIDTH="52" HEIGHT="32" WC="0.92" CONTENT="ut-"/>
						</TextLine>
						<TextLine ID="line_2" HPOS="385" VPOS="327" WIDTH="1600" HEIGHT="51">
							<String ID="string_22" HPOS="385" VPOS="328" WIDTH="155" HEIGHT="47" WC="0.96" CONTENT="redning"/><SP WIDTH="34" VPOS="328" HPOS="540"/>
							<String ID="string_23" HPOS="574" VPOS="328" WIDTH="152" HEIGHT="35" WC="0.96" CONTENT="rörande"/><SP WIDTH="34" VPOS="328" HPOS="726"/>
							<String ID="string_24" HPOS="760" VPOS="327" WIDTH="227" HEIGHT="47" WC="0.96" CONTENT="lämpligaste"/><SP WIDTH="29" VPOS="327" HPOS="987"/>
							<String ID="string_25" HPOS="1016" VPOS="330" WIDTH="108" HEIGHT="33" WC="0.96" CONTENT="sättet"/><SP WIDTH="29" VPOS="330" HPOS="1124"/>
							<String ID="string_26" HPOS="1153" VPOS="328" WIDTH="55" HEIGHT="35" WC="0.96" CONTENT="för"/><SP WIDTH="28" VPOS="328" HPOS="1208"/>
							<String ID="string_27" HPOS="1236" VPOS="328" WIDTH="194" HEIGHT="45" WC="0.93" CONTENT="samlande,"/><SP WIDTH="32" VPOS="328" HPOS="1430"/>
							<String ID="string_28" HPOS="1462" VPOS="328" WIDTH="242" HEIGHT="35" WC="0.92" CONTENT="bearbetande"/><SP WIDTH="29" VPOS="328" HPOS="1704"/>
							<String ID="string_29" HPOS="1733" VPOS="331" WIDTH="66" HEIGHT="35" WC="0.92" CONTENT="och"/><SP WIDTH="28" VPOS="331" HPOS="1799"/>
							<String ID="string_30" HPOS="1827" VPOS="331" WIDTH="158" HEIGHT="47" WC="0.92" CONTENT="publice-"/>
						</TextLine>
						<TextLine ID="line_3" HPOS="384" VPOS="380" WIDTH="1592" HEIGHT="48">
							<String ID="string_31" HPOS="384" VPOS="382" WIDTH="112" HEIGHT="35" WC="0.96" CONTENT="rande"/><SP WIDTH="38" VPOS="382" HPOS="496"/>
							<String ID="string_32" HPOS="534" VPOS="381" WIDTH="40" HEIGHT="36" WC="0.96" CONTENT="af"/><SP WIDTH="31" VPOS="381" HPOS="574"/>
							<String ID="string_33" HPOS="605" VPOS="394" WIDTH="45" HEIGHT="22" WC="0.95" CONTENT="en"/><SP WIDTH="38" VPOS="394" HPOS="650"/>
							<String ID="string_34" HPOS="688" VPOS="380" WIDTH="133" HEIGHT="37" WC="0.93" CONTENT="svensk"/><SP WIDTH="37" VPOS="380" HPOS="821"/>
							<String ID="string_35" HPOS="858" VPOS="381" WIDTH="294" HEIGHT="36" WC="0.88" CONTENT="arbetsstatistik."/><SP WIDTH="59" VPOS="381" HPOS="1152"/>
							<String ID="string_36" HPOS="1211" VPOS="381" WIDTH="117" HEIGHT="36" WC="0.86" CONTENT="Sedan"/><SP WIDTH="28" VPOS="381" HPOS="1328"/>
							<String ID="string_37" HPOS="1356" VPOS="382" WIDTH="113" HEIGHT="35" WC="0.96" CONTENT="sådan"/><SP WIDTH="28" VPOS="382" HPOS="1469"/>
							<String ID="string_38" HPOS="1497" VPOS="381" WIDTH="197" HEIGHT="47" WC="0.96" CONTENT="utredning"/><SP WIDTH="29" VPOS="381" HPOS="1694"/>
							<String ID="string_39" HPOS="1723" VPOS="382" WIDTH="121" HEIGHT="37" WC="0.92" CONTENT="blifvit"/><SP WIDTH="29" VPOS="382" HPOS="1844"/>
							<String ID="string_40" HPOS="1873" VPOS="386" WIDTH="103" HEIGHT="35" WC="0.92" CONTENT="verk-"/>
						</TextLine>
						<TextLine ID="line_4" HPOS="385" VPOS="434" WIDTH="1592" HEIGHT="48">
							<String ID="string_41" HPOS="385" VPOS="436" WIDTH="118" HEIGHT="43" WC="0.95" CONTENT="ställd,"/><SP WIDTH="30" VPOS="436" HPOS="503"/>
							<String ID="string_42" HPOS="533" VPOS="436" WIDTH="67" HEIGHT="34" WC="0.96" CONTENT="har"/><SP WIDTH="27" VPOS="436" HPOS="600"/>
							<String ID="string_43" HPOS="627" VPOS="434" WIDTH="210" HEIGHT="47" WC="0.96" CONTENT="Riksdagen"/><SP WIDTH="29" VPOS="434" HPOS="837"/>
							<String ID="string_44" HPOS="866" VPOS="434" WIDTH="113" HEIGHT="36" WC="0.96" CONTENT="första"/><SP WIDTH="27" VPOS="434" HPOS="979"/>
							<String ID="string_45" HPOS="1006" VPOS="437" WIDTH="142" HEIGHT="45" WC="0.96" CONTENT="gången"/><SP WIDTH="33" VPOS="437" HPOS="1148"/>
							<String ID="string_46" HPOS="1181" VPOS="437" WIDTH="97" HEIGHT="33" WC="0.96" CONTENT="1896"/><SP WIDTH="31" VPOS="437" HPOS="1278"/>
							<String ID="string_47" HPOS="1309" VPOS="436" WIDTH="66" HEIGHT="34" WC="0.96" CONTENT="och"/><SP WIDTH="30" VPOS="436" HPOS="1375"/>
							<String ID="string_48" HPOS="1405" VPOS="437" WIDTH="201" HEIGHT="34" WC="0.96" CONTENT="sedermera"/><SP WIDTH="24" VPOS="437" HPOS="1606"/>
							<String ID="string_49" HPOS="1630" VPOS="438" WIDTH="97" HEIGHT="44" WC="0.96" CONTENT="gång"/><SP WIDTH="20" VPOS="438" HPOS="1727"/>
							<String ID="string_50" HPOS="1747" VPOS="436" WIDTH="90" HEIGHT="36" WC="0.96" CONTENT="efter"/><SP WIDTH="19" VPOS="436" HPOS="1837"/>
							<String ID="string_51" HPOS="1856" VPOS="450" WIDTH="121" HEIGHT="24" WC="0.96" CONTENT="annan"/>
						</TextLine>
						<TextLine ID="line_5" HPOS="385" VPOS="488" WIDTH="1599" HEIGHT="48">
							<String ID="string_52" HPOS="385" VPOS="489" WIDTH="151" HEIGHT="47" WC="0.96" CONTENT="beviljat"/><SP WIDTH="41" VPOS="489" HPOS="536"/>
							<String ID="string_53" HPOS="577" VPOS="489" WIDTH="124" HEIGHT="46" WC="0.93" CONTENT="anslag"/><SP WIDTH="42" VPOS="489" HPOS="701"/>
							<String ID="string_54" HPOS="743" VPOS="488" WIDTH="56" HEIGHT="35" WC="0.93" CONTENT="till"/><SP WIDTH="41" VPOS="488" HPOS="799"/>
							<String ID="string_55" HPOS="840" VPOS="489" WIDTH="233" HEIGHT="35" WC="0.95" CONTENT="anordnande"/><SP WIDTH="40" VPOS="489" HPOS="1073"/>
							<String ID="string_56" HPOS="1113" VPOS="489" WIDTH="117" HEIGHT="35" WC="0.91" CONTENT="under"/><SP WIDTH="37" VPOS="489" HPOS="1230"/>
							<String ID="string_57" HPOS="1267" VPOS="489" WIDTH="331" HEIGHT="47" WC="0.90" CONTENT="kommerskollegii"/><SP WIDTH="37" VPOS="489" HPOS="1598"/>
							<String ID="string_58" HPOS="1635" VPOS="489" WIDTH="274" HEIGHT="37" WC="0.90" CONTENT="öfverinseende"/><SP WIDTH="35" VPOS="489" HPOS="1909"/>
							<String ID="string_59" HPOS="1944" VPOS="492" WIDTH="40" HEIGHT="35" WC="0.96" CONTENT="af"/>
						</TextLine>
						<TextLine ID="line_6" HPOS="385" VPOS="542" WIDTH="1598" HEIGHT="50">
							<String ID="string_60" HPOS="385" VPOS="542" WIDTH="183" HEIGHT="47" WC="0.96" CONTENT="tillfälliga"/><SP WIDTH="33" VPOS="542" HPOS="568"/>
							<String ID="string_61" HPOS="601" VPOS="545" WIDTH="113" HEIGHT="33" WC="0.96" CONTENT="större"/><SP WIDTH="28" VPOS="545" HPOS="714"/>
							<String ID="string_62" HPOS="742" VPOS="542" WIDTH="325" HEIGHT="47" WC="0.96" CONTENT="undersökningar,"/><SP WIDTH="30" VPOS="542" HPOS="1067"/>
							<String ID="string_63" HPOS="1097" VPOS="542" WIDTH="128" HEIGHT="35" WC="0.96" CONTENT="hvilka"/><SP WIDTH="28" VPOS="542" HPOS="1225"/>
							<String ID="string_64" HPOS="1253" VPOS="542" WIDTH="201" HEIGHT="36" WC="0.96" CONTENT="emellertid"/><SP WIDTH="28" VPOS="542" HPOS="1454"/>
							<String ID="string_65" HPOS="1482" VPOS="543" WIDTH="229" HEIGHT="35" WC="0.93" CONTENT="uteslutande"/><SP WIDTH="29" VPOS="543" HPOS="1711"/>
							<String ID="string_66" HPOS="1740" VPOS="543" WIDTH="109" HEIGHT="36" WC="0.91" CONTENT="afsett"/><SP WIDTH="28" VPOS="543" HPOS="1849"/>
							<String ID="string_67" HPOS="1877" VPOS="556" WIDTH="106" HEIGHT="36" WC="0.91" CONTENT="grup-"/>
						</TextLine>
						<TextLine ID="line_7" HPOS="386" VPOS="595" WIDTH="1605" HEIGHT="49">
							<String ID="string_68" HPOS="386" VPOS="609" WIDTH="64" HEIGHT="34" WC="0.96" CONTENT="per"/><SP WIDTH="42" VPOS="609" HPOS="450"/>
							<String ID="string_69" HPOS="492" VPOS="596" WIDTH="40" HEIGHT="35" WC="0.96" CONTENT="af"/><SP WIDTH="38" VPOS="596" HPOS="532"/>
							<String ID="string_70" HPOS="570" VPOS="595" WIDTH="333" HEIGHT="45" WC="0.95" CONTENT="industriarbetare,"/><SP WIDTH="45" VPOS="595" HPOS="903"/>
							<String ID="string_71" HPOS="948" VPOS="596" WIDTH="57" HEIGHT="35" WC="0.96" CONTENT="till"/><SP WIDTH="42" VPOS="596" HPOS="1005"/>
							<String ID="string_72" HPOS="1047" VPOS="596" WIDTH="80" HEIGHT="35" WC="0.96" CONTENT="dess"/><SP WIDTH="35" VPOS="596" HPOS="1127"/>
							<String ID="string_73" HPOS="1162" VPOS="596" WIDTH="80" HEIGHT="35" WC="0.96" CONTENT="från"/><SP WIDTH="34" VPOS="596" HPOS="1242"/>
							<String ID="string_74" HPOS="1276" VPOS="596" WIDTH="66" HEIGHT="35" WC="0.96" CONTENT="och"/><SP WIDTH="29" VPOS="596" HPOS="1342"/>
							<String ID="string_75" HPOS="1371" VPOS="597" WIDTH="82" HEIGHT="34" WC="0.95" CONTENT="med"/><SP WIDTH="29" VPOS="597" HPOS="1453"/>
							<String ID="string_76" HPOS="1482" VPOS="598" WIDTH="39" HEIGHT="33" WC="0.96" CONTENT="år"/><SP WIDTH="32" VPOS="598" HPOS="1521"/>
							<String ID="string_77" HPOS="1553" VPOS="599" WIDTH="97" HEIGHT="33" WC="0.96" CONTENT="1903"/><SP WIDTH="31" VPOS="599" HPOS="1650"/>
							<String ID="string_78" HPOS="1681" VPOS="596" WIDTH="14" HEIGHT="35" WC="0.96" CONTENT="i"/><SP WIDTH="28" VPOS="596" HPOS="1695"/>
							<String ID="string_79" HPOS="1723" VPOS="596" WIDTH="198" HEIGHT="48" WC="0.96" CONTENT="anledning"/><SP WIDTH="29" VPOS="596" HPOS="1921"/>
							<String ID="string_80" HPOS="1950" VPOS="598" WIDTH="41" HEIGHT="35" WC="0.96" CONTENT="af"/>
						</TextLine>
						<TextLine ID="line_8" HPOS="386" VPOS="649" WIDTH="1598" HEIGHT="48">
							<String ID="string_81" HPOS="386" VPOS="650" WIDTH="119" HEIGHT="35" WC="0.96" CONTENT="beslut"/><SP WIDTH="28" VPOS="650" HPOS="505"/>
							<String ID="string_82" HPOS="533" VPOS="649" WIDTH="62" HEIGHT="36" WC="0.96" CONTENT="vid"/><SP WIDTH="32" VPOS="649" HPOS="595"/>
							<String ID="string_83" HPOS="627" VPOS="652" WIDTH="98" HEIGHT="33" WC="0.96" CONTENT="1902"/><SP WIDTH="32" VPOS="652" HPOS="725"/>
							<String ID="string_84" HPOS="757" VPOS="652" WIDTH="56" HEIGHT="32" WC="0.96" CONTENT="års"/><SP WIDTH="28" VPOS="652" HPOS="813"/>
							<String ID="string_85" HPOS="841" VPOS="649" WIDTH="151" HEIGHT="47" WC="0.93" CONTENT="riksdag"/><SP WIDTH="28" VPOS="649" HPOS="992"/>
							<String ID="string_86" HPOS="1020" VPOS="649" WIDTH="329" HEIGHT="36" WC="0.90" CONTENT="arbetsstatistiken"/><SP WIDTH="28" VPOS="649" HPOS="1349"/>
							<String ID="string_87" HPOS="1377" VPOS="649" WIDTH="13" HEIGHT="36" WC="0.96" CONTENT="i"/><SP WIDTH="30" VPOS="649" HPOS="1390"/>
							<String ID="string_88" HPOS="1420" VPOS="649" WIDTH="147" HEIGHT="48" WC="0.95" CONTENT="Sverige"/><SP WIDTH="29" VPOS="649" HPOS="1567"/>
							<String ID="string_89" HPOS="1596" VPOS="650" WIDTH="146" HEIGHT="35" WC="0.95" CONTENT="erhållit"/><SP WIDTH="19" VPOS="650" HPOS="1742"/>
							<String ID="string_90" HPOS="1761" VPOS="650" WIDTH="133" HEIGHT="35" WC="0.91" CONTENT="fastare"/><SP WIDTH="21" VPOS="650" HPOS="1894"/>
							<String ID="string_91" HPOS="1915" VPOS="650" WIDTH="69" HEIGHT="36" WC="0.91" CONTENT="for-"/>
						</TextLine>
						<TextLine ID="line_9" HPOS="386" VPOS="702" WIDTH="1600" HEIGHT="49">
							<String ID="string_92" HPOS="386" VPOS="716" WIDTH="77" HEIGHT="30" WC="0.96" CONTENT="mer"/><SP WIDTH="37" VPOS="716" HPOS="463"/>
							<String ID="string_93" HPOS="500" VPOS="715" WIDTH="127" HEIGHT="35" WC="0.95" CONTENT="genom"/><SP WIDTH="35" VPOS="715" HPOS="627"/>
							<String ID="string_94" HPOS="662" VPOS="702" WIDTH="222" HEIGHT="37" WC="0.71" CONTENT="inrättandet"/><SP WIDTH="29" VPOS="702" HPOS="884"/>
							<String ID="string_95" HPOS="913" VPOS="703" WIDTH="41" HEIGHT="35" WC="0.93" CONTENT="af"/><SP WIDTH="32" VPOS="703" HPOS="954"/>
							<String ID="string_96" HPOS="986" VPOS="703" WIDTH="350" HEIGHT="47" WC="0.89" CONTENT="»kommerskollegii"/><SP WIDTH="29" VPOS="703" HPOS="1336"/>
							<String ID="string_97" HPOS="1365" VPOS="703" WIDTH="188" HEIGHT="48" WC="0.91" CONTENT="afdelning"/><SP WIDTH="28" VPOS="703" HPOS="1553"/>
							<String ID="string_98" HPOS="1581" VPOS="704" WIDTH="55" HEIGHT="36" WC="0.93" CONTENT="för"/><SP WIDTH="29" VPOS="704" HPOS="1636"/>
							<String ID="string_99" HPOS="1665" VPOS="703" WIDTH="321" HEIGHT="45" WC="0.83" CONTENT="arbetsstatistik&gt;,"/>
						</TextLine>
						<TextLine ID="line_10" HPOS="386" VPOS="756" WIDTH="1604" HEIGHT="48">
							<String ID="string_100" HPOS="386" VPOS="758" WIDTH="82" HEIGHT="35" WC="0.96" CONTENT="med"/><SP WIDTH="29" VPOS="758" HPOS="468"/>
							<String ID="string_101" HPOS="497" VPOS="769" WIDTH="46" HEIGHT="23" WC="0.95" CONTENT="en"/><SP WIDTH="29" VPOS="769" HPOS="543"/>
							<String ID="string_102" HPOS="572" VPOS="757" WIDTH="111" HEIGHT="35" WC="0.95" CONTENT="första"/><SP WIDTH="28" VPOS="757" HPOS="683"/>
							<String ID="string_103" HPOS="711" VPOS="756" WIDTH="164" HEIGHT="36" WC="0.96" CONTENT="aktuarie"/><SP WIDTH="29" VPOS="756" HPOS="875"/>
							<String ID="string_104" HPOS="904" VPOS="757" WIDTH="57" HEIGHT="35" WC="0.93" CONTENT="till"/><SP WIDTH="29" VPOS="757" HPOS="961"/>
							<String ID="string_105" HPOS="990" VPOS="757" WIDTH="91" HEIGHT="35" WC="0.92" CONTENT="chef."/><SP WIDTH="60" VPOS="757" HPOS="1081"/>
							<String ID="string_106" HPOS="1141" VPOS="758" WIDTH="129" HEIGHT="34" WC="0.88" CONTENT="Denne"/><SP WIDTH="29" VPOS="758" HPOS="1270"/>
							<String ID="string_107" HPOS="1299" VPOS="757" WIDTH="222" HEIGHT="35" WC="0.95" CONTENT="sistnämnde"/><SP WIDTH="30" VPOS="757" HPOS="1521"/>
							<String ID="string_108" HPOS="1551" VPOS="758" WIDTH="65" HEIGHT="35" WC="0.96" CONTENT="har"/><SP WIDTH="28" VPOS="758" HPOS="1616"/>
							<String ID="string_109" HPOS="1644" VPOS="757" WIDTH="58" HEIGHT="36" WC="0.93" CONTENT="till"/><SP WIDTH="24" VPOS="757" HPOS="1702"/>
							<String ID="string_110" HPOS="1726" VPOS="757" WIDTH="190" HEIGHT="47" WC="0.89" CONTENT="åliggande"/><SP WIDTH="21" VPOS="757" HPOS="1916"/>
							<String ID="string_111" HPOS="1937" VPOS="761" WIDTH="53" HEIGHT="32" WC="0.96" CONTENT="att"/>
						</TextLine>
						<TextLine ID="line_11" HPOS="386" VPOS="810" WIDTH="1602" HEIGHT="48">
							<String ID="string_112" HPOS="386" VPOS="815" WIDTH="164" HEIGHT="43" WC="0.90" CONTENT="uppgöra"/><SP WIDTH="28" VPOS="815" HPOS="550"/>
							<String ID="string_113" HPOS="578" VPOS="811" WIDTH="66" HEIGHT="35" WC="0.93" CONTENT="och"/><SP WIDTH="29" VPOS="811" HPOS="644"/>
							<String ID="string_114" HPOS="673" VPOS="810" WIDTH="138" HEIGHT="47" WC="0.92" CONTENT="afgifva"/><SP WIDTH="28" VPOS="810" HPOS="811"/>
							<String ID="string_115" HPOS="839" VPOS="810" WIDTH="135" HEIGHT="47" WC="0.96" CONTENT="förslag"/><SP WIDTH="28" VPOS="810" HPOS="974"/>
							<String ID="string_116" HPOS="1002" VPOS="811" WIDTH="56" HEIGHT="35" WC="0.95" CONTENT="till"/><SP WIDTH="28" VPOS="811" HPOS="1058"/>
							<String ID="string_117" HPOS="1086" VPOS="817" WIDTH="104" HEIGHT="29" WC="0.96" CONTENT="ämne"/><SP WIDTH="29" VPOS="817" HPOS="1190"/>
							<String ID="string_118" HPOS="1219" VPOS="811" WIDTH="65" HEIGHT="35" WC="0.96" CONTENT="och"/><SP WIDTH="29" VPOS="811" HPOS="1284"/>
							<String ID="string_119" HPOS="1313" VPOS="811" WIDTH="86" HEIGHT="46" WC="0.96" CONTENT="plan"/><SP WIDTH="30" VPOS="811" HPOS="1399"/>
							<String ID="string_120" HPOS="1429" VPOS="811" WIDTH="55" HEIGHT="34" WC="0.93" CONTENT="för"/><SP WIDTH="28" VPOS="811" HPOS="1484"/>
							<String ID="string_121" HPOS="1512" VPOS="811" WIDTH="323" HEIGHT="36" WC="0.92" CONTENT="arbetsstatistiska"/><SP WIDTH="23" VPOS="811" HPOS="1835"/>
							<String ID="string_122" HPOS="1858" VPOS="811" WIDTH="130" HEIGHT="35" WC="0.92" CONTENT="under-"/>
						</TextLine>
						<TextLine ID="line_12" HPOS="387" VPOS="864" WIDTH="1602" HEIGHT="47">
							<String ID="string_123" HPOS="387" VPOS="864" WIDTH="199" HEIGHT="47" WC="0.96" CONTENT="sökningar"/><SP WIDTH="37" VPOS="864" HPOS="586"/>
							<String ID="string_124" HPOS="623" VPOS="868" WIDTH="91" HEIGHT="32" WC="0.96" CONTENT="samt"/><SP WIDTH="37" VPOS="868" HPOS="714"/>
							<String ID="string_125" HPOS="751" VPOS="864" WIDTH="56" HEIGHT="35" WC="0.93" CONTENT="till"/><SP WIDTH="38" VPOS="864" HPOS="807"/>
							<String ID="string_126" HPOS="845" VPOS="864" WIDTH="281" HEIGHT="47" WC="0.96" CONTENT="användningen"/><SP WIDTH="38" VPOS="864" HPOS="1126"/>
							<String ID="string_127" HPOS="1164" VPOS="864" WIDTH="40" HEIGHT="35" WC="0.96" CONTENT="af"/><SP WIDTH="30" VPOS="864" HPOS="1204"/>
							<String ID="string_128" HPOS="1234" VPOS="865" WIDTH="43" HEIGHT="35" WC="0.96" CONTENT="de"/><SP WIDTH="29" VPOS="865" HPOS="1277"/>
							<String ID="string_129" HPOS="1306" VPOS="864" WIDTH="55" HEIGHT="35" WC="0.96" CONTENT="för"/><SP WIDTH="29" VPOS="864" HPOS="1361"/>
							<String ID="string_130" HPOS="1390" VPOS="865" WIDTH="62" HEIGHT="35" WC="0.93" CONTENT="det"/><SP WIDTH="28" VPOS="865" HPOS="1452"/>
							<String ID="string_131" HPOS="1480" VPOS="865" WIDTH="322" HEIGHT="36" WC="0.90" CONTENT="arbetsstatistiska"/><SP WIDTH="29" VPOS="865" HPOS="1802"/>
							<String ID="string_132" HPOS="1831" VPOS="865" WIDTH="158" HEIGHT="35" WC="0.96" CONTENT="arbetets"/>
						</TextLine>
						<TextLine ID="line_13" HPOS="387" VPOS="917" WIDTH="1601" HEIGHT="48">
							<String ID="string_133" HPOS="387" VPOS="919" WIDTH="185" HEIGHT="35" WC="0.96" CONTENT="ordnande"/><SP WIDTH="37" VPOS="919" HPOS="572"/>
							<String ID="string_134" HPOS="609" VPOS="917" WIDTH="171" HEIGHT="36" WC="0.96" CONTENT="anvisade"/><SP WIDTH="39" VPOS="917" HPOS="780"/>
							<String ID="string_135" HPOS="819" VPOS="918" WIDTH="127" HEIGHT="35" WC="0.94" CONTENT="medel."/><SP WIDTH="58" VPOS="918" HPOS="946"/>
							<String ID="string_136" HPOS="1004" VPOS="918" WIDTH="223" HEIGHT="47" WC="0.90" CONTENT="Härigenom"/><SP WIDTH="38" VPOS="918" HPOS="1227"/>
							<String ID="string_137" HPOS="1265" VPOS="919" WIDTH="65" HEIGHT="34" WC="0.96" CONTENT="har"/><SP WIDTH="37" VPOS="919" HPOS="1330"/>
							<String ID="string_138" HPOS="1367" VPOS="918" WIDTH="166" HEIGHT="47" WC="0.96" CONTENT="grunden"/><SP WIDTH="28" VPOS="918" HPOS="1533"/>
							<String ID="string_139" HPOS="1561" VPOS="918" WIDTH="93" HEIGHT="46" WC="0.96" CONTENT="lagts"/><SP WIDTH="29" VPOS="918" HPOS="1654"/>
							<String ID="string_140" HPOS="1683" VPOS="919" WIDTH="57" HEIGHT="35" WC="0.96" CONTENT="till"/><SP WIDTH="29" VPOS="919" HPOS="1740"/>
							<String ID="string_141" HPOS="1769" VPOS="931" WIDTH="44" HEIGHT="23" WC="0.96" CONTENT="en"/><SP WIDTH="28" VPOS="931" HPOS="1813"/>
							<String ID="string_142" HPOS="1841" VPOS="918" WIDTH="147" HEIGHT="36" WC="0.96" CONTENT="officiell"/>
						</TextLine>
						<TextLine ID="line_14" HPOS="387" VPOS="971" WIDTH="1602" HEIGHT="48">
							<String ID="string_143" HPOS="387" VPOS="971" WIDTH="303" HEIGHT="36" WC="0.92" CONTENT="arbetsstatistisk"/><SP WIDTH="29" VPOS="971" HPOS="690"/>
							<String ID="string_144" HPOS="719" VPOS="972" WIDTH="89" HEIGHT="46" WC="0.96" CONTENT="byrå"/><SP WIDTH="29" VPOS="972" HPOS="808"/>
							<String ID="string_145" HPOS="837" VPOS="972" WIDTH="66" HEIGHT="35" WC="0.96" CONTENT="och"/><SP WIDTH="29" VPOS="972" HPOS="903"/>
							<String ID="string_146" HPOS="932" VPOS="971" WIDTH="187" HEIGHT="48" WC="0.95" CONTENT="möjlighet"/><SP WIDTH="28" VPOS="971" HPOS="1119"/>
							<String ID="string_147" HPOS="1147" VPOS="972" WIDTH="122" HEIGHT="36" WC="0.96" CONTENT="blifvit"/><SP WIDTH="31" VPOS="972" HPOS="1269"/>
							<String ID="string_148" HPOS="1300" VPOS="972" WIDTH="132" HEIGHT="35" WC="0.96" CONTENT="beredd"/><SP WIDTH="31" VPOS="972" HPOS="1432"/>
							<String ID="string_149" HPOS="1463" VPOS="972" WIDTH="55" HEIGHT="35" WC="0.96" CONTENT="för"/><SP WIDTH="26" VPOS="972" HPOS="1518"/>
							<String ID="string_150" HPOS="1544" VPOS="984" WIDTH="44" HEIGHT="22" WC="0.96" CONTENT="en"/><SP WIDTH="20" VPOS="984" HPOS="1588"/>
							<String ID="string_151" HPOS="1608" VPOS="972" WIDTH="225" HEIGHT="47" WC="0.96" CONTENT="fortlöpande"/><SP WIDTH="21" VPOS="972" HPOS="1833"/>
							<String ID="string_152" HPOS="1854" VPOS="972" WIDTH="135" HEIGHT="35" WC="0.95" CONTENT="svensk"/>
						</TextLine>
						<TextLine ID="line_15" HPOS="387" VPOS="1025" WIDTH="1600" HEIGHT="47">
							<String ID="string_153" HPOS="387" VPOS="1025" WIDTH="285" HEIGHT="36" WC="0.90" CONTENT="arbetsstatistik"/><SP WIDTH="34" VPOS="1025" HPOS="672"/>
							<String ID="string_154" HPOS="706" VPOS="1028" WIDTH="91" HEIGHT="32" WC="0.96" CONTENT="samt"/><SP WIDTH="28" VPOS="1028" HPOS="797"/>
							<String ID="string_155" HPOS="825" VPOS="1025" WIDTH="56" HEIGHT="35" WC="0.93" CONTENT="för"/><SP WIDTH="28" VPOS="1025" HPOS="881"/>
							<String ID="string_156" HPOS="909" VPOS="1025" WIDTH="213" HEIGHT="47" WC="0.92" CONTENT="utgifvande"/><SP WIDTH="29" VPOS="1025" HPOS="1122"/>
							<String ID="string_157" HPOS="1151" VPOS="1025" WIDTH="40" HEIGHT="35" WC="0.96" CONTENT="af"/><SP WIDTH="25" VPOS="1025" HPOS="1191"/>
							<String ID="string_158" HPOS="1216" VPOS="1026" WIDTH="238" HEIGHT="46" WC="0.93" CONTENT="regelbundet"/><SP WIDTH="28" VPOS="1026" HPOS="1454"/>
							<String ID="string_159" HPOS="1482" VPOS="1025" WIDTH="257" HEIGHT="35" WC="0.88" CONTENT="utkommande"/><SP WIDTH="28" VPOS="1025" HPOS="1739"/>
							<String ID="string_160" HPOS="1767" VPOS="1025" WIDTH="220" HEIGHT="36" WC="0.88" CONTENT="arbetsstati-"/>
						</TextLine>
						<TextLine ID="line_16" HPOS="388" VPOS="1079" WIDTH="1601" HEIGHT="48">
							<String ID="string_161" HPOS="388" VPOS="1079" WIDTH="115" HEIGHT="36" WC="0.92" CONTENT="stiska"/><SP WIDTH="29" VPOS="1079" HPOS="503"/>
							<String ID="string_162" HPOS="532" VPOS="1079" WIDTH="270" HEIGHT="35" WC="0.93" CONTENT="meddelanden."/><SP WIDTH="58" VPOS="1079" HPOS="802"/>
							<String ID="string_163" HPOS="860" VPOS="1080" WIDTH="143" HEIGHT="46" WC="0.90" CONTENT="Byråns"/><SP WIDTH="28" VPOS="1080" HPOS="1003"/>
							<String ID="string_164" HPOS="1031" VPOS="1079" WIDTH="231" HEIGHT="36" WC="0.96" CONTENT="verksamhet"/><SP WIDTH="27" VPOS="1079" HPOS="1262"/>
							<String ID="string_165" HPOS="1289" VPOS="1084" WIDTH="39" HEIGHT="30" WC="0.96" CONTENT="är"/><SP WIDTH="20" VPOS="1084" HPOS="1328"/>
							<String ID="string_166" HPOS="1348" VPOS="1079" WIDTH="104" HEIGHT="44" WC="0.96" CONTENT="dock,"/><SP WIDTH="23" VPOS="1079" HPOS="1452"/>
							<String ID="string_167" HPOS="1475" VPOS="1082" WIDTH="112" HEIGHT="32" WC="0.96" CONTENT="såsom"/><SP WIDTH="26" VPOS="1082" HPOS="1587"/>
							<String ID="string_168" HPOS="1613" VPOS="1079" WIDTH="223" HEIGHT="35" WC="0.96" CONTENT="motionären"/><SP WIDTH="16" VPOS="1079" HPOS="1836"/>
							<String ID="string_169" HPOS="1852" VPOS="1079" WIDTH="137" HEIGHT="48" WC="0.96" CONTENT="jämväl"/>
						</TextLine>
						<TextLine ID="line_17" HPOS="388" VPOS="1129" WIDTH="1600" HEIGHT="51">
							<String ID="string_170" HPOS="388" VPOS="1133" WIDTH="179" HEIGHT="44" WC="0.96" CONTENT="anmärkt,"/><SP WIDTH="31" VPOS="1133" HPOS="567"/>
							<String ID="string_171" HPOS="598" VPOS="1133" WIDTH="127" HEIGHT="35" WC="0.93" CONTENT="endast"/><SP WIDTH="28" VPOS="1133" HPOS="725"/>
							<String ID="string_172" HPOS="753" VPOS="1132" WIDTH="126" HEIGHT="36" WC="0.93" CONTENT="afsedd"/><SP WIDTH="29" VPOS="1132" HPOS="879"/>
							<String ID="string_173" HPOS="908" VPOS="1133" WIDTH="66" HEIGHT="35" WC="0.97" CONTENT="och"/><SP WIDTH="28" VPOS="1133" HPOS="974"/>
							<String ID="string_174" HPOS="1002" VPOS="1133" WIDTH="171" HEIGHT="47" WC="0.96" CONTENT="planlagd"/><SP WIDTH="29" VPOS="1133" HPOS="1173"/>
							<String ID="string_175" HPOS="1202" VPOS="1133" WIDTH="55" HEIGHT="35" WC="0.97" CONTENT="för"/><SP WIDTH="24" VPOS="1133" HPOS="1257"/>
							<String ID="string_176" HPOS="1281" VPOS="1129" WIDTH="274" HEIGHT="50" WC="0.22" CONTENT="undersökning"/><SP WIDTH="26" VPOS="1129" HPOS="1555"/>
							<String ID="string_177" HPOS="1581" VPOS="1132" WIDTH="39" HEIGHT="35" WC="0.96" CONTENT="af"/><SP WIDTH="17" VPOS="1132" HPOS="1620"/>
							<String ID="string_178" HPOS="1637" VPOS="1133" WIDTH="43" HEIGHT="34" WC="0.96" CONTENT="de"/><SP WIDTH="21" VPOS="1133" HPOS="1680"/>
							<String ID="string_179" HPOS="1701" VPOS="1132" WIDTH="97" HEIGHT="35" WC="0.93" CONTENT="olika"/><SP WIDTH="18" VPOS="1132" HPOS="1798"/>
							<String ID="string_180" HPOS="1816" VPOS="1132" WIDTH="172" HEIGHT="36" WC="0.92" CONTENT="industri-"/>
						</TextLine>
						<TextLine ID="line_18" HPOS="387" VPOS="1186" WIDTH="1601" HEIGHT="47">
							<String ID="string_181" HPOS="387" VPOS="1199" WIDTH="179" HEIGHT="34" WC="0.96" CONTENT="grenarna"/><SP WIDTH="35" VPOS="1199" HPOS="566"/>
							<String ID="string_182" HPOS="601" VPOS="1187" WIDTH="66" HEIGHT="34" WC="0.96" CONTENT="och"/><SP WIDTH="37" VPOS="1187" HPOS="667"/>
							<String ID="string_183" HPOS="704" VPOS="1187" WIDTH="101" HEIGHT="35" WC="0.96" CONTENT="torde"/><SP WIDTH="28" VPOS="1187" HPOS="805"/>
							<String ID="string_184" HPOS="833" VPOS="1186" WIDTH="82" HEIGHT="36" WC="0.96" CONTENT="icke"/><SP WIDTH="30" VPOS="1186" HPOS="915"/>
							<String ID="string_185" HPOS="945" VPOS="1187" WIDTH="81" HEIGHT="34" WC="0.96" CONTENT="med"/><SP WIDTH="28" VPOS="1187" HPOS="1026"/>
							<String ID="string_186" HPOS="1054" VPOS="1186" WIDTH="57" HEIGHT="36" WC="0.96" CONTENT="sin"/><SP WIDTH="27" VPOS="1186" HPOS="1111"/>
							<String ID="string_187" HPOS="1138" VPOS="1187" WIDTH="209" HEIGHT="35" WC="0.96" CONTENT="nuvarande"/><SP WIDTH="29" VPOS="1187" HPOS="1347"/>
							<String ID="string_188" HPOS="1376" VPOS="1186" WIDTH="245" HEIGHT="47" WC="0.93" CONTENT="organisation"/><SP WIDTH="28" VPOS="1186" HPOS="1621"/>
							<String ID="string_189" HPOS="1649" VPOS="1186" WIDTH="126" HEIGHT="35" WC="0.67" CONTENT="knonna"/><SP WIDTH="27" VPOS="1186" HPOS="1775"/>
							<String ID="string_190" HPOS="1802" VPOS="1186" WIDTH="186" HEIGHT="35" WC="0.95" CONTENT="utsträcka"/>
						</TextLine>
						<TextLine ID="line_19" HPOS="387" VPOS="1240" WIDTH="1601" HEIGHT="48">
							<String ID="string_191" HPOS="387" VPOS="1240" WIDTH="57" HEIGHT="35" WC="0.92" CONTENT="sin"/><SP WIDTH="37" VPOS="1240" HPOS="444"/>
							<String ID="string_192" HPOS="481" VPOS="1240" WIDTH="232" HEIGHT="36" WC="0.88" CONTENT="verksambet"/><SP WIDTH="38" VPOS="1240" HPOS="713"/>
							<String ID="string_193" HPOS="751" VPOS="1240" WIDTH="55" HEIGHT="36" WC="0.96" CONTENT="till"/><SP WIDTH="38" VPOS="1240" HPOS="806"/>
							<String ID="string_194" HPOS="844" VPOS="1241" WIDTH="43" HEIGHT="34" WC="0.96" CONTENT="de"/><SP WIDTH="38" VPOS="1241" HPOS="887"/>
							<String ID="string_195" HPOS="925" VPOS="1240" WIDTH="205" HEIGHT="48" WC="0.96" CONTENT="betydande"/><SP WIDTH="35" VPOS="1240" HPOS="1130"/>
							<String ID="string_196" HPOS="1165" VPOS="1241" WIDTH="66" HEIGHT="35" WC="0.96" CONTENT="och"/><SP WIDTH="34" VPOS="1241" HPOS="1231"/>
							<String ID="string_197" HPOS="1265" VPOS="1240" WIDTH="78" HEIGHT="36" WC="0.93" CONTENT="vidt"/><SP WIDTH="27" VPOS="1240" HPOS="1343"/>
							<String ID="string_198" HPOS="1370" VPOS="1240" WIDTH="135" HEIGHT="35" WC="0.93" CONTENT="skillda"/><SP WIDTH="28" VPOS="1240" HPOS="1505"/>
							<String ID="string_199" HPOS="1533" VPOS="1240" WIDTH="181" HEIGHT="43" WC="0.93" CONTENT="områden,"/><SP WIDTH="31" VPOS="1240" HPOS="1714"/>
							<String ID="string_200" HPOS="1745" VPOS="1240" WIDTH="146" HEIGHT="35" WC="0.91" CONTENT="hvarom"/><SP WIDTH="31" VPOS="1240" HPOS="1891"/>
							<String ID="string_201" HPOS="1922" VPOS="1240" WIDTH="66" HEIGHT="34" WC="0.95" CONTENT="här"/>
						</TextLine>
						<TextLine ID="line_20" HPOS="387" VPOS="1293" WIDTH="373" HEIGHT="47">
							<String ID="string_202" HPOS="387" VPOS="1294" WIDTH="118" HEIGHT="35" WC="0.96" CONTENT="skulle"/><SP WIDTH="29" VPOS="1294" HPOS="505"/>
							<String ID="string_203" HPOS="534" VPOS="1306" WIDTH="86" HEIGHT="23" WC="0.96" CONTENT="vara"/><SP WIDTH="28" VPOS="1306" HPOS="620"/>
							<String ID="string_204" HPOS="648" VPOS="1293" WIDTH="112" HEIGHT="47" WC="0.96" CONTENT="fråga."/>
						</TextLine>
					</TextBlock>
					<TextBlock ID="block_2" HPOS="388" VPOS="1346" WIDTH="1601" HEIGHT="477">
						<TextLine ID="line_21" HPOS="495" VPOS="1346" WIDTH="1494" HEIGHT="46">
							<String ID="string_205" HPOS="495" VPOS="1347" WIDTH="149" HEIGHT="35" WC="0.91" CONTENT="Erinras"/><SP WIDTH="38" VPOS="1347" HPOS="644"/>
							<String ID="string_206" HPOS="682" VPOS="1350" WIDTH="66" HEIGHT="42" WC="0.93" CONTENT="må,"/><SP WIDTH="40" VPOS="1350" HPOS="748"/>
							<String ID="string_207" HPOS="788" VPOS="1348" WIDTH="172" HEIGHT="35" WC="0.91" CONTENT="hurusom"/><SP WIDTH="39" VPOS="1348" HPOS="960"/>
							<String ID="string_208" HPOS="999" VPOS="1347" WIDTH="223" HEIGHT="36" WC="0.96" CONTENT="motionären"/><SP WIDTH="34" VPOS="1347" HPOS="1222"/>
							<String ID="string_209" HPOS="1256" VPOS="1348" WIDTH="110" HEIGHT="35" WC="0.91" CONTENT="bland"/><SP WIDTH="34" VPOS="1348" HPOS="1366"/>
							<String ID="string_210" HPOS="1400" VPOS="1348" WIDTH="335" HEIGHT="35" WC="0.80" CONTENT="»landtarbetarna»"/><SP WIDTH="36" VPOS="1348" HPOS="1735"/>
							<String ID="string_211" HPOS="1771" VPOS="1346" WIDTH="218" HEIGHT="36" WC="0.91" CONTENT="inberäknat"/>
						</TextLine>
						<TextLine ID="line_22" HPOS="389" VPOS="1400" WIDTH="1600" HEIGHT="48">
							<String ID="string_212" HPOS="389" VPOS="1402" WIDTH="107" HEIGHT="35" WC="0.93" CONTENT="äfven"/><SP WIDTH="36" VPOS="1402" HPOS="496"/>
							<String ID="string_213" HPOS="532" VPOS="1401" WIDTH="269" HEIGHT="36" WC="0.66" CONTENT="»småbönder»."/><SP WIDTH="58" VPOS="1401" HPOS="801"/>
							<String ID="string_214" HPOS="859" VPOS="1401" WIDTH="275" HEIGHT="47" WC="0.93" CONTENT="Benämningen"/><SP WIDTH="36" VPOS="1401" HPOS="1134"/>
							<String ID="string_215" HPOS="1170" VPOS="1401" WIDTH="254" HEIGHT="35" WC="0.80" CONTENT="»småbönder»"/><SP WIDTH="35" VPOS="1401" HPOS="1424"/>
							<String ID="string_216" HPOS="1459" VPOS="1402" WIDTH="101" HEIGHT="35" WC="0.96" CONTENT="torde"/><SP WIDTH="28" VPOS="1402" HPOS="1560"/>
							<String ID="string_217" HPOS="1588" VPOS="1401" WIDTH="119" HEIGHT="35" WC="0.96" CONTENT="tolkas"/><SP WIDTH="26" VPOS="1401" HPOS="1707"/>
							<String ID="string_218" HPOS="1733" VPOS="1401" WIDTH="138" HEIGHT="46" WC="0.96" CONTENT="ganska"/><SP WIDTH="19" VPOS="1401" HPOS="1871"/>
							<String ID="string_219" HPOS="1890" VPOS="1400" WIDTH="99" HEIGHT="36" WC="0.96" CONTENT="olika"/>
						</TextLine>
						<TextLine ID="line_23" HPOS="389" VPOS="1454" WIDTH="1600" HEIGHT="49">
							<String ID="string_220" HPOS="389" VPOS="1459" WIDTH="45" HEIGHT="44" WC="0.96" CONTENT="på"/><SP WIDTH="38" VPOS="1459" HPOS="434"/>
							<String ID="string_221" HPOS="472" VPOS="1454" WIDTH="97" HEIGHT="36" WC="0.95" CONTENT="olika"/><SP WIDTH="37" VPOS="1454" HPOS="569"/>
							<String ID="string_222" HPOS="606" VPOS="1458" WIDTH="105" HEIGHT="41" WC="0.96" CONTENT="orter,"/><SP WIDTH="39" VPOS="1458" HPOS="711"/>
							<String ID="string_223" HPOS="750" VPOS="1467" WIDTH="83" HEIGHT="23" WC="0.95" CONTENT="men"/><SP WIDTH="37" VPOS="1467" HPOS="833"/>
							<String ID="string_224" HPOS="870" VPOS="1467" WIDTH="55" HEIGHT="23" WC="0.96" CONTENT="om"/><SP WIDTH="40" VPOS="1467" HPOS="925"/>
							<String ID="string_225" HPOS="965" VPOS="1454" WIDTH="223" HEIGHT="36" WC="0.95" CONTENT="motionären"/><SP WIDTH="37" VPOS="1454" HPOS="1188"/>
							<String ID="string_226" HPOS="1225" VPOS="1455" WIDTH="147" HEIGHT="35" WC="0.93" CONTENT="därmed"/><SP WIDTH="38" VPOS="1455" HPOS="1372"/>
							<String ID="string_227" HPOS="1410" VPOS="1455" WIDTH="108" HEIGHT="35" WC="0.90" CONTENT="afsett"/><SP WIDTH="37" VPOS="1455" HPOS="1518"/>
							<String ID="string_228" HPOS="1555" VPOS="1455" WIDTH="152" HEIGHT="35" WC="0.91" CONTENT="allenast"/><SP WIDTH="37" VPOS="1455" HPOS="1707"/>
							<String ID="string_229" HPOS="1744" VPOS="1454" WIDTH="131" HEIGHT="35" WC="0.96" CONTENT="sådana"/><SP WIDTH="37" VPOS="1454" HPOS="1875"/>
							<String ID="string_230" HPOS="1912" VPOS="1456" WIDTH="77" HEIGHT="33" WC="0.96" CONTENT="små"/>
						</TextLine>
						<TextLine ID="line_24" HPOS="388" VPOS="1507" WIDTH="1599" HEIGHT="48">
							<String ID="string_231" HPOS="388" VPOS="1511" WIDTH="295" HEIGHT="44" WC="0.95" CONTENT="hemmansägare"/><SP WIDTH="37" VPOS="1511" HPOS="683"/>
							<String ID="string_232" HPOS="720" VPOS="1509" WIDTH="87" HEIGHT="35" WC="0.94" CONTENT="eller"/><SP WIDTH="36" VPOS="1509" HPOS="807"/>
							<String ID="string_233" HPOS="843" VPOS="1509" WIDTH="259" HEIGHT="44" WC="0.96" CONTENT="arrendatorer,"/><SP WIDTH="40" VPOS="1509" HPOS="1102"/>
							<String ID="string_234" HPOS="1142" VPOS="1508" WIDTH="127" HEIGHT="36" WC="0.96" CONTENT="hvilka"/><SP WIDTH="36" VPOS="1508" HPOS="1269"/>
							<String ID="string_235" HPOS="1305" VPOS="1508" WIDTH="82" HEIGHT="35" WC="0.96" CONTENT="icke"/><SP WIDTH="37" VPOS="1508" HPOS="1387"/>
							<String ID="string_236" HPOS="1424" VPOS="1509" WIDTH="48" HEIGHT="34" WC="0.96" CONTENT="ha"/><SP WIDTH="36" VPOS="1509" HPOS="1472"/>
							<String ID="string_237" HPOS="1508" VPOS="1509" WIDTH="64" HEIGHT="34" WC="0.95" CONTENT="råd"/><SP WIDTH="37" VPOS="1509" HPOS="1572"/>
							<String ID="string_238" HPOS="1609" VPOS="1512" WIDTH="53" HEIGHT="31" WC="0.95" CONTENT="att"/><SP WIDTH="36" VPOS="1512" HPOS="1662"/>
							<String ID="string_239" HPOS="1698" VPOS="1508" WIDTH="94" HEIGHT="35" WC="0.96" CONTENT="hålla"/><SP WIDTH="29" VPOS="1508" HPOS="1792"/>
							<String ID="string_240" HPOS="1821" VPOS="1507" WIDTH="55" HEIGHT="47" WC="0.96" CONTENT="sig"/><SP WIDTH="29" VPOS="1507" HPOS="1876"/>
							<String ID="string_241" HPOS="1905" VPOS="1508" WIDTH="82" HEIGHT="34" WC="0.95" CONTENT="med"/>
						</TextLine>
						<TextLine ID="line_25" HPOS="388" VPOS="1561" WIDTH="1599" HEIGHT="49">
							<String ID="string_242" HPOS="388" VPOS="1562" WIDTH="224" HEIGHT="36" WC="0.92" CONTENT="främmande"/><SP WIDTH="41" VPOS="1562" HPOS="612"/>
							<String ID="string_243" HPOS="653" VPOS="1561" WIDTH="261" HEIGHT="36" WC="0.87" CONTENT="arbetsbiträde"/><SP WIDTH="38" VPOS="1561" HPOS="914"/>
							<String ID="string_244" HPOS="952" VPOS="1566" WIDTH="88" HEIGHT="31" WC="0.92" CONTENT="utan"/><SP WIDTH="37" VPOS="1566" HPOS="1040"/>
							<String ID="string_245" HPOS="1077" VPOS="1562" WIDTH="129" HEIGHT="48" WC="0.91" CONTENT="själfva"/><SP WIDTH="37" VPOS="1562" HPOS="1206"/>
							<String ID="string_246" HPOS="1243" VPOS="1562" WIDTH="200" HEIGHT="35" WC="0.91" CONTENT="merendels"/><SP WIDTH="37" VPOS="1562" HPOS="1443"/>
							<String ID="string_247" HPOS="1480" VPOS="1564" WIDTH="111" HEIGHT="33" WC="0.96" CONTENT="måste"/><SP WIDTH="28" VPOS="1564" HPOS="1591"/>
							<String ID="string_248" HPOS="1619" VPOS="1562" WIDTH="124" HEIGHT="35" WC="0.96" CONTENT="arbeta"/><SP WIDTH="24" VPOS="1562" HPOS="1743"/>
							<String ID="string_249" HPOS="1767" VPOS="1561" WIDTH="135" HEIGHT="48" WC="0.95" CONTENT="jämväl"/><SP WIDTH="29" VPOS="1561" HPOS="1902"/>
							<String ID="string_250" HPOS="1931" VPOS="1561" WIDTH="56" HEIGHT="35" WC="0.96" CONTENT="för"/>
						</TextLine>
						<TextLine ID="line_26" HPOS="388" VPOS="1614" WIDTH="1599" HEIGHT="48">
							<String ID="string_251" HPOS="388" VPOS="1617" WIDTH="131" HEIGHT="34" WC="0.96" CONTENT="andras"/><SP WIDTH="37" VPOS="1617" HPOS="519"/>
							<String ID="string_252" HPOS="556" VPOS="1615" WIDTH="158" HEIGHT="47" WC="0.95" CONTENT="räkning"/><SP WIDTH="38" VPOS="1615" HPOS="714"/>
							<String ID="string_253" HPOS="752" VPOS="1615" WIDTH="54" HEIGHT="35" WC="0.95" CONTENT="för"/><SP WIDTH="28" VPOS="1615" HPOS="806"/>
							<String ID="string_254" HPOS="834" VPOS="1618" WIDTH="53" HEIGHT="33" WC="0.96" CONTENT="att"/><SP WIDTH="28" VPOS="1618" HPOS="887"/>
							<String ID="string_255" HPOS="915" VPOS="1615" WIDTH="125" HEIGHT="35" WC="0.91" CONTENT="kunna"/><SP WIDTH="29" VPOS="1615" HPOS="1040"/>
							<String ID="string_256" HPOS="1069" VPOS="1615" WIDTH="173" HEIGHT="35" WC="0.91" CONTENT="förskaffa"/><SP WIDTH="29" VPOS="1615" HPOS="1242"/>
							<String ID="string_257" HPOS="1271" VPOS="1614" WIDTH="55" HEIGHT="48" WC="0.96" CONTENT="sig"/><SP WIDTH="28" VPOS="1614" HPOS="1326"/>
							<String ID="string_258" HPOS="1354" VPOS="1618" WIDTH="52" HEIGHT="32" WC="0.96" CONTENT="ett"/><SP WIDTH="29" VPOS="1618" HPOS="1406"/>
							<String ID="string_259" HPOS="1435" VPOS="1615" WIDTH="157" HEIGHT="47" WC="0.95" CONTENT="drägligt"/><SP WIDTH="27" VPOS="1615" HPOS="1592"/>
							<String ID="string_260" HPOS="1619" VPOS="1615" WIDTH="203" HEIGHT="47" WC="0.96" CONTENT="uppehälle,"/><SP WIDTH="32" VPOS="1615" HPOS="1822"/>
							<String ID="string_261" HPOS="1854" VPOS="1617" WIDTH="39" HEIGHT="33" WC="0.96" CONTENT="så"/><SP WIDTH="29" VPOS="1617" HPOS="1893"/>
							<String ID="string_262" HPOS="1922" VPOS="1615" WIDTH="65" HEIGHT="35" WC="0.96" CONTENT="bör"/>
						</TextLine>
						<TextLine ID="line_27" HPOS="389" VPOS="1668" WIDTH="1597" HEIGHT="48">
							<String ID="string_263" HPOS="389" VPOS="1671" WIDTH="69" HEIGHT="34" WC="0.96" CONTENT="den"/><SP WIDTH="29" VPOS="1671" HPOS="458"/>
							<String ID="string_264" HPOS="487" VPOS="1669" WIDTH="210" HEIGHT="47" WC="0.96" CONTENT="ifrågasatta"/><SP WIDTH="28" VPOS="1669" HPOS="697"/>
							<String ID="string_265" HPOS="725" VPOS="1669" WIDTH="321" HEIGHT="47" WC="0.96" CONTENT="undersökningen"/><SP WIDTH="28" VPOS="1669" HPOS="1046"/>
							<String ID="string_266" HPOS="1074" VPOS="1670" WIDTH="82" HEIGHT="34" WC="0.96" CONTENT="med"/><SP WIDTH="28" VPOS="1670" HPOS="1156"/>
							<String ID="string_267" HPOS="1184" VPOS="1669" WIDTH="64" HEIGHT="35" WC="0.96" CONTENT="allt"/><SP WIDTH="28" VPOS="1669" HPOS="1248"/>
							<String ID="string_268" HPOS="1276" VPOS="1668" WIDTH="79" HEIGHT="36" WC="0.96" CONTENT="skäl"/><SP WIDTH="28" VPOS="1668" HPOS="1355"/>
							<String ID="string_269" HPOS="1383" VPOS="1668" WIDTH="150" HEIGHT="36" WC="0.96" CONTENT="omfatta"/><SP WIDTH="29" VPOS="1668" HPOS="1533"/>
							<String ID="string_270" HPOS="1562" VPOS="1669" WIDTH="108" HEIGHT="35" WC="0.96" CONTENT="äfven"/><SP WIDTH="29" VPOS="1669" HPOS="1670"/>
							<String ID="string_271" HPOS="1699" VPOS="1669" WIDTH="90" HEIGHT="44" WC="0.96" CONTENT="dem,"/><SP WIDTH="32" VPOS="1669" HPOS="1789"/>
							<String ID="string_272" HPOS="1821" VPOS="1671" WIDTH="39" HEIGHT="44" WC="0.96" CONTENT="ty"/><SP WIDTH="21" VPOS="1671" HPOS="1860"/>
							<String ID="string_273" HPOS="1881" VPOS="1669" WIDTH="105" HEIGHT="34" WC="0.96" CONTENT="dessa"/>
						</TextLine>
						<TextLine ID="line_28" HPOS="395" VPOS="1722" WIDTH="1593" HEIGHT="48">
							<String ID="string_274" HPOS="395" VPOS="1723" WIDTH="271" HEIGHT="36" WC="0.39" CONTENT="&gt;»småbönders»"/><SP WIDTH="46" VPOS="1723" HPOS="666"/>
							<String ID="string_275" HPOS="712" VPOS="1722" WIDTH="172" HEIGHT="47" WC="0.96" CONTENT="ställning"/><SP WIDTH="37" VPOS="1722" HPOS="884"/>
							<String ID="string_276" HPOS="921" VPOS="1722" WIDTH="133" HEIGHT="36" WC="0.96" CONTENT="företer"/><SP WIDTH="37" VPOS="1722" HPOS="1054"/>
							<String ID="string_277" HPOS="1091" VPOS="1723" WIDTH="75" HEIGHT="35" WC="0.96" CONTENT="ofta"/><SP WIDTH="36" VPOS="1723" HPOS="1166"/>
							<String ID="string_278" HPOS="1202" VPOS="1735" WIDTH="45" HEIGHT="23" WC="0.95" CONTENT="en"/><SP WIDTH="37" VPOS="1735" HPOS="1247"/>
							<String ID="string_279" HPOS="1284" VPOS="1722" WIDTH="111" HEIGHT="35" WC="0.96" CONTENT="minst"/><SP WIDTH="37" VPOS="1722" HPOS="1395"/>
							<String ID="string_280" HPOS="1432" VPOS="1722" WIDTH="77" HEIGHT="35" WC="0.93" CONTENT="lika"/><SP WIDTH="37" VPOS="1722" HPOS="1509"/>
							<String ID="string_281" HPOS="1546" VPOS="1722" WIDTH="286" HEIGHT="48" WC="0.88" CONTENT="bekymmersam"/><SP WIDTH="30" VPOS="1722" HPOS="1832"/>
							<String ID="string_282" HPOS="1862" VPOS="1722" WIDTH="126" HEIGHT="47" WC="0.96" CONTENT="prägel"/>
						</TextLine>
						<TextLine ID="line_29" HPOS="389" VPOS="1776" WIDTH="746" HEIGHT="47">
							<String ID="string_283" HPOS="389" VPOS="1789" WIDTH="73" HEIGHT="24" WC="0.96" CONTENT="som"/><SP WIDTH="30" VPOS="1789" HPOS="462"/>
							<String ID="string_284" HPOS="492" VPOS="1779" WIDTH="119" HEIGHT="44" WC="0.96" CONTENT="någon"/><SP WIDTH="29" VPOS="1779" HPOS="611"/>
							<String ID="string_285" HPOS="640" VPOS="1789" WIDTH="119" HEIGHT="22" WC="0.93" CONTENT="annan"/><SP WIDTH="35" VPOS="1789" HPOS="759"/>
							<String ID="string_286" HPOS="794" VPOS="1776" WIDTH="341" HEIGHT="36" WC="0.75" CONTENT="»landtarbetares»."/>
						</TextLine>
					</TextBlock>
					<TextBlock ID="block_3" HPOS="388" VPOS="1829" WIDTH="1600" HEIGHT="259">
						<TextLine ID="line_30" HPOS="496" VPOS="1829" WIDTH="1492" HEIGHT="47">
							<String ID="string_287" HPOS="496" VPOS="1831" WIDTH="57" HEIGHT="34" WC="0.95" CONTENT="Då"/><SP WIDTH="36" VPOS="1831" HPOS="553"/>
							<String ID="string_288" HPOS="589" VPOS="1830" WIDTH="178" HEIGHT="35" WC="0.95" CONTENT="utskottet"/><SP WIDTH="41" VPOS="1830" HPOS="767"/>
							<String ID="string_289" HPOS="808" VPOS="1842" WIDTH="115" HEIGHT="32" WC="0.96" CONTENT="anser,"/><SP WIDTH="45" VPOS="1842" HPOS="923"/>
							<String ID="string_290" HPOS="968" VPOS="1833" WIDTH="53" HEIGHT="32" WC="0.96" CONTENT="att"/><SP WIDTH="40" VPOS="1833" HPOS="1021"/>
							<String ID="string_291" HPOS="1061" VPOS="1842" WIDTH="45" HEIGHT="23" WC="0.96" CONTENT="en"/><SP WIDTH="37" VPOS="1842" HPOS="1106"/>
							<String ID="string_292" HPOS="1143" VPOS="1829" WIDTH="196" HEIGHT="47" WC="0.95" CONTENT="utredning"/><SP WIDTH="37" VPOS="1829" HPOS="1339"/>
							<String ID="string_293" HPOS="1376" VPOS="1830" WIDTH="41" HEIGHT="34" WC="0.96" CONTENT="af"/><SP WIDTH="34" VPOS="1830" HPOS="1417"/>
							<String ID="string_294" HPOS="1451" VPOS="1830" WIDTH="151" HEIGHT="35" WC="0.90" CONTENT="berörda"/><SP WIDTH="38" VPOS="1830" HPOS="1602"/>
							<String ID="string_295" HPOS="1640" VPOS="1829" WIDTH="348" HEIGHT="46" WC="0.90" CONTENT="samhällsspörsmål"/>
						</TextLine>
						<TextLine ID="line_31" HPOS="389" VPOS="1883" WIDTH="1599" HEIGHT="36">
							<String ID="string_296" HPOS="389" VPOS="1889" WIDTH="39" HEIGHT="30" WC="0.96" CONTENT="är"/><SP WIDTH="42" VPOS="1889" HPOS="428"/>
							<String ID="string_297" HPOS="470" VPOS="1884" WIDTH="40" HEIGHT="35" WC="0.96" CONTENT="af"/><SP WIDTH="30" VPOS="1884" HPOS="510"/>
							<String ID="string_298" HPOS="540" VPOS="1884" WIDTH="118" HEIGHT="35" WC="0.96" CONTENT="nöden"/><SP WIDTH="42" VPOS="1884" HPOS="658"/>
							<String ID="string_299" HPOS="700" VPOS="1883" WIDTH="55" HEIGHT="36" WC="0.96" CONTENT="för"/><SP WIDTH="37" VPOS="1883" HPOS="755"/>
							<String ID="string_300" HPOS="792" VPOS="1884" WIDTH="103" HEIGHT="35" WC="0.96" CONTENT="deras"/><SP WIDTH="38" VPOS="1884" HPOS="895"/>
							<String ID="string_301" HPOS="933" VPOS="1887" WIDTH="94" HEIGHT="32" WC="0.96" CONTENT="rätta"/><SP WIDTH="37" VPOS="1887" HPOS="1027"/>
							<String ID="string_302" HPOS="1064" VPOS="1883" WIDTH="221" HEIGHT="36" WC="0.96" CONTENT="bedömande"/><SP WIDTH="36" VPOS="1883" HPOS="1285"/>
							<String ID="string_303" HPOS="1321" VPOS="1883" WIDTH="67" HEIGHT="35" WC="0.93" CONTENT="och"/><SP WIDTH="35" VPOS="1883" HPOS="1388"/>
							<String ID="string_304" HPOS="1423" VPOS="1883" WIDTH="147" HEIGHT="35" WC="0.92" CONTENT="lösande"/><SP WIDTH="29" VPOS="1883" HPOS="1570"/>
							<String ID="string_305" HPOS="1599" VPOS="1886" WIDTH="93" HEIGHT="32" WC="0.96" CONTENT="samt"/><SP WIDTH="28" VPOS="1886" HPOS="1692"/>
							<String ID="string_306" HPOS="1720" VPOS="1886" WIDTH="53" HEIGHT="32" WC="0.96" CONTENT="att"/><SP WIDTH="27" VPOS="1886" HPOS="1773"/>
							<String ID="string_307" HPOS="1800" VPOS="1895" WIDTH="45" HEIGHT="23" WC="0.96" CONTENT="en"/><SP WIDTH="30" VPOS="1895" HPOS="1845"/>
							<String ID="string_308" HPOS="1875" VPOS="1883" WIDTH="113" HEIGHT="34" WC="0.96" CONTENT="sådan"/>
						</TextLine>
						<TextLine ID="line_32" HPOS="388" VPOS="1936" WIDTH="1597" HEIGHT="48">
							<String ID="string_309" HPOS="388" VPOS="1937" WIDTH="198" HEIGHT="47" WC="0.96" CONTENT="utredning"/><SP WIDTH="41" VPOS="1937" HPOS="586"/>
							<String ID="string_310" HPOS="627" VPOS="1937" WIDTH="194" HEIGHT="47" WC="0.95" CONTENT="lämpligen"/><SP WIDTH="41" VPOS="1937" HPOS="821"/>
							<String ID="string_311" HPOS="862" VPOS="1937" WIDTH="83" HEIGHT="35" WC="0.96" CONTENT="icke"/><SP WIDTH="41" VPOS="1937" HPOS="945"/>
							<String ID="string_312" HPOS="986" VPOS="1938" WIDTH="101" HEIGHT="35" WC="0.96" CONTENT="torde"/><SP WIDTH="37" VPOS="1938" HPOS="1087"/>
							<String ID="string_313" HPOS="1124" VPOS="1937" WIDTH="125" HEIGHT="35" WC="0.96" CONTENT="kunna"/><SP WIDTH="33" VPOS="1937" HPOS="1249"/>
							<String ID="string_314" HPOS="1282" VPOS="1943" WIDTH="66" HEIGHT="41" WC="0.96" CONTENT="äga"/><SP WIDTH="35" VPOS="1943" HPOS="1348"/>
							<String ID="string_315" HPOS="1383" VPOS="1949" WIDTH="80" HEIGHT="22" WC="0.96" CONTENT="rum"/><SP WIDTH="35" VPOS="1949" HPOS="1463"/>
							<String ID="string_316" HPOS="1498" VPOS="1937" WIDTH="80" HEIGHT="35" WC="0.95" CONTENT="med"/><SP WIDTH="29" VPOS="1937" HPOS="1578"/>
							<String ID="string_317" HPOS="1607" VPOS="1937" WIDTH="43" HEIGHT="35" WC="0.95" CONTENT="de"/><SP WIDTH="30" VPOS="1937" HPOS="1650"/>
							<String ID="string_318" HPOS="1680" VPOS="1937" WIDTH="55" HEIGHT="35" WC="0.95" CONTENT="för"/><SP WIDTH="29" VPOS="1937" HPOS="1735"/>
							<String ID="string_319" HPOS="1764" VPOS="1936" WIDTH="60" HEIGHT="35" WC="0.93" CONTENT="det"/><SP WIDTH="28" VPOS="1936" HPOS="1824"/>
							<String ID="string_320" HPOS="1852" VPOS="1936" WIDTH="133" HEIGHT="35" WC="0.92" CONTENT="arbets-"/>
						</TextLine>
						<TextLine ID="line_33" HPOS="389" VPOS="1989" WIDTH="1597" HEIGHT="48">
							<String ID="string_321" HPOS="389" VPOS="1991" WIDTH="202" HEIGHT="35" WC="0.96" CONTENT="statistiska"/><SP WIDTH="47" VPOS="1991" HPOS="591"/>
							<String ID="string_322" HPOS="638" VPOS="1991" WIDTH="139" HEIGHT="35" WC="0.96" CONTENT="arbetet"/><SP WIDTH="40" VPOS="1991" HPOS="777"/>
							<String ID="string_323" HPOS="817" VPOS="2003" WIDTH="51" HEIGHT="23" WC="0.96" CONTENT="nu"/><SP WIDTH="42" VPOS="2003" HPOS="868"/>
							<String ID="string_324" HPOS="910" VPOS="1990" WIDTH="171" HEIGHT="37" WC="0.96" CONTENT="anvisade"/><SP WIDTH="41" VPOS="1990" HPOS="1081"/>
							<String ID="string_325" HPOS="1122" VPOS="1990" WIDTH="244" HEIGHT="47" WC="0.95" CONTENT="anordningar"/><SP WIDTH="42" VPOS="1990" HPOS="1366"/>
							<String ID="string_326" HPOS="1408" VPOS="1991" WIDTH="67" HEIGHT="35" WC="0.96" CONTENT="och"/><SP WIDTH="42" VPOS="1991" HPOS="1475"/>
							<String ID="string_327" HPOS="1517" VPOS="1990" WIDTH="148" HEIGHT="45" WC="0.96" CONTENT="krafter,"/><SP WIDTH="46" VPOS="1990" HPOS="1665"/>
							<String ID="string_328" HPOS="1711" VPOS="1990" WIDTH="56" HEIGHT="35" WC="0.96" CONTENT="får"/><SP WIDTH="40" VPOS="1990" HPOS="1767"/>
							<String ID="string_329" HPOS="1807" VPOS="1989" WIDTH="179" HEIGHT="36" WC="0.95" CONTENT="utskottet"/>
						</TextLine>
						<TextLine ID="line_34" HPOS="388" VPOS="2044" WIDTH="201" HEIGHT="44">
							<String ID="string_330" HPOS="388" VPOS="2044" WIDTH="201" HEIGHT="44" WC="0.92" CONTENT="hemställa,"/>
						</TextLine>
					</TextBlock>
				</ComposedBlock>
				<ComposedBlock ID="cblock_2" HPOS="814" VPOS="2150" WIDTH="1174" HEIGHT="158">
					<TextBlock ID="block_4" HPOS="814" VPOS="2150" WIDTH="1174" HEIGHT="158">
						<TextLine ID="line_35" HPOS="923" VPOS="2150" WIDTH="1063" HEIGHT="46">
							<String ID="string_331" HPOS="923" VPOS="2155" WIDTH="53" HEIGHT="32" WC="0.96" CONTENT="att"/><SP WIDTH="33" VPOS="2155" HPOS="976"/>
							<String ID="string_332" HPOS="1009" VPOS="2151" WIDTH="126" HEIGHT="36" WC="0.95" CONTENT="Andra"/><SP WIDTH="28" VPOS="2151" HPOS="1135"/>
							<String ID="string_333" HPOS="1163" VPOS="2152" WIDTH="219" HEIGHT="35" WC="0.96" CONTENT="Kammaren"/><SP WIDTH="30" VPOS="2152" HPOS="1382"/>
							<String ID="string_334" HPOS="1412" VPOS="2151" WIDTH="96" HEIGHT="45" WC="0.95" CONTENT="ville,"/><SP WIDTH="30" VPOS="2151" HPOS="1508"/>
							<String ID="string_335" HPOS="1538" VPOS="2151" WIDTH="81" HEIGHT="35" WC="0.96" CONTENT="med"/><SP WIDTH="29" VPOS="2151" HPOS="1619"/>
							<String ID="string_336" HPOS="1648" VPOS="2150" WIDTH="104" HEIGHT="36" WC="0.96" CONTENT="bifall"/><SP WIDTH="27" VPOS="2150" HPOS="1752"/>
							<String ID="string_337" HPOS="1779" VPOS="2150" WIDTH="57" HEIGHT="36" WC="0.93" CONTENT="till"/><SP WIDTH="29" VPOS="2150" HPOS="1836"/>
							<String ID="string_338" HPOS="1865" VPOS="2150" WIDTH="121" HEIGHT="36" WC="0.91" CONTENT="motio-"/>
						</TextLine>
						<TextLine ID="line_36" HPOS="814" VPOS="2204" WIDTH="1171" HEIGHT="46">
							<String ID="string_339" HPOS="814" VPOS="2219" WIDTH="83" HEIGHT="30" WC="0.96" CONTENT="nen,"/><SP WIDTH="40" VPOS="2219" HPOS="897"/>
							<String ID="string_340" HPOS="937" VPOS="2206" WIDTH="56" HEIGHT="35" WC="0.96" CONTENT="för"/><SP WIDTH="35" VPOS="2206" HPOS="993"/>
							<String ID="string_341" HPOS="1028" VPOS="2205" WIDTH="57" HEIGHT="35" WC="0.96" CONTENT="sin"/><SP WIDTH="37" VPOS="2205" HPOS="1085"/>
							<String ID="string_342" HPOS="1122" VPOS="2206" WIDTH="58" HEIGHT="35" WC="0.96" CONTENT="del"/><SP WIDTH="35" VPOS="2206" HPOS="1180"/>
							<String ID="string_343" HPOS="1215" VPOS="2205" WIDTH="139" HEIGHT="35" WC="0.96" CONTENT="besluta"/><SP WIDTH="38" VPOS="2205" HPOS="1354"/>
							<String ID="string_344" HPOS="1392" VPOS="2208" WIDTH="53" HEIGHT="33" WC="0.96" CONTENT="att"/><SP WIDTH="35" VPOS="2208" HPOS="1445"/>
							<String ID="string_345" HPOS="1480" VPOS="2205" WIDTH="13" HEIGHT="35" WC="0.96" CONTENT="i"/><SP WIDTH="38" VPOS="2205" HPOS="1493"/>
							<String ID="string_346" HPOS="1531" VPOS="2204" WIDTH="190" HEIGHT="36" WC="0.95" CONTENT="skrifvelse"/><SP WIDTH="38" VPOS="2204" HPOS="1721"/>
							<String ID="string_347" HPOS="1759" VPOS="2205" WIDTH="55" HEIGHT="35" WC="0.95" CONTENT="till"/><SP WIDTH="34" VPOS="2205" HPOS="1814"/>
							<String ID="string_348" HPOS="1848" VPOS="2204" WIDTH="137" HEIGHT="46" WC="0.94" CONTENT="Kungl."/>
						</TextLine>
						<TextLine ID="line_37" HPOS="815" VPOS="2258" WIDTH="1173" HEIGHT="50">
							<String ID="string_349" HPOS="815" VPOS="2260" WIDTH="108" HEIGHT="48" WC="0.96" CONTENT="Maj:t"/><SP WIDTH="36" VPOS="2260" HPOS="923"/>
							<String ID="string_350" HPOS="959" VPOS="2260" WIDTH="131" HEIGHT="47" WC="0.96" CONTENT="begära"/><SP WIDTH="38" VPOS="2260" HPOS="1090"/>
							<String ID="string_351" HPOS="1128" VPOS="2272" WIDTH="45" HEIGHT="23" WC="0.96" CONTENT="en"/><SP WIDTH="36" VPOS="2272" HPOS="1173"/>
							<String ID="string_352" HPOS="1209" VPOS="2259" WIDTH="196" HEIGHT="47" WC="0.96" CONTENT="utredning"/><SP WIDTH="38" VPOS="2259" HPOS="1405"/>
							<String ID="string_353" HPOS="1443" VPOS="2271" WIDTH="55" HEIGHT="25" WC="0.96" CONTENT="om"/><SP WIDTH="37" VPOS="2271" HPOS="1498"/>
							<String ID="string_354" HPOS="1535" VPOS="2258" WIDTH="227" HEIGHT="50" WC="0.96" CONTENT="lämpligaste"/><SP WIDTH="35" VPOS="2258" HPOS="1762"/>
							<String ID="string_355" HPOS="1797" VPOS="2262" WIDTH="107" HEIGHT="34" WC="0.96" CONTENT="sättet"/><SP WIDTH="28" VPOS="2262" HPOS="1904"/>
							<String ID="string_356" HPOS="1932" VPOS="2258" WIDTH="56" HEIGHT="35" WC="0.96" CONTENT="för"/>
						</TextLine>
					</TextBlock>
				</ComposedBlock>
			</PrintSpace>
		</Page>
	</Layout>
</alto>
