1934 2820
338 175 119 31 Andra
480 174 205 33 kammarens
708 175 124 33 femte
857 174 168 42 tillfälliga
1049 177 134 30 utskotts
1206 176 166 32 utlåtande
1396 177 51 31 Nr
1470 180 29 29 7.
1646 179 19 30 3

770 307 298 40 Reservation

171 413 41 20 av
230 404 117 30 herrar
366 404 138 38 Laurin,
524 405 157 30 Hansson
700 406 11 29 i
728 405 217 35 Trollhättan,
972 406 165 38 Västberg,
1157 406 130 30 Norsell
1307 406 59 30 och
1386 406 167 38 Hällgren,
1573 406 87 29 vilka

171 460 114 32 ansett,
309 460 45 28 att
375 458 181 30 utlåtandet
576 458 100 31 borde
698 459 85 29 hava
805 459 71 30 haft
898 459 146 37 följande
1067 460 134 37 lydelse:

209 511 64 29 Det
301 512 72 28 med
400 513 167 28 motionen
594 512 114 37 ifråga
736 512 146 30 avsedda
908 513 205 29 önskemålet
1141 516 38 26 är
1207 514 73 28 icke
1307 516 73 33 nytt
1407 513 54 29 för
1487 514 171 29 utskottet.

168 564 114 29 Redan
302 564 58 29 vid
382 564 77 30 1925
480 564 57 30 års
557 565 140 37 riksdag
716 565 85 30 hade
822 566 163 29 utskottet
1007 568 56 32 att,
1087 566 87 29 efter
1196 566 131 37 förslag
1348 575 41 20 av
1410 566 118 29 herrar
1549 566 109 29 Oskar

167 616 163 38 Hagman,
352 617 89 30 Eliel
463 617 152 38 Löfgren
638 619 59 29 och
720 617 117 37 Rydén
859 621 78 35 taga
960 619 163 37 ställning
1147 619 52 29 till
1222 619 122 37 frågan
1368 628 50 20 om
1440 619 218 38 medgivande

167 670 55 30 för
242 671 117 37 kungl.
380 671 316 38 telegrafstyrelsen
718 674 48 27 att
788 672 57 30 vid
865 672 170 30 särskilda
1056 672 161 30 tillfällen
1237 673 35 29 få
1293 673 131 29 radiera
1445 673 103 29 andra
1569 673 87 29 kam-

166 733 133 21 marens
317 724 269 38 förhandlingar.
615 725 115 30 Andra
749 726 191 29 kammaren
959 726 140 36 avböjde
1118 726 185 29 emellertid
1323 726 95 29 dessa
1436 726 139 37 förslag.

206 777 270 30 Förhållandena
499 780 58 27 äro
579 778 187 30 emellertid
787 788 138 20 numera
946 779 165 37 knappast
1133 779 196 37 jämförliga
1351 779 70 29 med
1442 779 39 29 de
1502 779 54 29 för
1578 779 78 36 fyra

165 830 39 29 år
229 830 103 30 sedan
360 830 155 30 rådande.
551 831 114 30 Under
691 831 62 30 den
780 831 56 35 tid,
862 840 70 20 som
959 832 148 29 därefter
1133 832 161 34 förflutit,
1320 832 103 29 måste
1451 832 203 29 rundradion

165 883 169 29 erkännas
354 884 88 29 hava
463 884 179 37 undergått
664 893 41 21 en
725 884 104 30 sådan
850 885 207 37 utveckling,
1078 885 105 29 buren
1206 885 59 29 och
1287 885 107 29 delvis
1416 885 173 29 föranledd
1611 894 42 20 av

165 938 46 28 ett
230 937 110 29 starkt
361 937 79 29 ökat
459 938 145 29 intresse
622 938 61 29 hos
703 937 62 30 den
784 937 181 37 lyssnande
984 938 232 34 allmänheten,
1235 940 48 27 att
1303 947 74 20 man
1398 947 135 20 numera
1553 938 100 29 borde

164 990 115 29 kunna
316 989 130 30 biträda
483 991 181 28 motionens
699 990 95 37 syfte.
833 990 107 29 Bland
977 990 136 37 lyckade
1150 991 196 36 experiment
1372 992 10 28 i
1410 991 59 29 den
1499 991 154 36 riktning,

164 1051 114 21 varom
300 1043 63 29 här
387 1046 39 26 är
451 1043 110 38 fråga,
586 1043 67 30 kan
677 1043 183 38 lämpligen
884 1045 133 28 erinras
1040 1053 51 20 om
1115 1044 234 37 återgivandet
1374 1053 40 20 av
1440 1044 52 29 det
1518 1044 133 34 trontal,

164 1096 135 30 varmed
317 1105 44 21 nu
380 1096 172 38 pågående
571 1097 139 37 riksdag
728 1097 151 29 inleddes
896 1097 59 30 och
974 1106 68 20 som
1063 1097 92 30 torde
1172 1097 88 30 hava
1279 1097 172 30 tillvunnit
1470 1099 53 36 sig
1543 1098 107 29 odelat

162 1150 146 29 intresse
331 1150 78 29 från
432 1150 242 30 allmänhetens
697 1150 83 30 sida.
813 1150 171 30 Utskottet
1007 1150 108 30 håller
1138 1151 60 29 ock
1224 1151 83 34 före,
1333 1153 47 27 att
1404 1151 52 29 det
1479 1151 81 29 blott
1585 1151 66 28 kan

161 1203 93 30 bliva
274 1203 47 29 tal
341 1212 51 21 om
412 1205 46 28 ett
479 1204 206 37 experiment
706 1204 54 29 för
779 1204 186 29 utrönande
985 1213 41 20 av
1046 1204 169 29 huruvida
1234 1204 107 37 några
1362 1213 88 20 mera
1471 1204 180 29 definitiva

162 1256 230 37 anordningar
409 1256 55 30 för
483 1257 328 37 riksdagsdebatters
831 1257 220 37 återgivande
1068 1257 81 29 böra
1167 1257 54 29 för
1240 1257 178 29 framtiden
1436 1257 154 37 vidtagas
1609 1258 42 36 på

160 1309 168 37 grundval
361 1318 42 21 av
437 1310 40 29 de
510 1310 141 29 sålunda
685 1319 112 20 vunna
821 1310 276 29 erfarenheterna
1121 1313 84 26 samt
1227 1310 167 29 huruvida
1417 1310 233 37 återgivandet

161 1365 81 27 över
258 1363 115 29 huvud
391 1364 92 36 taget
499 1364 89 28 visat
605 1364 54 36 sig
676 1364 183 28 motiveras
876 1372 42 20 av
936 1363 200 37 tillräckligt
1154 1364 144 28 intresse
1315 1363 76 30 från
1409 1363 240 29 allmänhetens

161 1416 73 29 sida
253 1416 55 29 för
326 1418 48 27 att
391 1417 164 28 motivera
572 1416 116 36 dylika
704 1416 168 37 åtgärder.

199 1468 222 30 Beträffande
445 1471 101 27 sättet
568 1469 55 29 för
646 1469 264 37 ifrågavarande
932 1469 136 29 försöks
1092 1472 154 26 närmare
1269 1469 207 37 utformning
1499 1469 150 29 ansluter

159 1523 55 36 sig
243 1523 163 28 utskottet
435 1522 53 29 till
518 1522 64 29 vad
610 1523 208 29 motionären
848 1523 59 28 och
937 1522 90 29 A.-B.
1059 1522 210 37 Radiotjänst
1299 1524 10 27 i
1339 1522 115 29 sådant
1483 1522 165 29 avseende

159 1575 123 30 anfört.
318 1575 113 38 Några
457 1578 153 27 närmare
636 1576 147 29 direktiv
811 1577 11 27 i
848 1576 89 29 detta
962 1576 187 29 hänseende
1177 1576 92 29 torde
1295 1576 73 29 icke
1394 1576 171 28 erfordras
1592 1575 56 29 vid

159 1629 97 29 sidan
275 1637 42 21 av
335 1629 62 29 den
417 1629 333 35 överenskommelse,
769 1638 70 20 som
858 1629 66 29 kan
944 1629 128 29 komma
1090 1631 47 27 att
1156 1629 125 29 träffas
1300 1629 119 29 mellan
1438 1629 103 29 andra
1560 1629 86 28 kam-

158 1691 133 20 marens
308 1683 185 36 presidium
510 1683 60 29 och
586 1683 258 34 vederbörande,
862 1692 70 20 som
949 1685 147 27 närmast
1111 1682 60 30 bär
1190 1686 158 26 ansvaret
1366 1683 53 28 för
1436 1682 38 30 de
1491 1682 153 30 tekniska

158 1736 284 37 anordningarna.

198 1789 72 29 Med
289 1789 73 29 stöd
378 1798 42 20 av
439 1789 53 29 det
510 1789 142 29 anförda
667 1789 194 30 hemställer
878 1789 163 29 utskottet
1058 1789 125 34 därför,

438 1897 48 28 att
502 1895 104 30 andra
622 1896 191 29 kammaren
829 1896 109 34 måtte,
954 1896 71 30 med
1040 1896 98 30 bifall
1155 1897 52 28 till
1223 1897 79 29 herr
1318 1897 184 37 Västbergs
1519 1897 125 36 ifråga-

397 1949 148 29 varande
564 1950 133 34 motion,
718 1949 164 37 medgiva,
902 1952 48 26 att
970 1950 114 36 kungl.
1106 1950 314 36 telegrafstyrelsen
1441 1951 50 28 må
1511 1952 10 27 i
1542 1950 102 29 andra

396 2001 210 30 kammarens
631 2002 144 37 plenisal
799 2004 158 36 uppsätta
980 2003 237 37 anordningar,
1244 2012 69 20 som
1337 2003 200 37 möjliggöra
1561 2004 83 28 åter-

396 2055 146 37 givande
581 2065 118 28 genom
737 2065 26 20 s.
794 2056 31 29 k.
856 2056 180 29 rundradio
1066 2065 41 20 av
1139 2056 208 29 kammarens
1378 2056 265 37 förhandlingar,

397 2110 158 28 ävensom
570 2109 175 37 uppdraga
762 2109 34 29 åt
813 2109 209 29 kammarens
1040 2109 183 37 presidium
1240 2112 46 26 att
1303 2110 186 34 bestämma,
1508 2113 60 26 när
1585 2110 58 28 och

398 2161 106 30 under
523 2162 94 29 vilka
635 2162 126 29 former
781 2162 104 29 sådan
902 2162 301 37 radioutsändning
1223 2163 51 29 må
1293 2165 64 34 äga
1377 2172 79 19 rum.
