2210 2640
678 139 243 32 Statsutskottets
949 138 167 32 Utlåtande
1141 137 61 32 N:o
1227 137 51 31 47.
1722 136 19 31 3

310 231 72 35 Till
423 229 82 37 stöd
546 229 54 36 för
640 229 65 35 sitt
744 227 136 47 förslag
920 240 59 22 om
1014 226 153 48 höjning
1199 224 38 36 af
1262 223 282 50 ifrågavarande
1572 224 126 46 anslag
1725 223 57 35 till

180 283 193 42 1,200,000
414 281 134 35 kronor
587 280 67 35 har
693 279 85 35 herr
817 270 145 44 Ödman
1001 277 76 37 dels
1117 276 184 48 åberopat,
1342 280 54 30 att
1428 282 89 38 väg-
1545 274 64 35 och
1640 278 142 31 vatten-

176 332 373 50 byggnadsstyrelsen
577 331 9 35 i
616 330 69 35 den
715 328 202 44 skrifvelse,
947 341 76 22 som
1052 328 118 46 ligger
1197 327 57 35 till
1281 325 121 48 grund
1430 324 56 37 för
1516 324 124 47 Kongl.
1662 324 121 47 Maj:ts

175 382 235 37 förevarande
451 381 282 46 framställning,
777 380 140 37 uttalat,
959 384 54 30 att
1052 378 62 36 det
1155 376 210 37 nuvarande
1406 375 316 48 anslagsbeloppet
1750 374 31 47 ej

176 433 231 37 motsvarade
435 432 44 36 de
508 431 168 49 anspråk,
705 444 79 22 som
812 429 232 36 framstäldes
1072 432 20 32 å
1111 428 130 46 bidrag
1260 427 83 36 från
1364 425 417 50 vägbyggnadsfonden,

176 485 76 36 dels
289 486 66 34 ock
397 483 194 43 meddelat,
626 487 54 30 att
712 481 40 35 af
776 494 137 23 samma
941 480 173 49 styrelses
1141 479 69 35 den
1239 481 47 33 30
1314 477 167 36 sistlidne
1509 476 191 36 december
1727 477 55 34 till

178 536 131 46 Kongl.
339 534 102 47 Maj:t
468 534 133 35 aflåtna
628 532 190 36 skrifvelse
846 530 187 48 angående
1061 529 210 46 fördelning
1295 528 41 36 af
1352 527 431 50 vägbyggnadsanslaget

177 586 56 36 för
260 585 246 37 innevarande
533 587 40 32 år
600 583 207 48 framginge
835 588 65 38 att,
930 581 108 36 sedan
1068 581 105 35 dessa
1200 580 117 35 medel
1337 578 125 36 blifvit
1481 577 196 44 fördelade,
1698 590 85 23 vore

177 641 46 44 på
255 637 197 48 styrelsens
485 634 274 47 handläggning
792 633 181 35 beroende
1001 632 246 47 ansökningar
1274 643 58 23 om
1361 629 222 46 statsbidrag
1610 629 58 35 till
1696 635 87 41 väg-

176 686 338 50 byggnadsföretag
533 685 81 36 med
634 698 45 23 en
698 684 185 36 beräknad
902 683 155 36 kostnad
1078 682 40 36 af
1135 680 270 48 sammanlagdt
1425 693 77 22 mer
1520 687 44 28 än
1585 681 198 42 4,300,000

178 740 142 34 kronor.
376 737 135 36 Härtill
550 737 143 35 komme
734 734 182 37 särskilda
954 740 115 30 större
1097 733 340 47 väganläggningar
1464 731 12 35 i
1504 730 193 44 Norrland,
1726 729 58 36 för

178 789 140 35 hvilkas
359 787 193 37 utförande
594 786 153 36 berörda
786 785 89 36 fond
907 785 98 47 finge
1032 784 117 47 enligt
1175 783 229 47 Riksdagens
1434 781 257 47 medgifvande
1719 794 64 21 an-

177 841 83 35 litas
288 845 87 30 utan
404 838 236 46 iakttagande
667 836 39 36 af
730 837 60 35 det
817 837 13 34 i
858 835 199 36 allmänhet
1085 834 174 47 stadgade
1288 834 168 42 vilkoret,
1486 838 54 30 att
1566 831 216 36 statsbidra-

176 896 62 43 get
277 891 97 46 finge
407 893 90 44 utgå
529 888 82 36 med
643 889 108 45 högst
778 890 61 32 två
865 886 220 48 tredjedelar
1112 885 40 35 af
1176 885 69 35 den
1273 883 55 37 för
1355 883 270 48 anläggningen
1653 882 129 36 beräk-

177 942 92 35 nade
297 940 213 36 kostnaden.

311 1042 83 35 Med
435 1040 169 37 afseende
640 1043 20 32 å
700 1040 69 35 den
802 1038 40 36 af
868 1039 227 35 motionären
1123 1036 133 49 gjorda
1283 1036 319 46 framställningen
1631 1035 63 35 vill
1724 1039 59 31 ut-

177 1095 137 35 skottet
353 1093 133 43 erinra,
529 1097 53 30 att
622 1089 173 37 behofvet
831 1089 40 36 af
905 1102 44 23 en
982 1089 154 47 höjning
1162 1088 11 35 i
1202 1086 238 37 förevarande
1468 1087 126 46 anslag
1621 1086 78 35 icke
1727 1084 57 37 får

178 1145 169 36 bedömas
387 1143 129 36 endast
556 1145 44 44 på
639 1141 121 49 grund
800 1140 40 36 af
871 1140 62 35 det
964 1140 144 47 belopp,
1137 1139 58 35 till
1223 1138 137 35 hvilket
1388 1136 223 47 statsbidrag
1638 1136 146 48 begärts

178 1196 56 35 för
261 1195 217 46 ifrågasatta
506 1192 417 50 vägbyggnadsföretag.
981 1190 104 36 Flera
1112 1189 39 36 af
1174 1189 104 36 dessa
1304 1188 144 46 företag
1474 1187 105 36 torde
1606 1188 12 34 i
1637 1188 65 34 allt
1719 1186 65 36 fall

177 1247 79 34 icke
296 1246 147 34 komma
475 1245 55 34 till
564 1243 194 35 utförande
790 1241 173 36 särskildt
989 1242 12 34 i
1029 1240 226 36 närvarande
1282 1239 66 43 tid,
1377 1239 45 34 då
1449 1238 245 46 arbetsprisen
1721 1245 63 28 äro

179 1297 86 46 högt
301 1294 199 50 uppdrifna
539 1294 66 35 och
646 1293 184 48 svårighet
872 1291 77 36 ofta
984 1297 116 30 möter
1127 1295 54 30 att
1208 1289 163 37 anskaffa
1398 1288 220 47 erforderlig
1645 1288 138 36 arbets-

179 1347 135 49 styrka.
369 1345 82 36 Med
493 1345 141 48 hänsyn
673 1344 122 35 härtill
830 1343 67 35 och
931 1343 46 34 då
1003 1341 280 45 ifrågavarande
1310 1341 125 45 anslag
1463 1343 38 32 så
1529 1340 150 48 nyligen
1706 1351 79 23 som

179 1398 60 35 vid
280 1397 100 36 förra
421 1400 95 32 årets
547 1395 152 46 riksdag
726 1393 126 47 höjdes
880 1398 95 31 samt
1003 1393 70 35 den
1101 1405 49 22 nu
1178 1391 170 36 inträdda
1376 1390 212 48 stegringen
1614 1390 13 34 i
1654 1390 130 35 ansök-

178 1449 131 46 ningar
337 1460 60 23 om
425 1446 131 48 bidrag
583 1445 158 36 derifrån
770 1444 105 36 torde
904 1444 124 35 kunna
1055 1444 78 35 visa
1161 1443 55 45 sig
1244 1455 84 22 vara
1347 1441 40 36 af
1401 1440 162 47 tillfällig
1581 1439 203 36 beskaffen-

179 1500 71 42 het,
283 1511 106 24 anser
421 1499 55 45 sig
509 1497 178 35 utskottet
718 1496 79 36 icke
824 1494 110 36 hafva
962 1495 76 35 skäl
1067 1498 55 31 att
1150 1506 48 22 nu
1227 1493 185 48 tillstyrka
1440 1491 215 47 förändring
1681 1491 12 35 i
1721 1504 63 22 an-

179 1551 132 46 slagets
339 1549 142 47 belopp,
511 1553 86 30 utan
627 1547 219 42 hemställer,

714 1619 52 30 att
807 1613 220 48 Riksdagen,
1070 1613 83 35 med
1185 1611 105 36 bifall
1318 1611 55 35 till
1401 1610 131 48 Kongl.
1563 1609 119 46 Maj:ts
1710 1608 74 36 för-

581 1667 77 46 slag
696 1665 65 35 och
800 1664 83 35 med
925 1664 117 46 afslag
1082 1666 20 32 å
1144 1664 83 34 herr
1267 1655 164 43 Ödmans
1464 1661 10 34 i
1508 1665 122 31 ämnet
1657 1660 129 35 väckta

581 1716 149 42 motion,
760 1717 69 40 må,
858 1715 56 34 till
943 1714 130 46 bidrag
1099 1712 58 36 för
1185 1712 224 47 anläggning
1436 1710 39 35 af
1499 1724 70 35 nya
1598 1715 92 30 samt
1710 1709 75 36 för-

580 1766 165 47 bättring
773 1766 86 34 eller
887 1764 239 48 omläggning
1153 1762 39 36 af
1217 1762 154 47 backiga
1398 1762 88 35 eller
1513 1761 103 46 eljest
1645 1760 140 35 mindre

581 1816 93 47 goda
701 1822 122 41 vägar,
853 1814 60 36 för
941 1818 39 32 år
1012 1816 90 34 1901
1134 1814 125 35 anvisa
1288 1814 197 42 1,000,000
1514 1812 143 34 kronor.

948 1934 68 34 2:0.

432 2016 81 38 Bro-
542 2015 62 38 och
634 2013 299 49 hamnbyggnader
963 2015 92 36 samt
1081 2010 460 40 vattenkommunikationer.

314 2104 73 34 Till
414 2102 307 47 understödjande
748 2102 46 46 af
819 2101 268 46 brobyggnader
1114 2100 72 41 och,
1208 2099 257 47 företrädesvis
1489 2098 149 41 mindre,
1658 2099 126 33 hamn-

182 2155 205 47 byggnader
414 2161 95 28 samt
538 2152 244 48 upprensning
811 2151 47 48 af
882 2152 69 33 dar
975 2150 64 35 och
1058 2149 164 46 farleder
1250 2149 63 34 har
1341 2148 131 47 Kongl.
1502 2147 102 46 Maj:t
1623 2147 39 35 af
1678 2147 107 35 Riks-

180 2204 114 46 dagen
325 2204 127 45 begärt
481 2208 49 29 ett
560 2203 125 45 anslag
712 2200 56 36 för
796 2204 39 31 år
868 2202 87 33 1901
990 2199 38 35 af
1054 2201 159 41 300,000
1242 2199 144 34 kronor.
