1882 2830
313 190 19 27 8
766 189 274 27 Bankoutskottets
1061 190 157 27 utlåtande
1238 190 44 26 Nr
1302 191 46 26 23.

313 269 41 29 23
376 268 69 38 maj
471 269 83 29 1930
582 268 53 39 (nr
659 268 70 39 172)
757 279 57 20 om
839 269 130 30 ändrad
991 269 129 38 lydelse
1143 279 41 20 av
1207 268 19 40 8
1253 271 13 28 1
1293 270 9 29 i
1325 270 228 38 kungörelsen
1576 271 65 29 den
1668 272 37 28 10
1726 271 76 38 juni

314 313 79 29 1921
429 312 51 38 (nr
508 312 76 39 410)
618 312 178 39 angående
824 313 199 38 förhöjning
1052 323 40 20 av
1122 314 88 30 vissa
1239 314 52 30 till
1320 314 8 29 i
1358 317 127 27 statens
1514 314 106 39 tjänst
1648 315 153 29 skadade

310 357 153 30 arbetare
488 367 45 20 m.
561 357 36 30 fl.
624 366 41 21 av
691 358 197 29 statsmedel
912 357 170 38 utgående
1107 357 166 31 livräntor
1297 368 45 20 m.
1369 368 43 20 m.
1438 359 120 29 utöver
1584 358 170 30 livräntan
1780 357 20 31 å

309 402 43 28 60
377 402 126 29 kronor
529 401 164 39 uppburit
718 401 326 39 tilläggsersättning
1071 402 78 30 med
1175 405 46 28 ett
1247 402 102 39 årligt
1374 403 124 38 belopp
1524 412 42 20 av
1595 403 39 29 75
1661 403 138 29 kronor.

358 472 109 30 Sedan
497 472 164 30 Karlsson
689 472 9 29 i
726 482 42 20 en
797 472 51 29 till
875 472 370 38 arméförvaltningens
1274 473 100 29 civila
1402 472 236 39 departement
1666 473 65 30 den
1763 473 40 29 192

309 525 87 38 april
419 526 82 29 1938
522 525 201 30 inkommen
746 525 102 30 skrift
869 524 143 31 anhållit
1034 529 49 27 att
1104 526 140 30 komma
1268 526 9 29 i
1299 525 203 39 åtnjutande
1524 535 41 21 av
1588 526 140 38 förhöjd
1749 535 49 21 er-

310 578 149 38 sättning
476 578 54 30 för
546 578 146 31 berörda
709 579 119 34 skada,
845 578 63 30 har
926 578 99 30 civila
1043 579 270 38 departementet
1330 579 78 30 med
1426 579 164 30 skrivelse
1607 579 49 30 till
1674 579 124 39 Kungl.

310 631 99 38 Maj:t
430 632 65 29 den
518 632 39 29 31
581 631 71 39 maj
678 632 82 30 1938
782 632 213 30 överlämnat
1019 632 180 30 Karlssons
1222 631 266 39 ifrågavarande
1511 632 101 30 skrift
1636 632 63 30 och
1722 632 77 30 där-

308 684 57 30 vid
384 684 115 30 anfört
518 685 106 29 bland
644 688 107 27 annat
771 684 166 39 följande:

357 757 11 15 »
376 746 161 31 Karlsson
564 746 168 40 åberopar
758 745 115 32 såsom
898 747 75 30 stöd
999 747 55 30 för
1081 747 51 30 sin
1158 746 166 31 anhållan
1351 757 55 20 om
1433 747 196 38 ytterligare
1654 745 145 40 höjning

309 800 41 20 av
368 790 171 30 livräntan
558 790 57 31 två
633 790 311 37 läkarutlåtanden,
963 801 41 20 av
1024 792 92 29 vilka
1135 791 154 39 framgår
1307 792 106 29 bland
1430 795 117 32 annat,
1567 794 48 27 att
1635 791 163 30 Karlsson

309 844 142 21 numera
469 835 85 30 lider
573 844 42 21 av
635 836 119 29 stelhet
773 836 9 29 i
801 836 139 29 vänstra
957 836 179 30 höftleden
1155 837 64 29 och
1239 839 49 27 att
1308 837 138 29 vänstra
1465 836 102 29 benet
1586 836 37 29 är
1642 836 157 29 avsevärt

309 878 167 31 förkortat
500 879 66 30 och
591 879 186 31 atrofierat.
817 879 471 39 Riksförsäkringsanstalten
1311 880 64 29 har
1400 880 10 29 i
1435 882 46 27 ett
1506 881 81 28 över
1613 879 184 30 framställ-

307 923 125 39 ningen
459 924 135 38 avgivet
619 924 158 38 yttrande
804 924 115 30 anfört
943 924 107 30 bland
1076 927 116 32 annat,
1219 927 50 27 att
1296 924 180 29 Karlssons
1506 924 200 29 nuvarande
1731 923 66 30 till-

308 966 110 37 stånd,
446 967 123 31 sådant
595 968 55 30 det
674 968 175 30 beskrives
875 968 9 30 i
910 971 45 27 ett
980 978 42 20 av
1049 967 232 39 legitimerade
1308 968 141 29 läkaren
1475 967 78 31 Carl
1580 968 53 29 Fr.
1661 967 137 30 Ekman

308 1012 133 38 avgivet
457 1011 188 37 utlåtande,
663 1022 79 20 vore
759 1022 43 21 en
820 1012 87 39 följd
924 1022 41 21 av
984 1013 56 30 det
1059 1013 162 29 Karlsson
1240 1012 67 30 den
1328 1013 37 29 12
1382 1012 73 38 juni
1478 1012 82 30 1904
1579 1010 218 40 övergångna

306 1056 217 39 olycksfallet
542 1060 89 26 samt
649 1060 48 27 att
715 1057 133 30 skadan
867 1057 53 30 för
937 1057 217 29 närvarande
1171 1056 94 39 finge
1283 1065 100 21 anses
1402 1056 156 30 medföra
1576 1056 221 38 nedsättning

306 1109 42 20 av
374 1100 180 30 Karlssons
578 1100 274 38 arbetsförmåga
877 1101 77 30 med
977 1100 57 31 två
1059 1101 203 38 tredjedelar
1287 1111 42 20 av
1354 1101 133 29 normal
1511 1099 285 39 arbetsförmåga.

351 1145 277 39 Departementet
658 1155 100 20 anser
790 1146 56 29 det
877 1154 79 21 vara
987 1145 80 30 med
1097 1145 138 30 rättvisa
1268 1145 66 30 och
1364 1144 153 39 billighet
1548 1144 247 30 överensstäm-

307 1189 134 35 mande,
461 1192 48 27 att
529 1190 164 29 Karlsson
711 1189 57 30 må
788 1190 140 29 komma
948 1189 7 30 i
975 1189 204 38 åtnjutande
1198 1199 42 20 av
1260 1199 42 20 en
1321 1192 72 26 mot
1411 1189 64 29 den
1496 1188 200 30 nuvarande
1715 1188 81 30 ned-

307 1233 193 39 sättningen
524 1234 9 29 i
559 1232 298 39 arbetsförmågan
882 1234 167 29 svarande
1072 1233 146 29 livränta
1242 1233 106 37 enligt
1370 1233 303 29 bestämmelserna
1698 1231 10 31 i
1731 1233 20 29 4
1776 1230 21 40 $

309 1278 79 29 1901
415 1276 54 31 års
495 1277 259 38 olycksfallslag
779 1278 80 29 cller
884 1287 40 20 en
948 1277 148 30 livränta
1120 1287 41 19 av
1192 1272 298 43 (?/3X300)=200
1515 1277 130 29 kronor
1668 1276 54 30 för
1747 1275 48 31 år.

350 1322 197 30 Emellertid
570 1321 205 31 föreskrives
799 1322 9 29 i
834 1323 39 28 16
896 1320 19 40 &
936 1321 220 30 merberörda
1179 1321 258 38 olycksfallslag
1460 1323 58 32 att,
1544 1321 122 34 därest,
1689 1320 105 30 sedan

304 1366 187 39 ersättning
515 1366 99 30 blivit
639 1373 121 32 genom
786 1366 129 38 slutligt
938 1366 112 29 beslut
1074 1366 166 35 bestämd,
1267 1365 166 38 väsentlig
1458 1365 203 38 förändring
1686 1373 110 30 yppas

305 1410 8 28 i
336 1411 40 29 de
397 1410 253 35 förhållanden,
671 1410 91 30 vilka
784 1420 83 19 voro
888 1410 196 38 avgörande
1106 1409 53 30 för
1180 1409 251 38 ersättningens
1451 1409 271 35 bestämmande,
1745 1418 49 20 er-

305 1455 312 39 sättningstagaren
639 1454 56 30 må
716 1454 94 30 inom
833 1453 56 31 två
910 1454 38 30 år
968 1453 79 31 från
1068 1454 162 30 beslutets
1252 1454 68 37 dag
1341 1453 259 39 anhängiggöra
1622 1453 92 30 talan
1737 1462 57 21 om

303 1499 181 39 jämkning
502 1499 10 30 i
532 1499 242 38 ersättningen.
807 1498 187 38 Jämkning
1012 1498 58 30 må
1089 1499 87 29 dock
1196 1498 30 38 ej
1245 1507 81 21 avse
1345 1497 198 39 ersättning,
1565 1507 73 20 som
1657 1497 139 39 belöper

304 1543 44 39 på
369 1544 92 30 tiden
481 1543 75 30 före
576 1544 67 29 den
663 1544 75 37 dag,
761 1542 44 31 då
827 1543 93 29 talan
940 1542 323 39 anhängiggjordes.

349 1588 77 30 Med
452 1588 136 38 hänsyn
616 1587 116 30 härtill
761 1588 88 29 lärer
880 1587 172 35 Karlsson,
1081 1586 113 30 vilken
1223 1586 87 30 först
1339 1586 9 29 i
1376 1586 186 29 november
1594 1586 79 30 1937
1706 1585 89 39 gjort

305 1632 254 38 framställning
580 1642 57 19 om
657 1631 182 39 jämkning
859 1631 10 29 i
889 1631 64 30 den
973 1631 131 30 honom
1124 1630 38 30 år
1186 1631 83 29 1906
1290 1630 205 30 tillerkända
1515 1630 183 34 livräntan,
1719 1629 76 30 icke

303 1678 120 28 kunna
450 1680 84 26 utan
563 1676 201 38 riksdagens
794 1675 225 38 medgivande
1048 1675 225 30 tillerkännas
1303 1674 139 38 förhöjd
1472 1674 157 30 livränta.
1670 1673 125 30 Vidare

304 1730 100 28 synes
429 1721 55 30 det
509 1720 44 40 på
579 1721 110 37 grund
714 1730 41 20 av
783 1720 244 29 ovannämnda
1053 1719 176 30 föreskrift
1254 1719 76 30 icke
1356 1719 82 29 böra
1464 1717 255 40 ifrågakomma
1745 1720 51 27 att

303 1765 124 30 bereda
446 1765 163 30 Karlsson
628 1764 138 39 förhöjd
785 1764 147 30 livränta
949 1764 54 30 för
1021 1764 50 29 tid
1089 1764 72 29 före
1179 1764 66 29 den
1266 1764 39 29 19
1324 1763 86 38 april
1431 1763 83 29 1938
1533 1763 81 29 eller
1632 1762 65 30 den
1716 1762 77 38 dag,

303 1809 43 30 då
374 1809 180 30 Karlssons
582 1809 194 38 ansökning
802 1819 58 19 om
886 1808 139 38 förhöjd
1051 1808 146 30 livränta
1223 1807 52 30 till
1303 1807 270 38 departementet
1599 1805 194 30 inkommit.

348 1854 121 30 Därest
486 1853 201 39 förhöjning
705 1853 10 29 i
733 1853 173 29 livräntan
923 1852 144 39 beviljas
1086 1852 174 35 Karlsson,
1280 1852 203 29 ankommer
1503 1851 56 30 det
1577 1850 44 39 på
1640 1851 152 38 departe-

303 1901 127 27 mentet
456 1902 49 26 att
531 1898 138 38 jämlikt
695 1897 229 38 kungörelsen
950 1896 66 30 den
1047 1897 38 29 10
1112 1896 74 38 juni
1217 1896 94 35 1921,
1340 1905 39 20 nr
1408 1896 74 34 410,
1509 1896 107 37 pröva
1644 1894 63 30 och
1735 1903 57 21 av-

303 1944 92 36 göra,
418 1942 171 30 huruvida
612 1942 64 29 och
699 1942 9 29 i
731 1942 66 29 vad
822 1940 80 31 mån
925 1939 325 40 tilläggsersättning
1274 1940 51 29 till
1348 1940 64 30 den
1436 1939 163 38 förhöjda
1621 1938 171 30 livräntan

302 1986 57 30 må
383 1986 109 39 utgå.»

348 2066 263 39 Föredragande
637 2065 375 39 departementschefen
1039 2065 64 30 har
1129 2064 115 31 anfört
1269 2065 108 29 bland
1402 2068 107 26 annat
1535 2064 166 39 följande:

353 2140 10 13 »
370 2128 255 39 Billighetsskäl
643 2137 101 29 synas
762 2127 70 30 tala
851 2127 54 30 för
921 2130 49 27 att
986 2128 67 29 den
1071 2126 310 39 omständigheten,
1400 2129 49 27 att
1466 2126 124 39 frågan
1608 2136 57 20 om
1682 2126 110 39 jämk-

303 2173 82 39 ning
405 2173 96 30 blivit
523 2173 55 30 för
600 2176 73 26 sent
694 2173 111 34 väckt,
827 2172 75 29 icke
921 2172 61 29 bör
1003 2172 121 37 utgöra
1145 2171 123 30 hinder
1289 2171 55 30 för
1365 2171 164 30 Karlsson
1550 2174 50 27 att
1620 2172 141 29 komma
1783 2171 10 28 i

300 2217 204 38 åtnjutande
528 2226 41 20 av
595 2226 41 20 en
660 2220 72 26 mot
756 2217 66 29 den
848 2216 199 30 nuvarande
1072 2215 264 38 nedsättningen
1360 2215 9 29 i
1394 2214 298 39 arbetsförmågan
1718 2224 73 20 sva-

301 2262 107 30 rande
436 2262 156 29 livränta.
634 2260 120 31 Såsom
783 2260 100 30 civila
911 2261 268 37 departementet
1207 2259 178 38 föreslagit
1412 2260 96 29 torde
1536 2260 67 29 den
1631 2258 162 39 förhöjda

301 2306 171 30 livräntan
490 2306 84 29 böra
592 2306 209 29 bestämmas
820 2305 50 29 till
887 2305 62 29 200
966 2305 129 29 kronor
1115 2304 52 29 för
1185 2303 48 36 år,
1251 2304 244 29 motsvarande
1513 2303 58 30 två
1589 2303 203 38 tredjedelar

301 2359 41 20 av
366 2351 66 29 den
455 2349 199 39 ersättning,
679 2358 73 21 som
776 2349 106 38 enligt
903 2348 303 30 bestämmelserna
1230 2347 10 30 i
1264 2348 19 29 4
1308 2346 20 40 &
1351 2347 229 31 förenämnda
1605 2348 54 37 lag
1682 2347 66 30 den
1772 2347 19 29 5

300 2394 63 37 juli
394 2395 79 29 1901
503 2394 113 30 skolat
643 2393 81 39 utgå
751 2393 59 30 vid
837 2392 183 30 bestående
1049 2392 124 30 förlust
1201 2401 42 20 av
1271 2391 309 39 arbetsförmågan.
1622 2391 73 30 Den
1723 2391 68 30 för-

300 2438 107 38 höjda
429 2438 173 30 livräntan
627 2447 99 29 synes
749 2438 86 29 böra
858 2436 81 39 utgå
962 2436 79 31 från
1065 2436 65 30 och
1153 2436 79 29 med
1256 2436 66 30 den
1349 2437 38 28 19
1411 2436 87 38 april
1526 2436 93 29 1938.
1656 2434 135 39 Frågan

300 2482 171 30 huruvida
491 2482 327 39 tilläggsersättning
839 2481 50 31 till
908 2482 63 30 den
992 2480 163 39 förhöjda
1175 2480 173 30 livräntan
1371 2480 55 30 må
1447 2479 81 39 utgå
1549 2480 136 38 jämlikt
1704 2480 87 28 kun-

301 2527 153 38 görelsen
475 2527 65 30 den
565 2528 39 29 10
623 2526 74 39 juni
721 2527 80 29 1921
825 2526 202 30 ankommer
1048 2525 55 30 det
1125 2524 192 31 sedermera
1337 2524 44 39 på
1402 2524 99 30 civila
1523 2524 269 39 departementet

301 2575 49 27 att
371 2573 134 37 pröva.»
