2260 2750
534 206 20 28 4
1011 205 232 38 Lag-Utskottets
1269 205 151 30 Utlåtande
1442 204 56 31 N:o
1520 204 52 32 12.

894 285 95 36 Herr
1028 284 100 38 Uhrs
1162 285 241 36 omförmälda
1435 285 153 42 motion,
1629 292 52 29 att
1713 285 210 51 Riksdagen
1950 287 55 36 för
2033 288 55 36 sin

894 337 58 36 del
993 336 169 42 beslutar,
1201 337 60 35 det
1298 341 16 31 1
1346 336 95 50 Kap.
1483 341 16 32 1
1537 333 17 49 $
1584 337 373 50 Rättegångs-balken
1996 340 92 35 skall

894 389 138 36 erhålla
1055 389 156 48 följande
1240 389 215 35 förändrade
1483 389 155 48 lydelse:

955 440 218 37 »Underrätt
1201 441 20 34 å
1259 440 122 35 landet
1408 446 39 29 är
1475 440 228 36 Häradsrätt.
1756 440 75 36 Der
1866 442 125 36 dömer
2025 443 63 36 hä-

892 492 237 48 radshöfding
1157 492 82 35 med
1266 492 71 35 tolf
1361 498 95 34 män,
1485 505 78 22 som
1592 492 10 35 i
1630 492 193 49 tingslaget
1851 493 44 35 bo
1920 494 66 35 och
2008 495 80 36 der-

892 544 55 36 till
975 544 103 35 valde
1107 549 71 30 äro.
1231 543 55 36 De
1321 543 69 35 tolf
1415 544 114 35 kallas
1564 544 277 35 häradsnämnd.
1896 544 58 36 Då
1981 546 112 48 ledigt

891 609 80 22 rum
1000 595 11 35 i
1038 595 181 35 nämnden
1242 595 107 49 fyllas
1379 595 101 41 skall,
1508 596 107 35 varde
1636 595 10 36 i
1668 596 60 35 det
1756 596 154 41 distrikt,
1926 597 55 35 för
2000 598 93 36 hvil-

893 648 61 49 ket
981 647 205 48 ledigheten
1223 647 173 41 inträffar,
1428 647 54 35 val
1520 647 112 35 hållet
1665 649 20 33 å
1713 648 378 38 kommunalstämma.

892 699 74 35 Aro
998 698 86 35 flera
1118 699 152 35 socknar
1302 698 87 36 eller
1426 699 233 35 socknedelar
1691 699 56 35 till
1784 709 225 38 gemensamt
2037 702 55 35 di-

893 750 108 36 strikt
1029 750 181 40 förenade,
1239 750 200 35 bestämme
1470 749 134 36 Rätten
1625 752 21 33 å
1662 750 144 36 hvilken
1823 752 150 35 sockens
1989 753 102 35 kom-

893 801 282 34 munalstämma
1204 801 94 34 valet
1326 801 169 34 förrättas
1525 801 100 34 skall.
1670 801 56 34 En
1755 802 97 40 hvar,
1868 803 223 35 som
1960 797 20 49 i
2000 803 91 35 kom-

892 864 153 23 munens
1081 851 181 36 allmänna
1296 851 300 49 angelägenheter
1632 852 277 49 röstberättigad
1944 859 48 36 är,
2027 868 63 35 ege

893 909 147 30 rösträtt
1068 903 59 35 vid
1155 903 322 35 nämndemansval
1505 903 98 35 inom
1631 904 69 34 den
1734 904 157 36 valkrets
1920 905 69 35 han
2017 906 75 35 till-

893 955 79 41 hör;
1001 954 66 35 och
1096 954 105 35 hafve
1231 955 120 47 hvarje
1379 955 168 34 röstande
1576 967 44 22 en
1648 961 84 29 röst.
1778 954 71 36 Vid
1877 956 72 35 lika
1978 963 113 29 röste-

892 1006 50 36 tal
971 1005 103 49 skilje
1102 1005 124 36 lotten.
1268 1005 71 36 Till
1368 1006 242 35 nämndeman
1638 1011 39 30 är
1704 1006 123 35 valbar
1851 1007 121 49 hvarje
1993 1008 97 35 inom

892 1057 203 35 valkretsen
1125 1057 136 35 boende
1291 1070 93 28 man,
1413 1070 77 22 som
1518 1057 56 35 till
1593 1057 215 36 ordförande
1836 1058 10 35 i
1862 1058 229 37 kommunal-

893 1115 156 29 stämma
1091 1115 97 29 utses
1223 1109 82 40 kan;
1347 1109 90 35 dock
1478 1109 30 48 ej
1544 1108 69 35 den
1647 1121 78 23 som
1759 1115 39 29 är
1825 1109 11 36 i
1864 1109 226 50 Konungens

892 1160 87 35 eller
1019 1160 111 35 rikets
1171 1161 119 48 tjenst.
1349 1159 81 35 Den
1471 1173 78 21 som
1589 1160 85 48 fyllt
1714 1161 115 34 sextio
1864 1162 39 33 år
1943 1175 81 21 vare
2058 1164 31 46 ej

893 1211 144 48 skyldig
1075 1218 52 29 att
1160 1211 12 36 i
1206 1211 135 35 nämnd
1374 1211 206 48 tjenstgöra.
1633 1210 44 50 Ej
1714 1211 112 36 heller
1858 1224 81 23 vare
1972 1214 118 47 någon

892 1263 129 47 pligtig
1061 1269 52 28 att
1151 1263 156 47 tjensten
1342 1262 160 35 bestrida
1539 1262 121 48 längre
1695 1268 45 28 än
1767 1265 61 32 två
1856 1265 39 32 år
1922 1264 88 35 eller
2038 1271 52 28 att

893 1314 111 34 sedan
1033 1313 71 35 han
1132 1327 41 21 ur
1201 1313 181 35 nämnden
1411 1314 115 47 afgått
1554 1314 77 34 åter
1658 1313 143 35 inträda
1828 1314 73 35 förr
1929 1320 45 29 än
1998 1315 92 34 efter

892 1377 62 23 sex
988 1365 47 35 år.
1089 1363 164 50 Uppstår
1287 1366 100 46 fråga
1421 1377 59 22 om
1514 1364 69 35 den
1611 1364 121 35 valdes
1761 1364 212 49 behörighet
2000 1366 88 35 eller

892 1416 209 48 skyldighet
1128 1423 53 28 att
1209 1416 246 47 befattningen
1485 1422 159 41 mottaga
1672 1415 87 35 eller
1787 1416 178 35 huruvida
1992 1417 96 36 valet

892 1467 190 48 rätteligen
1110 1467 105 40 skett,
1249 1467 94 48 gifve
1377 1467 265 35 Häradsrätten
1670 1466 119 49 utslag
1817 1468 174 40 deröfver,
2020 1468 66 35 och

891 1519 112 47 gånge
1033 1519 60 34 det
1121 1518 117 49 utslag
1265 1518 11 35 i
1303 1518 283 48 verkställighet,
1614 1518 94 35 ändå
1735 1524 53 30 att
1807 1518 278 50 klagan
1952 1514 16 58 i
1985 1518 100 50 högre

891 1575 72 31 rätt
990 1570 124 35 föres».

625 1668 129 36 Såsom
788 1683 42 22 en
866 1671 88 49 följd
990 1672 39 35 af
1059 1671 69 36 den
1158 1672 151 35 sålunda
1337 1671 203 49 föreslagna
1567 1671 255 49 förändringen
1852 1672 39 35 af
1918 1676 16 31 1
1965 1668 29 49 $,
2023 1672 64 35 bör

488 1720 135 48 jemväl
652 1722 215 47 stadgandet
896 1723 9 34 i
938 1727 43 32 10
1011 1719 17 48 $
1058 1724 184 47 angående
1271 1724 93 39 dem,
1398 1736 77 22 som
1505 1723 58 35 vid
1592 1723 262 35 nämndemans
1882 1724 120 34 förfall
2027 1725 60 33 må

491 1772 40 34 af
557 1772 283 49 häradshöfding
868 1774 113 35 kallas
1011 1782 52 27 att
1090 1774 11 35 i
1131 1774 134 35 Rätten
1295 1774 94 41 sitta,
1418 1774 161 48 undergå
1602 1774 226 48 förändring;
1857 1774 66 35 och
1946 1775 56 34 får
2017 1774 69 37 Ut-

492 1822 136 36 skottet
656 1823 225 37 fördenskull
911 1826 183 34 vördsamt
1122 1825 148 41 föreslå,

892 1934 52 29 att
984 1928 89 35 sista
1113 1933 199 29 momentet
1344 1927 11 35 i
1392 1930 17 32 1
1452 1926 95 49 Kap.
1585 1923 91 49 10
1661 1919 24 61 $
1711 1926 375 50 Rättegångs-balken

891 1981 113 34 måtte
1033 1978 136 36 erhålla
1197 1978 156 49 följande
1382 1978 215 35 förändrade
1626 1978 153 48 lydelse:

942 2030 154 34 »Hafver
1117 2031 241 34 nämndeman
1387 2029 131 40 förfall,
1552 2029 67 35 och
1647 2031 125 33 varder
1799 2030 96 48 förty
1925 2029 162 35 Härads-

890 2087 117 30 rätten
1049 2082 30 47 ej
1122 2081 151 40 domför,
1308 2080 87 35 eller
1430 2081 129 34 saknas
1588 2081 103 48 eljest
1718 2081 156 47 fulltalig
1902 2081 143 41 nämnd,
2076 2080 11 36 i

890 2133 112 34 andra
1030 2132 62 35 fall
1121 2138 44 29 än
1195 2132 70 40 det,
1293 2144 75 23 som
1399 2131 9 35 i
1441 2134 42 32 13
1514 2131 94 48 Kap.
1638 2136 20 31 4
1680 2128 17 48 $
1721 2137 92 42 sägs,
1830 2132 90 34 kalle
1937 2132 151 34 härads-

891 2183 149 48 höfding
1076 2183 38 35 af
1146 2184 92 40 dem,
1276 2195 77 22 som
1387 2187 162 30 närmast
1585 2183 52 39 bo,
1666 2182 67 35 och
1760 2183 54 34 till
1844 2183 242 34 nämndemän

889 2235 112 49 väljas
1030 2235 129 40 kunna,
1188 2247 44 22 en
1260 2234 87 35 eller
1367 2233 95 41 flera,
1479 2235 91 34 efter
1585 2241 38 41 ty
1641 2246 78 23 som
1736 2233 168 36 behofvet
1920 2233 168 35 fordrar.«
