1894 2848
274 175 18 29 8
680 175 113 29 Andra
818 174 225 38 lagutskottets
1067 174 165 30 utlåtande
1253 175 46 29 Nr
1322 176 26 29 1.

274 262 146 30 varande
443 262 126 30 villkor
590 263 74 30 icke
687 264 100 36 gälla,
808 264 67 29 blir
897 264 65 30 han
985 266 11 27 i
1019 264 116 29 sådant
1158 264 187 29 hänseende
1367 266 80 27 utan
1470 264 110 36 någon
1603 263 158 29 hemorts-

274 309 66 26 rätt
365 309 8 27 i
399 307 75 29 hela
499 308 95 29 riket.
619 311 79 25 utan
722 311 47 26 att
792 308 118 29 härför
934 308 41 36 på
997 309 100 36 något
1121 311 65 26 sätt
1211 308 128 29 erhålla
1364 308 148 36 lindring
1538 309 8 27 i
1572 307 189 29 skattehän-

273 350 129 29 seende.
434 350 63 30 Det
519 351 109 37 ligger
650 353 9 27 i
682 354 105 34 öppen
809 352 74 37 dag,
905 355 46 26 att
973 355 45 26 ett
1038 356 133 32 system,
1193 361 67 20 som
1284 352 89 29 leder
1396 352 51 29 till
1469 352 114 35 dylika
1606 351 156 37 orimliga

274 394 262 35 konsekvenser,
565 396 103 29 måste
696 396 178 29 betecknas
904 397 109 28 såsom
1042 398 11 27 i
1083 397 65 37 hög
1179 397 83 37 grad
1293 397 157 28 orättvist
1482 396 53 29 för
1565 396 61 28 den
1657 396 104 29 därav

270 437 149 31 berörde.

312 482 63 29 Det
406 491 101 26 synes
536 483 167 35 styrelsen
732 484 70 29 med
832 484 59 37 fog
923 485 112 28 kunna
1065 484 231 37 ifrågasättas,
1327 484 169 29 huruvida
1526 483 235 29 fastställande

272 534 41 20 av
340 526 125 29 sådana
493 527 124 29 villkor
644 528 55 29 vid
727 528 395 37 legosängsavgifternas
1148 529 242 29 bestämmande
1418 531 37 26 är
1483 529 10 27 i
1520 530 241 27 överensstäm-

271 570 116 29 mande
412 571 70 29 med
506 571 155 36 gällande
687 572 253 37 författningar.
976 572 67 29 När
1069 573 475 36 kommunalförordningarna
1569 572 58 29 och
1655 572 105 29 lands-

272 614 193 37 tingslagen
491 616 79 35 giva
595 615 247 30 vederlörande
866 616 269 37 samfälligheter
1159 619 66 28 rätt
1250 619 46 26 att
1321 617 103 28 vårda
1450 616 82 29 eller
1557 616 128 29 besluta
1711 625 50 20 om

272 659 92 28 vissa
386 667 241 28 gemensamma
647 660 284 37 angelägenheter
952 661 58 28 och
1032 664 47 26 att
1101 661 54 28 för
1178 660 262 37 tillgodoseende
1463 670 40 20 av
1525 661 96 29 dessa
1644 663 117 34 uttaga

271 702 89 29 skatt
385 711 41 20 av
452 702 38 30 de
514 703 50 29 till
590 703 213 38 landstinget,
829 713 86 28 resp.
940 705 195 29 kommunen
1160 705 259 36 skattskyldiga,
1444 714 100 26 synes
1569 705 52 28 det
1644 705 116 29 åtmin-

271 750 95 25 stone
396 747 73 29 icke
497 748 51 28 stå
576 748 11 28 i
617 748 332 29 överensstämmelse
976 749 71 29 med
1075 749 266 36 författningens
1370 749 85 29 anda
1483 752 47 26 att
1560 752 77 26 utav
1667 750 93 27 vissa

272 790 194 37 kategorier
495 791 249 38 skattskyldiga
774 794 117 35 uttaga
921 793 90 28 skatt
1041 802 72 20 men
1144 793 171 37 samtidigt
1347 794 10 27 i
1388 793 372 36 sjukvårdshänseende

272 833 151 30 likställa
452 834 70 30 dem
550 836 71 29 med
649 836 51 28 till
730 836 214 36 landstinget,
973 845 85 28 resp.
1088 837 195 29 kommunen
1312 837 74 29 icke
1414 837 148 29 hörande
1591 846 168 27 personer.

271 877 51 30 Då
347 878 185 30 emellertid
557 880 140 29 nämnda
722 880 126 29 villkor
873 881 146 28 faktiskt
1044 883 38 26 är
1108 882 10 27 i
1144 881 213 37 tillämpning
1384 881 42 37 på
1451 881 87 29 flera
1563 881 78 36 håll,
1667 881 93 29 torde

271 931 40 20 en
338 922 144 37 ändring
508 923 203 30 härutinnan
738 924 113 29 kunna
878 925 100 29 ernås
1005 925 115 29 endast
1148 934 118 28 genom
1293 925 212 37 lagändring.

311 965 126 30 Genom
458 967 175 30 införande
654 969 10 27 i
685 968 75 29 hela
781 969 87 29 riket
890 977 42 20 av
952 969 139 29 nämnda
1113 978 41 20 av
1177 970 91 28 vissa
1290 969 170 37 landsting
1482 970 59 29 och
1561 969 111 30 städer
1694 969 65 29 till-

271 1009 149 37 lämpade
451 1011 146 37 grunder
627 1012 54 28 för
713 1012 396 38 legosängsavgifternas
1139 1013 242 30 bestämmande
1413 1014 110 29 skulle
1555 1014 204 36 visserligen

271 1054 59 29 den
352 1055 152 29 fördelen
524 1055 108 34 ernås,
651 1058 47 27 att
717 1057 101 36 ingen
839 1057 42 36 på
900 1057 108 37 grund
1029 1066 41 20 av
1090 1058 164 37 flyttning
1275 1058 120 29 mellan
1417 1058 91 28 olika
1528 1061 90 26 orter
1639 1059 9 27 i
1670 1059 89 28 riket

270 1098 110 29 skulle
406 1099 43 36 gå
476 1099 159 38 förlustig
661 1100 214 31 hemortsrätt
901 1102 10 28 i
939 1101 370 36 sjukvårdshänseende
1335 1103 88 28 inom
1450 1102 75 29 hela
1551 1102 96 29 riket.
1685 1101 72 30 Men

269 1142 106 29 denna
401 1143 182 29 teoretiska
607 1144 214 30 hemortsrätt
846 1145 111 29 skulle
983 1146 10 28 i
1018 1145 120 37 många
1164 1146 62 29 fall
1252 1145 150 37 tydligen
1426 1146 92 30 bliva
1544 1148 78 27 utan
1647 1147 112 36 någon

269 1194 68 21 som
367 1186 87 30 helst
486 1187 152 36 praktisk
671 1191 103 33 nytta,
806 1189 40 29 då
875 1189 326 32 hemortsrättslänet
1233 1190 59 29 och
1323 1190 235 29 vistelseorten
1592 1190 93 37 ligga
1716 1191 42 36 på

271 1230 117 37 längre
417 1231 139 29 avstånd
584 1231 76 30 från
689 1233 179 34 varandra;
897 1235 11 28 i
937 1233 104 29 andra
1068 1234 62 28 fall
1159 1234 81 35 åter,
1269 1234 108 29 såsom
1407 1234 40 29 då
1476 1234 98 37 fråga
1602 1237 37 26 är
1668 1244 50 19 om
1746 1236 11 27 i

270 1274 170 38 landsting
460 1275 73 30 icke
553 1275 196 38 deltagande
768 1277 74 29 stad
862 1278 59 28 och
942 1278 197 36 omgivande
1160 1278 64 33 län,
1244 1278 111 29 skulle
1375 1279 205 36 visserligen
1599 1279 158 29 hemorts-

269 1320 108 27 rätten
404 1319 74 29 icke
503 1319 128 30 behöva
655 1320 91 29 bliva
772 1324 81 26 utan
879 1321 61 30 allt
966 1322 170 36 praktiskt
1165 1322 110 35 värde,
1301 1332 72 20 men
1401 1324 11 27 i
1439 1324 94 36 varje
1559 1323 61 29 fall
1645 1323 112 29 skulle

268 1365 91 26 stora
380 1362 216 38 olägenheter
615 1364 147 30 kvarstå.

308 1407 63 30 Det
400 1417 102 26 synes
530 1409 116 28 därför
675 1409 167 35 styrelsen
873 1409 251 38 ofrånkomligt,
1154 1412 48 27 att
1232 1419 40 20 en
1301 1410 143 37 ändring
1475 1411 79 29 sker
1582 1412 11 28 i
1623 1411 61 29 den
1713 1420 43 21 av

267 1453 207 29 motionären
500 1452 195 38 föreslagna
721 1453 205 37 riktningen,
953 1453 28 29 d.
1008 1462 29 21 v.
1063 1462 26 21 s.
1115 1456 48 28 att
1189 1455 11 27 i
1228 1454 98 37 lagen
1352 1455 229 37 uttryckligen
1607 1455 149 35 fastslås,

267 1498 47 27 att
335 1496 71 34 den,
427 1505 69 20 som
517 1499 37 26 är
573 1497 229 37 skattskyldig
823 1498 52 28 till
897 1497 169 38 landsting
1088 1498 84 29 eller
1192 1498 152 29 kommun
1367 1498 84 31 eller
1472 1499 283 30 mantalsskriven

267 1540 87 29 inom
374 1540 76 30 dess
471 1540 140 35 område,
631 1541 95 29 alltid
746 1541 89 29 skall
855 1543 11 27 i
888 1541 371 37 sjukvårdshänseende
1279 1543 124 29 räknas
1424 1543 108 29 såsom
1554 1543 201 30 tillhörande

268 1583 337 38 landstingsområdet
627 1594 86 28 resp.
736 1585 206 30 kommunen.
974 1586 126 30 Endast
1123 1587 42 36 på
1188 1587 88 29 detta
1298 1589 66 27 sätt
1387 1587 66 29 kan
1476 1588 142 29 rättvisa
1641 1588 54 28 för
1717 1588 39 29 de

267 1628 153 29 enskilda
444 1637 205 28 personerna
672 1629 107 30 ernås.

305 1699 15 29 I
348 1700 55 29 sitt
430 1702 75 27 över
531 1701 162 29 motionen
719 1701 138 37 avgivna
883 1701 176 36 utlåtande,
1086 1711 40 19 nr
1154 1702 48 35 24,
1230 1701 136 30 anförde
1392 1702 169 29 utskottet:
1591 1702 161 30 Utskottet

264 1751 82 31 hade
364 1752 110 30 funnit
492 1753 37 29 de
547 1754 213 37 synpunkter,
777 1754 203 43 motionären
999 1754 152 30 framfört
1168 1755 11 28 i
1198 1754 59 30 den
1276 1754 41 30 då
1335 1754 226 38 föreliggande
1579 1755 173 34 motionen,

265 1805 100 29 värda
386 1805 57 29 allt
464 1805 187 30 beaktande.
683 1805 114 30 Såsom
817 1807 143 29 erinrats
981 1808 10 28 i
1012 1807 37 30 de
1072 1816 39 20 av
1132 1807 201 38 styrelserna
1355 1807 52 30 för
1429 1807 146 31 Svenska
1595 1807 156 30 stadsför-

264 1857 119 30 bundet
412 1858 60 29 och
502 1857 145 31 Svenska
676 1859 360 37 landstingsförbundet
1065 1860 140 37 avgivna
1232 1860 195 38 yttrandena
1456 1861 90 29 torde
1574 1861 177 30 em'-lertid

265 1910 49 29 det
337 1910 225 37 föreliggande
585 1912 193 36 spörsmålet
800 1912 129 30 komma
953 1915 44 27 att
1020 1915 162 35 upptagas
1205 1913 48 29 till
1276 1913 199 37 behandling
1499 1923 40 19 av
1563 1913 59 30 den
1646 1914 106 29 under

264 1963 76 30 1929
366 1963 136 30 tillsatta
526 1966 123 27 statens
674 1965 351 36 sjukvårdskommitté,
1063 1965 16 29 I
1105 1966 106 29 denna
1236 1966 181 29 kommittés
1445 1966 147 37 uppdrag
1619 1968 133 36 inginge

262 2016 165 37 nämligen
453 2016 107 30 såsom
584 2026 39 20 en
646 2016 227 38 betydelsefull
898 2018 127 37 uppgift
1051 2020 44 28 att
1121 2019 82 29 söka
1229 2019 117 37 angiva
1372 2019 155 37 lämpliga
1552 2019 120 30 former
1698 2020 52 29 för

263 2069 195 29 samverkan
481 2069 117 30 mellan
621 2069 38 30 de
682 2070 172 37 viktigaste
877 2071 260 29 administrativa
1160 2071 175 30 enheterna
1360 2071 52 29 för
1436 2072 218 37 sjukvårdens
1678 2073 71 29 ord-

262 2121 106 30 nande
389 2122 59 29 och
470 2122 108 29 såsom
598 2131 40 20 en
659 2123 206 29 konsekvens
884 2123 102 29 därav
1006 2126 160 35 överväga
1187 2125 154 36 antingen
1362 2125 157 36 slopande
1541 2134 39 20 av
1601 2125 37 30 de
1659 2128 90 34 spär-

263 2182 55 20 rar
349 2174 119 29 mellan
500 2175 88 29 olika
619 2175 343 37 sjukvårdsområden,
994 2185 69 21 som
1094 2177 180 30 existerade
1305 2178 11 28 i
1347 2177 85 30 form
1465 2187 40 20 av
1536 2178 88 30 olika
1656 2179 92 29 vård-

263 2225 138 38 avgifter
430 2226 53 31 för
512 2228 165 36 patienter,
706 2228 123 30 boende
857 2229 88 29 inom
974 2238 83 28 resp.
1087 2232 87 27 utom
1204 2229 241 32 vederbörande
1475 2231 54 30 län
1559 2231 78 30 eller
1666 2232 81 36 stad,

262 2279 78 29 eller
361 2281 61 28 ock
445 2280 172 31 införande
640 2290 39 20 av
700 2290 40 20 en
763 2281 87 37 regel
873 2291 41 20 av
936 2282 60 29 den
1018 2282 210 37 ungefärliga
1249 2282 169 38 innebörd,
1442 2285 44 28 att
1508 2284 241 31 vederbörande

262 2331 54 29 län
343 2332 80 29 eller
449 2333 71 28 stad
546 2333 108 30 erlade
680 2334 185 30 skillnaden
891 2336 11 27 i
929 2335 219 30 vårdkostnad
1174 2335 53 30 för
1253 2337 158 35 patienter
1437 2336 75 30 från
1540 2340 99 27 annat
1665 2347 84 28 resp.

261 2392 68 29 eget
349 2386 319 36 sjukvårdsområde.
701 2387 50 29 Då
772 2388 141 29 sålunda
934 2389 175 37 anledning
1130 2389 119 30 funnes
1271 2391 44 28 att
1337 2392 130 35 antaga,
1489 2392 45 28 att
1555 2391 50 29 det
1626 2391 121 38 ifråga-

261 2438 142 30 varande
433 2439 192 37 spörsmålet
654 2440 89 30 bleve
774 2440 137 30 föremål
940 2440 52 31 för
1021 2451 39 20 en
1091 2442 158 37 ingående
1278 2442 185 38 utredning,
1494 2446 112 35 syntes
1636 2444 109 38 någon

259 2490 246 39 framställning
525 2492 74 30 från
620 2493 195 37 riksdagens
836 2494 72 29 sida
930 2494 40 30 då
991 2494 174 38 lämpligen
1186 2495 70 30 icke
1277 2495 81 30 böra
1380 2496 66 30 ske.
1478 2496 162 31 Utskottet
1662 2498 83 29 hem-
