1902 2854
540 193 113 29 Andra
677 192 225 37 lagutskottets
926 191 165 30 utlåtande
1112 191 47 29 Nr
1184 192 25 29 1.
1616 188 18 30 9

143 283 115 30 ställde
283 282 216 36 fördenskull,
524 284 45 27 att
593 283 163 28 motiorlen
781 282 71 29 icke
877 281 95 29 målte
996 281 48 28 till
1070 280 110 37 någon
1207 278 196 37 riksdagens
1428 276 115 38 åtgärd
1568 276 65 29 för-

143 336 125 30 anleda.

183 391 181 30 Utskottets
386 390 195 30 hemställan
604 390 114 30 bifölls
740 398 41 21 av
804 390 185 36 riksdagen.

183 509 112 37 Enligt
325 507 152 38 gällande
507 506 241 30 bestämmelser
779 505 193 30 tillkommer
1003 505 50 29 det
1085 503 241 30 vederbörande
1357 501 166 36 landsting
1555 499 78 30 eller

144 562 173 29 kommuns
342 560 191 31 beslutande
557 559 189 39 myndighet
771 561 45 28 att
840 558 164 30 fastställa
1028 557 38 30 de
1090 556 149 37 avgifter,
1263 564 70 21 som
1358 554 96 30 skola
1480 553 78 37 utgå
1583 552 51 30 för

144 615 79 29 vård
249 617 19 29 å
293 614 154 37 sjukhus,
473 614 102 29 drivet
601 621 40 21 av
666 612 198 36 landstinget
890 611 77 29 eller
992 611 205 28 kommunen.
1233 607 116 38 Någon
1374 607 223 37 begränsning
1619 606 14 27 i

143 668 97 29 dessa
259 667 243 38 myndigheters
521 664 256 32 beslutanderätt
795 665 205 30 beträffande
1020 662 254 38 ifrågavarande
1295 660 138 37 avgifter
1451 658 183 31 förefinnes

144 721 79 34 icke,
244 723 89 27 utom
354 720 61 29 vad
438 720 104 37 angår
565 720 99 35 vissa,
686 727 84 21 ovan
794 718 142 37 angivna
959 716 68 30 fall.
1062 715 114 30 Såsom
1199 714 121 30 allmän
1340 713 92 37 regel
1455 712 112 38 gäller,
1591 713 45 28 att

145 772 362 39 legosängsavgifterna
536 772 196 30 bestämmas
762 771 49 30 till
842 771 88 29 olika
959 770 126 36 belopp,
1117 768 58 30 allt
1205 767 153 30 efiersom
1389 766 96 36 fråga
1516 768 37 26 är
1584 774 51 20 om

144 827 167 37 patienter,
338 824 197 31 tillhörande
561 825 51 30 det
638 824 167 37 landsting
832 823 78 30 eller
938 823 59 29 den
1026 823 165 33 kommun,
1219 829 69 21 som
1316 820 108 29 driver
1451 814 184 45 sjukhuset,

143 880 80 29 eller
244 880 168 36 patienter,
437 887 70 21 som
529 879 29 36 ej
582 878 135 29 tillhöra
739 875 332 38 sjukvårdsområdet.
1106 873 190 31 Skillnaden
1321 874 11 28 i
1357 871 278 38 avgiftsbeloppen

146 933 56 29 för
234 932 98 30 dessa
365 932 84 29 båda
483 932 195 36 kategorier
713 939 42 20 av
790 931 165 36 patienter
980 931 37 26 är
1041 930 12 27 i
1078 927 180 29 allmänhet
1283 925 175 30 avsevärd.
1493 923 65 30 Vid
1582 933 54 20 av-

146 986 149 37 görande
328 994 41 20 av
403 985 133 37 frågan,
568 984 108 29 vilket
709 982 315 38 sjukvårdsområde
1048 991 40 19 en
1111 989 122 29 person
1256 980 88 29 skall
1368 988 99 20 anses
1490 978 147 34 tillhöra,

144 1039 147 36 tillämpa
316 1039 37 30 de
378 1038 90 30 olika
492 1037 269 39 myndigheterna
787 1036 192 37 skiljaktiga
1004 1035 174 37 principer.
1215 1031 15 32 I
1257 1032 176 31 allmänhet
1459 1032 100 35 torde,
1585 1031 51 30 så-

144 1101 70 21 som
242 1092 217 36 utredningen
487 1092 90 36 giver
606 1090 53 30 vid
687 1090 141 35 handen,
856 1098 166 29 personer,
1052 1096 69 21 som
1152 1090 58 26 äro
1240 1085 278 31 mantalsskrivna
1547 1086 89 28 inom

145 1143 334 39 sjukvårdsområdet,
498 1145 12 28 i
529 1143 365 37 sjukvårdshänseende
913 1150 97 21 anses
1028 1140 137 30 tillhöra
1186 1139 143 31 området
1350 1139 60 30 och
1432 1138 97 30 alltså
1548 1138 87 29 kom-

144 1203 53 24 ma
224 1199 11 28 i
262 1197 192 37 åtnjutande
480 1206 42 20 av
549 1196 38 30 de
615 1196 91 37 lägre
733 1197 147 28 taxorna.
918 1195 103 29 Vissa
1047 1192 168 38 landsting
1244 1193 42 37 gå
1314 1195 89 27 ännu
1432 1191 115 37 längre
1573 1191 63 29 'och

145 1251 147 37 tillämpa
311 1251 96 29 dessa
426 1252 93 27 taxor
539 1252 80 27 även
636 1249 55 29 för
710 1249 78 35 dem,
808 1257 70 21 som
897 1249 87 28 inom
1004 1245 331 38 landstingsområdet
1355 1248 63 34 äga
1437 1244 66 30 fast
1521 1244 115 29 bostad

144 1304 79 29 eller
244 1303 202 37 anställning
467 1303 79 30 eller
567 1305 75 27 över
663 1302 111 29 huvud
796 1304 57 27 äro
876 1300 164 31 anställda
1059 1300 61 29 hos
1143 1299 222 37 arbetsgivare
1386 1298 75 31 från
1483 1297 152 35 området,

144 1358 11 28 i
187 1356 204 30 sistnämnda
423 1356 60 29 fall
514 1355 104 30 under
649 1355 236 36 förutsättning
917 1356 45 27 att
994 1353 245 37 arbetsgivaren
1272 1356 161 25 ansvarar
1466 1350 52 30 för
1551 1350 84 38 lego-

145 1409 256 38 sängsavgiften.
437 1408 114 30 Andra
577 1408 226 38 myndigheter
830 1407 68 30 åter
923 1406 146 37 tillämpa
1094 1407 12 28 i
1133 1406 85 29 detta
1242 1404 161 30 avseende
1430 1403 206 38 fattigvårds-

145 1462 115 37 lagens
283 1462 241 29 bestämmelser
548 1470 49 21 om
619 1461 210 29 hemortsrätt
853 1461 60 29 och
938 1459 188 30 frånkänna
1151 1458 98 30 alltså
1272 1466 165 29 personer,
1461 1466 69 21 som
1555 1456 80 30 efter

145 1515 105 37 fyllda
270 1515 38 29 60
328 1515 38 29 år
386 1514 145 37 inflyttat
551 1514 48 29 till
619 1513 333 37 sjukvårdsområdet,
972 1514 64 27 rätt
1057 1514 45 27 att
1132 1511 10 29 å
1163 1508 161 33 områdets
1344 1510 145 37 sjukhus
1509 1510 127 29 erhålla

146 1568 79 29 vård
249 1568 49 29 till
322 1567 60 30 den
408 1566 52 30 för
484 1575 83 29 egna
589 1567 158 36 patienter
771 1565 166 30 bestämda
961 1564 152 37 avgiften,
1139 1566 80 27 även
1245 1572 50 20 om
1319 1572 161 28 personen
1506 1563 10 28 i
1540 1562 96 38 fråga

145 1621 151 36 erlägger
318 1620 196 37 landstings-
538 1628 82 28 resp.
644 1619 277 29 kommunalskatt
943 1618 48 29 till
1014 1617 144 30 området
1181 1616 61 30 och
1264 1616 86 37 själv
1373 1619 37 26 är
1432 1617 12 28 i
1467 1616 94 29 stånd
1592 1618 44 27 att

145 1673 97 37 gälda
261 1672 288 38 legosängsavgift.
577 1672 112 37 Enligt
708 1672 61 29 vad
787 1672 154 29 utskottet
959 1671 168 35 inhämtat,
1146 1670 164 36 tillämpas
1327 1669 204 30 sistnämnda
1549 1670 86 35 prin-

146 1727 50 36 cip
219 1727 87 28 inom
327 1725 204 31 Stockholms
554 1725 80 34 stad,
658 1724 204 31 Stockholms
884 1725 64 34 län,
971 1723 183 37 Göteborgs
1177 1722 72 30 stad
1271 1722 60 30 och
1352 1723 11 28 i
1386 1722 68 29 viss
1476 1722 159 29 utsträck-

144 1780 81 36 ning
252 1777 246 39 Östergötlands
524 1779 65 34 län,
615 1778 114 29 därvid
755 1780 11 27 i
793 1777 184 30 Stockholm
1003 1776 59 30 och
1088 1775 167 38 Göteborg
1280 1775 240 30 vederbörande
1546 1784 89 28 myn-

145 1832 109 36 dighet
277 1832 81 29 dock
383 1834 77 34 äger
483 1834 62 26 rätt
570 1833 44 27 att
637 1831 41 37 på
703 1831 148 29 ansökan
875 1830 148 30 nedsätta
1047 1829 144 37 avgiften
1216 1828 51 30 för
1291 1837 129 28 person,
1444 1837 68 20 som
1536 1828 100 37 enligt

145 1884 293 36 fattigvårdslagen
456 1884 108 29 skulle
583 1883 166 29 betraktas
768 1892 68 20 som
855 1883 201 29 främmande
1075 1884 130 34 patient,
1225 1882 48 28 till
1293 1890 124 20 samma
1435 1881 114 37 belopp
1568 1890 69 20 som

146 1938 52 30 för
219 1938 122 37 patient
362 1937 73 30 från
459 1937 334 37 sjukvårdsområdet,
816 1937 107 29 därest
944 1937 162 36 patienten
1129 1938 37 26 är
1188 1935 78 30 eller
1288 1935 72 29 bort
1382 1944 80 20 vara
1483 1935 152 29 mantals-

145 1991 133 29 skriven
300 1991 87 29 inom
410 1990 122 29 staden.

186 2053 56 29 Att
261 2055 42 27 ett
321 2052 208 37 tillämpande
550 2061 40 20 av
609 2052 90 29 olika
718 2052 163 36 principer
900 2051 53 29 vid
973 2049 185 38 avgörande
1179 2058 40 20 av
1238 2048 128 38 frågan,
1387 2048 98 30 vilket
1506 2047 129 30 område

148 2115 40 20 en
221 2115 121 27 person
375 2107 10 27 i
418 2104 372 37 sjukvårdshänseende
822 2104 87 29 skall
942 2112 97 20 anses
1072 2103 147 34 tillhöra,
1251 2102 128 29 medför
1412 2101 224 37 olägenheter.

146 2158 90 30 torde
265 2158 88 37 ligga
381 2160 10 28 i
422 2160 103 35 öppen
554 2158 71 36 dag.
666 2156 113 31 Såsom
809 2158 201 28 motionären
1040 2155 189 36 framhållit,
1259 2155 65 29 kan
1354 2156 43 28 ett
1426 2154 116 31 sådant
1572 2154 63 29 för-

146 2211 138 30 farande
305 2212 70 29 leda
396 2212 47 28 till
466 2213 44 27 att
529 2220 38 21 en
589 2219 117 28 person
728 2210 208 37 ingenstädes
956 2209 52 29 får
1029 2209 231 36 tillgodonjuta
1280 2208 37 29 de
1338 2207 53 30 för
1411 2216 82 28 egna
1514 2207 120 37 pzatien-

146 2266 47 26 ter
221 2261 186 32 fastställda
435 2264 91 36 lägre
554 2263 193 36 avgifterna,
776 2265 80 27 utan
885 2262 110 35 måste,
1024 2262 19 28 å
1073 2262 98 28 vilket
1199 2261 144 36 sjukhus
1372 2261 64 28 han
1467 2263 40 26 än
1539 2260 97 29 söker

146 2316 89 34 vård,
257 2316 134 36 erlägga
414 2316 37 29 de
475 2316 50 28 för
547 2315 201 29 främmande
771 2315 156 36 patienter
949 2313 175 33 bestämda,
1148 2315 149 27 avsevärt
1319 2313 102 36 högre
1444 2312 191 37 avgifterna.

146 2368 326 36 Faltigvårdslagens
488 2367 242 30 bestämmelser
746 2376 50 20 om
814 2367 206 29 hemortsrätt
1036 2375 102 25 synas
1155 2366 154 28 utskottet
1326 2365 71 29 icke
1411 2364 81 30 böra
1508 2365 128 29 komma

147 2421 47 28 till
222 2421 210 35 användning
458 2420 51 28 vid
536 2420 185 36 avgörande
749 2429 39 19 av
813 2419 117 36 frågan
959 2428 48 19 om
1036 2418 201 36 tillhörighet
1264 2418 47 28 till
1339 2419 81 27 visst
1446 2418 189 36 sjukvårds-

146 2473 130 29 område
304 2474 9 27 i
342 2473 37 30 de
408 2472 69 35 fall,
505 2472 41 30 då
575 2472 239 29 vederbörande
844 2472 120 36 patient
992 2471 85 36 själv
1106 2471 149 36 erlägger
1283 2470 256 36 sjukhusavgift.
1581 2471 55 28 Att

146 2526 119 29 beröva
287 2535 39 21 en
349 2535 128 27 person,
501 2534 68 20 som
591 2525 80 29 efter
695 2525 103 37 fyllda
821 2525 37 29 60
880 2525 37 28 år
939 2523 144 38 inflyttat
1106 2524 47 28 till
1176 2526 42 27 ett
1241 2523 310 37 sjukvårdsområde
1576 2523 59 30 och

182 2596 115 33 Bihang
316 2597 41 26 till
377 2596 173 32 riksdagens
571 2596 143 33 protokoll
736 2597 74 25 1931.
838 2597 14 24 9
872 2595 82 32 saml,
980 2596 15 25 2
1014 2595 60 26 avd.
1107 2596 11 24 1
1139 2594 67 33 häft.
1239 2594 58 28 (Nr
1316 2594 90 31 1—2.)
1621 2596 16 24 2

1686 500 157 26 Utskottet.
