1874 2780
266 133 18 29 4
573 134 124 29 Första
717 135 247 39 lagutskottets
984 137 178 31 utlåtande
1182 148 42 20 nr
1244 140 41 30 33
1304 140 40 30 år
1366 142 84 29 1963

266 215 66 29 och
355 215 31 40 ej
413 215 78 40 fyllt
517 216 39 30 18
580 216 50 35 år,
655 218 97 39 göres
778 219 109 29 sådan
912 221 164 29 anmälan
1101 230 42 21 av
1167 222 331 32 vårdnadshavaren
1529 226 58 34 (12
1617 226 50 37 $).
1694 228 71 29 Har

264 264 124 30 barnet
413 265 78 38 fyllt
519 266 38 31 15
583 266 49 36 år,
658 267 59 30 må
742 268 167 31 anmälan
935 270 100 39 göras
1059 271 124 31 endast
1209 281 57 21 om
1292 273 124 31 barnet
1443 277 175 37 samtyckt
1645 277 116 30 därtill

271 314 57 34 (12
352 314 51 38 5).

309 365 79 30 Med
407 368 119 36 pastor
547 375 99 22 avses
667 368 12 29 i
698 368 393 42 religionsfrihetslagen
1113 372 67 30 den
1202 381 75 22 som
1299 383 168 22 ansvarar
1490 375 55 30 för
1566 376 197 40 kyrkobok-

265 414 161 40 föringen
445 416 10 29 i
473 415 208 42 församling
698 427 42 21 av
758 420 150 30 svenska
926 420 136 39 kyrkan
1081 422 82 30 eller
1182 423 55 29 del
1256 432 43 21 av
1319 424 109 30 sådan
1449 425 217 41 församling,
1688 437 74 21 som

264 465 102 39 utgör
396 466 140 30 särskilt
565 467 463 41 kyrkobokföringsdistrikt
1063 471 58 35 (16
1153 472 50 38 $).
1233 473 72 30 Har
1336 474 114 40 någon
1481 477 160 40 uppdrag
1671 480 50 28 att
1752 479 10 29 i

263 514 474 42 kyrkobokföringsärenden
763 518 139 31 biträda
927 523 129 37 pastor,
1082 523 108 38 gäller
1217 524 194 40 uppdraget
1438 545 44 3 —
1506 526 149 32 bortsett
1682 528 79 31 från

263 566 224 38 mottagande
506 576 43 20 av
566 568 150 39 muntlig
735 568 198 36 försäkran,
954 571 62 29 där
1035 571 109 31 sådan
1164 573 177 31 erfordras
1362 575 55 30 för
1437 576 135 31 inträde
1593 577 11 30 i
1624 578 137 39 kyrkan

262 632 43 3 —
324 615 87 30 även
431 616 152 30 ärenden
603 618 106 39 enligt
729 619 404 42 religionsfrihetslagen.

306 716 68 28 För
400 716 94 30 äldre
521 718 69 29 rätt
617 719 65 29 och
708 719 222 31 förarbetena
956 721 51 30 till
1034 722 394 43 religionsfrihetslagen
1456 727 136 31 lämnas
1621 729 141 40 redogö-

261 765 88 30 relse
370 765 11 29 i
402 766 262 39 propositionen
684 768 19 30 å
725 778 25 20 s.
772 769 95 30 5—27.

438 920 158 44 Tidigare
611 922 299 45 ändringsförslag
924 925 147 33 rörande
1087 927 42 32 11
1147 927 22 43 $
1184 928 393 45 religionsfrihetslagen

304 1015 13 29 I
342 1015 224 40 likalydande
590 1019 173 30 motioner
788 1020 52 30 till
880 1021 115 31 1953
1031 1023 77 30 års
1144 1024 207 41 riksdag
1392 1027 103 33 (I:86
1521 1029 65 29 och
1612 1029 46 30 II:
1677 1031 77 32 116)

260 1065 231 37 hemställdes,
508 1070 49 27 att
574 1068 184 39 riksdagen
775 1071 104 30 måtte
897 1074 124 36 antaga
1038 1073 153 36 följande
1210 1076 150 30 ändrade
1380 1078 128 36 lydelse
1527 1088 42 21 av
1590 1080 34 29 11
1637 1074 16 47 8
1682 1081 78 29 reli-

258 1115 345 41 gionsfrihetslagen:

302 1173 69 31 Vill
389 1175 148 30 medlem
557 1186 41 20 av
617 1178 148 29 svenska
782 1179 139 39 kyrkan
939 1181 74 30 icke
1032 1182 117 39 längre
1167 1183 142 31 tillhöra
1327 1185 148 39 kyrkan,
1495 1188 80 38 göre
1593 1190 165 29 anmälan

258 1222 56 22 om
337 1217 139 30 utträde
500 1225 123 31 genom
647 1221 190 39 personligt
860 1222 108 30 besök
992 1224 82 29 eller
1098 1233 122 31 genom
1246 1236 41 20 av
1311 1228 57 29 två
1391 1237 165 30 personer
1579 1230 179 32 bevittnad

256 1257 155 41 skriftlig
436 1259 261 42 framställning
721 1262 52 30 till
799 1265 120 37 pastor
943 1265 10 29 i
979 1266 66 29 den
1070 1266 216 42 församling,
1312 1270 64 29 där
1401 1271 69 29 han
1497 1272 37 29 är
1557 1273 198 39 kyrkobok-

255 1299 89 31 förd.

299 1383 13 29 I
332 1384 220 31 motionerna
571 1386 185 32 framhölls
773 1388 44 31 bl.
839 1399 28 20 a.
889 1390 42 30 de
949 1391 183 39 praktiska
1151 1393 213 40 svårigheter
1384 1405 74 20 som
1478 1397 120 30 kravet
1617 1398 45 39 på
1679 1408 75 30 per-

255 1433 112 40 sonlig
395 1434 189 32 inställelse
611 1436 118 31 kunde
755 1438 161 31 medföra
944 1440 54 30 för
1026 1442 103 39 sjuka
1157 1444 65 29 och
1250 1445 124 38 gamla.
1404 1447 181 39 Därjämte
1614 1448 138 39 gjordes

255 1482 169 38 gällande,
450 1487 50 27 att
524 1485 138 40 många,
688 1496 75 21 som
787 1488 131 31 önskar
942 1491 140 30 utträda
1106 1501 41 21 ur
1171 1493 147 39 kyrkan,
1344 1495 46 40 på
1415 1497 111 38 grund
1550 1507 42 20 av
1616 1499 136 39 tröghet

254 1531 82 31 eller
356 1532 141 40 blyghet
518 1535 75 30 icke
615 1536 159 32 kommer
796 1538 51 40 sig
869 1539 56 30 för
945 1542 50 29 att
1015 1542 220 40 personligen
1256 1544 131 31 besöka
1408 1548 128 37 pastor.

297 1583 125 30 Första
442 1584 228 40 lagutskottet
687 1588 191 31 hänvisade
898 1590 11 29 i
929 1591 178 31 utlåtande
1132 1593 58 33 (nr
1210 1594 57 34 23)
1292 1596 81 28 över
1392 1596 221 31 motionerna
1631 1598 52 30 till
1704 1601 49 28 att

255 1632 124 40 frågan
405 1643 55 21 om
485 1635 179 32 formerna
689 1638 54 30 för
767 1640 167 30 anmälan
958 1650 55 21 om
1039 1643 137 30 utträde
1201 1653 42 20 ur
1268 1646 150 30 svenska
1442 1647 137 39 kyrkan
1603 1649 57 29 vid
1685 1649 67 30 till-

254 1683 163 31 komsten
445 1694 42 21 av
514 1687 396 42 religionsfrihetslagen
936 1701 61 20 var
1024 1692 146 31 föremål
1199 1694 55 30 för
1280 1696 170 39 ingående
1478 1699 274 39 överväganden.

253 1734 177 31 Utskottet
450 1737 154 30 uttalade
624 1738 118 31 vidare
761 1739 44 30 bl.
827 1749 29 21 a.
878 1743 61 33 att,
960 1742 102 31 såvitt
1082 1744 170 31 utskottet
1272 1746 89 30 hade
1382 1747 51 39 sig
1452 1747 140 36 bekant,
1612 1750 57 29 det
1690 1759 62 20 un-

251 1782 60 31 der
332 1785 68 29 den
420 1786 51 29 tid
492 1796 74 21 som
587 1787 154 32 förflutit
761 1789 89 31 efter
870 1791 412 43 religionsfrihetslagens
1302 1796 282 33 ikraftträdande
1604 1799 76 30 icke
1700 1800 50 30 fö-

252 1834 188 31 rekommit
458 1838 50 28 att
527 1837 42 30 de
589 1847 75 20 som
684 1840 131 29 anmält
836 1840 52 40 sig
907 1841 51 30 till
977 1844 138 29 utträde
1135 1853 41 20 ur
1194 1845 139 39 kyrkan
1351 1846 98 31 blivit
1468 1850 132 28 utsatta
1620 1849 54 30 för
1692 1851 59 38 på-

252 1885 228 40 tryckningar
503 1887 82 30 eller
610 1889 360 41 övertalningsförsök
993 1892 80 31 från
1096 1896 137 37 pastors
1258 1896 86 30 sida.
1369 1897 116 40 Enligt
1510 1908 42 20 av
1576 1899 174 31 stiftsche-

250 1934 102 31 ferna
375 1936 185 32 utfärdade
583 1939 151 30 direktiv
756 1940 222 33 beträffande
1000 1943 268 41 tillämpningen
1291 1956 42 20 av
1355 1948 395 42 religionsfrihetslagen

250 1985 62 30 bör
332 1989 130 36 pastor,
483 1988 45 30 då
546 1989 67 29 den
635 1999 75 20 som
729 1991 79 30 ville
829 1993 142 29 utträda
990 2002 42 21 ur
1053 1995 149 30 svenska
1222 1996 148 39 kyrkan,
1391 1998 45 39 på
1456 2000 113 38 grund
1591 2009 42 21 av
1653 2001 97 39 sjuk-

249 2034 82 30 dom
350 2035 83 31 eller
450 2037 67 40 hög
536 2038 97 31 ålder
650 2039 77 31 icke
744 2041 71 29 kan
833 2041 142 31 inställa
994 2043 50 40 sig
1063 2046 220 39 personligen
1301 2047 65 31 hos
1384 2051 129 37 pastor,
1534 2059 57 20 om
1610 2051 138 40 möjligt

251 2086 162 39 uppsöka
437 2088 269 31 vederbörande.
732 2091 77 30 Med
835 2092 139 40 hänsyn
998 2094 118 30 härtill
1143 2098 117 37 syntes
1286 2097 57 30 det
1369 2099 170 30 utskottet
1565 2102 51 28 att
1641 2101 108 40 några

250 2136 223 39 olägenheter
496 2138 10 29 i
530 2148 48 20 nu
602 2139 148 31 berörda
773 2141 62 30 fall
860 2142 76 31 icke
960 2143 148 32 behöver
1132 2147 216 38 uppkomma
1372 2156 123 32 genom
1520 2150 228 31 föreskriften

250 2188 50 28 att
324 2188 327 31 utträdesanmälan
675 2191 89 30 skall
789 2193 101 38 göras
915 2195 229 39 personligen.
1169 2197 74 29 Den
1268 2207 43 20 av
1335 2199 260 31 motionärerna
1619 2202 129 30 omför-

249 2237 119 30 mälda
390 2239 181 39 trögheten
596 2241 83 30 eller
703 2241 185 40 blygheten
912 2245 97 29 torde
1033 2246 107 39 enligt
1164 2247 189 31 utskottets
1378 2250 141 39 mening
1543 2251 10 29 i
1578 2252 41 29 de
1645 2252 103 30 flesta

249 2286 62 31 fall
332 2288 206 31 övervinnas
560 2299 43 21 av
622 2300 44 21 en
686 2292 157 40 allvarlig
863 2294 137 30 önskan
1020 2297 51 28 att
1091 2297 142 30 utträda
1252 2307 42 21 ur
1314 2299 148 39 kyrkan.
1483 2301 69 30 För
1571 2302 79 29 dem
1673 2312 74 20 som

249 2346 42 21 av
308 2340 198 39 personliga
522 2340 141 40 hänsyn
680 2342 52 30 till
749 2343 258 32 vederbörande
1025 2346 97 39 präst
1140 2347 82 30 drar
1240 2348 50 40 sig
1309 2349 56 30 för
1380 2352 52 28 att
1451 2352 139 29 anmäla
1609 2353 138 30 utträde

248 2389 98 29 torde
365 2389 57 30 det
439 2390 11 29 i
469 2390 150 31 flertalet
639 2391 61 31 fall
718 2393 75 30 icke
810 2402 86 22 vara
913 2404 42 20 av
973 2397 194 38 avgörande
1185 2398 186 39 betydelse,
1391 2409 55 21 om
1465 2402 165 29 anmälan
1648 2404 99 37 göres

247 2438 57 30 vid
323 2440 192 40 personligt
533 2440 108 32 besök
662 2442 82 31 eller
763 2443 209 41 skriftligen.
993 2446 127 32 Kravet
1139 2448 45 39 på
1204 2450 50 28 att
1274 2449 154 41 skriftlig
1449 2452 165 29 anmälan
1634 2453 112 30 skulle
