<?xml version="1.0" encoding="UTF-8"?>
<alto xmlns="http://www.loc.gov/standards/alto/ns-v3#" xmlns:xlink="http://www.w3.org/1999/xlink" xmlns:xsi="http://www.w3.org/2001/XMLSchema-instance" xsi:schemaLocation="http://www.loc.gov/standards/alto/ns-v3# http://www.loc.gov/alto/v3/alto-3-0.xsd">
	<Description>
		<MeasurementUnit>pixel</MeasurementUnit>
		<sourceImageInformation>
			<fileName>/tmp/tess_x_g1t6d0_input.PNG</fileName>
		</sourceImageInformation>
		<OCRProcessing ID="OCR_0">
			<ocrProcessingStep>
				<processingSoftware>
					<softwareName>tesseract 5.3.0</softwareName>
				</processingSoftware>
			</ocrProcessingStep>
		</OCRProcessing>
	</Description>
	<Layout>
		<Page WIDTH="1904" HEIGHT="2788" PHYSICAL_IMG_NR="0" ID="page_0">
			<PrintSpace HPOS="0" VPOS="0" WIDTH="1904" HEIGHT="2788">
				<ComposedBlock ID="cblock_0" HPOS="456" VPOS="142" WIDTH="1176" HEIGHT="31">
					<TextBlock ID="block_0" HPOS="456" VPOS="142" WIDTH="1176" HEIGHT="31">
						<TextLine ID="line_0" HPOS="456" VPOS="142" WIDTH="1176" HEIGHT="31">
							<String ID="string_0" HPOS="456" VPOS="143" WIDTH="389" HEIGHT="30" WC="0.87" CONTENT="sordbruksutskottets"/><SP WIDTH="19" VPOS="143" HPOS="845"/>
							<String ID="string_1" HPOS="864" VPOS="143" WIDTH="179" HEIGHT="29" WC="0.96" CONTENT="utlåtande"/><SP WIDTH="17" VPOS="143" HPOS="1043"/>
							<String ID="string_2" HPOS="1060" VPOS="152" WIDTH="43" HEIGHT="20" WC="0.96" CONTENT="nr"/><SP WIDTH="20" VPOS="152" HPOS="1103"/>
							<String ID="string_3" HPOS="1123" VPOS="143" WIDTH="39" HEIGHT="29" WC="0.96" CONTENT="10"/><SP WIDTH="17" VPOS="143" HPOS="1162"/>
							<String ID="string_4" HPOS="1179" VPOS="142" WIDTH="39" HEIGHT="30" WC="0.94" CONTENT="år"/><SP WIDTH="20" VPOS="142" HPOS="1218"/>
							<String ID="string_5" HPOS="1238" VPOS="143" WIDTH="82" HEIGHT="29" WC="0.96" CONTENT="1966"/><SP WIDTH="294" VPOS="143" HPOS="1320"/>
							<String ID="string_6" HPOS="1614" VPOS="143" WIDTH="18" HEIGHT="29" WC="0.94" CONTENT="7"/>
						</TextLine>
					</TextBlock>
				</ComposedBlock>
				<ComposedBlock ID="cblock_1" HPOS="148" VPOS="221" WIDTH="1488" HEIGHT="1220">
					<TextBlock ID="block_1" HPOS="148" VPOS="221" WIDTH="1488" HEIGHT="1220">
						<TextLine ID="line_1" HPOS="190" VPOS="221" WIDTH="1443" HEIGHT="42">
							<String ID="string_7" HPOS="190" VPOS="223" WIDTH="314" HEIGHT="40" WC="0.91" CONTENT="Slaktdjursavgift"/><SP WIDTH="25" VPOS="223" HPOS="504"/>
							<String ID="string_8" HPOS="529" VPOS="223" WIDTH="54" HEIGHT="29" WC="0.93" CONTENT="för"/><SP WIDTH="26" VPOS="223" HPOS="583"/>
							<String ID="string_9" HPOS="609" VPOS="223" WIDTH="217" HEIGHT="38" WC="0.90" CONTENT="storboskap,"/><SP WIDTH="26" VPOS="223" HPOS="826"/>
							<String ID="string_10" HPOS="852" VPOS="231" WIDTH="74" HEIGHT="21" WC="0.96" CONTENT="som"/><SP WIDTH="26" VPOS="231" HPOS="926"/>
							<String ID="string_11" HPOS="952" VPOS="222" WIDTH="65" HEIGHT="30" WC="0.95" CONTENT="har"/><SP WIDTH="24" VPOS="222" HPOS="1017"/>
							<String ID="string_12" HPOS="1041" VPOS="231" WIDTH="43" HEIGHT="21" WC="0.93" CONTENT="en"/><SP WIDTH="26" VPOS="231" HPOS="1084"/>
							<String ID="string_13" HPOS="1110" VPOS="222" WIDTH="166" HEIGHT="29" WC="0.91" CONTENT="slaktvikt"/><SP WIDTH="24" VPOS="222" HPOS="1276"/>
							<String ID="string_14" HPOS="1300" VPOS="231" WIDTH="42" HEIGHT="20" WC="0.96" CONTENT="av"/><SP WIDTH="24" VPOS="231" HPOS="1342"/>
							<String ID="string_15" HPOS="1366" VPOS="221" WIDTH="108" HEIGHT="29" WC="0.96" CONTENT="minst"/><SP WIDTH="28" VPOS="221" HPOS="1474"/>
							<String ID="string_16" HPOS="1502" VPOS="221" WIDTH="60" HEIGHT="29" WC="0.96" CONTENT="150"/><SP WIDTH="25" VPOS="221" HPOS="1562"/>
							<String ID="string_17" HPOS="1587" VPOS="221" WIDTH="46" HEIGHT="39" WC="0.96" CONTENT="kg"/>
						</TextLine>
						<TextLine ID="line_2" HPOS="148" VPOS="274" WIDTH="1485" HEIGHT="41">
							<String ID="string_18" HPOS="148" VPOS="277" WIDTH="91" HEIGHT="34" WC="0.96" CONTENT="eller,"/><SP WIDTH="21" VPOS="277" HPOS="239"/>
							<String ID="string_19" HPOS="260" VPOS="277" WIDTH="58" HEIGHT="30" WC="0.96" CONTENT="vid"/><SP WIDTH="20" VPOS="277" HPOS="318"/>
							<String ID="string_20" HPOS="338" VPOS="277" WIDTH="146" HEIGHT="29" WC="0.96" CONTENT="utförsel"/><SP WIDTH="21" VPOS="277" HPOS="484"/>
							<String ID="string_21" HPOS="505" VPOS="286" WIDTH="42" HEIGHT="20" WC="0.96" CONTENT="av"/><SP WIDTH="20" VPOS="286" HPOS="547"/>
							<String ID="string_22" HPOS="567" VPOS="276" WIDTH="144" HEIGHT="30" WC="0.96" CONTENT="levande"/><SP WIDTH="20" VPOS="276" HPOS="711"/>
							<String ID="string_23" HPOS="731" VPOS="276" WIDTH="93" HEIGHT="39" WC="0.96" CONTENT="djur,"/><SP WIDTH="21" VPOS="276" HPOS="824"/>
							<String ID="string_24" HPOS="845" VPOS="285" WIDTH="42" HEIGHT="20" WC="0.96" CONTENT="en"/><SP WIDTH="20" VPOS="285" HPOS="887"/>
							<String ID="string_25" HPOS="907" VPOS="276" WIDTH="75" HEIGHT="29" WC="0.96" CONTENT="vikt"/><SP WIDTH="20" VPOS="276" HPOS="982"/>
							<String ID="string_26" HPOS="1002" VPOS="285" WIDTH="43" HEIGHT="20" WC="0.96" CONTENT="av"/><SP WIDTH="19" VPOS="285" HPOS="1045"/>
							<String ID="string_27" HPOS="1064" VPOS="276" WIDTH="108" HEIGHT="29" WC="0.96" CONTENT="minst"/><SP WIDTH="21" VPOS="276" HPOS="1172"/>
							<String ID="string_28" HPOS="1193" VPOS="275" WIDTH="62" HEIGHT="30" WC="0.96" CONTENT="300"/><SP WIDTH="20" VPOS="275" HPOS="1255"/>
							<String ID="string_29" HPOS="1275" VPOS="275" WIDTH="55" HEIGHT="39" WC="0.96" CONTENT="kg,"/><SP WIDTH="22" VPOS="275" HPOS="1330"/>
							<String ID="string_30" HPOS="1352" VPOS="277" WIDTH="52" HEIGHT="27" WC="0.96" CONTENT="tas"/><SP WIDTH="21" VPOS="277" HPOS="1404"/>
							<String ID="string_31" HPOS="1425" VPOS="283" WIDTH="49" HEIGHT="21" WC="0.96" CONTENT="nu"/><SP WIDTH="21" VPOS="283" HPOS="1474"/>
							<String ID="string_32" HPOS="1495" VPOS="276" WIDTH="39" HEIGHT="27" WC="0.95" CONTENT="ut"/><SP WIDTH="20" VPOS="276" HPOS="1534"/>
							<String ID="string_33" HPOS="1554" VPOS="274" WIDTH="79" HEIGHT="30" WC="0.96" CONTENT="med"/>
						</TextLine>
						<TextLine ID="line_3" HPOS="148" VPOS="327" WIDTH="1486" HEIGHT="43">
							<String ID="string_34" HPOS="148" VPOS="331" WIDTH="41" HEIGHT="29" WC="0.96" CONTENT="60"/><SP WIDTH="18" VPOS="331" HPOS="189"/>
							<String ID="string_35" HPOS="207" VPOS="331" WIDTH="51" HEIGHT="29" WC="0.96" CONTENT="kr."/><SP WIDTH="19" VPOS="331" HPOS="258"/>
							<String ID="string_36" HPOS="277" VPOS="340" WIDTH="61" HEIGHT="30" WC="0.96" CONTENT="per"/><SP WIDTH="17" VPOS="340" HPOS="338"/>
							<String ID="string_37" HPOS="355" VPOS="331" WIDTH="83" HEIGHT="39" WC="0.96" CONTENT="djur"/><SP WIDTH="18" VPOS="331" HPOS="438"/>
							<String ID="string_38" HPOS="456" VPOS="332" WIDTH="98" HEIGHT="28" WC="0.96" CONTENT="utom"/><SP WIDTH="18" VPOS="332" HPOS="554"/>
							<String ID="string_39" HPOS="572" VPOS="330" WIDTH="11" HEIGHT="29" WC="0.96" CONTENT="i"/><SP WIDTH="17" VPOS="330" HPOS="583"/>
							<String ID="string_40" HPOS="600" VPOS="330" WIDTH="183" HEIGHT="29" WC="0.95" CONTENT="Norrland."/><SP WIDTH="19" VPOS="330" HPOS="783"/>
							<String ID="string_41" HPOS="802" VPOS="330" WIDTH="165" HEIGHT="39" WC="0.96" CONTENT="Beloppet"/><SP WIDTH="20" VPOS="330" HPOS="967"/>
							<String ID="string_42" HPOS="987" VPOS="330" WIDTH="38" HEIGHT="29" WC="0.96" CONTENT="är"/><SP WIDTH="18" VPOS="330" HPOS="1025"/>
							<String ID="string_43" HPOS="1043" VPOS="329" WIDTH="57" HEIGHT="30" WC="0.96" CONTENT="det"/><SP WIDTH="18" VPOS="329" HPOS="1100"/>
							<String ID="string_44" HPOS="1118" VPOS="329" WIDTH="123" HEIGHT="39" WC="0.96" CONTENT="högsta"/><SP WIDTH="18" VPOS="329" HPOS="1241"/>
							<String ID="string_45" HPOS="1259" VPOS="337" WIDTH="75" HEIGHT="21" WC="0.96" CONTENT="som"/><SP WIDTH="19" VPOS="337" HPOS="1334"/>
							<String ID="string_46" HPOS="1353" VPOS="328" WIDTH="55" HEIGHT="30" WC="0.96" CONTENT="får"/><SP WIDTH="17" VPOS="328" HPOS="1408"/>
							<String ID="string_47" HPOS="1425" VPOS="328" WIDTH="84" HEIGHT="39" WC="0.96" CONTENT="utgå"/><SP WIDTH="18" VPOS="328" HPOS="1509"/>
							<String ID="string_48" HPOS="1527" VPOS="327" WIDTH="107" HEIGHT="40" WC="0.96" CONTENT="enligt"/>
						</TextLine>
						<TextLine ID="line_4" HPOS="148" VPOS="382" WIDTH="1484" HEIGHT="41">
							<String ID="string_49" HPOS="148" VPOS="385" WIDTH="48" HEIGHT="36" WC="0.95" CONTENT="28"/><SP WIDTH="22" VPOS="385" HPOS="196"/>
							<String ID="string_50" HPOS="218" VPOS="384" WIDTH="250" HEIGHT="39" WC="0.96" CONTENT="förordningen"/><SP WIDTH="19" VPOS="384" HPOS="468"/>
							<String ID="string_51" HPOS="487" VPOS="384" WIDTH="67" HEIGHT="29" WC="0.96" CONTENT="den"/><SP WIDTH="20" VPOS="384" HPOS="554"/>
							<String ID="string_52" HPOS="574" VPOS="383" WIDTH="18" HEIGHT="30" WC="0.96" CONTENT="3"/><SP WIDTH="17" VPOS="383" HPOS="592"/>
							<String ID="string_53" HPOS="609" VPOS="384" WIDTH="81" HEIGHT="39" WC="0.96" CONTENT="juni"/><SP WIDTH="20" VPOS="384" HPOS="690"/>
							<String ID="string_54" HPOS="710" VPOS="383" WIDTH="82" HEIGHT="30" WC="0.95" CONTENT="1955"/><SP WIDTH="26" VPOS="383" HPOS="792"/>
							<String ID="string_55" HPOS="818" VPOS="382" WIDTH="58" HEIGHT="34" WC="0.96" CONTENT="(nr"/><SP WIDTH="19" VPOS="382" HPOS="876"/>
							<String ID="string_56" HPOS="895" VPOS="382" WIDTH="81" HEIGHT="34" WC="0.96" CONTENT="284)"/><SP WIDTH="24" VPOS="382" HPOS="976"/>
							<String ID="string_57" HPOS="1000" VPOS="383" WIDTH="178" HEIGHT="39" WC="0.93" CONTENT="angående"/><SP WIDTH="20" VPOS="383" HPOS="1178"/>
							<String ID="string_58" HPOS="1198" VPOS="382" WIDTH="305" HEIGHT="40" WC="0.92" CONTENT="slaktdjursavgift"/><SP WIDTH="19" VPOS="382" HPOS="1503"/>
							<String ID="string_59" HPOS="1522" VPOS="390" WIDTH="45" HEIGHT="20" WC="0.89" CONTENT="m."/><SP WIDTH="20" VPOS="390" HPOS="1567"/>
							<String ID="string_60" HPOS="1587" VPOS="391" WIDTH="45" HEIGHT="20" WC="0.91" CONTENT="m."/>
						</TextLine>
						<TextLine ID="line_5" HPOS="148" VPOS="435" WIDTH="1485" HEIGHT="42">
							<String ID="string_61" HPOS="148" VPOS="438" WIDTH="114" HEIGHT="39" WC="0.96" CONTENT="Enligt"/><SP WIDTH="21" VPOS="438" HPOS="262"/>
							<String ID="string_62" HPOS="283" VPOS="438" WIDTH="67" HEIGHT="29" WC="0.96" CONTENT="den"/><SP WIDTH="21" VPOS="438" HPOS="350"/>
							<String ID="string_63" HPOS="371" VPOS="447" WIDTH="47" HEIGHT="20" WC="0.96" CONTENT="nu"/><SP WIDTH="22" VPOS="447" HPOS="418"/>
							<String ID="string_64" HPOS="440" VPOS="437" WIDTH="236" HEIGHT="40" WC="0.95" CONTENT="föreliggande"/><SP WIDTH="21" VPOS="437" HPOS="676"/>
							<String ID="string_65" HPOS="697" VPOS="436" WIDTH="364" HEIGHT="30" WC="0.96" CONTENT="överenskommelsen"/><SP WIDTH="22" VPOS="436" HPOS="1061"/>
							<String ID="string_66" HPOS="1083" VPOS="436" WIDTH="89" HEIGHT="30" WC="0.96" CONTENT="skall"/><SP WIDTH="21" VPOS="436" HPOS="1172"/>
							<String ID="string_67" HPOS="1193" VPOS="436" WIDTH="148" HEIGHT="39" WC="0.93" CONTENT="angivna"/><SP WIDTH="22" VPOS="436" HPOS="1341"/>
							<String ID="string_68" HPOS="1363" VPOS="435" WIDTH="270" HEIGHT="40" WC="0.92" CONTENT="maximibelopp"/>
						</TextLine>
						<TextLine ID="line_6" HPOS="148" VPOS="489" WIDTH="1485" HEIGHT="42">
							<String ID="string_69" HPOS="148" VPOS="492" WIDTH="101" HEIGHT="39" WC="0.96" CONTENT="höjas"/><SP WIDTH="18" VPOS="492" HPOS="249"/>
							<String ID="string_70" HPOS="267" VPOS="492" WIDTH="52" HEIGHT="29" WC="0.96" CONTENT="till"/><SP WIDTH="18" VPOS="492" HPOS="319"/>
							<String ID="string_71" HPOS="337" VPOS="491" WIDTH="40" HEIGHT="30" WC="0.96" CONTENT="80"/><SP WIDTH="18" VPOS="491" HPOS="377"/>
							<String ID="string_72" HPOS="395" VPOS="492" WIDTH="52" HEIGHT="28" WC="0.96" CONTENT="kr."/><SP WIDTH="17" VPOS="492" HPOS="447"/>
							<String ID="string_73" HPOS="464" VPOS="492" WIDTH="69" HEIGHT="29" WC="0.96" CONTENT="För"/><SP WIDTH="17" VPOS="492" HPOS="533"/>
							<String ID="string_74" HPOS="550" VPOS="491" WIDTH="73" HEIGHT="29" WC="0.96" CONTENT="min"/><SP WIDTH="18" VPOS="491" HPOS="623"/>
							<String ID="string_75" HPOS="641" VPOS="491" WIDTH="53" HEIGHT="29" WC="0.96" CONTENT="del"/><SP WIDTH="18" VPOS="491" HPOS="694"/>
							<String ID="string_76" HPOS="712" VPOS="491" WIDTH="60" HEIGHT="29" WC="0.95" CONTENT="vill"/><SP WIDTH="17" VPOS="491" HPOS="772"/>
							<String ID="string_77" HPOS="789" VPOS="491" WIDTH="59" HEIGHT="39" WC="0.96" CONTENT="jag"/><SP WIDTH="17" VPOS="491" HPOS="848"/>
							<String ID="string_78" HPOS="865" VPOS="491" WIDTH="116" HEIGHT="29" WC="0.96" CONTENT="erinra"/><SP WIDTH="17" VPOS="491" HPOS="981"/>
							<String ID="string_79" HPOS="998" VPOS="499" WIDTH="58" HEIGHT="20" WC="0.96" CONTENT="om"/><SP WIDTH="17" VPOS="499" HPOS="1056"/>
							<String ID="string_80" HPOS="1073" VPOS="492" WIDTH="50" HEIGHT="28" WC="0.96" CONTENT="att"/><SP WIDTH="17" VPOS="492" HPOS="1123"/>
							<String ID="string_81" HPOS="1140" VPOS="490" WIDTH="266" HEIGHT="39" WC="0.93" CONTENT="ifrågavarande"/><SP WIDTH="18" VPOS="490" HPOS="1406"/>
							<String ID="string_82" HPOS="1424" VPOS="489" WIDTH="209" HEIGHT="39" WC="0.90" CONTENT="slaktdjurs-"/>
						</TextLine>
						<TextLine ID="line_7" HPOS="148" VPOS="543" WIDTH="1486" HEIGHT="41">
							<String ID="string_83" HPOS="148" VPOS="545" WIDTH="117" HEIGHT="39" WC="0.96" CONTENT="avgift,"/><SP WIDTH="24" VPOS="545" HPOS="265"/>
							<String ID="string_84" HPOS="289" VPOS="554" WIDTH="76" HEIGHT="21" WC="0.96" CONTENT="som"/><SP WIDTH="20" VPOS="554" HPOS="365"/>
							<String ID="string_85" HPOS="385" VPOS="546" WIDTH="11" HEIGHT="28" WC="0.96" CONTENT="i"/><SP WIDTH="23" VPOS="546" HPOS="396"/>
							<String ID="string_86" HPOS="419" VPOS="545" WIDTH="112" HEIGHT="30" WC="0.96" CONTENT="första"/><SP WIDTH="21" VPOS="545" HPOS="531"/>
							<String ID="string_87" HPOS="552" VPOS="545" WIDTH="94" HEIGHT="29" WC="0.96" CONTENT="hand"/><SP WIDTH="22" VPOS="545" HPOS="646"/>
							<String ID="string_88" HPOS="668" VPOS="544" WIDTH="152" HEIGHT="30" WC="0.96" CONTENT="belastar"/><SP WIDTH="21" VPOS="544" HPOS="820"/>
							<String ID="string_89" HPOS="841" VPOS="545" WIDTH="280" HEIGHT="38" WC="0.96" CONTENT="producenterna"/><SP WIDTH="22" VPOS="545" HPOS="1121"/>
							<String ID="string_90" HPOS="1143" VPOS="551" WIDTH="124" HEIGHT="32" WC="0.95" CONTENT="genom"/><SP WIDTH="22" VPOS="551" HPOS="1267"/>
							<String ID="string_91" HPOS="1289" VPOS="545" WIDTH="49" HEIGHT="28" WC="0.95" CONTENT="att"/><SP WIDTH="22" VPOS="545" HPOS="1338"/>
							<String ID="string_92" HPOS="1360" VPOS="544" WIDTH="66" HEIGHT="29" WC="0.96" CONTENT="den"/><SP WIDTH="24" VPOS="544" HPOS="1426"/>
							<String ID="string_93" HPOS="1450" VPOS="543" WIDTH="81" HEIGHT="29" WC="0.96" CONTENT="dras"/><SP WIDTH="23" VPOS="543" HPOS="1531"/>
							<String ID="string_94" HPOS="1554" VPOS="543" WIDTH="80" HEIGHT="29" WC="0.96" CONTENT="från"/>
						</TextLine>
						<TextLine ID="line_8" HPOS="148" VPOS="596" WIDTH="1486" HEIGHT="42">
							<String ID="string_95" HPOS="148" VPOS="599" WIDTH="382" HEIGHT="39" WC="0.91" CONTENT="avräkningspriserna,"/><SP WIDTH="25" VPOS="599" HPOS="530"/>
							<String ID="string_96" HPOS="555" VPOS="598" WIDTH="94" HEIGHT="40" WC="0.96" CONTENT="höjts"/><SP WIDTH="24" VPOS="598" HPOS="649"/>
							<String ID="string_97" HPOS="673" VPOS="598" WIDTH="138" HEIGHT="30" WC="0.96" CONTENT="relativt"/><SP WIDTH="22" VPOS="598" HPOS="811"/>
							<String ID="string_98" HPOS="833" VPOS="597" WIDTH="147" HEIGHT="40" WC="0.96" CONTENT="kraftigt"/><SP WIDTH="22" VPOS="597" HPOS="980"/>
							<String ID="string_99" HPOS="1002" VPOS="598" WIDTH="112" HEIGHT="29" WC="0.96" CONTENT="under"/><SP WIDTH="23" VPOS="598" HPOS="1114"/>
							<String ID="string_100" HPOS="1137" VPOS="598" WIDTH="42" HEIGHT="29" WC="0.96" CONTENT="de"/><SP WIDTH="24" VPOS="598" HPOS="1179"/>
							<String ID="string_101" HPOS="1203" VPOS="599" WIDTH="135" HEIGHT="28" WC="0.96" CONTENT="senaste"/><SP WIDTH="24" VPOS="599" HPOS="1338"/>
							<String ID="string_102" HPOS="1362" VPOS="597" WIDTH="93" HEIGHT="29" WC="0.96" CONTENT="åren."/><SP WIDTH="26" VPOS="597" HPOS="1455"/>
							<String ID="string_103" HPOS="1481" VPOS="596" WIDTH="153" HEIGHT="30" WC="0.96" CONTENT="Sålunda"/>
						</TextLine>
						<TextLine ID="line_9" HPOS="149" VPOS="650" WIDTH="1485" HEIGHT="41">
							<String ID="string_104" HPOS="149" VPOS="661" WIDTH="59" HEIGHT="20" WC="0.93" CONTENT="var"/><SP WIDTH="20" VPOS="661" HPOS="208"/>
							<String ID="string_105" HPOS="228" VPOS="652" WIDTH="300" HEIGHT="39" WC="0.91" CONTENT="maximiavgiften"/><SP WIDTH="20" VPOS="652" HPOS="528"/>
							<String ID="string_106" HPOS="548" VPOS="651" WIDTH="55" HEIGHT="30" WC="0.96" CONTENT="för"/><SP WIDTH="19" VPOS="651" HPOS="603"/>
							<String ID="string_107" HPOS="622" VPOS="652" WIDTH="95" HEIGHT="29" WC="0.96" CONTENT="tiden"/><SP WIDTH="20" VPOS="652" HPOS="717"/>
							<String ID="string_108" HPOS="737" VPOS="652" WIDTH="67" HEIGHT="29" WC="0.96" CONTENT="den"/><SP WIDTH="24" VPOS="652" HPOS="804"/>
							<String ID="string_109" HPOS="828" VPOS="652" WIDTH="13" HEIGHT="28" WC="0.95" CONTENT="1"/><SP WIDTH="21" VPOS="652" HPOS="841"/>
							<String ID="string_110" HPOS="862" VPOS="652" WIDTH="67" HEIGHT="38" WC="0.91" CONTENT="juli"/><SP WIDTH="24" VPOS="652" HPOS="929"/>
							<String ID="string_111" HPOS="953" VPOS="651" WIDTH="197" HEIGHT="29" WC="0.25" CONTENT="1959-—den"/><SP WIDTH="20" VPOS="651" HPOS="1150"/>
							<String ID="string_112" HPOS="1170" VPOS="651" WIDTH="40" HEIGHT="29" WC="0.96" CONTENT="30"/><SP WIDTH="19" VPOS="651" HPOS="1210"/>
							<String ID="string_113" HPOS="1229" VPOS="651" WIDTH="79" HEIGHT="39" WC="0.96" CONTENT="juni"/><SP WIDTH="23" VPOS="651" HPOS="1308"/>
							<String ID="string_114" HPOS="1331" VPOS="650" WIDTH="82" HEIGHT="30" WC="0.96" CONTENT="1963"/><SP WIDTH="22" VPOS="650" HPOS="1413"/>
							<String ID="string_115" HPOS="1435" VPOS="650" WIDTH="41" HEIGHT="30" WC="0.96" CONTENT="30"/><SP WIDTH="20" VPOS="650" HPOS="1476"/>
							<String ID="string_116" HPOS="1496" VPOS="651" WIDTH="51" HEIGHT="28" WC="0.95" CONTENT="kr."/><SP WIDTH="23" VPOS="651" HPOS="1547"/>
							<String ID="string_117" HPOS="1570" VPOS="650" WIDTH="64" HEIGHT="30" WC="0.96" CONTENT="och"/>
						</TextLine>
						<TextLine ID="line_10" HPOS="149" VPOS="703" WIDTH="1485" HEIGHT="42">
							<String ID="string_118" HPOS="149" VPOS="706" WIDTH="55" HEIGHT="29" WC="0.96" CONTENT="för"/><SP WIDTH="15" VPOS="706" HPOS="204"/>
							<String ID="string_119" HPOS="219" VPOS="706" WIDTH="95" HEIGHT="29" WC="0.96" CONTENT="tiden"/><SP WIDTH="17" VPOS="706" HPOS="314"/>
							<String ID="string_120" HPOS="331" VPOS="706" WIDTH="67" HEIGHT="29" WC="0.96" CONTENT="den"/><SP WIDTH="20" VPOS="706" HPOS="398"/>
							<String ID="string_121" HPOS="418" VPOS="706" WIDTH="14" HEIGHT="28" WC="0.95" CONTENT="1"/><SP WIDTH="18" VPOS="706" HPOS="432"/>
							<String ID="string_122" HPOS="450" VPOS="706" WIDTH="67" HEIGHT="39" WC="0.92" CONTENT="juli"/><SP WIDTH="21" VPOS="706" HPOS="517"/>
							<String ID="string_123" HPOS="538" VPOS="705" WIDTH="195" HEIGHT="30" WC="0.90" CONTENT="1963—den"/><SP WIDTH="19" VPOS="705" HPOS="733"/>
							<String ID="string_124" HPOS="752" VPOS="705" WIDTH="38" HEIGHT="29" WC="0.96" CONTENT="31"/><SP WIDTH="20" VPOS="705" HPOS="790"/>
							<String ID="string_125" HPOS="810" VPOS="705" WIDTH="181" HEIGHT="29" WC="0.96" CONTENT="december"/><SP WIDTH="19" VPOS="705" HPOS="991"/>
							<String ID="string_126" HPOS="1010" VPOS="704" WIDTH="84" HEIGHT="30" WC="0.96" CONTENT="1964"/><SP WIDTH="17" VPOS="704" HPOS="1094"/>
							<String ID="string_127" HPOS="1111" VPOS="704" WIDTH="41" HEIGHT="30" WC="0.96" CONTENT="40"/><SP WIDTH="17" VPOS="704" HPOS="1152"/>
							<String ID="string_128" HPOS="1169" VPOS="705" WIDTH="52" HEIGHT="28" WC="0.93" CONTENT="kr."/><SP WIDTH="18" VPOS="705" HPOS="1221"/>
							<String ID="string_129" HPOS="1239" VPOS="703" WIDTH="26" HEIGHT="30" WC="0.86" CONTENT="Å"/><SP WIDTH="17" VPOS="703" HPOS="1265"/>
							<String ID="string_130" HPOS="1282" VPOS="704" WIDTH="110" HEIGHT="29" WC="0.95" CONTENT="andra"/><SP WIDTH="18" VPOS="704" HPOS="1392"/>
							<String ID="string_131" HPOS="1410" VPOS="704" WIDTH="100" HEIGHT="29" WC="0.92" CONTENT="sidan"/><SP WIDTH="18" VPOS="704" HPOS="1510"/>
							<String ID="string_132" HPOS="1528" VPOS="703" WIDTH="106" HEIGHT="30" WC="0.92" CONTENT="fram-"/>
						</TextLine>
						<TextLine ID="line_11" HPOS="148" VPOS="758" WIDTH="1487" HEIGHT="41">
							<String ID="string_133" HPOS="148" VPOS="759" WIDTH="60" HEIGHT="40" WC="0.96" CONTENT="går"/><SP WIDTH="28" VPOS="759" HPOS="208"/>
							<String ID="string_134" HPOS="236" VPOS="769" WIDTH="42" HEIGHT="20" WC="0.93" CONTENT="av"/><SP WIDTH="26" VPOS="769" HPOS="278"/>
							<String ID="string_135" HPOS="304" VPOS="759" WIDTH="389" HEIGHT="40" WC="0.91" CONTENT="jordbruksnämndens"/><SP WIDTH="31" VPOS="759" HPOS="693"/>
							<String ID="string_136" HPOS="724" VPOS="759" WIDTH="165" HEIGHT="29" WC="0.96" CONTENT="skrivelse"/><SP WIDTH="29" VPOS="759" HPOS="889"/>
							<String ID="string_137" HPOS="918" VPOS="760" WIDTH="51" HEIGHT="28" WC="0.96" CONTENT="att"/><SP WIDTH="29" VPOS="760" HPOS="969"/>
							<String ID="string_138" HPOS="998" VPOS="758" WIDTH="106" HEIGHT="39" WC="0.96" CONTENT="enligt"/><SP WIDTH="28" VPOS="758" HPOS="1104"/>
							<String ID="string_139" HPOS="1132" VPOS="758" WIDTH="213" HEIGHT="39" WC="0.96" CONTENT="tillgängliga"/><SP WIDTH="28" VPOS="758" HPOS="1345"/>
							<String ID="string_140" HPOS="1373" VPOS="765" WIDTH="191" HEIGHT="32" WC="0.96" CONTENT="prognoser"/><SP WIDTH="28" VPOS="765" HPOS="1564"/>
							<String ID="string_141" HPOS="1592" VPOS="766" WIDTH="43" HEIGHT="20" WC="0.96" CONTENT="en"/>
						</TextLine>
						<TextLine ID="line_12" HPOS="148" VPOS="811" WIDTH="1487" HEIGHT="41">
							<String ID="string_142" HPOS="148" VPOS="813" WIDTH="194" HEIGHT="39" WC="0.96" CONTENT="betydande"/><SP WIDTH="23" VPOS="813" HPOS="342"/>
							<String ID="string_143" HPOS="365" VPOS="815" WIDTH="122" HEIGHT="37" WC="0.96" CONTENT="export"/><SP WIDTH="22" VPOS="815" HPOS="487"/>
							<String ID="string_144" HPOS="509" VPOS="822" WIDTH="42" HEIGHT="20" WC="0.96" CONTENT="av"/><SP WIDTH="23" VPOS="822" HPOS="551"/>
							<String ID="string_145" HPOS="574" VPOS="813" WIDTH="138" HEIGHT="29" WC="0.96" CONTENT="nötkött"/><SP WIDTH="22" VPOS="813" HPOS="712"/>
							<String ID="string_146" HPOS="734" VPOS="813" WIDTH="70" HEIGHT="29" WC="0.96" CONTENT="kan"/><SP WIDTH="23" VPOS="813" HPOS="804"/>
							<String ID="string_147" HPOS="827" VPOS="813" WIDTH="123" HEIGHT="29" WC="0.96" CONTENT="väntas"/><SP WIDTH="24" VPOS="813" HPOS="950"/>
							<String ID="string_148" HPOS="974" VPOS="811" WIDTH="47" HEIGHT="30" WC="0.96" CONTENT="bli"/><SP WIDTH="23" VPOS="811" HPOS="1021"/>
							<String ID="string_149" HPOS="1044" VPOS="811" WIDTH="204" HEIGHT="40" WC="0.96" CONTENT="erforderlig"/><SP WIDTH="23" VPOS="811" HPOS="1248"/>
							<String ID="string_150" HPOS="1271" VPOS="812" WIDTH="112" HEIGHT="29" WC="0.96" CONTENT="under"/><SP WIDTH="22" VPOS="812" HPOS="1383"/>
							<String ID="string_151" HPOS="1405" VPOS="812" WIDTH="103" HEIGHT="29" WC="0.93" CONTENT="nästa"/><SP WIDTH="21" VPOS="812" HPOS="1508"/>
							<String ID="string_152" HPOS="1529" VPOS="811" WIDTH="106" HEIGHT="39" WC="0.92" CONTENT="regle-"/>
						</TextLine>
						<TextLine ID="line_13" HPOS="148" VPOS="864" WIDTH="1487" HEIGHT="42">
							<String ID="string_153" HPOS="148" VPOS="867" WIDTH="136" HEIGHT="39" WC="0.92" CONTENT="ringsår"/><SP WIDTH="20" VPOS="867" HPOS="284"/>
							<String ID="string_154" HPOS="304" VPOS="867" WIDTH="65" HEIGHT="29" WC="0.96" CONTENT="och"/><SP WIDTH="20" VPOS="867" HPOS="369"/>
							<String ID="string_155" HPOS="389" VPOS="868" WIDTH="50" HEIGHT="28" WC="0.96" CONTENT="att"/><SP WIDTH="21" VPOS="868" HPOS="439"/>
							<String ID="string_156" HPOS="460" VPOS="867" WIDTH="41" HEIGHT="29" WC="0.96" CONTENT="de"/><SP WIDTH="21" VPOS="867" HPOS="501"/>
							<String ID="string_157" HPOS="522" VPOS="867" WIDTH="122" HEIGHT="33" WC="0.95" CONTENT="medel,"/><SP WIDTH="22" VPOS="867" HPOS="644"/>
							<String ID="string_158" HPOS="666" VPOS="875" WIDTH="76" HEIGHT="20" WC="0.93" CONTENT="som"/><SP WIDTH="19" VPOS="875" HPOS="742"/>
							<String ID="string_159" HPOS="761" VPOS="865" WIDTH="143" HEIGHT="40" WC="0.92" CONTENT="inflyter"/><SP WIDTH="22" VPOS="865" HPOS="904"/>
							<String ID="string_160" HPOS="926" VPOS="873" WIDTH="125" HEIGHT="32" WC="0.96" CONTENT="genom"/><SP WIDTH="20" VPOS="873" HPOS="1051"/>
							<String ID="string_161" HPOS="1071" VPOS="865" WIDTH="201" HEIGHT="30" WC="0.96" CONTENT="nuvarande"/><SP WIDTH="21" VPOS="865" HPOS="1272"/>
							<String ID="string_162" HPOS="1293" VPOS="864" WIDTH="117" HEIGHT="40" WC="0.95" CONTENT="avgift,"/><SP WIDTH="23" VPOS="864" HPOS="1410"/>
							<String ID="string_163" HPOS="1433" VPOS="865" WIDTH="44" HEIGHT="29" WC="0.96" CONTENT="då"/><SP WIDTH="20" VPOS="865" HPOS="1477"/>
							<String ID="string_164" HPOS="1497" VPOS="865" WIDTH="70" HEIGHT="29" WC="0.96" CONTENT="kan"/><SP WIDTH="20" VPOS="865" HPOS="1567"/>
							<String ID="string_165" HPOS="1587" VPOS="865" WIDTH="48" HEIGHT="29" WC="0.96" CONTENT="bli"/>
						</TextLine>
						<TextLine ID="line_14" HPOS="148" VPOS="918" WIDTH="1487" HEIGHT="42">
							<String ID="string_166" HPOS="148" VPOS="920" WIDTH="231" HEIGHT="40" WC="0.96" CONTENT="otillräckliga"/><SP WIDTH="26" VPOS="920" HPOS="379"/>
							<String ID="string_167" HPOS="405" VPOS="920" WIDTH="55" HEIGHT="30" WC="0.96" CONTENT="för"/><SP WIDTH="26" VPOS="920" HPOS="460"/>
							<String ID="string_168" HPOS="486" VPOS="922" WIDTH="51" HEIGHT="27" WC="0.96" CONTENT="att"/><SP WIDTH="25" VPOS="922" HPOS="537"/>
							<String ID="string_169" HPOS="562" VPOS="920" WIDTH="103" HEIGHT="29" WC="0.93" CONTENT="täcka"/><SP WIDTH="26" VPOS="920" HPOS="665"/>
							<String ID="string_170" HPOS="691" VPOS="919" WIDTH="347" HEIGHT="40" WC="0.90" CONTENT="exportförlusterna."/><SP WIDTH="28" VPOS="919" HPOS="1038"/>
							<String ID="string_171" HPOS="1066" VPOS="919" WIDTH="65" HEIGHT="39" WC="0.96" CONTENT="Jag"/><SP WIDTH="25" VPOS="919" HPOS="1131"/>
							<String ID="string_172" HPOS="1156" VPOS="919" WIDTH="64" HEIGHT="29" WC="0.96" CONTENT="har"/><SP WIDTH="26" VPOS="919" HPOS="1220"/>
							<String ID="string_173" HPOS="1246" VPOS="919" WIDTH="80" HEIGHT="29" WC="0.95" CONTENT="med"/><SP WIDTH="25" VPOS="919" HPOS="1326"/>
							<String ID="string_174" HPOS="1351" VPOS="919" WIDTH="138" HEIGHT="39" WC="0.95" CONTENT="hänsyn"/><SP WIDTH="27" VPOS="919" HPOS="1489"/>
							<String ID="string_175" HPOS="1516" VPOS="918" WIDTH="119" HEIGHT="30" WC="0.95" CONTENT="härtill"/>
						</TextLine>
						<TextLine ID="line_15" HPOS="149" VPOS="972" WIDTH="1486" HEIGHT="40">
							<String ID="string_176" HPOS="149" VPOS="975" WIDTH="141" HEIGHT="28" WC="0.95" CONTENT="stannat"/><SP WIDTH="21" VPOS="975" HPOS="290"/>
							<String ID="string_177" HPOS="311" VPOS="973" WIDTH="55" HEIGHT="31" WC="0.96" CONTENT="för"/><SP WIDTH="20" VPOS="973" HPOS="366"/>
							<String ID="string_178" HPOS="386" VPOS="975" WIDTH="51" HEIGHT="28" WC="0.96" CONTENT="att"/><SP WIDTH="20" VPOS="975" HPOS="437"/>
							<String ID="string_179" HPOS="457" VPOS="973" WIDTH="129" HEIGHT="30" WC="0.96" CONTENT="föreslå"/><SP WIDTH="21" VPOS="973" HPOS="586"/>
							<String ID="string_180" HPOS="607" VPOS="973" WIDTH="125" HEIGHT="39" WC="0.94" CONTENT="Kungl."/><SP WIDTH="22" VPOS="973" HPOS="732"/>
							<String ID="string_181" HPOS="754" VPOS="973" WIDTH="107" HEIGHT="39" WC="0.96" CONTENT="Maj:t"/><SP WIDTH="20" VPOS="973" HPOS="861"/>
							<String ID="string_182" HPOS="881" VPOS="974" WIDTH="50" HEIGHT="28" WC="0.96" CONTENT="att"/><SP WIDTH="21" VPOS="974" HPOS="931"/>
							<String ID="string_183" HPOS="952" VPOS="972" WIDTH="159" HEIGHT="30" WC="0.96" CONTENT="inhämta"/><SP WIDTH="21" VPOS="972" HPOS="1111"/>
							<String ID="string_184" HPOS="1132" VPOS="972" WIDTH="204" HEIGHT="39" WC="0.96" CONTENT="riksdagens"/><SP WIDTH="21" VPOS="972" HPOS="1336"/>
							<String ID="string_185" HPOS="1357" VPOS="972" WIDTH="278" HEIGHT="39" WC="0.96" CONTENT="bemyndigande"/>
						</TextLine>
						<TextLine ID="line_16" HPOS="149" VPOS="1025" WIDTH="1486" HEIGHT="41">
							<String ID="string_186" HPOS="149" VPOS="1029" WIDTH="50" HEIGHT="28" WC="0.96" CONTENT="att"/><SP WIDTH="17" VPOS="1029" HPOS="199"/>
							<String ID="string_187" HPOS="216" VPOS="1027" WIDTH="96" HEIGHT="30" WC="0.96" CONTENT="vidta"/><SP WIDTH="19" VPOS="1027" HPOS="312"/>
							<String ID="string_188" HPOS="331" VPOS="1027" WIDTH="41" HEIGHT="30" WC="0.97" CONTENT="de"/><SP WIDTH="20" VPOS="1027" HPOS="372"/>
							<String ID="string_189" HPOS="392" VPOS="1027" WIDTH="190" HEIGHT="39" WC="0.96" CONTENT="ändringar"/><SP WIDTH="18" VPOS="1027" HPOS="582"/>
							<String ID="string_190" HPOS="600" VPOS="1027" WIDTH="12" HEIGHT="29" WC="0.93" CONTENT="i"/><SP WIDTH="19" VPOS="1027" HPOS="612"/>
							<String ID="string_191" HPOS="631" VPOS="1026" WIDTH="234" HEIGHT="30" WC="0.92" CONTENT="omförmälda"/><SP WIDTH="20" VPOS="1026" HPOS="865"/>
							<String ID="string_192" HPOS="885" VPOS="1026" WIDTH="207" HEIGHT="39" WC="0.96" CONTENT="förordning"/><SP WIDTH="20" VPOS="1026" HPOS="1092"/>
							<String ID="string_193" HPOS="1112" VPOS="1035" WIDTH="75" HEIGHT="20" WC="0.96" CONTENT="som"/><SP WIDTH="19" VPOS="1035" HPOS="1187"/>
							<String ID="string_194" HPOS="1206" VPOS="1026" WIDTH="176" HEIGHT="29" WC="0.96" CONTENT="erfordras"/><SP WIDTH="21" VPOS="1026" HPOS="1382"/>
							<String ID="string_195" HPOS="1403" VPOS="1025" WIDTH="56" HEIGHT="29" WC="0.96" CONTENT="för"/><SP WIDTH="19" VPOS="1025" HPOS="1459"/>
							<String ID="string_196" HPOS="1478" VPOS="1027" WIDTH="50" HEIGHT="28" WC="0.92" CONTENT="att"/><SP WIDTH="18" VPOS="1027" HPOS="1528"/>
							<String ID="string_197" HPOS="1546" VPOS="1026" WIDTH="89" HEIGHT="29" WC="0.92" CONTENT="kun-"/>
						</TextLine>
						<TextLine ID="line_17" HPOS="148" VPOS="1079" WIDTH="1487" HEIGHT="41">
							<String ID="string_198" HPOS="148" VPOS="1090" WIDTH="45" HEIGHT="20" WC="0.96" CONTENT="na"/><SP WIDTH="24" VPOS="1090" HPOS="193"/>
							<String ID="string_199" HPOS="217" VPOS="1081" WIDTH="203" HEIGHT="39" WC="0.96" CONTENT="genomföra"/><SP WIDTH="25" VPOS="1081" HPOS="420"/>
							<String ID="string_200" HPOS="445" VPOS="1081" WIDTH="67" HEIGHT="29" WC="0.95" CONTENT="den"/><SP WIDTH="23" VPOS="1081" HPOS="512"/>
							<String ID="string_201" HPOS="535" VPOS="1089" WIDTH="49" HEIGHT="20" WC="0.95" CONTENT="nu"/><SP WIDTH="24" VPOS="1089" HPOS="584"/>
							<String ID="string_202" HPOS="608" VPOS="1080" WIDTH="276" HEIGHT="30" WC="0.96" CONTENT="överenskomna"/><SP WIDTH="24" VPOS="1080" HPOS="884"/>
							<String ID="string_203" HPOS="908" VPOS="1079" WIDTH="204" HEIGHT="40" WC="0.96" CONTENT="höjningen."/><SP WIDTH="25" VPOS="1079" HPOS="1112"/>
							<String ID="string_204" HPOS="1137" VPOS="1079" WIDTH="64" HEIGHT="40" WC="0.96" CONTENT="Jag"/><SP WIDTH="23" VPOS="1079" HPOS="1201"/>
							<String ID="string_205" HPOS="1224" VPOS="1079" WIDTH="59" HEIGHT="29" WC="0.96" CONTENT="vill"/><SP WIDTH="25" VPOS="1079" HPOS="1283"/>
							<String ID="string_206" HPOS="1308" VPOS="1079" WIDTH="89" HEIGHT="29" WC="0.96" CONTENT="dock"/><SP WIDTH="24" VPOS="1079" HPOS="1397"/>
							<String ID="string_207" HPOS="1421" VPOS="1079" WIDTH="141" HEIGHT="29" WC="0.96" CONTENT="anmäla"/><SP WIDTH="23" VPOS="1079" HPOS="1562"/>
							<String ID="string_208" HPOS="1585" VPOS="1080" WIDTH="50" HEIGHT="28" WC="0.96" CONTENT="att"/>
						</TextLine>
						<TextLine ID="line_18" HPOS="148" VPOS="1132" WIDTH="1487" HEIGHT="42">
							<String ID="string_209" HPOS="148" VPOS="1135" WIDTH="59" HEIGHT="39" WC="0.93" CONTENT="jag"/><SP WIDTH="17" VPOS="1135" HPOS="207"/>
							<String ID="string_210" HPOS="224" VPOS="1152" WIDTH="44" HEIGHT="3" WC="0.93" CONTENT="—"/><SP WIDTH="18" VPOS="1152" HPOS="268"/>
							<String ID="string_211" HPOS="286" VPOS="1143" WIDTH="57" HEIGHT="20" WC="0.96" CONTENT="om"/><SP WIDTH="17" VPOS="1143" HPOS="343"/>
							<String ID="string_212" HPOS="360" VPOS="1134" WIDTH="188" HEIGHT="39" WC="0.96" CONTENT="riksdagen"/><SP WIDTH="19" VPOS="1134" HPOS="548"/>
							<String ID="string_213" HPOS="567" VPOS="1133" WIDTH="138" HEIGHT="30" WC="0.96" CONTENT="bifaller"/><SP WIDTH="17" VPOS="1133" HPOS="705"/>
							<String ID="string_214" HPOS="722" VPOS="1134" WIDTH="67" HEIGHT="29" WC="0.96" CONTENT="vad"/><SP WIDTH="18" VPOS="1134" HPOS="789"/>
							<String ID="string_215" HPOS="807" VPOS="1133" WIDTH="60" HEIGHT="39" WC="0.96" CONTENT="jag"/><SP WIDTH="18" VPOS="1133" HPOS="867"/>
							<String ID="string_216" HPOS="885" VPOS="1133" WIDTH="157" HEIGHT="30" WC="0.93" CONTENT="förordat"/><SP WIDTH="18" VPOS="1133" HPOS="1042"/>
							<String ID="string_217" HPOS="1060" VPOS="1151" WIDTH="44" HEIGHT="3" WC="0.92" CONTENT="—"/><SP WIDTH="18" VPOS="1151" HPOS="1104"/>
							<String ID="string_218" HPOS="1122" VPOS="1133" WIDTH="30" HEIGHT="39" WC="0.96" CONTENT="ej"/><SP WIDTH="22" VPOS="1133" HPOS="1152"/>
							<String ID="string_219" HPOS="1174" VPOS="1141" WIDTH="98" HEIGHT="21" WC="0.96" CONTENT="avser"/><SP WIDTH="19" VPOS="1141" HPOS="1272"/>
							<String ID="string_220" HPOS="1291" VPOS="1135" WIDTH="51" HEIGHT="27" WC="0.96" CONTENT="att"/><SP WIDTH="19" VPOS="1135" HPOS="1342"/>
							<String ID="string_221" HPOS="1361" VPOS="1132" WIDTH="130" HEIGHT="30" WC="0.96" CONTENT="föreslå"/><SP WIDTH="19" VPOS="1132" HPOS="1491"/>
							<String ID="string_222" HPOS="1510" VPOS="1133" WIDTH="125" HEIGHT="39" WC="0.96" CONTENT="Kungl."/>
						</TextLine>
						<TextLine ID="line_19" HPOS="148" VPOS="1186" WIDTH="1488" HEIGHT="41">
							<String ID="string_223" HPOS="148" VPOS="1188" WIDTH="107" HEIGHT="39" WC="0.96" CONTENT="Maj:t"/><SP WIDTH="24" VPOS="1188" HPOS="255"/>
							<String ID="string_224" HPOS="279" VPOS="1189" WIDTH="51" HEIGHT="28" WC="0.96" CONTENT="att"/><SP WIDTH="23" VPOS="1189" HPOS="330"/>
							<String ID="string_225" HPOS="353" VPOS="1187" WIDTH="209" HEIGHT="40" WC="0.93" CONTENT="bemyndiga"/><SP WIDTH="23" VPOS="1187" HPOS="562"/>
							<String ID="string_226" HPOS="585" VPOS="1187" WIDTH="373" HEIGHT="40" WC="0.92" CONTENT="jordbruksnämnden"/><SP WIDTH="23" VPOS="1187" HPOS="958"/>
							<String ID="string_227" HPOS="981" VPOS="1188" WIDTH="51" HEIGHT="28" WC="0.96" CONTENT="att"/><SP WIDTH="24" VPOS="1188" HPOS="1032"/>
							<String ID="string_228" HPOS="1056" VPOS="1186" WIDTH="85" HEIGHT="40" WC="0.96" CONTENT="höja"/><SP WIDTH="24" VPOS="1186" HPOS="1141"/>
							<String ID="string_229" HPOS="1165" VPOS="1195" WIDTH="48" HEIGHT="20" WC="0.96" CONTENT="nu"/><SP WIDTH="25" VPOS="1195" HPOS="1213"/>
							<String ID="string_230" HPOS="1238" VPOS="1186" WIDTH="266" HEIGHT="40" WC="0.93" CONTENT="ifrågavarande"/><SP WIDTH="26" VPOS="1186" HPOS="1504"/>
							<String ID="string_231" HPOS="1530" VPOS="1186" WIDTH="106" HEIGHT="30" WC="0.91" CONTENT="slakt-"/>
						</TextLine>
						<TextLine ID="line_20" HPOS="149" VPOS="1239" WIDTH="1487" HEIGHT="42">
							<String ID="string_232" HPOS="149" VPOS="1241" WIDTH="212" HEIGHT="40" WC="0.91" CONTENT="djursavgift"/><SP WIDTH="21" VPOS="1241" HPOS="361"/>
							<String ID="string_233" HPOS="382" VPOS="1242" WIDTH="81" HEIGHT="29" WC="0.96" CONTENT="över"/><SP WIDTH="21" VPOS="1242" HPOS="463"/>
							<String ID="string_234" HPOS="484" VPOS="1241" WIDTH="41" HEIGHT="30" WC="0.96" CONTENT="60"/><SP WIDTH="21" VPOS="1241" HPOS="525"/>
							<String ID="string_235" HPOS="546" VPOS="1241" WIDTH="52" HEIGHT="29" WC="0.95" CONTENT="kr."/><SP WIDTH="22" VPOS="1241" HPOS="598"/>
							<String ID="string_236" HPOS="620" VPOS="1250" WIDTH="61" HEIGHT="30" WC="0.96" CONTENT="per"/><SP WIDTH="22" VPOS="1250" HPOS="681"/>
							<String ID="string_237" HPOS="703" VPOS="1241" WIDTH="83" HEIGHT="39" WC="0.96" CONTENT="djur"/><SP WIDTH="21" VPOS="1241" HPOS="786"/>
							<String ID="string_238" HPOS="807" VPOS="1240" WIDTH="120" HEIGHT="30" WC="0.96" CONTENT="förrän"/><SP WIDTH="22" VPOS="1240" HPOS="927"/>
							<String ID="string_239" HPOS="949" VPOS="1240" WIDTH="188" HEIGHT="34" WC="0.96" CONTENT="nämnden,"/><SP WIDTH="23" VPOS="1240" HPOS="1137"/>
							<String ID="string_240" HPOS="1160" VPOS="1240" WIDTH="44" HEIGHT="29" WC="0.92" CONTENT="då"/><SP WIDTH="20" VPOS="1240" HPOS="1204"/>
							<String ID="string_241" HPOS="1224" VPOS="1240" WIDTH="247" HEIGHT="39" WC="0.91" CONTENT="produktions-"/><SP WIDTH="22" VPOS="1240" HPOS="1471"/>
							<String ID="string_242" HPOS="1493" VPOS="1239" WIDTH="66" HEIGHT="30" WC="0.90" CONTENT="och"/><SP WIDTH="21" VPOS="1239" HPOS="1559"/>
							<String ID="string_243" HPOS="1580" VPOS="1249" WIDTH="56" HEIGHT="20" WC="0.90" CONTENT="av-"/>
						</TextLine>
						<TextLine ID="line_21" HPOS="150" VPOS="1293" WIDTH="1486" HEIGHT="41">
							<String ID="string_244" HPOS="150" VPOS="1295" WIDTH="442" HEIGHT="39" WC="0.91" CONTENT="sättningsförhållandena"/><SP WIDTH="26" VPOS="1295" HPOS="592"/>
							<String ID="string_245" HPOS="618" VPOS="1304" WIDTH="45" HEIGHT="19" WC="0.90" CONTENT="m."/><SP WIDTH="26" VPOS="1304" HPOS="663"/>
							<String ID="string_246" HPOS="689" VPOS="1303" WIDTH="45" HEIGHT="20" WC="0.91" CONTENT="m."/><SP WIDTH="28" VPOS="1303" HPOS="734"/>
							<String ID="string_247" HPOS="762" VPOS="1294" WIDTH="55" HEIGHT="29" WC="0.96" CONTENT="för"/><SP WIDTH="24" VPOS="1294" HPOS="817"/>
							<String ID="string_248" HPOS="841" VPOS="1294" WIDTH="140" HEIGHT="29" WC="0.96" CONTENT="nötkött"/><SP WIDTH="24" VPOS="1294" HPOS="981"/>
							<String ID="string_249" HPOS="1005" VPOS="1294" WIDTH="111" HEIGHT="29" WC="0.96" CONTENT="under"/><SP WIDTH="26" VPOS="1294" HPOS="1116"/>
							<String ID="string_250" HPOS="1142" VPOS="1294" WIDTH="100" HEIGHT="29" WC="0.93" CONTENT="nästa"/><SP WIDTH="27" VPOS="1294" HPOS="1242"/>
							<String ID="string_251" HPOS="1269" VPOS="1293" WIDTH="230" HEIGHT="40" WC="0.92" CONTENT="regleringsår"/><SP WIDTH="25" VPOS="1293" HPOS="1499"/>
							<String ID="string_252" HPOS="1524" VPOS="1293" WIDTH="112" HEIGHT="30" WC="0.96" CONTENT="bättre"/>
						</TextLine>
						<TextLine ID="line_22" HPOS="148" VPOS="1347" WIDTH="1488" HEIGHT="39">
							<String ID="string_253" HPOS="148" VPOS="1349" WIDTH="71" HEIGHT="29" WC="0.93" CONTENT="kan"/><SP WIDTH="22" VPOS="1349" HPOS="219"/>
							<String ID="string_254" HPOS="241" VPOS="1348" WIDTH="226" HEIGHT="34" WC="0.91" CONTENT="överblickas,"/><SP WIDTH="23" VPOS="1348" HPOS="467"/>
							<String ID="string_255" HPOS="490" VPOS="1348" WIDTH="198" HEIGHT="29" WC="0.96" CONTENT="inkommer"/><SP WIDTH="22" VPOS="1348" HPOS="688"/>
							<String ID="string_256" HPOS="710" VPOS="1348" WIDTH="79" HEIGHT="29" WC="0.96" CONTENT="med"/><SP WIDTH="23" VPOS="1348" HPOS="789"/>
							<String ID="string_257" HPOS="812" VPOS="1348" WIDTH="161" HEIGHT="29" WC="0.95" CONTENT="närmare"/><SP WIDTH="23" VPOS="1348" HPOS="973"/>
							<String ID="string_258" HPOS="996" VPOS="1347" WIDTH="188" HEIGHT="39" WC="0.96" CONTENT="utredning"/><SP WIDTH="22" VPOS="1347" HPOS="1184"/>
							<String ID="string_259" HPOS="1206" VPOS="1356" WIDTH="57" HEIGHT="20" WC="0.95" CONTENT="om"/><SP WIDTH="22" VPOS="1356" HPOS="1263"/>
							<String ID="string_260" HPOS="1285" VPOS="1347" WIDTH="145" HEIGHT="30" WC="0.96" CONTENT="behovet"/><SP WIDTH="23" VPOS="1347" HPOS="1430"/>
							<String ID="string_261" HPOS="1453" VPOS="1357" WIDTH="43" HEIGHT="20" WC="0.96" CONTENT="av"/><SP WIDTH="22" VPOS="1357" HPOS="1496"/>
							<String ID="string_262" HPOS="1518" VPOS="1356" WIDTH="42" HEIGHT="21" WC="0.93" CONTENT="en"/><SP WIDTH="24" VPOS="1356" HPOS="1560"/>
							<String ID="string_263" HPOS="1584" VPOS="1347" WIDTH="52" HEIGHT="29" WC="0.92" CONTENT="så-"/>
						</TextLine>
						<TextLine ID="line_23" HPOS="150" VPOS="1402" WIDTH="239" HEIGHT="39">
							<String ID="string_264" HPOS="150" VPOS="1402" WIDTH="68" HEIGHT="29" WC="0.96" CONTENT="dan"/><SP WIDTH="14" VPOS="1402" HPOS="218"/>
							<String ID="string_265" HPOS="232" VPOS="1402" WIDTH="157" HEIGHT="39" WC="0.95" CONTENT="höjning."/>
						</TextLine>
					</TextBlock>
				</ComposedBlock>
				<ComposedBlock ID="cblock_2" HPOS="149" VPOS="1480" WIDTH="1488" HEIGHT="627">
					<TextBlock ID="block_2" HPOS="149" VPOS="1480" WIDTH="1488" HEIGHT="627">
						<TextLine ID="line_24" HPOS="193" VPOS="1480" WIDTH="1443" HEIGHT="40">
							<String ID="string_266" HPOS="193" VPOS="1481" WIDTH="377" HEIGHT="30" WC="0.91" CONTENT="Jordbruksnämnden"/><SP WIDTH="23" VPOS="1481" HPOS="570"/>
							<String ID="string_267" HPOS="593" VPOS="1480" WIDTH="210" HEIGHT="40" WC="0.95" CONTENT="framlägger"/><SP WIDTH="21" VPOS="1480" HPOS="803"/>
							<String ID="string_268" HPOS="824" VPOS="1480" WIDTH="117" HEIGHT="30" WC="0.95" CONTENT="vidare"/><SP WIDTH="23" VPOS="1480" HPOS="941"/>
							<String ID="string_269" HPOS="964" VPOS="1480" WIDTH="132" HEIGHT="39" WC="0.96" CONTENT="förslag"/><SP WIDTH="22" VPOS="1480" HPOS="1096"/>
							<String ID="string_270" HPOS="1118" VPOS="1489" WIDTH="58" HEIGHT="20" WC="0.96" CONTENT="om"/><SP WIDTH="22" VPOS="1489" HPOS="1176"/>
							<String ID="string_271" HPOS="1198" VPOS="1482" WIDTH="49" HEIGHT="27" WC="0.96" CONTENT="att"/><SP WIDTH="23" VPOS="1482" HPOS="1247"/>
							<String ID="string_272" HPOS="1270" VPOS="1480" WIDTH="83" HEIGHT="39" WC="0.93" CONTENT="höja"/><SP WIDTH="23" VPOS="1480" HPOS="1353"/>
							<String ID="string_273" HPOS="1376" VPOS="1480" WIDTH="260" HEIGHT="39" WC="0.92" CONTENT="maximibelop-"/>
						</TextLine>
						<TextLine ID="line_25" HPOS="149" VPOS="1533" WIDTH="1487" HEIGHT="41">
							<String ID="string_274" HPOS="149" VPOS="1544" WIDTH="67" HEIGHT="30" WC="0.96" CONTENT="pen"/><SP WIDTH="21" VPOS="1544" HPOS="216"/>
							<String ID="string_275" HPOS="237" VPOS="1534" WIDTH="54" HEIGHT="30" WC="0.93" CONTENT="för"/><SP WIDTH="21" VPOS="1534" HPOS="291"/>
							<String ID="string_276" HPOS="312" VPOS="1534" WIDTH="415" HEIGHT="40" WC="0.91" CONTENT="utjämningsavgifterna"/><SP WIDTH="19" VPOS="1534" HPOS="727"/>
							<String ID="string_277" HPOS="746" VPOS="1533" WIDTH="45" HEIGHT="39" WC="0.96" CONTENT="på"/><SP WIDTH="22" VPOS="1533" HPOS="791"/>
							<String ID="string_278" HPOS="813" VPOS="1533" WIDTH="89" HEIGHT="30" WC="0.96" CONTENT="vissa"/><SP WIDTH="21" VPOS="1533" HPOS="902"/>
							<String ID="string_279" HPOS="923" VPOS="1533" WIDTH="316" HEIGHT="39" WC="0.96" CONTENT="mjölkprodukter."/><SP WIDTH="21" VPOS="1533" HPOS="1239"/>
							<String ID="string_280" HPOS="1260" VPOS="1533" WIDTH="188" HEIGHT="39" WC="0.95" CONTENT="Förslaget,"/><SP WIDTH="23" VPOS="1533" HPOS="1448"/>
							<String ID="string_281" HPOS="1471" VPOS="1542" WIDTH="74" HEIGHT="20" WC="0.96" CONTENT="som"/><SP WIDTH="21" VPOS="1542" HPOS="1545"/>
							<String ID="string_282" HPOS="1566" VPOS="1534" WIDTH="70" HEIGHT="29" WC="0.96" CONTENT="inte"/>
						</TextLine>
						<TextLine ID="line_26" HPOS="150" VPOS="1586" WIDTH="1487" HEIGHT="40">
							<String ID="string_283" HPOS="150" VPOS="1588" WIDTH="165" HEIGHT="30" WC="0.96" CONTENT="omfattas"/><SP WIDTH="22" VPOS="1588" HPOS="315"/>
							<String ID="string_284" HPOS="337" VPOS="1597" WIDTH="42" HEIGHT="20" WC="0.96" CONTENT="av"/><SP WIDTH="21" VPOS="1597" HPOS="379"/>
							<String ID="string_285" HPOS="400" VPOS="1588" WIDTH="68" HEIGHT="29" WC="0.96" CONTENT="den"/><SP WIDTH="21" VPOS="1588" HPOS="468"/>
							<String ID="string_286" HPOS="489" VPOS="1587" WIDTH="152" HEIGHT="31" WC="0.96" CONTENT="träffade"/><SP WIDTH="22" VPOS="1587" HPOS="641"/>
							<String ID="string_287" HPOS="663" VPOS="1587" WIDTH="373" HEIGHT="33" WC="0.96" CONTENT="överenskommelsen,"/><SP WIDTH="23" VPOS="1587" HPOS="1036"/>
							<String ID="string_288" HPOS="1059" VPOS="1586" WIDTH="145" HEIGHT="30" WC="0.96" CONTENT="innebär"/><SP WIDTH="22" VPOS="1586" HPOS="1204"/>
							<String ID="string_289" HPOS="1226" VPOS="1588" WIDTH="50" HEIGHT="28" WC="0.96" CONTENT="att"/><SP WIDTH="21" VPOS="1588" HPOS="1276"/>
							<String ID="string_290" HPOS="1297" VPOS="1587" WIDTH="66" HEIGHT="29" WC="0.96" CONTENT="den"/><SP WIDTH="22" VPOS="1587" HPOS="1363"/>
							<String ID="string_291" HPOS="1385" VPOS="1587" WIDTH="80" HEIGHT="29" WC="0.96" CONTENT="övre"/><SP WIDTH="23" VPOS="1587" HPOS="1465"/>
							<String ID="string_292" HPOS="1488" VPOS="1587" WIDTH="149" HEIGHT="39" WC="0.96" CONTENT="gränsen"/>
						</TextLine>
						<TextLine ID="line_27" HPOS="150" VPOS="1639" WIDTH="1487" HEIGHT="42">
							<String ID="string_293" HPOS="150" VPOS="1642" WIDTH="55" HEIGHT="29" WC="0.92" CONTENT="för"/><SP WIDTH="20" VPOS="1642" HPOS="205"/>
							<String ID="string_294" HPOS="225" VPOS="1641" WIDTH="415" HEIGHT="40" WC="0.92" CONTENT="utjämningsavgifterna"/><SP WIDTH="20" VPOS="1641" HPOS="640"/>
							<String ID="string_295" HPOS="660" VPOS="1641" WIDTH="45" HEIGHT="39" WC="0.96" CONTENT="på"/><SP WIDTH="20" VPOS="1641" HPOS="705"/>
							<String ID="string_296" HPOS="725" VPOS="1643" WIDTH="54" HEIGHT="27" WC="0.96" CONTENT="ost"/><SP WIDTH="20" VPOS="1643" HPOS="779"/>
							<String ID="string_297" HPOS="799" VPOS="1641" WIDTH="78" HEIGHT="29" WC="0.96" CONTENT="med"/><SP WIDTH="21" VPOS="1641" HPOS="877"/>
							<String ID="string_298" HPOS="898" VPOS="1641" WIDTH="94" HEIGHT="38" WC="0.95" CONTENT="lägre"/><SP WIDTH="21" VPOS="1641" HPOS="992"/>
							<String ID="string_299" HPOS="1013" VPOS="1640" WIDTH="140" HEIGHT="30" WC="0.96" CONTENT="fetthalt"/><SP WIDTH="21" VPOS="1640" HPOS="1153"/>
							<String ID="string_300" HPOS="1174" VPOS="1641" WIDTH="44" HEIGHT="28" WC="0.96" CONTENT="än"/><SP WIDTH="21" VPOS="1641" HPOS="1218"/>
							<String ID="string_301" HPOS="1239" VPOS="1639" WIDTH="41" HEIGHT="30" WC="0.96" CONTENT="45"/><SP WIDTH="27" VPOS="1639" HPOS="1280"/>
							<String ID="string_302" HPOS="1307" VPOS="1640" WIDTH="31" HEIGHT="33" WC="0.45" CONTENT="2"/><SP WIDTH="25" VPOS="1640" HPOS="1338"/>
							<String ID="string_303" HPOS="1363" VPOS="1640" WIDTH="66" HEIGHT="30" WC="0.96" CONTENT="och"/><SP WIDTH="20" VPOS="1640" HPOS="1429"/>
							<String ID="string_304" HPOS="1449" VPOS="1640" WIDTH="55" HEIGHT="30" WC="0.95" CONTENT="för"/><SP WIDTH="21" VPOS="1640" HPOS="1504"/>
							<String ID="string_305" HPOS="1525" VPOS="1641" WIDTH="112" HEIGHT="39" WC="0.96" CONTENT="mjölk"/>
						</TextLine>
						<TextLine ID="line_28" HPOS="151" VPOS="1693" WIDTH="1485" HEIGHT="41">
							<String ID="string_306" HPOS="151" VPOS="1696" WIDTH="77" HEIGHT="29" WC="0.96" CONTENT="med"/><SP WIDTH="18" VPOS="1696" HPOS="228"/>
							<String ID="string_307" HPOS="246" VPOS="1695" WIDTH="150" HEIGHT="33" WC="0.96" CONTENT="fetthalt,"/><SP WIDTH="19" VPOS="1695" HPOS="396"/>
							<String ID="string_308" HPOS="415" VPOS="1704" WIDTH="74" HEIGHT="20" WC="0.96" CONTENT="som"/><SP WIDTH="18" VPOS="1704" HPOS="489"/>
							<String ID="string_309" HPOS="507" VPOS="1695" WIDTH="30" HEIGHT="39" WC="0.96" CONTENT="ej"/><SP WIDTH="21" VPOS="1695" HPOS="537"/>
							<String ID="string_310" HPOS="558" VPOS="1695" WIDTH="188" HEIGHT="39" WC="0.96" CONTENT="överstiger"/><SP WIDTH="20" VPOS="1695" HPOS="746"/>
							<String ID="string_311" HPOS="766" VPOS="1694" WIDTH="48" HEIGHT="34" WC="0.96" CONTENT="1,5"/><SP WIDTH="24" VPOS="1694" HPOS="814"/>
							<String ID="string_312" HPOS="838" VPOS="1694" WIDTH="45" HEIGHT="34" WC="0.39" CONTENT="70,"/><SP WIDTH="19" VPOS="1694" HPOS="883"/>
							<String ID="string_313" HPOS="902" VPOS="1694" WIDTH="90" HEIGHT="29" WC="0.96" CONTENT="skall"/><SP WIDTH="17" VPOS="1694" HPOS="992"/>
							<String ID="string_314" HPOS="1009" VPOS="1694" WIDTH="102" HEIGHT="39" WC="0.96" CONTENT="höjas"/><SP WIDTH="19" VPOS="1694" HPOS="1111"/>
							<String ID="string_315" HPOS="1130" VPOS="1694" WIDTH="78" HEIGHT="29" WC="0.96" CONTENT="med"/><SP WIDTH="18" VPOS="1694" HPOS="1208"/>
							<String ID="string_316" HPOS="1226" VPOS="1694" WIDTH="40" HEIGHT="29" WC="0.95" CONTENT="50"/><SP WIDTH="18" VPOS="1694" HPOS="1266"/>
							<String ID="string_317" HPOS="1284" VPOS="1703" WIDTH="89" HEIGHT="30" WC="0.96" CONTENT="resp."/><SP WIDTH="18" VPOS="1703" HPOS="1373"/>
							<String ID="string_318" HPOS="1391" VPOS="1693" WIDTH="19" HEIGHT="30" WC="0.96" CONTENT="6"/><SP WIDTH="18" VPOS="1693" HPOS="1410"/>
							<String ID="string_319" HPOS="1428" VPOS="1694" WIDTH="58" HEIGHT="29" WC="0.96" CONTENT="öre"/><SP WIDTH="17" VPOS="1694" HPOS="1486"/>
							<String ID="string_320" HPOS="1503" VPOS="1703" WIDTH="61" HEIGHT="30" WC="0.96" CONTENT="per"/><SP WIDTH="16" VPOS="1703" HPOS="1564"/>
							<String ID="string_321" HPOS="1580" VPOS="1694" WIDTH="56" HEIGHT="39" WC="0.96" CONTENT="kg."/>
						</TextLine>
						<TextLine ID="line_29" HPOS="151" VPOS="1747" WIDTH="1483" HEIGHT="40">
							<String ID="string_322" HPOS="151" VPOS="1749" WIDTH="81" HEIGHT="29" WC="0.95" CONTENT="Som"/><SP WIDTH="20" VPOS="1749" HPOS="232"/>
							<String ID="string_323" HPOS="252" VPOS="1749" WIDTH="108" HEIGHT="29" WC="0.94" CONTENT="motiv"/><SP WIDTH="21" VPOS="1749" HPOS="360"/>
							<String ID="string_324" HPOS="381" VPOS="1748" WIDTH="55" HEIGHT="30" WC="0.96" CONTENT="för"/><SP WIDTH="22" VPOS="1748" HPOS="436"/>
							<String ID="string_325" HPOS="458" VPOS="1748" WIDTH="166" HEIGHT="39" WC="0.96" CONTENT="förslaget"/><SP WIDTH="20" VPOS="1748" HPOS="624"/>
							<String ID="string_326" HPOS="644" VPOS="1748" WIDTH="104" HEIGHT="29" WC="0.96" CONTENT="anför"/><SP WIDTH="20" VPOS="1748" HPOS="748"/>
							<String ID="string_327" HPOS="768" VPOS="1748" WIDTH="177" HEIGHT="29" WC="0.96" CONTENT="nämnden"/><SP WIDTH="23" VPOS="1748" HPOS="945"/>
							<String ID="string_328" HPOS="968" VPOS="1747" WIDTH="123" HEIGHT="30" WC="0.96" CONTENT="endast"/><SP WIDTH="22" VPOS="1747" HPOS="1091"/>
							<String ID="string_329" HPOS="1113" VPOS="1749" WIDTH="50" HEIGHT="27" WC="0.96" CONTENT="att"/><SP WIDTH="21" VPOS="1749" HPOS="1163"/>
							<String ID="string_330" HPOS="1184" VPOS="1748" WIDTH="201" HEIGHT="39" WC="0.96" CONTENT="tillräckligt"/><SP WIDTH="22" VPOS="1748" HPOS="1385"/>
							<String ID="string_331" HPOS="1407" VPOS="1749" WIDTH="175" HEIGHT="37" WC="0.96" CONTENT="utrymme"/><SP WIDTH="21" VPOS="1749" HPOS="1582"/>
							<String ID="string_332" HPOS="1603" VPOS="1748" WIDTH="31" HEIGHT="39" WC="0.96" CONTENT="ej"/>
						</TextLine>
						<TextLine ID="line_30" HPOS="151" VPOS="1800" WIDTH="1486" HEIGHT="40">
							<String ID="string_333" HPOS="151" VPOS="1802" WIDTH="95" HEIGHT="30" WC="0.96" CONTENT="finns"/><SP WIDTH="20" VPOS="1802" HPOS="246"/>
							<String ID="string_334" HPOS="266" VPOS="1803" WIDTH="98" HEIGHT="28" WC="0.96" CONTENT="inom"/><SP WIDTH="20" VPOS="1803" HPOS="364"/>
							<String ID="string_335" HPOS="384" VPOS="1811" WIDTH="122" HEIGHT="20" WC="0.96" CONTENT="ramen"/><SP WIDTH="22" VPOS="1811" HPOS="506"/>
							<String ID="string_336" HPOS="528" VPOS="1801" WIDTH="54" HEIGHT="29" WC="0.96" CONTENT="för"/><SP WIDTH="21" VPOS="1801" HPOS="582"/>
							<String ID="string_337" HPOS="603" VPOS="1810" WIDTH="48" HEIGHT="20" WC="0.96" CONTENT="nu"/><SP WIDTH="22" VPOS="1810" HPOS="651"/>
							<String ID="string_338" HPOS="673" VPOS="1801" WIDTH="159" HEIGHT="39" WC="0.93" CONTENT="gällande"/><SP WIDTH="22" VPOS="1801" HPOS="832"/>
							<String ID="string_339" HPOS="854" VPOS="1800" WIDTH="271" HEIGHT="40" WC="0.90" CONTENT="maximibelopp"/><SP WIDTH="23" VPOS="1800" HPOS="1125"/>
							<String ID="string_340" HPOS="1148" VPOS="1800" WIDTH="55" HEIGHT="30" WC="0.96" CONTENT="för"/><SP WIDTH="21" VPOS="1800" HPOS="1203"/>
							<String ID="string_341" HPOS="1224" VPOS="1802" WIDTH="50" HEIGHT="28" WC="0.96" CONTENT="att"/><SP WIDTH="22" VPOS="1802" HPOS="1274"/>
							<String ID="string_342" HPOS="1296" VPOS="1800" WIDTH="203" HEIGHT="40" WC="0.91" CONTENT="genomföra"/><SP WIDTH="22" VPOS="1800" HPOS="1499"/>
							<String ID="string_343" HPOS="1521" VPOS="1801" WIDTH="116" HEIGHT="39" WC="0.91" CONTENT="plane-"/>
						</TextLine>
						<TextLine ID="line_31" HPOS="150" VPOS="1854" WIDTH="1487" HEIGHT="40">
							<String ID="string_344" HPOS="150" VPOS="1855" WIDTH="83" HEIGHT="29" WC="0.96" CONTENT="rade"/><SP WIDTH="17" VPOS="1855" HPOS="233"/>
							<String ID="string_345" HPOS="250" VPOS="1855" WIDTH="189" HEIGHT="39" WC="0.96" CONTENT="höjningar"/><SP WIDTH="17" VPOS="1855" HPOS="439"/>
							<String ID="string_346" HPOS="456" VPOS="1864" WIDTH="43" HEIGHT="20" WC="0.95" CONTENT="av"/><SP WIDTH="16" VPOS="1864" HPOS="499"/>
							<String ID="string_347" HPOS="515" VPOS="1855" WIDTH="41" HEIGHT="29" WC="0.93" CONTENT="de"/><SP WIDTH="19" VPOS="1855" HPOS="556"/>
							<String ID="string_348" HPOS="575" VPOS="1854" WIDTH="23" HEIGHT="29" WC="0.90" CONTENT="f."/><SP WIDTH="18" VPOS="1854" HPOS="598"/>
							<String ID="string_349" HPOS="616" VPOS="1864" WIDTH="33" HEIGHT="19" WC="0.85" CONTENT="n."/><SP WIDTH="19" VPOS="1864" HPOS="649"/>
							<String ID="string_350" HPOS="668" VPOS="1854" WIDTH="171" HEIGHT="40" WC="0.96" CONTENT="utgående"/><SP WIDTH="18" VPOS="1854" HPOS="839"/>
							<String ID="string_351" HPOS="857" VPOS="1854" WIDTH="204" HEIGHT="39" WC="0.96" CONTENT="avgifterna."/><SP WIDTH="19" VPOS="1854" HPOS="1061"/>
							<String ID="string_352" HPOS="1080" VPOS="1854" WIDTH="78" HEIGHT="29" WC="0.96" CONTENT="Med"/><SP WIDTH="18" VPOS="1854" HPOS="1158"/>
							<String ID="string_353" HPOS="1176" VPOS="1854" WIDTH="137" HEIGHT="39" WC="0.95" CONTENT="hänsyn"/><SP WIDTH="17" VPOS="1854" HPOS="1313"/>
							<String ID="string_354" HPOS="1330" VPOS="1854" WIDTH="45" HEIGHT="29" WC="0.96" CONTENT="bl."/><SP WIDTH="18" VPOS="1854" HPOS="1375"/>
							<String ID="string_355" HPOS="1393" VPOS="1863" WIDTH="30" HEIGHT="20" WC="0.96" CONTENT="a."/><SP WIDTH="19" VPOS="1863" HPOS="1423"/>
							<String ID="string_356" HPOS="1442" VPOS="1855" WIDTH="52" HEIGHT="28" WC="0.96" CONTENT="till"/><SP WIDTH="18" VPOS="1855" HPOS="1494"/>
							<String ID="string_357" HPOS="1512" VPOS="1856" WIDTH="51" HEIGHT="27" WC="0.96" CONTENT="att"/><SP WIDTH="18" VPOS="1856" HPOS="1563"/>
							<String ID="string_358" HPOS="1581" VPOS="1854" WIDTH="56" HEIGHT="30" WC="0.96" CONTENT="det"/>
						</TextLine>
						<TextLine ID="line_32" HPOS="151" VPOS="1907" WIDTH="1486" HEIGHT="40">
							<String ID="string_359" HPOS="151" VPOS="1917" WIDTH="46" HEIGHT="20" WC="0.96" CONTENT="nu"/><SP WIDTH="26" VPOS="1917" HPOS="197"/>
							<String ID="string_360" HPOS="223" VPOS="1909" WIDTH="38" HEIGHT="29" WC="0.96" CONTENT="är"/><SP WIDTH="24" VPOS="1909" HPOS="261"/>
							<String ID="string_361" HPOS="285" VPOS="1908" WIDTH="98" HEIGHT="39" WC="0.96" CONTENT="fråga"/><SP WIDTH="25" VPOS="1908" HPOS="383"/>
							<String ID="string_362" HPOS="408" VPOS="1917" WIDTH="57" HEIGHT="20" WC="0.96" CONTENT="om"/><SP WIDTH="25" VPOS="1917" HPOS="465"/>
							<String ID="string_363" HPOS="490" VPOS="1917" WIDTH="42" HEIGHT="20" WC="0.96" CONTENT="en"/><SP WIDTH="24" VPOS="1917" HPOS="532"/>
							<String ID="string_364" HPOS="556" VPOS="1907" WIDTH="215" HEIGHT="39" WC="0.92" CONTENT="provisorisk"/><SP WIDTH="23" VPOS="1907" HPOS="771"/>
							<String ID="string_365" HPOS="794" VPOS="1907" WIDTH="439" HEIGHT="39" WC="0.91" CONTENT="jordbruksprisreglering"/><SP WIDTH="24" VPOS="1907" HPOS="1233"/>
							<String ID="string_366" HPOS="1257" VPOS="1907" WIDTH="78" HEIGHT="29" WC="0.96" CONTENT="med"/><SP WIDTH="25" VPOS="1907" HPOS="1335"/>
							<String ID="string_367" HPOS="1360" VPOS="1907" WIDTH="124" HEIGHT="29" WC="0.96" CONTENT="endast"/><SP WIDTH="24" VPOS="1907" HPOS="1484"/>
							<String ID="string_368" HPOS="1508" VPOS="1909" WIDTH="48" HEIGHT="27" WC="0.96" CONTENT="ett"/><SP WIDTH="24" VPOS="1909" HPOS="1556"/>
							<String ID="string_369" HPOS="1580" VPOS="1907" WIDTH="57" HEIGHT="30" WC="0.96" CONTENT="års"/>
						</TextLine>
						<TextLine ID="line_33" HPOS="151" VPOS="1960" WIDTH="1486" HEIGHT="41">
							<String ID="string_370" HPOS="151" VPOS="1961" WIDTH="228" HEIGHT="40" WC="0.96" CONTENT="giltighetstid"/><SP WIDTH="16" VPOS="1961" HPOS="379"/>
							<String ID="string_371" HPOS="395" VPOS="1961" WIDTH="65" HEIGHT="29" WC="0.96" CONTENT="har"/><SP WIDTH="14" VPOS="1961" HPOS="460"/>
							<String ID="string_372" HPOS="474" VPOS="1961" WIDTH="61" HEIGHT="39" WC="0.96" CONTENT="jag"/><SP WIDTH="16" VPOS="1961" HPOS="535"/>
							<String ID="string_373" HPOS="551" VPOS="1960" WIDTH="55" HEIGHT="30" WC="0.96" CONTENT="för"/><SP WIDTH="16" VPOS="1960" HPOS="606"/>
							<String ID="string_374" HPOS="622" VPOS="1961" WIDTH="73" HEIGHT="29" WC="0.96" CONTENT="min"/><SP WIDTH="18" VPOS="1961" HPOS="695"/>
							<String ID="string_375" HPOS="713" VPOS="1961" WIDTH="54" HEIGHT="29" WC="0.95" CONTENT="del"/><SP WIDTH="18" VPOS="1961" HPOS="767"/>
							<String ID="string_376" HPOS="785" VPOS="1961" WIDTH="70" HEIGHT="29" WC="0.95" CONTENT="inte"/><SP WIDTH="17" VPOS="1961" HPOS="855"/>
							<String ID="string_377" HPOS="872" VPOS="1961" WIDTH="137" HEIGHT="28" WC="0.96" CONTENT="kunnat"/><SP WIDTH="18" VPOS="1961" HPOS="1009"/>
							<String ID="string_378" HPOS="1027" VPOS="1960" WIDTH="99" HEIGHT="29" WC="0.96" CONTENT="finna"/><SP WIDTH="18" VPOS="1960" HPOS="1126"/>
							<String ID="string_379" HPOS="1144" VPOS="1962" WIDTH="49" HEIGHT="27" WC="0.96" CONTENT="att"/><SP WIDTH="18" VPOS="1962" HPOS="1193"/>
							<String ID="string_380" HPOS="1211" VPOS="1960" WIDTH="207" HEIGHT="39" WC="0.96" CONTENT="tillräckliga"/><SP WIDTH="19" VPOS="1960" HPOS="1418"/>
							<String ID="string_381" HPOS="1437" VPOS="1960" WIDTH="76" HEIGHT="29" WC="0.93" CONTENT="skäl"/><SP WIDTH="19" VPOS="1960" HPOS="1513"/>
							<String ID="string_382" HPOS="1532" VPOS="1960" WIDTH="105" HEIGHT="30" WC="0.91" CONTENT="fram-"/>
						</TextLine>
						<TextLine ID="line_34" HPOS="151" VPOS="2013" WIDTH="1486" HEIGHT="40">
							<String ID="string_383" HPOS="151" VPOS="2015" WIDTH="87" HEIGHT="29" WC="0.96" CONTENT="förts"/><SP WIDTH="23" VPOS="2015" HPOS="238"/>
							<String ID="string_384" HPOS="261" VPOS="2015" WIDTH="54" HEIGHT="29" WC="0.96" CONTENT="för"/><SP WIDTH="22" VPOS="2015" HPOS="315"/>
							<String ID="string_385" HPOS="337" VPOS="2016" WIDTH="50" HEIGHT="28" WC="0.96" CONTENT="att"/><SP WIDTH="22" VPOS="2016" HPOS="387"/>
							<String ID="string_386" HPOS="409" VPOS="2014" WIDTH="168" HEIGHT="30" WC="0.96" CONTENT="motivera"/><SP WIDTH="22" VPOS="2014" HPOS="577"/>
							<String ID="string_387" HPOS="599" VPOS="2023" WIDTH="42" HEIGHT="20" WC="0.96" CONTENT="en"/><SP WIDTH="22" VPOS="2023" HPOS="641"/>
							<String ID="string_388" HPOS="663" VPOS="2014" WIDTH="149" HEIGHT="39" WC="0.95" CONTENT="höjning"/><SP WIDTH="21" VPOS="2014" HPOS="812"/>
							<String ID="string_389" HPOS="833" VPOS="2023" WIDTH="42" HEIGHT="20" WC="0.96" CONTENT="av"/><SP WIDTH="22" VPOS="2023" HPOS="875"/>
							<String ID="string_390" HPOS="897" VPOS="2014" WIDTH="66" HEIGHT="29" WC="0.96" CONTENT="den"/><SP WIDTH="23" VPOS="2014" HPOS="963"/>
							<String ID="string_391" HPOS="986" VPOS="2014" WIDTH="80" HEIGHT="29" WC="0.96" CONTENT="övre"/><SP WIDTH="23" VPOS="2014" HPOS="1066"/>
							<String ID="string_392" HPOS="1089" VPOS="2014" WIDTH="148" HEIGHT="38" WC="0.96" CONTENT="gränsen"/><SP WIDTH="23" VPOS="2014" HPOS="1237"/>
							<String ID="string_393" HPOS="1260" VPOS="2013" WIDTH="56" HEIGHT="29" WC="0.96" CONTENT="för"/><SP WIDTH="20" VPOS="2013" HPOS="1316"/>
							<String ID="string_394" HPOS="1336" VPOS="2013" WIDTH="151" HEIGHT="39" WC="0.93" CONTENT="angivna"/><SP WIDTH="22" VPOS="2013" HPOS="1487"/>
							<String ID="string_395" HPOS="1509" VPOS="2014" WIDTH="128" HEIGHT="39" WC="0.91" CONTENT="utjäm-"/>
						</TextLine>
						<TextLine ID="line_35" HPOS="151" VPOS="2067" WIDTH="873" HEIGHT="40">
							<String ID="string_396" HPOS="151" VPOS="2068" WIDTH="260" HEIGHT="39" WC="0.91" CONTENT="ningsavgifter."/><SP WIDTH="15" VPOS="2068" HPOS="411"/>
							<String ID="string_397" HPOS="426" VPOS="2068" WIDTH="65" HEIGHT="39" WC="0.96" CONTENT="Jag"/><SP WIDTH="14" VPOS="2068" HPOS="491"/>
							<String ID="string_398" HPOS="505" VPOS="2068" WIDTH="181" HEIGHT="38" WC="0.96" CONTENT="avstyrker"/><SP WIDTH="15" VPOS="2068" HPOS="686"/>
							<String ID="string_399" HPOS="701" VPOS="2068" WIDTH="132" HEIGHT="29" WC="0.96" CONTENT="således"/><SP WIDTH="16" VPOS="2068" HPOS="833"/>
							<String ID="string_400" HPOS="849" VPOS="2067" WIDTH="175" HEIGHT="39" WC="0.96" CONTENT="förslaget."/>
						</TextLine>
					</TextBlock>
				</ComposedBlock>
				<ComposedBlock ID="cblock_3" HPOS="152" VPOS="2145" WIDTH="1486" HEIGHT="357">
					<TextBlock ID="block_3" HPOS="152" VPOS="2145" WIDTH="1486" HEIGHT="357">
						<TextLine ID="line_36" HPOS="195" VPOS="2145" WIDTH="1442" HEIGHT="40">
							<String ID="string_401" HPOS="195" VPOS="2146" WIDTH="178" HEIGHT="39" WC="0.95" CONTENT="Förslaget"/><SP WIDTH="19" VPOS="2146" HPOS="373"/>
							<String ID="string_402" HPOS="392" VPOS="2148" WIDTH="51" HEIGHT="29" WC="0.96" CONTENT="att"/><SP WIDTH="19" VPOS="2148" HPOS="443"/>
							<String ID="string_403" HPOS="462" VPOS="2146" WIDTH="160" HEIGHT="30" WC="0.96" CONTENT="överföra"/><SP WIDTH="18" VPOS="2146" HPOS="622"/>
							<String ID="string_404" HPOS="640" VPOS="2146" WIDTH="153" HEIGHT="29" WC="0.96" CONTENT="kemiskt"/><SP WIDTH="19" VPOS="2146" HPOS="793"/>
							<String ID="string_405" HPOS="812" VPOS="2155" WIDTH="60" HEIGHT="20" WC="0.95" CONTENT="ren"/><SP WIDTH="20" VPOS="2155" HPOS="872"/>
							<String ID="string_406" HPOS="892" VPOS="2145" WIDTH="125" HEIGHT="40" WC="0.95" CONTENT="glukos"/><SP WIDTH="20" VPOS="2145" HPOS="1017"/>
							<String ID="string_407" HPOS="1037" VPOS="2146" WIDTH="53" HEIGHT="29" WC="0.93" CONTENT="till"/><SP WIDTH="18" VPOS="2146" HPOS="1090"/>
							<String ID="string_408" HPOS="1108" VPOS="2145" WIDTH="411" HEIGHT="40" WC="0.91" CONTENT="jordbruksregleringen"/><SP WIDTH="19" VPOS="2145" HPOS="1519"/>
							<String ID="string_409" HPOS="1538" VPOS="2146" WIDTH="99" HEIGHT="39" WC="0.95" CONTENT="ingår"/>
						</TextLine>
						<TextLine ID="line_37" HPOS="152" VPOS="2198" WIDTH="1485" HEIGHT="40">
							<String ID="string_410" HPOS="152" VPOS="2199" WIDTH="30" HEIGHT="39" WC="0.96" CONTENT="ej"/><SP WIDTH="26" VPOS="2199" HPOS="182"/>
							<String ID="string_411" HPOS="208" VPOS="2198" WIDTH="108" HEIGHT="30" WC="0.96" CONTENT="heller"/><SP WIDTH="24" VPOS="2198" HPOS="316"/>
							<String ID="string_412" HPOS="340" VPOS="2200" WIDTH="11" HEIGHT="29" WC="0.96" CONTENT="i"/><SP WIDTH="23" VPOS="2200" HPOS="351"/>
							<String ID="string_413" HPOS="374" VPOS="2199" WIDTH="66" HEIGHT="29" WC="0.96" CONTENT="den"/><SP WIDTH="24" VPOS="2199" HPOS="440"/>
							<String ID="string_414" HPOS="464" VPOS="2198" WIDTH="154" HEIGHT="31" WC="0.96" CONTENT="träffade"/><SP WIDTH="23" VPOS="2198" HPOS="618"/>
							<String ID="string_415" HPOS="641" VPOS="2198" WIDTH="374" HEIGHT="30" WC="0.93" CONTENT="överenskommelsen."/><SP WIDTH="25" VPOS="2198" HPOS="1015"/>
							<String ID="string_416" HPOS="1040" VPOS="2198" WIDTH="177" HEIGHT="30" WC="0.91" CONTENT="Glukosen"/><SP WIDTH="22" VPOS="2198" HPOS="1217"/>
							<String ID="string_417" HPOS="1239" VPOS="2198" WIDTH="65" HEIGHT="30" WC="0.96" CONTENT="har"/><SP WIDTH="23" VPOS="2198" HPOS="1304"/>
							<String ID="string_418" HPOS="1327" VPOS="2199" WIDTH="12" HEIGHT="29" WC="0.96" CONTENT="i"/><SP WIDTH="24" VPOS="2199" HPOS="1339"/>
							<String ID="string_419" HPOS="1363" VPOS="2199" WIDTH="170" HEIGHT="29" WC="0.96" CONTENT="samband"/><SP WIDTH="25" VPOS="2199" HPOS="1533"/>
							<String ID="string_420" HPOS="1558" VPOS="2199" WIDTH="79" HEIGHT="30" WC="0.96" CONTENT="med"/>
						</TextLine>
						<TextLine ID="line_38" HPOS="152" VPOS="2251" WIDTH="1485" HEIGHT="40">
							<String ID="string_421" HPOS="152" VPOS="2251" WIDTH="215" HEIGHT="39" WC="0.95" CONTENT="övergången"/><SP WIDTH="20" VPOS="2251" HPOS="367"/>
							<String ID="string_422" HPOS="387" VPOS="2252" WIDTH="53" HEIGHT="29" WC="0.96" CONTENT="till"/><SP WIDTH="20" VPOS="2252" HPOS="440"/>
							<String ID="string_423" HPOS="460" VPOS="2261" WIDTH="47" HEIGHT="30" WC="0.93" CONTENT="ny"/><SP WIDTH="18" VPOS="2261" HPOS="507"/>
							<String ID="string_424" HPOS="525" VPOS="2251" WIDTH="148" HEIGHT="30" WC="0.92" CONTENT="tulltaxa"/><SP WIDTH="19" VPOS="2251" HPOS="673"/>
							<String ID="string_425" HPOS="692" VPOS="2251" WIDTH="68" HEIGHT="29" WC="0.96" CONTENT="den"/><SP WIDTH="22" VPOS="2251" HPOS="760"/>
							<String ID="string_426" HPOS="782" VPOS="2252" WIDTH="14" HEIGHT="28" WC="0.96" CONTENT="1"/><SP WIDTH="21" VPOS="2252" HPOS="796"/>
							<String ID="string_427" HPOS="817" VPOS="2252" WIDTH="142" HEIGHT="38" WC="0.96" CONTENT="januari"/><SP WIDTH="23" VPOS="2252" HPOS="959"/>
							<String ID="string_428" HPOS="982" VPOS="2251" WIDTH="82" HEIGHT="29" WC="0.93" CONTENT="1959"/><SP WIDTH="22" VPOS="2251" HPOS="1064"/>
							<String ID="string_429" HPOS="1086" VPOS="2251" WIDTH="131" HEIGHT="29" WC="0.92" CONTENT="avförts"/><SP WIDTH="21" VPOS="2251" HPOS="1217"/>
							<String ID="string_430" HPOS="1238" VPOS="2251" WIDTH="79" HEIGHT="29" WC="0.93" CONTENT="från"/><SP WIDTH="19" VPOS="2251" HPOS="1317"/>
							<String ID="string_431" HPOS="1336" VPOS="2251" WIDTH="301" HEIGHT="39" WC="0.92" CONTENT="jordbruksregle-"/>
						</TextLine>
						<TextLine ID="line_39" HPOS="152" VPOS="2304" WIDTH="1485" HEIGHT="38">
							<String ID="string_432" HPOS="152" VPOS="2304" WIDTH="123" HEIGHT="38" WC="0.96" CONTENT="ringen"/><SP WIDTH="20" VPOS="2304" HPOS="275"/>
							<String ID="string_433" HPOS="295" VPOS="2305" WIDTH="65" HEIGHT="28" WC="0.96" CONTENT="och"/><SP WIDTH="20" VPOS="2305" HPOS="360"/>
							<String ID="string_434" HPOS="380" VPOS="2304" WIDTH="134" HEIGHT="38" WC="0.96" CONTENT="belagts"/><SP WIDTH="21" VPOS="2304" HPOS="514"/>
							<String ID="string_435" HPOS="535" VPOS="2305" WIDTH="78" HEIGHT="28" WC="0.96" CONTENT="med"/><SP WIDTH="21" VPOS="2305" HPOS="613"/>
							<String ID="string_436" HPOS="634" VPOS="2313" WIDTH="43" HEIGHT="20" WC="0.93" CONTENT="en"/><SP WIDTH="20" VPOS="2313" HPOS="677"/>
							<String ID="string_437" HPOS="697" VPOS="2304" WIDTH="182" HEIGHT="29" WC="0.89" CONTENT="värdetull."/><SP WIDTH="23" VPOS="2304" HPOS="879"/>
							<String ID="string_438" HPOS="902" VPOS="2304" WIDTH="102" HEIGHT="29" WC="0.96" CONTENT="Detta"/><SP WIDTH="21" VPOS="2304" HPOS="1004"/>
							<String ID="string_439" HPOS="1025" VPOS="2304" WIDTH="64" HEIGHT="29" WC="0.96" CONTENT="har"/><SP WIDTH="22" VPOS="2304" HPOS="1089"/>
							<String ID="string_440" HPOS="1111" VPOS="2304" WIDTH="105" HEIGHT="38" WC="0.96" CONTENT="enligt"/><SP WIDTH="23" VPOS="2304" HPOS="1216"/>
							<String ID="string_441" HPOS="1239" VPOS="2304" WIDTH="176" HEIGHT="29" WC="0.96" CONTENT="nämnden"/><SP WIDTH="23" VPOS="2304" HPOS="1415"/>
							<String ID="string_442" HPOS="1438" VPOS="2305" WIDTH="60" HEIGHT="28" WC="0.96" CONTENT="lett"/><SP WIDTH="24" VPOS="2305" HPOS="1498"/>
							<String ID="string_443" HPOS="1522" VPOS="2305" WIDTH="50" HEIGHT="28" WC="0.96" CONTENT="till"/><SP WIDTH="23" VPOS="2305" HPOS="1572"/>
							<String ID="string_444" HPOS="1595" VPOS="2314" WIDTH="42" HEIGHT="19" WC="0.96" CONTENT="en"/>
						</TextLine>
						<TextLine ID="line_40" HPOS="153" VPOS="2356" WIDTH="1485" HEIGHT="39">
							<String ID="string_445" HPOS="153" VPOS="2357" WIDTH="69" HEIGHT="29" WC="0.93" CONTENT="viss"/><SP WIDTH="17" VPOS="2357" HPOS="222"/>
							<String ID="string_446" HPOS="239" VPOS="2357" WIDTH="250" HEIGHT="38" WC="0.90" CONTENT="snedvridning"/><SP WIDTH="16" VPOS="2357" HPOS="489"/>
							<String ID="string_447" HPOS="505" VPOS="2366" WIDTH="42" HEIGHT="20" WC="0.96" CONTENT="av"/><SP WIDTH="15" VPOS="2366" HPOS="547"/>
							<String ID="string_448" HPOS="562" VPOS="2357" WIDTH="152" HEIGHT="29" WC="0.96" CONTENT="handeln"/><SP WIDTH="19" VPOS="2357" HPOS="714"/>
							<String ID="string_449" HPOS="733" VPOS="2357" WIDTH="78" HEIGHT="29" WC="0.96" CONTENT="med"/><SP WIDTH="17" VPOS="2357" HPOS="811"/>
							<String ID="string_450" HPOS="828" VPOS="2356" WIDTH="115" HEIGHT="30" WC="0.96" CONTENT="denna"/><SP WIDTH="15" VPOS="2356" HPOS="943"/>
							<String ID="string_451" HPOS="958" VPOS="2366" WIDTH="84" HEIGHT="20" WC="0.96" CONTENT="vara"/><SP WIDTH="16" VPOS="2366" HPOS="1042"/>
							<String ID="string_452" HPOS="1058" VPOS="2357" WIDTH="10" HEIGHT="28" WC="0.96" CONTENT="i"/><SP WIDTH="19" VPOS="2357" HPOS="1068"/>
							<String ID="string_453" HPOS="1087" VPOS="2356" WIDTH="218" HEIGHT="30" WC="0.96" CONTENT="förhållande"/><SP WIDTH="17" VPOS="2356" HPOS="1305"/>
							<String ID="string_454" HPOS="1322" VPOS="2357" WIDTH="52" HEIGHT="29" WC="0.96" CONTENT="till"/><SP WIDTH="18" VPOS="2357" HPOS="1374"/>
							<String ID="string_455" HPOS="1392" VPOS="2358" WIDTH="246" HEIGHT="29" WC="0.96" CONTENT="motsvarande"/>
						</TextLine>
						<TextLine ID="line_41" HPOS="153" VPOS="2409" WIDTH="1483" HEIGHT="40">
							<String ID="string_456" HPOS="153" VPOS="2410" WIDTH="29" HEIGHT="38" WC="0.96" CONTENT="ej"/><SP WIDTH="30" VPOS="2410" HPOS="182"/>
							<String ID="string_457" HPOS="212" VPOS="2409" WIDTH="153" HEIGHT="30" WC="0.96" CONTENT="kemiskt"/><SP WIDTH="25" VPOS="2409" HPOS="365"/>
							<String ID="string_458" HPOS="390" VPOS="2418" WIDTH="84" HEIGHT="21" WC="0.96" CONTENT="rena"/><SP WIDTH="25" VPOS="2418" HPOS="474"/>
							<String ID="string_459" HPOS="499" VPOS="2419" WIDTH="93" HEIGHT="24" WC="0.96" CONTENT="vara,"/><SP WIDTH="27" VPOS="2419" HPOS="592"/>
							<String ID="string_460" HPOS="619" VPOS="2409" WIDTH="132" HEIGHT="39" WC="0.96" CONTENT="glykos,"/><SP WIDTH="28" VPOS="2409" HPOS="751"/>
							<String ID="string_461" HPOS="779" VPOS="2418" WIDTH="75" HEIGHT="21" WC="0.96" CONTENT="som"/><SP WIDTH="26" VPOS="2418" HPOS="854"/>
							<String ID="string_462" HPOS="880" VPOS="2409" WIDTH="98" HEIGHT="38" WC="0.96" CONTENT="ingår"/><SP WIDTH="27" VPOS="2409" HPOS="978"/>
							<String ID="string_463" HPOS="1005" VPOS="2409" WIDTH="12" HEIGHT="30" WC="0.93" CONTENT="i"/><SP WIDTH="24" VPOS="2409" HPOS="1017"/>
							<String ID="string_464" HPOS="1041" VPOS="2409" WIDTH="419" HEIGHT="39" WC="0.90" CONTENT="jordbruksregleringen."/><SP WIDTH="27" VPOS="2409" HPOS="1460"/>
							<String ID="string_465" HPOS="1487" VPOS="2411" WIDTH="64" HEIGHT="38" WC="0.96" CONTENT="Jag"/><SP WIDTH="27" VPOS="2411" HPOS="1551"/>
							<String ID="string_466" HPOS="1578" VPOS="2411" WIDTH="58" HEIGHT="29" WC="0.94" CONTENT="vill"/>
						</TextLine>
						<TextLine ID="line_42" HPOS="153" VPOS="2463" WIDTH="1483" HEIGHT="39">
							<String ID="string_467" HPOS="153" VPOS="2463" WIDTH="115" HEIGHT="30" WC="0.96" CONTENT="erinra"/><SP WIDTH="24" VPOS="2463" HPOS="268"/>
							<String ID="string_468" HPOS="292" VPOS="2473" WIDTH="55" HEIGHT="19" WC="0.96" CONTENT="om"/><SP WIDTH="25" VPOS="2473" HPOS="347"/>
							<String ID="string_469" HPOS="372" VPOS="2465" WIDTH="49" HEIGHT="27" WC="0.95" CONTENT="att"/><SP WIDTH="26" VPOS="2465" HPOS="421"/>
							<String ID="string_470" HPOS="447" VPOS="2463" WIDTH="123" HEIGHT="39" WC="0.96" CONTENT="frågan"/><SP WIDTH="24" VPOS="2463" HPOS="570"/>
							<String ID="string_471" HPOS="594" VPOS="2463" WIDTH="147" HEIGHT="38" WC="0.96" CONTENT="tidigare"/><SP WIDTH="24" VPOS="2463" HPOS="741"/>
							<String ID="string_472" HPOS="765" VPOS="2464" WIDTH="140" HEIGHT="38" WC="0.95" CONTENT="prövats"/><SP WIDTH="24" VPOS="2464" HPOS="905"/>
							<String ID="string_473" HPOS="929" VPOS="2472" WIDTH="42" HEIGHT="20" WC="0.96" CONTENT="av"/><SP WIDTH="23" VPOS="2472" HPOS="971"/>
							<String ID="string_474" HPOS="994" VPOS="2463" WIDTH="187" HEIGHT="38" WC="0.96" CONTENT="riksdagen"/><SP WIDTH="30" VPOS="2463" HPOS="1181"/>
							<String ID="string_475" HPOS="1211" VPOS="2463" WIDTH="112" HEIGHT="39" WC="0.93" CONTENT="(prop."/><SP WIDTH="30" VPOS="2463" HPOS="1323"/>
							<String ID="string_476" HPOS="1353" VPOS="2464" WIDTH="187" HEIGHT="34" WC="0.90" CONTENT="1960:153,"/><SP WIDTH="25" VPOS="2464" HPOS="1540"/>
							<String ID="string_477" HPOS="1565" VPOS="2465" WIDTH="71" HEIGHT="29" WC="0.93" CONTENT="JoU"/>
						</TextLine>
					</TextBlock>
				</ComposedBlock>
			</PrintSpace>
		</Page>
	</Layout>
</alto>
