1906 2790
456 136 388 31 Jordbruksutskottets
864 133 178 30 utlåtande
1060 142 42 19 nr
1122 133 39 29 10
1179 131 39 30 år
1237 131 83 29 1966
1613 128 19 30 9

148 218 52 30 vis
218 218 55 29 får
290 217 58 30 vid
366 216 286 39 övervägandena
669 215 150 30 rörande
838 216 48 27 ett
904 215 77 38 nytt
1001 214 131 38 system
1150 211 55 29 för
1223 209 173 40 reglering
1414 218 42 21 av
1474 208 158 39 priserna

148 271 45 39 på
208 269 386 41 jordbruksprodukter
612 267 315 40 uppmärksamhet
945 267 107 38 ägnas
1072 265 35 30 åt
1126 265 41 30 de
1185 264 158 39 problem
1361 272 75 20 som
1454 262 71 29 kan
1544 261 89 29 före-

149 325 89 38 ligga
256 324 150 30 rörande
425 320 460 41 råvaruprisutjämningen.

194 378 13 29 I
226 377 95 31 detta
341 376 255 39 sammanhang
614 375 59 30 vill
692 376 60 39 jag
771 374 141 30 anmäla
931 375 61 32 att,
1013 372 116 30 såsom
1148 371 163 29 närmare
1331 368 154 40 framgår
1505 377 43 21 av
1567 367 66 29 den

151 431 173 30 särskilda
350 429 261 39 framställning
637 438 42 20 av
703 425 374 43 jordbruksnämnden
1103 434 76 21 som
1204 423 193 31 redovisats
1424 423 11 29 i
1462 422 57 29 det
1546 422 88 29 före-

151 485 140 40 gående,
316 484 159 40 gällande
499 483 262 30 bestämmelser
786 491 57 20 om
867 481 198 38 återbäring
1089 489 42 20 av
1155 479 159 29 införsel-
1338 478 65 29 och
1427 478 207 38 kompensa-

151 538 241 40 tionsavgifter
410 538 70 29 kan
498 537 174 40 utnyttjas
689 536 44 40 på
750 535 181 39 olämpligt
950 535 78 29 sätt.
1047 533 195 30 Produkter
1260 542 43 20 av
1319 530 233 41 importerade
1570 529 65 29 och

152 591 274 41 avgiftsbelagda
442 591 142 29 råvaror
599 590 65 29 har
682 589 148 30 sålunda
846 589 11 29 i
874 589 87 29 flera
978 588 62 30 fall
1057 587 129 29 utförts
1202 587 53 29 till
1274 585 155 30 frihamn
1446 584 65 30 och
1529 583 106 30 sedan

152 646 203 30 återinförts
375 647 86 27 utan
482 646 106 28 annat
611 644 89 39 syfte
721 643 80 29 med
822 642 173 30 utförseln
1015 642 45 28 än
1081 643 50 27 att
1154 640 109 39 skapa
1284 639 113 40 grund
1419 638 54 30 för
1494 636 142 40 avgifts-

152 700 210 29 restitution.
383 699 65 39 Jag
469 707 101 20 anser
592 698 11 29 i
623 697 109 29 likhet
754 696 80 29 med
854 694 371 41 jordbruksnämnden
1247 695 50 28 att
1319 692 56 30 det
1398 693 37 28 är
1458 691 178 39 angeläget

153 755 49 28 att
223 752 161 40 åtgärder
404 751 113 30 vidtas
539 751 54 29 för
614 752 50 28 att
684 749 128 30 hindra
833 749 95 30 detta
949 747 213 31 förfarande.
1185 747 57 29 Ett
1263 746 159 39 lämpligt
1445 745 67 29 sätt
1535 752 102 32 synes

153 816 82 20 vara
252 808 50 28 att
322 814 38 31 ge
378 804 371 41 jordbruksnämnden
767 802 182 40 möjlighet
968 803 60 33 att,
1048 810 57 21 om
1123 800 201 30 restitution
1343 799 90 30 skett
1452 798 57 29 vid
1527 797 110 30 utför-

155 861 47 29 sel
219 869 41 20 av
278 860 109 29 sådan
403 858 152 40 produkt
572 858 65 30 och
653 866 109 21 varan
779 856 107 30 sedan
903 855 198 34 återinförs,
1118 855 110 29 kräva
1242 853 147 30 tillbaka
1406 852 56 29 det
1479 851 158 30 restitue-

154 913 81 30 rade
251 914 161 39 beloppet
427 912 72 30 helt
516 912 81 29 eller
614 911 118 30 delvis.
749 911 64 39 Jag
830 910 147 29 föreslår
994 909 119 29 därför
1131 910 49 28 att
1197 907 125 39 Kungl.
1340 906 105 39 Maj:t
1462 905 176 29 inhämtar

154 967 206 39 riksdagens
376 964 278 41 bemyndigande
672 966 49 28 att
738 963 96 30 vidta
851 962 205 39 erforderlig
1073 961 148 39 ändring
1238 961 11 29 i
1267 959 251 39 förordningen
1535 958 67 29 den
1620 956 16 30 7

155 1021 78 39 juni
252 1021 83 29 1956
358 1019 58 34 (nr
435 1019 79 35 401)
537 1018 178 40 angående
732 1017 172 39 reglering
922 1026 42 20 av
980 1015 146 30 införsel
1144 1024 42 20 av
1202 1014 93 30 vissa
1312 1012 145 31 levande
1474 1012 82 39 djur
1574 1010 65 30 och

155 1073 385 41 jordbruksprodukter
558 1082 45 19 m.
621 1081 45 20 m.

199 1128 66 29 För
287 1127 97 29 tiden
406 1126 90 29 intill
518 1126 67 29 den
609 1126 14 28 1
649 1124 193 40 september
867 1123 82 30 1966
971 1123 64 29 har
1057 1122 146 39 tidigare
1226 1121 111 39 gjorts
1359 1119 201 30 utfästelser
1582 1127 58 20 om

156 1181 170 40 prövning
350 1190 42 20 av
416 1179 170 30 eventuell
611 1178 206 40 gottgörelse
841 1177 53 30 till
917 1176 208 40 jordbruket
1148 1175 53 29 till
1226 1174 90 40 följd
1340 1183 43 20 av
1406 1173 169 29 inverkan
1599 1180 42 21 av

157 1234 125 30 EFTA.
301 1236 123 28 Denna
441 1233 182 30 utfästelse
642 1241 101 21 anser
760 1231 60 40 jag
836 1231 85 29 böra
939 1230 90 40 gälla
1047 1230 86 29 även
1151 1228 111 30 under
1280 1229 102 28 nästa
1399 1225 241 41 regleringsår.

157 1289 13 29 I
189 1288 99 39 fråga
306 1297 58 20 om
381 1287 65 29 här
465 1286 128 30 avsedd
612 1285 206 40 gottgörelse
838 1285 54 29 för
910 1284 96 29 tiden
1025 1283 90 29 intill
1135 1282 67 29 den
1223 1283 14 28 1
1260 1281 194 40 september
1476 1279 82 30 1965
1577 1279 64 29 har

157 1341 370 41 jordbruksnämnden
545 1340 164 38 framlagt
728 1339 131 38 förslag
878 1347 75 20 som
971 1337 153 40 grundar
1144 1336 50 39 sig
1212 1336 45 39 på
1274 1344 43 21 en
1335 1334 205 40 uppgörelse
1559 1328 82 48 mel-

157 1396 58 29 lan
240 1394 179 30 nämnden
445 1394 64 29 och
534 1393 227 39 jordbrukets
788 1390 452 40 förhandlingsdelegation.
1267 1389 51 29 Av
1344 1388 67 29 vad
1436 1386 206 40 jordbruks-

158 1448 177 30 nämnden
352 1447 117 30 anfört
488 1446 154 40 framgår
660 1448 49 27 att
727 1445 178 29 nämnden
922 1445 54 29 för
994 1444 115 29 denna
1125 1442 51 30 tid
1194 1442 29 39 ej
1245 1441 118 31 funnit
1382 1441 75 30 skäl
1476 1440 167 38 föreligga

159 1503 53 29 för
234 1501 207 40 gottgörelse
463 1500 53 30 för
538 1502 107 28 annat
668 1500 43 29 än
731 1499 71 29 viss
824 1497 285 40 prisutjämning,
1133 1505 75 21 som
1228 1496 174 38 betingats
1424 1503 42 21 av
1488 1493 155 39 Sveriges

159 1555 239 39 medlemskap
420 1555 11 29 i
452 1553 115 30 EFTA
588 1553 66 29 och
676 1562 75 20 som
772 1552 179 29 bekostats
973 1560 42 20 av
1036 1548 390 40 införselavgiftsmedel
1448 1547 96 29 inom
1565 1555 78 20 nor-

159 1609 204 30 malramen.
381 1608 65 39 Jag
462 1607 153 29 biträder
633 1606 114 29 denna
764 1605 227 40 uppfattning
1009 1603 65 30 och
1092 1603 116 30 finner
1226 1603 30 39 ej
1279 1601 187 39 anledning
1483 1600 53 30 till
1554 1600 90 29 erin-

159 1672 63 20 ran
240 1664 72 27 mot
332 1662 41 29 de
392 1660 337 40 ersättningsbelopp
750 1668 75 21 som
843 1658 178 30 nämnden
1039 1656 189 39 föreslagit.
1249 1655 139 31 Således
1407 1654 160 30 förordar
1585 1653 60 39 jag

160 1718 49 28 att
230 1715 62 30 430
308 1715 78 30 030:
404 1715 39 30 80
465 1715 52 28 kr.
537 1714 130 29 tillförs
688 1713 41 29 de
750 1713 55 29 för
826 1711 246 40 prisreglering
1093 1710 44 40 på
1159 1711 63 38 ägg
1243 1709 152 30 avsedda
1415 1707 147 30 medlen.
1583 1707 61 29 Be-

160 1770 115 39 loppet
296 1770 195 28 motsvarar
510 1767 66 29 vad
597 1776 75 20 som
692 1776 42 20 av
754 1766 132 29 sådana
906 1765 111 29 medel
1038 1764 90 29 intill
1149 1763 66 29 den
1238 1764 14 28 1
1276 1762 194 40 september
1493 1760 81 30 1965
1594 1762 50 27 ta-

161 1823 66 39 gits
245 1822 10 29 i
273 1821 155 40 anspråk
446 1821 54 29 för
518 1820 275 40 prisutjämning
811 1819 44 39 på
873 1818 234 39 äggalbumin.
1126 1816 128 30 Likaså
1271 1816 62 29 bör
1352 1814 193 39 ersättning
1562 1813 83 39 utgå

162 1875 77 31 med
260 1875 233 38 sammanlagt
515 1874 37 29 10
569 1873 59 30 737
646 1873 61 29 326
727 1873 52 29 kr.
799 1872 54 29 för
873 1871 143 40 utgifter
1036 1871 90 28 intill
1146 1869 67 30 den
1235 1870 14 28 1
1272 1868 194 40 september
1489 1867 81 30 1965
1591 1866 51 30 för

161 1928 276 40 prisutjämning
453 1927 44 39 på
513 1927 93 29 vissa
624 1925 373 39 stärkelseprodukter.
1015 1923 51 29 Av
1083 1923 94 29 detta
1193 1923 125 38 belopp
1335 1921 65 30 har
1418 1921 51 34 9,5
1487 1920 88 39 milj.
1592 1919 53 29 kr.

163 1988 122 32 genom
303 1980 115 29 beslut
435 1989 42 20 av
494 1979 124 39 Kungl.
637 1978 117 40 Maj:t,
773 1979 117 28 senast
908 1977 67 29 den
992 1976 41 30 25
1052 1975 156 30 februari
1228 1974 94 34 1966,
1341 1974 245 29 förskotterats
1605 1981 42 20 av

163 2035 111 30 medel
292 2044 75 20 som
384 2034 73 29 före
474 2033 66 29 den
559 2034 13 28 1
592 2032 194 40 september
806 2031 81 30 1965
904 2030 134 30 influtit
1056 2030 115 29 såsom
1188 2028 295 39 införselavgifter
1500 2028 43 39 på
1560 2028 87 28 mat-

163 2089 127 40 potatis
312 2088 65 29 och
401 2096 74 21 som
497 2086 192 30 redovisats
711 2086 96 28 inom
830 2085 269 29 normalramen.
1122 2084 64 29 Det
1210 2081 256 31 förskotterade
1487 2081 160 39 beloppet

164 2142 60 29 bör
242 2141 133 30 således
391 2140 171 30 återföras
577 2140 53 29 till
646 2139 101 29 dessa
763 2138 123 29 medel.
903 2136 225 30 Återstående
1143 2136 135 39 belopp,
1296 2135 82 29 eller
1398 2134 91 30 1237
1506 2134 62 29 326
1583 2134 63 33 kr.,

164 2195 60 29 bör
244 2194 152 29 tillföras
417 2193 40 29 de
479 2193 53 29 för
552 2192 246 39 prisreglering
819 2191 44 39 på
884 2189 328 31 stärkelseområdet
1233 2188 151 30 avsedda
1405 2187 147 29 medlen.
1573 2187 75 29 Den

165 2257 46 20 nu
231 2247 208 38 föreslagna,
460 2246 139 39 slutliga
616 2245 217 38 regleringen
851 2253 42 20 av
910 2243 227 39 jordbrukets
1156 2242 166 29 förluster
1341 2241 89 29 intill
1451 2240 66 29 den
1539 2241 13 28 1
1575 2248 73 30 sep-

165 2301 131 29 tember
318 2300 82 28 1965
418 2299 52 29 till
490 2299 89 38 följd
597 2307 43 20 av
657 2297 116 30 EFTA
792 2297 71 34 bör,
884 2297 115 29 såsom
1016 2294 372 40 jordbruksnämnden
1408 2293 166 33 förordat,
1593 2292 56 30 be-

166 2354 119 29 kostas
302 2352 79 29 med
398 2352 67 29 den
484 2352 13 28 1
518 2351 193 39 september
731 2350 82 29 1965
831 2348 241 34 kvarstående,
1090 2347 253 39 odisponerade
1360 2345 290 39 införselavgifts-

167 2406 122 30 medel.

211 2459 135 39 Frågan
367 2468 56 20 om
443 2457 193 39 ersättning
655 2457 51 29 till
726 2456 208 39 jordbruket
955 2455 53 29 för
1028 2454 193 30 eventuella
1243 2453 165 30 förluster
1427 2452 52 30 till
1500 2451 88 40 följd
1609 2460 41 21 av
