1862 2786
298 159 40 31 12
639 162 298 38 Statsutskottets
953 168 186 34 utlåtande
1156 181 43 22 nr
1216 173 67 31 138
1299 172 39 33 år
1355 175 90 31 1955

298 235 349 45 arbetsmarknaden,
670 241 91 35 både
783 246 65 30 när
870 244 61 34 det
952 246 107 42 gäller
1080 247 319 47 konjunkturläget
1421 253 65 33 och
1509 256 64 31 när
1595 255 62 34 det
1679 257 108 41 gäller

296 289 347 41 produktionssättet
667 294 66 33 och
758 295 152 35 behovet
935 310 46 21 av
1005 299 202 45 utbildning
1231 302 54 34 för
1309 304 93 34 olika
1426 306 111 42 yrken
1561 308 65 33 och
1651 309 133 34 arbets-

297 342 190 42 uppgifter.

339 395 172 42 Följande
537 398 107 41 tablå,
672 412 76 22 som
775 404 38 31 är
838 402 145 37 hämtad
1011 417 41 22 ur
1078 406 242 37 betänkandet
1348 423 57 21 om
1432 412 349 46 yrkesutbildningen

299 447 72 43 (YS
389 461 28 21 s.
437 452 207 41 113—114),
663 453 93 34 visar
773 455 408 42 ungdomsårskullarnas
1199 461 130 44 ökning
1345 463 78 34 från
1443 468 89 31 1950
1548 466 54 34 till
1622 470 100 32 1971.

340 510 56 34 De
420 510 218 45 sakkunniga
659 516 195 42 uppställer
876 522 53 29 ett
951 521 190 41 etappmål,
1164 533 76 23 som
1261 523 64 34 bör
1346 536 87 23 vara
1454 527 155 42 uppnått
1632 529 39 33 år
1694 533 89 31 1970

295 562 64 34 och
386 575 76 22 som
487 565 143 34 innebär
658 579 64 22 »en
748 568 143 45 höjning
917 583 46 21 av
989 572 443 45 utbildningskapaciteten
1458 579 12 33 i
1495 579 252 37 heltidskurser
1770 583 12 34 i

294 617 334 35 statsunderstödda
651 620 223 42 yrkesskolor
896 623 55 34 för
973 624 79 35 hela
1075 626 123 35 landet
1221 628 52 34 till
1299 630 67 33 den
1390 630 55 34 för
1469 632 129 35 läsåret
1624 635 158 44 1949/50

292 667 125 43 högsta
436 672 265 43 sammanlagda
719 673 223 44 kapaciteten
962 677 12 34 i
993 678 94 34 olika
1107 680 74 43 slag
1199 693 45 21 av
1263 679 251 39 heltidskurser
1533 686 95 35 inom
1648 692 54 30 ett
1722 701 58 21 en-

292 721 83 34 skilt
392 722 92 35 län».
507 724 71 42 (YS
597 737 27 22 s.
646 727 90 41 115.)
757 727 113 35 Detta
890 732 39 30 är
946 729 73 35 inte
1037 731 110 43 något
1165 734 48 41 på
1231 734 128 35 exakta
1377 736 231 45 beräkningar
1625 742 154 41 grundat

291 774 179 43 optimum
487 780 88 30 utan
598 789 43 22 en
663 779 219 44 godtyckligt
904 782 84 34 vald
1009 783 84 34 nivå
1113 796 76 23 som
1211 787 267 43 utgångspunkt
1500 791 54 33 för
1576 792 44 34 de
1642 805 137 23 resone-

290 839 116 31 mang,
424 840 74 22 som
515 829 154 35 därefter
684 831 102 42 följer
802 845 58 21 om
876 834 152 34 behovet
1045 848 46 22 av
1107 837 162 36 utbildad
1287 841 215 37 arbetskraft
1517 844 64 34 och
1598 845 180 36 skolornas

290 880 221 43 möjligheter
529 887 56 29 att
603 883 182 43 tillgodose
804 885 100 35 detta
923 887 113 34 behov
1055 888 54 34 för
1129 890 42 34 de
1191 891 95 34 olika
1303 889 324 54 näringsgrenarna.

290 985 111 35 Tablå
419 989 84 32 över
520 989 136 34 antalet
674 990 225 42 ungdomar
882 981 19 60 i
916 993 162 35 åldrarna
1119 998 113 39 15—2/4
1250 998 39 33 år
1306 999 112 34 under
1436 1002 83 33 åren
1538 1006 16 30 1
1560 1006 216 34 950—1971.

286 1047 324 34 Kvarlevandeprocenten
626 1051 48 26 har
689 1051 140 28 beräknats
843 1062 63 17 vara
922 1055 7 25 i
945 1057 157 29 genomsnitt
1118 1060 31 22 95
1167 1058 39 25 för
1221 1059 119 26 åldrarna
1358 1064 97 23 15—19
1471 1064 28 24 år
1513 1065 48 24 och
1578 1068 31 22 94
1626 1067 39 25 för
1680 1068 97 25 åldrar-

285 1092 34 17 na
340 1086 99 24 20—24
461 1086 36 24 år.
519 1086 107 26 Antalet
648 1087 81 26 födda
749 1089 61 25 åren
834 1091 162 25 1952—1956
1019 1092 47 24 har
1087 1094 115 30 antagits
1224 1103 62 17 vara
1308 1096 7 25 i
1338 1100 159 27 genomsnitt
1520 1102 45 23 103
1576 1103 133 25 000—110
1718 1106 58 27 000,

285 1119 89 26 d.v.s.
394 1121 80 31 något
494 1121 67 31 lägre
580 1125 34 22 än
633 1122 48 26 hos
700 1122 130 32 Hyrenius
849 1125 167 33 (Befolkning
1034 1127 48 25 och
1102 1129 132 30 samhälle,
1253 1130 83 26 Tiden
1358 1135 85 28 1951),
1463 1135 98 26 vilkens
1581 1137 86 26 siffror
1684 1138 92 26 beräk-

289 1159 59 21 nats
368 1155 80 26 redan
470 1159 71 23 1950.

501 1209 1067 21 Mn

576 1253 37 28 År
797 1236 79 50 Antal
911 1241 47 31 (4)
1091 1240 81 49 Antal
1206 1245 47 31 (B)
1376 1244 82 50 Antal
1492 1249 46 31 (C)

724 1273 211 39 15—19-åringar
1013 1276 214 40 20—24-åringar
1311 1280 212 41 15—24-åringar

525 1372 67 26 1950
613 1393 58 5 ...
781 1374 51 26 415
843 1375 52 25 027
1073 1377 53 27 455
1137 1378 53 26 853
1378 1382 53 26 870
1441 1383 53 26 880

523 1416 64 26 1951
612 1438 4 4 3
639 1438 32 4 sv
781 1418 52 26 412
844 1419 51 26 998
1072 1422 54 26 415
1136 1422 53 27 476
1378 1426 52 27 858
1441 1428 52 26 474

522 1461 69 26 1952
612 1482 58 5 ...
780 1462 52 26 413
842 1463 52 27 563
1072 1466 53 27 437
1136 1468 53 26 854
1377 1471 52 26 851
1440 1472 52 26 417

522 1505 69 26 1958
612 1527 4 3 :
639 1527 3 4 .
665 1527 4 5 :
779 1507 52 26 422
841 1508 52 25 042
1072 1511 53 26 425
1137 1511 50 27 777
1377 1515 51 26 847
1440 1516 52 26 819

521 1549 148 28 1954...
779 1552 52 26 433
843 1552 50 26 716
977 1569 2 7 |
1072 1556 52 25 418
1135 1556 53 26 474
1376 1560 53 26 852
1441 1561 51 26 190

520 1594 69 26 1958
610 1616 4 3 ;:
637 1616 31 4 a.
778 1596 52 26 443
840 1597 53 26 094
976 1625 2 11 |
1071 1600 54 26 410
1134 1601 53 26 659
1271 1616 2 15 I
1376 1604 52 26 853
1440 1606 51 25 753

520 1638 68 26 1956
610 1660 57 5 ...
777 1640 52 27 453
840 1641 52 26 344
1070 1645 53 26 408
1134 1646 51 25 651
1375 1649 51 25 861
1439 1649 52 26 995

520 1683 67 26 1957
609 1705 57 5 ...
777 1685 52 26 475
841 1686 51 26 752
1069 1690 53 26 409
1134 1690 52 26 209
1375 1694 53 25 884
1439 1694 49 26 961

494 1738 2 13 |
519 1728 68 26 1958
608 1749 4 4 =
635 1750 4 3 =
662 1751 4 4 &
777 1730 52 26 505
840 1731 51 26 626
1069 1734 52 26 417
1133 1735 53 25 600
1270 1745 1 13 |
1375 1738 51 26 923
1437 1739 52 25 226

519 1772 68 26 1959
608 1794 58 5 ...
776 1775 50 26 541
838 1775 51 27 357
974 1799 2 13 |
1068 1778 54 26 429
1134 1780 51 25 150
1269 1797 2 9 |
1374 1782 52 26 970
1436 1783 52 26 507

493 1838 2 9 |
518 1816 93 26 29605
634 1839 3 3 3
661 1839 4 4 a
776 1819 51 26 578
838 1820 52 25 972
1068 1823 53 26 438
1131 1824 54 25 430
1348 1827 10 25 1
1373 1827 52 25 017
1436 1828 52 26 402

518 1861 66 26 1961
607 1883 3 4 .
634 1883 30 4 ..
775 1864 114 27 610198
1068 1868 52 25 448
1131 1868 53 26 572
1347 1873 10 23 1
1372 1871 53 26 058
1437 1872 51 26 770

517 1905 68 26 1962
633 1928 31 4 «sc
775 1908 52 26 624
837 1909 51 26 277
1067 1912 53 26 470
1133 1912 51 26 744
1346 1916 78 26 1093
1434 1917 52 25 021

517 1950 67 26 1963
605 1972 4 4 .
632 1972 31 4 ..
773 1951 53 28 625
835 1952 54 27 504
972 1964 2 12 I
1069 1957 52 26 500
1130 1957 54 26 304
1346 1961 77 25 11235
1434 1961 52 26 808

516 1994 147 27 1964...
773 1997 52 26 612
836 1998 50 26 471
1066 2001 53 26 535
1129 2002 53 26 658
1345 2005 78 25 1148
1436 2006 50 25 129

515 2039 69 26 1969
604 2061 4 4 5:
658 2062 4 4 i
773 2042 51 26 593
834 2042 51 26 317
1066 2046 52 25 572
1129 2047 52 25 877
1345 2049 77 26 1166
1435 2050 51 26 194

515 2083 68 27 1966
604 2105 4 4 .
631 2106 30 4 ..
773 2086 49 26 571
835 2087 51 26 875
1065 2090 52 26 603
1130 2091 51 25 775
1343 2091 80 29 1175
1432 2093 54 27 650

514 2128 67 26 1967
603 2150 4 4 .
630 2151 3 3 «
657 2151 4 3 :
772 2131 51 26 554
834 2132 52 26 258
1065 2135 51 25 617
1129 2135 51 26 706
1343 2138 76 26 1171
1432 2139 52 26 964

514 2172 68 27 1968
602 2194 3 4 .
630 2195 31 4 ..
771 2175 52 26 538
834 2176 51 26 635
1064 2177 53 27 618
1127 2178 54 27 920
1343 2183 77 25 1157
1431 2184 53 26 555

513 2217 68 26 1969
602 2239 4 4 ;
630 2239 30 4 =:
771 2220 51 26 528
833 2221 52 26 376
1064 2224 52 25 606
1127 2224 53 27 024
1342 2227 79 26 1134
1431 2228 52 26 400

513 2262 68 25 1970
602 2283 58 5 ...
771 2265 51 26 523
833 2266 51 26 526
1063 2268 52 26 587
1126 2269 52 25 071
1342 2272 78 25 1110
1431 2273 51 25 597

512 2306 66 26 1971
601 2328 4 4 :
628 2328 31 4 os
770 2309 51 26 517
834 2310 50 26 750
1063 2313 52 25 565
1126 2313 52 26 856
1342 2316 77 26 1083
1430 2317 52 26 606

318 2373 57 34 En
398 2374 133 44 ökning
552 2388 46 22 av
620 2377 181 36 skolornas
825 2380 402 45 utbildningskapacitet
1249 2385 71 34 kan
1342 2386 62 34 ske
1425 2388 48 41 på
1495 2389 64 33 två
1581 2392 85 38 sätt,
1690 2390 74 34 dels

270 2437 127 31 genom
420 2432 56 29 att
496 2441 84 22 man
602 2430 88 34 ökar
711 2433 136 33 antalet
869 2433 239 45 avdelningar,
1131 2436 73 34 dels
1226 2449 127 31 genom
1376 2443 57 30 att
1455 2440 43 34 de
1520 2441 241 45 avdelningar,

271 2491 75 22 som
368 2480 109 34 redan
499 2481 104 41 finns,
625 2484 182 43 utnyttjas
829 2498 96 22 mera
946 2487 183 42 intensivt,
1150 2493 93 32 t.ex.
1265 2502 127 31 genom
1413 2504 44 22 en
1479 2494 214 45 avkortning
1714 2509 47 22 av
