1874 2786
272 152 19 30 8
612 155 298 37 Statsutskottets
926 161 185 34 utlåtande
1129 175 42 20 nr
1188 167 67 30 138
1272 166 38 32 år
1328 169 90 31 1955

271 229 150 40 vecklas,
444 232 39 33 så
504 237 55 28 att
579 233 67 34 den
668 234 73 34 inte
763 236 85 35 bara
869 238 209 36 kvalitativt
1099 246 88 29 utan
1209 246 89 31 även
1320 245 239 37 kvantitativt
1580 249 70 34 kan
1672 250 85 43 fylla

270 274 203 35 samhällets
498 276 115 34 behov
637 290 45 21 av
706 280 307 46 yrkesutbildning
1036 297 45 21 av
1106 286 178 35 skiftande
1309 294 56 29 art
1389 290 65 34 och
1479 293 96 41 grad.

314 341 29 22 c.
368 330 360 47 Yrkesutbildningen
747 336 87 35 skall
853 337 10 34 i
882 340 90 41 regel
991 361 44 4 —
1053 341 88 34 efter
1160 344 67 32 den
1247 344 230 36 förberedelse
1496 360 46 21 av
1560 350 117 41 yrkes-
1691 351 64 33 och

269 374 364 42 anlagsorienterande
653 379 168 35 karaktär
840 394 75 22 som
935 396 58 30 ges
1013 385 10 32 i
1043 387 248 35 enhetsskolan
1311 389 90 35 fram
1422 391 52 34 till
1494 393 64 33 och
1578 395 80 32 med
1678 396 77 33 dess

270 417 146 35 åttonde
435 420 93 33 klass
546 442 45 4 —
610 423 99 42 börja
728 426 80 33 med
827 431 54 29 ett
901 428 54 33 års
974 429 207 44 skolmässig
1199 432 81 33 eller
1298 434 46 41 på
1363 440 112 29 annat
1494 439 72 31 sätt
1585 443 170 37 systema-

268 461 129 35 tiserad
421 465 345 40 praktisk-teoretisk
791 471 252 44 undervisning
1066 473 54 34 för
1144 476 68 33 alla
1236 477 113 34 elever
1373 478 10 33 i
1407 480 94 33 klass
1525 485 19 30 9
1568 494 34 30 y.
1627 483 128 34 Denna

267 507 307 45 yrkesutbildning
595 511 88 34 skall
706 513 253 43 kompletteras
982 518 80 33 med
1085 519 148 34 allmänt
1256 522 169 35 teoretisk
1448 524 65 34 och
1535 523 219 50 medborger-

267 549 46 43 lig
337 552 262 44 undervisning.
624 556 56 32 En
705 557 202 45 utbildning
933 573 45 21 av
1003 561 100 35 detta
1130 564 74 42 slag
1228 565 71 33 kan
1325 566 54 33 för
1403 570 221 35 närvarande
1649 572 106 33 också

267 594 115 43 bygga
399 597 48 42 på
463 598 217 41 folkskolans
697 601 125 42 sjunde
841 604 82 33 eller
941 605 146 35 åttonde
1105 607 105 35 klass.
1228 609 69 33 För
1314 615 95 29 stora
1427 624 151 31 grupper
1597 615 158 34 kommer

266 638 115 35 denna
400 641 203 44 utbildning
622 649 56 28 att
698 649 125 38 utgöra
843 647 68 34 den
930 649 229 44 skolmässiga
1178 653 158 42 grunden
1357 654 55 34 för
1431 656 157 42 fortsatt,
1609 662 144 31 övervä-

264 684 114 41 gande
399 686 163 41 praktisk
582 688 308 46 yrkesutbildning
911 693 66 33 och
999 695 141 43 träning
1161 696 11 33 i
1194 698 273 41 produktionen.

310 739 33 33 d.
367 739 70 35 För
464 741 92 34 vissa
582 744 326 45 ungdomsgrupper
932 749 113 34 måste
1070 752 353 45 yrkesutbildningen
1449 756 169 36 fortsätta
1643 760 110 33 under

264 783 204 44 ytterligare
490 791 53 29 ett
565 788 81 33 eller
665 789 86 34 flera
773 791 38 33 år
831 791 89 34 efter
942 797 19 30 9
983 806 23 30 y
1028 795 80 33 eller
1129 796 166 35 liknande
1316 798 254 37 förberedande
1591 799 160 52 yrkesut-

267 827 156 44 bildning
439 829 11 33 i
468 831 203 44 anslutning
687 833 53 34 till
757 834 210 37 folkskolan.
984 838 178 44 Antingen
1180 841 79 34 sker
1275 842 101 35 detta
1392 844 75 34 helt
1484 846 111 33 under
1612 848 139 33 skolans

263 871 152 44 ledning,
443 875 124 34 varvid
594 880 110 31 större
732 878 99 34 delen
858 892 46 22 av
930 882 295 45 undervisningen
1252 886 78 34 sker
1356 887 11 33 i
1393 888 135 41 skolan,
1555 891 91 34 dock
1670 893 81 33 med

265 917 302 45 växelutbildning
586 921 80 33 eller
685 923 143 41 praktik
848 924 10 33 i
879 925 228 43 näringslivet
1126 930 47 40 på
1193 935 110 29 annat
1322 934 74 31 sätt
1415 932 54 34 för
1489 938 55 29 att
1563 947 40 30 ge
1623 936 127 34 elever-

263 972 45 21 na
328 961 154 35 kontakt
502 964 80 33 med
603 966 210 41 produktivt
833 969 131 35 arbete.
985 971 93 33 Eller
1098 973 106 34 också
1225 974 134 34 skaffar
1379 976 51 43 sig
1449 977 121 34 eleven
1590 980 161 41 praktisk

263 1005 202 44 utbildning
483 1008 38 32 så
539 1013 79 37 gott
636 1021 75 22 som
730 1011 73 34 helt
821 1013 145 34 utanför
984 1015 122 34 skolan
1126 1029 81 21 men
1225 1018 54 33 får
1297 1031 43 21 en
1359 1020 70 34 viss
1449 1022 179 41 teoretisk,
1647 1025 102 42 prak-

262 1048 70 34 tisk
356 1050 66 33 och
447 1051 148 35 allmänt
619 1055 253 44 medborgerlig
896 1059 251 44 undervisning
1170 1062 11 32 i
1205 1063 216 41 yrkesskola,
1446 1066 168 43 antingen
1638 1068 11 33 i
1672 1069 77 33 kor-

261 1097 75 29 tare
360 1094 276 37 koncentrerade
662 1099 121 34 kurser
806 1102 48 41 på
879 1101 110 35 heltid
1016 1104 80 33 eller
1120 1117 127 30 genom
1273 1107 382 48 deltidsundervisning
1680 1114 69 32 viss

261 1137 52 34 tid
335 1150 62 30 per
419 1140 121 34 vecka.

305 1184 80 34 Den
409 1186 306 43 kompletterande
739 1191 296 45 undervisningen
1059 1195 10 33 i
1092 1196 205 42 yrkesskola
1320 1198 172 45 förlägges
1516 1201 11 34 i
1550 1203 198 43 möjligaste

259 1229 83 33 mån
365 1229 53 34 till
441 1231 173 35 ordinarie
637 1234 183 36 arbetstid.

304 1296 29 22 e.
357 1285 103 34 Efter
482 1287 67 33 den
570 1290 287 43 grundläggande
880 1293 263 44 utbildningens
1166 1298 71 33 slut
1258 1311 58 30 ges
1338 1300 222 43 möjligheter
1583 1307 55 29 att
1660 1304 10 33 i
1691 1316 56 30 yr-

258 1327 162 36 kesskola
441 1330 168 36 fortsätta
631 1334 97 34 såväl
750 1335 42 34 de
814 1337 296 41 yrkesteoretiska
1132 1341 65 33 och
1218 1343 185 41 praktiska
1425 1357 75 22 som
1523 1347 42 33 de
1586 1348 160 34 medbor-

258 1372 128 43 gerliga
404 1374 66 34 och
489 1377 436 43 personlighetsfostrande
946 1383 191 41 studierna,
1157 1386 72 33 dels
1249 1386 10 33 i
1278 1388 306 42 kompletterande
1604 1392 142 34 deltids-

258 1417 131 40 kurser,
419 1419 73 33 dels
520 1420 10 33 i
558 1433 96 22 mera
680 1423 250 36 kvalificerade
958 1427 372 44 fortbildningskurser
1358 1433 112 33 under
1497 1434 140 35 kortare
1666 1437 80 33 eller

257 1461 117 43 längre
395 1464 349 44 sammanhängande
764 1468 159 42 perioder
943 1472 80 33 med
1043 1472 394 47 heltidsundervisning.

302 1516 24 34 f.
350 1517 19 34 I
389 1518 69 33 den
477 1519 168 36 fortsatta
664 1522 352 46 yrkesutbildningen
1036 1527 86 34 skall
1143 1529 43 33 de
1206 1530 92 34 olika
1318 1534 152 32 ämnena
1490 1533 98 44 fogas
1608 1535 36 33 in
1662 1536 11 32 i
1692 1540 53 29 ett

257 1561 128 34 sådant
403 1565 257 43 sammanhang
678 1567 65 33 och
761 1580 59 29 ges
838 1581 43 21 en
900 1570 110 34 sådan
1030 1571 204 45 inriktning,
1253 1579 56 29 att
1328 1576 181 35 studierna
1527 1579 109 41 pekar
1654 1580 90 33 fram

256 1610 75 28 mot
353 1611 54 28 ett
429 1607 155 35 bestämt
605 1611 82 33 mål.
709 1610 113 36 Detta
842 1614 71 33 mål
936 1615 70 33 kan
1028 1619 113 31 sättas
1163 1617 105 44 högre
1290 1620 81 33 eller
1392 1621 94 42 lägre
1508 1623 63 33 allt
1592 1623 89 34 efter
1702 1625 42 33 de

256 1650 212 35 studerande
493 1652 237 36 individernas
757 1656 125 41 behov,
908 1658 145 35 intresse
1079 1661 65 33 och
1170 1661 169 44 förmåga.
1365 1665 379 45 Yrkesutbildningens

255 1694 93 33 olika
373 1696 132 33 stadier
529 1698 87 33 skall
642 1700 38 32 så
705 1700 98 42 långt
827 1701 141 44 möjligt
993 1703 115 43 bygga
1133 1706 47 41 på
1205 1707 186 41 varandra,
1417 1709 66 34 och
1508 1711 234 41 yrkesutbild-

254 1737 128 44 ningen
403 1740 89 34 skall
513 1742 214 42 organiseras
749 1756 75 23 som
844 1758 43 21 en
907 1747 84 41 linje
1013 1748 58 34 vid
1093 1749 101 34 sidan
1216 1763 45 21 av
1282 1752 42 34 de
1345 1753 94 34 olika
1460 1754 282 45 utbildningslin-

253 1781 62 43 Jer,
336 1795 76 22 som
434 1784 130 43 bygger
584 1787 46 42 på
651 1788 266 36 enhetsskolans
938 1792 190 35 teoretiska
1149 1795 365 44 avslutningsklasser.
1535 1799 56 34 De
1612 1801 129 34 utbild-

254 1826 221 44 ningsvägar,
495 1842 74 21 som
587 1831 248 36 enhetsskolan
854 1835 94 33 leder
965 1836 63 40 till,
1047 1837 66 34 blir
1130 1839 47 41 på
1193 1840 39 32 så
1248 1843 73 30 sätt
1338 1842 190 42 parallella,
1547 1844 194 43 likvärdiga

253 1870 101 42 linjer
374 1872 96 34 inom
492 1878 53 29 ett
565 1875 170 43 enhetligt
756 1889 81 22 men
859 1878 71 35 rikt
951 1880 256 36 differentierat
1227 1884 366 45 utbildningssystem,
1615 1890 63 33 där
1699 1890 42 33 de

253 1916 183 41 praktiska
460 1918 133 41 yrkena
617 1923 90 30 sätts
731 1921 10 32 i
765 1922 132 42 paritet
920 1924 81 33 med
1026 1926 41 32 de
1092 1927 191 34 teoretiska
1306 1929 11 32 i
1342 1929 99 43 fråga
1465 1943 58 22 om
1547 1935 117 31 rätten
1687 1935 52 32 till

253 1959 64 34 och
338 1960 42 33 de
401 1961 228 36 ekonomiska
649 1964 344 45 förutsättningarna
1012 1968 54 34 för
1086 1982 42 21 en
1148 1971 146 43 gedigen
1315 1974 212 43 utbildning.

297 2027 32 31 g.
353 2016 19 33 I
398 2017 136 43 princip
561 2020 87 33 skall
675 2021 60 33 det
762 2034 84 22 vara
873 2024 139 42 möjligt
1039 2030 55 29 att
1119 2028 45 40 gå
1191 2027 77 34 från
1295 2041 43 21 en
1365 2030 93 42 lägre
1485 2031 53 34 till
1565 2044 42 22 en
1634 2033 105 43 högre

251 2060 313 42 yrkesutbildande
583 2064 82 33 kurs
684 2070 87 29 utan
790 2066 212 36 tidsödande
1022 2070 148 34 allmänt
1189 2073 190 34 teoretiska
1398 2075 134 33 studier
1549 2078 128 33 mellan
1697 2079 41 32 de

251 2104 93 34 olika
366 2106 190 35 stadierna.
579 2108 19 33 I
622 2109 42 33 de
687 2109 72 40 fall,
783 2111 46 33 då
851 2124 84 21 man
959 2114 112 33 måste
1096 2116 178 41 uppställa
1298 2117 89 33 krav
1409 2119 47 42 på
1478 2119 106 43 högre
1609 2122 128 33 allmän

251 2149 168 34 teoretisk
447 2151 355 44 skolunderbyggnad
830 2155 55 34 för
912 2156 138 35 inträde
1079 2158 9 33 i
1118 2171 42 21 en
1189 2160 314 42 yrkesutbildande
1532 2165 98 34 skola
1658 2167 81 33 eller

250 2192 93 40 kurs,
363 2194 64 33 bör
445 2195 222 42 möjligheter
683 2210 58 30 ges
761 2199 37 33 åt
817 2199 118 35 därtill
954 2201 163 43 lämpade
1136 2204 196 41 ungdomar
1351 2207 81 33 med
1451 2209 286 43 grundläggande

249 2237 161 41 praktisk
433 2239 307 45 yrkesutbildning
763 2243 95 34 inom
883 2245 160 34 området
1067 2251 56 29 att
1145 2249 48 40 på
1217 2248 183 44 smidigast
1423 2251 144 43 möjliga
1591 2257 73 31 sätt
1686 2254 50 33 in-

249 2281 123 34 hämta
390 2282 223 44 erforderliga
630 2285 257 45 förkunskaper
905 2301 46 21 av
970 2290 297 36 allmänbildande
1285 2294 84 42 slag.

293 2336 34 34 h.
352 2337 68 34 Vid
441 2338 101 34 sidan
564 2352 45 20 av
630 2341 67 33 den
718 2342 259 45 kontinuerliga
996 2346 351 46 yrkesutbildningen
1369 2351 96 34 inom
1486 2357 54 30 ett
1560 2354 65 33 och
1646 2367 89 21 sam-

248 2393 58 21 ma
328 2382 249 41 yrkesområde
601 2384 88 34 skall
714 2386 58 34 vid
795 2388 270 41 yrkesskolorna
1088 2391 116 35 finnas
1228 2395 222 42 möjligheter
1474 2397 52 33 till
1550 2399 185 43 grundläg-

247 2426 113 40 gande
378 2426 201 44 utbildning
596 2428 53 33 för
664 2442 174 29 personer,
856 2444 76 22 som
948 2435 47 41 på
1011 2439 53 29 ett
1080 2447 121 23 senare
1219 2438 155 35 stadium
1392 2442 146 41 övergår
1554 2442 53 33 till
1625 2448 111 29 annat

247 2470 96 41 yrke.
359 2470 129 34 Denna
504 2472 201 44 utbildning
720 2475 87 34 skall
824 2477 122 34 kunna
962 2478 60 34 ske
1039 2480 168 43 antingen
1223 2482 10 32 i
1250 2482 251 36 deltidskurser
1517 2486 81 33 eller
1613 2487 11 32 i
1639 2500 96 21 mera
