2198 2618
426 137 22 29 4
845 136 115 30 Första
984 135 211 41 lagutskottets
1218 135 166 31 utlåtande
1407 135 54 31 Nr
1484 136 48 29 11.

387 228 65 32 äro
479 226 118 34 heller
627 225 81 34 icke
741 224 152 34 särskilt
923 224 252 34 intresserade
1203 235 49 23 av
1279 224 223 35 detsamma.
1555 224 61 33 Av
1643 223 225 36 kommittén
1896 224 120 35 hörda

385 278 306 41 representanter
717 274 60 35 för
804 274 72 34 den
904 274 166 44 grafiska
1096 274 212 34 industrien
1337 275 100 33 hava
1465 274 80 34 dels
1564 274 139 43 intagit
1722 285 145 23 samma
1886 274 130 35 stånd-

387 326 123 43 punkt
538 336 79 23 som
647 325 46 35 de
721 325 261 44 nyssnämnda
1014 324 281 44 föreningarna,
1324 324 81 34 dels
1432 324 171 35 förordat
1630 324 304 43 mönsterskydd.

522 375 85 35 Vad
635 376 120 44 angår
782 375 336 34 möbelindustrien
1147 376 101 32 hava
1275 374 65 35 två
1368 375 314 33 handelskamrar
1708 375 130 33 funnit
1861 375 155 33 betänk-

386 425 161 44 ligheter
582 430 79 31 mot
689 425 352 44 mönsterskyddets
1070 425 269 34 utsträckande
1366 425 58 34 till
1453 425 125 33 denna
1606 424 177 35 industri.
1836 425 180 34 Däremot

387 476 70 34 har
484 476 174 44 Sveriges
687 477 90 34 stol-
805 477 70 33 och
903 475 455 35 möbelindustriförbund
1385 474 50 44 på
1463 478 55 31 ett
1545 478 99 31 möte
1673 475 185 44 enhälligt
1876 476 141 33 uttalat

387 527 58 43 sig
472 527 59 33 för
558 526 305 44 mönsterskydd,
893 527 119 33 ehuru
1040 526 204 34 förbundet
1264 525 34 43 ej
1320 526 103 33 velat
1442 526 99 33 hava
1561 525 104 34 detta
1685 525 124 43 skydd
1829 525 187 35 anordnat

386 577 50 43 på
468 588 146 22 samma
642 580 76 31 sätt
745 588 81 23 som
854 577 223 34 kommittén
1105 576 207 44 föreslagit.
1366 576 74 33 Till
1470 575 105 35 detta
1601 575 199 34 uttalande
1820 576 69 33 har
1908 575 107 35 Små-

386 627 112 34 lands
539 628 70 33 och
649 627 183 44 Blekinge
873 627 355 34 handelskammare
1270 627 159 33 anslutit
1470 626 58 43 sig
1567 625 86 35 med
1690 626 239 43 hemställan,
1959 629 58 31 att

387 677 293 44 mönsterskydd
721 677 117 35 måtte
879 677 141 34 införas
1060 677 59 34 för
1157 677 286 41 träimdustrien,
1486 676 209 34 oberoende
1737 687 49 23 av
1813 679 56 31 att
1895 676 121 34 andra

386 728 303 43 industrigrenar
729 728 81 34 icke
851 728 119 34 önska
1007 727 303 43 mönsterskydd.
1365 727 18 33 TI
1411 727 215 43 yttranden,
1657 737 81 23 som
1767 726 162 43 avgivits
1957 727 59 34 till

387 778 407 44 kommerskollegium,
837 778 100 34 hava
978 778 91 34 flera
1101 778 361 34 möbelfabrikanter
1488 777 177 34 framfört
1694 777 233 43 önskningar
1954 788 60 22 om

387 828 305 44 mönsterskydd,
709 829 70 34 och
798 829 12 33 i
830 827 457 35 kommittébetänkandet
1306 827 198 41 förklaras,
1525 830 57 31 att
1599 827 60 34 för
1677 827 336 34 möbelindustrien

387 882 100 31 samt
527 879 58 34 för
624 879 294 43 tillverkningen
960 890 49 22 av
1048 889 127 23 ramar
1206 879 70 33 och
1304 878 156 34 listverk
1487 878 161 34 behovet
1676 888 49 23 av
1753 880 54 32 ett
1833 880 182 32 mönster-

387 929 124 44 skydd
540 940 48 23 av
616 929 120 34 hörda
764 929 239 43 sakkunniga
1031 929 121 34 starkt
1180 929 185 34 betonats.

522 979 101 34 Från
665 979 192 44 åtskilliga
897 979 314 34 handelskamrar
1251 979 70 33 har
1356 978 233 44 ifrågasatts,
1622 977 192 35 huruvida
1846 977 71 34 den
1945 989 71 22 nu-

386 1030 170 34 varande
597 1002 236 75 tidpunkten.
867 1030 86 34 med
994 1030 86 33 dess
1108 1028 278 44 komplicerade
1414 1029 308 34 internationella
1749 1028 265 67 förhållanden

386 1080 127 34 kunde
542 1092 110 22 anses
680 1081 159 43 lämplig
865 1080 59 34 för
952 1080 72 34 den
1053 1080 216 56 föreslagna
1297 1080 130 43 lagens
1455 1079 212 34 införande.

523 1130 100 34 Från
652 1131 121 34 andra
801 1130 77 34 håll
906 1130 81 34 åter
1015 1131 98 33 hava
1140 1130 12 33 i
1180 1130 47 34 de
1254 1106 182 58 inkoinna
1463 1129 231 43 yttrandena
1721 1128 82 34 icke
1821 1128 119 44 några
1958 1129 57 33 in-

386 1181 242 43 vändningar
667 1182 136 33 riktats
844 1184 79 31 mot
964 1184 54 31 ett
1058 1180 270 34 utsträckande
1360 1192 49 22 av
1436 1178 334 48 mönsterskyddet
1796 1179 12 33 i
1837 1179 71 34 den
1937 1190 79 22 om-

386 1231 180 43 fattning,
603 1225 213 53 kommittén
839 1231 215 43 föreslagit.
1096 1230 101 34 Från
1227 1242 46 22 en
1303 1231 59 33 del
1391 1229 77 35 håll
1497 1233 108 40 göres
1632 1232 165 31 tvärtom
1826 1229 188 43 gällande,

387 1285 57 30 att
463 1281 64 34 det
546 1293 48 22 av
613 1282 223 34 kommittén
857 1281 215 44 föreslagna
1093 1281 236 43 undantaget
1347 1292 88 22 vore
1456 1280 217 42 obehövligt
1692 1280 90 34 eller
1797 1279 127 34 alltför
1939 1291 77 22 om-

387 1332 184 34 fattande.
615 1331 162 35 Särskilt
806 1332 100 33 hava
933 1335 304 39 representanter
1264 1331 59 34 för
1343 1331 186 33 hantverk
1549 1331 69 33 och
1638 1329 189 43 hemslöjd
1847 1330 170 34 förordat

388 1393 45 23 en
474 1381 106 44 långt
621 1382 146 43 gående
800 1382 264 43 utsträckning
1091 1393 48 22 av
1167 1381 342 43 mönsterskyddet.
1563 1381 61 34 Av
1651 1380 366 34 handelskamrarna

388 1433 100 33 hava
528 1431 240 35 Stockholms
813 1432 363 40 handelskammare,
1220 1431 144 34 Skånes
1405 1431 188 41 handels-,
1634 1431 182 33 industri-
1844 1431 69 33 och
1941 1430 76 43 sjö-

387 1482 303 41 fartskammare,
721 1482 382 34 handelskammaren
1131 1482 11 33 i
1172 1481 130 42 Gävle,
1331 1480 339 35 Västernorrlands
1699 1481 71 34 och
1798 1480 218 35 Jämtlands

387 1534 83 33 läns
512 1533 356 33 handelskammare
910 1535 98 31 samt
1039 1532 247 34 Norrbottens
1315 1532 69 33 och
1412 1532 287 33 Västerbottens
1727 1532 84 33 läns
1840 1531 176 34 handels-

387 1584 193 33 kammare
622 1583 195 43 obetingat
857 1583 139 34 uttalat
1037 1583 56 33 sin
1127 1582 222 43 anslutning
1376 1582 56 34 till
1461 1582 242 34 kommitténs
1732 1581 144 43 förslag
1901 1581 13 34 i
1940 1581 76 34 vad

388 1633 63 35 det
470 1633 119 43 angår
608 1632 269 35 utsträckande
897 1644 48 22 av
964 1632 181 43 skyddets
1165 1631 457 44 tillämplighetsområde.
1659 1632 146 33 Därvid
1825 1631 62 34 må
1905 1632 112 33 emel-

387 1684 112 34 lertid
540 1684 155 41 erinras,
742 1687 57 30 att
839 1682 239 35 Stockholms
1120 1683 353 33 handelskammare
1513 1683 12 33 i
1567 1694 43 22 en
1653 1682 42 34 år
1739 1682 95 34 1913
1863 1682 152 43 ingiven

388 1734 285 43 framställning
718 1745 60 22 om
824 1733 176 44 utvidgat
1046 1733 291 43 mönsterskydd
1378 1732 195 43 förklarat,
1615 1735 56 31 att
1712 1733 80 33 helt
1832 1732 184 43 naturligt

388 1785 114 43 ingen
543 1784 271 43 industrigren,
857 1795 79 22 som
979 1783 139 44 ansåge
1158 1783 218 34 fördelarna
1417 1794 48 22 av
1501 1782 222 34 nuvarande
1751 1782 264 34 förhållanden

389 1838 180 40 uppväga
597 1835 305 43 olägenheterna,
932 1834 114 34 borde
1075 1834 202 43 påtvingas
1307 1845 45 22 en
1381 1833 398 44 skyddslagstiftning.

216 1881 140 55 Departe-
527 1885 74 33 Vid
647 1884 399 43 kommittéförslagets
1092 1885 177 33 anmälan
1315 1884 12 33 i
1368 1883 204 34 statsrådet
1599 1883 216 34 förklarade
1844 1882 172 44 departe-

182 1930 480 47 mentschefen.mentschefen,
704 1938 57 31 att
802 1935 75 33 han
919 1946 48 22 av
1006 1934 75 34 vad
1122 1935 11 33 i
1162 1934 157 34 ärendet
1346 1933 241 35 förekommit
1613 1934 169 43 bibragts
1811 1933 72 34 den
1912 1936 104 31 över-

387 1987 185 42 tygelsen,
602 1989 56 30 att
686 1985 64 34 det
777 1985 81 34 icke
887 1985 119 34 skulle
1026 1996 92 23 vara
1136 1984 202 43 tillrådligt
1356 1988 56 30 att
1431 1996 51 22 nu
1502 1984 123 34 införa
1645 1987 53 31 ett
1717 1984 43 34 så
1780 1983 236 35 omfattande

389 2035 305 44 mönsterskydd,
753 2047 81 22 som
892 2035 222 34 kommittén
1164 2034 209 44 föreslagit,
1420 2038 99 30 samt
1563 2034 158 34 anförde
1767 2034 247 34 därutinnan:

388 2087 235 45 Kommittén
670 2089 130 40 syntes
844 2085 66 34 vid
956 2085 241 43 avvägandet
1242 2096 49 23 av
1332 2084 350 43 mönsterskyddets
1715 2084 202 44 gagneliga
1945 2084 70 33 och

388 2136 147 35 mindre
576 2147 253 33 gynnsamma
871 2136 102 34 sidor
1013 2136 100 34 hava
1151 2136 12 33 i
1205 2136 77 33 viss
1316 2135 87 34 mån
1437 2135 235 34 överskattat
1700 2134 47 34 de
1775 2134 113 34 förra.
1942 2134 73 34 Det

388 2186 116 35 borde
549 2187 153 34 särskilt
746 2186 234 43 framhållas,
1027 2189 57 31 att
1124 2186 199 44 hänsynen
1365 2186 56 34 till
1454 2186 331 34 mönsterritarnes
1817 2185 197 41 intressen,
