2200 2628
455 187 102 30 Andra
577 186 193 30 Kammarens
794 185 164 37 Tillfälliga
982 184 123 30 Utskotts
1125 183 68 35 (N:o
1215 183 33 34 5)
1273 181 153 31 Utlåtande
1446 181 53 29 N:o
1519 181 49 28 24.
1761 180 15 27 5

344 252 54 48 År
427 262 96 37 1903
551 261 69 38 har
648 265 55 32 att
727 259 168 51 uppvisa
922 259 66 37 det
1014 263 144 33 största
1184 256 146 40 antalet
1357 255 235 50 emigranter
1610 253 122 39 under
1744 251 70 39 det

212 318 153 34 senaste
392 312 154 38 tiotalet
572 315 51 35 år.
677 310 132 39 Under
836 309 261 38 innevarande
1127 312 40 34 år
1195 313 41 33 är
1258 307 67 38 det
1351 306 63 38 väl
1430 305 202 49 antagligt,
1649 309 55 33 att
1722 303 93 38 emi-

212 364 386 50 grationsströmmen
626 363 172 37 kommer
825 367 55 31 att
906 364 130 45 något,
1063 360 148 37 kanske
1239 358 225 49 väsentligt,
1483 356 149 49 sjunka,
1651 354 164 38 emedan

213 414 348 48 affärsställningen
601 414 14 37 i
655 413 167 37 Förenta
868 417 170 32 staterna
1085 410 241 48 oförtydbart
1368 409 233 37 försämrats.
1672 406 142 46 »Men>,

214 467 167 38 skrifver
409 466 46 37 G.
485 464 215 48 Sundbärg,
726 463 164 37 »sådana
918 467 66 32 äro
1011 458 549 52 utvandringsförhållandena
1585 457 13 37 i
1613 457 84 38 vårt
1710 456 105 46 land,

213 523 67 44 att,
308 517 107 38 detta
440 516 171 46 oaktadt,
638 515 38 37 vi
704 514 94 37 böra
825 526 91 25 vara
942 512 172 39 beredda
1139 515 51 47 på
1217 517 55 32 att
1298 511 115 38 äfven
1439 508 123 39 under
1594 509 98 36 1904
1723 506 93 38 emi-

212 574 228 45 granternas
469 567 102 37 antal
598 567 55 36 får
679 565 140 37 räknas
846 565 13 37 i
886 563 257 38 tiotusental».

348 618 75 39 Till
455 617 222 51 jämförelse
711 619 61 34 må
799 614 197 39 meddelas
1024 612 352 50 utvandringstalet
1402 609 51 50 (d.
1482 624 34 24 v.
1544 624 31 24 s.
1605 609 119 49 årliga
1751 621 66 25 an-

215 670 95 38 talet
349 669 230 38 utvandrare
611 671 49 47 på
690 668 107 47 1,000
825 666 43 37 af
890 661 419 52 medelfolkmängden)
1338 663 59 37 för
1423 666 91 34 våra
1540 659 275 51 grannländer:

928 730 167 27 1886—1890
1207 714 170 58 1896—1900
1544 727 65 25 1902

416 770 160 49 Sverige
618 799 330 8 m.seseensesvssvvsnsa
979 770 76 44 7,59
1260 768 76 45 2,49
1541 765 75 46 6,55
1640 790 2 2 -

415 823 131 47 NOIgZe
583 850 364 8 oossesssssrnsssssrrssrsrsnnrnr
920 817 29 57 ann
978 820 77 45 8,26
1259 819 77 45 3,15
1540 815 76 46 9,06

415 872 196 39 Danmark
653 900 296 9 :2cmssessssessssss
979 871 75 46 4,01
1262 868 74 46 1,17
1541 866 75 44 2,81

417 924 131 49 Tyska
574 923 101 37 riket
703 919 8 58 =
720 951 218 7 ....meeeee
979 922 75 45 2,01
1259 919 77 46 0,47
1540 916 79 46 0,56

416 973 193 52 Ryssland
633 969 12 60 =
652 1001 297 9 .cnsseceeasasnn
979 972 78 46 0,48
1260 970 77 45 0,34
1540 967 78 44 0,48

417 1024 179 39 Medeltal
623 1023 59 38 för
707 1022 157 50 Europa
888 1053 62 5 ......
981 1024 76 45 2,13
1264 1021 73 45 1,44
1542 1019 88 45 2,48.

351 1127 113 38 Hvad
502 1138 81 25 som
624 1124 182 39 särskildt
845 1124 178 48 springer
1049 1121 12 37 i
1089 1126 153 44 ögonen
1281 1124 42 33 är
1361 1119 77 38 den
1465 1123 104 32 stora
1605 1115 216 39 skillnaden

218 1179 138 38 mellan
385 1182 22 34 å
435 1191 73 24 ena
549 1176 109 38 sidan
700 1174 196 49 Sveriges,
935 1178 21 33 å
996 1173 76 37 den
1112 1172 118 38 andra
1258 1170 216 38 Danmarks
1502 1168 74 38 och
1602 1166 218 49 Tysklands

218 1229 239 51 emigration.

351 1279 60 38 En
451 1284 174 32 närmare
660 1275 181 39 inblick
831 1264 20 63 i
869 1272 473 51 emigrationsstatistiken
1378 1271 137 49 lägger
1542 1269 12 37 i
1579 1269 139 49 dagen,
1750 1268 72 38 hur

219 1335 236 47 ogynnsamt
482 1328 283 49 utvandringen
793 1326 182 38 inverkar
1001 1328 50 46 på
1077 1327 85 34 vårt
1188 1323 111 39 lands
1319 1320 253 39 ekonomiska
1589 1320 73 37 och
1679 1319 143 38 sociala

219 1381 237 48 utveckling.
511 1379 306 49 Emigranterna,
860 1376 104 38 såväl
1005 1380 87 33 män
1131 1388 81 23 som
1253 1373 177 45 kvinnor,
1462 1370 152 38 tillhöra
1648 1370 13 36 i
1688 1369 134 48 regeln

221 1434 74 37 den
325 1431 267 46 kraftfullaste,
621 1434 99 32 mest
747 1427 213 38 arbetsföra
987 1426 133 38 åldern
1151 1426 145 36 15—35
1325 1427 51 34 år.
1431 1422 72 37 Det
1531 1426 42 32 är
1591 1420 231 49 visserligen

221 1483 176 49 omöjligt
424 1487 56 32 att
506 1481 11 37 i
545 1492 226 37 noggranna
797 1479 127 37 siffror
950 1477 188 50 uppgifva
1164 1475 101 38 hvad
1292 1475 96 36 hvar
1415 1473 72 37 och
1514 1486 48 23 en
1589 1471 42 38 af
1648 1471 87 38 dem
1753 1484 70 24 un-

221 1535 67 37 der
327 1535 83 37 sina
451 1533 119 36 första
612 1533 45 35 15
696 1528 287 51 improduktiva
1023 1531 39 34 år
1090 1527 129 37 kostat
1246 1524 211 39 samhället.
1512 1523 86 37 Men
1626 1521 122 50 enligt
1775 1520 48 38 de

221 1586 59 37 för
307 1585 102 37 olika
436 1583 134 37 länder
597 1581 137 50 gjorda
762 1577 543 48 sannolikhetsberäkningar,
1333 1578 49 48 på
1409 1573 131 38 hvilka
1562 1573 69 49 jag
1651 1573 69 36 här
1735 1572 88 37 icke

223 1635 99 38 skall
349 1641 176 31 närmare
552 1633 118 37 inlåta
696 1631 92 49 mig,
817 1635 42 32 är
887 1631 66 36 det
977 1628 161 39 alldeles
1165 1627 231 49 uppenbart,
1424 1630 54 32 att
1505 1624 75 38 den
1606 1631 77 30 rent
1699 1624 125 36 ekono-

222 1687 116 37 miska
378 1685 185 37 förlusten
595 1683 82 37 dels
708 1695 140 35 genom
878 1681 116 36 dessa
1021 1679 151 37 direkta
1199 1677 172 47 utgifter,
1399 1675 82 38 dels
1509 1687 142 36 genom
1680 1673 144 41 minsk-

222 1736 184 51 ningen
387 1725 21 66 i
432 1734 152 37 landets
612 1731 233 39 arbetskraft
871 1736 41 32 är
940 1729 173 48 ofantlig.

355 1780 115 43 Ånnu
498 1783 264 47 betänkligare
790 1787 42 31 är
871 1769 167 65 måhända
1061 1781 178 48 förlusten
1257 1779 46 49 af
1314 1778 126 48 andlig
1455 1776 111 49 kraft.
1620 1774 74 37 Det
1713 1773 110 38 torde

223 1837 198 48 nämligen
462 1847 91 25 vara
590 1848 46 22 en
669 1833 100 37 känd
797 1832 234 44 erfarenhet,
1060 1835 55 31 att
1142 1830 65 37 det
1234 1833 41 32 är
1304 1826 272 38 företrädesvis
1604 1824 117 38 bland
1749 1825 76 36 den

224 1888 219 49 energiska,
471 1886 242 48 intelligenta
742 1883 114 38 delen
885 1882 40 37 af
948 1881 222 48 ungdomen
1201 1892 80 25 som
1311 1876 350 39 utvandrarehären
1693 1875 132 48 rekry-

205 1944 131 31 teras.
390 1938 77 37 Det
508 1942 40 32 är
576 1936 11 36 i
615 1937 157 35 främsta
809 1938 165 33 rummet
1014 1932 47 36 de
1100 1932 313 47 företagsamma,
1440 1941 82 24 som
1550 1927 12 37 i
1590 1929 43 34 så
1660 1931 80 32 stor
1766 1932 58 30 ut-

226 1988 225 48 sträckning
489 1987 98 37 söka
625 1991 54 32 att
710 1985 54 37 slå
792 1985 59 47 sig
880 1984 95 36 fram
1004 1983 11 36 i
1042 1983 86 48 Nya
1157 1981 157 38 världen
1341 2003 49 5 —
1418 1979 47 37 de
1494 1978 83 37 slöa
1601 1977 71 37 och
1701 1976 124 37 oföre-

225 2047 217 40 tagsamma
470 2043 135 32 stanna
633 2050 77 34 nog
734 2035 117 37 oftast
878 2035 162 35 hemma.

358 2089 60 37 En
447 2088 94 48 följd
569 2088 41 35 af
634 2085 243 48 ungdomens
904 2082 235 45 utvandring
1167 2086 53 38 är,
1249 2086 54 31 att
1329 2076 396 52 åldersfördelningen
1709 2072 18 68 i
1743 2080 83 33 vårt

228 2141 84 37 land
344 2138 134 38 ställer
505 2137 60 46 sig
593 2137 65 36 allt
686 2146 332 37 ogynnsammare.
1074 2132 46 35 Vi
1149 2132 36 35 få
1211 2131 10 36 i
1251 2135 97 31 stort
1366 2129 86 37 sedt
1467 2127 185 38 öfverflöd
1670 2131 47 45 på
1733 2127 91 37 barn

227 2192 68 37 och
340 2189 204 47 åldringar,
586 2199 83 25 men
710 2186 93 36 brist
847 2188 44 45 på
933 2183 206 37 arbotsfört
1168 2181 88 36 folk.
1311 2181 57 35 Då
1396 2179 128 36 vidare
1553 2178 73 36 den
1657 2176 170 47 manliga

226 2241 279 48 emigrationon
546 2243 41 32 är
630 2236 190 50 betydligt
863 2234 169 38 starkare
1074 2238 49 32 än
1163 2232 74 36 den
1280 2230 200 48 kvinnliga
1511 2248 49 6 —
1587 2228 132 38 under:
1740 2230 86 34 åren
