2189 2579
269 285 56 37 till

287 1445 8 19 —-

300 1445 8 19 —-

285 1650 9 19 —-

298 1651 8 18 —-

765 158 250 32 Statsutskottets
1044 157 168 33 Utlåtande
1235 158 63 32 N:o
1322 161 51 30 10.

1196 236 210 49 Transport
1435 237 142 37 kronor

353 286 214 49 ersättning
595 286 41 37 af
660 287 294 50 öfverbyggnad
974 291 20 33 å
1018 287 186 49 indragna
1223 287 185 38 boställen

358 338 214 49 ersättning
605 338 60 37 för
697 339 57 36 till
788 340 229 36 statsverket
1051 339 172 37 afträdda
1260 340 148 49 åbygg-

371 390 117 36 nader
516 393 20 33 å
564 390 177 49 indraget
768 390 158 37 boställe
1119 424 16 2 Ur
1309 424 94 4 TA

357 441 431 50 byggnadsersättning,
831 442 121 48 enligt
983 442 140 49 nådiga
1154 442 151 37 brefvet
1333 443 73 37 den

371 495 46 33 29
451 493 73 48 maj
557 494 110 45 1891,
697 496 39 33 åt
763 493 269 49 skogstorpare
1061 496 20 33 å
1108 494 260 49 kronoparker
1395 495 12 35 i

369 544 253 36 Norrbottens
644 544 63 36 län
728 540 19 57 =
830 576 200 2 ooo.
1213 576 50 5 ue
1376 576 27 6 -

371 595 160 36 äldande
560 595 42 36 af
626 596 163 36 svenska
813 595 165 37 kronans
999 596 109 36 andel
1124 596 11 36 i
1151 596 255 37 kostnaderna

367 647 60 36 för
465 646 312 49 fiskeritillsynen
817 648 121 36 under
974 650 41 34 år
1050 649 97 35 1902
1179 647 64 36 vid
1274 648 131 48 regala

366 698 177 36 laxfisket
569 698 13 36 i
609 698 126 37 Torne
763 698 56 36 elf
1024 732 129 4 SSTiRKTNESRA.
1220 731 141 5 TR

355 750 189 47 gäldande
585 750 41 36 af
657 750 181 49 vägskatt
874 750 59 37 för
968 753 41 34 år
1043 752 95 35 1901
1174 751 58 37 för
1263 765 142 23 samma

367 801 157 36 laxfiske
558 832 2 4 ..
816 834 82 2 seeders
1177 836 2 2 |
1293 836 2 2 .

353 852 187 48 gäldande
569 853 41 36 af
634 853 181 48 vägskatt
842 854 58 35 för
927 856 41 33 år
998 856 95 34 1901
1124 854 58 36 för
1208 854 59 36 till
1294 860 110 31 stats-

365 903 135 36 verkel
540 904 187 48 indragna
767 904 252 36 frälseräntan
1055 905 40 35 af
1119 905 216 36 hemmanet
1364 905 39 42 ?'s

365 954 143 36 mantal
537 954 233 37 Sundersbol
797 968 61 23 n:o
890 957 17 34 1
938 956 12 35 i
978 956 142 49 Upsala
1146 956 63 36 län
1395 990 2 2 .

339 1006 266 47 godtgörande
634 1006 41 36 af
697 1006 162 37 kostnad
886 1007 60 36 för
973 1007 94 36 vård
1096 1007 41 36 af
1163 1007 86 37 Sala
1272 1007 129 49 hyttas

364 1062 278 43 vattensystem
684 1058 59 36 för
775 1058 104 36 tiden
912 1059 84 36 från
1029 1058 69 37 och
1130 1059 87 36 med
1252 1059 73 37 den
1357 1062 43 34 16

359 1109 73 48 juli
476 1110 95 35 1898
601 1109 58 36 till
686 1109 71 36 och
785 1110 85 36 med
899 1110 74 36 den
1002 1112 21 34 5
1052 1111 208 36 november
1290 1113 109 46 1899,

364 1160 121 49 enligt
523 1160 140 49 nådiga
703 1161 150 36 brefvet
893 1161 74 37 den
998 1164 45 34 13
1074 1162 199 37 december
1303 1165 95 35 1901

338 1212 188 48 gäldande
555 1212 40 36 af
618 1212 95 49 hyra
740 1212 61 37 för
827 1213 104 36 tiden
960 1213 85 36 från
1073 1213 70 36 och
1170 1214 86 36 med
1285 1214 73 37 den
1380 1217 18 34 1

363 1263 160 37 oktober
554 1264 96 36 1900
674 1264 58 36 till
751 1264 70 37 och
841 1265 86 36 med
946 1265 74 36 den
1041 1267 47 34 30
1109 1265 94 49 april
1225 1267 97 35 1902
1341 1266 61 36 för

362 1314 100 36 lokal
490 1317 39 34 åt
549 1315 337 37 Västernorrlands
908 1317 83 36 läns
1006 1316 393 49 landtmäterikontor,

363 1365 122 49 enligt
512 1366 140 48 nådiga
680 1366 150 37 brefvet
859 1367 73 37 den
963 1369 45 35 15
1032 1368 86 48 juni
1149 1370 96 34 1900

338 1416 214 48 kostnader,
582 1420 48 46 på
666 1418 125 48 grund
824 1419 41 35 af
893 1419 139 48 nådiga
1065 1419 151 36 brefvet
1249 1420 73 36 den
1352 1422 46 34 28

362 1468 216 49 september
613 1471 109 46 1900,
758 1469 60 36 för
850 1470 228 48 deltagande
1107 1471 83 36 från
1220 1470 178 50 Sveriges

362 1519 79 36 sida
480 1519 13 36 i
534 1533 46 23 en
625 1521 473 49 hydrografisk-biologisk
1142 1522 205 37 konferens
1386 1524 14 36 i

361 1567 206 57 Kristiania
688 1603 112 4 a
1227 1605 4 5 S

335 1622 146 49 bidrag,
510 1626 48 46 på
586 1624 126 48 grund
741 1624 40 36 af
805 1624 139 49 nådiga
972 1624 149 37 brefvet
1149 1625 73 36 den
1252 1627 46 34 25
1323 1627 73 48 maj

364 1675 109 45 1900,
519 1675 60 36 för
619 1675 153 36 fortsatt
811 1676 279 49 uppehållande
1118 1677 121 36 under
1266 1680 65 33 två
1358 1680 41 33 år

361 1725 43 36 af
428 1737 47 24 en
503 1726 240 49 mejeriskola
770 1727 13 36 i
810 1727 252 37 Norrbottens
1089 1728 63 35 län

1489 318 21 18 ”

1487 421 21 19 ”

1487 576 21 16 7”

1484 729 21 19 ”

1480 1399 22 19 2”

1478 1759 21 18 2”

1756 158 61 32 119

1631 238 149 46 23,320:

1631 289 149 47 55,769:

1687 1169 84 34 343:

1649 1374 122 45 1,800:

1684 1580 84 36 928:

1646 1734 123 45 6,000:

1802 248 39 24 1i

1803 299 40 25 12

1771 407 7 22 :
1799 403 42 27 20

1768 817 69 26 199

1767 975 6 22 :
1796 971 40 26 12

1793 1178 40 26 79

1789 1589 43 27 65

1118 1797 92 36 eller
1237 1797 158 50 tillhopa
1423 1784 141 53 kronor
1592 1785 177 64 116,537:
1790 1787 57 52 98.

386 1878 15 36 I
430 1879 178 36 afseende
637 1883 20 32 å
685 1880 74 36 den
800 1881 69 36 sist
909 1887 197 44 upptagna
1146 1882 325 50 förskottsposten
1510 1885 141 37 tillåter
1674 1887 70 49 jag
1770 1888 79 49 mig

258 1929 159 36 hänvisa
445 1930 56 36 till
529 1930 86 36 mitt
642 1932 177 48 yttrande
848 1932 58 36 till
921 1933 417 49 statsrådsprotokollet
1353 1935 108 36 öfver
1470 1937 378 48 jordbruksärenden

258 1981 58 36 för
344 1981 72 37 den
448 1984 43 33 11
518 1982 153 49 januari
702 1985 95 34 1901
828 1984 65 36 vid
920 1984 240 50 underdånig
1189 1986 174 36 anmälan
1392 1987 41 35 af
1455 1988 179 37 behofvet
1648 1990 42 36 af
1701 1990 147 50 ökning

257 2033 42 35 af
337 2033 182 49 anslagen
560 2034 58 36 till
659 2035 482 50 undervisningsanstalter
1183 2037 57 35 för
1271 2037 188 48 jordbruk
1487 2039 69 37 och
1584 2040 261 39 landtmanna-

256 2084 184 48 näringar
467 2090 99 31 samt
593 2085 58 36 till
679 2086 259 49 befrämjande
966 2087 12 36 i
1007 2087 206 37 allmänhet
1242 2089 41 36 af
1293 2089 188 48 jordbruk
1497 2091 69 36 och
1581 2091 263 39 landtmanna-

256 2135 193 49 näringar,
492 2136 145 37 hvilket
677 2138 190 48 protokoll
909 2139 157 48 åtföljde
1098 2139 120 37 Eders
1246 2140 139 49 Kungl.
1415 2142 126 48 Maj:ts
1570 2143 58 36 till
1659 2146 93 35 1901
1785 2147 60 35 års

255 2186 172 49 Riksdag
462 2188 138 36 aflåtna
632 2189 140 48 nådiga
804 2190 237 49 proposition
1070 2191 196 48 angående
1295 2193 252 37 statsverkets
1575 2194 170 39 tillstånd
1774 2197 70 36 och

256 2238 125 36 behof.
