2183 2583
729 185 251 33 Statsutskottets
1009 184 168 33 Utlåtande
1201 186 62 32 N:o
1288 189 49 31 10.
1746 189 40 31 39

237 262 198 38 underhåll
477 262 178 38 anvisade
697 265 135 48 anslag
874 264 40 36 af
950 265 110 46 1,875
1090 264 140 37 kronor
1258 278 59 23 om
1347 268 89 33 året.
1492 265 53 36 På
1572 266 125 48 grund
1726 267 111 37 däraf

237 314 162 38 behöfde
447 315 62 36 det
554 314 57 37 till
659 316 72 36 den
774 316 472 49 kemisk-växtbiologiska
1288 318 207 35 anstaltens
1536 318 198 36 underhåll
1774 324 59 31 ut-

238 366 146 49 gående
422 367 228 48 statsanslag
677 367 60 36 för
766 367 338 49 åvägabringande
1133 368 40 35 af
1198 369 71 36 den
1297 369 226 48 ifrågasatta
1550 370 283 49 utvidgningen

239 418 41 36 af
318 418 205 36 anstaltens
564 419 243 36 verksamhet
834 419 108 49 höjas
970 419 86 36 med
1086 420 111 46 5,000
1226 420 150 37 kronor.
1431 421 54 36 På
1513 422 126 47 grund
1668 422 41 36 af
1732 423 101 36 hvad

239 470 156 36 sålunda
437 470 144 36 anförts
622 471 69 35 har
732 470 475 50 hushållningssällskapet
1238 472 191 36 hemställt
1458 477 55 31 att
1539 472 120 37 Eders
1689 474 142 49 Kungl.

238 521 108 50 Maj:t
372 524 116 34 måtte
514 522 68 35 hos
603 522 220 47 Riksdagen
842 522 171 47 utverka,
1036 527 54 30 att
1111 523 61 35 det
1191 523 57 35 till
1267 523 72 36 den
1358 523 475 50 kemisk-växtbiologiska

239 573 207 37 anstaltens
487 573 13 35 i
539 573 253 36 Norrbottens
834 573 63 35 län
938 574 199 35 underhåll
1176 574 135 36 hittills
1344 575 190 47 utgående
1563 576 271 49 statsbidraget

237 628 116 33 måtte
393 624 108 49 höjas
542 624 86 36 med
671 625 111 44 5,000
829 625 141 36 kronor
1011 625 91 36 eller
1143 625 84 36 från
1270 627 112 46 6,250
1423 626 142 37 kronor
1605 628 57 35 till
1697 630 136 45 11,250

238 676 150 36 kronor.

365 727 17 36 I
411 727 58 36 sin
498 727 279 36 ofvanberörda
805 727 262 49 underdåniga
1095 728 200 37 skrifvelse
1324 729 69 36 har
1420 730 414 49 landtbruksstyrelsen

238 779 59 36 för
325 792 99 35 egen
452 779 60 36 del
540 779 125 36 anfört
693 778 181 50 följande.

366 831 54 35 Af
457 830 93 47 skäl,
593 844 80 23 som
714 831 255 36 Norrbottens
1010 830 84 37 läns
1127 831 437 50 hushållningssällskap
1593 833 11 35 i
1633 834 58 35 sin
1719 834 113 35 fram-

238 882 183 48 ställning
462 882 193 49 åberopat,
698 882 127 36 kunde
868 883 63 35 det
973 895 109 24 anses
1125 883 40 35 af
1206 883 285 36 förhållandena
1532 885 203 48 påkalladt,
1780 891 54 30 att

237 934 223 48 personalen
488 933 64 35 vid
581 933 71 36 den
682 933 475 48 kemisk-växtbiologiska
1177 934 188 36 anstalten
1385 934 151 48 ökades,
1557 938 40 33 så
1617 941 54 30 att
1691 936 142 36 dennas

238 984 392 36 försöksverksamhet
658 984 127 36 kunde
814 984 11 35 i
853 985 192 47 väsentlig
1072 987 88 33 mån
1188 985 178 48 utvidgas
1395 986 70 35 och
1485 986 227 48 jordbruket
1731 988 102 36 inom

237 1036 103 36 länet
381 1035 140 36 erhålla
563 1036 62 36 det
667 1036 85 35 stöd
794 1036 59 35 för
893 1036 130 36 vidare
1056 1036 233 48 utveckling,
1319 1050 81 22 som
1428 1040 120 33 måste
1578 1051 108 23 anses
1715 1039 11 34 i
1754 1039 80 48 hög

238 1087 96 48 grad
362 1087 219 36 önskvärdt.
636 1087 74 36 Det
738 1087 126 36 kunde
892 1087 230 49 visserligen
1151 1087 81 37 icke
1260 1088 198 48 bestridas,
1480 1094 55 31 att
1555 1090 45 36 de
1620 1090 96 36 båda
1736 1090 97 36 före-

238 1139 134 47 slagna
413 1138 426 37 försöksassistenterna
882 1139 119 36 skulle
1042 1140 120 35 under
1203 1140 72 36 den
1317 1141 54 35 tid
1413 1141 41 35 af
1483 1144 92 44 året,
1605 1142 46 35 då
1679 1142 45 36 de
1751 1142 83 36 icke

237 1204 89 23 vore
367 1190 221 48 sysselsatta
630 1190 85 36 med
757 1190 405 48 försöksverksamhet,
1199 1192 151 36 komma
1379 1197 55 31 att
1462 1195 124 34 såsom
1610 1193 223 48 jordbruks-

236 1242 245 36 konsulenter
509 1242 141 36 erhålla
678 1255 46 23 en
752 1241 253 49 verksamhet,
1043 1243 156 36 hvilken
1227 1257 90 22 vore
1345 1243 11 36 i
1384 1244 78 35 viss
1491 1247 88 33 mån
1599 1246 234 36 främmande

237 1294 59 35 för
338 1294 208 35 anstaltens
589 1294 195 48 egentliga
825 1294 166 48 uppgift,
1033 1307 87 23 men
1163 1294 45 36 då
1250 1295 122 36 denna
1401 1296 245 36 verksamhet
1673 1297 161 36 skulle
1815 1290 21 56 i

240 1345 60 47 sig
328 1345 91 48 själf
443 1358 90 23 vara
562 1345 248 48 synnerligen
837 1345 270 48 betydelsefull
1135 1346 82 47 och,
1247 1360 60 22 om
1336 1347 73 35 den
1437 1352 76 31 rätt
1540 1348 137 45 leddes,
1707 1348 126 36 kunde

238 1396 120 36 blifva
394 1396 60 35 för
481 1396 253 36 Norrbottens
763 1396 63 36 län
856 1397 41 35 af
921 1402 79 30 stor
1028 1402 121 43 nytta,
1179 1403 97 29 samt
1305 1399 191 47 antagligt
1524 1412 101 34 vore,
1661 1405 53 30 att
1743 1400 89 35 den-

240 1460 142 23 samma
409 1450 49 45 på
485 1447 96 36 intet
609 1447 57 36 vis
696 1447 151 36 komme
876 1453 53 30 att
959 1448 109 36 ställa
1098 1448 60 47 sig
1176 1448 211 37 hindrande
1406 1450 12 35 i
1437 1455 127 43 vägen
1585 1450 58 36 för
1662 1450 172 37 lösandet

239 1498 42 36 af
318 1499 208 36 anstaltens
568 1499 195 48 egentliga
804 1499 166 49 uppgift,
1013 1506 89 30 utan
1147 1505 162 32 tvärtom
1353 1501 120 36 skulle
1501 1507 95 42 göra
1626 1503 208 36 anstaltens

239 1550 242 36 verksamhet
522 1553 48 46 på
612 1564 142 22 samma
796 1554 106 45 gång
942 1552 161 48 lifligare
1145 1552 69 36 och
1255 1565 102 23 mera
1399 1553 283 47 fruktbärande,
1720 1555 114 35 borde

240 1602 166 48 antydda
435 1602 325 48 omständigheter
779 1602 84 37 icke
882 1608 138 43 utgöra
1040 1603 134 36 hinder
1194 1603 59 36 för
1272 1603 105 36 bifall
1397 1604 56 35 till
1474 1605 74 36 den
1568 1606 42 35 af
1630 1606 205 48 sällskapet

239 1654 136 48 gjorda
403 1653 343 49 framställningen.
805 1653 195 49 Styrelsen
1029 1654 69 36 har
1126 1655 113 36 äfven
1268 1656 141 35 erinrat
1438 1657 142 47 därom,
1611 1662 54 31 att
1692 1657 141 48 ifråga-

239 1705 165 36 varande
446 1705 394 36 försöksverksamhet
883 1706 120 36 skulle
1036 1706 128 36 kunna
1194 1720 108 23 anses
1331 1708 86 35 falla
1446 1708 101 36 inom
1578 1708 169 36 området
1775 1710 59 34 för

239 1756 72 36 den
343 1756 165 48 uppgift,
538 1769 81 23 som
639 1756 211 37 tillkomme
874 1757 506 50 hushållningssällskapens
1400 1759 41 36 af
1457 1760 219 35 statsmedel
1695 1760 137 35 under-

239 1807 145 48 stödda,
423 1808 121 36 under
584 1808 473 38 landtbruksakademiens
1099 1810 158 48 ledning
1299 1810 135 36 ställda
1470 1811 123 36 lokala
1621 1811 211 36 fältförsök.

237 1858 57 36 Då
336 1859 209 36 emellertid
587 1859 232 36 sistberörda
856 1861 129 35 försök
1018 1861 82 36 icke
1129 1861 125 36 kunde
1284 1866 157 44 antagas
1470 1862 151 36 komma
1650 1867 54 31 att
1732 1863 102 36 inom

239 1910 64 36 det
330 1910 234 37 vidsträckta
591 1911 257 37 Norrbottens
875 1912 63 36 län
967 1912 117 36 verka
1112 1913 85 36 med
1226 1913 73 36 den
1328 1913 102 36 kraft
1458 1914 70 36 och
1556 1915 13 34 i
1589 1915 73 35 den
1682 1915 151 36 omfatt-

238 1962 107 47 ning,
388 1975 80 23 som
510 1962 286 37 förhållandena
837 1963 102 36 inom
980 1964 105 36 länet
1127 1964 315 49 oundgängligen
1479 1966 146 46 kräfde,
1655 1966 178 36 särskildt

239 2013 85 36 med
365 2014 150 48 hänsyn
551 2014 57 36 till
637 2014 45 36 de
712 2019 103 31 stora
843 2015 202 36 afstånden
1073 2017 137 35 mellan
1238 2016 291 48 ifrågavarande
1559 2023 101 30 orter
1688 2017 70 36 och
1787 2017 46 36 de

239 2065 122 35 lokala
389 2065 270 36 fältförsökens
688 2066 285 36 centralanstalt
1001 2072 98 30 samt
1127 2067 110 36 däraf
1256 2068 219 36 föranledda
1502 2068 101 48 höga
1632 2068 203 37 kostnader

239 2116 59 35 för
338 2116 143 48 tillsyn,
522 2129 106 24 resor
660 2131 47 21 m.
738 2131 62 33 m.,
829 2118 130 35 hvilka
986 2118 207 37 kostnader
1221 2119 82 36 icke
1330 2124 131 43 syntes
1490 2119 130 36 kunna
1647 2120 187 36 bestridas

239 2167 41 36 af
317 2167 46 36 de
405 2168 58 35 för
504 2168 45 36 de
580 2168 125 36 lokala
733 2169 252 37 fältförsöken
1015 2170 244 48 tillgängliga
1287 2170 135 48 medel,
1451 2171 127 36 kunde
1607 2172 226 47 förefintlig-

238 2218 115 36 heten
395 2219 40 35 af
472 2219 221 37 förberörda
733 2220 126 36 lokala
893 2221 203 36 fältförsök
1127 2222 82 36 icke
1239 2235 108 23 anses
1375 2222 13 35 i
1416 2224 128 47 någon
1572 2225 87 33 mån
1687 2223 147 36 minska

237 2270 182 37 behofvet
447 2271 41 36 af
511 2271 303 49 ifrågavarande,
845 2272 179 36 särskildt
1052 2273 59 36 för
1138 2273 253 37 Norrbottens
1411 2274 63 36 län
1495 2274 153 37 afsedda
1667 2274 165 37 försöks-
