2180 2579
407 158 40 28 50
852 156 250 32 Statsutskottets
1134 155 165 32 Utlåtande
1323 155 61 31 N:o
1417 160 42 29 10.

497 235 51 36 Af
586 235 45 36 de
672 233 86 36 utaf
796 233 400 48 kommerskollegium
1239 233 69 36 och
1349 234 418 50 landtbruksstyrelsen
1796 235 12 37 i
1836 236 111 36 deras

365 287 275 36 ofvanberörda
669 285 196 36 utlåtande
895 285 40 35 af
960 285 73 36 den
1064 287 18 33 1
1113 286 73 48 maj
1212 286 96 35 1902
1328 285 263 48 ifrågaställda
1610 287 178 48 åtgärder
1808 290 142 35 återstå

364 343 102 31 ännu
497 338 205 45 åtskilliga,
732 337 130 36 hvilka
890 336 82 36 icke
1002 337 99 36 varit
1128 336 159 37 föremål
1316 337 60 36 för
1399 337 121 37 Eders
1539 338 140 48 Kungl.
1701 339 128 49 Maj:ts
1848 341 103 48 pröf-

363 390 105 47 ning.
525 389 267 46 Anledningen
822 388 125 36 därtill
976 393 52 41 är,
1059 393 55 31 att
1138 389 70 48 jag
1228 401 110 24 anser
1358 388 136 49 frågan
1514 402 60 23 om
1596 389 108 37 deras
1723 391 227 49 lämplighet

363 441 84 35 icke
491 454 90 22 vara
623 440 225 48 tillräckligt
892 440 133 36 utredd
1067 440 72 36 och
1172 440 126 36 därfor
1328 440 82 36 icke
1439 445 100 31 ännu
1570 440 127 37 funnit
1724 442 106 37 tiden
1862 457 88 23 vara

363 493 88 35 inne
482 497 54 31 att
566 492 197 50 förelägga
790 492 123 36 Eders
941 491 142 49 Kungl.
1113 492 107 48 Maj:t
1250 491 193 37 desamma
1469 492 59 36 till
1557 492 219 49 afgörande.

493 596 183 36 Intresset
707 596 59 36 för
793 595 351 49 tillgodogörandet
1174 596 42 35 af
1241 596 73 36 den
1343 595 11 36 1
1383 598 92 33 våra
1502 596 222 36 torfmossar
1752 596 198 48 befintliga

363 647 321 50 bränsletillgång
715 648 80 48 har,
834 651 123 32 såsom
987 647 155 46 bekant,
1172 647 120 36 under
1320 647 45 36 de
1394 652 127 31 senast
1549 650 155 45 gångna
1733 650 91 34 åren
1852 648 99 36 varit

363 701 250 48 synnerligen
654 700 121 48 lifligt.
832 699 70 37 Om
945 704 48 30 än
1034 698 11 36 i
1086 698 97 48 följd
1220 698 111 36 häraf
1355 698 208 48 torffrågan
1592 699 207 49 onekligen
1828 701 121 35 under

363 752 110 36 dessa
515 755 40 33 år
597 752 12 36 i
636 752 91 36 flera
754 750 245 38 hänseenden
1027 750 96 35 förts
1151 750 149 47 framåt,
1330 750 206 36 innefattar
1564 751 122 37 denna
1713 752 110 48 fråga
1851 751 97 37 dock

363 808 55 31 ett
453 804 171 48 problem
654 804 40 35 af
724 806 40 33 så
791 801 201 38 invecklad
1021 801 276 48 beskaffenhet,
1329 807 55 31 att
1411 803 59 35 för
1498 803 85 36 dess
1611 803 156 36 lösande
1796 803 153 36 kräfvas

362 854 235 36 omfattande
635 855 156 36 arbeten
820 855 101 35 inom
951 853 123 37 skilda
1103 854 455 36 verksamhetsområden.
1616 854 149 36 Sådana
1794 855 155 36 arbeten

362 911 64 30 äro
455 906 117 36 redan
601 906 151 36 utförda
779 906 12 35 i
818 906 151 49 ganska
997 911 78 30 stor
1107 905 276 48 utsträckning,
1413 905 71 37 och
1513 905 107 36 deras
1644 905 227 50 lämplighet
1891 911 53 42 är,

364 958 84 35 med
478 957 208 50 anledning
714 959 41 36 af
780 958 137 49 gjorda
941 957 326 48 framställningar
1288 971 59 23 om
1367 957 208 37 understöd
1596 957 40 37 af
1651 958 221 36 statsmedel
1892 958 57 36 för

362 1009 110 37 deras
500 1010 129 36 vidare
658 1010 233 48 utveckling,
913 1009 158 37 föremål
1091 1009 58 36 för
1169 1009 240 49 sakkunniga
1429 1009 289 49 myndigheters
1741 1010 207 36 undersök-

361 1061 106 48 ning.
523 1061 230 48 Ytterligare
783 1061 155 37 arbeten
963 1063 99 46 pågå
1091 1060 70 36 ock
1188 1063 49 46 på
1265 1061 99 36 olika
1392 1061 87 47 håll,
1510 1061 82 47 och,
1622 1061 121 48 enligt
1762 1061 100 36 hvad
1878 1061 71 48 jag

360 1113 69 35 har
456 1114 81 47 mig
564 1113 154 46 bekant,
747 1118 64 31 äro
841 1112 195 48 åtskilliga
1063 1112 255 36 framstående
1338 1124 181 36 personer
1538 1112 154 36 härmed
1714 1113 232 49 sysselsatta.

361 1163 55 37 De
458 1164 109 36 bästa
611 1164 160 36 utsikter
812 1177 113 35 synas
966 1163 80 48 wmig
1087 1163 127 36 därför
1242 1163 110 36 äfven
1380 1163 205 36 förefinnas
1615 1169 65 42 att,
1710 1165 128 36 därest
1865 1165 83 36 icke

360 1215 180 37 intresset
581 1217 59 35 för
681 1216 124 37 denna
847 1214 284 49 angelägenhet
1160 1217 79 33 åter
1268 1214 162 49 slappas,
1461 1220 54 30 ett
1543 1216 93 46 godt
1663 1216 160 36 resultat
1852 1216 96 36 skall

361 1266 129 37 kunna
530 1271 158 45 uppnås.
743 1268 77 48 Jag
862 1271 41 32 är
946 1266 84 36 med
1071 1265 149 49 hänsyn
1261 1265 129 36 härtill
1414 1266 145 49 jämväl
1587 1268 40 34 af
1652 1267 72 36 den
1754 1268 110 46 åsikt,
1894 1272 56 31 att

361 1323 144 32 statens
547 1319 237 47 åtgöranden
824 1318 58 37 till
922 1317 253 38 befordrande
1218 1319 42 35 af
1283 1318 231 48 torffrågans
1541 1317 154 50 lösning
1722 1319 104 47 böra,
1856 1319 91 36 fort-

361 1370 155 36 farande
545 1373 123 34 såsom
695 1370 149 48 hittills,
874 1371 12 35 i
913 1370 158 36 främsta
1098 1375 165 30 rummet
1290 1375 49 43 gå
1367 1375 41 31 ut
1436 1373 48 45 på
1514 1374 53 31 att
1587 1370 272 36 vidmakthålla
1880 1370 69 37 och

360 1421 128 36 stärka
516 1422 104 36 detta
647 1422 172 37 intresse.

492 1472 186 38 Särskildt
707 1487 109 24 anser
839 1475 71 47 jag
938 1474 64 35 det
1029 1472 93 36 böra
1151 1478 109 42 tagas
1288 1472 11 35 i
1328 1472 297 48 öfvervägande,
1654 1472 185 37 huruvida
1867 1473 82 37 icke

361 1525 179 48 åtgärder
576 1529 59 33 må
671 1526 128 36 kunna
839 1526 174 47 vidtagas
1042 1524 11 35 i
1082 1523 102 49 syfte
1222 1528 53 31 att
1305 1523 149 36 minska
1484 1523 73 36 den
1586 1523 246 49 obestridliga
1860 1525 88 36 obe-

361 1577 205 47 nägenhet,
610 1590 78 23 som
731 1578 83 35 från
857 1576 193 47 åtskilliga
1078 1574 75 36 håll
1184 1580 71 42 gör
1283 1575 59 48 sig
1370 1574 176 48 gällande
1576 1580 79 31 mot
1682 1576 172 36 torfvens
1884 1590 64 22 an-

360 1628 199 36 vändande
588 1631 123 34 såsom
739 1627 337 37 bränslemateriel.
1134 1625 72 36 Till
1235 1626 124 36 denna
1388 1627 108 48 fråga
1524 1627 108 36 torde
1653 1628 66 47 jag
1739 1628 210 36 emellertid

360 1679 37 36 få
424 1679 202 37 framdeles
655 1680 244 37 återkomma.

490 1732 240 36 Beträffande
759 1732 74 37 den
861 1745 51 22 nu
942 1731 40 36 af
1002 1729 417 49 landtbruksstyrelsen
1439 1730 134 36 väckta
1593 1730 136 48 frågan
1750 1745 59 21 om
1828 1736 120 43 ytter-

360 1782 120 49 ligare
520 1783 123 37 medel
671 1784 58 36 till
756 1783 326 49 torfingeniörens
1111 1793 106 24 resor
1244 1781 259 36 innevarande
1532 1784 40 33 år
1600 1787 98 30 samt
1726 1795 58 23 om
1815 1782 135 47 anslag

360 1835 57 35 för
445 1835 238 36 anställande
720 1836 59 35 för
807 1838 40 33 år
877 1836 97 35 1904
1005 1835 39 35 af
1070 1847 47 21 en
1146 1832 256 48 torfingeniör
1431 1833 69 36 och
1532 1846 46 23 en
1607 1833 191 47 assistent,
1827 1834 123 35 finner

355 1886 71 48 jag
455 1886 121 36 medel
606 1886 128 36 härtill
761 1887 92 36 böra
877 1887 40 35 af
936 1887 220 46 Riksdagen
1177 1884 120 36 äskas.
1359 1884 175 36 Behofvet
1554 1885 41 35 af
1611 1885 171 36 tekniskt
1800 1885 149 36 biträde

359 1937 59 36 för
445 1938 291 37 torfindustrien
766 1952 115 35 synes
910 1940 79 47 mig
1016 1938 88 37 fullt
1131 1936 234 49 ådagalagdt
1393 1949 139 35 genom
1563 1937 72 36 den
1664 1937 245 48 omfattning,
1939 1937 10 35 i

360 1988 155 38 hvilken
535 1990 210 37 detsamma
764 1991 127 36 blifvit
911 1991 171 46 anlitadt,
1104 1988 69 36 och
1195 2001 79 23 som
1290 1988 145 49 jämväl
1454 1988 190 36 föranledt
1663 1988 121 36 Eders
1804 1988 143 48 Kungl.

360 2040 109 49 Maj:t
498 2047 56 31 att
581 2042 58 36 för
667 2042 255 37 innevarande
952 2045 41 34 år
1021 2039 195 49 medgifva
1245 2039 253 37 anställandet
1526 2040 40 36 af
1590 2054 45 22 en
1666 2040 187 36 assistent.

491 2093 13 35 I
533 2094 63 36 det
638 2094 165 47 arfvode,
847 2096 111 46 3,500
987 2096 153 41 kronor,
1170 2105 81 23 som
1279 2091 136 36 hittills
1444 2096 143 32 ansetts
1615 2091 92 36 böra
1734 2091 212 37 tillkomma

359 2144 318 48 torfingeniören,
706 2147 121 35 finner
850 2147 70 48 jag
947 2147 83 36 icke
1060 2144 82 39 skäl
1173 2148 55 31 att
1255 2143 139 36 föreslå
1422 2146 128 46 någon
1578 2143 175 49 ändring,
1784 2156 86 24 men
1900 2144 45 35 då

359 2195 58 36 för
458 2196 234 37 bekostande
734 2198 39 35 al
813 2198 97 36 hans
951 2213 106 23 resor
1097 2199 99 35 visat
1237 2195 60 48 sig
1325 2195 189 36 erfordras
1543 2195 111 47 3,000
1684 2195 141 36 kronor
1853 2195 92 35 eller

359 2247 157 37 dubbelt
545 2255 39 30 så
614 2249 162 48 mycket,
807 2263 80 22 som
917 2252 127 36 därför
1072 2247 215 47 beräknats,
1319 2260 114 35 synes
1466 2248 80 46 mig
1574 2247 238 47 nödvändigt
1831 2252 56 30 att
1907 2249 41 32 ar
