2188 2578
162 940 68 30 Äng.
244 941 88 29 anslag

167 974 40 23 till
225 974 103 24 kemisk-

158 1009 179 31 värtbiologisk

158 1044 95 23 anstalt
270 1044 70 23 inom

169 1078 161 25 Norrbottens

227 1113 51 24 län.

221 1146 67 51 [8]

404 176 41 31 36
847 173 248 34 Statsutskottets
1124 172 168 32 Utlåtande
1315 173 62 32 N:o
1402 176 49 30 10.

891 257 54 31 att
984 251 222 47 Riksdagen
1247 254 60 33 må
1348 254 49 46 på
1439 255 108 32 extra
1589 255 75 32 stat
1692 252 60 36 för
1780 255 40 33 år
1851 252 98 36 1904

761 303 143 48 anvisa,
949 305 121 35 såsom
1112 302 137 49 bidrag
1288 302 60 36 till
1388 302 202 36 underhåll
1624 303 41 35 af
1690 306 75 33 åtta
1793 305 157 36 kemiska

761 358 175 34 stationer
957 356 65 44 för
1044 355 236 44 jordbrukets
1308 356 64 34 och
1400 356 247 43 näringarnas
1664 356 83 35 behof
1800 377 27 4 —
1849 355 103 36 inom

761 407 46 35 de
853 411 112 43 orter,
1012 406 67 36 där
1124 405 196 49 landsting
1367 405 92 36 eller
1499 404 452 51 hushållningssällskap,

761 458 113 36 hvart
902 458 58 36 för
988 457 61 49 sig
1077 456 93 37 eller
1198 458 12 35 i
1238 457 193 48 förening,
1459 456 199 36 förbundit
1687 457 60 48 sig
1775 461 56 31 att
1857 470 97 36 upp-

761 515 102 30 rätta
903 509 269 37 laboratorium
1216 509 69 36 och
1326 509 160 36 bekosta
1527 508 33 48 ej
1592 507 148 37 mindre
1769 508 103 35 lokal
1894 508 60 36 för

764 560 116 48 detta,
906 561 119 48 jämte
1066 560 137 36 bostad
1245 560 91 36 eller
1363 559 241 49 hyresmedel
1632 560 59 36 för
1719 559 137 36 kemist
1885 559 69 36 och

763 612 181 37 assistent
984 617 48 31 än
1073 612 115 36 äfven
1232 611 218 48 aflöningen
1483 611 58 36 till
1570 611 111 36 dessa
1709 611 71 36 och
1807 611 147 35 labora-

762 664 273 49 torietjänaren
1077 664 199 36 äfvensom
1317 663 120 48 årliga
1478 662 213 48 utgifterna
1719 662 60 36 för
1805 662 150 36 labora-

763 715 134 37 toriets
925 714 196 38 underhåll
1150 721 99 30 samt
1275 714 60 36 till
1363 715 117 48 inköp
1510 715 40 35 af
1574 713 141 37 böcker
1734 713 70 37 och
1823 713 132 36 inven-

764 767 116 36 tarier
907 767 59 36 för
994 766 210 37 stationens
1233 766 117 37 behof
1375 788 49 3 —
1453 767 113 45 4,000
1586 766 142 35 kronor
1746 765 60 36 för
1824 764 134 49 hvarje

766 818 153 48 station,
949 818 89 36 eller
1065 818 160 48 tillhopa
1254 818 138 47 32,000
1421 817 149 36 kronor.

492 919 96 49 11:o0)
627 920 143 49 Kungl.
799 921 108 49 Maj:t
935 921 68 36 har
1029 921 200 49 föreslagit
1256 920 224 48 Riksdagen
1509 924 55 32 att
1592 922 122 33 såsom
1740 918 136 49 bidrag
1902 917 58 36 till

368 970 197 37 underhåll
594 971 40 36 af
659 985 46 23 en
734 973 58 36 för
821 973 78 36 öfre
926 973 186 36 Norrland
1133 973 131 36 afsedd
1284 973 410 44 kemisk-växtbiologisk
1714 971 135 36 anstalt
1863 972 96 34 inom

369 1024 235 36 Norrbottens
646 1025 60 35 län
742 1027 49 46 på
824 1029 108 31 extra
960 1029 74 32 stat
1061 1025 59 35 för
1149 1027 40 33 år
1220 1025 98 34 1904
1347 1024 132 35 anvisa
1509 1028 55 31 ett
1593 1022 135 49 anslag
1757 1022 40 36 af
1824 1022 137 47 11,250

371 1074 148 36 kronor.

501 1125 432 48 Departementschefen
960 1126 69 35 har
1056 1125 11 35 i
1096 1125 106 36 detta
1230 1125 137 36 ärende
1386 1124 59 36 till
1465 1124 416 49 statsrådsprotokollet
1897 1137 65 23 an-

373 1177 77 36 fört
476 1175 178 49 följande.

501 1226 107 37 »Med
636 1227 273 37 föranledande
939 1229 39 35 af
1002 1241 48 23 en
1077 1228 87 35 utaf
1187 1227 119 36 Eders
1334 1226 142 50 Kungl.
1506 1226 108 48 Maj:t
1633 1226 112 48 gjord
1759 1226 204 36 framställ-

371 1279 96 48 ning
509 1279 177 36 anvisade
717 1281 98 35 1894
844 1282 59 33 års
930 1279 183 48 Riksdag,
1139 1281 123 34 såsom
1291 1257 157 69 bidrag
1454 1278 59 36 till
1536 1277 200 36 underhåll
1764 1277 40 36 af
1830 1290 47 23 en
1905 1277 59 36 för

372 1330 82 37 öfre
481 1330 190 36 Norrland
699 1331 134 36 afsedd
862 1330 451 49 kemisk-växtbiologisk
1342 1307 140 59 anstalt
1509 1329 102 36 inom
1632 1329 252 36 Norrbottens
1899 1328 61 36 län

372 1403 51 5 —
450 1382 119 36 under
609 1381 139 37 villkor
783 1387 55 31 att
865 1382 122 36 länets
1013 1382 200 47 landsting
1240 1382 70 36 och
1338 1380 443 58 hushållningssällskap
1809 1379 59 36 till
1898 1394 64 22 an-

374 1433 160 36 staltens
561 1433 200 36 underhåll
784 1433 158 49 bidroge
970 1433 85 36 med
1084 1406 279 80 sammanlagdt
1393 1432 116 36 minst
1538 1433 113 46 3,000
1681 1432 142 35 kronor
1845 1453 51 4 —
1914 1434 49 46 på

374 1490 108 31 extra
516 1490 75 31 stat
622 1484 59 36 för
709 1487 40 34 år
781 1486 96 34 1895
894 1463 68 58 ett
991 1484 134 48 anslag
1153 1484 40 36 af
1217 1485 112 46 5,000
1359 1484 150 35 kronor.
1564 1461 128 57 Äfven
1723 1484 110 45 1895,
1866 1484 96 34 1896

375 1536 71 36 och
489 1538 93 34 1897
628 1538 109 34 årens
778 1536 214 48 Riksdagar
1020 1514 181 57 anvisade
1229 1513 183 58 likaledes
1439 1535 58 35 till
1526 1534 192 35 anstalten
1746 1511 136 70 anslag
1910 1539 55 31 att

374 1589 95 47 utgå
496 1588 87 35 med
607 1600 144 23 samma
779 1586 138 50 belopp
944 1587 60 35 för
1031 1586 113 37 hvart
1172 1587 70 35 och
1271 1591 53 31 ett
1353 1586 41 36 af
1419 1589 91 33 åren
1536 1586 264 35 1896—1898.

503 1639 52 36 På
584 1638 125 49 grund
739 1638 40 36 af
800 1652 48 23 en
867 1638 85 36 utaf
968 1637 118 38 Eders
1101 1637 142 49 Kungl.
1262 1637 109 49 Maj:t
1386 1637 12 36 i
1414 1641 126 32 ämnet
1554 1636 112 49 gjord
1681 1636 285 49 framställning

376 1689 188 50 beviljade
605 1691 96 35 1898
732 1693 59 33 års
818 1690 172 48 Riksdag
1017 1690 59 36 för
1104 1692 41 34 år
1176 1691 96 34 1899
1301 1689 60 36 för
1389 1688 292 48 ifrågavarande
1709 1688 175 36 ändamål
1912 1692 54 32 ett

378 1741 135 49 anslag
541 1742 40 36 af
606 1742 112 45 6,250
746 1742 153 47 kronor,
928 1741 119 37 under
1075 1740 140 37 villkor
1243 1745 54 32 att
1325 1740 86 36 från
1439 1740 124 36 länets
1581 1739 196 48 landsting
1792 1739 70 36 och
1877 1739 88 36 hus-

377 1792 362 49 hållningssällskap
782 1793 92 36 eller
903 1793 110 48 eljest
1040 1793 139 48 bidrag
1205 1792 195 37 lämnades
1428 1791 85 36 med
1542 1790 282 49 sammanlagdt
1853 1790 115 36 minst

379 1845 113 47 3,750
533 1844 156 45 kronor;
732 1844 71 36 och
842 1844 69 36 har
951 1844 222 48 Riksdagen
1214 1844 129 36 vidare
1387 1844 60 36 för
1489 1843 111 36 hvart
1629 1842 71 36 och
1728 1847 55 31 ett
1812 1842 42 36 af
1878 1844 90 33 åren

382 1897 250 35 1900—1903
660 1895 123 37 under
811 1909 143 23 samma
980 1895 139 36 villkor
1140 1895 146 36 anvisat
1306 1895 199 36 enahanda
1525 1894 136 49 anslag
1678 1893 60 36 till
1757 1893 211 37 anstaltens

379 1947 210 36 underhåll.

507 1999 134 48 Enligt
669 1998 65 37 det
762 1998 41 37 af
827 1997 416 50 landtbruksstyrelsen
1271 1997 73 37 den
1373 2000 49 34 24
1446 1997 154 49 januari
1631 1997 97 36 1895
1748 1997 59 36 för
1825 1995 143 50 ifråga-

380 2050 165 37 varande
575 2050 140 37 anstalt
742 2050 201 37 utfärdade
970 2050 235 49 reglemente
1235 2050 68 36 har
1332 2049 201 47 anstalten,
1564 2061 80 24 som
1673 2048 97 36 skall
1789 2061 91 23 vara
1894 2048 75 36 för-

380 2101 90 49 lagd
498 2101 57 36 till
582 2102 130 47 Luleå,
740 2102 58 36 till
826 2102 175 36 ändamål
1029 2103 75 35 dels
1133 2106 56 32 att
1205 2104 124 34 såsom
1345 2101 148 37 kemisk
1509 2100 139 37 station
1664 2099 135 49 främja
1812 2099 158 36 utveck-

381 2153 133 48 lingen
555 2153 40 36 af
626 2153 188 48 jordbruk
856 2153 70 36 och
966 2153 182 49 näringar
1180 2165 140 37 genom
1349 2152 249 37 meddelande
1628 2152 40 36 af
1692 2151 279 49 upplysningar

383 2204 71 37 och
481 2204 66 36 råd
575 2210 98 30 samt
701 2204 160 37 medelst
889 2205 333 48 undersökningar
1251 2204 40 36 af
1316 2204 273 36 handelsvaror
1605 2203 71 37 och
1692 2204 115 35 andra
1822 2207 148 41 ämnen,

383 2255 132 38 hvilka
541 2256 58 37 för
627 2256 110 36 dessa
766 2255 274 51 handteringar
1068 2261 64 31 äro
1152 2234 51 58 af
1227 2255 209 50 betydelse,
1465 2256 74 36 dels
1569 2259 54 32 att
1651 2257 124 34 såsom
1799 2252 172 51 praktisk
