1943 2831
487 159 404 40 Bevillningsutskottets
909 165 219 32 betänkande
1146 177 43 20 nr
1205 170 42 29 55
1264 170 39 30 år
1321 171 84 31 1967
1656 178 40 31 29

209 235 146 32 heterna
380 246 123 32 genom
529 242 50 28 att
605 243 120 39 medge
752 244 302 33 skattereduktion
1081 250 106 30 också
1213 251 55 30 för
1295 253 66 29 den
1387 257 145 36 procent
1559 266 42 20 av
1628 258 69 29 led-

209 290 172 39 ningarna
400 301 74 21 som
493 294 60 39 går
571 295 80 30 över
670 297 309 41 ledningsägarnas
999 309 84 32 egen
1103 304 109 30 mark.
1233 306 78 30 Med
1331 308 264 41 utgångspunkt
1616 311 80 30 från

208 344 278 42 förbrukningen
507 357 42 21 av
569 349 318 40 ledningsmateriel
908 354 63 30 hos
993 355 165 40 Sydkraft
1179 359 173 31 beräknar
1374 362 250 41 föreningarna
1645 367 50 28 att

208 398 348 43 kostnadsökningen
585 404 112 30 skulle
727 414 56 20 om
810 408 403 43 propositionsförslaget
1242 415 200 37 genomförs
1472 417 143 31 komma
1645 421 49 27 att

206 452 79 29 röra
307 453 50 39 sig
379 455 163 40 omkring
566 456 37 30 15
626 458 88 37 milj.
737 459 51 30 kr.
812 460 141 41 årligen.
975 463 262 42 Föreningarna
1258 468 92 30 visar
1373 470 106 30 också
1501 474 50 27 att
1572 473 120 30 värde-

204 507 149 37 gränsen
374 508 45 39 på
442 509 62 30 500
526 511 52 29 kr.
602 512 112 30 skulle
735 515 159 30 medföra
915 517 195 40 betydande
1133 520 349 43 skatteskärpningar
1504 526 55 29 för
1581 527 110 30 kraft-

204 560 302 34 distributörerna.
524 565 132 31 Enbart
672 567 193 32 elmätarna
883 571 112 30 skulle
1012 573 203 40 härigenom
1233 575 160 41 fördyras
1412 580 78 29 med
1508 590 40 20 ca
1569 581 14 29 1
1604 582 87 40 milj.

206 614 50 30 kr.
275 624 60 29 per
353 616 47 30 år.
421 617 66 30 Om
507 619 55 29 det
582 629 42 20 av
641 622 183 37 praktiska
843 624 75 29 skäl
938 626 38 28 är
995 627 212 40 nödvändigt
1227 631 79 28 med
1326 640 42 20 en
1388 633 221 39 värdegräns,
1630 636 61 28 vil-

202 667 58 30 ket
274 669 250 41 föreningarna
537 672 232 41 ifrågasätter,
784 676 62 30 bör
861 677 114 31 denna
990 680 108 30 sättas
1113 681 38 30 så
1164 682 70 40 lågt
1249 693 74 20 som
1337 685 148 41 möjligt.

246 723 156 40 Sveriges
420 725 121 30 hotell-
559 727 64 29 och
640 731 362 40 restaurangförbund
1019 734 204 32 framhåller
1242 740 49 27 att
1310 739 66 29 den
1395 740 198 42 föreslagna
1612 743 77 31 500-

205 777 298 38 kronorsgränsen
522 783 158 29 avsevärt
700 783 110 31 skulle
828 785 143 38 fördyra
989 789 362 39 nyanskaffningarna
1369 794 95 30 inom
1482 796 121 30 hotell-
1623 798 64 29 och

201 832 388 42 restaurangnäringen,
614 836 66 30 Vid
703 838 68 40 köp
797 848 41 21 av
864 840 60 30 100
950 843 106 29 stolar
1081 843 20 30 å
1126 844 60 30 150
1211 846 52 29 kr.
1287 847 66 29 blir
1378 849 309 42 skattehöjningen

199 884 64 30 600
283 886 51 29 kr.
354 887 116 30 Totall
492 890 207 39 uppskattas
719 892 353 44 skatteskärpningen
1092 898 52 30 till
1164 899 18 29 2
1202 900 88 37 milj.
1310 902 51 29 kr.
1381 912 61 30 per
1463 903 47 30 år.
1530 905 157 30 Förbun-

197 939 58 29 det
274 940 59 30 vill
353 941 175 32 bibehålla
548 944 67 30 den
635 948 202 30 nuvarande
856 950 342 42 reduceringsregeln
1219 955 81 30 eller
1321 956 36 30 få
1377 966 42 20 en
1440 958 149 40 ändring
1610 969 74 21 som

199 994 185 40 möjliggör
404 998 49 28 att
474 998 221 41 möblemang
715 1002 65 28 och
800 1002 226 41 inredningar
1047 1006 54 29 får
1123 1007 79 30 från
1224 1009 287 41 värdesynpunkt
1533 1013 153 30 behand-

201 1047 49 30 las
269 1057 73 20 som
361 1059 42 20 en
421 1051 102 29 enhet
541 1052 57 29 vid
616 1063 42 19 en
676 1056 171 29 eventuell
865 1056 345 43 500-kronorsgräns.

241 1101 156 39 Sveriges
414 1103 358 42 Lantbruksförbund
789 1110 218 31 överlämnar
1024 1114 10 29 i
1053 1114 142 30 ärendet
1212 1118 48 27 elt
1278 1126 42 20 av
1336 1118 235 32 Lantbrukets
1590 1122 93 29 skat-

199 1156 228 39 tedelegation
446 1160 180 38 upprättat
646 1162 180 31 utlåtande
847 1173 74 21 som
941 1166 59 29 sitt
1019 1169 172 37 yttrande.
1211 1170 246 40 Delegationen
1477 1174 205 31 framhåller

196 1209 251 41 inledningsvis
473 1215 50 27 att
548 1214 40 30 de
612 1215 11 29 i
647 1218 263 38 propositionen
934 1220 199 41 föreslagna
1157 1224 236 40 ändringarna
1418 1228 93 29 leder
1535 1229 53 29 till
1614 1239 68 30 nya

195 1264 521 44 gränsdragningssvårigheter,
741 1280 73 20 som
835 1272 143 31 bedöms
1001 1284 82 21 vara
1104 1286 42 20 av
1167 1278 107 30 minst
1297 1288 134 22 samma
1453 1283 228 30 storleksord-

193 1317 85 40 ning
300 1328 74 21 som
398 1320 41 30 de
463 1330 74 22 som
560 1324 222 39 uppkommit
806 1334 122 31 genom
951 1329 361 42 reduceringsregelns
1335 1335 195 31 införande.
1554 1338 126 30 Vidare

195 1372 220 32 konstateras
439 1377 50 28 att
512 1376 114 40 någon
649 1379 114 30 avsikt
787 1382 49 28 att
861 1381 127 40 skärpa
1011 1384 267 42 beskattningen
1304 1388 54 29 för
1382 1389 299 33 konsumenterna

195 1426 70 29 inte
286 1428 176 31 redovisas
484 1430 11 29 i
515 1432 271 38 propositionen,
809 1444 79 20 men
910 1438 50 28 att
982 1437 40 29 de
1045 1438 195 41 framlagda
1263 1441 175 41 förslagen
1461 1444 11 29 i
1495 1445 51 39 sig
1569 1446 111 39 själva

194 1480 277 40 ofrånkomligen
487 1485 92 29 leder
594 1486 51 29 till
662 1496 42 20 en
720 1488 68 29 inte
806 1490 189 38 oväsentlig
1012 1492 310 40 skatteskärpning.
1339 1496 74 30 Den
1429 1497 108 39 årliga
1556 1500 124 30 skatte-

191 1535 239 41 skärpningen
460 1538 54 29 för
544 1538 278 33 förvärvskällan
851 1543 360 43 Jordbruksfastighet
1242 1550 176 30 redovisas
1450 1552 54 29 för
1535 1553 41 30 de
1606 1554 73 29 vik-

192 1588 123 40 tigaste
342 1599 297 33 varugrupperna,
667 1595 65 29 och
760 1597 78 29 med
867 1598 140 40 ledning
1034 1600 109 30 härav
1171 1603 207 39 uppskattas
1408 1605 66 30 den
1504 1616 174 21 samman-

191 1643 101 38 lagda
315 1645 109 38 årliga
447 1646 155 30 effekten
625 1648 53 29 till
702 1658 39 21 ca
766 1650 39 29 10
829 1651 87 37 milj.
940 1653 52 29 kr.
1016 1654 67 29 För
1106 1655 225 36 jordbrukets
1356 1659 228 31 ekonomiska
1607 1662 69 29 för-

189 1697 253 38 eningsrörelse
459 1700 163 31 bedömes
640 1705 244 30 motsvarande
901 1706 123 41 belopp
1042 1708 142 31 komma
1201 1712 50 28 att
1268 1713 116 39 uppgå
1400 1714 52 29 till
1470 1714 39 30 20
1528 1716 74 36 milj
1623 1717 51 29 kr.

233 1751 179 40 Förslaget
429 1756 50 27 att
496 1755 464 43 reduceringsberättigande
976 1763 316 40 investeringsvara
1309 1767 89 29 skall
1415 1769 123 38 utgöra
1554 1770 121 40 komp-

188 1805 62 29 lett
271 1807 140 29 maskin
433 1808 81 29 eller
537 1812 108 27 annat
666 1811 171 40 komplett
858 1814 235 32 inventarium
1116 1818 116 30 finner
1255 1819 239 40 delegationen
1516 1824 159 30 medföra

189 1860 50 28 att
257 1860 150 30 flertalet
426 1872 41 19 av
485 1863 40 29 de
544 1864 147 40 detaljer
709 1867 78 29 med
805 1867 94 30 vilka
918 1869 253 32 lantbrukarna
1190 1873 160 40 vanligen
1371 1876 188 30 successivt
1578 1878 97 30 kom-

188 1913 164 38 pletterar
372 1915 75 30 sina
466 1917 178 30 maskiner
664 1919 112 30 skulle
795 1921 84 30 falla
898 1923 142 30 utanför
1059 1925 352 42 reduceringsregeln.
1431 1930 243 42 Beskattning-

186 1975 44 20 en
247 1967 112 30 skulle
375 1969 77 30 leda
468 1970 52 29 till
537 1972 50 28 att
604 1971 56 30 det
676 1973 77 30 blev
769 1974 247 41 förmånligare
1034 1980 49 27 att
1101 1978 79 30 från
1197 1980 125 40 början
1339 1982 92 40 köpa
1448 1985 226 31 maskinerna

188 2021 79 29 med
289 2022 45 29 all
355 2022 151 30 tänkbar
529 2026 202 40 utrustning
753 2028 45 28 än
821 2030 50 28 att
893 2029 231 40 komplettera
1147 2033 78 30 dem
1249 2035 87 29 efter
1358 2036 120 31 behov.
1503 2039 57 29 Ett
1585 2039 89 31 före-

188 2075 298 37 tagsekonomiskt
500 2078 121 39 riktigt
634 2080 200 31 handlande
849 2083 112 30 skulle
975 2085 149 31 sålunda
1137 2089 208 30 motverkas.

230 2129 247 39 Delegationen
509 2141 102 21 anser
641 2135 72 29 inte
745 2135 66 30 den
842 2137 11 29 i
884 2140 261 37 propositionen
1177 2142 197 40 föreslagna
1406 2146 265 40 anknytningen

183 2183 130 29 mellan
336 2185 342 42 reduceringsregeln
702 2190 65 29 och
789 2190 442 45 kommunalskattelagens
1256 2198 415 43 anläggningstillgångar

183 2246 84 20 vara
287 2239 203 30 motiverad.
512 2241 65 30 Det
597 2242 184 31 framhålls
804 2247 50 27 att
876 2246 66 30 den
964 2248 277 42 gränsdragning
1263 2260 73 21 som
1358 2253 11 29 i
1391 2253 279 32 förvärvskällan

184 2291 128 31 rörelse
340 2292 53 30 för
420 2295 217 30 närvarande
665 2297 10 29 i
701 2298 187 38 praktiken
915 2301 120 39 godtas
1062 2303 58 29 vid
1147 2304 424 44 inkomstbeskattningen
1600 2310 70 30 inte

185 2345 103 39 följer
311 2346 118 39 lagens
451 2348 263 32 bestämmelser
737 2360 56 21 om
817 2354 50 28 att
890 2354 122 30 endast
1035 2357 335 40 varaktighetstiden
1395 2361 89 30 skall
1507 2372 83 22 vara
1614 2374 56 20 av-

181 2399 163 38 görande.
368 2400 184 41 Åtskilliga
575 2404 178 30 maskiner
776 2415 42 20 av
840 2408 100 39 ringa
962 2410 105 30 värde
1090 2412 98 29 lorde
1211 2413 124 30 avdras
1360 2424 74 20 som
1459 2417 210 31 omkostnad

185 2454 85 29 Irots
292 2456 50 27 att
363 2456 337 39 varaktighetstiden
723 2460 187 40 överstiger
931 2465 52 28 ire
1005 2464 48 29 år.
1076 2465 126 31 Vidare
1224 2467 184 31 framhålls
1432 2472 49 27 att
1504 2471 54 29 för
1581 2473 87 28 lant-

183 2507 142 30 brukets
342 2509 54 29 del
411 2510 159 30 kommer
586 2521 42 20 en
643 2513 211 41 bedömning
869 2526 42 20 av
925 2527 149 20 varorna
1089 2520 79 29 med
1183 2520 138 41 hänsyn
1337 2523 51 29 till
1404 2525 264 39 varaktigheten
