2111 2651
701 200 129 31 Banko-
840 191 184 47 Utskottets
1031 196 170 32 Memorial
1227 195 60 32 N:o
1312 198 32 28 2.
1802 189 18 30 3

231 286 215 52 plantsguld
475 286 59 35 till
564 284 109 36 värde
702 282 41 37 af
768 282 171 49 omkring
969 281 165 45 380,000
1163 279 145 35 kronor.
1365 276 16 35 I
1409 274 92 50 följd
1531 273 39 36 af
1586 271 240 38 förenämnda

231 342 170 51 åtgärder
438 341 60 35 till
541 338 209 37 metalliska
789 338 146 35 kassans
971 333 270 51 uppehållande
1277 331 93 36 hade
1410 330 211 36 densamma
1656 327 61 36 vid
1753 326 69 36 års-

231 397 249 48 afslutningen
509 394 102 50 stigit
640 394 54 35 till
731 394 106 43 15,59
860 391 186 36 millioner
1064 390 146 43 kronor,
1230 384 105 39 deraf
1356 388 107 42 11,63
1485 384 184 35 millioner
1689 382 135 35 kronor

232 454 12 34 i
271 450 172 51 myntadt
478 449 67 35 och
581 446 194 51 omyntadt
807 445 103 49 guld,
945 445 90 35 eller
1071 444 12 34 i
1116 443 61 35 det
1204 445 182 32 närmaste
1415 451 139 24 samma
1583 437 134 47 belopp
1747 448 77 23 som

232 506 63 37 vid
323 504 93 37 årets
444 502 146 50 ingång,
619 502 67 36 och
716 503 83 42 3,96
831 500 185 35 millioner
1044 498 135 35 kronor
1206 497 12 34 i
1248 493 135 46 silfver,
1412 490 282 51 understigande
1714 488 111 37 förrå-

233 561 60 36 det
321 559 62 36 vid
412 557 94 37 årets
535 556 130 48 början
693 554 83 37 med
805 553 112 50 något
944 551 103 38 öfver
1077 552 166 44 400,000
1273 550 145 35 kronor.

340 615 13 34 1
388 611 167 37 afseende
589 610 20 36 å
641 609 233 50 guldkassan,
903 620 78 23 som
1009 606 79 36 icke
1117 604 63 36 vid
1208 603 117 49 någon
1354 601 177 49 tidpunkt
1559 598 40 37 af
1624 598 77 36 året
1728 598 97 36 varit

234 671 101 47 lägre
364 674 45 28 än
443 669 39 34 11
518 665 186 35 millioner
736 664 146 43 kronor,
911 668 39 29 är
979 666 54 30 att
1060 659 187 43 bemärka,
1276 662 54 31 att
1359 656 60 36 det
1447 656 12 34 i
1488 655 212 35 densamma
1728 650 97 51 ingå-

234 723 89 37 ende
352 720 282 38 skandinaviska
663 718 239 50 guldmyntet
928 715 117 36 under
1072 713 78 37 året
1177 713 104 35 ökats
1309 710 83 36 med
1426 712 80 42 1,85
1538 708 185 36 millioner
1748 707 78 34 kro-

232 791 77 31 nor,
346 776 192 36 hvaremot
578 772 161 37 förrådet
774 770 40 36 af
840 769 190 38 utländskt
1057 768 199 49 guldmynt
1290 765 187 42 minskats,
1512 761 312 48 hufvudsakligen

233 844 132 38 genom
393 828 216 50 försäljning
637 827 60 36 till
726 825 240 49 Köpenhamn
996 825 39 34 af
1060 835 44 23 en
1132 822 68 35 och
1228 833 44 23 en
1292 817 82 38 half
1390 818 185 35 millioner
1594 815 122 36 francs
1735 814 91 36 efter

234 888 87 34 kurs
349 883 40 37 af
418 887 108 40 72,15
558 896 43 34 pr
635 882 70 37 100
734 879 121 37 francs
883 884 79 30 mot
989 877 117 48 liqvid
1135 877 10 34 i
1175 873 274 39 skandinaviskt
1477 870 209 51 guldmynt.

340 938 128 49 Enligt
505 936 99 36 förra
641 935 225 48 Riksdagens
903 933 122 36 beslut
1062 931 66 36 har
1166 929 195 50 myntning
1390 926 40 36 af
1455 925 212 37 femkronor
1695 924 12 35 i
1736 922 92 50 guld

236 994 116 37 under
392 991 184 37 nästlidna
617 989 39 37 år
693 988 199 49 företagits.
949 987 71 36 Det
1056 985 133 36 hittills
1226 982 175 50 myntade
1438 981 183 48 beloppet,
1660 979 166 43 325,000

233 1051 146 41 kronor,
407 1044 205 51 medgifver
642 1044 93 36 dock
764 1050 98 28 ännu
890 1041 126 36 endast
1044 1039 194 48 utvexling
1266 1038 12 35 i
1306 1036 142 36 mindre
1476 1039 123 44 poster
1618 1033 67 36 och
1705 1032 60 36 till
1784 1044 44 24 en

235 1103 130 48 början
394 1102 97 35 blott
516 1099 66 37 vid
610 1097 315 37 hufvudkontoret
953 1095 67 36 och
1048 1093 63 37 två
1138 1091 352 49 afdelningskontor,
1519 1089 43 35 de
1596 1089 9 34 i
1641 1086 186 48 Göteborg

236 1157 66 36 och
332 1155 147 37 Malmö.

341 1209 109 36 Hvad
478 1207 272 49 silfvermyntet
778 1203 175 38 beträffar
981 1203 136 36 erinras
1146 1201 136 44 derom,
1311 1204 65 39 att,
1400 1197 110 37 sedan
1526 1196 149 49 jemlikt
1694 1195 133 48 Kongl.

236 1264 242 50 kungörelsen
509 1275 59 22 om
598 1259 247 50 öfvergången
873 1259 60 35 till
961 1258 62 35 det
1050 1269 73 36 nya
1150 1257 281 47 myntsystemet
1460 1251 69 36 den
1550 1252 49 36 30
1619 1249 73 48 Maj
1719 1251 111 41 1873,

235 1320 44 35 de
317 1318 117 49 enligt
471 1316 132 49 Kongl.
642 1314 259 48 förordningen
942 1312 69 36 den
1049 1313 20 35 3
1099 1309 178 36 Februari
1310 1309 97 36 1855
1438 1306 91 35 eller
1558 1304 100 36 äldre
1686 1301 143 38 författ-

235 1374 132 48 ningar
409 1371 174 49 preglade
625 1368 237 49 silfvermynt
893 1365 41 37 af
968 1379 43 23 en
1050 1364 197 36 riksdalers
1279 1361 112 38 värde
1425 1360 67 36 och
1521 1357 168 38 deröfver
1717 1357 112 36 redan

237 1426 81 38 från
348 1426 67 36 och
444 1425 84 36 med
558 1425 68 35 den
657 1425 44 35 31
735 1421 203 37 December
970 1421 98 36 1878
1099 1418 67 36 och
1196 1418 44 35 de
1268 1415 41 37 af
1333 1416 145 48 ringare
1499 1413 111 37 värde
1630 1411 83 37 med
1732 1412 97 35 inne-

237 1480 162 39 varande
429 1479 56 36 års
513 1478 135 50 ingång
676 1477 161 48 upphört
865 1480 54 31 att
947 1487 89 23 vara
1054 1473 134 49 lagligt
1207 1467 340 51 betalningsmedel,
1567 1466 116 37 såsom
1704 1464 127 37 sådant

235 1548 155 24 numera
427 1534 81 36 icke
545 1538 111 30 annat
693 1530 235 50 silfvermynt
962 1528 116 50 gäller
1112 1534 46 28 än
1195 1526 61 36 det
1289 1525 115 48 enligt
1440 1524 97 36 1873
1576 1521 56 36 års
1659 1520 171 50 myntlag

235 1589 185 51 preglade.

344 1643 128 49 Enligt
507 1640 92 37 aftal
635 1639 84 37 med
748 1639 132 49 Kongl.
910 1636 235 50 Myntverket
1173 1635 67 35 har
1269 1633 115 36 under
1413 1630 182 38 nästlidna
1624 1629 39 36 år
1690 1628 140 49 försälj-

239 1699 85 48 ning
353 1696 39 37 af
409 1696 181 50 gammalt
610 1694 234 49 silfvermynt
863 1697 60 45 egt
941 1705 85 22 rum
1045 1691 60 35 till
1125 1687 238 51 pregelvärde
1382 1684 257 38 motsvarande
1665 1684 165 43 276,000

238 1754 135 34 kronor
408 1751 91 35 eller
532 1750 11 34 i
576 1749 79 48 vigt
693 1749 175 43 4,130,23
900 1744 182 50 skålpund
1111 1749 78 30 mot
1218 1741 229 51 godtgörelse
1476 1738 92 38 efter
1595 1737 237 49 medelpriset

237 1806 58 36 för
324 1803 127 39 silfver
479 1803 117 36 under
624 1815 141 24 samma
792 1801 55 35 tid
875 1800 21 36 å
923 1799 170 36 Londons
1120 1799 95 43 börs,
1244 1794 202 51 utgörande
1478 1796 46 35 58
1546 1794 134 35 kronor
1702 1793 47 36 56
1770 1798 60 29 öre

237 1859 237 49 skålpundet.
522 1857 129 37 Denna
679 1855 218 49 försäljning
925 1854 67 36 har
1020 1853 144 49 ådragit
1191 1850 235 38 Riksbanken
1455 1861 43 23 en
1527 1848 134 35 förlust
1688 1844 40 37 af
1753 1852 78 28 när-

237 1927 100 23 mare
366 1915 141 43 40,000
536 1912 144 35 kronor.

346 1966 254 38 Riksbankens
629 1964 197 37 utländska
854 1961 267 49 behållningar,
1149 1960 127 36 hvilka
1305 1958 116 36 under
1449 1956 94 36 årets
1571 1954 113 37 första
1712 1952 120 37 mäna-

239 2022 64 36 der
331 2021 225 48 väsentligen
593 2019 133 36 ökades
764 2018 67 37 och
864 2017 215 42 sedermera,
1113 2014 84 36 med
1231 2012 189 48 undantag
1448 2010 57 36 för
1532 2010 85 48 Maj,
1645 2008 90 37 Juni
1764 2007 68 36 och

240 2090 44 22 en
312 2076 60 35 del
401 2075 40 36 af
466 2074 79 36 Juli
575 2073 183 44 månader,
786 2072 99 35 intill
913 2070 213 49 September
1154 2067 151 37 månads
1332 2065 136 50 ingång
1487 2064 189 37 bibehöllo
1696 2063 54 47 sig
1769 2061 63 36 vid

241 2129 254 50 ungefärligen
533 2141 140 23 samma
707 2126 135 37 storlek
875 2138 77 29 som
985 2124 62 37 vid
1083 2125 96 35 1881
1218 2121 56 36 års
1311 2121 129 48 början
1473 2120 91 35 eller
1591 2117 112 49 något
1729 2114 104 37 öfver

243 2184 68 49 9'/,
343 2183 183 36 millioner
562 2183 147 42 kronor,
737 2179 126 37 blefvo
892 2178 92 37 efter
1012 2177 112 49 sagda
1153 2175 175 49 tidpunkt
1356 2174 37 36 så
1420 2174 62 35 väl
1510 2172 57 36 för
1594 2171 239 47 trasseringar

241 2251 77 23 som
352 2238 11 35 i
399 2238 67 35 och
495 2236 57 36 för
580 2235 271 48 inbetalningar
880 2232 40 36 af
946 2231 253 38 Riksbankens
1227 2229 107 36 andel
1363 2229 10 34 i
1403 2227 152 37 svenska
1584 2231 134 31 statens
1746 2225 86 34 kon-
