1884 2826
285 140 41 31 20
715 144 307 32 Bankoutskottets
1046 144 178 32 utlåtande
1249 145 48 32 Nr
1319 148 50 29 50.

333 228 114 32 Under
470 226 220 38 åberopande
714 238 43 21 av
782 228 56 32 det
861 228 150 32 anförda
1035 229 199 31 hemställer
1256 230 175 36 utskottet,

639 298 49 29 att
713 295 228 32 förevarande
966 296 132 30 motion
1122 297 45 30 II:
1194 297 42 30 24
1262 297 74 31 icke
1361 296 57 32 må
1442 297 52 30 till
1520 296 112 39 någon
1657 297 133 31 riksda-

597 353 80 29 gens
695 345 122 37 åtgärd
835 346 191 31 föranleda.

335 414 201 31 Stockholm
555 415 66 30 den
641 416 37 29 11
700 415 72 37 maj
796 416 90 31 1939.

768 489 48 32 På
839 489 300 32 bankoutskottets
1163 491 145 36 vägnar:

809 549 180 32 HARALD
1013 544 248 36 ÄKERBERG.

320 666 196 25 Närvarande:
538 673 29 18 se
588 666 171 32 anteckning
782 665 16 26 å
820 665 146 27 utlåtande
987 674 34 17 nr
1043 666 41 25 49.

849 816 375 35 Reservationer:

335 894 64 39 1:0)
429 905 43 21 av
494 896 80 29 herr
601 895 142 38 Wallén,
768 905 74 21 som
865 895 117 31 anfört
1005 895 167 37 följande:

335 945 81 37 »Jag
436 945 155 31 biträder
611 946 11 30 i
644 946 188 36 väsentliga
854 946 97 30 delar
970 947 67 29 den
1061 955 42 22 av
1123 946 185 30 utskottets
1330 945 176 37 majoritet
1526 946 153 31 uttalade
1702 955 87 27 upp-

287 996 203 37 fattningen.

333 1046 113 37 Enligt
467 1047 73 30 min
562 1047 139 36 mening
722 1047 65 30 bör
807 1057 81 21 man
908 1047 78 31 icke
1008 1048 226 30 underskatta
1256 1047 102 31 faran
1381 1047 56 30 för
1458 1046 175 31 missbruk
1658 1056 43 21 av
1723 1048 67 29 den

288 1096 196 32 finansiella
503 1098 107 35 makt,
627 1107 75 21 som
716 1098 180 30 bankerna
913 1100 236 34 representera
1167 1098 11 29 i
1196 1097 77 31 vårt
1290 1097 227 31 ekonomiska
1533 1097 56 30 liv.
1609 1097 74 30 Den
1700 1106 90 22 sam-

287 1147 276 37 manblandning
580 1148 127 30 mellan
725 1148 109 30 bank-
853 1148 65 30 och
937 1148 319 30 industriintressen
1273 1149 79 29 med
1370 1148 108 30 därav
1497 1147 156 36 följande
1672 1148 119 30 starka

288 1198 263 30 koncentration
569 1198 11 29 i
597 1197 98 37 fråga
712 1208 58 20 om
789 1198 183 36 ledningen
989 1208 42 21 av
1050 1198 233 36 näringslivet,
1303 1207 74 22 som
1395 1198 105 36 enligt
1517 1198 182 30 utskottets
1720 1207 69 21 me-

286 1248 82 36 ning
390 1248 102 36 utgör
515 1251 46 27 ett
583 1248 308 30 kännetecknande
915 1249 86 35 drag
1023 1248 11 30 i
1058 1248 74 30 vårt
1156 1248 207 36 näringslivs
1387 1248 166 36 struktur,
1576 1248 147 30 innebär
1747 1257 43 21 en

287 1298 201 36 anhopning
506 1307 43 21 av
566 1298 132 36 kapital
716 1299 67 29 och
799 1298 261 36 maktresurser,
1078 1307 74 21 som
1172 1298 58 30 för
1246 1298 222 36 näringslivet
1485 1299 66 30 och
1569 1299 220 30 samhällsut-

288 1348 199 36 vecklingen
512 1348 71 30 kan
607 1348 159 31 medföra
788 1348 135 30 mindre
944 1348 150 37 lyckliga
1119 1349 265 30 konsekvenser.

331 1394 92 34 Även
449 1408 58 20 om
532 1398 57 30 det
612 1398 202 31 nuvarande
838 1398 88 36 läget
951 1398 47 36 på
1023 1398 370 37 penningmarknaden
1417 1399 153 30 medfört
1596 1399 91 31 vissa
1714 1400 75 30 lätt-

287 1449 107 30 nader
412 1449 10 30 i
444 1447 100 38 fråga
566 1458 57 20 om
644 1449 197 30 bankernas
862 1448 195 37 inflytande
1077 1448 45 37 på
1143 1449 232 36 näringslivet,
1398 1449 59 30 vill
1478 1450 60 36 jag
1558 1450 11 29 i
1590 1450 201 35 anslutning

286 1500 50 30 till
357 1501 66 30 vad
443 1501 167 29 utskottet
631 1500 117 30 anfört
768 1500 232 39 understryka
1021 1500 115 30 vikten
1159 1509 53 27 av,
1235 1503 50 28 att
1308 1500 222 37 låntagarnas
1553 1500 168 31 intressen
1744 1500 46 37 på

286 1551 126 36 rimligt
432 1552 67 29 sätt
518 1551 195 36 tillgodoses
734 1559 123 28 genom
878 1550 160 37 åtgärder
1059 1550 77 31 från
1157 1551 57 30 det
1234 1551 194 30 allmännas
1449 1551 85 31 sida.

330 1601 64 36 Jag
419 1602 155 30 ansluter
597 1602 69 36 mig
691 1602 89 30 även
806 1602 70 30 helt
901 1601 52 31 till
979 1602 183 30 utskottets
1190 1600 207 38 påpekande
1421 1611 43 21 av
1489 1601 225 37 möjligheten
1740 1604 50 28 att

286 1660 122 28 genom
438 1661 43 21 en
511 1652 146 30 effektiv
685 1652 116 36 statlig
829 1652 218 30 konkurrens
1076 1653 105 29 utöva
1212 1655 48 27 ett
1290 1652 199 36 reglerande
1519 1652 196 36 inflytande
1744 1651 46 37 på

286 1703 42 29 de
349 1702 135 36 privata
504 1702 195 31 bankernas
722 1703 229 29 verksamhet.
996 1702 112 31 Bank-
1128 1703 67 30 och
1216 1702 348 37 fondinspektionens
1585 1703 204 30 uttalanden

287 1753 10 30 i
315 1752 99 37 fråga
433 1762 59 21 om
511 1753 183 30 införande
714 1753 11 30 i
746 1753 194 36 banklagen
960 1763 43 20 av
1021 1753 197 36 ytterligare
1237 1752 365 31 straffbestämmelser
1620 1753 56 30 för
1693 1754 96 29 över-

286 1805 164 30 trädelser
474 1814 43 21 av
542 1805 214 35 banklagens
782 1804 218 30 föreskrifter
1023 1813 102 27 synas
1148 1803 72 37 mig
1244 1803 90 31 dock
1358 1804 76 30 icke
1457 1804 124 35 utgöra
1604 1803 185 37 tillräcklig

287 1855 186 36 anledning
494 1855 57 30 för
574 1857 48 28 att
646 1855 76 30 icke
745 1855 111 31 denna
882 1854 99 37 fråga
1006 1855 111 30 skulle
1139 1857 98 33 tagas
1260 1854 112 30 under
1392 1854 240 36 omprövning.

330 1906 77 30 Med
432 1906 137 39 hänsyn
594 1906 50 30 till
668 1906 67 30 den
759 1905 233 36 uppfattning,
1018 1905 34 31 åt
1074 1904 115 30 vilken
1212 1904 67 30 här
1300 1904 98 37 givits
1420 1905 139 36 uttryck
1583 1905 66 30 och
1672 1904 116 30 vilken

285 1957 214 29 konsekvent
523 1957 94 29 leder
639 1956 51 29 till
714 1956 68 30 den
807 1955 269 36 ståndpunkten,
1102 1957 49 28 att
1175 1954 209 31 hithörande
1409 1954 120 37 frågor
1552 1955 86 30 böra
1662 1954 126 30 under-

285 2006 115 30 kastas
418 2005 194 36 utredning,
631 2006 65 30 har
713 2006 60 36 jag
789 2005 76 30 icke
882 2005 136 31 kunnat
1034 2005 135 31 biträda
1187 2004 388 36 utskottsmajoritetens
1593 2008 75 27 rent
1686 2012 101 28 nega-

284 2056 70 31 tiva
376 2056 137 36 slutliga
535 2056 337 36 ställningstagande,
893 2059 86 27 utan
1000 2065 109 26 anser,
1130 2058 49 28 att
1201 2056 165 30 utskottet
1386 2056 79 30 bort
1486 2055 191 36 hemställa,

637 2127 49 28 att
711 2124 184 36 riksdagen
921 2123 108 31 måtte
1054 2124 10 29 i
1090 2123 166 31 skrivelse
1280 2123 51 30 till
1356 2124 123 36 Kungl.
1507 2122 102 37 Maj:t
1634 2122 152 37 anhålla,

594 2178 48 27 att
664 2175 123 36 Kungl.
811 2174 100 36 Maj:t
932 2174 79 31 ville
1032 2174 69 31 låta
1123 2174 188 30 verkställa
1333 2183 41 21 en
1396 2173 318 37 förutsättningslös
1734 2177 53 27 ut-

594 2225 143 36 redning
757 2224 176 37 angående
953 2225 197 30 bankernas
1171 2224 196 39 inflytande
1387 2224 45 37 på
1453 2224 223 36 näringslivet
1697 2227 90 28 samt

594 2275 177 37 angående
798 2274 264 37 möjligheterna
1090 2277 48 28 att
1165 2275 171 35 begränsa
1362 2275 93 30 detta
1483 2274 204 40 inflytande,
1716 2275 70 30 sär-

594 2325 80 31 skilt
699 2325 81 30 med
806 2325 194 30 beaktande
1026 2335 42 20 av
1094 2323 222 38 låntagarnas
1343 2325 212 36 berättigade
1582 2325 204 34 intressen»;

595 2380 88 27 samt

329 2442 67 39 2:0)
426 2453 43 21 av
491 2444 121 30 herrar
630 2443 194 38 Swartling,
847 2443 188 37 Holmgren
1056 2443 64 30 och
1141 2442 173 31 Svedman
1351 2446 71 27 mot
1444 2443 92 31 vissa
1556 2444 95 29 delar
1671 2452 42 21 av
1735 2444 51 28 ut-

284 2494 142 30 skoltets
454 2494 214 36 motivering.
