1886 2826
279 140 39 31 22
710 145 305 31 Bankoutskottets
1041 144 176 31 utlåtande
1243 145 47 30 Nr
1312 146 51 30 50.

282 238 43 21 av
345 229 80 30 dem
442 228 87 31 måst
548 230 189 36 övertagas.
770 229 56 31 Att
848 230 92 30 detta
959 230 125 35 arbete,
1104 230 104 30 vilket
1224 239 46 21 nu
1289 229 99 30 torde
1406 229 50 30 till
1477 229 66 29 den
1563 230 107 29 större
1688 229 99 30 delen

285 280 84 21 vara
388 270 220 37 undangjort,
629 270 38 31 år
685 271 86 30 efter
791 271 39 31 år
852 271 175 37 oavlåtligt
1048 272 214 35 fortskrider,
1279 272 99 29 torde
1393 270 129 37 jämväl
1543 280 84 21 vara
1648 271 138 30 bekant.

284 313 255 37 Upplysningar
561 314 124 29 härom
708 314 88 30 hava
819 314 188 36 ingalunda
1031 315 141 29 saknats
1194 314 9 29 i
1226 314 197 29 bankernas
1446 313 340 36 förvaltningsberät-

285 356 112 34 telser,
425 356 217 29 anföranden
666 356 56 29 vid
747 356 101 30 deras
872 356 288 36 bolagsstämmor
1186 357 64 28 och
1276 356 307 29 facklitteraturen.

331 396 191 36 Självfallet
547 398 153 29 vitsorda
726 398 32 30 vi
785 397 295 37 oförbehållsamt,
1108 401 49 27 att
1186 399 6 29 i
1212 398 360 30 bankverksamheten
1593 414 44 4 —
1663 397 124 30 liksom

264 438 78 36 för
365 439 108 36 övrigt
496 440 95 29 inom
614 440 116 36 Övriga
752 440 264 37 näringsgrenar
1037 457 45 4 —
1103 440 162 36 förelupit
1289 440 143 36 misstag
1454 440 65 30 och
1543 440 56 34 fel,
1626 440 162 30 stundom

286 490 68 27 nog
378 480 37 31 så
437 482 187 36 allvarliga.
660 482 77 30 Men
762 482 33 30 vi
817 482 84 36 vilja
923 482 20 31 å
966 483 109 29 andra
1097 483 99 30 sidan
1219 483 114 29 erinra
1356 492 56 20 om
1438 482 41 30 de
1502 480 208 32 enastående
1728 480 58 38 på-

286 523 218 36 frestningar,
524 524 56 29 för
603 524 92 30 vilka
720 525 260 30 bankväsendet
1004 526 110 29 under
1141 526 41 29 de
1207 527 134 28 senaste
1366 523 57 31 två
1447 524 228 30 decennierna
1701 524 88 30 varit

285 567 118 28 utsatt.
439 566 48 29 De
508 567 148 29 svenska
679 568 267 29 statsmakterna
968 567 224 36 genomförde
1214 567 86 30 efter
1324 566 227 37 världskriget
1577 566 212 30 deflationen

286 608 80 29 med
385 606 106 32 sådan
516 609 171 29 snabbhet
712 609 65 30 och
801 609 227 36 grundlighet,
1053 612 49 27 att
1125 609 273 36 penningvärdet
1423 618 72 20 mer
1518 610 45 29 än
1587 609 200 30 fördubbla-

286 650 60 29 des
369 651 108 28 under
499 651 116 35 loppet
637 660 42 20 av
701 651 121 30 endast
845 651 106 37 några
972 651 176 31 månader.
1183 652 121 29 Vilken
1327 651 193 30 förödande
1543 651 130 30 verkan
1696 651 92 30 detta

286 690 110 32 måste
423 692 74 29 haft
522 693 55 28 för
598 693 188 35 bankerna,
816 703 75 20 som
919 693 79 37 sågo
1023 694 120 30 värdet
1168 703 42 20 av
1236 694 245 29 säkerheterna
1506 693 55 30 för
1588 694 201 29 utlämnade

286 733 151 31 krediter
456 734 154 30 minskas
629 735 50 29 till
698 744 42 21 en
758 735 155 36 bråkdel,
934 737 39 29 är
989 739 84 27 utan
1096 736 116 30 vidare
1233 736 100 29 klart.
1362 736 83 30 Stöd
1465 735 79 31 från
1566 738 128 28 statens
1714 735 74 30 sida

285 774 35 31 åt
341 776 133 30 banker
494 777 64 29 har
579 777 76 29 icke
676 777 166 36 uteblivit,
864 787 79 21 men
965 778 55 30 det
1042 777 58 32 må
1121 778 259 36 understrykas,
1402 781 48 27 att
1471 778 65 30 den
1557 779 86 29 allra
1664 779 125 29 största

286 817 100 30 delen
406 827 42 21 av
467 819 133 29 bördan
616 820 88 29 dock
721 820 110 30 burits
852 830 42 20 av
912 821 179 30 bankerna
1113 820 118 36 själva.
1265 820 135 30 Statens
1415 820 163 30 förluster
1598 819 44 38 på
1663 820 125 30 affärs-

286 860 143 35 banker,
453 860 91 30 vilka
568 862 112 29 under
702 862 41 29 de
767 862 89 30 efter
879 863 226 36 världskriget
1130 863 232 36 genomlupna
1386 866 123 26 tvenne
1532 863 156 30 kriserna
1713 863 10 29 i
1746 872 43 21 en

286 902 82 29 eller
390 911 115 21 annan
528 903 93 30 form
643 903 134 31 erhållit
799 905 129 36 statligt
952 905 84 35 stöd,
1060 906 74 29 lära
1155 906 84 29 böra
1261 905 174 30 beräknas
1458 904 52 31 till
1532 905 100 36 högst
1649 905 40 30 62
1713 905 75 30 mil-

282 942 100 36 joner
413 944 135 30 kronor.
593 945 107 30 Dessa
729 946 163 31 förluster
922 947 88 30 hava
1041 957 75 20 som
1147 948 128 29 bekant
1306 948 113 29 täckts
1448 956 123 26 genom
1600 948 121 36 anslag
1738 947 50 30 till

285 985 246 31 Kreditkassan
566 996 43 21 av
641 987 39 30 år
715 989 91 34 1922,
836 998 79 21 vars
946 990 203 35 avveckling
1181 990 184 35 riksdagen
1400 990 107 29 beslöt
1535 988 39 31 år
1600 990 93 29 1937.
1739 989 51 30 De

287 1028 175 36 samtidigt
490 1038 41 20 av
558 1030 179 30 bankerna
766 1030 110 36 själva
905 1032 111 29 burna
1042 1032 210 30 förlusterna
1279 1033 187 35 överstego,
1496 1031 105 37 enligt
1629 1031 65 30 vad
1722 1031 67 30 den

287 1069 182 37 offentliga
495 1071 193 30 statistiken
713 1073 141 35 utvisar,
888 1074 92 34 1,300
1009 1073 161 36 miljoner
1191 1074 139 29 kronor.
1370 1074 116 29 Andra
1515 1083 42 20 av
1585 1073 75 31 vårt
1689 1074 100 29 lands

286 1111 131 37 viktiga
440 1113 264 37 näringsgrenar
726 1115 90 29 hava
831 1115 112 30 under
964 1116 113 30 denna
1098 1116 169 36 märkliga
1288 1116 51 30 tid
1359 1115 152 37 påkallat
1534 1116 66 30 och
1621 1116 10 29 i
1652 1116 55 30 det
1727 1116 60 29 all-

286 1154 148 30 männas
460 1155 141 30 intresse
628 1155 135 31 erhållit
792 1158 129 35 statligt
948 1157 137 31 bistånd
1111 1167 42 21 av
1181 1159 69 29 helt
1276 1167 119 21 annan
1422 1158 294 36 storleksordning
1744 1160 45 29 än

287 1204 75 21 som
385 1205 42 21 av
448 1197 178 30 bankerna
649 1197 168 37 åtnjutits.

332 1241 68 31 För
425 1243 215 29 motionären
667 1252 99 27 synes
794 1244 88 29 nära
906 1251 66 28 nog
996 1244 71 34 allt,
1094 1253 75 20 som
1196 1244 94 29 inom
1311 1243 361 29 bankverksamheten
1699 1242 88 30 före-

287 1284 167 35 kommer,
481 1294 81 30 vara
587 1285 52 29 till
662 1285 123 35 ohägn.
823 1280 27 34 Å
876 1294 64 21 ena
964 1285 96 30 sidan
1085 1286 110 29 riktar
1220 1286 70 28 han
1317 1285 52 29 sin
1393 1285 128 29 kriktik
1545 1287 74 28 mot
1641 1285 146 29 banker-

287 1335 63 21 nas
376 1326 192 36 befattning
596 1327 80 29 med
703 1327 210 30 industriens
934 1326 214 37 långfristiga
1175 1326 66 36 lån,
1271 1325 321 38 obligationslånen.
1632 1327 14 30 I
1675 1327 114 30 denna

287 1368 54 30 del
365 1378 83 20 anse
465 1369 31 29 vi
520 1378 55 20 oss
598 1369 91 29 hava
711 1370 160 29 besvarat
892 1369 228 30 förevarande
1144 1369 130 30 motion
1298 1376 124 29 genom
1445 1368 74 31 vårt
1542 1369 159 36 yttrande
1724 1369 65 30 här

286 1419 91 21 ovan
396 1412 81 28 över
495 1410 177 30 motionen
694 1420 56 20 n:r
770 1412 52 29 23.
854 1406 28 35 Å
903 1412 109 29 andra
1033 1411 100 30 sidan
1152 1412 128 29 uttalar
1300 1412 71 29 han
1395 1411 57 30 sitt
1472 1411 216 36 beklagande
1708 1412 81 29 över

286 1452 273 35 föreskrifterna,
579 1455 50 27 att
645 1453 196 30 bankernas
855 1452 198 37 långivning
1071 1454 88 30 skall
1178 1463 82 20 vara
1277 1453 201 37 kortfristig,
1497 1454 83 29 enär
1599 1453 190 36 dymedelst

286 1494 181 31 bankerna
486 1495 120 29 kunna
627 1502 120 29 genom
768 1496 300 35 uppsägningshot
1087 1496 118 29 stärka
1225 1496 52 29 sin
1297 1496 98 29 makt
1417 1496 79 29 över
1512 1495 202 30 industrien.
1748 1494 40 31 Vi

286 1537 60 29 äro
366 1537 207 36 övertygade
593 1546 68 26 om,
684 1540 48 27 att
752 1537 96 30 inom
869 1537 200 36 industrien,
1092 1547 75 21 som
1187 1538 101 36 utgör
1307 1538 118 29 källan
1445 1537 51 31 till
1518 1536 75 32 vårt
1615 1537 91 31 folks
1726 1547 61 20 nu-

286 1579 154 29 varande
458 1578 159 30 välstånd
636 1579 65 29 och
720 1588 74 21 som
815 1579 206 30 tvivelsutan
1042 1580 76 29 icke
1134 1580 109 29 skulle
1263 1580 134 29 kunnat
1418 1580 203 37 uppbyggas
1642 1582 84 28 utan
1742 1582 47 27 ett

285 1620 212 35 bankväsen,
518 1621 105 29 vilket
640 1622 191 29 utvecklats
850 1622 66 29 och
933 1623 85 29 även
1038 1622 160 36 fungerat
1216 1622 210 36 väsentligen
1445 1621 44 37 på
1507 1623 66 29 sätt
1594 1631 74 21 som
1689 1622 98 35 skett,

285 1661 104 31 råder
406 1672 43 20 en
467 1672 117 20 annan
604 1663 224 36 uppfattning
849 1664 45 29 än
913 1664 234 30 motionärens
1168 1674 56 20 om
1245 1665 198 29 bankernas
1464 1664 174 36 betydelse
1657 1664 65 30 och
1738 1664 49 29 in-

285 1706 107 28 tresse
410 1705 54 29 för
482 1705 239 36 näringslivets
738 1705 199 30 befordran.
978 1706 40 30 Vi
1034 1709 53 27 tro
1104 1707 96 34 även,
1220 1709 48 27 att
1287 1707 193 29 detsamma
1499 1707 38 29 är
1556 1705 233 31 förhållandet

286 1747 80 29 med
382 1747 41 29 de
439 1747 241 30 funktionärer
696 1757 41 20 av
755 1748 68 29 alla
842 1749 82 35 slag,
937 1747 211 37 tjänstemän
1166 1748 93 31 såväl
1276 1758 75 20 som
1370 1749 165 35 arbetare,
1555 1748 94 31 vilka
1667 1756 122 29 genom

287 1788 53 30 sin
364 1789 327 37 arbetsanställning
713 1790 143 30 komma
878 1790 11 30 i
913 1791 144 30 kontakt
1082 1791 79 30 med
1184 1791 81 30 eller
1290 1790 36 31 få
1346 1791 154 36 känning
1525 1800 42 21 av
1592 1791 197 30 bankernas

283 1831 240 30 bemödanden
551 1831 11 29 i
590 1841 47 20 nu
662 1831 266 37 ifrågavarande
955 1833 177 30 avseende.
1181 1833 40 31 Vi
1248 1832 110 31 tillåta
1387 1842 54 21 oss
1467 1836 49 27 att
1543 1834 65 29 här
1635 1834 80 36 göra
1742 1836 48 27 ett

283 1872 188 37 belysande
493 1874 80 29 citat
597 1883 43 20 ur
658 1883 41 20 en
724 1874 146 30 ledande
896 1875 120 30 artikel
1039 1875 56 30 för
1118 1876 77 29 kort
1217 1875 49 30 tid
1293 1876 106 29 sedan
1425 1876 9 29 i
1453 1876 178 36 tidningen
1657 1876 130 30 Metall-

283 1915 192 30 arbetaren.
521 1916 13 29 I
561 1916 114 29 denna
699 1916 122 30 artikel
846 1917 189 30 behandlas
1059 1918 108 29 bland
1192 1920 105 27 annat
1324 1921 46 27 ett
1395 1918 292 36 industriföretag,
1714 1927 75 21 som

282 1957 96 29 ännu
397 1958 38 28 är
454 1958 153 34 bankägt
628 1958 65 29 och
713 1968 73 20 som
807 1959 140 30 banken
965 1960 100 30 söker
1085 1962 49 28 att
1156 1967 122 29 genom
1299 1960 278 37 rationalisering
1592 1960 65 30 och
1678 1960 110 30 andra

282 1997 161 37 åtgärder
463 2000 79 35 göra
565 2000 218 36 bärkraftigt.
829 2001 13 29 I
865 2001 147 30 artikeln
1032 2004 122 34 yttras:
1203 2002 93 30 »Den
1319 2011 68 27 nya
1410 2003 150 29 rörelsen
1581 2003 65 29 har
1667 2002 121 30 konse-

283 2040 105 31 kvent
408 2042 127 29 använt
557 2042 69 29 alla
648 2042 203 31 vinstmedel
871 2043 51 30 till
942 2043 219 37 förräntning
1181 2053 41 21 av
1244 2044 141 30 skulder
1406 2045 64 29 och
1493 2044 237 37 förstärkning
1745 2053 43 21 av

282 2082 197 37 hypoteket.
526 2083 57 30 Ett
607 2084 329 32 storbanksintresse
959 2084 69 32 står
1048 2086 130 30 bakom
1202 2087 113 29 denna
1338 2086 132 37 politik.
1517 2081 271 36 Årsberättelsen

282 2124 39 30 är
334 2125 262 31 undertecknad
611 2135 43 21 Av
679 2150 427 8 ....................
1116 2152 6 12 ,
1142 2138 74 21 som
1234 2127 71 31 står
1322 2128 153 30 Svenska
1493 2129 295 30 Handelsbanken

283 2167 96 30 nära.
424 2167 72 30 Har
510 2168 158 30 bankens
687 2169 361 37 finansieringsmetod
1065 2170 89 31 visat
1174 2171 49 35 sig
1238 2171 135 36 skadlig
1393 2171 55 29 för
1465 2171 189 36 företaget?
1698 2171 90 31 Den-

282 2217 46 21 na
351 2208 99 37 fråga
473 2210 68 29 kan
566 2210 212 36 kategoriskt
802 2212 163 30 besvaras
989 2212 80 30 med
1092 2212 67 37 nej.
1208 2208 93 35 Även
1326 2213 59 30 vid
1411 2213 85 30 flera
1519 2214 111 29 andra
1655 2213 134 37 företag

282 2250 66 30 har
372 2251 113 30 denna
509 2252 94 30 bank
629 2253 65 29 och
712 2253 111 31 andra
847 2254 131 30 banker
1000 2254 69 30 fört
1095 2264 133 21 samma
1252 2255 136 36 politik:
1415 2255 175 31 vinsterna
1614 2256 90 30 hava
1727 2265 60 21 an-

283 2293 101 30 vänts
408 2294 10 29 i
437 2294 289 31 konsoliderande
750 2295 90 36 syfte
861 2296 51 30 till
936 2297 439 36 produktionsapparatens
1399 2297 209 37 förbättring
1631 2298 65 30 och
1722 2298 66 30 den

283 2333 198 33 finansiella
500 2336 224 36 ställningens
748 2337 247 37 förstärkning.
1040 2338 123 31 Denna
1187 2339 120 36 politik
1330 2340 41 29 är
1392 2339 73 30 icke
1488 2340 113 36 utslag
1623 2349 42 21 av
1687 2340 101 30 filan-

281 2376 106 36 tropi;
407 2378 65 29 den
490 2378 105 36 ligger
614 2378 9 29 i
643 2379 292 36 bankföretagens
953 2383 71 33 eget
1043 2381 154 30 intresse.
1238 2381 63 30 Det
1321 2382 39 29 är
1375 2381 149 31 skillnad
1545 2381 44 37 på
1610 2382 115 30 finans
1744 2398 45 5 —

282 2418 67 29 och
371 2418 126 31 finans.
543 2420 240 31 Storfinansen
803 2421 71 31 kan
896 2422 173 37 verkligen
1090 2423 47 30 bli
1159 2432 42 21 en
1219 2423 76 30 fara
1319 2423 55 30 för
1395 2426 46 27 ett
1463 2423 99 31 lands
1584 2424 202 36 näringsliv;
