1922 2774
279 168 20 30 8
652 166 253 29 Statsutskottets
929 167 161 28 utlåtande
1112 176 39 19 nr
1174 168 57 27 114
1252 167 36 28 år
1311 168 76 28 1960

282 246 51 29 att
359 245 187 40 ledningen
572 255 42 21 av
640 246 114 30 denna
779 247 241 39 organisation
1045 247 126 40 knytes
1198 248 53 29 till
1277 248 296 41 arméledningen.
1603 249 72 30 Mot
1701 251 66 29 vad

281 299 332 30 överbefälhavaren
637 300 120 30 anfört
778 300 223 30 beträffande
1024 301 283 30 önskvärdheten
1330 311 42 20 av
1396 303 51 29 att
1471 302 126 30 chefen
1618 303 56 30 för
1697 303 70 30 för-

282 352 225 30 svarsstaben
525 352 65 30 och
609 353 68 30 den
695 353 55 30 för
768 353 242 40 krigsmakten
1030 362 261 31 gemensamma
1310 355 383 40 personalvårdsbyrån
1713 356 54 30 får

281 405 186 40 möjlighet
491 407 51 28 att
566 407 190 29 samordna
780 407 67 29 den
872 405 154 32 militära
1051 408 390 30 musikverksamheten
1465 410 80 29 med
1570 410 97 39 övrig
1692 418 76 32 per-

282 458 432 31 sonalvårdsverksamhet
732 468 45 21 m.
791 469 45 20 m.
856 459 65 30 har
939 460 60 40 jag
1016 461 76 29 icke
1112 461 119 30 funnit
1250 461 191 41 anledning
1459 462 53 30 till
1530 462 152 31 erinran.
1702 464 65 29 Det

282 512 99 29 torde
400 511 37 30 få
455 512 189 30 ankomma
662 512 46 40 på
726 513 125 39 Kungl.
870 513 107 40 Maj:t
995 515 51 28 att
1064 515 162 29 närmare
1244 515 135 39 reglera
1396 516 68 29 hur
1483 525 44 21 en
1547 516 110 30 sådan
1677 525 91 21 sam-

278 564 152 40 ordning
455 565 89 30 skall
568 566 72 29 ske.

332 618 14 29 I
368 618 113 30 likhet
503 619 79 29 med
604 620 438 38 organisationsnämnden
1065 621 131 30 räknar
1217 622 60 39 jag
1300 622 80 30 med
1403 624 51 28 att
1476 622 290 41 pensionsåldern

280 672 99 38 göres
396 671 73 31 lika
486 672 54 30 för
556 673 69 29 den
640 680 261 32 gemensamma
917 674 423 40 musikorganisationens
1357 676 301 30 underofficerare
1676 679 91 27 samt

280 726 51 28 att
355 724 436 42 tjänstebenämningarna
814 726 55 31 för
893 727 327 40 musikpersonalen
1246 730 99 38 göres
1370 729 186 40 enhetliga.
1581 730 185 30 Pensions-

281 777 122 31 åldern
429 778 55 30 för
509 779 237 30 underofficer
770 779 63 31 bör
857 780 214 31 bestämmas
1096 781 52 30 till
1174 782 41 29 55
1242 782 48 30 år.
1316 782 450 41 Tjänstebenämningarna

280 831 63 30 bör
359 832 301 30 överensstämma
678 832 79 30 med
774 833 79 30 dem
872 842 75 21 som
966 843 47 21 nu
1032 834 177 40 tillämpas
1226 835 58 30 vid
1303 835 111 31 armé-
1432 836 66 29 och
1516 836 249 40 flygmusiken.

336 887 450 40 Organisationsnämnden
804 888 66 29 och
888 887 341 40 civilförvaltningen
1247 888 64 30 har
1330 889 128 30 uttalat
1477 889 52 40 sig
1547 889 56 31 för
1622 891 52 29 att
1690 899 77 21 mu-

281 940 266 41 sikpersonalen
573 941 151 30 erhåller
750 941 154 39 enhetlig
930 941 267 40 uniformering.
1226 941 93 30 Från
1347 942 421 41 försvarsgrensledning-

281 1002 87 22 arna
384 994 65 29 har
465 994 259 39 invändningar
741 996 89 28 rests
847 994 171 30 häremot.
1036 995 67 29 För
1120 1002 87 32 egen
1225 995 55 30 del
1298 995 118 30 finner
1433 995 60 40 jag
1510 996 58 30 det
1586 996 180 40 naturligt,

280 1048 51 29 att
353 1047 210 40 personalen
584 1047 12 30 i
621 1047 69 30 den
712 1047 57 30 för
790 1047 174 30 försvaret
988 1055 261 32 gemensamma
1272 1049 406 39 musikorganisationen
1702 1050 65 30 har

280 1100 154 40 enhetlig
461 1100 166 30 uniform.
653 1101 119 30 Beslut
797 1101 11 29 i
833 1101 116 30 denna
975 1101 99 40 fråga
1100 1102 207 30 ankommer
1332 1102 45 40 på
1403 1102 127 40 Kungl.
1556 1103 117 39 Maj:t.
1700 1104 65 29 Det

280 1154 99 29 torde
399 1153 106 30 också
524 1153 36 30 få
580 1154 190 30 ankomma
788 1154 45 40 på
852 1154 128 40 Kungl.
999 1154 105 40 Maj:t
1125 1156 51 29 att
1194 1155 141 40 vidtaga
1355 1155 229 41 erforderliga
1604 1156 161 40 åtgärder

279 1215 44 21 av
340 1206 310 40 övergångsnatur.

335 1259 297 31 Genomförandet
649 1269 44 21 av
709 1260 64 30 här
791 1260 200 40 föreslagna
1007 1261 508 41 organisationsförändringar
1535 1271 103 31 synes
1657 1263 110 40 lämp-

279 1312 94 41 ligen
399 1313 123 30 kunna
548 1315 65 38 äga
640 1322 80 21 rum
747 1314 112 30 under
886 1314 144 40 ledning
1056 1324 43 20 av
1125 1315 441 39 organisationsnämnden
1593 1316 58 30 för
1677 1316 90 30 mili-

278 1366 231 30 tärmusiken.
540 1367 14 29 I
586 1367 171 30 samband
787 1367 148 30 härmed
963 1367 63 30 bör
1055 1377 44 20 en
1130 1368 267 40 överarbetning
1428 1377 42 21 av
1500 1369 268 31 militärmusik-

277 1420 228 39 reglementet
530 1420 71 30 ske.

333 1473 114 30 Medel
465 1473 55 30 för
538 1473 425 40 avlöningskostnaderna
979 1474 55 30 för
1052 1475 67 30 den
1138 1483 262 31 gemensamma
1418 1476 349 40 musikorganisatio-

279 1534 68 21 nen
366 1526 64 30 bör
451 1526 118 30 såsom
587 1527 201 40 föreslagits
805 1527 82 30 från
909 1527 67 31 och
996 1529 80 29 med
1096 1528 206 40 budgetåret
1327 1529 137 32 1960/61
1490 1530 141 30 anvisas
1654 1531 112 30 under

278 1581 49 28 ett
348 1580 145 30 särskilt
514 1580 131 40 anslag,
667 1581 167 30 benämnt
856 1581 312 31 Militärmusiken:
1193 1582 224 40 Avlöningar.
1441 1583 166 40 Anslaget
1630 1593 103 30 synes
1755 1584 12 29 i

277 1632 227 31 huvudtiteln
523 1633 85 31 böra
629 1636 172 39 upptagas
824 1635 113 30 under
960 1635 40 30 D.
1022 1635 101 30 Vissa
1146 1636 55 30 för
1225 1636 173 30 försvaret
1422 1644 262 32 gemensamma
1707 1638 60 30 än-

278 1686 129 30 damål.
434 1686 125 40 Övriga
584 1687 191 31 kostnader
801 1688 55 30 för
882 1688 406 41 musikorganisationen
1312 1689 63 31 bör
1401 1690 194 30 emellertid
1621 1690 71 31 tills
1717 1691 49 29 vi-

278 1740 82 30 dare
380 1740 136 30 belasta
535 1740 348 41 försvarsgrenarnas
904 1742 132 40 anslag.

333 1793 14 30 I
379 1794 171 30 samband
580 1795 81 30 med
690 1796 51 28 att
771 1797 49 28 ett
849 1795 145 31 särskilt
1023 1796 306 40 avlöningsanslag
1359 1797 215 30 tillkommer
1604 1798 56 30 för
1689 1807 77 21 mu-

279 1846 342 40 sikorganisationen
655 1848 98 30 torde
788 1848 163 40 samtliga
985 1849 46 40 på
1065 1850 348 40 försvarsgrenarnas
1449 1851 316 40 personalförteck-

278 1899 127 40 ningar
431 1902 179 38 upptagna
636 1901 253 40 beställningar
914 1902 56 30 för
998 1903 282 40 musikpersonal
1306 1904 58 30 vid
1393 1904 120 35 armé-,
1542 1905 130 29 marin-
1699 1905 65 29 och

278 1953 239 39 flygmusiken
534 1954 37 29 få
588 1954 93 40 utgå.
699 1955 49 30 De
766 1955 108 30 totala
892 1955 466 41 kostnadsminskningarna
1376 1957 20 30 å
1414 1957 349 40 försvarsgrenarnas

278 2006 307 41 avlöningsanslag
610 2015 126 32 genom
760 2008 245 40 överföringen
1029 2009 99 30 torde
1153 2009 117 40 uppgå
1294 2010 54 30 till
1373 2010 55 30 för
1454 2010 121 31 armén
1601 2011 163 40 omkring

279 2059 96 30 7400
389 2059 64 30 000
471 2060 140 35 kronor,
630 2061 56 30 för
703 2061 159 30 marinen
881 2062 163 40 omkring
1064 2063 14 28 1
1095 2062 63 30 050
1173 2062 62 30 000
1255 2063 132 30 kronor
1404 2063 66 30 och
1488 2064 55 30 för
1561 2064 202 40 flygvapnet

277 2113 165 40 omkring
462 2113 94 30 1400
570 2113 63 30 000
653 2114 141 30 kronor.

332 2166 14 29 I
367 2166 58 30 det
446 2166 209 40 föregående
676 2168 65 29 har
761 2167 59 40 jag
841 2167 191 41 föreslagit,
1055 2170 51 28 att
1127 2168 95 31 vissa
1242 2169 253 41 beställningar
1517 2170 102 40 utgår
1639 2172 12 29 i
1674 2180 90 21 sam-

276 2219 94 30 band
391 2220 82 30 med
495 2220 210 40 indragning
727 2230 42 21 av
791 2230 43 20 en
857 2221 186 30 musikkår
1067 2224 91 28 samt
1181 2224 50 28 att
1254 2232 44 20 en
1321 2223 152 31 särskild
1497 2225 69 28 stat
1589 2224 56 30 för
1668 2226 96 29 över-

276 2272 84 40 talig
387 2273 284 40 musikpersonal
699 2274 159 30 inrättas.
887 2275 315 30 Personalbehovet
1229 2276 55 30 för
1312 2277 67 29 den
1408 2286 42 20 av
1477 2277 71 39 mig
1577 2277 186 31 förordade

276 2325 406 40 musikorganisationen
701 2327 133 40 uppgår
853 2327 53 30 till
931 2328 110 33 [inom
1059 2331 162 37 parentes
1240 2330 141 39 angives
1400 2330 246 40 minskningar
1664 2331 12 29 i
1695 2331 69 31 för-

275 2378 166 31 hållande
458 2379 53 30 till
529 2380 58 30 det
606 2381 264 39 sammanlagda
890 2382 132 29 antalet
1039 2382 252 41 beställningar
1315 2383 280 35 (motsvarande)
1620 2393 76 21 som
1715 2394 47 21 nu

275 2432 98 30 finns
395 2432 46 40 på
464 2432 348 41 försvarsgrenarnas
835 2434 430 42 personalförteckningar
1287 2446 46 20 m.
1347 2437 61 33 m.]
1438 2446 44 21 en
1503 2437 182 41 inspektör
1709 2438 54 30 för

276 2485 298 31 militärmusiken
596 2486 12 30 i
632 2486 51 31 Ao
696 2486 52 36 24,
772 2496 43 21 en
838 2488 277 31 musikdirektör
1138 2498 43 21 av
1206 2490 28 30 1.
1258 2491 132 38 graden
1413 2490 11 29 i
1449 2490 50 30 Ao
1513 2490 52 35 21,
1589 2490 42 31 24
1660 2491 98 34 (—1)
