1908 2828
329 186 64 31 150
758 185 298 35 Statsutskottets
1074 186 186 34 utlåtande
1280 187 55 34 Nr
1353 190 33 31 8.

690 269 49 29 att
771 267 182 41 riksdagen
986 269 57 30 må
1075 267 51 32 till
1158 268 133 41 Bidrag
1325 268 52 32 till
1405 269 135 32 svenska
1563 270 185 32 kommittén
1763 270 61 41 för

644 320 364 33 nordiskt-akademiskt
1029 322 178 32 samarbete
1230 322 54 31 för
1308 321 200 42 budgetåret
1534 319 144 41 1938/39
1702 324 121 32 anvisa

647 376 48 29 ett
717 374 120 41 anslag
863 384 44 23 av
930 375 100 38 5,000
1053 375 135 32 kronor.

370 469 108 42 240:0)
502 470 258 34 Kommittéer
782 471 76 33 och
880 472 260 41 utredningar
1162 481 143 32 genom
1330 473 262 41 sakkunniga.
1634 474 16 32 I
1673 474 151 42 enlighet

324 524 80 32 med
427 524 128 41 Kungl.
580 524 116 41 Maj:ts
720 525 129 42 förslag
871 523 123 44 (punkt
1019 527 75 38 249,
1118 526 62 32 sid.
1205 527 63 31 571
1295 527 64 32 och
1383 525 86 43 572),
1495 527 104 32 vilket
1622 528 142 32 innebär
1780 539 43 21 en

321 588 46 22 av
390 580 125 39 stegrat
538 578 241 33 medelsbehov
802 579 162 41 betingad
987 579 285 42 anslagshöjning
1295 580 78 32 med
1398 581 122 38 50,000
1543 581 135 39 kronor,
1703 582 53 31 får
1774 584 49 29 ut-

323 631 136 38 skottet,
493 642 73 21 som
594 631 11 31 i
629 632 111 42 övrigt
763 632 163 33 hänvisar
949 633 51 31 till
1024 633 65 32 vad
1113 633 164 32 utskottet
1306 633 6 32 i
1336 637 115 28 ämnet
1475 635 115 31 anfört
1613 634 11 31 i
1648 634 175 33 utlåtande

325 695 42 21 nr
391 685 53 38 20,
469 684 191 40 hemställa,

689 741 49 29 att
770 738 182 42 riksdagen
985 741 57 30 må
1074 739 51 32 till
1158 740 212 32 Kommittéer
1397 741 54 31 och
1474 741 218 40 utredningar
1712 752 112 30 genom

644 792 209 41 sakkunniga
885 793 54 31 för
971 792 200 42 budgetåret
1206 790 145 41 1938/39
1385 794 120 32 anvisa
1528 797 47 29 ett
1598 795 226 32 reservations-

646 846 115 40 anslag
784 856 43 22 av
852 847 144 37 250,000
1020 846 133 32 kronor.

371 940 109 41 241:o)
513 942 121 32 Extra
665 942 178 41 utgifter.
889 943 16 32 I
938 944 200 41 anslutning
1170 944 50 32 till
1252 944 130 41 Kungl.
1412 945 115 40 Maj:ts
1550 945 129 41 förslag
1702 943 123 43 (punkt

325 995 76 39 250,
436 995 61 32 sid.
532 996 65 32 572
626 996 64 32 och
713 994 87 43 573),
825 996 107 33 vilket
954 997 143 32 innebär
1121 1009 40 20 en
1187 998 147 41 höjning
1356 1009 44 21 av
1424 998 152 41 anslaget
1600 999 78 31 med
1701 1000 123 38 40,000

324 1048 127 32 kronor
474 1048 50 32 till
548 1059 133 23 samma
703 1049 133 42 belopp,
863 1061 74 21 som
960 1051 152 32 anvisats
1135 1052 54 30 för
1211 1051 210 41 budgetåren
1448 1048 155 43 1926/32,
1628 1053 54 31 får
1699 1053 126 31 utskot-

324 1104 58 36 tet,
416 1113 74 20 som
522 1102 11 31 i
567 1103 112 41 övrigt
702 1103 163 33 hänvisar
888 1103 51 32 till
963 1104 66 33 vad
1054 1104 163 32 utskottet
1246 1105 5 31 i
1275 1108 116 29 ämnet
1414 1106 114 31 anfört
1550 1106 11 31 i
1586 1105 174 33 utlåtande
1784 1117 41 20 nr

326 1156 53 37 20,
405 1155 187 39 hemställa,

691 1212 48 29 att
763 1210 183 40 riksdagen
969 1212 57 30 må
1047 1210 50 32 till
1113 1211 110 32 Extra
1238 1211 139 40 utgifter
1391 1212 53 31 för
1461 1211 200 42 budgetåret
1679 1209 145 41 1938/39

648 1263 119 32 anvisa
799 1266 48 29 ett
879 1264 329 40 reservationsanslag
1236 1275 43 21 av
1306 1265 141 38 150,000
1471 1265 135 38 kronor,
1631 1265 87 32 dock
1741 1268 49 29 att
1814 1266 11 31 i

646 1316 152 41 anslaget
822 1318 57 30 må
903 1321 98 36 göras
1025 1317 66 32 den
1114 1317 192 41 jämkning,
1331 1328 75 21 som
1430 1318 169 32 erfordras
1623 1320 54 30 för
1696 1319 129 41 avjäm-

646 1369 112 32 nande
782 1380 42 22 av
849 1369 236 33 huvudtitelns
1110 1370 213 33 slutsumma.

371 1463 110 43 242:0)
495 1465 251 33 Provisorisk
758 1466 485 42 avlöningsförstärkning
1256 1467 41 33 åt
1309 1468 110 32 vissa
1430 1468 395 41 befattningshavare

325 1518 14 32 i
364 1519 152 32 statens
539 1519 135 41 tjänst.
708 1520 253 32 Provisorisk
984 1521 486 42 avlöningsförstärkning
1493 1521 42 33 åt
1557 1522 110 33 vissa
1682 1523 142 32 befatt-

326 1571 267 41 ningshavare
622 1573 68 32 vid
712 1573 389 33 folkskoleväsendet
1124 1583 48 23 m.
1195 1583 49 24 m.
1289 1575 307 41 Dyrtidstillägg
1619 1574 42 34 åt
1683 1576 142 32 befatt-

327 1624 267 42 ningshavare
625 1626 15 31 i
673 1626 153 32 statens
859 1626 135 41 tjänst.
1039 1627 308 42 Dyrtidstillägg
1379 1627 42 33 åt
1451 1628 129 33 lärare
1614 1629 68 32 vid
1716 1630 110 32 vissa

327 1678 374 33 statsunderstödda
737 1680 325 41 wundervisnings-
1097 1690 49 23 m.
1175 1680 38 33 fl.
1248 1681 204 33 anstalter.
1501 1682 219 33 Beträffande
1758 1683 67 33 vad

326 1731 130 42 Kungl.
491 1732 98 41 Maj:t
621 1730 206 43 (punkterna
851 1734 63 32 251
940 1734 64 32 och
1028 1732 76 42 252)
1129 1734 174 42 föreslagit
1327 1735 182 42 riksdagen
1532 1736 11 31 i
1568 1737 98 41 fråga
1688 1747 57 22 om
1769 1748 56 21 an-

327 1784 74 42 slag
433 1785 50 32 till
506 1786 223 32 förevarande
753 1787 171 39 ändamål,
949 1788 139 41 avgiver
1111 1788 164 32 utskottet
1298 1800 117 21 senare
1439 1789 109 32 under
1571 1790 182 41 riksdagen
1777 1793 48 29 ut-

327 1838 151 39 låtande;
503 1839 105 32 vilket
632 1839 142 32 härmed

692 1893 163 33 anmäles.

374 1987 108 43 243:o)
505 1989 218 42 Reglering
744 2000 52 23 av
817 1991 112 33 vissa
943 1992 296 33 kursförluster.
1271 1993 17 32 I
1305 1993 150 42 enlighet
1471 1994 78 32 med
1565 1994 130 41 Kungl.
1709 1995 116 40 Maj:ts

326 2042 130 42 förslag
487 2040 122 44 (punkt
643 2042 87 42 253),
762 2045 106 32 vilket
900 2045 142 33 innebär
1065 2057 133 21 samma
1221 2047 315 42 medelsanvisning
1559 2058 73 22 som
1657 2049 54 31 för
1733 2048 93 32 inne-

326 2096 152 32 varande
501 2096 177 41 budgetår,
702 2097 198 33 hemställer
922 2099 174 38 utskottet,

693 2154 49 29 att
774 2151 183 42 riksdagen
989 2154 57 30 må
1069 2152 52 32 till
1145 2153 175 41 Reglering
1343 2165 41 20 av
1407 2154 87 32 vissa
1517 2154 233 41 kursförluster
1772 2155 54 32 för

649 2204 199 42 budgetåret
866 2201 145 41 1938/39
1027 2206 121 32 anvisa
1163 2209 47 29 ett
1218 2206 263 42 förslagsanslag
1497 2218 43 22 av
1555 2209 122 38 28,000
1689 2208 135 32 kronor.

374 2273 198 34 Stockholm
597 2275 67 32 den
691 2276 39 32 18
755 2286 90 22 mars
872 2277 95 31 1932.

824 2373 49 32 På
896 2374 265 32 statsutskottets
1185 2379 142 37 vägnar:

864 2444 183 32 ANDERS
1071 2434 220 43 RÅSTOCK.
