2251 2658
393 224 41 33 49
906 224 247 33 Statsutskottets
1175 223 167 33 utlåtande
1364 223 52 32 Nr
1440 226 27 30 5.

394 318 127 32 varest
561 312 238 37 underhållet
840 312 70 37 och
942 312 142 37 vården
1113 326 47 23 av
1188 310 343 51 ingenjördetaljen
1559 310 225 37 tillhörande
1814 309 171 38 materiel

394 380 49 23 nu
473 366 164 37 saknade
665 365 118 50 nödig
810 364 143 51 tillsyn,
983 370 55 33 ett
1065 365 249 47 förhållande,
1345 378 94 35 som,
1469 369 97 32 även
1594 363 114 49 detta,
1738 363 31 50 ej
1801 376 88 24 vore
1910 363 75 37 för-

395 419 119 50 enligt
556 419 86 37 med
670 418 78 51 god
777 419 186 46 ekonomi,
994 418 80 37 dels
1103 423 96 32 även
1228 421 19 34 å
1275 418 190 49 fartygen,
1494 417 103 36 vilka
1624 416 120 37 under
1767 416 217 36 nuvarande

395 472 263 38 förhållanden
700 472 78 36 ofta
811 475 117 34 måste
956 474 90 46 utgå
1074 474 47 48 på
1150 471 219 50 expedition
1399 475 89 32 utan
1517 469 226 50 erforderlig
1771 468 214 51 ingenjörs-

392 526 190 50 personal.
638 525 422 48 Marinförvaltningen,
1090 538 79 23 som
1198 527 152 47 ansåge,
1380 529 56 31 att
1464 538 46 22 en
1535 523 164 37 behovet
1717 522 267 38 motsvarande

394 579 146 49 ökning
568 592 46 23 av
642 577 225 51 personalen
897 578 31 50 ej
960 592 50 23 nu
1038 578 75 37 läte
1142 578 59 48 sig
1228 583 105 44 göra,
1363 577 68 36 bar
1458 576 210 50 föreslagit,
1697 581 56 32 att
1781 580 122 33 staten
1928 575 58 37 för

393 632 414 49 mariningenjörkåren
839 634 116 34 måtte
983 631 59 37 för
1071 634 40 34 år
1141 633 98 35 1914
1269 631 91 36 ökas
1390 630 85 36 med
1505 630 79 36 dels
1607 632 20 34 3
1650 628 334 50 mariningenjörs-

394 685 263 47 befattningar
684 684 64 35 vid
768 684 72 36 den
857 684 194 48 egentliga
1072 682 488 49 mariningenjörsdetaljen
1581 683 69 36 och
1671 682 79 36 dels
1774 685 17 32 1
1814 681 171 36 artilleri-

392 737 191 49 ingenjör,
612 741 182 32 ävensom
836 741 53 31 att
929 735 224 51 ytterligare
1198 738 17 33 1
1259 734 525 50 mariningenjörsstipendiat
1826 732 160 38 skulle
1965 728 24 62 i

394 803 143 25 samma
565 794 74 32 stat
669 794 197 45 upptagas.

497 842 57 36 Då
590 843 165 36 förutom
784 842 46 36 de
859 841 160 37 militära
1047 841 142 37 kraven
1219 846 95 32 även
1343 840 247 37 ekonomiska
1618 840 150 48 hänsyn
1797 838 102 50 gjort
1928 838 59 49 sig

394 895 175 50 gällande
609 895 60 36 för
710 894 426 49 marinförvaltningens
1178 893 237 48 hemställan,
1456 893 122 36 finner
1619 893 185 36 utskottet
1832 892 62 36 det
1923 905 63 22 an-

393 948 320 49 märkningsvärt,
743 953 54 31 att
826 947 416 50 departementschefen
1272 951 122 32 ansett
1422 945 427 49 marinförvaltningens
1878 957 108 36 nyss-

394 1001 165 37 nämnda
587 1000 146 50 förslag
760 1001 129 36 kunna
918 1000 79 37 helt
1025 1000 70 37 och
1123 999 118 38 hållet
1268 999 307 50 undanskjutas.»

499 1079 71 37 Vid
595 1081 157 48 punkten
782 1080 98 44 13:0)
911 1079 211 49 (angående
1151 1077 463 51 krigsfartygsmateriel):

499 1147 46 23 av
587 1133 130 36 herrar
745 1145 117 36 greve
890 1133 41 36 F.
966 1131 118 39 Cl:son
1120 1132 265 47 Wachtmeister,
1419 1131 39 38 O.
1488 1132 167 46 -Tonsson,
1685 1129 161 37 friherre
1875 1130 36 36 J.
1947 1130 38 36 T.

401 1186 232 48 Gripenstedt,
675 1197 119 37 greve
835 1186 39 35 P.
923 1184 39 38 O.
1007 1186 39 35 L.
1091 1185 207 48 Klingspor,
1342 1183 41 37 G.
1413 1185 53 35 M.
1497 1184 48 35 H.
1576 1183 176 46 Ekelund,
1782 1183 48 34 H.
1861 1182 47 35 H.
1940 1182 44 34 K.

395 1239 162 46 Ericson,
599 1250 117 36 greve
762 1237 37 38 C.
846 1238 45 35 B.
934 1238 198 42 Hamalton,
1172 1238 49 35 H.
1251 1237 215 47 Andersson,
1501 1235 35 38 C.
1567 1236 162 44 Persson,
1764 1233 41 37 G.
1841 1233 147 50 Odqvist

397 1291 70 36 och
507 1291 49 36 H.
594 1291 138 46 Lemke,
770 1289 102 38 vilka
910 1294 139 44 ansett,
1092 1295 55 31 att
1187 1289 207 37 utskottets
1421 1288 179 50 yttrande
1630 1287 71 37 och
1730 1286 145 49 förslag
1902 1287 86 36 bort

397 1344 95 36 hava
521 1342 168 50 följande
716 1342 163 50 lydelse:

499 1395 215 37 »Utskottet
742 1395 67 36 har
837 1395 63 36 vid
921 1394 281 49 behandlingen
1221 1408 46 23 av
1288 1394 137 49 Kungl.
1449 1394 126 49 Maj:ts
1596 1391 264 38 ovannämnda
1875 1391 113 37 fram-

398 1448 183 49 ställning
623 1448 70 37 och
721 1448 101 36 inom
850 1448 219 49 Riksdagen
1096 1448 137 35 väckta
1263 1447 187 36 motioner
1478 1447 11 35 i
1518 1446 157 36 främsta
1703 1449 163 32 rummet
1893 1444 96 48 tagit

396 1501 12 36 i
439 1501 246 37 betraktande
713 1501 135 49 frågan
877 1514 60 23 om
967 1500 466 49 ersättningsbyggnader
1452 1498 60 38 för
1532 1512 47 23 en
1599 1498 61 37 del
1680 1511 44 23 av
1744 1497 245 37 kustflottans

397 1554 256 49 pansarbåtar.

498 1610 60 32 Av
587 1606 74 37 den
689 1605 216 48 utredning,
935 1618 80 24 som
1044 1604 280 37 motionärerna
1352 1604 206 48 förebragt,
1589 1604 177 48 framgår,
1790 1607 55 32 att
1866 1601 45 37 de
1930 1601 60 37 för

397 1658 154 37 flottans
578 1658 323 50 tjänstduglighet
928 1658 202 48 ansvariga
1158 1657 162 37 militära
1348 1656 319 49 myndigheterna
1694 1656 12 35 i
1734 1654 183 37 skrivelse
1933 1653 57 37 till

399 1711 217 49 Konungen
656 1711 148 48 uttalat,
847 1715 56 32 att
931 1711 104 48 varje
1063 1710 222 50 ytterligare
1316 1710 173 49 uppskov
1516 1708 86 37 med
1632 1708 178 49 åtgärder
1836 1707 61 36 för
1924 1709 67 34 vår

397 1764 268 48 pansarflottas
707 1763 252 50 upprättande
1000 1763 159 36 innebär
1201 1767 102 32 stora
1343 1762 121 37 risker
1492 1761 58 37 för
1577 1761 282 47 riksförsvaret,
1888 1759 103 36 vilka

397 1816 121 36 risker
559 1817 91 35 ökas
691 1816 11 35 i
744 1829 141 23 samma
927 1818 86 33 mån
1055 1828 79 24 som
1176 1815 214 50 uppskovet
1426 1814 208 49 förlänges.
1689 1814 75 36 För
1806 1817 55 31 att
1889 1812 102 36 kust-

398 1868 134 37 flottan
572 1869 84 36 icke
706 1869 122 35 under
878 1868 64 36 det
992 1881 50 22 nu
1092 1868 196 49 pågående
1334 1866 376 48 utredningsarbetet
1756 1864 97 38 skall
1899 1870 91 31 över

398 1921 122 36 hövan
566 1921 199 48 försvagas
807 1921 135 36 kräves
984 1920 120 49 enligt
1132 1920 337 49 myndigheternas
1499 1918 98 37 åsikt
1625 1921 122 34 såsom
1777 1916 213 49 ersättning

400 1974 59 36 för
488 1973 43 37 de
560 1973 212 37 föråldrade
800 1973 258 49 pansarbåtar,
1088 1972 101 37 vilka
1216 1973 120 36 under
1365 1972 73 37 den
1467 1976 173 32 närmare
1668 1970 205 38 framtiden
1901 1970 89 36 böra

400 2026 166 37 därifrån
596 2027 163 46 avföras,
789 2026 230 36 åtminstone
1049 2039 46 23 en
1124 2025 163 37 division
1314 2038 75 35 nya
1417 2024 285 50 pansarfartyg;
1733 2023 69 37 och
1823 2023 66 35 har
1908 2021 82 36 där-

398 2079 61 36 för
486 2081 47 47 på
562 2079 62 37 det
652 2079 225 48 kraftigaste
905 2078 218 49 tillstyrkts,
1154 2083 54 31 att
1236 2077 177 49 åtgärder
1442 2081 150 33 snarast
1611 2076 149 49 möjligt
1781 2079 114 33 måtte
1910 2074 80 36 vid-

399 2136 109 43 tagas
549 2132 59 36 för
647 2131 239 49 nybyggnad
928 2145 46 22 av
1015 2131 228 36 åtminstone
1284 2133 63 33 två
1379 2130 274 49 pansarfartyg
1679 2134 134 31 utöver
1842 2127 72 36 den
1944 2140 46 23 av

400 2183 162 38 svenska
581 2184 453 50 pansarbåtsföreningen
1054 2183 162 37 skänkta
1235 2183 266 49 pansarbåten.
1548 2180 442 50 Marimmyndigheterna

400 2237 95 35 hava
524 2236 132 37 därvid
682 2237 193 46 förutsatt,
904 2241 55 32 att
987 2236 251 49 pansarbåten
1260 2235 178 49 Sveriges
1458 2241 68 44 typ
1547 2234 121 37 skulle
1688 2234 59 36 för
1766 2233 84 37 hela
1866 2232 124 36 denna

400 2289 163 36 division
591 2290 150 36 komma
768 2289 58 36 till
855 2289 256 49 användning.

503 2341 57 36 Då
601 2342 62 36 det
705 2347 96 31 även
843 2341 120 49 enligt
1003 2342 202 35 utskottets
1234 2340 155 48 mening
1417 2346 41 30 är
1486 2337 310 50 oundgängligen
1824 2337 168 36 nödvän-

400 2392 94 50 digt,
538 2398 54 32 att
633 2396 84 34 vårt
758 2393 90 37 land
890 2394 58 36 för
989 2394 65 36 sitt
1083 2393 148 37 försvar
1259 2391 237 38 fortfarande
1525 2390 288 38 vidmakthåller
1842 2402 47 24 en
1918 2389 74 49 sjö-
