2254 2659
372 232 42 30 34
883 226 253 34 Statsutskottets
1158 223 163 33 utlåtande
1344 222 53 32 Nr
1419 225 28 29 3.

894 467 566 54 Tryckningskostnader.

168 599 171 29 Trycknings-
479 579 101 49 53:0)
623 578 18 37 I
678 577 119 51 punkt
827 578 46 35 53
904 588 46 25 av
979 575 123 37 denna
1131 572 212 38 huvudtitel
1370 572 69 36 har
1467 570 139 49 Kungl.
1635 568 109 50 Maj:t
1773 566 198 49 föreslagit

179 634 150 52 kostaader.
375 633 220 49 Riksdagen
623 636 54 33 att
704 630 12 38 i
743 630 203 38 riksstaten
966 629 58 36 för
1045 631 40 33 år
1106 628 98 36 1914
1224 625 146 37 minska
1399 622 342 50 förslagsanslaget
1768 619 59 38 till
1845 619 124 50 tryck-

177 678 146 62 ne)
377 684 322 51 ningskostnader
739 683 83 35 från
864 683 137 45 25,046
1030 681 143 34 kronor
1201 679 85 35 med
1314 679 47 34 45
1391 677 142 35 kronor
1560 675 58 35 till
1647 675 136 45 25,001
1815 665 154 57 kronor.

213 736 93 78 [53.]
481 738 58 36 Då
567 735 139 50 Kungl.
726 734 109 50 Maj:t
861 732 163 38 rörande
1053 731 103 37 detta
1184 729 135 50 anslag
1340 728 84 38 icke
1447 726 199 50 föreslagit
1666 738 122 24 annan
1809 724 164 48 ändring

214 792 74 19 99
378 796 48 32 än
455 804 79 24 som
564 789 188 38 erfordras
779 788 60 36 för
861 784 208 52 jämnande
1097 797 47 24 av
1172 781 258 39 huvudtitelns
1458 780 232 46 slutsumma,
1710 778 57 36 får
1786 777 187 37 utskottet

379 842 211 48 hemställa,

880 896 56 31 att
971 889 222 47 Riksdagen
1230 891 60 32 må
1317 886 13 36 i
1357 885 208 38 riksstaten
1593 884 59 36 för
1681 886 40 33 år
1752 883 98 35 1914
1878 894 94 36 upp-

777 949 92 44 taga
896 940 342 51 förslagsanslaget
1265 938 57 38 till
1340 935 437 54 tryckningskostnader
1796 934 57 37 till
1873 934 100 36 oför-

777 996 135 38 ändrat
940 994 150 50 belopp,
1121 994 137 47 25,046
1288 992 155 47 kronor,
1473 990 97 37 dock
1598 993 54 33 att
1679 989 13 36 i
1719 987 176 49 anslaget
1913 989 61 33 må

777 1055 115 44 göras
921 1048 72 37 den
1017 1046 216 50 jämkning,
1254 1058 80 24 som
1363 1044 75 37 kan
1467 1042 191 38 erfordras
1686 1041 59 36 för
1767 1039 207 50 jämnande

778 1116 46 23 av
851 1100 259 38 huvudtitelns
1139 1099 229 36 slutsumma.

714 1280 324 42 Anordnande
1067 1291 59 28 av
1154 1290 59 28 en
1239 1276 413 41 marinläkarkurs.

174 1407 173 24 Anordnande
487 1388 99 49 54:0)
628 1387 87 38 Med
755 1385 268 49 tillstyrkande
1065 1398 46 22 av
1151 1382 106 38 bifall
1298 1381 57 36 till
1383 1380 140 48 Kungl.
1554 1379 126 49 Maj:ts
1708 1377 121 36 under
1856 1375 122 50 punkt

167 1442 188 58 Anaanir
386 1445 46 34 b4
474 1455 46 23 av
557 1442 124 36 denna
708 1438 209 38 huvudtitel
945 1436 135 50 gjorda
1108 1434 279 48 framställning
1417 1433 70 36 och
1514 1431 118 37 under
1660 1429 234 47 hänvisning
1921 1428 57 36 till

158 1519 91 32 (Extra
261 1493 106 55 anslag.)
384 1494 74 38 vad
490 1490 420 52 statsrådsprotokollet
940 1489 67 38 eid.
1040 1488 199 37 160-161
1270 1486 12 37 i
1310 1486 124 36 denna
1461 1485 109 48 fråga
1597 1482 211 38 innehåller
1837 1481 57 36 får
1921 1484 57 32 ut-

221 1571 91 47 [54.]
386 1548 146 36 skottet
559 1544 214 47 hemställa,

885 1651 56 31 att
980 1645 221 47 Riksdagen
1242 1645 60 34 må
1329 1644 60 34 för
1418 1639 246 38 anordnande
1693 1651 46 24 av
1768 1651 46 23 en
1842 1635 138 38 marin-

781 1699 198 37 läkarkurs
1008 1697 138 49 bevilja
1173 1698 48 47 på
1250 1699 105 33 extra
1383 1698 75 32 stat
1487 1693 59 36 för
1575 1695 40 33 år
1646 1692 97 35 1914
1773 1695 53 31 ett
1846 1689 136 48 anslag

781 1765 47 24 av
858 1752 111 47 5,400
999 1749 149 37 kronor.

1006 1928 359 51 Hyresutgifter.

161 2036 199 53 Hyresutgifter.
495 2039 99 49 55:0)
624 2038 87 37 Med
751 2036 209 49 anledning
996 2048 46 23 av
1080 2033 141 50 Kungl.
1251 2032 128 49 Maj:ts
1406 2031 121 36 under
1555 2029 123 50 punkt
1707 2029 46 35 55
1784 2041 47 22 av
1859 2027 123 36 denna

162 2097 93 29 (Extra
269 2094 106 33 anslag.)
392 2092 215 39 huvudtitel
635 2090 135 51 gjorda
797 2088 282 48 framställning
1106 2087 71 36 och
1205 2085 120 37 under
1353 2082 233 49 hänvisning
1613 2081 52 36 till
1688 2080 73 37 vad
1782 2079 201 37 statsråde-

229 2140 92 47 [55.]
357 2136 16 64 —
391 2145 230 51 protokollet
662 2143 67 37 sid.
763 2143 200 36 162-164
991 2140 12 36 i
1032 2140 102 36 detta
1162 2137 140 38 ärende
1330 2135 221 47 innehåller,
1580 2134 57 37 får
1664 2133 189 36 utskottet
1880 2132 102 36 hem-

390 2198 122 47 ställa,
1282 2217 5 5 .

889 2249 56 33 att
972 2243 219 47 Riksdagen
1219 2244 60 34 må
1305 2240 57 37 till
1390 2238 244 39 bestridande
1663 2251 46 23 av
1732 2236 101 37 vissa
1853 2236 131 48 hyres-

786 2298 161 49 utgifter
974 2296 119 36 under
1120 2296 116 35 femte
1263 2292 241 37 huvudtiteln
1532 2290 139 47 bevilja
1699 2292 47 46 på
1775 2294 106 31 extra
1906 2291 78 33 stat

785 2351 58 36 för
872 2353 40 33 år
942 2350 97 35 1914
1068 2353 55 32 ett
1150 2345 133 49 anslag
1310 2359 46 23 av
1388 2344 136 48 17,000
1553 2343 149 36 kronor.
