2220 2648
433 182 106 28 Första
563 182 197 29 Kammarens
785 183 157 38 Tillfälliga
972 184 125 28 Utskotts
1118 185 73 36 (N:o
1213 184 29 36 1)
1272 185 152 28 Utlåtande
1447 185 58 29 N:o
1528 186 45 27 14.
1768 186 36 28 13

190 256 151 38 afsedda
375 258 113 37 målet
523 259 119 37 skulle
677 260 13 36 i
721 261 182 46 väsentlig
930 261 91 46 grad
1048 260 162 50 främjas,
1237 268 92 31 utan
1357 268 54 31 att
1438 263 89 36 man
1555 263 116 37 likväl
1698 263 105 36 bröte

190 308 84 37 med
303 308 71 37 den
403 310 206 47 grundsats,
637 311 150 49 hvarpå,
807 312 119 36 såsom
946 311 111 38 ofvan
1078 320 40 29 är
1136 314 166 45 nämndt,
1320 313 67 37 vår
1405 314 217 37 nuvarande
1639 315 165 47 närings-

189 358 235 51 lagstiftning
450 368 40 29 är
518 362 135 49 byggd.

291 410 189 38 Utskottet
507 412 116 36 håller
650 414 109 36 också
787 413 88 45 före,
903 420 54 30 att
984 415 10 35 i
1023 416 270 46 sammanhang
1320 416 153 37 härmed
1501 415 186 38 erfordras
1707 417 96 36 vissa

189 461 262 49 förändringar
477 464 12 35 i
516 463 69 36 och
621 465 132 47 tillägg
789 466 57 34 till
874 465 114 36 redan
1016 479 52 23 nu
1095 467 193 47 befintliga
1315 466 231 38 föreskrifter
1571 467 159 37 rörande
1758 467 45 37 de

189 512 383 38 handtverksidkaren
600 515 68 36 och
696 516 184 47 lärlingen
909 517 214 48 ömsesidigt
1141 517 197 46 åliggande
1356 517 258 49 förpligtelser,
1630 518 174 36 särskildt

190 563 232 37 beträffande
461 565 211 48 skyldighet
710 566 59 36 för
803 566 71 37 den
900 566 99 37 förre
1027 573 54 30 att
1106 569 106 43 tillse,
1241 568 62 37 det
1329 569 183 36 lärotiden
1541 569 39 36 så
1606 569 196 43 användes,

191 620 54 30 att
271 615 184 47 lärlingen
481 616 63 36 vid
572 616 231 37 densammas
832 618 74 35 slut
932 618 61 36 må
1022 617 112 38 hafva
1160 619 38 35 så
1216 618 236 48 fullständigt
1470 632 80 24 som
1568 620 147 48 möjligt
1733 621 71 35 lärt

190 666 118 45 yrket,
349 667 69 35 och
445 668 12 34 i
484 666 132 37 sådant
655 667 104 50 syfte,
800 669 113 35 bland
955 675 114 30 annat
1104 683 134 34 genom
1265 671 201 48 lärlingens
1494 671 271 37 undervisande
1792 672 11 35 i

191 717 170 37 tekniska
387 718 244 45 yrkesskolor,
659 719 65 36 der
751 719 139 36 sådana
916 720 120 36 finnas
1063 720 49 47 på
1138 722 155 47 platsen,
1321 722 89 36 söka
1428 723 133 46 bringa
1578 723 94 35 hans
1687 722 117 37 skick-

191 768 115 47 lighet
347 768 150 46 derhän,
533 775 53 30 att
623 770 72 35 han
724 771 72 35 kan
824 771 144 48 aflägga
995 772 192 44 godkändt
1214 772 173 47 läroprof.
1439 774 68 35 Att
1534 774 89 36 söka
1648 774 13 35 i
1688 774 111 47 detalj

192 819 152 46 angifva
378 819 102 37 dessa
506 820 276 37 bestämmelser
809 822 89 35 eller
924 822 86 46 ingå
1037 823 9 35 i
1074 822 124 49 någon
1226 831 169 29 närmare
1422 825 229 47 granskning
1678 824 41 36 af
1742 824 63 36 det

191 870 65 36 vid
282 871 192 36 motionen
500 870 145 48 fogade,
672 871 20 36 å
719 871 246 37 förenämnda
991 873 389 38 industriidkaremöte
1407 880 163 43 antagna
1588 874 140 49 förslag
1745 876 57 35 till

191 921 218 48 lärlingslag
448 934 105 24 anser
593 923 180 35 utskottet
813 923 206 36 emellertid
1060 925 29 46 ej
1127 925 158 48 tjenligt,
1312 938 84 23 men
1424 926 180 37 utskottet
1631 927 68 35 har
1724 927 80 35 icke

191 973 101 36 velat
330 972 196 36 underlåta
566 973 70 36 den
677 974 247 46 anmärkning
964 974 230 38 beträffande
1230 976 101 36 detta
1357 975 149 48 förslag,
1534 982 55 31 att
1614 977 117 36 bland
1759 977 45 35 de

192 1024 266 36 läromästaren
486 1023 78 36 deri
592 1023 132 48 ålagda
750 1023 249 50 förpligtelser
1017 1026 131 36 saknas
1169 1027 71 36 den
1261 1032 54 31 att
1334 1026 223 38 åtminstone
1575 1029 80 35 icke
1673 1029 12 35 i
1704 1029 99 47 regel

192 1075 174 36 använda
391 1075 183 48 lärlingen
601 1076 58 35 till
686 1075 117 36 andra
829 1076 176 45 göromål,
1034 1084 46 28 än
1108 1090 78 23 som
1214 1078 90 36 höra
1330 1079 60 35 till
1407 1079 118 48 yrket.
1560 1078 132 37 Denna
1707 1079 96 49 skyl-

193 1125 136 49 dighet,
357 1138 79 23 som
462 1126 117 36 finnes
607 1131 188 43 upptagen
824 1127 30 46 ej
884 1127 96 36 blott
1006 1129 55 35 uti
1087 1128 67 36 vår
1181 1142 51 22 nu
1252 1129 172 46 gällande
1443 1129 245 49 lagstiftning,
1712 1136 89 30 utan

192 1176 107 37 äfven
341 1177 54 35 uti
422 1182 129 30 nästan
579 1177 73 36 alla
680 1177 45 36 de
752 1178 12 35 i
791 1177 117 36 andra
934 1178 130 37 länder
1090 1180 174 45 gällande
1291 1181 103 47 lagar
1420 1180 190 47 angående
1637 1182 168 47 lärlings-

192 1227 260 43 förhållandet,
481 1227 56 36 för
563 1228 128 35 hvilka
718 1228 68 35 här
813 1228 111 36 ofvan
952 1229 216 48 redogjorts,
1196 1231 68 35 bör
1291 1231 115 47 enligt
1432 1232 198 36 utskottets
1654 1233 151 45 mening

192 1279 89 44 icke,
318 1278 120 36 såsom
471 1277 246 49 förmodligen
746 1279 95 36 skett
869 1279 62 36 vid
959 1280 161 36 nämnda
1146 1280 158 47 förslags
1331 1283 258 46 upprättande,
1617 1283 186 36 betraktas

193 1329 119 37 såsom
342 1328 295 46 underförstådd,
665 1335 89 30 utan
784 1342 106 36 synes
917 1330 91 36 böra
1035 1330 112 37 hafva
1175 1332 55 35 sin
1259 1333 96 47 plats
1382 1333 12 35 i
1421 1334 118 45 lagen.

296 1379 299 37 Vidkommande
634 1379 158 37 derefter
828 1379 130 49 frågan
993 1395 59 22 om
1080 1383 258 46 utsträckning
1365 1382 41 36 af
1430 1383 182 37 lärotiden
1639 1383 82 37 från
1749 1390 55 30 tre

192 1430 40 37 år
258 1431 69 44 till,
355 1433 120 33 såsom
502 1431 275 36 motionärerna
804 1444 109 35 synas
941 1431 85 46 afse,
1055 1431 74 37 fem
1157 1433 50 44 år,
1235 1433 38 36 så
1300 1434 67 36 vill
1395 1435 180 36 utskottet
1600 1435 204 46 ingalunda

193 1481 164 46 förneka,
398 1487 54 30 att
491 1482 96 35 vissa
626 1481 209 37 handtverk
875 1482 114 45 torde,
1031 1483 221 37 åtminstone
1292 1484 60 37 för
1379 1484 84 37 dem
1489 1498 79 24 som
1597 1486 30 48 ej
1657 1493 63 29 äro
1748 1493 57 29 ut-

193 1532 150 36 rustade
378 1532 84 36 med
488 1545 102 24 mera
617 1533 150 46 ovanlig
792 1532 188 46 fallenhet,
1009 1533 131 38 kräfva
1167 1536 129 46 längre
1323 1536 134 36 lärotid
1486 1544 46 28 än
1559 1543 55 30 tre
1641 1536 50 46 år,
1719 1551 84 22 men

193 1584 181 35 utskottet
403 1583 101 36 delar
530 1583 80 36 icke
638 1583 71 37 den
736 1584 209 46 meningen,
973 1591 52 29 att
1054 1586 102 35 detta
1183 1587 119 35 skulle
1328 1600 89 22 vara
1442 1586 251 38 förhållandet
1719 1588 84 36 med

194 1634 45 36 de
278 1634 104 36 flesta
416 1634 126 48 yrken.
595 1634 178 36 Tvärtom
810 1642 40 28 är
876 1636 181 35 utskottet
1082 1637 158 47 benäget
1268 1643 142 40 antaga,
1439 1643 53 31 att
1518 1639 102 35 inom
1647 1639 158 36 flertalet

193 1684 210 36 handtverk
431 1685 216 36 treårstiden
675 1686 95 35 skall
797 1699 90 22 vara
914 1686 207 47 tillräcklig,
1150 1688 77 43 och,
1256 1701 61 22 om
1345 1688 39 36 så
1410 1696 49 36 är,
1487 1690 73 35 kan
1587 1689 63 36 det
1669 1690 29 47 ej
1716 1703 89 23 vara

193 1736 81 34 skäl
312 1741 55 29 att
406 1736 187 35 utsträcka
632 1735 182 36 lärotiden
842 1735 58 36 för
928 1737 72 35 alla
1026 1738 127 47 yrken,
1182 1737 214 47 derigenom
1423 1740 236 36 mindretalet
1685 1741 119 35 skulle

193 1784 119 37 blifva
346 1785 275 37 bestämmande
647 1785 60 37 för
734 1786 62 36 det
823 1786 92 36 hela.
968 1786 47 37 Så
1042 1788 146 44 mycket
1215 1789 145 36 mindre
1387 1790 73 35 kan
1488 1789 130 37 sådant
1644 1790 160 37 behöfva

195 1835 278 49 ifrågakomma,
514 1850 78 22 som
633 1837 102 35 inom
777 1837 45 36 de
862 1838 127 47 yrken,
1018 1838 65 36 der
1106 1838 221 37 treårstiden
1355 1841 176 46 möjligen
1559 1848 39 28 är
1625 1840 58 37 för
1710 1842 93 43 kort,

195 1886 182 37 lärotiden
419 1888 70 35 kan
530 1900 133 33 genom
704 1894 84 38 nytt
828 1887 92 37 aftal
953 1888 197 49 förlängas,
1187 1896 51 30 ett
1274 1891 306 48 tillvägagående,
1609 1905 78 23 som
1715 1905 89 35 upp-

195 1938 173 35 ställarne
409 1937 83 37 utaf
528 1938 60 36 det
628 1939 189 35 motionen
846 1938 174 47 bifogade
1047 1939 139 49 förslag
1213 1942 57 35 till
1298 1942 225 48 lärlingslag,
1550 1942 48 47 på
1624 1949 71 30 sätt
1723 1943 80 36 dess

196 1992 19 33 9
246 1986 18 48 $
292 1989 150 43 utvisar,
469 1989 126 48 tyckas
624 1988 110 37 hafva
761 1990 108 35 tänkt
895 1990 55 47 sig
978 1991 126 35 kunna
1131 2005 89 22 vara
1246 1992 179 48 behöfligt
1451 1992 108 37 äfven
1587 1994 62 35 vid
1678 2007 43 23 en
1750 2000 54 29 ut-

196 2039 213 45 sträckning
448 2039 40 36 af
524 2039 198 36 lärotidens
763 2040 205 35 maximum
1006 2042 57 34 till
1089 2040 73 38 fem
1191 2042 48 35 år.
1292 2043 15 34 I
1334 2043 243 37 betraktande
1604 2044 109 36 häraf
1736 2045 67 35 och

196 2089 47 35 då
283 2089 62 35 det
385 2089 105 35 alltid
526 2089 114 36 måste
675 2103 90 22 vara
800 2091 215 47 betänkligt,
1042 2096 53 31 att
1124 2092 70 36 den
1223 2106 96 32 unge
1346 2094 301 47 yrkesarbetaren
1674 2095 129 36 bindes

195 2152 79 23 som
303 2140 134 44 lärling
464 2141 126 46 längre
618 2138 52 37 tid
700 2147 44 28 än
775 2140 176 45 behöfligt
977 2148 49 37 är,
1054 2141 114 47 något
1195 2155 78 23 som
1301 2143 83 36 med
1412 2157 44 22 en
1484 2145 256 47 utsträckning
1767 2145 41 35 af

195 2189 201 36 lärotidens
437 2191 203 34 maximum
681 2191 57 34 till
776 2189 73 36 fem
877 2191 40 34 år
943 2192 204 45 säkerligen
1176 2193 119 36 skulle
1321 2207 133 32 genom
1483 2194 198 36 målsmäns
1710 2191 94 39 oför-

301 2254 61 27 Bih.
382 2254 42 25 till
441 2254 96 25 Riksd.
558 2254 73 26 Prot.
655 2255 83 25 1895.
776 2258 17 21 8
812 2255 84 26 Saml.
933 2256 18 24 2
970 2256 68 33 Afd.
1079 2256 11 24 1
1111 2257 94 25 Band.
1246 2258 32 24 11
1300 2257 82 34 Häft.
1687 2260 16 24 3
