2220 2632
711 193 254 33 Statsutskottets
995 191 173 34 Utlåtande
1192 191 61 33 N:o
1280 192 52 32 69.
1743 187 41 33 67

356 275 109 38 Hvad
507 274 156 37 sålunda
695 272 243 39 förekommit
964 272 97 37 hade
1089 271 251 46 revisorerne,
1371 269 84 37 med
1484 268 149 50 hänsyn
1660 267 57 38 till
1745 271 78 33 äm-

227 334 84 31 nets
340 328 93 49 vigt,
463 327 100 37 velat
590 327 134 47 bringa
754 325 56 37 till
839 324 240 49 Riksdagens
1107 322 226 38 kännedom.

357 379 248 49 Rigtigheten
646 378 41 36 af
727 377 45 37 de
815 376 158 37 sålunda
1014 375 84 37 utaf
1120 375 236 37 revisorerne
1386 372 219 38 meddelade
1633 371 193 50 uppgifter

226 431 235 37 beträffande
504 430 273 49 eganderätten
817 428 57 36 till
916 427 72 37 den
1031 427 119 48 mark,
1193 439 80 24 som
1311 424 183 50 upplåtits
1524 423 56 37 till
1608 423 216 50 Finspongs

222 484 105 47 jern-
357 482 70 36 och
455 481 242 50 styckebruk,
722 481 68 36 har
818 480 42 36 af
875 478 378 49 kammarkollegium
1272 477 13 36 i
1305 476 199 38 skrifvelse
1523 476 72 36 den
1618 477 45 35 14
1674 474 150 49 januari

225 534 259 37 innevarande
513 536 40 33 år
580 532 57 37 till
666 531 72 37 alla
766 530 106 37 delar
900 530 214 36 vitsordats.

331 637 53 37 Af
407 636 199 38 enahanda
635 634 94 48 skäl,
760 647 81 23 som
870 633 186 37 utskottet
1083 633 69 36 här
1180 631 114 37 ofvan
1323 630 126 37 anfört
1475 630 12 36 i
1515 630 108 49 fråga
1643 643 61 23 om
1725 628 100 38 Hus-

228 703 143 35 qvarna
398 687 294 51 gevärsfaktori,
727 699 111 23 anser
871 685 195 47 utskottet,
1096 689 56 32 att
1180 697 46 23 en
1253 687 172 33 närmare
1455 681 203 49 utredning
1680 680 147 50 jemväl

226 742 69 36 bör
338 754 73 35 ega
451 754 82 23 rum
566 737 234 39 beträffande
841 735 531 51 eganderättsförhållandena
1412 734 62 37 vid
1515 734 207 49 Finspong,
1757 732 70 37 och

227 792 221 38 hemställer
474 791 254 50 följaktligen,

756 897 57 33 att
852 891 219 49 Riksdagen
1105 894 60 34 må
1193 890 12 37 i
1234 889 198 38 skrifvelse
1460 889 59 37 till
1547 889 140 49 Kongl.
1717 888 110 49 Maj:t

627 944 165 48 anhålla,
822 948 56 33 att
905 943 138 49 Kongl.
1061 943 109 49 Maj:t
1189 942 146 38 täcktes
1355 941 76 38 låta
1450 940 204 38 verkställa
1673 954 48 24 en
1740 945 85 32 när-

626 1010 103 24 mare
756 995 205 50 utredning
1002 996 13 36 i
1055 995 109 48 fråga
1202 1008 62 23 om
1298 992 529 51 eganderättsförhållandena

627 1048 87 38 med
755 1047 177 38 afseende
969 1049 20 35 å
1021 1046 73 37 den
1121 1046 57 37 till
1207 1046 215 48 Finspongs
1445 1045 104 49 jern-
1578 1045 70 36 och
1676 1044 149 50 stycke-

626 1100 97 39 bruk
750 1099 185 51 upplåtna
963 1098 108 38 mark
1091 1103 99 32 samt
1209 1098 165 37 derefter
1390 1097 158 50 vidtaga
1567 1097 46 37 de
1633 1096 189 50 åtgärder,

627 1152 153 39 hvartill
808 1165 48 25 en
885 1151 118 38 sådan
1032 1150 203 50 utredning
1262 1153 61 34 må
1350 1150 172 38 befinnas
1551 1148 205 39 föranleda.

801 1305 451 44 Öfverintendentsembetet.

968 1427 22 51 &
1022 1429 58 36 17.

567 1527 103 50 (Rev.
700 1526 76 37 ber.
806 1538 87 37 pag.
925 1526 90 45 273;
1044 1523 67 37 utl.
1142 1535 87 38 pag.
1262 1519 231 51 569—571.)

356 1632 87 37 Med
472 1630 208 49 anledning
708 1629 42 37 af
774 1628 119 37 besök
921 1631 21 34 å
970 1618 144 47 Örebro
1143 1626 92 37 slott
1255 1625 114 38 hafva
1387 1624 234 38 revisorerne
1636 1622 76 38 fäst
1728 1636 94 36 upp-

227 1684 258 38 märksamhet
512 1682 99 48 derå,
640 1686 55 32 att
721 1681 102 36 inom
852 1679 357 50 slottsbyggnaden,
1238 1678 165 37 förutom
1423 1676 45 37 de
1487 1675 232 50 lägenheter,
1740 1688 81 24 som

227 1736 194 38 användes
449 1735 57 37 till
533 1733 132 38 bostad
692 1733 60 37 för
778 1731 332 50 landshöfdingen,
1129 1730 56 37 till
1206 1730 230 37 embetsrum
1458 1729 59 37 för
1534 1726 287 51 länsstyrelsen,

225 1789 259 37 länsmuseum
527 1787 70 37 och
638 1785 56 37 till
735 1784 195 49 förvaring
971 1784 41 37 af
1036 1783 299 49 lifregementets
1368 1781 56 37 till
1453 1781 56 37 fot
1537 1779 118 48 arkiv,
1684 1779 138 37 funnes

228 1840 247 51 synnerligen
516 1838 161 50 rymliga
718 1836 159 48 lokaler;
919 1835 183 50 lämpliga
1130 1834 57 37 till
1215 1833 197 49 förvaring
1440 1833 41 37 af
1506 1831 199 39 arkivalier
1732 1831 92 37 eller

227 1892 244 39 användbara
500 1891 57 37 för
585 1890 117 37 andra
730 1887 192 39 allmänna
950 1887 185 38 ändamål.

391 1941 482 48 fverintendentsembetet,
906 1940 116 37 hvars
1047 1938 194 38 utlåtande
1270 1938 104 37 öfver
1401 1936 253 38 revisorernes
1683 1935 141 37 omför-

226 1997 126 38 mälda
370 1995 192 39 uttalande
581 1993 216 48 infordrats,
818 1993 68 36 har
899 1992 13 37 i
927 1991 198 38 skrifvelse
1140 1991 75 37 den
1234 1992 44 35 18
1295 1989 172 38 sistlidne
1479 1988 152 50 januari
1646 1987 179 49 åberopat

226 2055 56 32 ett
302 2050 40 37 af
357 2048 141 49 Kongl.
519 2047 127 49 Maj:ts
667 2044 418 50 befallningshafvande
1104 2043 13 37 i
1136 2034 143 47 Örebro
1298 2041 62 37 län
1379 2041 12 37 i
1406 2040 155 38 ärendet
1577 2039 159 51 afgifvet
1749 2044 74 45 ytt-

226 2102 128 48 rande,
384 2101 80 37 deri
488 2098 170 38 bemälde
677 2095 437 51 befallningshafvande,
1136 2094 85 37 med
1240 2092 278 39 instämmande
1538 2093 12 36 i
1568 2092 257 37 revisorernes

227 2154 155 49 mening
410 2166 60 24 om
499 2150 275 51 lämpligheten
803 2154 57 32 att
887 2148 58 37 för
972 2151 117 46 något
1117 2147 158 37 allmänt
1303 2144 175 38 ändamål
1504 2144 255 49 tillgodogöra
1779 2143 46 37 de

226 2207 58 36 för
311 2203 234 40 närvarande
574 2204 33 49 ej
634 2201 172 38 använda
825 2200 273 50 lägenheterna
1117 2199 12 37 i
1150 2199 142 47 slottet,
1313 2198 132 47 anfört,
1467 2201 53 33 att
1539 2196 108 38 dessa
1667 2195 157 49 lokaler,

226 2258 86 38 med
340 2258 149 49 hänsyn
517 2255 58 37 till
603 2255 108 37 deras
740 2252 168 39 centrala
935 2252 86 50 läge
1050 2252 103 37 inom
1181 2250 109 48 riket,
1320 2255 129 45 syntes
1469 2248 209 51 lämpligen
1697 2248 128 37 kunna

226 2309 194 40 användas
449 2322 89 24 vare
567 2308 59 51 sig
653 2306 56 38 till
738 2306 65 38 det
831 2305 43 40 af
897 2305 236 38 revisorerne
1162 2302 165 52 antydda
1356 2301 175 40 ändamål
1560 2300 91 40 eller
1669 2299 58 38 till
1746 2300 77 37 för-

1842 1635 65 30 Ang.
1918 1635 51 31 för
1978 1637 70 21 stats-

1884 1668 122 25 ändamål

1867 1705 145 32 disponibla

1875 1740 99 36 lokaler
1992 1739 17 26 &å

1859 1771 91 30 Örebro
1969 1776 65 24 slott.
