2226 2632
720 195 250 32 Statsutskottets
1000 192 174 33 Utlåtande
1199 193 62 32 N:o
1287 194 52 30 69.
1752 188 42 32 45

231 278 128 49 höfde,
402 277 58 37 för
489 290 98 36 egen
615 275 170 49 räkning
814 275 137 37 sådant
979 273 127 37 utföra
1135 271 85 37 med
1251 275 77 32 rätt
1353 275 56 31 att
1438 268 213 38 effekterna
1680 267 57 37 in-
1767 267 70 37 och

232 330 147 37 utrikes
409 329 166 48 försälja,
605 328 173 48 eftergift
807 326 42 37 af
873 326 78 37 lilla
980 326 74 48 sjö-
1084 324 70 36 och
1184 322 213 37 landtullen
1420 322 59 36 för
1498 320 73 37 alla
1594 319 244 47 materialier,

233 395 82 23 som
358 381 242 37 erfordrades
645 381 57 35 för
731 379 201 36 faktoriets
963 376 215 46 drifvande,
1209 375 199 36 äfvensom
1438 373 42 36 af
1504 379 104 30 stora
1634 372 75 48 sjö-
1740 377 99 30 samt

232 433 79 36 lilla
341 434 73 47 sjö-
445 433 70 36 och
546 432 210 36 landtullen
788 433 48 46 på
865 430 73 36 alla
967 428 63 37 vid
1061 427 183 36 faktoriet
1274 425 257 49 förfärdigade
1562 424 172 46 effekter,
1757 436 80 22 som

234 485 261 48 utskeppades
525 484 56 35 till
611 482 236 37 främmande
877 487 103 30 orter
1008 480 90 36 eller
1129 479 58 36 till
1216 478 120 37 andra
1365 483 104 30 orter
1496 476 104 36 inom
1632 474 131 37 landet
1783 474 57 36 för

234 536 245 52 försäljning,
514 535 178 36 tillåtelse
722 539 67 41 att,
819 533 11 36 i
860 532 64 36 fall
952 531 42 36 af
1018 531 96 36 brist
1142 533 48 46 på
1220 542 98 35 egen
1349 529 110 46 skog,
1491 527 87 35 kola
1607 526 71 36 och
1708 526 133 47 hugga

235 590 48 47 på
315 587 301 37 kronohemman
646 585 71 37 och
747 583 283 49 allmänningar
1057 582 11 36 i
1098 581 261 49 Jönköpings,
1390 578 121 38 Skara
1540 577 70 38 och
1637 577 204 47 Elfsborgs

236 640 75 47 län,
343 639 116 36 frihet
488 639 58 35 för
575 637 120 37 folket
724 637 81 36 från
837 636 158 36 knekte-
1025 634 70 37 och
1126 631 276 38 båtsmanshåll
1431 636 100 31 samt
1561 628 195 50 värfning,
1777 628 64 36 fri-

236 692 66 35 het
346 691 80 36 från
470 689 281 50 inqvartering,
795 685 386 51 mantalspenningar
1216 698 49 23 m.
1295 698 49 22 m.
1375 688 100 31 samt
1505 681 271 37 konfirmation
1807 679 41 37 af

236 743 123 36 »förra
388 742 259 50 privilegier»;
677 739 273 49 hvarjemte.(i
984 741 41 34 11
1053 736 188 51 punkten)
1272 735 190 48 stadgats,
1492 740 69 39 att,
1583 747 60 23 om
1666 732 177 37 faktoren

238 795 249 48 Ehrenpreus
517 794 123 36 skulle
670 793 201 49 uppfostra
900 795 127 44 någon
1058 802 67 24 son
1157 789 93 36 eller
1279 791 100 46 måg,
1402 800 79 23 som
1503 799 91 23 vore
1615 788 42 33 så
1678 783 167 49 skicklig

238 852 57 31 att
323 846 124 37 drifva
476 847 105 35 detta
611 845 135 36 verket
775 844 96 36 efter
900 844 141 36 honom
1072 855 81 23 som
1183 843 128 45 någon
1341 852 139 34 annan,
1510 841 41 33 så
1579 837 90 36 ville
1700 836 144 48 Kongl.

239 899 108 48 Maj:t
381 898 12 36 i
422 897 195 37 anseende
643 897 56 36 till
730 896 198 36 faktorens
958 893 135 37 härvid
1123 893 132 36 visade
1284 891 57 37 flit
1370 891 70 37 och
1469 888 246 38 idkesamhet
1744 890 102 47 uppå

240 963 47 24 en
317 950 118 37 sådan
465 950 114 36 hafva
609 949 215 36 confererat
851 944 454 48 faktoriebeställningen
1335 942 62 37 vid
1420 942 105 37 detta
1546 940 300 37 manufaktoriet

240 1002 97 37 efter
378 1002 178 36 faktoren
596 998 259 51 Ehrenpreug
897 999 144 48 afgång
1079 997 120 36 under
1225 1008 145 24 samma
1399 993 234 50 privilegier,
1664 1005 83 24 som
1776 991 70 36 här

241 1054 216 46 förmältes;
488 1053 96 37 dock
615 1056 122 33 måste
769 1051 130 37 derom
930 1050 64 37 vid
1023 1049 135 37 sådant
1186 1047 150 38 tillfälle
1358 1047 95 36 först
1474 1044 222 48 ansökning
1717 1048 127 43 göras.

370 1106 109 36 Efter
510 1105 35 38 J.
576 1105 247 49 Ehrenpreus
845 1102 99 38 hade
964 1101 161 38 Fredrik
1145 1101 261 48 Ehrenpreus,
1428 1098 158 37 hvilken
1608 1094 238 39 benämndes

243 1158 294 47 öfverdirektör,
566 1157 82 37 haft
677 1155 239 49 anställning
944 1154 63 37 vid
1038 1153 194 48 faktoriet,
1264 1166 81 23 som
1376 1149 234 39 fortfarande
1641 1162 68 23 var
1728 1148 12 36 i
1761 1148 86 36 kro-

244 1224 96 24 nans
370 1224 72 36 ego
472 1210 72 36 och
575 1208 229 49 besittning.

373 1262 225 37 Emellertid
640 1261 110 48 hade,
794 1259 123 49 enligt
960 1258 100 37 hvad
1095 1257 10 36 i
1135 1256 155 38 Secreta
1319 1254 212 38 utskottets
1559 1251 203 39 skrifvelse
1790 1251 59 37 till

245 1314 141 49 Kongl.
416 1314 108 49 Maj:t
552 1313 74 37 den
659 1315 44 34 19
735 1311 164 38 oktober
926 1312 97 35 1756
1053 1308 226 46 meddelats,
1305 1305 380 51 gevärsfaktorierna
1704 1303 12 36 i
1738 1303 111 48 riket,

243 1367 30 36 vi
303 1366 193 37 anseende
525 1365 57 37 till
610 1365 112 37 deras
752 1363 114 37 slätta
895 1361 173 37 tillstånd
1097 1363 41 34 så
1168 1360 155 49 mycket
1340 1371 103 24 mera
1463 1356 207 51 sysselsatt
1692 1355 158 37 Secreta

244 1418 211 37 utskottets
485 1417 214 47 omtanka»,
730 1429 79 24 som
839 1414 187 38 utskottet
1044 1417 20 32 å
1084 1425 72 24 ena
1176 1412 109 37 sidan
1307 1410 139 47 funnit,
1467 1415 55 31 att
1546 1408 115 38 dessa
1681 1407 171 37 fabriker

245 1471 96 36 efter
382 1469 218 38 dåvarande
628 1468 217 48 inrättning
874 1480 91 23 vore
993 1465 79 37 »för
1101 1465 159 36 Kronan
1290 1462 159 37 tärande
1478 1461 71 38 och
1578 1461 272 43 kostsamman,

246 1536 86 24 men
375 1525 20 34 å
437 1521 119 38 andra
599 1521 109 37 sidan
749 1525 179 44 nogsamt
969 1531 91 23 vore
1098 1515 261 50 öfvertygadt,
1388 1519 79 32 »att
1496 1513 47 38 de
1572 1512 130 38 kunde
1731 1512 120 37 blifva

245 1574 129 38 ibland
404 1575 47 36 de
480 1573 213 51 nyttigaste
722 1573 93 36 verk
845 1572 59 37 för
931 1571 125 46 Riket,
1086 1583 59 34 om
1172 1569 46 36 de
1249 1567 126 37 blefve
1403 1567 96 36 efter
1524 1565 110 37 deras
1667 1570 111 31 ämne
1795 1563 57 37 in-

246 1626 149 38 rättade
430 1626 71 37 och
532 1626 161 37 skötte».
749 1624 144 38 Vidare
922 1623 98 37 hade
1049 1622 190 36 utskottet
1267 1618 220 48 framhållit,
1516 1623 76 31 »att
1620 1616 232 38 factorierna

246 1679 85 37 icke
374 1683 65 32 äro
481 1681 48 46 på
570 1678 73 37 den
683 1676 317 49 fördelaktigaste
1029 1674 104 36 foten
1164 1671 192 38 inrättade
1385 1671 71 37 och
1486 1669 83 38 vidt
1598 1669 141 49 skiljde
1770 1668 81 36 från

245 1732 65 36 det
351 1730 203 50 påsyftade
595 1729 176 38 tillstånd
799 1734 56 31 att
885 1728 127 36 kunna
1045 1725 181 38 tillverka
1255 1724 96 48 godt
1380 1727 121 44 gevär
1530 1722 59 36 för
1619 1724 41 34 så
1691 1720 161 48 lindrigt

245 1783 92 50 pris,
367 1789 55 31 att
451 1782 38 37 vi
514 1782 123 37 skulle
666 1782 130 36 kunna
826 1779 86 38 med
941 1783 127 44 någon
1088 1776 222 50 betydande
1332 1774 119 38 fördel
1473 1774 143 37 afsätta
1637 1773 215 37 detsamma

247 1838 48 47 på
323 1835 147 37 utrikes
491 1840 132 31 orter».
675 1832 260 39 Hufvudfelen
956 1831 98 37 hade
1075 1830 191 36 utskottet
1287 1827 125 37 funnit
1433 1827 106 37 bestå
1560 1826 54 36 uti
1636 1838 47 23 en
1706 1824 146 49 origtig

248 1886 303 50 arbetsordning
592 1900 48 23 m.
685 1900 62 33 m.,
789 1885 77 37 »uti
908 1887 127 45 någon
1079 1881 95 38 brist
1207 1883 49 48 på
1284 1879 144 50 rörliga
1458 1878 93 37 verk
1582 1877 92 37 eller
1703 1883 151 30 vatten-

247 1940 244 49 byggnader,
534 1952 78 23 men
638 1938 262 49 förnämligast
928 1935 128 47 deruti,
1087 1941 52 29 att
1161 1933 230 50 factorierna
1421 1932 143 44 drifvas
1583 1931 68 49 för
1679 1929 174 37 Kronans

248 1992 189 48 räkning».
494 1990 88 38 Som
604 1989 389 51 gevärsfaktorierna,
1014 1987 73 37 fem
1109 1986 59 37 till
1188 1985 158 48 antalet,
1367 1996 90 24 vore
1475 1983 149 36 kronan
1645 1980 208 48 tillhöriga,

249 2047 42 34 så
332 2043 98 37 hade
471 2044 111 37 deras
624 2042 176 38 välstånd
842 2041 136 37 dittills
1020 2039 137 37 endast
1200 2037 100 37 varit
1328 2035 196 51 grundadt
1552 2037 48 47 på
1629 2033 226 37 kronoleve-

249 2109 197 35 ranserna,
477 2109 87 23 men
594 2095 191 37 utskottet
813 2093 98 37 hade
940 2092 65 37 vid
1035 2091 88 37 flere
1155 2089 207 48 riksdagar
1391 2093 183 43 nogsamt
1594 2085 129 37 funnit
1744 2090 111 44 ogör-

250 2148 173 50 ligheten
467 2148 59 36 för
559 2148 147 36 kronan
736 2152 56 31 att
820 2146 102 36 förse
952 2145 89 36 dess
1071 2141 328 51 gevärsfaktorier
1428 2139 83 36 med
1541 2137 228 48 tillräckligt
1798 2150 57 23 ar-

251 2201 89 37 bete
369 2200 71 37 och
470 2200 151 37 derföre
650 2199 64 37 vid
744 2198 95 37 sista
867 2197 208 48 riksdagen
1105 2194 100 38 fallit
1233 2197 48 46 på
1309 2193 72 37 den
1403 2192 156 44 tanken,
1581 2197 55 30 att
1657 2191 47 35 de
1726 2189 129 37 kunde

253 2254 123 36 bättre
418 2252 132 37 skötas
595 2252 70 37 och
709 2250 169 38 förkofra
907 2249 62 50 sig
993 2248 59 37 till
1081 2246 195 38 vinnande
1305 2246 42 36 af
1370 2241 400 53 gevärstillverkning
1799 2240 57 37 till

251 2304 268 51 utskeppande
562 2307 48 47 på
651 2303 148 38 utrikes
841 2308 114 43 orter,
997 2314 61 23 om
1093 2300 47 37 de
1170 2299 152 37 komme
1350 2298 12 37 i
1391 2295 194 40 enskildes
1610 2294 158 45 händer,
1798 2292 58 39 till
