2218 2634
708 207 256 32 Statsutskottets
995 206 172 33 Utlåtande
1190 206 61 33 Nio
1277 208 51 30 69.
1736 204 40 31 79

217 284 254 50 nödvändigt,
509 296 59 25 om
602 284 85 37 icke
721 285 253 49 olägenheter
1008 285 58 37 för
1097 284 354 49 undervisningens
1479 283 170 37 normala
1680 282 139 38 bedrif-

219 336 125 38 vande
374 336 124 37 skulle
527 339 150 47 uppstå.

347 383 127 42 Åfven
517 388 73 37 den
632 388 70 37 här
741 388 309 51 ifrågavarande,
1085 389 202 37 anmärkta
1331 387 163 50 utgiften
1527 387 98 37 hade
1660 386 161 38 sålunda

218 440 100 37 varit
347 440 85 37 fullt
460 440 223 37 motiverad.

347 492 54 36 På
438 492 126 48 grund
607 492 41 36 af
677 491 101 37 hvad
814 505 50 23 nu
897 491 129 37 blifvit
1053 491 167 47 anfördt,
1249 496 135 44 syntes
1411 490 66 37 det
1499 490 124 48 enligt
1651 489 170 37 sekrete-

217 555 133 25 rarens
392 543 244 37 förmenande
672 543 209 47 sannolikt,
915 548 54 31 att
1007 542 74 37 den
1116 542 42 37 af
1180 542 243 49 Riksdagens
1456 541 191 37 revisorer
1673 541 12 36 i
1715 540 106 50 fråga

218 608 60 24 om
321 594 181 38 tekniska
543 594 238 49 högskolans
823 594 239 49 förvaltning
1095 596 41 35 år
1167 596 96 35 1896
1293 593 148 49 gjorda,
1471 592 114 38 ofvan
1615 592 206 37 omordade

219 646 335 49 framställningen
596 646 124 37 skulle
761 645 205 46 uteblifvit,
1009 659 60 23 om
1112 645 151 37 tillfälle
1304 645 58 37 till
1405 644 253 38 meddelande
1688 644 41 36 af
1753 643 69 37 här

215 698 178 38 lemnade
435 699 284 50 upplysningar
760 711 59 24 om
859 698 46 37 de
947 697 86 38 med
1074 697 46 37 de
1149 697 201 37 anmärkta
1380 697 229 50 åtgärderna
1638 696 183 37 förenade

217 750 293 38 förhållandena
540 750 97 38 hade
665 749 147 51 gifvits.

347 854 196 37 Ehuruväl
572 853 262 37 revisorernes
862 853 254 37 förevarande
1137 852 260 49 anmärkning
1416 851 101 38 afser
1535 851 112 50 ringa
1666 850 153 51 belopp,

217 906 70 36 har
313 906 191 36 utskottet
532 905 110 48 dock,
674 905 85 37 med
788 905 180 37 afseende
998 908 20 34 å
1046 904 340 49 angelägenheten
1416 903 117 49 deraf,
1550 908 56 32 att
1629 903 11 36 i
1662 903 159 37 allmän-

218 958 66 36 het
324 958 231 48 tjenstemän
600 956 209 50 åliggande
850 957 135 49 bestyr
1026 957 116 36 varda
1185 956 36 37 af
1255 955 85 38 dem
1370 955 135 50 sjelfva
1532 960 93 32 utan
1654 955 165 37 särskild

219 1010 166 36 kostnad
425 1009 58 37 för
510 1010 235 36 statsverket
771 1008 165 48 utförda,
966 1013 127 32 ansett
1121 1008 62 50 sig
1210 1008 85 37 icke
1323 1008 93 37 böra
1444 1007 85 38 med
1557 1006 159 50 tystnad
1745 1007 74 37 för-

218 1062 89 49 bigå
336 1061 237 49 densamma,
601 1066 93 32 utan
714 1061 70 36 har
805 1060 101 38 velat
927 1060 101 38 hvad
1044 1060 278 38 iförenämnda
1337 1060 221 37 hänseende
1574 1059 247 37 förekommit

217 1113 60 38 för
307 1113 220 51 Riksdagen

744 1225 236 38 omförmäla.

837 1430 352 44 Medicinalstyrelsen.

958 1546 21 51 8
1009 1549 63 35 21.

351 1651 107 50 (Rev.
487 1651 78 38 ber.
596 1663 87 37 pag.
715 1652 73 36 376
818 1650 71 38 och
918 1653 93 44 377;
1041 1650 71 38 utl.
1140 1663 89 37 pag.
1261 1652 86 44 631,
1378 1652 72 35 638
1480 1650 71 38 och
1581 1649 101 51 639).

344 1738 265 48 Revisorerne,
652 1750 81 24 som
776 1736 137 38 besökt
946 1736 143 50 Upsala
1117 1735 168 51 hospital
1314 1736 71 37 och
1413 1735 132 39 dervid
1574 1735 116 38 äfven
1718 1735 100 51 tagit
1858 1749 68 31 Ang.
1945 1749 72 24 brist

214 1791 11 36 i
268 1789 253 39 betraktande
563 1789 180 37 arbetena
786 1789 58 37 för
873 1788 72 37 den
976 1788 109 37 invid
1112 1788 210 49 hospitalet
1349 1788 177 49 förlagda
1556 1801 75 35 nya
1660 1788 156 49 asylens
1830 1784 102 59 fölise
1947 1786 94 57 anord-

213 1842 254 51 uppförande,
495 1842 115 37 hafva
637 1841 12 37 i
678 1841 180 37 afseende
887 1843 20 35 å
922 1840 162 37 berörda
1099 1840 169 50 hospital
1285 1840 202 48 meddelat,
1505 1845 56 32 att
1575 1839 242 38 revisorerne
1891 1828 99 58 Upsala

213 1894 127 38 funnit
367 1894 280 49 luftvexlingen
678 1892 199 38 derstädes
906 1896 47 46 på
982 1892 123 48 grund
1126 1892 43 37 af
1180 1892 194 38 bristande
1390 1891 262 51 anordningar
1669 1892 148 37 mindre
1840 1886 16 61 =
1879 1890 118 32 tspital.

213 1946 371 38 tillfredsställande.
640 1945 193 38 Särskildt
873 1945 98 37 hade
1012 1944 241 37 revisorerne
1282 1944 76 38 fäst
1385 1944 58 37 sin
1473 1944 345 50 uppmärksamhet

214 2003 20 33 å
275 1999 47 37 de
362 1999 13 37 i
410 1998 128 50 gamla
566 1996 426 51 hospitalsbyggnaden
1025 1996 201 49 befintliga
1254 1996 237 50 lägenheter,
1520 1996 144 49 hvilka,
1693 1996 125 37 delvis

215 2051 165 49 belägna
428 2050 123 38 under
585 2050 196 49 jordytan,
827 2055 134 43 syntes
1004 2062 91 24 vara
1138 2049 58 37 för
1237 2048 68 38 sitt
1346 2048 177 38 ändamål
1565 2048 251 50 synnerligen

213 2103 198 50 otjenliga.

343 2155 87 37 Med
458 2153 211 51 anledning
697 2154 43 37 af
762 2153 101 38 hvad
892 2154 239 36 revisorerne
1160 2152 160 38 sålunda
1349 2152 126 38 anfört
1503 2152 69 38 har
1597 2152 220 54 medicinal-

213 2207 191 51 styrelsen
432 2207 12 37 i
472 2206 214 38 infordradt
713 2206 197 37 utlåtande
938 2205 74 38 den
1041 2208 48 35 28
1113 2205 153 49 januari
1295 2205 262 38 innevarande
1577 2208 41 35 år
1634 2205 183 49 åberopat

212 2274 48 23 en
289 2260 82 37 från
401 2258 241 39 direktionen
668 2258 108 38 öfver
795 2258 142 50 Upsala
959 2258 167 49 hospital
1146 2257 12 37 i
1178 2257 106 38 detta
1304 2262 112 33 ämne
1436 2257 140 38 aflåten
1597 2257 219 49 skrifvelse,

212 2311 82 39 deri
323 2311 255 50 direktionen,
612 2311 120 38 under
760 2310 302 39 omförmälande
1090 2314 56 33 att
1175 2310 144 50 Upsala
1346 2309 170 51 hospital
1544 2309 205 50 utgjordes
1778 2309 44 38 af
