1894 2848
44 924 205 29 Departements-

101 958 96 29 chefen.

60 1938 175 25 Motionerna.

80 2112 131 22 Utskottet.

276 182 40 32 20
704 188 98 27 Andra
827 190 197 35 lagutskottets
1048 191 146 27 utlåtande
1218 192 47 27 Nr
1294 193 41 27 15.

270 269 73 21 som
367 259 97 41 ingår
486 260 11 31 i
520 261 41 31 de
584 262 154 31 normala
761 263 273 43 medborgerliga
1057 264 277 42 skyldigheterna
1356 265 53 32 för
1431 266 249 42 medborgarna
1696 268 10 31 i
1723 270 49 29 ett

270 309 78 32 land
382 310 79 31 med
494 311 60 31 full
588 312 242 42 självstyrelse,
865 314 117 32 arbete
1016 315 81 32 eller
1119 315 108 42 tjänst
1249 326 74 22 som
1346 317 159 31 utkräves
1529 329 40 19 av
1592 319 113 41 någon
1728 321 44 39 på

269 360 110 40 grund
413 372 40 20 av
477 372 40 21 en
541 362 10 30 i
572 362 154 41 judiciell
748 366 62 39 väg
833 364 180 32 meddelad
1036 365 88 38 dom,
1151 366 116 31 såvida
1290 366 132 32 arbetet
1445 368 82 31 eller
1550 368 150 41 tjänsten
1723 371 48 29 ut-

270 411 89 31 föres
383 411 109 32 under
515 412 154 42 offentlig
692 414 217 41 myndighets
933 415 118 42 tillsyn
1075 416 64 31 och
1162 416 150 32 kontroll
1336 417 64 32 och
1424 418 257 33 vederbörande
1697 419 74 32 icke

270 461 117 32 ställes
421 462 53 31 till
507 463 199 42 förfogande
739 465 53 31 för
824 465 157 32 enskilda
1015 466 82 32 eller
1129 467 54 31 för
1215 467 132 41 privata
1373 468 207 42 bolag.eller
1600 469 172 42 juridiska

269 523 174 30 personer,
479 515 86 30 samt
599 514 115 32 vidare
748 515 116 32 arbete
893 516 82 31 eller
998 517 105 41 tjänst
1127 528 74 21 som
1226 518 130 32 utföres
1381 519 108 31 under
1511 519 75 42 krig
1609 520 83 32 eller
1715 520 56 32 vid

270 562 178 32 inträffade
472 564 82 31 eller
575 564 152 33 hotande
750 566 203 32 katastrofer
977 569 112 30 såsom
1113 568 171 38 eldsvåda,
1309 570 260 41 översvämning
1592 582 42 20 m.
1660 582 42 20 m.

321 613 76 31 Den
433 616 76 34 stat,
544 626 72 20 som
651 616 183 32 ratificerat
868 617 263 39 konventionen,
1155 619 177 31 förbinder
1366 620 52 41 sig
1441 620 140 32 därmed
1604 623 50 29 att
1677 622 93 31 inom

268 664 131 31 kortast
433 665 137 41 möjliga
603 665 52 32 tid
689 666 226 42 undertrycka
945 668 239 32 användandet
1208 681 39 19 av
1271 671 130 40 tvångs-
1426 671 82 31 eller
1531 671 241 42 obligatoriskt

269 714 115 32 arbete
417 714 11 31 i
452 715 65 31 alla
540 715 79 32 dess
642 716 134 33 former.
820 718 113 31 Innan
957 718 93 32 detta
1071 719 224 42 fullständiga
1318 720 295 43 undertryckande
1637 733 135 30 genom-

268 764 95 38 förts,
398 767 54 29 må
484 766 255 42 ifrågavarande
773 768 115 31 arbete
912 769 172 32 användas
1108 770 124 31 endast
1253 771 52 31 för
1328 771 176 42 offentliga
1526 772 159 32 ändamål
1708 773 63 31 och

270 817 111 30 såsom
407 827 41 20 en
472 816 313 43 undantagsåtgärd
809 821 87 29 samt
919 819 109 32 under
1049 820 220 42 iakttagande
1292 833 39 19 av
1355 821 42 32 de
1412 822 123 32 villkor
1551 822 63 32 och
1632 822 141 42 skydds-

269 866 218 38 föreskrifter,
514 878 71 20 som
610 868 140 41 angivas
773 868 10 31 i
807 869 402 43 konventionsförslaget.

321 916 261 42 Föredragande
617 918 377 42 departementschefen
1030 921 62 31 har
1128 921 212 32 beträffande
1377 923 396 43 konventionsförslaget

268 969 106 39 yttrat
407 967 158 42 följande.
610 969 262 41 Tfrågavarande
899 971 127 42 förslag
1048 971 87 32 hade
1159 972 10 31 i
1194 972 66 32 den
1284 973 139 42 slutliga
1446 974 256 42 utformningen
1726 986 46 20 er-

269 1017 97 32 hållit
401 1018 105 31 sådan
540 1019 140 41 lydelse,
705 1022 50 29 att
778 1020 58 32 det
858 1021 73 31 helt
953 1022 64 31 och
1039 1022 106 31 hållet
1169 1023 149 31 saknade
1341 1024 155 41 praktisk
1518 1024 179 41 betydelse
1720 1025 52 32 för

268 1070 72 29 vårt
373 1068 89 31 land.
510 1068 130 32 Sådant
673 1070 126 38 arbete,
835 1082 72 20 som
943 1071 58 32 det
1033 1072 11 31 i
1077 1072 93 32 vissa
1203 1073 58 31 fall
1296 1073 106 42 enligt
1433 1075 124 31 svensk
1579 1075 56 41 lag
1656 1075 116 32 kunde

268 1119 136 40 åläggas
438 1121 112 40 någon
583 1122 50 29 att
663 1120 153 42 fullgöra,
842 1124 113 29 såsom
980 1122 203 42 deltagande
1207 1124 10 30 i
1242 1124 176 42 släckning
1441 1136 40 20 av
1505 1125 161 41 skogseld
1690 1126 82 31 eller

268 1169 10 31 i
291 1169 338 42 vinterväghållning,
643 1171 230 32 innefattades
890 1172 144 32 sålunda
1049 1173 73 32 icke
1139 1174 110 31 under
1260 1175 264 38 konventionen,
1539 1176 64 31 och
1616 1176 154 32 avsikten

268 1231 78 20 vore
370 1220 153 41 tydligen
547 1223 83 29 även
655 1223 50 29 att
727 1222 187 32 lösdrivare
931 1223 64 31 och
1011 1223 105 32 andra
1132 1224 10 30 i
1160 1224 251 32 administrativ
1427 1227 63 40 väg
1506 1226 117 31 ådömt
1639 1228 132 40 tvångs-

268 1270 115 31 arbete
406 1270 74 32 icke
504 1271 108 31 skulle
636 1271 80 32 falla
739 1272 108 32 under
869 1273 264 32 konventionen.
1180 1274 127 32 Arbete
1331 1275 11 31 i
1366 1276 166 31 samband
1556 1276 78 32 med
1651 1277 120 31 under-

267 1320 136 41 visning
427 1321 97 31 torde
546 1321 73 31 icke
643 1321 185 32 innefattas
852 1323 109 31 under
984 1323 65 32 den
1073 1324 172 32 allmänna
1268 1325 233 32 definitionen.
1537 1326 82 32 Med
1636 1327 133 41 hänsyn

267 1370 52 32 till
351 1371 158 42 Sveriges
540 1371 163 42 ställning
737 1384 72 20 som
837 1373 151 32 ledamot
1010 1385 40 20 av
1072 1374 279 32 internationella
1374 1376 396 42 arbetsorganisationen

267 1421 97 31 torde
388 1422 58 31 det
470 1422 199 38 emellertid,
694 1423 107 41 enligt
823 1423 65 32 den
912 1426 127 40 gängse
1062 1425 265 42 uppfattningen
1351 1426 94 32 inom
1473 1427 298 41 organisationens

266 1472 140 41 ledning
429 1472 63 32 och
516 1473 110 31 skilda
642 1473 284 39 medlemsstater,
950 1486 78 20 vara
1051 1475 162 32 önskvärt
1236 1476 63 31 och
1315 1476 165 42 lämpligt,
1498 1479 49 29 att
1570 1480 85 29 även
1678 1478 12 31 i
1712 1479 59 31 fall

267 1522 127 32 sådana
410 1534 73 20 som
501 1523 58 32 det
574 1523 221 32 förevarande
811 1525 206 32 ratifikation
1034 1526 135 31 komme
1186 1526 53 31 till
1256 1527 100 31 stånd
1373 1529 113 30 såsom
1503 1530 49 29 ett
1568 1529 136 42 uttryck
1719 1529 53 31 för

266 1573 134 31 landets
434 1574 214 41 principiella
681 1574 202 42 inställning
916 1575 53 32 till
992 1576 104 42 själva
1123 1577 215 41 rättsfrågan.
1383 1577 19 32 I
1435 1578 153 42 enlighet
1611 1579 79 32 med
1714 1579 58 32 det

267 1624 141 31 anförda
445 1627 124 39 ansåge
610 1625 387 42 departementschefen,
1036 1629 50 29 att
1121 1627 257 42 ifrågavarande
1415 1629 210 32 konvention
1663 1629 108 32 borde

267 1686 39 19 av
331 1674 138 41 Sverige
492 1675 195 31 ratificeras.
725 1675 120 33 Såsom
862 1679 131 39 antytts
1009 1677 11 31 i
1037 1679 49 30 ett
1102 1689 41 20 av
1160 1678 65 31 den
1244 1678 270 42 socialpolitiska
1531 1679 239 42 delegationen

267 1725 133 41 avgivet
423 1726 168 41 yttrande,
616 1726 98 32 torde
738 1727 190 31 emellertid
952 1728 104 31 sådan
1080 1728 119 42 åtgärd
1222 1728 74 32 icke
1318 1729 185 43 lämpligen
1527 1730 84 31 böra
1633 1742 47 20 nu
1703 1731 68 31 vid-

267 1778 104 39 tagas,
396 1778 82 29 utan
513 1776 97 32 torde
645 1788 77 20 man
756 1777 84 32 böra
873 1778 150 38 avvakta,
1048 1780 49 30 att
1131 1781 114 40 någon
1279 1780 82 31 eller
1394 1782 103 40 några
1531 1792 39 20 av
1594 1781 42 31 de
1660 1783 111 30 större

266 1826 279 39 kolonialländer,
568 1828 53 31 för
643 1828 90 31 vilka
756 1828 253 32 konventionen
1025 1829 140 32 framför
1181 1830 61 32 allt
1257 1841 80 21 vore
1354 1842 40 20 av
1409 1831 156 57 praktisk
1581 1832 188 40 betydelse,

267 1877 84 41 tagit
376 1878 211 55 ståndpunkt
611 1878 52 31 till
687 1878 206 32 densamma.

318 1927 18 32 I
370 1928 41 31 de
435 1928 11 31 i
470 1929 186 41 anledning
679 1940 40 20 av
741 1929 262 42 propositionen
1027 1931 119 31 väckta
1169 1932 215 31 motionerna
1407 1932 61 32 har
1491 1932 204 38 hemställts,
1720 1936 50 29 att

266 1978 182 41 riksdagen
483 1981 103 29 måtte
620 1979 11 31 i
660 1979 164 32 skrivelse
847 1980 53 31 till
923 1980 125 42 Kungl.
1072 1981 100 41 Maj:t
1195 1982 141 37 anmäla,
1361 1984 49 29 att
1433 1983 183 40 riksdagen
1639 1983 53 31 för
1716 1984 52 31 sin

267 2028 54 31 del
344 2030 111 31 finner
477 2030 221 31 förevarande
721 2029 358 43 konventionsförslag
1102 2031 84 32 böra
1210 2032 193 32 ratificeras.

318 2105 49 31 Av
403 2106 64 30 vad
502 2117 84 20 ovan
621 2106 132 32 anförts
783 2107 154 41 framgår,
962 2109 49 29 att
1034 2107 255 42 ifrågavarande
1305 2109 367 42 konventionsförslag
1697 2110 72 31 icke

267 2156 59 31 har
350 2167 112 29 någon
486 2156 154 42 praktisk
662 2157 178 41 betydelse
863 2158 53 31 för
934 2158 157 41 Sveriges
1108 2158 65 32 del.
1215 2158 120 32 Såsom
1352 2159 247 41 föredragande
1617 2160 152 42 departe-

267 2207 234 31 mentschefen
525 2207 194 39 framhållit,
737 2208 97 31 torde
858 2208 58 31 det
940 2209 190 31 emellertid
1153 2209 79 31 med
1255 2209 133 42 hänsyn
1405 2210 53 31 till
1473 2212 74 29 vårt
1562 2211 100 31 lands
1680 2211 89 31 ställ-

266 2257 81 41 ning
372 2268 73 20 som
470 2258 144 31 medlem
639 2270 40 19 av
703 2258 66 32 den
792 2258 277 32 internationella
1092 2259 397 41 arbetsorganisationen
1506 2272 78 20 vara
1608 2262 160 31 önskvärt

267 2307 61 31 och
363 2307 165 43 lämpligt,
553 2311 48 29 att
632 2309 208 32 ratifikation
864 2320 40 20 av
927 2310 394 41 konventionsförslaget
1344 2311 153 31 kommer
1520 2311 52 31 till
1597 2311 101 32 stånd
1722 2315 47 28 så-

266 2369 72 20 som
374 2360 49 29 ett
457 2359 134 41 uttryck
624 2359 53 32 för
709 2359 135 32 landets
878 2360 201 41 inställning
1112 2360 54 32 till
1200 2360 66 32 den
1297 2361 232 42 föreliggande
1552 2362 215 56 rättsfrågan.

266 2408 79 31 Med
370 2409 185 42 anledning
578 2421 39 19 av
633 2410 65 31 vad
722 2410 377 42 departementschefen
1122 2411 11 31 i
1158 2411 111 41 övrigt
1285 2412 112 31 anfört
1413 2422 101 21 anser
1531 2413 52 40 sig
1600 2412 169 32 utskottet

265 2459 84 31 böra
383 2460 108 31 uttala
524 2460 65 31 den
625 2461 191 41 meningen,
841 2463 50 29 att
925 2461 206 32 ratifikation
1167 2472 103 31 synes
1293 2463 83 31 böra
1400 2463 68 31 ske,
1494 2465 37 29 så
1555 2464 94 31 snart
1674 2462 94 32 detta

267 2509 106 43 enligt
396 2509 256 33 internationell
677 2511 148 32 sedvana
848 2511 185 44 lämpligen
1057 2512 65 32 kan
1146 2513 63 41 äga
1232 2523 83 20 rum.
