2214 2616
387 180 40 29 52
897 178 252 30 Bankoutskottets
1172 177 148 29 memorial
1343 178 46 28 Nr
1414 178 49 29 74.

386 239 211 49 inteckning
626 242 83 35 med
737 242 234 35 förmånsrätt
998 241 151 35 framför
1177 240 97 47 varje
1303 252 119 22 annan
1449 239 148 36 fordran
1625 239 11 35 i
1657 239 68 35 den
1741 239 163 47 järnväg,
1927 239 56 35 för

386 308 79 23 vars
493 296 224 47 anläggning
745 295 69 35 den
842 295 272 47 ifrågavarande
1142 293 312 47 försträckningen
1482 293 178 47 beviljats.

497 349 98 46 11:0)
625 349 136 35 Mellan
789 352 83 44 väg-
902 350 65 34 och
998 347 503 49 vattenbyggnadsstyrelsen,
1532 348 20 34 å
1580 348 136 34 statens
1743 349 145 45 vägnar,
1914 345 67 36 och

386 404 97 46 varje
518 403 290 47 järnvägsbolag,
847 415 77 23 som
964 402 143 36 erhållit
1148 400 295 44 statsunderstöd,
1489 400 91 36 skall
1608 400 158 36 avslutas
1798 399 183 40 kontrakt,

386 457 210 47 varigenom
625 456 144 48 bolaget
797 456 185 36 förbinder
1006 456 55 47 sig
1090 458 54 33 att
1172 456 120 34 utföra
1317 454 441 48 järnvägsanläggningen
1786 454 14 34 i
1819 458 163 31 överens-

386 510 202 35 stämmelse
618 510 83 36 med
729 510 70 35 den
826 510 203 35 fastställda
1057 509 252 48 arbetsplanen
1327 511 169 32 ävensom
1516 508 148 46 vidtaga
1683 508 69 35 alla
1770 509 47 46 på
1836 507 147 48 bolaget

387 563 264 36 ankommande
680 564 165 47 åtgärder
872 564 57 34 för
958 566 54 33 att
1040 565 120 33 staten
1180 564 69 42 må,
1268 564 38 34 så
1325 564 98 33 snart
1442 562 61 35 ske
1523 562 84 43 kan,
1630 561 134 36 erhålla
1780 561 71 35 den
1867 561 115 34 under

389 617 97 43 10:0)
516 617 172 47 stadgade
716 617 415 47 inteckningssäkerhet;
1161 616 158 36 börande
1348 616 13 34 i
1389 615 99 36 detta
1511 615 173 35 kontrakt
1703 615 118 35 tillika
1839 615 144 46 intagas

386 671 69 35 alla
483 671 163 47 bolagets
674 671 214 47 rättigheter
917 671 67 35 och
1013 670 247 48 skyldigheter
1289 669 116 47 enligt
1432 669 43 35 de
1504 668 128 45 beslut,
1663 681 76 24 som
1767 681 43 23 av
1840 668 140 47 Kungl.

387 725 109 47 Maj:t
523 724 199 36 meddelats
746 725 60 34 vid
835 724 342 36 statsunderstödets
1205 723 213 47 beviljande.

497 778 96 46 12:0)
632 778 244 48 Fullmäktige
906 779 12 34 i
950 778 349 47 riksgäldskontoret
1327 780 67 44 äga
1421 777 178 47 medgiva,
1631 778 54 34 att
1713 776 161 42 statslån,
1905 788 76 23 som

386 832 173 35 utbetalts
592 832 83 35 från
708 832 273 47 ifrågavarande
1015 832 136 46 anslag,
1181 833 59 33 må
1266 831 13 34 i
1308 830 77 36 dess
1413 830 125 36 helhet
1567 829 212 36 återbetalas
1807 830 77 35 före
1913 829 69 35 den

386 884 171 48 stadgade
587 885 357 47 amorteringstidens
974 887 149 45 utgång.

500 939 95 45 13:0)
642 939 140 46 Kungl.
812 939 111 47 Maj:t
951 939 90 35 skall
1069 939 134 35 insätta
1232 950 42 24 en
1299 937 82 36 med
1410 937 148 35 särskild
1588 936 223 36 instruktion
1840 936 143 36 försedd

386 991 157 36 ledamot
571 993 14 33 i
613 992 173 48 styrelsen
814 993 57 35 för
899 994 98 46 varje
1024 992 290 48 järnvägsbolag,
1345 1003 77 23 som
1450 990 144 36 erhållit
1622 990 194 35 understöd
1846 1002 44 22 av
1916 992 67 33 sta-

386 1047 72 42 ten,
504 1046 68 35 och
605 1047 80 34 utse
714 1058 44 23 en
777 1047 135 34 revisor
936 1048 53 33 att
1018 1046 145 47 deltaga
1192 1045 55 35 uti
1275 1044 271 48 granskningen
1576 1056 44 22 av
1649 1043 162 48 bolagets
1841 1044 143 34 förvalt-

386 1099 91 47 ning
518 1099 68 35 och
625 1099 254 48 räkenskaper;
924 1100 67 34 och
1031 1098 90 35 skall
1150 1098 130 35 arvode
1309 1098 59 35 till
1396 1097 148 36 sålunda
1573 1096 130 36 utsedd
1728 1097 159 36 ledamot
1916 1097 67 36 och

386 1153 133 34 revisor
548 1152 167 36 bekostas
743 1165 43 22 av
816 1153 152 46 bolaget.

496 1206 97 45 14:0)
623 1205 398 49 Järnvägsbyggnaden
1050 1205 83 36 med
1163 1204 121 36 därtill
1312 1203 159 36 hörande
1496 1204 266 47 anläggningar
1778 1204 91 35 skall
1890 1204 87 35 utfö

386 1271 55 23 ras
470 1258 114 36 under
613 1261 134 33 statens
776 1259 170 36 kontroll.

495 1313 97 45 15:0)
623 1313 110 47 Varje
759 1313 290 47 järnvägsbolag,
1080 1325 77 23 som
1183 1312 144 35 erhållit
1355 1311 299 44 statsunderstöd,
1675 1311 91 36 skall
1786 1324 83 23 vara
1889 1311 94 49 skyl-

386 1366 79 47 digt
493 1366 217 35 underkasta
739 1367 55 47 sig
822 1367 97 35 såväl
939 1366 43 35 de
1001 1366 268 35 bestämmelser
1287 1366 13 34 i
1320 1366 101 47 fråga
1440 1378 58 22 om
1515 1365 194 44 samtrafik,
1726 1365 96 35 vilka
1839 1365 141 47 Kungl.

385 1419 110 48 Maj:t
522 1419 72 36 kan
622 1420 98 35 finna
743 1422 81 45 gott
848 1420 56 35 för
934 1420 145 47 bolaget
1106 1419 175 43 meddela,
1313 1431 76 23 som
1419 1419 65 34 ock
1513 1419 12 34 i
1554 1419 120 47 övrigt
1698 1418 69 35 alla
1786 1419 43 35 de
1849 1419 134 34 villkor

386 1474 67 34 och
482 1473 211 46 kontroller,
724 1486 76 22 som
824 1487 44 22 av
898 1474 139 47 Kungl.
1069 1473 110 47 Maj:t
1208 1477 127 43 prövas
1364 1472 172 48 lämpliga
1564 1472 69 35 och
1656 1472 144 47 nödiga.

496 1527 96 46 16:0)
622 1527 20 34 I
672 1526 169 37 händelse
871 1529 118 34 staten
1017 1527 132 35 inlöser
1175 1526 455 48 järnvägsanläggningen,
1661 1526 89 35 skall
1778 1526 60 35 vid
1859 1526 123 35 beräk-

385 1583 88 44 ning
501 1581 13 35 i
540 1580 164 47 enlighet
722 1581 82 35 med
820 1581 551 35 koncessionsbestämmelserna
1391 1592 43 23 av
1454 1580 386 47 inlösningsbeloppet,
1863 1582 119 33 staten

385 1634 134 35 erhålla
553 1634 201 48 avräkning
782 1635 57 35 för
867 1635 69 35 den
966 1635 57 35 del
1052 1648 43 21 av
1125 1633 335 44 statsunderstödet,
1492 1646 76 23 som
1597 1633 153 36 lämnats
1776 1636 86 33 utan
1892 1635 89 34 åter-

383 1687 427 49 betalningsskyldighet.
