2210 2618
380 178 42 30 24
890 178 252 29 Bankoutskottets
1165 177 148 30 memorial
1336 177 47 29 Nr
1408 178 50 28 74.

381 242 140 35 banken
563 242 66 35 och
669 241 230 46 fullmäktige
939 241 12 33 1
978 240 348 47 riksgäldskontoret
1350 239 190 47 förpliktas
1569 241 53 33 att

380 308 44 22 av
448 295 147 35 arvodet
623 296 99 34 avstå
750 294 68 35 vad
843 295 13 33 i
884 295 96 46 varje
1008 293 65 35 fall
1096 297 130 44 prövas
1253 292 144 47 skäligt.

487 349 131 35 Därest
658 347 442 36 militieombudsmannen
1137 347 99 34 förut
1272 346 153 34 innehar
1464 346 113 46 tjänst
1604 347 20 33 å

381 402 110 35 rikets
527 404 83 41 stat,
654 401 90 35 skall
772 401 74 34 han
875 413 83 22 vara
985 400 147 48 skyldig
1156 402 53 33 att
1237 399 185 35 frånträda
1451 399 68 35 den
1549 399 76 34 där-

381 455 81 35 med
504 455 168 35 förenade
709 454 255 44 löneinkomst,
1008 455 37 33 så
1078 453 105 47 länge
1212 453 72 34 han
1313 452 141 48 uppbär
1482 452 142 35 militie-

382 508 327 36 ombudsmannens
737 508 183 45 avlöning.

489 580 29 45 b)
547 578 295 49 fyttningshjälp
871 578 58 35 till
956 577 381 43 militieombudsman,
1367 589 77 22 som
1473 576 60 35 vid
1554 579 71 31 äm-

382 633 114 35 betets
524 632 159 36 tillträde
711 632 77 35 icke
818 635 38 31 är
885 631 118 35 bosatt
1030 631 13 34 i
1071 630 253 35 huvudstaden
1344 659 279 6 ...........e....-....

488 704 28 45 c)
545 702 394 49 tjänstgöringsarvode
981 702 56 34 för
1079 701 458 35 militieombudsmannens
1577 713 49 22 er-

382 758 158 43 sätttare,
582 757 91 34 efter
712 756 141 44 17,040
884 756 131 34 kronor
1042 754 58 36 för
1128 754 77 35 helt
1232 756 38 33 år
1298 754 139 44 räknat,
1462 754 165 46 förslags-

383 810 123 46 ANSIAG
527 837 1097 8 oosorseosrrsresrsrrersererersesesreser
1002 804 28 56 ner
1040 804 15 56 rr
1061 804 32 56 san
1100 804 39 56 essa
1145 804 60 56 sense
1219 804 42 56 sana
1264 804 43 56 RtAR
1313 804 46 56 aAa
1373 804 42 56 eken
1418 804 29 56 RAR
1457 804 21 56 en
1492 804 18 56 tR
1520 804 109 56 ennen

488 880 467 36 Militieombudsmannens
983 881 170 33 ersättare
1173 878 102 45 skall,
1298 878 118 35 därest
1435 878 72 35 han
1528 878 97 35 inne-

382 935 66 34 har
475 935 112 46 tjänst
615 935 21 33 å
662 934 110 34 rikets
801 935 83 41 stat,
915 946 83 21 vara
1016 932 147 48 skyldig
1182 934 54 33 att
1254 931 186 36 frånträda
1459 931 67 35 den
1549 932 78 34 där-

383 987 82 35 med
503 987 171 35 förenade
719 986 245 36 löneinkomst
1002 986 57 35 för
1101 985 70 35 den
1212 985 64 43 tid,
1318 985 58 35 för
1403 985 123 34 vilken
1554 985 73 33 han

382 1040 140 48 uppbär
549 1040 157 35 nämnda
733 1038 408 49 tjänstgöringsarvode.

489 1112 33 45 d)
551 1110 451 46 resekostnadsersättning
1021 1109 57 35 för
1097 1121 76 23 resa
1192 1109 79 34 från
1290 1109 262 46 boningsorten
1568 1108 58 35 till

383 1164 250 36 huvudstaden
663 1164 67 35 och
758 1165 78 33 åter
864 1164 92 34 samt
984 1162 442 47 traktamentsersättning
1453 1162 57 35 till
1534 1161 93 35 mili-

383 1218 377 35 tieombudsmannens
785 1219 180 40 ersättare,
992 1215 118 35 därest
1139 1215 70 35 han
1238 1215 60 35 vid
1328 1215 141 35 inträde
1493 1215 13 34 i
1525 1217 102 32 utöv-

383 1272 134 46 ningen
560 1283 44 22 av
644 1269 460 36 militieombudsmannens
1132 1270 139 34 ämbete
1299 1269 79 34 icke
1407 1272 38 31 är
1468 1268 120 35 bosatt
1616 1268 11 34 i

384 1324 253 35 huvudstaden
672 1351 955 8 osossmsnnsssasrrrrssrasrrrsrnesrrrsrenersrsrenrsnr
1277 1318 65 52 areas
1348 1318 43 52 rare
1397 1318 56 52 artnr
1459 1318 69 52 earn
1540 1318 40 52 nere
1585 1318 47 52 nana

491 1397 27 44 e)
548 1395 173 46 avlöning
748 1394 58 35 för
834 1393 228 48 byråchefen,
1094 1393 179 47 utgående
1301 1393 83 34 med
1413 1405 134 22 samma
1571 1392 58 35 be-

384 1449 87 47 lopp
508 1449 68 35 och
614 1448 91 35 efter
732 1460 136 22 samma
896 1446 157 47 grunder
1081 1458 78 23 som
1183 1446 115 45 enligt
1326 1445 302 48 avlöningsregle-

384 1504 138 33 mentet
549 1502 57 35 för
634 1500 355 47 befattningshavare
1018 1499 60 35 vid
1107 1499 210 47 riksdagens
1346 1499 86 35 verk
1460 1499 94 47 gälla
1573 1499 57 35 för

385 1555 354 46 befattningshavare
763 1555 13 33 i
807 1554 109 35 20:de
945 1553 220 46 lönegraden
1206 1583 420 5 osm

492 1609 130 34 Därest
649 1607 218 49 byråchefen
895 1607 98 35 förut
1020 1607 154 34 innehar
1200 1607 113 46 tjänst
1341 1608 46 45 på
1410 1606 110 35 rikets
1544 1609 81 40 stat,

386 1662 101 35 skola
513 1674 136 23 samma
672 1661 132 35 villkor
823 1661 68 34 och
912 1660 176 35 förbehåll
1109 1659 61 35 vid
1190 1659 250 48 uppbärandet
1459 1672 44 22 av
1522 1672 107 22 ovan-

386 1715 149 35 berörda
563 1715 171 47 avlöning
765 1714 191 46 iakttagas,
977 1725 77 23 som
1079 1716 60 32 äro
1164 1713 170 46 stadgade
1354 1713 11 34 i
1390 1713 174 35 avseende
1584 1715 45 45 på

386 1768 278 47 utbetalningen
692 1781 43 22 av
763 1766 606 46 militieombudsmansavlöningen
1400 1766 13 34 i
1442 1766 186 35 enahanda

386 1821 76 35 fall.
518 1822 73 34 För
629 1820 213 48 åtnjutande
875 1833 44 22 av
949 1820 41 34 de
1018 1819 384 47 avlöningsförmåner,
1433 1819 97 35 vilka
1558 1819 71 35 till-

386 1875 145 35 komma
558 1874 230 48 byråchefen,
818 1873 102 35 skola
952 1873 13 34 i
991 1873 218 47 tillämpliga
1233 1872 107 44 delar,
1367 1873 93 34 efter
1487 1873 141 34 militie-

387 1928 328 35 ombudsmannens
756 1927 239 47 beprövande,
1029 1926 97 47 gälla
1154 1938 134 23 samma
1317 1926 132 35 villkor
1477 1926 66 35 och
1574 1926 55 35 be-

386 1982 234 43 stämmelser,
655 1994 76 22 som
764 1983 60 33 äro
859 1980 85 35 eller
971 1980 98 35 bliva
1096 1979 171 47 stadgade
1295 1979 84 35 med
1408 1979 173 35 avseende
1609 1982 21 33 å

388 2035 43 34 de
481 2035 217 48 byråchefen
744 2034 67 35 hos
851 2032 461 49 justitiekanslersämbetet
1353 2033 276 35 tillkommande

387 2088 381 47 avlöningsförmåner.

493 2159 28 46 f)
563 2159 172 46 avlöning
782 2158 59 35 till
885 2158 176 35 ordinarie
1094 2158 197 46 tjänstmän
1325 2157 62 34 vid
1425 2157 204 35 militieom-

387 2212 268 35 budsmannens
682 2211 208 48 expedition
919 2211 114 46 enligt
1061 2211 63 35 det
1144 2223 46 42 av
1214 2210 191 47 riksdagen
1430 2210 200 35 fastställda

388 2265 427 47 avlöningsreglementet
855 2265 57 35 för
950 2253 354 58 befattningshavare
1333 2263 60 35 vid
1423 2263 208 47 riksdagens

388 2319 86 35 verk
515 2319 82 35 med
637 2318 121 35 därtill
782 2318 160 35 hörande
970 2317 364 48 tjänsteförteckning
1363 2317 69 35 och
1460 2317 172 35 särskilda

1662 821 13 18 »

1663 1568 13 16 >

1764 1553 152 44 11,940:
1934 1572 48 5 —
