1856 2786
509 170 118 32 Andra
646 170 245 40 lagutskottets
912 171 179 31 utlåtande
1110 181 42 21 nr
1172 172 27 30 1.
1581 172 18 29 5

110 250 186 30 utnämnas
316 251 51 29 till
387 250 482 40 tjänsteläkarbefattningar.
891 252 13 29 I
925 254 48 27 ett
995 252 125 30 sådant
1140 252 62 30 fall
1221 252 111 30 måste
1353 252 143 30 läkaren
1516 261 82 22 vara

107 303 142 40 behörig
266 305 51 28 att
333 303 143 31 utfärda
491 304 230 30 vårdattester
738 304 65 30 och
821 304 167 31 liknande
1005 305 216 30 utlåtanden.
1240 305 358 40 Medicinalstyrelsen

108 356 63 30 har
195 356 175 32 förmenat
394 359 51 28 att
469 357 251 40 tjänsteläkare
743 358 107 30 borde
874 359 64 39 äga
963 358 109 30 sådan
1096 358 212 40 behörighet,
1334 360 88 29 även
1447 368 57 21 om
1528 360 70 29 han

109 410 75 30 icke
201 419 80 21 vore
299 410 217 41 legitimerad
533 411 130 35 läkare,
680 420 82 22 men
778 413 51 28 att
847 411 58 31 det
923 412 54 30 för
995 412 118 39 övriga
1129 412 76 30 icke
1223 412 238 40 legitimerade
1480 413 118 30 läkare

108 464 112 30 skulle
242 464 82 31 bero
347 465 44 40 på
413 465 143 30 särskilt
576 465 289 40 bemyndigande,
889 475 75 21 som
987 466 112 30 skulle
1123 466 121 30 kunna
1266 466 96 40 givas
1385 467 124 30 endast
1532 467 67 30 den

108 527 75 21 som
205 527 41 22 av
267 520 171 39 styrelsen
459 519 201 31 förordnats
682 521 50 29 att
754 519 188 41 uppehålla
964 520 307 40 läkarbefattning.
1295 520 117 40 Enligt
1433 520 74 30 min
1529 530 70 20 me-

109 572 82 40 ning
210 573 37 29 är
266 572 96 31 detta
380 573 335 40 ställningstagande
734 573 11 30 i
763 573 137 40 princip
919 573 131 39 riktigt.
1070 573 209 31 Provinsial-
1296 574 65 31 och
1382 574 216 30 stadsläkare

107 626 64 29 och
193 626 117 30 läkare
333 635 74 22 som
429 627 38 29 är
485 626 203 40 jämförliga
708 627 79 30 med
806 626 80 31 dem
907 627 62 30 bör
990 627 230 30 automatiskt
1240 628 64 39 äga
1323 628 204 39 behörighet
1548 630 49 28 att

108 679 141 30 utfärda
270 688 47 21 nu
339 679 267 40 ifrågavarande
629 681 141 29 attester
792 680 65 30 och
880 680 97 39 intyg
1000 682 134 28 oavsett
1156 690 57 20 om
1236 680 41 31 de
1301 682 38 29 är
1361 681 236 40 legitimerade

107 732 117 30 läkare
246 733 82 30 eller
349 733 88 30 icke.

152 785 64 31 Det
241 786 39 30 är
304 786 169 30 önskvärt
498 788 50 28 att
572 787 88 30 även
685 787 151 30 vikarier
862 787 55 30 för
944 787 131 30 sådana
1099 788 118 30 läkare
1244 789 80 39 äger
1350 789 245 30 motsvarande

109 839 211 40 behörighet.
340 839 79 31 Med
439 839 137 41 hänsyn
595 840 53 31 till
668 842 50 28 att
736 840 219 31 vikariernas
976 841 284 30 kvalifikationer
1279 842 71 29 kan
1371 842 107 30 skifta
1497 842 98 30 torde

108 892 57 31 det
189 892 89 31 dock
302 902 84 21 vara
409 893 159 41 lämpligt
592 895 51 29 att
667 894 69 30 låta
761 894 249 40 behörigheten
1036 895 55 29 för
1115 895 79 30 dem
1219 897 50 28 att
1293 895 142 30 utfärda
1459 895 137 31 vårdat-

107 948 104 29 tester
238 956 29 21 o.
295 947 32 30 d.
355 956 83 22 vara
464 947 171 31 beroende
663 957 42 21 av
732 948 143 30 särskilt
902 948 288 40 bemyndigande.
1219 948 65 31 Det
1310 949 63 30 bör
1400 949 195 30 tillkomma

106 1000 360 41 medicinalstyrelsen
478 1003 50 28 att
540 1001 137 31 besluta
689 1001 133 31 därom.
837 1002 212 39 Stadgandet
1064 1011 102 30 synes
1179 1003 86 29 utan
1279 1003 184 38 olägenhet
1475 1003 121 30 kunna

105 1054 37 30 få
159 1063 42 21 en
220 1054 38 30 så
275 1054 58 30 vid
352 1054 219 40 utformning
590 1056 51 29 att
661 1055 169 39 styrelsen
849 1055 58 30 vid
927 1055 111 30 behov
1056 1056 81 39 äger
1155 1056 209 40 bemyndiga
1383 1066 116 25 envar,
1521 1066 71 21 som

107 1117 41 21 av
165 1108 126 40 Kungl.
310 1108 107 40 Maj:t
433 1108 82 30 eller
534 1108 171 40 styrelsen
722 1108 202 31 förordnats
942 1108 189 40 uppehålla
1148 1109 308 40 läkarbefattning,
1475 1112 49 28 att
1544 1112 53 28 ut-

109 1160 101 31 färda
228 1160 97 40 intyg
344 1170 43 21 av
405 1160 266 41 ifrågavarande
692 1160 82 41 slag.
794 1161 103 31 Detta
919 1161 111 31 skulle
1050 1161 45 31 då
1114 1171 80 21 avse
1214 1163 87 30 även
1320 1163 120 31 läkare
1460 1163 135 31 knutna

106 1214 52 30 till
187 1214 435 40 sjukvårdsinrättningar.
651 1215 166 30 Däremot
845 1224 103 21 anser
975 1215 59 40 jag
1061 1215 77 31 icke
1167 1216 221 40 erforderligt
1416 1217 83 30 eller
1527 1217 67 31 till-

106 1268 126 40 rådligt
256 1269 50 29 att
331 1277 44 22 en
398 1268 381 41 privatpraktiserande
800 1269 89 44 icke:
905 1269 217 39 legitimerad
1147 1269 118 31 läkare
1288 1270 228 40 bemyndigas
1541 1273 52 28 ut-

108 1321 98 30 färda
228 1322 101 30 dessa
351 1322 127 40 intyg.»
868 1322 4 2 |

751 1434 199 48 Lagrådet.

149 1500 171 40 Lagrådet
339 1501 63 30 har
422 1500 130 31 lämnat
574 1500 165 40 förslaget
759 1502 86 29 utan
863 1501 151 30 erinran.

748 1612 207 38 Utskottet.

149 1679 176 31 Utskottet
349 1680 64 30 har
439 1680 73 30 icke
539 1680 118 30 funnit
682 1679 188 41 anledning
895 1680 52 30 till
973 1681 140 30 erinran
1140 1683 72 28 mot
1237 1682 57 30 det
1320 1688 124 32 genom
1471 1690 122 31 propo-

105 1732 149 31 sitionen
277 1733 196 40 framlagda
495 1733 167 40 förslaget
684 1734 65 29 och
771 1734 55 30 får
850 1733 120 31 därför
994 1733 195 35 hemställa,

458 1834 48 28 att
529 1832 187 39 riksdagen
739 1831 107 31 måtte
871 1831 121 31 bifalla
1017 1831 226 32 förevarande
1268 1832 226 40 proposition.

151 1901 200 31 Stockholm
373 1902 67 30 den
464 1902 18 30 3
506 1901 155 31 februari
686 1902 93 30 1953.

537 1983 47 29 På
608 1982 109 30 andra
740 1982 248 40 lagutskottets
1012 1983 144 39 vägnar:

665 2054 138 30 DAVID
826 2054 201 30 NORMAN.

152 2206 63 29 Vid
233 2206 94 30 detta
346 2206 146 30 ärendes
513 2205 211 40 behandling
742 2206 44 30 ha
806 2206 156 30 närvarit

148 2267 79 30 från
253 2267 166 30 första
444 2267 220 30 kammaren:
692 2267 121 30 herrar
839 2267 165 34 Norman,
1032 2268 91 33 Sten,
1150 2267 73 30 Nils
1249 2267 190 35 Elowsson,
1466 2269 125 31 Sunne,

103 2311 190 34 Wistrand,
318 2311 162 35 Nerman,
506 2312 55 28 fru
587 2312 154 29 Svenson
764 2313 64 28 och
854 2312 79 29 herr
960 2312 188 38 Bengtson;

149 2373 78 30 från
279 2383 22 19 an
315 2374 85 29 dra
420 2373 219 30 kammaren:
660 2373 79 30 herr
758 2373 192 30 Jacobsson
972 2375 6 28 i
1002 2373 141 38 Igelsbo,
1164 2374 56 29 fru
1240 2373 199 31 Johansson
1460 2375 10 29 i
1490 2374 103 29 Norr-

105 2417 137 40 köping,
267 2417 120 30 herrar
410 2417 138 30 Nilsson
572 2418 9 29 i
605 2417 179 40 Göteborg,
810 2417 150 39 Hagård,
987 2417 193 41 Lundberg,
1204 2418 161 30 Carlsson
1390 2419 9 29 i
1424 2418 167 32 Bakeröd,

106 2462 197 29 Andersson
325 2463 7 28 i
356 2462 219 30 Alfredshem
598 2463 64 29 och
683 2462 124 30 fröken
830 2462 117 39 Höjer.
