2190 2667
353 1429 2 2 :
394 1415 220 37 utbildning

442 198 17 27 2
908 193 243 43 Lagutskottets
1172 193 171 33 utlåtande
1366 193 52 32 Nr
1441 196 47 29 10.

397 282 346 51 vinterutbildning
771 283 41 37 af
837 286 41 34 så
906 281 211 51 afgörande
1146 282 211 51 betydelse,
1387 286 55 34 att
1470 282 73 37 den
1571 281 195 50 svårligen
1785 280 76 39 kan
1880 281 126 38 öfver-

399 337 157 43 skattas,
585 350 61 23 om
675 335 196 38 soldatens
895 334 276 50 anfallsenergi
1196 355 46 4 —
1270 333 309 52 grundvillkoret
1606 334 59 37 för
1689 335 208 49 framgång
1919 332 11 37 1
1951 339 55 31 ett

398 388 258 49 försvarskrig
682 387 103 38 inom
810 386 181 50 Sveriges
1019 392 162 44 gränser
1208 405 47 6 -—
1283 386 118 38 redan
1431 391 41 32 är
1500 386 59 37 för
1583 385 163 38 handen.

496 440 68 37 Att
592 439 150 37 minska
766 439 200 37 fotfolkets
995 438 221 38 nuvarande
1244 437 215 51 öfningstid
1487 450 112 24 anser
1618 437 70 50 jag
1706 436 217 48 otänkbart,
1944 450 59 24 om

396 492 143 37 tanken
568 495 48 47 på
643 491 118 37 rikets
791 490 179 38 säkerhet
998 490 58 38 får
1083 503 91 24 vara
1202 489 285 38 dominerande.
1542 489 86 38 Men
1658 490 74 36 kan
1757 502 87 24 man
1864 502 140 37 genom

396 557 46 24 en
480 543 109 37 intim
626 543 227 37 samverkan
894 542 87 37 med
1019 542 75 37 den
1122 541 183 51 frivilliga
1332 541 304 50 skytterörelsen
1664 541 266 37 åstadkomma
1955 553 47 24 en

397 595 120 38 sådan
546 595 227 49 anordning,
803 599 54 32 att
886 593 182 38 särskildt
1095 593 188 50 skickliga
1312 593 160 50 skyttar,
1501 606 81 25 som
1604 593 42 49 ju
1676 592 107 38 alltid
1813 591 119 38 blifva
1952 596 54 33 ett

398 646 216 48 mindretal,
654 646 145 38 erhålla
838 659 47 24 en
913 648 118 47 något
1059 645 152 38 kortare
1241 645 214 50 öfningstid
1475 650 47 32 än
1541 644 137 50 öfriga,
1695 647 43 35 så
1757 643 123 38 skulle
1900 643 105 38 detta

396 703 92 31 utan
528 698 134 37 tvifvel
691 697 89 48 höja
807 697 151 36 landets
987 696 289 37 försvarskraft.
1330 696 57 36 Då
1415 696 321 48 värnpliktstiden
1766 694 107 37 alltid
1901 695 105 36 inne-

396 748 69 38 bär
501 753 55 32 ett
596 747 214 51 personligt
848 746 94 38 offer
970 746 69 38 och
1070 746 130 38 därför
1227 749 122 35 måste
1377 746 212 50 begränsas
1617 745 58 38 till
1702 745 66 38 det
1794 744 211 48 minimum,

396 800 69 37 där
493 800 65 37 det
585 803 69 46 går
679 804 55 32 att
761 799 147 37 utbilda
937 812 46 23 en
1012 798 278 50 anfallsduglig
1317 798 138 47 soldat,
1473 798 123 37 skulle
1612 797 170 38 utsikten
1798 801 53 33 att
1864 810 140 36 genom

396 851 154 50 mycket
576 850 77 50 god
682 850 338 50 skjutskicklighet
1047 849 115 37 vinna
1192 863 44 23 en
1265 849 244 50 förkortning
1537 849 41 37 af
1603 848 263 49 öfningstiden
1895 848 110 37 locka

396 916 75 37 nya
512 902 134 38 skaror
686 902 42 37 af
765 901 235 50 värnpliktig
1038 901 169 50 ungdom
1236 901 37 36 in
1301 901 11 36 i
1341 900 310 50 skytterörelsen.
1706 900 84 38 Den
1818 900 188 37 försvars-

395 954 174 50 fientliga
598 954 235 49 agitationen
862 958 78 32 mot
968 953 249 49 skyttesaken
1247 952 122 37 skulle
1399 952 114 37 äfven
1542 952 140 37 förlora
1711 965 46 24 en
1781 951 151 37 realitet
1951 957 55 31 att

397 1005 127 50 stödja
565 1005 60 50 sig
665 1008 59 47 på,
754 1010 68 32 när
850 1005 73 37 den
953 1004 33 50 ej
1017 1006 133 48 längre
1178 1004 128 37 kunde
1334 1004 99 49 peka
1457 1007 59 47 på,
1547 1008 54 33 att
1623 1008 135 45 nyttan
1780 1003 41 37 af
1845 1008 55 32 att
1928 1002 78 37 del-

395 1063 92 44 taga
522 1057 12 36 i
562 1057 64 37 det
654 1056 182 50 frivilliga
865 1055 279 51 skyttearbetet
1172 1061 41 32 är
1240 1055 206 48 illusorisk,
1463 1055 182 37 eftersom
1671 1055 73 37 den
1773 1055 34 49 ej
1837 1053 131 38 ställer
1995 1054 11 36 i

396 1109 120 36 utsikt
544 1122 46 23 en
614 1108 169 48 lindring
809 1108 12 36 i
850 1108 72 36 den
952 1107 275 49 obligatoriska
1251 1106 252 50 värnplikten.

495 1160 59 36 En
574 1160 98 37 efter
691 1159 115 37 kloka
825 1159 169 48 grunder
1013 1158 112 49 gjord
1146 1158 244 49 förkortning
1410 1158 41 37 af
1466 1157 265 49 öfningstiden
1746 1157 58 37 för
1820 1161 186 33 mönster-

395 1211 203 50 skyttarna
639 1210 62 37 vid
743 1209 221 38 infanteriet
1005 1208 122 38 skulle
1169 1209 174 37 medföra
1383 1222 47 24 en
1470 1208 99 38 ökad
1603 1207 340 50 skjutskicklighet
1971 1207 34 49 ej

396 1261 98 38 blott
534 1262 58 37 för
631 1261 85 37 dem
758 1267 92 31 utan
885 1260 146 50 jämväl
1059 1261 59 36 för
1146 1260 64 37 det
1237 1265 104 32 stora
1369 1260 136 47 flertal,
1534 1273 80 24 som
1644 1259 181 47 försökte,
1855 1272 87 23 men
1971 1259 34 48 ej

395 1313 183 50 lyckades
619 1312 93 50 fylla
750 1311 429 51 kompetensvillkoren.
1233 1311 91 37 Däri
1365 1325 62 23 ser
1460 1312 71 49 jag
1570 1311 152 37 vinsten
1764 1311 59 37 för
1854 1310 152 37 landets

395 1364 287 37 försvarskraft.
736 1363 88 37 Men
865 1363 96 37 skall
1002 1362 132 49 hvarje
1175 1362 220 37 infanterist
1434 1362 145 38 erhålla
1611 1376 45 23 en
1686 1361 153 50 allsidig
1868 1360 139 38 militär

588 1444 37 20 g,
655 1418 41 34 så
724 1418 121 34 måste
875 1415 112 36 äfven
1016 1414 114 36 dessa
1157 1414 323 49 mönsterskyttar
1506 1427 92 24 vara
1623 1413 86 37 med
1726 1426 60 24 om
1810 1412 67 38 allt
1900 1412 105 50 slags

394 1466 222 50 utbildning
655 1466 102 37 inom
794 1467 143 46 armén,
981 1465 34 49 ej
1048 1465 117 37 minst
1191 1464 357 50 vinterutbildning.
1603 1463 336 50 Inskränkningen
1967 1463 42 37 af

395 1518 112 36 deras
549 1517 212 49 öfningstid
803 1530 116 36 synes
958 1518 80 47 mig
1077 1516 129 37 därför
1246 1516 223 49 lämpligast
1507 1516 94 37 böra
1628 1515 134 37 infalla
1789 1515 123 37 under
1938 1514 68 35 den

393 1568 85 34 sista
500 1567 380 46 repetitionsöfningen.

495 1620 75 37 För
612 1625 54 31 ett
706 1619 88 37 fullt
819 1618 275 50 krigsmässigt
1122 1618 251 38 bedrifvande
1403 1618 41 37 af
1468 1618 241 37 infanteriets
1738 1617 178 50 öfningar
1941 1617 63 37 be-

394 1670 116 38 höfva
551 1671 38 36 vi
629 1670 116 37 minst
768 1676 57 31 tre
854 1670 213 37 årsklasser
1096 1670 41 36 af
1161 1669 260 50 värnpliktige
1449 1670 59 36 för
1535 1669 470 49 repetitionsöfningarna.

394 1721 125 48 Eljest
559 1720 121 38 blifva
719 1720 334 51 truppförbanden
1092 1721 59 36 för
1192 1724 82 33 små
1301 1720 72 37 och
1400 1720 112 37 deras
1540 1719 200 51 uppgifter
1766 1720 11 36 i
1805 1720 79 49 hög
1910 1719 97 49 grad

397 1772 103 38 olika
541 1772 99 47 dem,
682 1786 82 24 som
797 1773 47 37 de
873 1772 153 38 komma
1055 1776 55 33 att
1137 1772 127 37 utföra
1291 1771 11 37 i
1331 1776 54 33 ett
1409 1771 210 38 eventuellt
1646 1771 97 50 krig.
1799 1769 132 39 Skulle
1959 1769 49 39 då

395 1823 420 51 kompetensvillkoren
854 1824 59 37 för
954 1837 47 23 en
1039 1823 181 37 befrielse
1258 1823 85 37 från
1371 1823 73 37 den
1473 1823 93 37 sista
1593 1822 413 51 repetitionsöfningen

395 1875 93 37 eller
516 1888 47 24 en
592 1875 62 37 del
684 1875 42 36 af
751 1875 225 38 densamma
1004 1879 121 32 sättas
1149 1877 41 34 så
1218 1874 92 49 lågt,
1340 1879 55 32 att
1423 1874 47 36 de
1498 1873 174 38 befriade
1699 1873 129 37 blefve
1848 1878 55 32 ett
1921 1873 85 37 fler-

393 1925 54 38 tal
475 1927 71 37 och
575 1926 34 49 ej
639 1925 129 38 kunde
796 1925 304 38 karakteriseras
1129 1939 80 23 som
1227 1924 184 38 särskildt
1426 1924 191 50 skickliga
1640 1924 161 51 skyttar,
1821 1927 42 35 så
1882 1923 123 38 skulle

393 1977 194 38 reformen
625 1977 119 37 verka
784 1976 241 52 upplösande
1060 1980 49 47 på
1149 1976 139 50 själfva
1320 1976 88 38 idén
1437 1976 87 37 med
1553 1976 113 37 dessa
1692 1980 139 45 ytterst
1858 1974 148 50 viktiga

393 2028 418 50 repetitionsöfningar.
865 2028 140 37 Därför
1030 2032 41 33 är
1109 2028 65 37 det
1202 2028 41 36 af
1266 2027 93 48 vikt,
1385 2033 55 32 att
1462 2027 393 50 kompetensprofven
1885 2026 121 37 blifva

393 2083 42 34 så
470 2094 91 35 pass
603 2083 122 45 svåra,
763 2086 55 31 att
846 2080 137 37 endast
1006 2084 55 32 ett
1084 2079 204 37 mindretal
1316 2078 76 38 kan
1421 2078 153 51 aflägga
1597 2078 99 48 dem,
1725 2078 65 38 det
1816 2077 66 38 vill
1910 2082 96 45 säga

392 2131 174 50 verkliga
594 2131 305 50 mästerskyttar.

493 2182 78 50 Jag
609 2183 137 36 tänker
782 2182 80 50 mig
901 2181 263 50 reformlinjen
1204 2182 147 49 dragen
1391 2184 50 47 på
1473 2180 168 50 följande
1670 2185 85 32 sätt.
1809 2179 74 38 Vid
1911 2179 93 38 fast-

393 2233 208 38 ställandet
639 2233 42 37 af
719 2232 420 51 kompetensvillkoren
1178 2233 59 37 för
1276 2231 253 51 nedsättning
1568 2231 12 37 i
1613 2230 264 51 öfningstiden
1905 2229 99 38 skall

392 2284 150 51 hänsyn
564 2290 114 43 tagas
706 2284 107 37 såväl
839 2285 58 36 till
926 2284 73 37 den
1028 2283 349 50 skjutskicklighet,
1406 2296 83 24 som
1518 2283 42 37 af
1580 2296 147 24 samma
1743 2281 106 51 skytt
1863 2281 141 50 ådaga-
