2196 2638
709 160 343 31 Jordbruksutskottets
1075 159 164 33 utlåtande
1263 160 51 31 Nr
1337 161 53 32 20.
1764 161 38 32 17

245 240 219 35 Pettersson
506 239 73 36 och
618 240 124 46 Bengt
781 240 127 35 Johan
935 239 210 37 Bertilsson
1173 240 116 36 sedan
1319 242 43 33 år
1392 242 95 34 1901
1519 240 73 36 och
1619 241 227 48 Hästhagen

243 303 48 23 nr
334 293 16 33 1
395 290 43 36 af
475 291 139 36 Gustaf
649 291 181 36 Karlsson
872 291 72 36 och
984 292 95 35 hans
1120 294 123 44 syster
1279 292 125 36 Gerda
1446 292 182 37 Karlsson
1656 293 117 36 sedan
1803 296 43 33 år

248 345 97 34 1905
387 343 194 36 äfvensom
624 346 59 33 att
721 343 180 48 samtliga
929 344 107 36 dessa
1063 344 168 35 brukare
1260 343 63 37 väl
1350 343 138 37 häfdat
1515 344 83 36 sina
1626 345 219 47 respektive

242 395 238 47 lägenheter.

372 447 348 47 Domänstyrelsen,
749 459 81 24 som
856 447 193 36 förklarat
1076 447 59 47 sig
1163 447 33 47 ej
1226 448 135 36 kunna
1389 448 156 37 biträda
1564 448 120 36 Eders
1702 449 143 47 Kungl.

243 498 130 48 Maj:ts
391 498 442 48 befallningshafvandes
851 499 231 36 hemställan
1102 511 62 24 om
1182 502 81 33 rätt
1282 499 60 36 för
1355 499 282 38 innehafvarna
1651 500 43 35 af
1704 502 139 46 torpen

243 551 157 46 Lyngen
442 563 47 23 nr
532 553 16 32 1
594 551 72 36 och
705 553 20 33 2
769 553 60 34 att
865 551 147 35 erhålla
1047 551 297 37 företrädesrätt
1377 555 60 33 att
1474 552 61 35 för
1575 554 127 34 åsatta
1743 553 100 35 salu-

243 603 144 35 värden
407 602 147 48 inköpa
571 603 97 36 hvar
687 603 58 35 sin
763 603 43 36 af
820 603 46 36 de
886 603 62 36 till
965 602 229 48 försäljning
1213 603 230 48 föreslagna,
1465 604 228 47 obebyggda
1711 604 131 48 lägen-

243 654 174 46 heterna,
446 654 72 36 har
544 655 198 36 hemställt
770 667 62 24 om
859 654 111 37 bifall
996 655 63 36 till
1086 655 493 47 uppskattningsmännens
1605 656 145 47 förslag
1779 668 63 25 om

241 706 296 48 ifrågavarande
565 706 283 48 försäljningar.
904 707 336 46 Domänstyrelsen
1267 708 73 35 har
1368 708 135 36 därvid
1530 707 130 37 tillika
1675 708 166 45 erinrat,

241 761 74 42 att,
357 758 49 36 då
434 758 13 36 i
476 759 73 35 den
582 758 216 48 föreslagna
826 758 424 48 försäljningssumman
1291 759 60 35 för
1378 760 183 35 Kullarne
1589 772 46 23 nr
1666 762 31 43 1,
1729 762 111 44 8,400

242 810 157 46 kronor,
428 810 158 47 inginge
604 811 137 36 värdet
761 810 41 37 af
816 811 100 35 vissa
935 811 152 36 kronan
1106 810 32 47 ej
1159 811 235 36 tillhörande
1413 812 227 46 byggnader
1658 813 88 35 med
1767 814 72 34 500

242 862 157 45 kronor,
441 862 384 48 försäljningsvärdet
867 862 42 37 af
943 863 167 35 berörda
1149 863 183 47 lägenhet
1372 863 120 36 borde
1521 864 230 36 bestämmas
1778 864 62 36 till

243 914 164 35 allenast
436 916 112 44 7,900
577 914 156 37 kronor.

372 966 77 35 För
482 978 96 35 egen
606 966 61 36 del
694 967 123 35 finner
839 966 70 48 jag
936 967 81 46 mig
1043 967 97 35 böra
1167 966 154 37 biträda
1349 967 490 47 uppskattningsmännens

241 1016 145 48 förslag
426 1017 62 36 till
522 1018 235 47 upplåtelser
784 1018 42 36 af
848 1018 227 48 lägenheter
1101 1018 87 36 från
1215 1019 249 46 egendomen,
1495 1018 101 37 dock
1623 1019 88 36 med
1737 1019 103 37 iakt-

241 1070 170 47 tagande
452 1069 43 36 af
532 1071 73 35 den
645 1070 43 36 af
724 1070 329 47 domänstyrelsen
1088 1069 241 37 beträffande
1357 1071 222 36 saluvärdet
1607 1073 22 33 å
1656 1071 182 37 Kullarne

241 1134 48 22 nr
319 1124 17 33 1
367 1121 138 47 gjorda
541 1121 216 49 jämkning.
812 1122 243 37 Beträffande
1096 1122 120 36 Eders
1255 1123 141 46 Kungl.
1438 1123 128 47 Maj:ts
1592 1122 247 49 befallnings-

240 1173 212 36 hafvandes
491 1172 155 49 förslag,
689 1177 60 33 att
789 1174 280 36 innehafvarna
1097 1174 42 35 af
1162 1176 139 45 torpen
1328 1175 160 47 Lyngen
1515 1187 47 23 nr
1592 1177 17 32 1
1641 1175 73 36 och
1741 1188 47 23 nr
1815 1179 20 32 2

241 1227 122 34 måtte
405 1225 147 36 erhålla
591 1225 295 37 företrädesrätt
927 1228 60 34 att
1027 1225 60 36 för
1128 1228 127 34 åsatta
1296 1226 230 36 saluvärden
1565 1226 147 47 inköpa
1743 1227 97 36 hvar

241 1277 59 35 sin
328 1277 42 35 af
394 1278 46 35 de
468 1277 62 36 till
556 1276 229 48 försäljning
810 1277 229 47 föreslagna,
1069 1278 228 47 obebyggda
1319 1278 290 47 lägenheterna,
1629 1278 123 36 finner
1769 1279 70 47 jag

239 1329 170 35 nämnda
437 1328 145 48 förslag
609 1331 42 33 så
677 1329 156 47 mycket
859 1330 150 35 mindre
1037 1329 96 35 böra
1158 1329 200 36 föranleda
1386 1329 166 37 särskild
1579 1330 149 46 åtgärd,
1757 1343 83 24 som

237 1380 79 36 den
357 1380 349 47 omständigheten,
747 1383 61 34 att
848 1382 108 35 dessa
996 1383 90 44 torp
1126 1384 64 33 må
1225 1381 159 36 komma
1420 1384 61 34 att
1511 1380 215 38 införlifvas
1753 1383 88 36 med

241 1431 287 48 kronoparken,
570 1432 87 36 icke
698 1445 108 34 synes
846 1433 186 35 innebära
1072 1432 141 36 hinder
1242 1432 61 37 för
1329 1432 280 38 innehafvarna
1637 1433 42 35 af
1701 1437 140 44 torpen

241 1486 61 34 att
329 1488 22 32 å
380 1485 193 35 desamma
600 1484 185 37 kvarbo.»

370 1587 202 36 Utskottet
599 1587 72 36 har
697 1587 86 36 icke
809 1587 128 36 funnit
957 1587 208 47 anledning
1184 1586 62 37 till
1265 1587 155 36 erinran
1441 1591 85 34 mot
1546 1588 294 48 ifrågavarande

238 1637 288 48 framställning
554 1639 73 35 och
653 1638 60 36 får
740 1638 130 36 därför
897 1638 216 45 hemställa,

770 1743 60 34 att
870 1741 139 47 Kungl.
1052 1740 129 48 Maj:ts
1221 1740 252 39 förevarande
1507 1744 245 46 proposition
1779 1747 63 33 må

640 1793 117 35 vinna
784 1792 239 47 Riksdagens
1050 1792 120 37 bifall.

370 1895 225 37 Stockholm
623 1896 73 36 den
725 1899 46 33 23
801 1895 170 37 februari
1003 1899 110 33 1911.

691 1975 52 35 På
766 1973 428 47 jordbruksutskottets
1224 1979 162 42 vägnar:

776 2051 228 36 THEODOR
1032 2051 271 37 ODELBERG.

327 2313 129 43 Bihang
480 2314 49 32 till
552 2314 112 32 Biksd.
683 2317 85 39 prot.
794 2314 94 32 1911.
934 2315 21 29 8
981 2314 98 32 Saml.
1127 2316 20 30 6
1171 2314 93 36 Häft.
1779 2318 19 28 3
