1893 2827
353 181 188 32 Allmänna
560 183 397 42 beredningsutskottets
976 187 178 32 utlåtande
1172 198 43 21 nr
1231 190 43 30 23
1290 190 39 31 år
1347 191 84 31 1967
1618 195 19 30 3

802 579 65 41 Nr
888 581 57 39 23

345 685 184 32 Utlåtande
549 688 11 29 i
577 688 189 41 anledning
784 699 42 21 av
845 691 172 30 motioner
1035 693 178 39 angående
1233 696 132 29 vatten-
1383 696 65 30 och
1468 697 163 40 luftföro-

539 751 165 40 reningar
723 762 45 21 m.
789 763 45 20 m.

186 856 14 29 I
220 855 41 31 de
281 856 52 30 till
353 857 180 32 allmänna
552 859 382 41 beredningsutskottet
954 863 191 32 hänvisade
1165 865 223 40 likalydande
1409 868 220 31 motionerna

143 909 29 30 I:
188 909 63 31 460
273 920 43 21 av
336 911 81 30 herr
440 913 145 30 Torsten
606 914 202 31 Andersson
831 917 64 29 och
914 917 49 30 II:
978 918 63 30 585
1063 928 43 20 av
1126 919 80 30 herr
1228 920 154 31 Grebäck
1404 931 45 20 m.
1471 922 39 40 fl.
1532 923 96 30 hem-

143 964 118 30 ställes
279 966 50 29 att
346 966 188 40 riksdagen
551 967 108 30 måtte
676 969 11 29 i
706 969 165 31 skrivelse
888 971 52 30 till
958 972 126 40 Kungl.
1103 974 105 38 Maj:t
1226 974 140 32 anhålla
1385 984 56 21 om
1460 978 50 29 att
1528 977 11 29 i
1556 986 73 21 mo-

140 1016 120 31 tionen
280 1017 218 33 behandlade
521 1020 118 40 frågor
660 1022 58 30 må
739 1023 47 29 bli
808 1023 147 31 föremål
978 1025 55 30 för
1055 1026 137 41 allsidig
1215 1028 64 29 och
1301 1028 325 42 förutsättningslös

141 1071 187 40 utredning
352 1074 78 29 med
455 1075 225 39 utnyttjande
704 1086 41 20 av
768 1079 346 41 naturvetenskaplig
1137 1082 150 38 expertis
1311 1083 80 29 med
1414 1084 139 39 uppgift
1577 1086 50 28 att

140 1125 160 31 utarbeta
318 1126 178 40 riktlinjer
513 1129 65 29 och
595 1130 121 30 anvisa
735 1130 129 31 former
882 1132 73 30 dels
974 1133 54 30 för
1046 1134 401 41 vattenförsörjningens
1465 1139 163 38 tryggan-

141 1178 51 35 de,
209 1179 73 30 dels
298 1180 54 30 för
368 1181 305 41 undersökningar
688 1194 42 20 av
745 1186 268 39 möjligheterna
1029 1189 49 28 att
1095 1188 180 31 eliminera
1289 1190 338 41 vattenförorening-

139 1242 41 20 ar
202 1233 58 29 vid
282 1233 84 31 våra
390 1235 130 36 kuster,
546 1237 73 30 dels
644 1238 64 29 ock
733 1239 198 31 undersöka
956 1241 268 39 möjligheterna
1249 1245 49 28 att
1323 1244 214 32 kontrollera
1561 1246 65 30 och

140 1286 140 31 minska
301 1287 314 43 luftföroreningar
636 1291 65 29 och
723 1292 107 30 därav
850 1293 182 40 betingade
1055 1295 137 30 skador.

184 1341 260 32 Motionärerna
461 1343 215 37 framhåller,
694 1348 50 27 att
761 1346 189 41 tillgången
967 1348 52 30 till
1037 1358 42 21 en
1097 1349 134 41 fullgod
1247 1351 379 43 råvattenförsörjning

139 1394 45 39 på
205 1394 70 30 sikt
296 1395 71 30 kan
388 1406 83 21 vara
492 1398 196 39 avgörande
711 1399 54 30 för
787 1400 425 42 lokaliseringspolitiken.
1235 1404 131 31 Genom
1388 1407 145 30 modern
1556 1417 70 21 me-

140 1449 99 29 todik
256 1450 38 29 är
311 1450 56 30 det
385 1451 137 40 möjligt
540 1454 49 28 att
607 1453 116 40 nyttja
740 1454 56 30 det
814 1455 218 32 radioaktiva
1049 1458 127 30 medlet
1193 1459 136 30 tritium
1348 1469 74 21 som
1441 1462 185 39 spårämne

138 1500 56 30 för
219 1503 236 30 markvatten-
480 1505 66 29 och
571 1507 550 43 grundvattenundersökningar.
1148 1512 211 40 Härigenom
1384 1514 71 30 kan
1481 1525 82 20 man
1589 1516 37 30 få

138 1555 130 31 besked
284 1566 56 21 om
355 1567 62 21 var
432 1559 234 39 grundvatten
682 1561 71 30 kan
769 1563 102 30 sökas
887 1564 65 29 och
966 1565 53 29 till
1035 1565 93 31 vilka
1144 1567 167 39 mängder
1327 1568 56 30 det
1399 1569 71 30 kan
1486 1571 138 39 uttagas

138 1610 85 28 utan
248 1609 74 31 risk
346 1610 54 31 för
424 1611 388 44 kvalitetsförsämring.
837 1616 68 31 För
929 1619 49 28 att
1003 1617 184 33 förhindra
1211 1619 311 42 felinvesteringar,
1548 1632 78 23 som

138 1662 70 30 kan
228 1663 170 40 begränsa
417 1675 43 21 en
481 1666 175 31 önskvärd
676 1668 370 42 lokaliseringspolitik
1066 1673 65 29 och
1152 1674 200 39 expansion,
1374 1676 111 31 måste
1505 1677 121 40 dylika

139 1717 227 40 utredningar
383 1720 217 31 verkställas.
619 1721 81 30 Som
716 1732 42 20 en
774 1724 161 38 praktisk
951 1725 207 31 ekonomisk
1175 1727 121 40 åtgärd
1313 1729 106 31 borde
1437 1730 79 30 från
1535 1740 90 21 sam-

138 1769 125 31 hällets
280 1771 74 31 sida
370 1772 123 30 kunna
508 1774 139 30 anvisas
664 1777 47 28 ett
728 1777 193 30 samarbete
938 1778 54 29 för
1005 1780 193 39 tryggande
1214 1791 42 20 av
1271 1783 354 41 vattenförsörjning-

138 1832 43 20 en
201 1823 96 30 inom
317 1825 110 30 större
447 1826 168 31 områden
633 1828 12 29 i
665 1828 117 31 landet
803 1831 45 29 än
867 1831 66 30 vad
954 1841 74 21 som
1049 1834 152 30 normalt
1221 1835 167 31 omfattas
1409 1847 43 20 av
1470 1847 43 21 en
1534 1838 88 31 enda

137 1878 207 31 vattentäkt.
362 1879 217 40 Förslagsvis
597 1881 106 31 borde
722 1883 121 30 därvid
862 1894 25 20 s.
907 1885 32 29 k.
959 1885 312 42 hydrogeologiska
1290 1889 120 30 kartor
1428 1893 197 38 upprättas,

138 1931 166 31 baserade
318 1933 45 39 på
377 1942 42 21 en
433 1934 194 41 beräkning
641 1945 43 20 av
698 1937 517 39 grundvattenreservoarernas
1230 1943 174 39 kapacitet
1420 1945 95 30 inom
1531 1947 94 30 olika

136 1983 354 42 landskapsregioner
506 1988 83 30 eller
605 1989 284 32 kommunblock.
906 1992 65 30 Det
988 1994 98 30 torde
1103 1994 36 30 få
1156 2005 101 21 anses
1276 2006 74 20 som
1367 1999 48 29 ett
1432 1998 192 32 allmänne-

135 2036 62 40 ligt
224 2038 318 33 samhällsintresse
569 2043 50 29 att
645 2042 100 32 finna
771 2043 131 32 former
928 2045 54 31 för
1009 2056 42 21 en
1078 2047 148 32 utbredd
1253 2049 109 32 sådan
1388 2048 235 48 verksamhet,

136 2092 188 29 eventuellt
339 2100 125 31 genom
478 2096 48 28 ett
542 2096 131 39 statligt
689 2097 342 43 huvudmannaskap
1047 2101 82 29 eller
1144 2110 125 31 genom
1285 2105 192 31 samarbete
1493 2107 129 30 mellan

136 2145 140 40 statliga
293 2146 65 30 och
375 2147 229 32 kommunala
621 2158 117 32 organ.

179 2198 52 31 En
259 2199 227 40 hydrologisk
513 2202 179 41 kartering
719 2214 42 20 av
788 2205 79 31 hela
892 2206 251 41 kustregionen
1171 2209 166 32 framstår
1364 2213 107 39 enligt
1498 2214 125 31 motio-

134 2252 169 30 närernas
330 2254 141 40 mening
498 2258 71 27 mot
596 2256 184 40 bakgrund
807 2269 42 19 av
875 2260 41 29 de
943 2261 111 30 ökade
1080 2263 411 42 vattenföroreningarna
1518 2268 103 41 kring

133 2305 136 31 landets
297 2306 122 32 kuster
447 2317 75 22 som
550 2311 222 40 synnerligen
799 2313 131 31 aktuell
959 2315 64 30 och
1052 2317 377 43 samhällsnödvändig.
1458 2322 64 30 Det
1550 2323 71 29 kan

135 2359 121 30 därvid
278 2370 84 21 vara
386 2362 159 40 lämpligt
569 2364 65 29 och
658 2365 167 31 önskvärt
849 2369 50 28 att
923 2376 124 31 genom
1071 2380 43 20 en
1139 2372 117 39 statlig
1280 2373 263 43 undersökning
1568 2378 54 29 ut-

132 2413 84 30 reda
240 2414 269 40 möjligheterna
534 2419 50 28 att
608 2417 115 33 indela
748 2419 168 32 kusterna
939 2422 12 29 i
976 2422 334 41 hydrogeografiska
1334 2436 102 21 zoner
1461 2430 79 29 med
1565 2430 56 29 be-

132 2465 222 43 bestämning
373 2479 42 20 av
433 2469 293 33 kustområdenas
745 2474 123 31 nutida
887 2476 64 29 och
971 2475 166 33 framtida
1155 2478 138 32 tillåtna
1312 2480 308 43 föroreningsgrad

135 2523 188 29 eventuellt
338 2523 11 29 i
365 2525 194 30 samarbete
574 2526 80 29 med
669 2527 118 40 övriga
801 2529 147 30 berörda
964 2531 167 31 nordiska
1147 2535 106 28 stater
1268 2537 23 27 t.
1306 2543 50 22 ex.
1373 2544 125 32 genom
1513 2538 112 30 Nord-
