2220 2671
625 161 390 32 Konstitutionsutskottets
1042 160 169 33 Utlåtande
1233 161 62 32 N:o
1318 161 51 32 10.
1722 162 38 31 31

191 266 87 22 vara
317 257 135 44 ytterst
493 252 188 49 sällsynta.
736 251 162 36 Sålunda
928 252 97 34 lärer
1052 250 105 49 fråga
1184 264 59 23 om
1271 251 68 35 öde
1367 250 191 36 hemmans
1586 250 67 36 och
1680 252 123 47 lägen-

192 304 120 36 heters
340 302 237 50 upptagande
605 303 220 48 näppeligen
852 302 128 36 vidare
1008 301 228 37 förekomma
1263 302 118 36 under
1401 301 114 36 andra
1534 300 268 47 förhållanden,

192 363 46 27 än
278 360 53 31 att
371 356 87 35 tvist
499 356 10 34 i
551 361 124 29 ämnet
715 354 127 36 tillhör
881 354 137 35 allmän
1061 353 175 36 domstols
1267 353 187 48 pröfning.
1509 351 77 38 Och
1619 354 44 35 de
1691 354 12 34 i
1731 352 22 45 $
1781 356 22 33 4

192 420 109 22 mom.
333 408 19 34 2
381 405 162 37 nämnda
570 407 74 34 mål
671 405 155 36 rörande
849 405 63 47 jus
940 410 215 43 patronatus
1187 405 116 45 torde,
1334 408 45 45 på
1406 409 74 31 sätt
1506 405 139 36 erinras
1674 405 12 34 i
1704 405 100 36 löne-

192 457 447 48 regleringskommitténs
680 456 229 35 betänkande
950 453 49 47 (II
1032 455 66 36 sid.
1130 453 74 47 36),
1234 455 37 36 få
1298 468 104 23 anses
1430 468 88 22 vara
1545 455 258 49 öfverflyttade

192 508 59 36 till
279 508 279 48 handläggning
584 506 40 37 af
648 507 169 36 domstol.
874 507 127 35 Andra
1029 506 39 36 af
1092 505 280 50 ifrågavarande
1400 508 73 34 mål
1501 519 109 36 synas
1630 507 77 46 mig
1725 510 79 32 åter

193 572 87 23 vara
321 559 40 36 af
398 559 71 35 den
509 558 262 44 beskaffenhet,
814 563 53 31 att
907 558 45 35 de
983 558 89 36 böra
1099 559 12 34 i
1140 559 88 35 sista
1256 559 142 34 instans
1426 556 147 50 afgöras
1600 557 41 36 af
1667 557 134 48 Kungl.

193 610 103 47 Maj:t
327 611 11 35 i
371 609 207 37 statsrådet.
624 610 108 36 Hvad
765 609 173 36 särskildt
967 612 115 45 angår
1113 609 135 36 sådana
1280 610 83 41 mål,
1389 621 78 23 som
1489 622 49 22 nu
1558 614 183 30 motsvara
1759 609 44 36 de

193 663 55 34 uti
267 661 273 36 instruktionen
562 665 187 44 upptagna
769 661 119 35 målen
904 673 58 22 om
979 659 594 49 kronofjärdingsmansbesvärets
1588 660 215 47 utgörande,

193 713 77 44 bör,
299 714 116 45 enligt
444 713 77 34 min
549 713 162 47 mening,
740 711 218 49 regeringen
978 710 130 49 pröfva
1127 710 105 49 fråga
1252 712 97 35 såväl
1369 724 59 22 om
1448 712 137 34 antalet
1603 710 201 49 fjärdings-

193 771 82 28 män
306 763 58 37 för
390 776 46 23 en
463 764 90 35 eller
579 763 90 36 flera
696 764 155 35 socknar
879 775 79 23 som
986 762 186 49 angående
1192 762 69 36 den
1282 763 57 34 till
1359 761 268 48 fjärdingsman
1650 762 155 36 utsedda

194 827 200 36 personens
435 814 218 48 lämplighet
693 813 58 36 för
790 813 269 48 befattningen.
1128 813 176 36 Flertalet
1344 812 120 48 öfriga
1504 814 72 34 mål
1617 813 187 47 angående

193 865 474 49 fjärdingsmansbestyrets
708 864 205 49 utgörande
955 871 61 28 äro
1045 867 45 46 på
1118 876 139 23 samma
1287 867 99 44 gång
1413 864 70 35 mål
1512 876 58 23 om
1599 864 206 46 menighets

193 917 121 35 beslut
342 917 88 35 eller
456 916 61 36 val
545 916 66 35 och
641 917 148 34 komma
817 915 40 35 af
880 915 113 36 sådan
1021 915 200 47 anledning
1249 915 117 35 under
1393 916 332 47 regeringsrättens
1745 915 60 35 be-

194 967 193 36 dömande.

329 1068 243 48 Afvittrings-
601 1068 66 36 och
695 1067 282 37 storskiftesmål
1018 1067 104 36 torde
1162 1067 91 35 böra
1280 1071 112 32 sättas
1422 1079 77 23 som
1527 1079 45 22 en
1599 1079 121 36 grupp
1749 1066 58 36 för

195 1122 67 47 sig.
316 1119 198 37 Huruvida
554 1120 314 47 regeringsrätten
900 1119 67 36 bör
1006 1117 116 37 blifva
1153 1119 131 47 högsta
1310 1119 141 35 instans
1479 1118 12 35 i
1520 1117 217 44 skiftesmål,
1766 1125 41 28 är

195 1185 45 22 en
268 1171 115 46 fråga,
412 1172 152 34 hvartill
588 1172 65 47 jag
681 1170 106 36 torde
815 1170 36 35 få
878 1171 13 34 i
919 1170 61 35 det
1008 1169 162 47 följande
1198 1170 236 35 återkomma.

328 1222 52 35 På
420 1226 73 32 sätt
533 1223 11 34 i
586 1222 61 35 det
688 1221 254 49 underdåniga
977 1220 247 37 betänkandet
1256 1219 162 44 föreslås,
1452 1220 77 35 lära
1561 1218 80 37 från
1676 1219 131 49 högsta

195 1274 208 35 domstolen
443 1274 125 34 kunna
608 1274 59 34 till
708 1272 316 48 regeringsrätten
1065 1271 232 49 öfverflyttas
1329 1272 74 34 mål
1430 1284 58 22 om
1518 1271 136 47 Kungl.
1684 1271 122 47 Maj:ts

195 1323 429 49 befallningshafvandes
658 1322 170 50 åtgärder
859 1324 58 34 till
944 1322 245 36 befordrande
1217 1322 39 35 af
1278 1320 527 50 landtmäteriförrättningars

196 1374 173 49 fortgång
408 1375 66 35 och
515 1374 176 49 behöriga
729 1374 279 48 verkställighet
1049 1378 93 31 samt
1183 1386 59 23 om
1273 1373 264 36 landtmätares
1565 1372 240 47 afstängande

196 1426 83 36 från
319 1431 72 30 rätt
427 1426 60 34 till
516 1439 73 35 nya
616 1425 285 36 förordnanden.
956 1425 112 35 Dessa
1094 1426 73 34 mål
1195 1437 111 36 synas
1333 1425 200 46 lämpligen
1561 1424 125 35 kunna
1712 1437 94 22 sam-

197 1476 184 36 manföras
414 1476 84 35 med
531 1478 44 33 de
603 1477 73 35 mål
704 1489 59 22 om
792 1475 450 49 befallningshafvandens
1270 1474 248 37 förordnande
1545 1475 60 35 till
1631 1475 73 35 viss
1731 1474 75 36 för-

196 1529 178 47 rättning,
408 1528 125 35 hvilka
560 1527 66 49 jag
653 1528 11 34 i
693 1527 62 36 det
782 1526 221 49 föregående
1031 1528 152 34 omtalat
1211 1529 118 33 såsom
1358 1525 140 48 ägnade
1526 1530 54 31 att
1607 1525 199 36 behandlas

198 1578 40 36 af
262 1580 332 47 regeringsrätten.

330 1629 15 34 I
374 1634 53 30 ett
455 1629 266 47 sammanhang
748 1628 103 36 torde
878 1628 88 35 böra
994 1633 179 42 upptagas
1201 1629 73 33 mål
1302 1640 59 22 om
1381 1627 225 46 inmntning,
1627 1639 59 22 om
1706 1626 100 35 med-

197 1680 155 35 delande
385 1679 39 36 af
447 1684 129 43 patent
603 1679 65 36 och
697 1692 58 23 om
784 1679 303 48 skeppsmätning
1115 1683 94 31 samt
1238 1678 44 35 de
1309 1677 345 49 registreringsmål,
1684 1677 123 36 hvilka

196 1732 13 34 i
251 1731 71 35 den
364 1731 57 35 uti
453 1730 247 36 betänkandet
727 1729 208 49 föreslagna
961 1731 106 47 lagen
1096 1743 60 22 om
1184 1730 312 47 regeringsrätten
1523 1728 167 48 angifvas
1719 1729 89 35 höra

197 1783 59 33 till
285 1781 82 36 dess
395 1782 153 45 slutliga
574 1781 212 48 afgörande.
840 1780 126 49 Enligt
994 1781 77 35 min
1099 1781 150 46 mening
1275 1780 127 35 kunna
1429 1780 67 35 ock
1524 1780 55 34 till
1599 1780 208 47 regerings-

197 1837 121 31 rätten
351 1833 202 47 lämpligen
585 1832 170 35 hänvisas
784 1833 72 34 mål
884 1845 59 22 om
972 1832 318 47 utmålsläggning
1317 1835 93 31 samt
1439 1843 59 22 om
1525 1829 220 50 förändring
1772 1829 40 37 af

197 1883 144 49 fartygs
369 1897 128 29 namn;
527 1884 67 35 och
622 1882 115 49 gifvet
765 1890 50 37 är,
845 1888 53 30 att
926 1883 70 35 den
1024 1883 11 35 i
1063 1882 251 49 nyssnämnda
1340 1881 199 49 lagförslag
1566 1882 132 47 gjorda
1716 1895 92 35 upp-

197 1936 206 45 räkningen
444 1933 40 36 af
520 1935 165 46 register,
731 1947 78 22 som
848 1934 67 35 där
954 1934 93 35 blott
1088 1934 66 34 har
1181 1932 321 49 exemplifierande
1530 1932 199 49 betydelse,
1759 1945 49 22 nu

199 1988 115 33 måste
354 1985 138 36 erhålla
532 1990 53 31 ett
618 1984 317 49 fullständigande
964 1986 141 47 tillägg.
1160 1984 74 36 Mål
1275 1997 59 22 om
1374 1984 242 47 registrering
1644 1982 40 37 af
1708 1984 100 47 sjuk-

198 2037 105 35 kassa
330 2037 118 35 skulle
476 2037 106 47 eljest
610 2035 88 37 falla
725 2041 105 30 utom
858 2037 332 46 regeringsrättens
1217 2035 228 48 behörighet.

334 2087 181 37 Stundom
557 2088 71 35 kan
668 2087 229 36 stadfästelse
938 2086 39 36 af
1014 2088 224 47 reglemente
1278 2094 68 40 äga
1387 2085 256 49 ungefärligen
1670 2097 140 23 samma

198 2139 181 43 karaktär,
409 2151 77 23 som
515 2139 106 47 eljest
647 2139 225 35 tillkommer
900 2151 44 22 en
971 2137 400 48 registreringsåtgärd.
1425 2135 45 37 Så
1497 2144 40 27 är
1565 2135 245 37 förhållandet

200 2190 115 48 enligt
359 2191 108 47 lagen
514 2203 58 22 om
618 2190 235 47 sparbanker.
907 2189 54 35 Då
1004 2188 228 36 stadfästelse
1279 2188 104 36 sökas
1420 2191 20 32 å
1483 2188 223 45 reglemente
1751 2185 59 37 för

200 2241 113 35 sådan
352 2241 108 44 bank,
503 2241 66 35 har
600 2241 186 48 nämligen
818 2240 134 47 Kungl.
980 2240 121 47 Maj:ts
1129 2238 405 47 befallningshafvande
1562 2243 53 31 att
1643 2237 167 36 meddela

1823 1072 39 25 12.
1898 1071 108 35 Afvitt-

1841 1105 148 36 ringsmål.

1818 1225 38 26 13.
1890 1224 65 27 Mål
1972 1233 44 18 om

1818 1258 199 35 förordnande

1817 1293 46 27 till
1880 1293 57 26 viss
1950 1293 65 34 för-

1844 1327 140 34 rättning.

1834 1633 38 25 14.
1913 1632 83 34 Regt-

1842 1667 153 33 strerings-

1883 1701 66 27 mål.
