<?xml version="1.0" encoding="UTF-8"?>
<alto xmlns="http://www.loc.gov/standards/alto/ns-v3#" xmlns:xlink="http://www.w3.org/1999/xlink" xmlns:xsi="http://www.w3.org/2001/XMLSchema-instance" xsi:schemaLocation="http://www.loc.gov/standards/alto/ns-v3# http://www.loc.gov/alto/v3/alto-3-0.xsd">
	<Description>
		<MeasurementUnit>pixel</MeasurementUnit>
		<sourceImageInformation>
			<fileName>/tmp/tess_g6h3btyy_input.PNG</fileName>
		</sourceImageInformation>
		<OCRProcessing ID="OCR_0">
			<ocrProcessingStep>
				<processingSoftware>
					<softwareName>tesseract 5.3.0</softwareName>
				</processingSoftware>
			</ocrProcessingStep>
		</OCRProcessing>
	</Description>
	<Layout>
		<Page WIDTH="2197" HEIGHT="2690" PHYSICAL_IMG_NR="0" ID="page_0">
			<PrintSpace HPOS="0" VPOS="0" WIDTH="2197" HEIGHT="2690">
				<ComposedBlock ID="cblock_0" HPOS="456" VPOS="159" WIDTH="1125" HEIGHT="43">
					<TextBlock ID="block_0" HPOS="456" VPOS="159" WIDTH="1125" HEIGHT="43">
						<TextLine ID="line_0" HPOS="456" VPOS="159" WIDTH="1125" HEIGHT="43">
							<String ID="string_0" HPOS="456" VPOS="169" WIDTH="59" HEIGHT="33" WC="0.96" CONTENT="168"/><SP WIDTH="338" VPOS="169" HPOS="515"/>
							<String ID="string_1" HPOS="853" VPOS="163" WIDTH="377" HEIGHT="34" WC="0.91" CONTENT="Konstitutionsutskottets"/><SP WIDTH="28" VPOS="163" HPOS="1230"/>
							<String ID="string_2" HPOS="1258" VPOS="161" WIDTH="167" HEIGHT="32" WC="0.96" CONTENT="Utlåtande"/><SP WIDTH="22" VPOS="161" HPOS="1425"/>
							<String ID="string_3" HPOS="1447" VPOS="159" WIDTH="61" HEIGHT="33" WC="0.96" CONTENT="N:o"/><SP WIDTH="23" VPOS="159" HPOS="1508"/>
							<String ID="string_4" HPOS="1531" VPOS="160" WIDTH="50" HEIGHT="32" WC="0.96" CONTENT="10."/>
						</TextLine>
					</TextBlock>
				</ComposedBlock>
				<ComposedBlock ID="cblock_1" HPOS="410" VPOS="249" WIDTH="1625" HEIGHT="2049">
					<TextBlock ID="block_1" HPOS="410" VPOS="249" WIDTH="1618" HEIGHT="472">
						<TextLine ID="line_1" HPOS="548" VPOS="249" WIDTH="1476" HEIGHT="56">
							<String ID="string_5" HPOS="548" VPOS="260" WIDTH="16" HEIGHT="35" WC="0.95" CONTENT="I"/><SP WIDTH="28" VPOS="260" HPOS="564"/>
							<String ID="string_6" HPOS="592" VPOS="259" WIDTH="61" HEIGHT="36" WC="0.96" CONTENT="det"/><SP WIDTH="27" VPOS="259" HPOS="653"/>
							<String ID="string_7" HPOS="680" VPOS="257" WIDTH="136" HEIGHT="48" WC="0.96" CONTENT="utdrag"/><SP WIDTH="26" VPOS="257" HPOS="816"/>
							<String ID="string_8" HPOS="842" VPOS="255" WIDTH="40" HEIGHT="37" WC="0.93" CONTENT="af"/><SP WIDTH="25" VPOS="255" HPOS="882"/>
							<String ID="string_9" HPOS="907" VPOS="254" WIDTH="412" HEIGHT="49" WC="0.89" CONTENT="statsrådsprotokollet,"/><SP WIDTH="30" VPOS="254" HPOS="1319"/>
							<String ID="string_10" HPOS="1349" VPOS="265" WIDTH="77" HEIGHT="23" WC="0.93" CONTENT="som"/><SP WIDTH="28" VPOS="265" HPOS="1426"/>
							<String ID="string_11" HPOS="1454" VPOS="250" WIDTH="217" HEIGHT="49" WC="0.91" CONTENT="beledsagar"/><SP WIDTH="27" VPOS="250" HPOS="1671"/>
							<String ID="string_12" HPOS="1698" VPOS="249" WIDTH="71" HEIGHT="36" WC="0.96" CONTENT="den"/><SP WIDTH="23" VPOS="249" HPOS="1769"/>
							<String ID="string_13" HPOS="1792" VPOS="249" WIDTH="126" HEIGHT="48" WC="0.91" CONTENT="kungl."/><SP WIDTH="22" VPOS="249" HPOS="1918"/>
							<String ID="string_14" HPOS="1940" VPOS="261" WIDTH="84" HEIGHT="36" WC="0.91" CONTENT="pro-"/>
						</TextLine>
						<TextLine ID="line_2" HPOS="415" VPOS="299" WIDTH="1607" HEIGHT="63">
							<String ID="string_15" HPOS="415" VPOS="311" WIDTH="210" HEIGHT="51" WC="0.95" CONTENT="positionen"/><SP WIDTH="29" VPOS="311" HPOS="625"/>
							<String ID="string_16" HPOS="654" VPOS="308" WIDTH="187" HEIGHT="50" WC="0.92" CONTENT="angående"/><SP WIDTH="27" VPOS="308" HPOS="841"/>
							<String ID="string_17" HPOS="868" VPOS="308" WIDTH="326" HEIGHT="48" WC="0.91" CONTENT="regeringsrätten,"/><SP WIDTH="29" VPOS="308" HPOS="1194"/>
							<String ID="string_18" HPOS="1223" VPOS="312" WIDTH="105" HEIGHT="41" WC="0.96" CONTENT="säger"/><SP WIDTH="28" VPOS="312" HPOS="1328"/>
							<String ID="string_19" HPOS="1356" VPOS="302" WIDTH="194" HEIGHT="37" WC="0.95" CONTENT="statsrådet"/><SP WIDTH="27" VPOS="302" HPOS="1550"/>
							<String ID="string_20" HPOS="1577" VPOS="302" WIDTH="67" HEIGHT="36" WC="0.96" CONTENT="och"/><SP WIDTH="24" VPOS="302" HPOS="1644"/>
							<String ID="string_21" HPOS="1668" VPOS="299" WIDTH="131" HEIGHT="38" WC="0.96" CONTENT="chefen"/><SP WIDTH="20" VPOS="299" HPOS="1799"/>
							<String ID="string_22" HPOS="1819" VPOS="299" WIDTH="58" HEIGHT="36" WC="0.96" CONTENT="för"/><SP WIDTH="18" VPOS="299" HPOS="1877"/>
							<String ID="string_23" HPOS="1895" VPOS="300" WIDTH="127" HEIGHT="48" WC="0.95" CONTENT="kungl."/>
						</TextLine>
						<TextLine ID="line_3" HPOS="410" VPOS="352" WIDTH="1613" HEIGHT="61">
							<String ID="string_24" HPOS="410" VPOS="363" WIDTH="441" HEIGHT="50" WC="0.91" CONTENT="justitiedepartementet"/><SP WIDTH="38" VPOS="363" HPOS="851"/>
							<String ID="string_25" HPOS="889" VPOS="359" WIDTH="143" HEIGHT="36" WC="0.93" CONTENT="härom:"/><SP WIDTH="52" VPOS="359" HPOS="1032"/>
							<String ID="string_26" HPOS="1084" VPOS="356" WIDTH="65" HEIGHT="37" WC="0.89" CONTENT="”Af"/><SP WIDTH="23" VPOS="356" HPOS="1149"/>
							<String ID="string_27" HPOS="1172" VPOS="353" WIDTH="513" HEIGHT="52" WC="0.90" CONTENT="löneregleringskommittén"/><SP WIDTH="28" VPOS="353" HPOS="1685"/>
							<String ID="string_28" HPOS="1713" VPOS="352" WIDTH="66" HEIGHT="36" WC="0.93" CONTENT="har"/><SP WIDTH="26" VPOS="352" HPOS="1779"/>
							<String ID="string_29" HPOS="1805" VPOS="352" WIDTH="218" HEIGHT="43" WC="0.91" CONTENT="hemställts,"/>
						</TextLine>
						<TextLine ID="line_4" HPOS="415" VPOS="402" WIDTH="1611" HEIGHT="55">
							<String ID="string_30" HPOS="415" VPOS="421" WIDTH="54" HEIGHT="31" WC="0.96" CONTENT="att"/><SP WIDTH="40" VPOS="421" HPOS="469"/>
							<String ID="string_31" HPOS="509" VPOS="416" WIDTH="288" HEIGHT="35" WC="0.96" CONTENT="kammarrätten"/><SP WIDTH="41" VPOS="416" HPOS="797"/>
							<String ID="string_32" HPOS="838" VPOS="411" WIDTH="118" HEIGHT="36" WC="0.96" CONTENT="skulle"/><SP WIDTH="32" VPOS="411" HPOS="956"/>
							<String ID="string_33" HPOS="988" VPOS="411" WIDTH="11" HEIGHT="35" WC="0.93" CONTENT="i"/><SP WIDTH="33" VPOS="411" HPOS="999"/>
							<String ID="string_34" HPOS="1032" VPOS="409" WIDTH="243" HEIGHT="48" WC="0.91" CONTENT="debiterings-"/><SP WIDTH="28" VPOS="409" HPOS="1275"/>
							<String ID="string_35" HPOS="1303" VPOS="408" WIDTH="66" HEIGHT="36" WC="0.93" CONTENT="och"/><SP WIDTH="28" VPOS="408" HPOS="1369"/>
							<String ID="string_36" HPOS="1397" VPOS="406" WIDTH="328" HEIGHT="48" WC="0.89" CONTENT="beskattningsmål"/><SP WIDTH="29" VPOS="406" HPOS="1725"/>
							<String ID="string_37" HPOS="1754" VPOS="402" WIDTH="116" HEIGHT="38" WC="0.96" CONTENT="blifva"/><SP WIDTH="27" VPOS="402" HPOS="1870"/>
							<String ID="string_38" HPOS="1897" VPOS="404" WIDTH="129" HEIGHT="46" WC="0.96" CONTENT="högsta"/>
						</TextLine>
						<TextLine ID="line_5" HPOS="415" VPOS="454" WIDTH="1611" HEIGHT="49">
							<String ID="string_39" HPOS="415" VPOS="468" WIDTH="152" HEIGHT="35" WC="0.92" CONTENT="instans."/><SP WIDTH="54" VPOS="468" HPOS="567"/>
							<String ID="string_40" HPOS="621" VPOS="465" WIDTH="178" HEIGHT="36" WC="0.90" CONTENT="Häremot"/><SP WIDTH="31" VPOS="465" HPOS="799"/>
							<String ID="string_41" HPOS="830" VPOS="461" WIDTH="109" HEIGHT="37" WC="0.96" CONTENT="hafva"/><SP WIDTH="28" VPOS="461" HPOS="939"/>
							<String ID="string_42" HPOS="967" VPOS="462" WIDTH="91" HEIGHT="36" WC="0.96" CONTENT="dock"/><SP WIDTH="29" VPOS="462" HPOS="1058"/>
							<String ID="string_43" HPOS="1087" VPOS="460" WIDTH="83" HEIGHT="36" WC="0.93" CONTENT="från"/><SP WIDTH="27" VPOS="460" HPOS="1170"/>
							<String ID="string_44" HPOS="1197" VPOS="461" WIDTH="306" HEIGHT="34" WC="0.92" CONTENT="kammarrättens"/><SP WIDTH="28" VPOS="461" HPOS="1503"/>
							<String ID="string_45" HPOS="1531" VPOS="457" WIDTH="80" HEIGHT="36" WC="0.96" CONTENT="sida"/><SP WIDTH="27" VPOS="457" HPOS="1611"/>
							<String ID="string_46" HPOS="1638" VPOS="457" WIDTH="150" HEIGHT="35" WC="0.96" CONTENT="uttalats"/><SP WIDTH="28" VPOS="457" HPOS="1788"/>
							<String ID="string_47" HPOS="1816" VPOS="455" WIDTH="122" HEIGHT="36" WC="0.93" CONTENT="starka"/><SP WIDTH="26" VPOS="455" HPOS="1938"/>
							<String ID="string_48" HPOS="1964" VPOS="454" WIDTH="62" HEIGHT="36" WC="0.90" CONTENT="be-"/>
						</TextLine>
						<TextLine ID="line_6" HPOS="416" VPOS="506" WIDTH="1611" HEIGHT="60">
							<String ID="string_49" HPOS="416" VPOS="518" WIDTH="258" HEIGHT="48" WC="0.90" CONTENT="tänkligheter,"/><SP WIDTH="33" VPOS="518" HPOS="674"/>
							<String ID="string_50" HPOS="707" VPOS="515" WIDTH="67" HEIGHT="37" WC="0.96" CONTENT="och"/><SP WIDTH="29" VPOS="515" HPOS="774"/>
							<String ID="string_51" HPOS="803" VPOS="514" WIDTH="65" HEIGHT="49" WC="0.96" CONTENT="jag"/><SP WIDTH="31" VPOS="514" HPOS="868"/>
							<String ID="string_52" HPOS="899" VPOS="514" WIDTH="66" HEIGHT="36" WC="0.96" CONTENT="har"/><SP WIDTH="32" VPOS="514" HPOS="965"/>
							<String ID="string_53" HPOS="997" VPOS="513" WIDTH="30" HEIGHT="47" WC="0.96" CONTENT="ej"/><SP WIDTH="30" VPOS="513" HPOS="1027"/>
							<String ID="string_54" HPOS="1057" VPOS="512" WIDTH="116" HEIGHT="36" WC="0.96" CONTENT="heller"/><SP WIDTH="27" VPOS="512" HPOS="1173"/>
							<String ID="string_55" HPOS="1200" VPOS="512" WIDTH="12" HEIGHT="35" WC="0.96" CONTENT="i"/><SP WIDTH="28" VPOS="512" HPOS="1212"/>
							<String ID="string_56" HPOS="1240" VPOS="511" WIDTH="77" HEIGHT="35" WC="0.96" CONTENT="min"/><SP WIDTH="28" VPOS="511" HPOS="1317"/>
							<String ID="string_57" HPOS="1345" VPOS="508" WIDTH="220" HEIGHT="50" WC="0.96" CONTENT="föregående"/><SP WIDTH="28" VPOS="508" HPOS="1565"/>
							<String ID="string_58" HPOS="1593" VPOS="507" WIDTH="278" HEIGHT="48" WC="0.95" CONTENT="framställning"/><SP WIDTH="26" VPOS="507" HPOS="1871"/>
							<String ID="string_59" HPOS="1897" VPOS="506" WIDTH="130" HEIGHT="36" WC="0.95" CONTENT="räknat"/>
						</TextLine>
						<TextLine ID="line_7" HPOS="418" VPOS="559" WIDTH="1610" HEIGHT="55">
							<String ID="string_60" HPOS="418" VPOS="570" WIDTH="83" HEIGHT="36" WC="0.96" CONTENT="med"/><SP WIDTH="32" VPOS="570" HPOS="501"/>
							<String ID="string_61" HPOS="533" VPOS="582" WIDTH="45" HEIGHT="23" WC="0.96" CONTENT="en"/><SP WIDTH="32" VPOS="582" HPOS="578"/>
							<String ID="string_62" HPOS="610" VPOS="568" WIDTH="112" HEIGHT="36" WC="0.96" CONTENT="sådan"/><SP WIDTH="32" VPOS="568" HPOS="722"/>
							<String ID="string_63" HPOS="754" VPOS="566" WIDTH="160" HEIGHT="48" WC="0.96" CONTENT="ändring"/><SP WIDTH="30" VPOS="566" HPOS="914"/>
							<String ID="string_64" HPOS="944" VPOS="566" WIDTH="13" HEIGHT="34" WC="0.96" CONTENT="i"/><SP WIDTH="32" VPOS="566" HPOS="957"/>
							<String ID="string_65" HPOS="989" VPOS="563" WIDTH="172" HEIGHT="37" WC="0.93" CONTENT="afseende"/><SP WIDTH="28" VPOS="563" HPOS="1161"/>
							<String ID="string_66" HPOS="1189" VPOS="566" WIDTH="20" HEIGHT="33" WC="0.91" CONTENT="å"/><SP WIDTH="26" VPOS="566" HPOS="1209"/>
							<String ID="string_67" HPOS="1235" VPOS="564" WIDTH="118" HEIGHT="35" WC="0.91" CONTENT="talans"/><SP WIDTH="27" VPOS="564" HPOS="1353"/>
							<String ID="string_68" HPOS="1380" VPOS="560" WIDTH="168" HEIGHT="48" WC="0.91" CONTENT="fullföljd"/><SP WIDTH="26" VPOS="560" HPOS="1548"/>
							<String ID="string_69" HPOS="1574" VPOS="561" WIDTH="13" HEIGHT="34" WC="0.96" CONTENT="i"/><SP WIDTH="27" VPOS="561" HPOS="1587"/>
							<String ID="string_70" HPOS="1614" VPOS="559" WIDTH="162" HEIGHT="36" WC="0.96" CONTENT="nämnda"/><SP WIDTH="27" VPOS="559" HPOS="1776"/>
							<String ID="string_71" HPOS="1803" VPOS="559" WIDTH="72" HEIGHT="35" WC="0.93" CONTENT="mål"/><SP WIDTH="27" VPOS="559" HPOS="1875"/>
							<String ID="string_72" HPOS="1902" VPOS="577" WIDTH="49" HEIGHT="4" WC="0.88" CONTENT="—"/><SP WIDTH="27" VPOS="577" HPOS="1951"/>
							<String ID="string_73" HPOS="1978" VPOS="576" WIDTH="50" HEIGHT="5" WC="0.49" CONTENT="—"/>
						</TextLine>
						<TextLine ID="line_8" HPOS="416" VPOS="608" WIDTH="1611" HEIGHT="51">
							<String ID="string_74" HPOS="416" VPOS="641" WIDTH="50" HEIGHT="4" WC="0.62" CONTENT="—"/><SP WIDTH="39" VPOS="641" HPOS="466"/>
							<String ID="string_75" HPOS="505" VPOS="640" WIDTH="49" HEIGHT="6" WC="0.66" CONTENT="—"/><SP WIDTH="39" VPOS="640" HPOS="554"/>
							<String ID="string_76" HPOS="593" VPOS="639" WIDTH="48" HEIGHT="5" WC="0.76" CONTENT="—"/><SP WIDTH="39" VPOS="639" HPOS="641"/>
							<String ID="string_77" HPOS="680" VPOS="638" WIDTH="60" HEIGHT="16" WC="0.78" CONTENT="—"/><SP WIDTH="67" VPOS="638" HPOS="740"/>
							<String ID="string_78" HPOS="807" VPOS="618" WIDTH="70" HEIGHT="35" WC="0.50" CONTENT="Det"/><SP WIDTH="39" VPOS="618" HPOS="877"/>
							<String ID="string_79" HPOS="916" VPOS="617" WIDTH="96" HEIGHT="35" WC="0.95" CONTENT="lärer"/><SP WIDTH="40" VPOS="617" HPOS="1012"/>
							<String ID="string_80" HPOS="1052" VPOS="614" WIDTH="205" HEIGHT="37" WC="0.94" CONTENT="emellertid"/><SP WIDTH="42" VPOS="614" HPOS="1257"/>
							<String ID="string_81" HPOS="1299" VPOS="614" WIDTH="79" HEIGHT="35" WC="0.96" CONTENT="icke"/><SP WIDTH="31" VPOS="614" HPOS="1378"/>
							<String ID="string_82" HPOS="1409" VPOS="612" WIDTH="208" HEIGHT="36" WC="0.96" CONTENT="tillkomma"/><SP WIDTH="26" VPOS="612" HPOS="1617"/>
							<String ID="string_83" HPOS="1643" VPOS="611" WIDTH="77" HEIGHT="48" WC="0.96" CONTENT="mig"/><SP WIDTH="26" VPOS="611" HPOS="1720"/>
							<String ID="string_84" HPOS="1746" VPOS="615" WIDTH="53" HEIGHT="31" WC="0.95" CONTENT="att"/><SP WIDTH="28" VPOS="615" HPOS="1799"/>
							<String ID="string_85" HPOS="1827" VPOS="609" WIDTH="59" HEIGHT="36" WC="0.93" CONTENT="för"/><SP WIDTH="26" VPOS="609" HPOS="1886"/>
							<String ID="string_86" HPOS="1912" VPOS="608" WIDTH="115" HEIGHT="36" WC="0.91" CONTENT="Eders"/>
						</TextLine>
						<TextLine ID="line_9" HPOS="418" VPOS="659" WIDTH="1540" HEIGHT="62">
							<String ID="string_87" HPOS="418" VPOS="674" WIDTH="135" HEIGHT="47" WC="0.93" CONTENT="Kungl."/><SP WIDTH="31" VPOS="674" HPOS="553"/>
							<String ID="string_88" HPOS="584" VPOS="671" WIDTH="100" HEIGHT="48" WC="0.96" CONTENT="Maj:t"/><SP WIDTH="28" VPOS="671" HPOS="684"/>
							<String ID="string_89" HPOS="712" VPOS="669" WIDTH="205" HEIGHT="48" WC="0.93" CONTENT="framlägga"/><SP WIDTH="26" VPOS="669" HPOS="917"/>
							<String ID="string_90" HPOS="943" VPOS="665" WIDTH="385" HEIGHT="50" WC="0.92" CONTENT="författningsförslag"/><SP WIDTH="26" VPOS="665" HPOS="1328"/>
							<String ID="string_91" HPOS="1354" VPOS="666" WIDTH="12" HEIGHT="34" WC="0.97" CONTENT="i"/><SP WIDTH="29" VPOS="666" HPOS="1366"/>
							<String ID="string_92" HPOS="1395" VPOS="668" WIDTH="120" HEIGHT="32" WC="0.96" CONTENT="senast"/><SP WIDTH="28" VPOS="668" HPOS="1515"/>
							<String ID="string_93" HPOS="1543" VPOS="661" WIDTH="229" HEIGHT="38" WC="0.96" CONTENT="behandlade"/><SP WIDTH="29" VPOS="661" HPOS="1772"/>
							<String ID="string_94" HPOS="1801" VPOS="659" WIDTH="157" HEIGHT="38" WC="0.80" CONTENT="ämnen.”"/>
						</TextLine>
					</TextBlock>
					<TextBlock ID="block_2" HPOS="417" VPOS="711" WIDTH="1611" HEIGHT="266">
						<TextLine ID="line_10" HPOS="552" VPOS="711" WIDTH="1476" HEIGHT="54">
							<String ID="string_95" HPOS="552" VPOS="723" WIDTH="108" HEIGHT="34" WC="0.96" CONTENT="Detta"/><SP WIDTH="27" VPOS="723" HPOS="660"/>
							<String ID="string_96" HPOS="687" VPOS="722" WIDTH="89" HEIGHT="34" WC="0.96" CONTENT="sista"/><SP WIDTH="27" VPOS="722" HPOS="776"/>
							<String ID="string_97" HPOS="803" VPOS="728" WIDTH="40" HEIGHT="26" WC="0.89" CONTENT="är"/><SP WIDTH="27" VPOS="728" HPOS="843"/>
							<String ID="string_98" HPOS="870" VPOS="720" WIDTH="211" HEIGHT="45" WC="0.95" CONTENT="naturligen"/><SP WIDTH="27" VPOS="720" HPOS="1081"/>
							<String ID="string_99" HPOS="1108" VPOS="718" WIDTH="140" HEIGHT="46" WC="0.95" CONTENT="riktigt."/><SP WIDTH="56" VPOS="718" HPOS="1248"/>
							<String ID="string_100" HPOS="1304" VPOS="717" WIDTH="144" HEIGHT="46" WC="0.95" CONTENT="Frågan"/><SP WIDTH="28" VPOS="717" HPOS="1448"/>
							<String ID="string_101" HPOS="1476" VPOS="728" WIDTH="60" HEIGHT="21" WC="0.93" CONTENT="om"/><SP WIDTH="26" VPOS="728" HPOS="1536"/>
							<String ID="string_102" HPOS="1562" VPOS="713" WIDTH="245" HEIGHT="47" WC="0.93" CONTENT="borttagande"/><SP WIDTH="28" VPOS="713" HPOS="1807"/>
							<String ID="string_103" HPOS="1835" VPOS="711" WIDTH="39" HEIGHT="35" WC="0.96" CONTENT="af"/><SP WIDTH="25" VPOS="711" HPOS="1874"/>
							<String ID="string_104" HPOS="1899" VPOS="725" WIDTH="45" HEIGHT="21" WC="0.93" CONTENT="en"/><SP WIDTH="28" VPOS="725" HPOS="1944"/>
							<String ID="string_105" HPOS="1972" VPOS="713" WIDTH="56" HEIGHT="33" WC="0.92" CONTENT="in-"/>
						</TextLine>
						<TextLine ID="line_11" HPOS="417" VPOS="761" WIDTH="1609" HEIGHT="56">
							<String ID="string_106" HPOS="417" VPOS="779" WIDTH="99" HEIGHT="31" WC="0.96" CONTENT="stans"/><SP WIDTH="40" VPOS="779" HPOS="516"/>
							<String ID="string_107" HPOS="556" VPOS="773" WIDTH="13" HEIGHT="36" WC="0.96" CONTENT="i"/><SP WIDTH="40" VPOS="773" HPOS="569"/>
							<String ID="string_108" HPOS="609" VPOS="772" WIDTH="105" HEIGHT="37" WC="0.96" CONTENT="dessa"/><SP WIDTH="39" VPOS="772" HPOS="714"/>
							<String ID="string_109" HPOS="753" VPOS="771" WIDTH="73" HEIGHT="35" WC="0.96" CONTENT="mål"/><SP WIDTH="41" VPOS="771" HPOS="826"/>
							<String ID="string_110" HPOS="867" VPOS="777" WIDTH="39" HEIGHT="28" WC="0.85" CONTENT="är"/><SP WIDTH="27" VPOS="777" HPOS="906"/>
							<String ID="string_111" HPOS="933" VPOS="782" WIDTH="45" HEIGHT="23" WC="0.97" CONTENT="en"/><SP WIDTH="32" VPOS="782" HPOS="978"/>
							<String ID="string_112" HPOS="1010" VPOS="767" WIDTH="114" HEIGHT="50" WC="0.96" CONTENT="fråga,"/><SP WIDTH="34" VPOS="767" HPOS="1124"/>
							<String ID="string_113" HPOS="1158" VPOS="780" WIDTH="77" HEIGHT="23" WC="0.93" CONTENT="som"/><SP WIDTH="27" VPOS="780" HPOS="1235"/>
							<String ID="string_114" HPOS="1262" VPOS="765" WIDTH="147" HEIGHT="37" WC="0.92" CONTENT="kräfver"/><SP WIDTH="26" VPOS="765" HPOS="1409"/>
							<String ID="string_115" HPOS="1435" VPOS="764" WIDTH="202" HEIGHT="48" WC="0.95" CONTENT="ändringar"/><SP WIDTH="26" VPOS="764" HPOS="1637"/>
							<String ID="string_116" HPOS="1663" VPOS="763" WIDTH="12" HEIGHT="35" WC="0.95" CONTENT="i"/><SP WIDTH="28" VPOS="763" HPOS="1675"/>
							<String ID="string_117" HPOS="1703" VPOS="761" WIDTH="323" HEIGHT="49" WC="0.96" CONTENT="författningarna,"/>
						</TextLine>
						<TextLine ID="line_12" HPOS="418" VPOS="813" WIDTH="1610" HEIGHT="60">
							<String ID="string_118" HPOS="418" VPOS="825" WIDTH="188" HEIGHT="48" WC="0.93" CONTENT="angående"/><SP WIDTH="40" VPOS="825" HPOS="606"/>
							<String ID="string_119" HPOS="646" VPOS="824" WIDTH="268" HEIGHT="45" WC="0.92" CONTENT="bevillningens"/><SP WIDTH="41" VPOS="824" HPOS="914"/>
							<String ID="string_120" HPOS="955" VPOS="821" WIDTH="66" HEIGHT="35" WC="0.90" CONTENT="och"/><SP WIDTH="41" VPOS="821" HPOS="1021"/>
							<String ID="string_121" HPOS="1062" VPOS="819" WIDTH="326" HEIGHT="36" WC="0.90" CONTENT="inkomstskattens"/><SP WIDTH="40" VPOS="819" HPOS="1388"/>
							<String ID="string_122" HPOS="1428" VPOS="815" WIDTH="254" HEIGHT="37" WC="0.96" CONTENT="fastställande"/><SP WIDTH="32" VPOS="815" HPOS="1682"/>
							<String ID="string_123" HPOS="1714" VPOS="819" WIDTH="94" HEIGHT="31" WC="0.95" CONTENT="samt"/><SP WIDTH="31" VPOS="819" HPOS="1808"/>
							<String ID="string_124" HPOS="1839" VPOS="813" WIDTH="189" HEIGHT="47" WC="0.95" CONTENT="angående"/>
						</TextLine>
						<TextLine ID="line_13" HPOS="419" VPOS="865" WIDTH="1609" HEIGHT="58">
							<String ID="string_125" HPOS="419" VPOS="877" WIDTH="257" HEIGHT="46" WC="0.92" CONTENT="debiteringen"/><SP WIDTH="41" VPOS="877" HPOS="676"/>
							<String ID="string_126" HPOS="717" VPOS="874" WIDTH="67" HEIGHT="36" WC="0.93" CONTENT="och"/><SP WIDTH="41" VPOS="874" HPOS="784"/>
							<String ID="string_127" HPOS="825" VPOS="871" WIDTH="219" HEIGHT="50" WC="0.90" CONTENT="uppbörden"/><SP WIDTH="41" VPOS="871" HPOS="1044"/>
							<String ID="string_128" HPOS="1085" VPOS="884" WIDTH="46" HEIGHT="22" WC="0.89" CONTENT="m."/><SP WIDTH="33" VPOS="884" HPOS="1131"/>
							<String ID="string_129" HPOS="1164" VPOS="870" WIDTH="49" HEIGHT="44" WC="0.73" CONTENT="fl.,"/><SP WIDTH="34" VPOS="870" HPOS="1213"/>
							<String ID="string_130" HPOS="1247" VPOS="869" WIDTH="65" HEIGHT="36" WC="0.96" CONTENT="och"/><SP WIDTH="29" VPOS="869" HPOS="1312"/>
							<String ID="string_131" HPOS="1341" VPOS="870" WIDTH="97" HEIGHT="34" WC="0.96" CONTENT="lärer"/><SP WIDTH="27" VPOS="870" HPOS="1438"/>
							<String ID="string_132" HPOS="1465" VPOS="868" WIDTH="31" HEIGHT="47" WC="0.96" CONTENT="ej"/><SP WIDTH="31" VPOS="868" HPOS="1496"/>
							<String ID="string_133" HPOS="1527" VPOS="867" WIDTH="127" HEIGHT="35" WC="0.95" CONTENT="kunna"/><SP WIDTH="25" VPOS="867" HPOS="1654"/>
							<String ID="string_134" HPOS="1679" VPOS="866" WIDTH="13" HEIGHT="34" WC="0.95" CONTENT="i"/><SP WIDTH="27" VPOS="866" HPOS="1692"/>
							<String ID="string_135" HPOS="1719" VPOS="865" WIDTH="101" HEIGHT="36" WC="0.93" CONTENT="detta"/><SP WIDTH="27" VPOS="865" HPOS="1820"/>
							<String ID="string_136" HPOS="1847" VPOS="876" WIDTH="181" HEIGHT="24" WC="0.89" CONTENT="samman-"/>
						</TextLine>
						<TextLine ID="line_14" HPOS="419" VPOS="926" WIDTH="283" HEIGHT="51">
							<String ID="string_137" HPOS="419" VPOS="929" WIDTH="100" HEIGHT="48" WC="0.92" CONTENT="hang"/><SP WIDTH="26" VPOS="929" HPOS="519"/>
							<String ID="string_138" HPOS="545" VPOS="926" WIDTH="157" HEIGHT="49" WC="0.92" CONTENT="afgöras."/>
						</TextLine>
					</TextBlock>
					<TextBlock ID="block_3" HPOS="419" VPOS="966" WIDTH="1613" HEIGHT="875">
						<TextLine ID="line_15" HPOS="553" VPOS="966" WIDTH="1475" HEIGHT="55">
							<String ID="string_139" HPOS="553" VPOS="978" WIDTH="83" HEIGHT="35" WC="0.96" CONTENT="Men"/><SP WIDTH="27" VPOS="978" HPOS="636"/>
							<String ID="string_140" HPOS="663" VPOS="977" WIDTH="61" HEIGHT="35" WC="0.96" CONTENT="det"/><SP WIDTH="28" VPOS="977" HPOS="724"/>
							<String ID="string_141" HPOS="752" VPOS="984" WIDTH="40" HEIGHT="27" WC="0.96" CONTENT="är"/><SP WIDTH="27" VPOS="984" HPOS="792"/>
							<String ID="string_142" HPOS="819" VPOS="975" WIDTH="119" HEIGHT="36" WC="0.96" CONTENT="tillika"/><SP WIDTH="28" VPOS="975" HPOS="938"/>
							<String ID="string_143" HPOS="966" VPOS="987" WIDTH="44" HEIGHT="22" WC="0.93" CONTENT="en"/><SP WIDTH="29" VPOS="987" HPOS="1010"/>
							<String ID="string_144" HPOS="1039" VPOS="970" WIDTH="372" HEIGHT="51" WC="0.92" CONTENT="organisationsfråga"/><SP WIDTH="27" VPOS="970" HPOS="1411"/>
							<String ID="string_145" HPOS="1438" VPOS="970" WIDTH="67" HEIGHT="35" WC="0.96" CONTENT="och"/><SP WIDTH="33" VPOS="970" HPOS="1505"/>
							<String ID="string_146" HPOS="1538" VPOS="982" WIDTH="45" HEIGHT="22" WC="0.96" CONTENT="en"/><SP WIDTH="19" VPOS="982" HPOS="1583"/>
							<String ID="string_147" HPOS="1602" VPOS="969" WIDTH="146" HEIGHT="48" WC="0.96" CONTENT="mycket"/><SP WIDTH="19" VPOS="969" HPOS="1748"/>
							<String ID="string_148" HPOS="1767" VPOS="968" WIDTH="118" HEIGHT="47" WC="0.96" CONTENT="viktig"/><SP WIDTH="18" VPOS="968" HPOS="1885"/>
							<String ID="string_149" HPOS="1903" VPOS="966" WIDTH="125" HEIGHT="36" WC="0.96" CONTENT="sådan."/>
						</TextLine>
						<TextLine ID="line_16" HPOS="420" VPOS="1018" WIDTH="1609" HEIGHT="60">
							<String ID="string_150" HPOS="420" VPOS="1031" WIDTH="70" HEIGHT="35" WC="0.96" CONTENT="Det"/><SP WIDTH="39" VPOS="1031" HPOS="490"/>
							<String ID="string_151" HPOS="529" VPOS="1030" WIDTH="116" HEIGHT="48" WC="0.96" CONTENT="gäller"/><SP WIDTH="40" VPOS="1030" HPOS="645"/>
							<String ID="string_152" HPOS="685" VPOS="1032" WIDTH="63" HEIGHT="40" WC="0.96" CONTENT="att,"/><SP WIDTH="42" VPOS="1032" HPOS="748"/>
							<String ID="string_153" HPOS="790" VPOS="1027" WIDTH="47" HEIGHT="35" WC="0.96" CONTENT="då"/><SP WIDTH="39" VPOS="1027" HPOS="837"/>
							<String ID="string_154" HPOS="876" VPOS="1039" WIDTH="50" HEIGHT="22" WC="0.96" CONTENT="nu"/><SP WIDTH="41" VPOS="1039" HPOS="926"/>
							<String ID="string_155" HPOS="967" VPOS="1026" WIDTH="11" HEIGHT="35" WC="0.96" CONTENT="i"/><SP WIDTH="32" VPOS="1026" HPOS="978"/>
							<String ID="string_156" HPOS="1010" VPOS="1022" WIDTH="340" HEIGHT="51" WC="0.96" CONTENT="regeringsformen"/><SP WIDTH="32" VPOS="1022" HPOS="1350"/>
							<String ID="string_157" HPOS="1382" VPOS="1021" WIDTH="90" HEIGHT="37" WC="0.96" CONTENT="skall"/><SP WIDTH="27" VPOS="1021" HPOS="1472"/>
							<String ID="string_158" HPOS="1499" VPOS="1019" WIDTH="140" HEIGHT="37" WC="0.96" CONTENT="införas"/><SP WIDTH="29" VPOS="1019" HPOS="1639"/>
							<String ID="string_159" HPOS="1668" VPOS="1018" WIDTH="200" HEIGHT="49" WC="0.96" CONTENT="stadgande"/><SP WIDTH="28" VPOS="1018" HPOS="1868"/>
							<String ID="string_160" HPOS="1896" VPOS="1030" WIDTH="59" HEIGHT="23" WC="0.96" CONTENT="om"/><SP WIDTH="28" VPOS="1030" HPOS="1955"/>
							<String ID="string_161" HPOS="1983" VPOS="1030" WIDTH="46" HEIGHT="23" WC="0.95" CONTENT="en"/>
						</TextLine>
						<TextLine ID="line_17" HPOS="419" VPOS="1067" WIDTH="1613" HEIGHT="63">
							<String ID="string_162" HPOS="419" VPOS="1082" WIDTH="130" HEIGHT="48" WC="0.96" CONTENT="högsta"/><SP WIDTH="39" VPOS="1082" HPOS="549"/>
							<String ID="string_163" HPOS="588" VPOS="1079" WIDTH="270" HEIGHT="37" WC="0.96" CONTENT="administrativ"/><SP WIDTH="40" VPOS="1079" HPOS="858"/>
							<String ID="string_164" HPOS="898" VPOS="1077" WIDTH="160" HEIGHT="36" WC="0.96" CONTENT="domstol"/><SP WIDTH="33" VPOS="1077" HPOS="1058"/>
							<String ID="string_165" HPOS="1091" VPOS="1080" WIDTH="94" HEIGHT="32" WC="0.96" CONTENT="samt"/><SP WIDTH="31" VPOS="1080" HPOS="1185"/>
							<String ID="string_166" HPOS="1216" VPOS="1073" WIDTH="200" HEIGHT="37" WC="0.96" CONTENT="fastställas"/><SP WIDTH="28" VPOS="1073" HPOS="1416"/>
							<String ID="string_167" HPOS="1444" VPOS="1072" WIDTH="62" HEIGHT="36" WC="0.96" CONTENT="det"/><SP WIDTH="28" VPOS="1072" HPOS="1506"/>
							<String ID="string_168" HPOS="1534" VPOS="1072" WIDTH="98" HEIGHT="35" WC="0.96" CONTENT="antal"/><SP WIDTH="28" VPOS="1072" HPOS="1632"/>
							<String ID="string_169" HPOS="1660" VPOS="1070" WIDTH="212" HEIGHT="44" WC="0.96" CONTENT="ledamöter,"/><SP WIDTH="29" VPOS="1070" HPOS="1872"/>
							<String ID="string_170" HPOS="1901" VPOS="1067" WIDTH="131" HEIGHT="37" WC="0.95" CONTENT="hvaraf"/>
						</TextLine>
						<TextLine ID="line_18" HPOS="419" VPOS="1120" WIDTH="1610" HEIGHT="54">
							<String ID="string_171" HPOS="419" VPOS="1133" WIDTH="212" HEIGHT="36" WC="0.95" CONTENT="densamma"/><SP WIDTH="26" VPOS="1133" HPOS="631"/>
							<String ID="string_172" HPOS="657" VPOS="1131" WIDTH="92" HEIGHT="36" WC="0.95" CONTENT="skall"/><SP WIDTH="27" VPOS="1131" HPOS="749"/>
							<String ID="string_173" HPOS="776" VPOS="1130" WIDTH="112" HEIGHT="43" WC="0.96" CONTENT="bestå,"/><SP WIDTH="29" VPOS="1130" HPOS="888"/>
							<String ID="string_174" HPOS="917" VPOS="1129" WIDTH="79" HEIGHT="35" WC="0.96" CONTENT="icke"/><SP WIDTH="28" VPOS="1129" HPOS="996"/>
							<String ID="string_175" HPOS="1024" VPOS="1127" WIDTH="113" HEIGHT="36" WC="0.96" CONTENT="binda"/><SP WIDTH="28" VPOS="1127" HPOS="1137"/>
							<String ID="string_176" HPOS="1165" VPOS="1126" WIDTH="56" HEIGHT="48" WC="0.96" CONTENT="sig"/><SP WIDTH="26" VPOS="1126" HPOS="1221"/>
							<String ID="string_177" HPOS="1247" VPOS="1125" WIDTH="62" HEIGHT="36" WC="0.96" CONTENT="vid"/><SP WIDTH="18" VPOS="1125" HPOS="1309"/>
							<String ID="string_178" HPOS="1327" VPOS="1124" WIDTH="258" HEIGHT="47" WC="0.96" CONTENT="beräkningar,"/><SP WIDTH="21" VPOS="1124" HPOS="1585"/>
							<String ID="string_179" HPOS="1606" VPOS="1135" WIDTH="78" HEIGHT="23" WC="0.96" CONTENT="som"/><SP WIDTH="19" VPOS="1135" HPOS="1684"/>
							<String ID="string_180" HPOS="1703" VPOS="1128" WIDTH="90" HEIGHT="39" WC="0.96" CONTENT="göra"/><SP WIDTH="18" VPOS="1128" HPOS="1793"/>
							<String ID="string_181" HPOS="1811" VPOS="1121" WIDTH="101" HEIGHT="35" WC="0.96" CONTENT="detta"/><SP WIDTH="18" VPOS="1121" HPOS="1912"/>
							<String ID="string_182" HPOS="1930" VPOS="1120" WIDTH="99" HEIGHT="35" WC="0.96" CONTENT="antal"/>
						</TextLine>
						<TextLine ID="line_19" HPOS="420" VPOS="1172" WIDTH="1610" HEIGHT="52">
							<String ID="string_183" HPOS="420" VPOS="1190" WIDTH="117" HEIGHT="29" WC="0.96" CONTENT="större"/><SP WIDTH="28" VPOS="1190" HPOS="537"/>
							<String ID="string_184" HPOS="565" VPOS="1184" WIDTH="89" HEIGHT="34" WC="0.95" CONTENT="eller"/><SP WIDTH="28" VPOS="1184" HPOS="654"/>
							<String ID="string_185" HPOS="682" VPOS="1181" WIDTH="155" HEIGHT="43" WC="0.96" CONTENT="mindre,"/><SP WIDTH="29" VPOS="1181" HPOS="837"/>
							<String ID="string_186" HPOS="866" VPOS="1187" WIDTH="47" HEIGHT="28" WC="0.96" CONTENT="än"/><SP WIDTH="27" VPOS="1187" HPOS="913"/>
							<String ID="string_187" HPOS="940" VPOS="1179" WIDTH="93" HEIGHT="36" WC="0.96" CONTENT="hvad"/><SP WIDTH="28" VPOS="1179" HPOS="1033"/>
							<String ID="string_188" HPOS="1061" VPOS="1191" WIDTH="76" HEIGHT="23" WC="0.95" CONTENT="som"/><SP WIDTH="29" VPOS="1191" HPOS="1137"/>
							<String ID="string_189" HPOS="1166" VPOS="1185" WIDTH="40" HEIGHT="27" WC="0.95" CONTENT="är"/><SP WIDTH="26" VPOS="1185" HPOS="1206"/>
							<String ID="string_190" HPOS="1232" VPOS="1177" WIDTH="172" HEIGHT="47" WC="0.96" CONTENT="lämpligt"/><SP WIDTH="28" VPOS="1177" HPOS="1404"/>
							<String ID="string_191" HPOS="1432" VPOS="1176" WIDTH="89" HEIGHT="34" WC="0.93" CONTENT="eller"/><SP WIDTH="28" VPOS="1176" HPOS="1521"/>
							<String ID="string_192" HPOS="1549" VPOS="1173" WIDTH="139" HEIGHT="48" WC="0.90" CONTENT="nödigt."/><SP WIDTH="55" VPOS="1173" HPOS="1688"/>
							<String ID="string_193" HPOS="1743" VPOS="1172" WIDTH="110" HEIGHT="36" WC="0.96" CONTENT="Detta"/><SP WIDTH="18" VPOS="1172" HPOS="1853"/>
							<String ID="string_194" HPOS="1871" VPOS="1172" WIDTH="98" HEIGHT="36" WC="0.96" CONTENT="antal"/><SP WIDTH="21" VPOS="1172" HPOS="1969"/>
							<String ID="string_195" HPOS="1990" VPOS="1178" WIDTH="40" HEIGHT="28" WC="0.96" CONTENT="är"/>
						</TextLine>
						<TextLine ID="line_20" HPOS="420" VPOS="1222" WIDTH="1610" HEIGHT="59">
							<String ID="string_196" HPOS="420" VPOS="1235" WIDTH="11" HEIGHT="35" WC="0.95" CONTENT="i"/><SP WIDTH="29" VPOS="1235" HPOS="431"/>
							<String ID="string_197" HPOS="460" VPOS="1234" WIDTH="71" HEIGHT="36" WC="0.95" CONTENT="den"/><SP WIDTH="27" VPOS="1234" HPOS="531"/>
							<String ID="string_198" HPOS="558" VPOS="1233" WIDTH="136" HEIGHT="48" WC="0.96" CONTENT="nådiga"/><SP WIDTH="26" VPOS="1233" HPOS="694"/>
							<String ID="string_199" HPOS="720" VPOS="1231" WIDTH="278" HEIGHT="50" WC="0.93" CONTENT="propositionen"/><SP WIDTH="28" VPOS="1231" HPOS="998"/>
							<String ID="string_200" HPOS="1026" VPOS="1227" WIDTH="164" HEIGHT="50" WC="0.91" CONTENT="angifvet"/><SP WIDTH="26" VPOS="1227" HPOS="1190"/>
							<String ID="string_201" HPOS="1216" VPOS="1228" WIDTH="58" HEIGHT="34" WC="0.91" CONTENT="till"/><SP WIDTH="29" VPOS="1228" HPOS="1274"/>
							<String ID="string_202" HPOS="1303" VPOS="1228" WIDTH="130" HEIGHT="34" WC="0.90" CONTENT="»minst"/><SP WIDTH="27" VPOS="1228" HPOS="1433"/>
							<String ID="string_203" HPOS="1460" VPOS="1225" WIDTH="85" HEIGHT="47" WC="0.82" CONTENT="sju»."/><SP WIDTH="46" VPOS="1225" HPOS="1545"/>
							<String ID="string_204" HPOS="1591" VPOS="1223" WIDTH="197" HEIGHT="36" WC="0.96" CONTENT="Huruvida"/><SP WIDTH="23" VPOS="1223" HPOS="1788"/>
							<String ID="string_205" HPOS="1811" VPOS="1222" WIDTH="102" HEIGHT="36" WC="0.96" CONTENT="detta"/><SP WIDTH="18" VPOS="1222" HPOS="1913"/>
							<String ID="string_206" HPOS="1931" VPOS="1222" WIDTH="99" HEIGHT="35" WC="0.96" CONTENT="antal"/>
						</TextLine>
						<TextLine ID="line_21" HPOS="421" VPOS="1273" WIDTH="1609" HEIGHT="58">
							<String ID="string_207" HPOS="421" VPOS="1286" WIDTH="118" HEIGHT="35" WC="0.96" CONTENT="skulle"/><SP WIDTH="29" VPOS="1286" HPOS="539"/>
							<String ID="string_208" HPOS="568" VPOS="1285" WIDTH="125" HEIGHT="35" WC="0.96" CONTENT="kunna"/><SP WIDTH="27" VPOS="1285" HPOS="693"/>
							<String ID="string_209" HPOS="720" VPOS="1286" WIDTH="111" HEIGHT="45" WC="0.96" CONTENT="något"/><SP WIDTH="27" VPOS="1286" HPOS="831"/>
							<String ID="string_210" HPOS="858" VPOS="1281" WIDTH="172" HEIGHT="43" WC="0.96" CONTENT="minskas,"/><SP WIDTH="29" VPOS="1281" HPOS="1030"/>
							<String ID="string_211" HPOS="1059" VPOS="1280" WIDTH="122" HEIGHT="35" WC="0.92" CONTENT="därest"/><SP WIDTH="27" VPOS="1280" HPOS="1181"/>
							<String ID="string_212" HPOS="1208" VPOS="1277" WIDTH="387" HEIGHT="48" WC="0.90" CONTENT="beskattningsmålen,"/><SP WIDTH="30" VPOS="1277" HPOS="1595"/>
							<String ID="string_213" HPOS="1625" VPOS="1275" WIDTH="116" HEIGHT="47" WC="0.96" CONTENT="enligt"/><SP WIDTH="28" VPOS="1275" HPOS="1741"/>
							<String ID="string_214" HPOS="1769" VPOS="1274" WIDTH="70" HEIGHT="35" WC="0.93" CONTENT="den"/><SP WIDTH="23" VPOS="1274" HPOS="1839"/>
							<String ID="string_215" HPOS="1862" VPOS="1273" WIDTH="168" HEIGHT="48" WC="0.92" CONTENT="proposi-"/>
						</TextLine>
						<TextLine ID="line_22" HPOS="422" VPOS="1326" WIDTH="1607" HEIGHT="55">
							<String ID="string_216" HPOS="422" VPOS="1338" WIDTH="127" HEIGHT="34" WC="0.93" CONTENT="tionen"/><SP WIDTH="40" VPOS="1338" HPOS="549"/>
							<String ID="string_217" HPOS="589" VPOS="1334" WIDTH="196" HEIGHT="47" WC="0.92" CONTENT="vidfogade"/><SP WIDTH="39" VPOS="1334" HPOS="785"/>
							<String ID="string_218" HPOS="824" VPOS="1333" WIDTH="125" HEIGHT="35" WC="0.96" CONTENT="tablån"/><SP WIDTH="32" VPOS="1333" HPOS="949"/>
							<String ID="string_219" HPOS="981" VPOS="1329" WIDTH="219" HEIGHT="50" WC="0.96" CONTENT="uppgående"/><SP WIDTH="27" VPOS="1329" HPOS="1200"/>
							<String ID="string_220" HPOS="1227" VPOS="1330" WIDTH="59" HEIGHT="34" WC="0.96" CONTENT="till"/><SP WIDTH="28" VPOS="1330" HPOS="1286"/>
							<String ID="string_221" HPOS="1314" VPOS="1330" WIDTH="11" HEIGHT="33" WC="0.96" CONTENT="i"/><SP WIDTH="28" VPOS="1330" HPOS="1325"/>
							<String ID="string_222" HPOS="1353" VPOS="1328" WIDTH="172" HEIGHT="35" WC="0.96" CONTENT="medeltal"/><SP WIDTH="28" VPOS="1328" HPOS="1525"/>
							<String ID="string_223" HPOS="1553" VPOS="1326" WIDTH="172" HEIGHT="48" WC="0.95" CONTENT="omkring"/><SP WIDTH="28" VPOS="1326" HPOS="1725"/>
							<String ID="string_224" HPOS="1753" VPOS="1326" WIDTH="72" HEIGHT="34" WC="0.96" CONTENT="250"/><SP WIDTH="27" VPOS="1326" HPOS="1825"/>
							<String ID="string_225" HPOS="1852" VPOS="1337" WIDTH="59" HEIGHT="22" WC="0.96" CONTENT="om"/><SP WIDTH="28" VPOS="1337" HPOS="1911"/>
							<String ID="string_226" HPOS="1939" VPOS="1327" WIDTH="90" HEIGHT="39" WC="0.96" CONTENT="året,"/>
						</TextLine>
						<TextLine ID="line_23" HPOS="421" VPOS="1375" WIDTH="1610" HEIGHT="59">
							<String ID="string_227" HPOS="421" VPOS="1387" WIDTH="188" HEIGHT="47" WC="0.78" CONTENT="fråntagas"/><SP WIDTH="32" VPOS="1387" HPOS="609"/>
							<String ID="string_228" HPOS="641" VPOS="1384" WIDTH="323" HEIGHT="49" WC="0.92" CONTENT="regeringsrätten,"/><SP WIDTH="30" VPOS="1384" HPOS="964"/>
							<String ID="string_229" HPOS="994" VPOS="1389" WIDTH="39" HEIGHT="28" WC="0.96" CONTENT="är"/><SP WIDTH="23" VPOS="1389" HPOS="1033"/>
							<String ID="string_230" HPOS="1056" VPOS="1382" WIDTH="66" HEIGHT="47" WC="0.96" CONTENT="jag"/><SP WIDTH="28" VPOS="1382" HPOS="1122"/>
							<String ID="string_231" HPOS="1150" VPOS="1381" WIDTH="31" HEIGHT="47" WC="0.96" CONTENT="ej"/><SP WIDTH="30" VPOS="1381" HPOS="1181"/>
							<String ID="string_232" HPOS="1211" VPOS="1380" WIDTH="12" HEIGHT="35" WC="0.96" CONTENT="i"/><SP WIDTH="27" VPOS="1380" HPOS="1223"/>
							<String ID="string_233" HPOS="1250" VPOS="1379" WIDTH="149" HEIGHT="36" WC="0.96" CONTENT="tillfälle"/><SP WIDTH="28" VPOS="1379" HPOS="1399"/>
							<String ID="string_234" HPOS="1427" VPOS="1383" WIDTH="53" HEIGHT="31" WC="0.96" CONTENT="att"/><SP WIDTH="28" VPOS="1383" HPOS="1480"/>
							<String ID="string_235" HPOS="1508" VPOS="1378" WIDTH="126" HEIGHT="35" WC="0.96" CONTENT="kunna"/><SP WIDTH="26" VPOS="1378" HPOS="1634"/>
							<String ID="string_236" HPOS="1660" VPOS="1376" WIDTH="166" HEIGHT="36" WC="0.96" CONTENT="bedöma."/><SP WIDTH="55" VPOS="1376" HPOS="1826"/>
							<String ID="string_237" HPOS="1881" VPOS="1375" WIDTH="71" HEIGHT="35" WC="0.95" CONTENT="För"/><SP WIDTH="26" VPOS="1375" HPOS="1952"/>
							<String ID="string_238" HPOS="1978" VPOS="1379" WIDTH="53" HEIGHT="30" WC="0.96" CONTENT="att"/>
						</TextLine>
						<TextLine ID="line_24" HPOS="421" VPOS="1425" WIDTH="1610" HEIGHT="61">
							<String ID="string_239" HPOS="421" VPOS="1437" WIDTH="102" HEIGHT="49" WC="0.96" CONTENT="gifva"/><SP WIDTH="26" VPOS="1437" HPOS="523"/>
							<String ID="string_240" HPOS="549" VPOS="1450" WIDTH="84" HEIGHT="23" WC="0.93" CONTENT="svar"/><SP WIDTH="26" VPOS="1450" HPOS="633"/>
							<String ID="string_241" HPOS="659" VPOS="1436" WIDTH="89" HEIGHT="35" WC="0.92" CONTENT="härå"/><SP WIDTH="26" VPOS="1436" HPOS="748"/>
							<String ID="string_242" HPOS="774" VPOS="1434" WIDTH="145" HEIGHT="37" WC="0.95" CONTENT="fordras"/><SP WIDTH="29" VPOS="1434" HPOS="919"/>
							<String ID="string_243" HPOS="948" VPOS="1446" WIDTH="44" HEIGHT="23" WC="0.96" CONTENT="en"/><SP WIDTH="33" VPOS="1446" HPOS="992"/>
							<String ID="string_244" HPOS="1025" VPOS="1443" WIDTH="254" HEIGHT="38" WC="0.96" CONTENT="noggrannare"/><SP WIDTH="27" VPOS="1443" HPOS="1279"/>
							<String ID="string_245" HPOS="1306" VPOS="1429" WIDTH="207" HEIGHT="37" WC="0.96" CONTENT="kännedom"/><SP WIDTH="29" VPOS="1429" HPOS="1513"/>
							<String ID="string_246" HPOS="1542" VPOS="1441" WIDTH="59" HEIGHT="23" WC="0.95" CONTENT="om"/><SP WIDTH="29" VPOS="1441" HPOS="1601"/>
							<String ID="string_247" HPOS="1630" VPOS="1427" WIDTH="71" HEIGHT="36" WC="0.93" CONTENT="den"/><SP WIDTH="18" VPOS="1427" HPOS="1701"/>
							<String ID="string_248" HPOS="1719" VPOS="1425" WIDTH="190" HEIGHT="37" WC="0.91" CONTENT="blifvande"/><SP WIDTH="20" VPOS="1425" HPOS="1909"/>
							<String ID="string_249" HPOS="1929" VPOS="1425" WIDTH="102" HEIGHT="36" WC="0.85" CONTENT="dom-"/>
						</TextLine>
						<TextLine ID="line_25" HPOS="422" VPOS="1476" WIDTH="1610" HEIGHT="60">
							<String ID="string_250" HPOS="422" VPOS="1489" WIDTH="135" HEIGHT="36" WC="0.96" CONTENT="stolens"/><SP WIDTH="39" VPOS="1489" HPOS="557"/>
							<String ID="string_251" HPOS="596" VPOS="1487" WIDTH="248" HEIGHT="49" WC="0.96" CONTENT="organisation"/><SP WIDTH="41" VPOS="1487" HPOS="844"/>
							<String ID="string_252" HPOS="885" VPOS="1485" WIDTH="66" HEIGHT="36" WC="0.95" CONTENT="och"/><SP WIDTH="33" VPOS="1485" HPOS="951"/>
							<String ID="string_253" HPOS="984" VPOS="1484" WIDTH="207" HEIGHT="43" WC="0.95" CONTENT="arbetssätt,"/><SP WIDTH="30" VPOS="1484" HPOS="1191"/>
							<String ID="string_254" HPOS="1221" VPOS="1489" WIDTH="46" HEIGHT="28" WC="0.96" CONTENT="än"/><SP WIDTH="28" VPOS="1489" HPOS="1267"/>
							<String ID="string_255" HPOS="1295" VPOS="1480" WIDTH="276" HEIGHT="36" WC="0.96" CONTENT="undertecknad"/><SP WIDTH="26" VPOS="1480" HPOS="1571"/>
							<String ID="string_256" HPOS="1597" VPOS="1479" WIDTH="145" HEIGHT="35" WC="0.96" CONTENT="kunnat"/><SP WIDTH="28" VPOS="1479" HPOS="1742"/>
							<String ID="string_257" HPOS="1770" VPOS="1477" WIDTH="82" HEIGHT="35" WC="0.96" CONTENT="med"/><SP WIDTH="27" VPOS="1477" HPOS="1852"/>
							<String ID="string_258" HPOS="1879" VPOS="1476" WIDTH="153" HEIGHT="47" WC="0.95" CONTENT="ledning"/>
						</TextLine>
						<TextLine ID="line_26" HPOS="422" VPOS="1528" WIDTH="1609" HEIGHT="59">
							<String ID="string_259" HPOS="422" VPOS="1539" WIDTH="39" HEIGHT="36" WC="0.96" CONTENT="af"/><SP WIDTH="36" VPOS="1539" HPOS="461"/>
							<String ID="string_260" HPOS="497" VPOS="1539" WIDTH="278" HEIGHT="48" WC="0.96" CONTENT="propositionen"/><SP WIDTH="40" VPOS="1539" HPOS="775"/>
							<String ID="string_261" HPOS="815" VPOS="1550" WIDTH="50" HEIGHT="22" WC="0.92" CONTENT="nu"/><SP WIDTH="40" VPOS="1550" HPOS="865"/>
							<String ID="string_262" HPOS="905" VPOS="1534" WIDTH="175" HEIGHT="37" WC="0.89" CONTENT="förskaffa"/><SP WIDTH="40" VPOS="1534" HPOS="1080"/>
							<String ID="string_263" HPOS="1120" VPOS="1534" WIDTH="66" HEIGHT="48" WC="0.93" CONTENT="sig."/><SP WIDTH="68" VPOS="1534" HPOS="1186"/>
							<String ID="string_264" HPOS="1254" VPOS="1532" WIDTH="82" HEIGHT="36" WC="0.96" CONTENT="Men"/><SP WIDTH="40" VPOS="1532" HPOS="1336"/>
							<String ID="string_265" HPOS="1376" VPOS="1531" WIDTH="108" HEIGHT="36" WC="0.87" CONTENT="äfven"/><SP WIDTH="45" VPOS="1531" HPOS="1484"/>
							<String ID="string_266" HPOS="1529" VPOS="1544" WIDTH="59" HEIGHT="22" WC="0.96" CONTENT="om"/><SP WIDTH="32" VPOS="1544" HPOS="1588"/>
							<String ID="string_267" HPOS="1620" VPOS="1530" WIDTH="138" HEIGHT="35" WC="0.96" CONTENT="antalet"/><SP WIDTH="31" VPOS="1530" HPOS="1758"/>
							<String ID="string_268" HPOS="1789" VPOS="1528" WIDTH="242" HEIGHT="36" WC="0.96" CONTENT="ledamöter"/><SP WIDTH="-22" VPOS="1528" HPOS="2031"/>
							<String ID="string_269" HPOS="2009" VPOS="1524" WIDTH="26" HEIGHT="67" WC="0.96" CONTENT="i"/>
						</TextLine>
						<TextLine ID="line_27" HPOS="422" VPOS="1578" WIDTH="1609" HEIGHT="50">
							<String ID="string_270" HPOS="422" VPOS="1591" WIDTH="205" HEIGHT="35" WC="0.95" CONTENT="domstolen"/><SP WIDTH="41" VPOS="1591" HPOS="627"/>
							<String ID="string_271" HPOS="668" VPOS="1589" WIDTH="79" HEIGHT="36" WC="0.96" CONTENT="icke"/><SP WIDTH="41" VPOS="1589" HPOS="747"/>
							<String ID="string_272" HPOS="788" VPOS="1588" WIDTH="119" HEIGHT="35" WC="0.95" CONTENT="skulle"/><SP WIDTH="39" VPOS="1588" HPOS="907"/>
							<String ID="string_273" HPOS="946" VPOS="1587" WIDTH="128" HEIGHT="34" WC="0.96" CONTENT="kunna"/><SP WIDTH="39" VPOS="1587" HPOS="1074"/>
							<String ID="string_274" HPOS="1113" VPOS="1585" WIDTH="162" HEIGHT="35" WC="0.96" CONTENT="minskas"/><SP WIDTH="41" VPOS="1585" HPOS="1275"/>
							<String ID="string_275" HPOS="1316" VPOS="1583" WIDTH="117" HEIGHT="36" WC="0.96" CONTENT="under"/><SP WIDTH="31" VPOS="1583" HPOS="1433"/>
							<String ID="string_276" HPOS="1464" VPOS="1582" WIDTH="62" HEIGHT="36" WC="0.96" CONTENT="det"/><SP WIDTH="32" VPOS="1582" HPOS="1526"/>
							<String ID="string_277" HPOS="1558" VPOS="1580" WIDTH="109" HEIGHT="37" WC="0.93" CONTENT="ofvan"/><SP WIDTH="28" VPOS="1580" HPOS="1667"/>
							<String ID="string_278" HPOS="1695" VPOS="1578" WIDTH="162" HEIGHT="50" WC="0.92" CONTENT="angifna,"/><SP WIDTH="28" VPOS="1578" HPOS="1857"/>
							<String ID="string_279" HPOS="1885" VPOS="1579" WIDTH="146" HEIGHT="35" WC="0.96" CONTENT="komme"/>
						</TextLine>
						<TextLine ID="line_28" HPOS="422" VPOS="1629" WIDTH="1609" HEIGHT="60">
							<String ID="string_280" HPOS="422" VPOS="1641" WIDTH="294" HEIGHT="48" WC="0.96" CONTENT="uppenbarligen"/><SP WIDTH="41" VPOS="1641" HPOS="716"/>
							<String ID="string_281" HPOS="757" VPOS="1652" WIDTH="45" HEIGHT="23" WC="0.95" CONTENT="en"/><SP WIDTH="41" VPOS="1652" HPOS="802"/>
							<String ID="string_282" HPOS="843" VPOS="1637" WIDTH="137" HEIGHT="37" WC="0.93" CONTENT="reform"/><SP WIDTH="32" VPOS="1637" HPOS="980"/>
							<String ID="string_283" HPOS="1012" VPOS="1637" WIDTH="12" HEIGHT="35" WC="0.96" CONTENT="i"/><SP WIDTH="33" VPOS="1637" HPOS="1024"/>
							<String ID="string_284" HPOS="1057" VPOS="1636" WIDTH="71" HEIGHT="36" WC="0.96" CONTENT="den"/><SP WIDTH="32" VPOS="1636" HPOS="1128"/>
							<String ID="string_285" HPOS="1160" VPOS="1635" WIDTH="38" HEIGHT="36" WC="0.93" CONTENT="af"/><SP WIDTH="23" VPOS="1635" HPOS="1198"/>
							<String ID="string_286" HPOS="1221" VPOS="1632" WIDTH="514" HEIGHT="51" WC="0.91" CONTENT="löneregleringskommittén"/><SP WIDTH="28" VPOS="1632" HPOS="1735"/>
							<String ID="string_287" HPOS="1763" VPOS="1629" WIDTH="152" HEIGHT="50" WC="0.90" CONTENT="angifna"/><SP WIDTH="26" VPOS="1629" HPOS="1915"/>
							<String ID="string_288" HPOS="1941" VPOS="1629" WIDTH="90" HEIGHT="35" WC="0.92" CONTENT="rikt-"/>
						</TextLine>
						<TextLine ID="line_29" HPOS="422" VPOS="1680" WIDTH="1610" HEIGHT="58">
							<String ID="string_289" HPOS="422" VPOS="1694" WIDTH="138" HEIGHT="44" WC="0.96" CONTENT="ningen"/><SP WIDTH="40" VPOS="1694" HPOS="560"/>
							<String ID="string_290" HPOS="600" VPOS="1697" WIDTH="54" HEIGHT="30" WC="0.96" CONTENT="att"/><SP WIDTH="39" VPOS="1697" HPOS="654"/>
							<String ID="string_291" HPOS="693" VPOS="1689" WIDTH="108" HEIGHT="37" WC="0.96" CONTENT="hafva"/><SP WIDTH="33" VPOS="1689" HPOS="801"/>
							<String ID="string_292" HPOS="834" VPOS="1694" WIDTH="93" HEIGHT="31" WC="0.96" CONTENT="stort"/><SP WIDTH="31" VPOS="1694" HPOS="927"/>
							<String ID="string_293" HPOS="958" VPOS="1687" WIDTH="203" HEIGHT="50" WC="0.96" CONTENT="inflytande"/><SP WIDTH="31" VPOS="1687" HPOS="1161"/>
							<String ID="string_294" HPOS="1192" VPOS="1689" WIDTH="47" HEIGHT="45" WC="0.93" CONTENT="på"/><SP WIDTH="27" VPOS="1689" HPOS="1239"/>
							<String ID="string_295" HPOS="1266" VPOS="1684" WIDTH="172" HEIGHT="37" WC="0.91" CONTENT="behofvet"/><SP WIDTH="28" VPOS="1684" HPOS="1438"/>
							<String ID="string_296" HPOS="1466" VPOS="1684" WIDTH="40" HEIGHT="36" WC="0.96" CONTENT="af"/><SP WIDTH="25" VPOS="1684" HPOS="1506"/>
							<String ID="string_297" HPOS="1531" VPOS="1682" WIDTH="265" HEIGHT="49" WC="0.95" CONTENT="föredragande"/><SP WIDTH="27" VPOS="1682" HPOS="1796"/>
							<String ID="string_298" HPOS="1823" VPOS="1681" WIDTH="66" HEIGHT="35" WC="0.95" CONTENT="och"/><SP WIDTH="28" VPOS="1681" HPOS="1889"/>
							<String ID="string_299" HPOS="1917" VPOS="1680" WIDTH="115" HEIGHT="36" WC="0.95" CONTENT="andra"/>
						</TextLine>
						<TextLine ID="line_30" HPOS="422" VPOS="1731" WIDTH="1609" HEIGHT="59">
							<String ID="string_300" HPOS="422" VPOS="1742" WIDTH="58" HEIGHT="36" WC="0.93" CONTENT="för"/><SP WIDTH="27" VPOS="1742" HPOS="480"/>
							<String ID="string_301" HPOS="507" VPOS="1743" WIDTH="314" HEIGHT="47" WC="0.91" CONTENT="regeringsrätten"/><SP WIDTH="27" VPOS="1743" HPOS="821"/>
							<String ID="string_302" HPOS="848" VPOS="1739" WIDTH="183" HEIGHT="48" WC="0.92" CONTENT="behöfliga"/><SP WIDTH="28" VPOS="1739" HPOS="1031"/>
							<String ID="string_303" HPOS="1059" VPOS="1737" WIDTH="280" HEIGHT="37" WC="0.93" CONTENT="underordnade"/><SP WIDTH="27" VPOS="1737" HPOS="1339"/>
							<String ID="string_304" HPOS="1366" VPOS="1733" WIDTH="266" HEIGHT="38" WC="0.92" CONTENT="arbetskrafter"/><SP WIDTH="27" VPOS="1733" HPOS="1632"/>
							<String ID="string_305" HPOS="1659" VPOS="1734" WIDTH="67" HEIGHT="36" WC="0.93" CONTENT="och"/><SP WIDTH="28" VPOS="1734" HPOS="1726"/>
							<String ID="string_306" HPOS="1754" VPOS="1732" WIDTH="101" HEIGHT="49" WC="0.92" CONTENT="förty"/><SP WIDTH="18" VPOS="1732" HPOS="1855"/>
							<String ID="string_307" HPOS="1873" VPOS="1731" WIDTH="82" HEIGHT="36" WC="0.96" CONTENT="leda"/><SP WIDTH="18" VPOS="1731" HPOS="1955"/>
							<String ID="string_308" HPOS="1973" VPOS="1732" WIDTH="58" HEIGHT="34" WC="0.96" CONTENT="till"/>
						</TextLine>
						<TextLine ID="line_31" HPOS="424" VPOS="1792" WIDTH="415" HEIGHT="49">
							<String ID="string_309" HPOS="424" VPOS="1794" WIDTH="182" HEIGHT="47" WC="0.96" CONTENT="väsentlig"/><SP WIDTH="27" VPOS="1794" HPOS="606"/>
							<String ID="string_310" HPOS="633" VPOS="1792" WIDTH="206" HEIGHT="48" WC="0.96" CONTENT="besparing."/>
						</TextLine>
					</TextBlock>
					<TextBlock ID="block_4" HPOS="423" VPOS="1833" WIDTH="1612" HEIGHT="465">
						<TextLine ID="line_32" HPOS="558" VPOS="1833" WIDTH="1474" HEIGHT="51">
							<String ID="string_311" HPOS="558" VPOS="1844" WIDTH="70" HEIGHT="36" WC="0.96" CONTENT="Det"/><SP WIDTH="27" VPOS="1844" HPOS="628"/>
							<String ID="string_312" HPOS="655" VPOS="1842" WIDTH="263" HEIGHT="37" WC="0.96" CONTENT="värdefullaste"/><SP WIDTH="27" VPOS="1842" HPOS="918"/>
							<String ID="string_313" HPOS="945" VPOS="1842" WIDTH="13" HEIGHT="34" WC="0.96" CONTENT="i"/><SP WIDTH="28" VPOS="1842" HPOS="958"/>
							<String ID="string_314" HPOS="986" VPOS="1839" WIDTH="184" HEIGHT="37" WC="0.96" CONTENT="reformen"/><SP WIDTH="27" VPOS="1839" HPOS="1170"/>
							<String ID="string_315" HPOS="1197" VPOS="1851" WIDTH="87" HEIGHT="24" WC="0.96" CONTENT="vore"/><SP WIDTH="27" VPOS="1851" HPOS="1284"/>
							<String ID="string_316" HPOS="1311" VPOS="1837" WIDTH="208" HEIGHT="37" WC="0.96" CONTENT="emellertid"/><SP WIDTH="28" VPOS="1837" HPOS="1519"/>
							<String ID="string_317" HPOS="1547" VPOS="1836" WIDTH="115" HEIGHT="48" WC="0.96" CONTENT="enligt"/><SP WIDTH="28" VPOS="1836" HPOS="1662"/>
							<String ID="string_318" HPOS="1690" VPOS="1836" WIDTH="84" HEIGHT="34" WC="0.93" CONTENT="mitt"/><SP WIDTH="19" VPOS="1836" HPOS="1774"/>
							<String ID="string_319" HPOS="1793" VPOS="1833" WIDTH="239" HEIGHT="36" WC="0.92" CONTENT="förmenande"/>
						</TextLine>
						<TextLine ID="line_33" HPOS="424" VPOS="1885" WIDTH="1608" HEIGHT="55">
							<String ID="string_320" HPOS="424" VPOS="1896" WIDTH="70" HEIGHT="35" WC="0.95" CONTENT="den"/><SP WIDTH="28" VPOS="1896" HPOS="494"/>
							<String ID="string_321" HPOS="522" VPOS="1895" WIDTH="177" HEIGHT="36" WC="0.96" CONTENT="snabbare"/><SP WIDTH="27" VPOS="1895" HPOS="699"/>
							<String ID="string_322" HPOS="726" VPOS="1892" WIDTH="271" HEIGHT="48" WC="0.96" CONTENT="rättsskipning"/><SP WIDTH="25" VPOS="1892" HPOS="997"/>
							<String ID="string_323" HPOS="1022" VPOS="1892" WIDTH="14" HEIGHT="35" WC="0.96" CONTENT="i"/><SP WIDTH="27" VPOS="1892" HPOS="1036"/>
							<String ID="string_324" HPOS="1063" VPOS="1891" WIDTH="103" HEIGHT="36" WC="0.96" CONTENT="dessa"/><SP WIDTH="27" VPOS="1891" HPOS="1166"/>
							<String ID="string_325" HPOS="1193" VPOS="1891" WIDTH="83" HEIGHT="42" WC="0.95" CONTENT="mål,"/><SP WIDTH="30" VPOS="1891" HPOS="1276"/>
							<String ID="string_326" HPOS="1306" VPOS="1902" WIDTH="78" HEIGHT="23" WC="0.96" CONTENT="som"/><SP WIDTH="28" VPOS="1902" HPOS="1384"/>
							<String ID="string_327" HPOS="1412" VPOS="1888" WIDTH="71" HEIGHT="36" WC="0.96" CONTENT="den"/><SP WIDTH="28" VPOS="1888" HPOS="1483"/>
							<String ID="string_328" HPOS="1511" VPOS="1888" WIDTH="119" HEIGHT="35" WC="0.96" CONTENT="skulle"/><SP WIDTH="28" VPOS="1888" HPOS="1630"/>
							<String ID="string_329" HPOS="1658" VPOS="1885" WIDTH="176" HEIGHT="43" WC="0.96" CONTENT="medföra,"/><SP WIDTH="29" VPOS="1885" HPOS="1834"/>
							<String ID="string_330" HPOS="1863" VPOS="1885" WIDTH="67" HEIGHT="35" WC="0.96" CONTENT="och"/><SP WIDTH="24" VPOS="1885" HPOS="1930"/>
							<String ID="string_331" HPOS="1954" VPOS="1896" WIDTH="78" HEIGHT="23" WC="0.96" CONTENT="som"/>
						</TextLine>
						<TextLine ID="line_34" HPOS="423" VPOS="1935" WIDTH="1611" HEIGHT="59">
							<String ID="string_332" HPOS="423" VPOS="1949" WIDTH="47" HEIGHT="45" WC="0.96" CONTENT="på"/><SP WIDTH="27" VPOS="1949" HPOS="470"/>
							<String ID="string_333" HPOS="497" VPOS="1945" WIDTH="101" HEIGHT="37" WC="0.96" CONTENT="detta"/><SP WIDTH="27" VPOS="1945" HPOS="598"/>
							<String ID="string_334" HPOS="625" VPOS="1944" WIDTH="148" HEIGHT="38" WC="0.96" CONTENT="område"/><SP WIDTH="28" VPOS="1944" HPOS="773"/>
							<String ID="string_335" HPOS="801" VPOS="1944" WIDTH="107" HEIGHT="36" WC="0.96" CONTENT="torde"/><SP WIDTH="27" VPOS="1944" HPOS="908"/>
							<String ID="string_336" HPOS="935" VPOS="1956" WIDTH="96" HEIGHT="31" WC="0.96" CONTENT="vara,"/><SP WIDTH="29" VPOS="1956" HPOS="1031"/>
							<String ID="string_337" HPOS="1060" VPOS="1955" WIDTH="59" HEIGHT="23" WC="0.96" CONTENT="om"/><SP WIDTH="29" VPOS="1955" HPOS="1119"/>
							<String ID="string_338" HPOS="1148" VPOS="1941" WIDTH="158" HEIGHT="48" WC="0.96" CONTENT="möjligt,"/><SP WIDTH="30" VPOS="1941" HPOS="1306"/>
							<String ID="string_339" HPOS="1336" VPOS="1948" WIDTH="46" HEIGHT="28" WC="0.96" CONTENT="än"/><SP WIDTH="28" VPOS="1948" HPOS="1382"/>
							<String ID="string_340" HPOS="1410" VPOS="1951" WIDTH="100" HEIGHT="24" WC="0.96" CONTENT="mera"/><SP WIDTH="27" VPOS="1951" HPOS="1510"/>
							<String ID="string_341" HPOS="1537" VPOS="1938" WIDTH="203" HEIGHT="48" WC="0.96" CONTENT="angelägen"/><SP WIDTH="28" VPOS="1938" HPOS="1740"/>
							<String ID="string_342" HPOS="1768" VPOS="1936" WIDTH="67" HEIGHT="36" WC="0.88" CONTENT="och"/><SP WIDTH="35" VPOS="1936" HPOS="1835"/>
							<String ID="string_343" HPOS="1870" VPOS="1935" WIDTH="164" HEIGHT="48" WC="0.88" CONTENT="behöflig"/>
						</TextLine>
						<TextLine ID="line_35" HPOS="424" VPOS="1986" WIDTH="1610" HEIGHT="60">
							<String ID="string_344" HPOS="424" VPOS="2005" WIDTH="46" HEIGHT="28" WC="0.96" CONTENT="än"/><SP WIDTH="41" VPOS="2005" HPOS="470"/>
							<String ID="string_345" HPOS="511" VPOS="2000" WIDTH="46" HEIGHT="46" WC="0.96" CONTENT="på"/><SP WIDTH="40" VPOS="2000" HPOS="557"/>
							<String ID="string_346" HPOS="597" VPOS="1999" WIDTH="111" HEIGHT="46" WC="0.96" CONTENT="något"/><SP WIDTH="44" VPOS="1999" HPOS="708"/>
							<String ID="string_347" HPOS="752" VPOS="2000" WIDTH="122" HEIGHT="39" WC="0.96" CONTENT="annat,"/><SP WIDTH="34" VPOS="2000" HPOS="874"/>
							<String ID="string_348" HPOS="908" VPOS="1994" WIDTH="30" HEIGHT="48" WC="0.96" CONTENT="ej"/><SP WIDTH="31" VPOS="1994" HPOS="938"/>
							<String ID="string_349" HPOS="969" VPOS="1997" WIDTH="38" HEIGHT="32" WC="0.96" CONTENT="så"/><SP WIDTH="28" VPOS="1997" HPOS="1007"/>
							<String ID="string_350" HPOS="1035" VPOS="1993" WIDTH="148" HEIGHT="49" WC="0.96" CONTENT="mycket"/><SP WIDTH="27" VPOS="1993" HPOS="1183"/>
							<String ID="string_351" HPOS="1210" VPOS="1992" WIDTH="135" HEIGHT="35" WC="0.95" CONTENT="kanske"/><SP WIDTH="28" VPOS="1992" HPOS="1345"/>
							<String ID="string_352" HPOS="1373" VPOS="1991" WIDTH="12" HEIGHT="35" WC="0.96" CONTENT="i"/><SP WIDTH="28" VPOS="1991" HPOS="1385"/>
							<String ID="string_353" HPOS="1413" VPOS="1989" WIDTH="181" HEIGHT="37" WC="0.95" CONTENT="anseende"/><SP WIDTH="27" VPOS="1989" HPOS="1594"/>
							<String ID="string_354" HPOS="1621" VPOS="1989" WIDTH="57" HEIGHT="35" WC="0.93" CONTENT="till"/><SP WIDTH="27" VPOS="1989" HPOS="1678"/>
							<String ID="string_355" HPOS="1705" VPOS="1989" WIDTH="223" HEIGHT="35" WC="0.91" CONTENT="intressenas"/><SP WIDTH="27" VPOS="1989" HPOS="1928"/>
							<String ID="string_356" HPOS="1955" VPOS="1986" WIDTH="79" HEIGHT="35" WC="0.96" CONTENT="vikt"/>
						</TextLine>
						<TextLine ID="line_36" HPOS="424" VPOS="2037" WIDTH="1609" HEIGHT="58">
							<String ID="string_357" HPOS="424" VPOS="2061" WIDTH="78" HEIGHT="22" WC="0.87" CONTENT="som"/><SP WIDTH="33" VPOS="2061" HPOS="502"/>
							<String ID="string_358" HPOS="535" VPOS="2048" WIDTH="58" HEIGHT="35" WC="0.87" CONTENT="till"/><SP WIDTH="28" VPOS="2048" HPOS="593"/>
							<String ID="string_359" HPOS="621" VPOS="2046" WIDTH="312" HEIGHT="49" WC="0.92" CONTENT="angelägenheten"/><SP WIDTH="28" VPOS="2046" HPOS="933"/>
							<String ID="string_360" HPOS="961" VPOS="2049" WIDTH="53" HEIGHT="31" WC="0.96" CONTENT="att"/><SP WIDTH="27" VPOS="2049" HPOS="1014"/>
							<String ID="string_361" HPOS="1041" VPOS="2043" WIDTH="38" HEIGHT="37" WC="0.96" CONTENT="få"/><SP WIDTH="26" VPOS="2043" HPOS="1079"/>
							<String ID="string_362" HPOS="1105" VPOS="2043" WIDTH="84" HEIGHT="36" WC="0.96" CONTENT="dem"/><SP WIDTH="28" VPOS="2043" HPOS="1189"/>
							<String ID="string_363" HPOS="1217" VPOS="2042" WIDTH="74" HEIGHT="36" WC="0.96" CONTENT="fort"/><SP WIDTH="27" VPOS="2042" HPOS="1291"/>
							<String ID="string_364" HPOS="1318" VPOS="2040" WIDTH="280" HEIGHT="48" WC="0.94" CONTENT="tillgodosedda."/><SP WIDTH="54" VPOS="2040" HPOS="1598"/>
							<String ID="string_365" HPOS="1652" VPOS="2040" WIDTH="109" HEIGHT="35" WC="0.88" CONTENT="Detta"/><SP WIDTH="26" VPOS="2040" HPOS="1761"/>
							<String ID="string_366" HPOS="1787" VPOS="2037" WIDTH="113" HEIGHT="36" WC="0.92" CONTENT="behof"/><SP WIDTH="24" VPOS="2037" HPOS="1900"/>
							<String ID="string_367" HPOS="1924" VPOS="2049" WIDTH="109" HEIGHT="37" WC="0.96" CONTENT="synes"/>
						</TextLine>
						<TextLine ID="line_37" HPOS="424" VPOS="2087" WIDTH="1611" HEIGHT="60">
							<String ID="string_368" HPOS="424" VPOS="2099" WIDTH="77" HEIGHT="48" WC="0.96" CONTENT="mig"/><SP WIDTH="32" VPOS="2099" HPOS="501"/>
							<String ID="string_369" HPOS="533" VPOS="2098" WIDTH="83" HEIGHT="36" WC="0.95" CONTENT="med"/><SP WIDTH="32" VPOS="2098" HPOS="616"/>
							<String ID="string_370" HPOS="648" VPOS="2098" WIDTH="70" HEIGHT="35" WC="0.96" CONTENT="den"/><SP WIDTH="34" VPOS="2098" HPOS="718"/>
							<String ID="string_371" HPOS="752" VPOS="2096" WIDTH="166" HEIGHT="49" WC="0.96" CONTENT="stigande"/><SP WIDTH="33" VPOS="2096" HPOS="918"/>
							<String ID="string_372" HPOS="951" VPOS="2095" WIDTH="260" HEIGHT="48" WC="0.96" CONTENT="utvecklingen"/><SP WIDTH="29" VPOS="2095" HPOS="1211"/>
							<String ID="string_373" HPOS="1240" VPOS="2092" WIDTH="173" HEIGHT="37" WC="0.96" CONTENT="särskildt"/><SP WIDTH="26" VPOS="2092" HPOS="1413"/>
							<String ID="string_374" HPOS="1439" VPOS="2095" WIDTH="47" HEIGHT="44" WC="0.96" CONTENT="på"/><SP WIDTH="26" VPOS="2095" HPOS="1486"/>
							<String ID="string_375" HPOS="1512" VPOS="2091" WIDTH="62" HEIGHT="36" WC="0.96" CONTENT="det"/><SP WIDTH="29" VPOS="2091" HPOS="1574"/>
							<String ID="string_376" HPOS="1603" VPOS="2089" WIDTH="238" HEIGHT="37" WC="0.96" CONTENT="ekonomiska"/><SP WIDTH="26" VPOS="2089" HPOS="1841"/>
							<String ID="string_377" HPOS="1867" VPOS="2087" WIDTH="168" HEIGHT="37" WC="0.96" CONTENT="området"/>
						</TextLine>
						<TextLine ID="line_38" HPOS="424" VPOS="2139" WIDTH="1610" HEIGHT="57">
							<String ID="string_378" HPOS="424" VPOS="2150" WIDTH="101" HEIGHT="36" WC="0.96" CONTENT="skola"/><SP WIDTH="32" VPOS="2150" HPOS="525"/>
							<String ID="string_379" HPOS="557" VPOS="2150" WIDTH="147" HEIGHT="35" WC="0.96" CONTENT="komma"/><SP WIDTH="32" VPOS="2150" HPOS="704"/>
							<String ID="string_380" HPOS="736" VPOS="2154" WIDTH="54" HEIGHT="30" WC="0.96" CONTENT="att"/><SP WIDTH="31" VPOS="2154" HPOS="790"/>
							<String ID="string_381" HPOS="821" VPOS="2155" WIDTH="90" HEIGHT="41" WC="0.96" CONTENT="göra"/><SP WIDTH="31" VPOS="2155" HPOS="911"/>
							<String ID="string_382" HPOS="942" VPOS="2147" WIDTH="57" HEIGHT="48" WC="0.96" CONTENT="sig"/><SP WIDTH="26" VPOS="2147" HPOS="999"/>
							<String ID="string_383" HPOS="1025" VPOS="2147" WIDTH="169" HEIGHT="35" WC="0.96" CONTENT="alltmera"/><SP WIDTH="26" VPOS="2147" HPOS="1194"/>
							<String ID="string_384" HPOS="1220" VPOS="2144" WIDTH="182" HEIGHT="49" WC="0.95" CONTENT="gällande."/><SP WIDTH="54" VPOS="2144" HPOS="1402"/>
							<String ID="string_385" HPOS="1456" VPOS="2142" WIDTH="78" HEIGHT="38" WC="0.96" CONTENT="Och"/><SP WIDTH="29" VPOS="2142" HPOS="1534"/>
							<String ID="string_386" HPOS="1563" VPOS="2141" WIDTH="107" HEIGHT="37" WC="0.67" CONTENT="äfven"/><SP WIDTH="27" VPOS="2141" HPOS="1670"/>
							<String ID="string_387" HPOS="1697" VPOS="2140" WIDTH="232" HEIGHT="49" WC="0.96" CONTENT="principiella"/><SP WIDTH="27" VPOS="2140" HPOS="1929"/>
							<String ID="string_388" HPOS="1956" VPOS="2139" WIDTH="78" HEIGHT="35" WC="0.94" CONTENT="skäl"/>
						</TextLine>
						<TextLine ID="line_39" HPOS="423" VPOS="2190" WIDTH="1611" HEIGHT="57">
							<String ID="string_389" HPOS="423" VPOS="2201" WIDTH="128" HEIGHT="44" WC="0.96" CONTENT="finnas,"/><SP WIDTH="42" VPOS="2201" HPOS="551"/>
							<String ID="string_390" HPOS="593" VPOS="2200" WIDTH="118" HEIGHT="47" WC="0.96" CONTENT="enligt"/><SP WIDTH="40" VPOS="2200" HPOS="711"/>
							<String ID="string_391" HPOS="751" VPOS="2199" WIDTH="77" HEIGHT="35" WC="0.96" CONTENT="min"/><SP WIDTH="40" VPOS="2199" HPOS="828"/>
							<String ID="string_392" HPOS="868" VPOS="2198" WIDTH="160" HEIGHT="46" WC="0.96" CONTENT="mening,"/><SP WIDTH="43" VPOS="2198" HPOS="1028"/>
							<String ID="string_393" HPOS="1071" VPOS="2209" WIDTH="78" HEIGHT="23" WC="0.96" CONTENT="som"/><SP WIDTH="34" VPOS="2209" HPOS="1149"/>
							<String ID="string_394" HPOS="1183" VPOS="2196" WIDTH="118" HEIGHT="35" WC="0.96" CONTENT="starkt"/><SP WIDTH="31" VPOS="2196" HPOS="1301"/>
							<String ID="string_395" HPOS="1332" VPOS="2196" WIDTH="75" HEIGHT="34" WC="0.96" CONTENT="tala"/><SP WIDTH="26" VPOS="2196" HPOS="1407"/>
							<String ID="string_396" HPOS="1433" VPOS="2193" WIDTH="58" HEIGHT="37" WC="0.95" CONTENT="för"/><SP WIDTH="28" VPOS="2193" HPOS="1491"/>
							<String ID="string_397" HPOS="1519" VPOS="2206" WIDTH="44" HEIGHT="23" WC="0.95" CONTENT="en"/><SP WIDTH="29" VPOS="2206" HPOS="1563"/>
							<String ID="string_398" HPOS="1592" VPOS="2192" WIDTH="148" HEIGHT="49" WC="0.93" CONTENT="speciell"/><SP WIDTH="29" VPOS="2192" HPOS="1740"/>
							<String ID="string_399" HPOS="1769" VPOS="2190" WIDTH="265" HEIGHT="37" WC="0.91" CONTENT="öfverdomstol"/>
						</TextLine>
						<TextLine ID="line_40" HPOS="425" VPOS="2251" WIDTH="474" HEIGHT="47">
							<String ID="string_400" HPOS="425" VPOS="2252" WIDTH="58" HEIGHT="35" WC="0.93" CONTENT="för"/><SP WIDTH="25" VPOS="2252" HPOS="483"/>
							<String ID="string_401" HPOS="508" VPOS="2251" WIDTH="391" HEIGHT="47" WC="0.92" CONTENT="beskattningsmålen."/>
						</TextLine>
					</TextBlock>
				</ComposedBlock>
			</PrintSpace>
		</Page>
	</Layout>
</alto>
