2204 2679
619 160 393 36 Konstitutionsutskottets
1039 165 168 33 Utlåtande
1230 167 64 32 N:o
1318 170 50 30 10.
1714 175 40 31 45

182 248 57 34 väl
280 248 101 35 inom
421 249 132 47 högsta
593 249 206 38 domstolen
840 251 233 48 framhållits,
1107 255 116 37 blifva
1250 258 229 49 nödvändigt
1508 265 53 31 att
1589 261 134 37 bereda
1750 264 45 35 de

177 299 228 47 justitieråd,
447 300 124 36 hvilka
611 301 101 36 skola
751 310 153 30 närvara
945 306 11 34 i
997 306 203 49 konseljen,
1234 308 147 37 tillfälle
1408 316 52 30 att
1488 316 83 44 taga
1598 313 59 36 del
1684 314 13 35 i
1725 314 70 37 den

181 349 268 38 förberedande
477 351 225 49 behandling
724 354 100 36 inom
845 356 207 45 statsrådet,
1074 370 77 23 som
1170 358 279 49 ifrågavarande
1469 364 161 36 ärenden
1650 365 145 37 komme

181 406 54 30 att
275 401 251 37 underkastas.
584 403 55 37 Då
680 403 103 51 dylik
818 407 366 50 justitieberedning,
1226 411 62 35 vid
1329 412 150 37 hvilken
1519 415 275 38 vederbörande

180 453 406 37 revisionssekreterare
613 455 113 36 borde
750 456 194 47 föredraga
971 459 226 46 nådemålen,
1227 462 207 47 säkerligen
1462 465 118 36 skulle
1609 465 184 39 erfordras

181 504 113 35 minst
333 504 91 36 hvar
460 503 186 49 fjortonde
666 506 72 48 dag
764 508 66 35 och
858 509 135 36 kanske
1023 510 77 36 ofta
1127 511 128 49 hvarje
1284 514 122 44 vecka,
1435 515 97 36 inses
1559 517 81 44 lätt,
1668 523 53 31 att
1748 532 45 23 en

180 554 113 35 sådan
320 555 207 47 anordning
554 557 117 35 skulle
698 559 109 34 verka
835 559 204 38 hindrande
1067 562 66 35 och
1159 564 170 35 störande
1350 568 45 44 på
1414 566 140 37 arbetet
1575 570 97 34 såväl
1692 570 100 35 inom

180 605 429 50 statsrådsberedningen
638 621 77 23 som
742 609 101 36 inom
873 611 130 47 högsta
1031 612 215 38 domstolen.
1300 615 73 36 Till
1397 617 216 37 minskande
1633 619 40 36 af
1689 620 104 36 dessa

179 657 249 47 olägenheter,
470 658 95 36 hvad
604 659 131 47 högsta
767 660 207 38 domstolen
1002 667 123 43 angår,
1154 665 65 35 har
1247 666 215 50 visserligen
1491 668 219 50 föreslagits,
1739 677 54 30 att

178 707 257 49 skyldigheten
466 714 54 30 att
552 718 154 28 närvara
732 712 13 35 i
767 712 286 50 justitiekonselj
1084 715 119 36 skulle
1231 717 11 34 i
1272 716 154 38 främsta
1453 726 162 30 rummet
1644 722 147 49 åläggas

178 758 44 36 de
259 759 228 47 justitieråd,
529 760 124 36 hvilka
697 763 205 46 tjänstgöra
936 764 12 35 i
990 766 175 45 lagrådet.
1219 766 137 38 Sådant
1396 769 118 37 skulle
1555 771 91 36 dock
1674 774 116 46 enligt

179 810 77 34 min
298 810 152 48 mening
490 811 167 36 medföra
697 812 125 37 alltför
862 815 170 36 störande
1072 816 143 37 afbrott
1242 819 12 34 i
1282 820 182 47 lagrådets
1492 822 135 36 arbete.
1683 824 12 34 I
1725 825 64 35 allt

177 859 66 36 fall
272 861 104 34 torde
404 861 71 37 den
503 862 185 45 tidsvinst,
717 876 77 23 som
823 865 116 36 skulle
959 865 58 37 för
1036 867 130 48 högsta
1185 868 205 38 domstolen
1411 872 234 48 uppkomma,
1667 874 122 37 därest

177 910 70 36 den
276 910 185 37 befriades
490 912 82 36 från
601 914 226 45 nådemålen,
857 917 31 46 ej
918 916 116 37 blifva
1062 923 86 31 stor.
1203 919 86 36 Man
1321 921 105 36 torde
1455 924 188 48 nämligen
1667 926 123 35 kunna

177 966 83 43 taga
288 960 61 37 för
377 961 172 50 afgjordt,
579 969 65 40 att,
673 965 46 35 då
746 966 131 48 högsta
904 967 205 37 domstolen
1150 972 210 48 naturligen
1401 972 228 38 fortfarande
1670 976 119 36 skulle

175 1025 87 23 vara
302 1013 147 49 skyldig
489 1019 53 31 att
583 1018 44 45 på
666 1017 125 47 grund
829 1017 40 36 af
906 1020 129 35 remiss
1080 1021 11 34 i
1138 1021 173 36 särskildt
1347 1022 66 36 fall
1444 1023 140 50 afgifva
1616 1027 172 48 yttrande

175 1063 106 36 öfver
320 1064 314 50 nådeansökning,
677 1068 129 47 högsta
846 1068 205 37 domstolen
1092 1071 107 36 äfven
1240 1071 183 51 framgent
1452 1075 143 37 komme
1623 1082 53 31 att
1703 1083 86 42 taga

174 1113 212 51 befattning
431 1116 83 35 med
563 1117 44 35 de
652 1118 103 36 flesta
795 1119 179 46 nådemål,
1017 1122 141 36 hvilkas
1203 1122 199 48 afgörande
1448 1126 174 48 erbjuder
1665 1132 122 45 någon

174 1165 197 48 svårighet.
431 1166 14 35 I
473 1167 133 48 själfva
633 1170 125 35 verket
785 1170 120 36 skulle
924 1171 205 38 domstolen
1149 1174 138 36 således
1307 1176 111 35 vinna
1443 1176 171 38 befrielse
1633 1180 154 35 allenast

175 1215 81 37 från
300 1217 134 36 sådana
465 1218 180 45 nådemål,
675 1220 123 36 hvilka
825 1224 118 33 såsom
971 1223 102 36 klara
1100 1225 31 47 ej
1161 1230 84 43 taga
1273 1228 190 48 synnerlig
1489 1228 55 36 tid
1572 1230 12 34 i
1616 1226 168 57 anspråk.

309 1267 84 36 Med
434 1269 142 49 hänsyn
617 1271 58 34 till
707 1271 93 36 hvad
828 1273 66 47 jag
926 1286 48 23 nu
1007 1274 121 37 anfört
1156 1289 107 35 synes
1292 1291 83 22 man
1403 1280 30 46 ej
1465 1279 89 36 böra
1581 1280 95 36 afstå
1702 1281 84 36 från

174 1318 70 35 den
284 1318 239 50 obestridliga
562 1320 131 45 fördel,
736 1335 76 23 som
853 1324 130 48 högsta
1023 1325 222 37 domstolens
1285 1329 213 36 nuvarande
1526 1330 260 48 deltagande
1763 1314 27 68 i

174 1369 409 50 nådeansökningarnas
623 1372 225 50 behandling
879 1375 143 36 medför
1054 1378 173 35 särskildt
1266 1391 42 23 ur
1348 1381 237 48 synpunkten
1626 1382 39 36 af
1695 1384 89 35 kon-

174 1420 153 36 tinuitet
364 1422 12 34 i
417 1421 368 50 benådningsrättens
820 1425 181 49 utöfning.
1056 1428 66 35 Att
1154 1428 92 36 dock
1274 1431 11 33 i
1313 1431 96 35 vissa
1435 1432 181 49 sällsynta
1644 1434 141 36 undan-

174 1470 148 48 tagsfall
364 1472 174 48 yttrande
579 1473 103 36 öfver
721 1475 304 50 nådeansökning
1064 1479 104 36 torde
1208 1480 87 35 böra
1328 1480 157 49 afgifvas
1512 1482 40 36 af
1577 1486 208 45 regerings-

173 1527 121 30 rätten
334 1523 12 34 i
386 1524 121 35 stället
547 1523 59 37 för
645 1524 40 36 af
721 1526 129 46 högsta
890 1527 215 47 domstolen,
1134 1531 91 35 skall
1249 1532 67 48 jag
1344 1533 10 34 i
1383 1538 110 31 annat
1521 1535 264 49 sammanhang

198 1585 110 23 åvisa.

172 1585 23 34 ”
307 1624 120 35 Anser
451 1626 66 47 jag
544 1627 76 47 mig
640 1627 153 35 sålunda
812 1629 78 35 icke
909 1629 89 36 böra
1016 1631 186 49 tillstyrka
1221 1635 119 44 någon
1360 1636 183 47 väsentlig
1562 1635 222 50 förändring

172 1674 11 34 i
217 1672 105 48 fråga
362 1687 61 23 om
450 1676 132 43 högsta
609 1677 225 38 domstolens
862 1679 210 51 befattning
1100 1683 82 35 med
1210 1683 228 46 nådemålen,
1468 1692 40 29 är
1536 1685 247 39 förhållandet

171 1729 54 31 ett
244 1731 111 30 annat
382 1726 231 37 beträffande
641 1728 119 49 öfriga
787 1731 398 49 ansökningsärenden,
1214 1736 11 33 i
1254 1734 124 37 hvilka
1406 1736 128 49 högsta
1554 1737 226 38 domstolens

171 1776 164 35 hörande
375 1777 13 34 i
428 1778 180 36 särskilda
648 1778 266 51 författningar
953 1790 39 27 är
1033 1783 247 46 föreskrifvet,
1314 1788 188 47 nämligen
1529 1789 252 49 ansökningar

170 1839 58 21 om
271 1827 390 49 äktenskapsskillnad,
703 1843 79 23 som
818 1833 149 46 jämlikt
1006 1834 134 48 nådiga
1180 1834 269 50 förordningen
1489 1838 71 36 den
1603 1841 44 33 27
1686 1842 94 47 april

174 1879 95 34 1810
297 1878 155 49 beviljas
491 1879 40 36 af
568 1880 134 49 Kungl
732 1881 104 49 Maj:t
868 1884 11 34 i
913 1885 207 44 statsrådet,
1149 1888 249 48 ansökningar
1425 1888 40 36 af
1490 1903 184 34 personer,
1703 1905 77 22 som

169 1940 134 36 genom
348 1930 145 35 otrohet
533 1933 111 34 vållat
683 1933 391 49 äktenskapsskillnad,
1116 1950 60 22 om
1220 1938 167 36 tillstånd
1418 1940 151 47 jämlikt
1613 1944 42 33 13
1697 1943 80 47 kap.

172 1980 19 33 2
246 1977 23 45 $
321 1980 343 46 giftermålsbalken
704 1989 52 29 att
800 1985 87 48 ingå
931 1991 84 43 nytt
1058 1988 211 47 äktenskap,
1316 1990 246 47 ansökningar
1615 2005 59 22 om
1728 1993 56 36 lof

170 2034 54 30 att
264 2029 79 37 före
383 2032 214 48 lagstadgad
639 2034 100 35 ålder
779 2036 105 35 träda
927 2037 13 35 i
985 2038 200 49 äktenskap
1227 2037 35 47 (1
1306 2040 80 48 kap.
1431 2043 19 34 6
1492 2040 23 45 $
1556 2043 224 47 giftermåls-

169 2078 150 48 balken)
360 2088 94 29 samt
495 2082 122 50 fragor
649 2097 59 22 om
736 2086 115 35 andra
878 2087 188 48 dispenser
1095 2090 89 35 eller
1210 2091 204 44 tillåtelser,
1443 2093 125 35 hvilka
1595 2093 93 36 efter
1715 2096 66 34 all-

170 2138 134 29 männa
343 2134 108 46 lagen
492 2135 89 34 eller
621 2135 218 37 dithörande
878 2137 264 51 författningar
1181 2141 87 35 bero
1310 2145 45 45 på
1395 2142 135 47 Kungl.
1573 2143 122 48 Maj:ts
1724 2145 54 36 af-

168 2182 162 47 görande
370 2184 12 34 i
414 2185 205 36 statsrådet.
674 2185 178 51 Samtliga
879 2188 104 36 dessa
1010 2190 158 37 ärenden
1201 2199 61 28 äro
1290 2193 12 34 i
1331 2194 199 36 allmänhet
1562 2194 39 36 af
1627 2208 152 35 synner-

169 2232 98 46 ligen
308 2234 106 35 enkel
455 2240 109 31 natur
606 2236 78 45 och,
722 2238 100 35 inom
863 2239 44 35 de
948 2241 178 35 särskilda
1152 2254 222 37 grupperna,
1407 2245 146 48 mycket
1586 2246 189 37 likartade.
