1910 2784
274 165 17 29 2
627 167 286 30 Statsutskottets
930 166 177 32 utlåtande
1122 179 43 19 nr
1182 170 60 29 107
1258 170 39 30 år
1314 171 83 29 1966

315 245 39 33 h)
380 246 195 29 Kostnader
596 246 55 30 för
671 247 500 40 arbetsmarknadsstyrelsens
1194 249 363 32 förrådsverksamhet
1579 254 46 27 ett
1648 261 107 20 reser-

272 298 259 40 vationsanslag
545 309 41 20 av
603 300 14 28 1
634 299 63 30 000
714 300 66 36 kr.;

313 350 27 31 i)
371 350 232 41 Omskolning
620 362 45 19 m.
681 362 45 21 m.
743 355 48 28 ett
810 353 253 40 förslaganslag
1080 365 42 20 av
1142 356 61 29 180
1217 356 62 29 000
1294 356 62 30 000
1375 357 67 34 kr.;

311 403 32 38 j)
372 404 127 39 Bidrag
523 406 51 28 till
598 405 227 31 anordnande
850 417 41 19 av
915 407 202 30 verkstäder
1143 409 54 29 för
1223 410 268 39 handikappade
1517 414 48 27 ett
1591 412 162 40 förslags-

271 457 120 39 anslag
405 467 42 20 av
462 459 18 29 3
495 458 61 29 000
571 459 64 29 000
650 459 68 35 kr.;

312 509 39 33 k)
377 510 128 39 Bidrag
526 512 51 28 till
600 512 131 30 driften
754 522 41 20 av
816 513 201 30 verkstäder
1040 514 53 29 för
1116 515 270 40 handikappade
1409 519 48 27 ett
1480 517 273 41 förslagsanslag

270 572 42 20 av
328 564 38 29 18
380 563 63 30 000
457 564 63 30 000
535 565 50 29 kr.

312 669 160 29 Därefter
496 670 63 29 har
583 671 127 39 Kungl.
736 672 104 39 Maj:t
865 673 9 29 i
899 673 262 39 propositionen
1187 684 41 20 nr
1253 676 52 33 52,
1329 676 112 36 under
1467 677 218 40 åberopande
1709 689 43 20 av

269 721 105 39 bilagt
399 722 125 40 utdrag
547 734 43 19 av
615 724 382 39 statsrådsprotokollet
1022 727 79 29 över
1127 728 286 31 inrikesärenden
1441 730 53 29 för
1520 731 67 29 den
1613 732 18 28 4
1658 741 93 21 mars

272 775 91 35 1966,
381 776 178 40 föreslagit
573 777 190 40 riksdagen
778 781 49 27 att

314 828 33 32 1)
371 829 186 38 godkänna
576 840 42 19 av
637 830 385 39 departementschefen
1043 832 184 32 förordade
1246 835 177 40 riktlinjer
1444 836 53 30 för
1518 837 233 31 arbetsmark-

269 882 273 39 nadspolitiken;

312 934 17 28 2
349 935 35 32 a)
407 935 208 40 bemyndiga
634 937 126 39 Kungl.
779 938 104 39 Maj:t
901 941 50 27 att
970 939 109 30 ändra
1097 941 431 41 personalförteckningen
1548 944 54 29 för
1621 945 129 30 arbets-

268 987 361 39 marknadsstyrelsen
647 990 10 28 i
676 991 152 38 enlighet
844 992 79 29 med
940 993 67 29 vad
1024 993 11 29 i
1053 994 382 39 statsrådsprotokollet
1454 992 211 48 föreslagits;

309 1040 37 33 b)
374 1041 185 38 godkänna
581 1052 42 20 av
645 1042 385 38 departementschefen
1054 1045 191 31 förordnad
1268 1048 252 40 avlöningsstat
1544 1050 53 29 för
1621 1051 128 30 arbets-

267 1093 372 40 marknadsstyrelsen,
660 1098 51 27 att
730 1096 174 40 tillämpas
924 1099 71 29 tills
1014 1099 117 30 vidare
1150 1100 43 29 fr.
1206 1110 29 20 o.
1249 1110 45 20 m.
1314 1101 203 40 budgetåret
1539 1103 163 36 1966/67;

310 1147 33 32 c)
364 1147 51 29 till
431 1147 505 42 Arbetsmarknadsstyrelsen:
954 1152 212 40 Avlöningar
1183 1154 54 29 för
1252 1154 204 40 budgetåret
1474 1156 147 36 1966/67
1640 1158 109 30 under

266 1199 81 29 elfte
362 1200 222 30 huvudtiteln
599 1202 123 30 anvisa
736 1205 48 27 ett
797 1204 274 41 förslagsanslag
1085 1216 42 19 av
1144 1206 39 29 14
1197 1207 62 30 822
1274 1207 64 30 000
1352 1209 66 34 kr.;

309 1252 37 33 d)
380 1253 51 29 till
459 1254 506 41 Arbetsmarknadsstyrelsen:
997 1258 258 31 Omkostnader
1284 1261 53 29 för
1366 1262 203 39 budgetåret
1601 1264 146 36 1966/67

269 1305 107 29 under
391 1307 83 30 elfte
488 1307 224 31 huvudtiteln
727 1310 119 30 anvisa
860 1312 49 28 ett
923 1311 275 41 förslagsanslag
1213 1323 42 20 av
1270 1314 19 29 4
1302 1314 62 30 460
1379 1315 62 29 000
1458 1316 66 34 kr.;

309 1359 18 29 3
346 1360 35 32 a)
404 1359 208 41 bemyndiga
631 1361 127 40 Kungl.
778 1363 103 39 Maj:t
898 1366 52 28 att
968 1365 109 30 ändra
1095 1367 430 41 personalförteckningen
1546 1370 54 29 för
1619 1371 129 30 arbets-

266 1411 253 40 förmedlingen
535 1414 11 29 i
563 1415 153 38 enlighet
734 1417 78 29 med
829 1417 65 29 vad
911 1418 10 28 i
940 1418 383 40 statsrådsprotokollet
1341 1418 211 48 föreslagits;

308 1464 37 34 b)
367 1465 187 39 godkänna
570 1477 43 20 av
629 1468 387 39 departementschefen
1033 1472 166 30 förordad
1217 1474 253 40 avlöningsstat
1489 1476 53 29 för
1561 1477 186 30 arbetsför-

265 1517 207 40 medlingen,
490 1521 50 28 att
557 1520 178 40 tillämpas
754 1523 70 29 tills
841 1523 118 31 vidare
978 1524 42 29 fr.
1034 1534 29 20 o.
1077 1534 45 20 m.
1140 1526 206 39 budgetåret
1366 1528 163 36 1966/67;

308 1571 33 33 c)
363 1572 51 29 till
431 1572 398 42 Arbetsförmedlingen:
848 1576 212 40 Avlöningar
1077 1578 54 30 för
1147 1579 205 40 budgetåret
1371 1581 147 36 1966/67
1537 1583 110 30 under
1665 1584 81 30 elfte

264 1623 222 32 huvudtiteln
501 1627 120 30 anvisa
635 1629 50 29 ett
700 1628 273 42 förslagsanslag
987 1641 43 20 av
1045 1632 39 29 72
1095 1632 63 30 240
1172 1632 63 30 000
1251 1633 67 36 kr.;

306 1677 37 33 d)
372 1678 51 29 till
448 1678 396 42 Arbetsförmedlingen:
871 1682 258 32 Omkostnader
1154 1686 54 29 för
1232 1686 204 40 budgetåret
1462 1688 147 37 1966/67
1636 1691 109 30 under

262 1731 81 30 elfte
362 1732 222 31 huvudtiteln
603 1735 125 29 anvisa
745 1737 48 28 ett
813 1736 273 41 förslagsanslag
1104 1748 43 20 av
1167 1739 39 29 18
1221 1739 62 30 970
1298 1740 62 30 000
1380 1741 68 35 kr.;

305 1783 36 34 4)
368 1784 51 29 till
442 1784 187 32 Allmänna
651 1786 357 42 beredskapsarbeten
1031 1800 44 20 m.
1089 1801 45 20 m.
1154 1792 58 30 för
1234 1793 203 39 budgetåret
1463 1795 147 36 1966/67
1635 1798 110 29 under

262 1836 81 30 elfte
359 1837 221 31 huvudtiteln
597 1840 123 30 anvisa
737 1843 47 28 ett
799 1843 356 41 reservationsanslag
1171 1855 43 20 av
1230 1846 65 30 400
1308 1846 61 30 000
1384 1848 62 29 000
1464 1848 67 36 kr.;
1552 1849 107 31 därav
1672 1851 69 32 för-

261 1889 143 38 slagsvis
424 1890 63 29 200
501 1891 62 30 000
577 1892 63 30 000
660 1894 52 30 kr.
733 1896 50 28 att
801 1895 172 31 avräknas
993 1900 72 27 mot
1084 1899 463 38 automobilskattemedlen;

304 1943 36 31 93)
360 1943 52 29 till
426 1944 101 30 Vissa
543 1946 487 42 sysselsättningsfrämjande
1046 1951 159 39 åtgärder
1221 1953 54 29 för
1291 1953 269 41 handikappade
1575 1965 46 20 m.
1636 1957 36 29 fl.
1689 1958 54 29 för

260 1995 202 38 budgetåret
483 1998 146 35 1966/67
650 2000 112 29 under
779 2001 82 30 elfte
880 2001 222 32 huvudtiteln
1121 2005 121 30 anvisa
1261 2008 48 27 ett
1327 2008 356 41 reservationsanslag
1701 2020 42 20 av

262 2050 59 29 155
336 2050 62 30 000
413 2051 63 30 000
498 2052 62 34 'kr.,
582 2053 107 29 därav
712 2053 201 41 förslagsvis
934 2056 41 30 30
990 2057 62 29 000
1067 2057 62 31 000
1151 2059 52 29 kr.
1226 2061 50 28 att
1297 2061 173 29 avräknas
1493 2065 72 27 mot
1586 2065 156 28 automo-

259 2102 318 38 bilskattemedlen;

302 2155 35 33 6)
366 2156 51 29 till
441 2156 451 43 Förläggningsbyggnader
916 2172 45 19 m.
975 2172 45 21 m.
1041 2164 57 29 för
1122 2164 204 40 budgetåret
1352 2167 147 36 1966/67
1525 2169 110 30 under
1660 2171 82 30 elfte

259 2208 222 31 huvudtiteln
496 2212 120 30 anvisa
629 2215 51 27 ett
696 2213 272 42 förslagsanslag
983 2226 43 20 av
1040 2217 40 30 26
1094 2218 62 29 000
1171 2218 62 30 000
1250 2219 66 35 kr.;

302 2264 34 32 7)
371 2265 51 29 till
453 2265 195 31 Kostnader
679 2267 55 29 för
764 2267 499 42 arbetsmarknadsstyrelsens
1294 2273 362 32 förrådsverksamhet
1687 2276 54 30 för

257 2316 202 39 budgetåret
481 2318 146 36 1966/67
648 2320 112 29 under
777 2321 81 30 elfte
877 2321 222 31 huvudtiteln
1118 2324 121 31 anvisa
1258 2327 48 28 ett
1324 2328 355 41 reservationsanslag
1698 2340 41 19 av

260 2371 13 28 1
290 2371 61 29 000
367 2372 67 34 kr.;

299 2423 35 33 8)
360 2424 51 29 till
433 2424 232 41 Omskolning
686 2435 45 21 m.
746 2436 44 21 m.
812 2428 53 29 för
885 2428 203 40 budgetåret
1111 2430 148 37 1966/67
1283 2433 109 30 under
1414 2434 81 30 elfte
1516 2435 220 31 huvudtiteln

256 2477 120 29 anvisa
391 2479 48 28 ett
454 2478 274 42 förslagsanslag
743 2490 42 20 av
802 2481 60 30 180
875 2481 64 30 000
950 2483 63 30 000
1028 2483 67 35 kr.;
