1910 2822
587 130 259 29 Statsutskottets
863 128 162 30 utlåtande
1045 128 47 28 Nr
1118 131 67 32 148.
1617 126 19 29 3

171 220 198 33 Prästernas
392 217 258 39 dyrtidstillägg
672 221 36 26 är
731 216 36 31 så
789 217 136 36 avvägt,
949 217 51 28 att
1021 211 220 40 procenttalet
1263 211 52 31 för
1338 208 294 39 dyrtidstillägget

129 270 178 33 beräknats
332 270 94 37 ligga
450 273 49 27 tre
523 267 132 32 enheter
678 266 104 32 under
805 264 219 39 procenttalet
1052 263 50 31 för
1127 262 54 32 det
1206 260 133 38 tillägg,
1363 271 68 20 som
1457 257 175 39 samtidigt

130 322 100 37 utgår
256 320 52 33 till
337 319 288 37 statstjänstemän
653 317 70 31 med
751 315 190 38 oreglerade
969 314 100 32 löner.
1123 312 73 32 Med
1224 312 129 36 hänsyn
1379 309 117 32 härtill
1523 308 108 31 skulle

132 374 189 36 prästernas
351 368 259 40 dyrtidstillägg
638 368 52 30 för
718 365 289 34 ecklesiastikåret
1036 363 214 32 1928—1929
1280 361 78 31 böra
1387 359 163 32 beräknas
1577 358 54 31 till

130 422 40 31 32
189 424 135 35 procent
341 420 80 32 eller
439 419 53 32 till
511 430 125 21 samma
654 416 186 39 procenttal
859 427 68 21 som
949 415 52 31 för
1019 412 222 34 innevarande
1259 409 264 34 ecklesiastikår.
1554 407 77 33 Lik-

131 484 68 20 som
231 471 144 38 tidigare
406 470 99 32 borde
538 467 216 38 föreskrivas,
786 469 51 28 att
867 466 106 31 denna
1004 462 228 33 bestämmelse
1266 460 108 32 skulle
1406 459 92 38 gälla
1528 458 105 32 under

131 520 289 33 ecklesiastikåret
447 518 216 33 1928—1929
689 516 71 32 tills
787 515 115 32 vidare
929 515 59 31 och
1017 513 88 32 intill
1133 512 74 32 dess
1234 510 128 38 Kungl.
1389 508 102 37 Maj:t
1516 519 116 20 annor-

130 571 103 32 hinda
251 569 211 33 förordnade.

175 620 137 33 Jämväl
331 620 11 31 i
362 619 112 38 övrigt
493 617 137 32 innebär
650 616 127 38 Kungl.
798 615 126 39 Maj:ts
939 613 130 38 förslag
1088 612 73 32 icke
1180 612 107 36 någon
1308 609 143 37 ändring
1471 620 41 19 av
1533 608 37 31 de
1590 619 44 19 nu

133 672 52 31 för
204 668 258 41 dyrtidstillägg
481 669 35 32 åt
532 670 172 37 prästmän
723 665 157 40 gällande
898 664 157 39 grunder.

176 720 49 32 På
244 724 68 29 sätt
331 720 152 38 framgår
502 731 42 20 av
562 715 368 40 statsrådsprotokollet
948 715 129 32 lämnar
1094 711 236 40 kyrkofonden
1347 709 147 38 tillgång
1511 707 54 33 till
1583 707 51 32 be-

133 771 170 32 stridande
321 783 42 20 av
380 770 39 32 de
434 769 155 40 utgifter,
608 780 67 21 som
692 767 153 38 betingas
862 778 41 21 av
920 764 129 39 Kungl.
1067 763 119 38 Maj:ts
1205 761 140 38 förslag.

176 854 182 39 Utskottet,
380 866 69 20 som
470 853 31 38 ej
524 852 112 32 funnit
657 851 180 38 anledning
857 849 54 33 till
932 848 132 33 erinran
1085 850 69 29 mot
1175 845 174 38 förslaget,
1370 838 202 48 hemställer,

486 923 51 29 att
554 919 179 38 riksdagen
750 918 54 31 må

486 969 37 39 a)
552 969 176 39 godkänna
746 968 39 32 de
802 979 42 22 av
861 963 363 42 departementschefen
1239 963 11 31 i
1267 959 369 40 statsrådsprotokollet

443 1027 77 27 över
535 1018 358 35 ecklesiastikärenden
908 1017 62 33 den
986 1018 39 30 17
1042 1014 150 33 februari
1207 1014 84 32 1928
1306 1010 178 34 förordade
1497 1009 138 33 allmän-

442 1084 43 20 na
507 1070 189 40 grunderna
720 1070 54 31 för
795 1067 189 38 beviljande
1007 1078 42 20 av
1071 1063 258 41 dyrtidstillägg
1351 1061 105 33 under
1478 1059 157 33 'ecklesia-

444 1122 141 33 stikåret
605 1120 217 33 1928—1929
840 1118 54 33 till
912 1118 38 33 de
967 1119 184 37 prästmän,
1169 1126 69 21 som
1256 1114 112 31 finnas
1386 1110 221 34 omförmälda
1624 1110 13 31 i

443 1173 98 38 lagen
562 1173 61 32 den
646 1172 40 32 30
707 1170 137 38 augusti
866 1170 85 31 1918
977 1166 57 41 (nr
1056 1165 80 40 724)
1163 1164 170 39 angående
1351 1159 285 42 krigstidsunder-

444 1224 73 32 stöd
544 1224 35 32 åt
605 1225 131 36 präster
759 1221 11 31 i
795 1219 219 39 nyreglerade
1028 1219 153 37 pastorat
1193 1218 86 30 samt
1291 1215 35 32 åt
1338 1213 92 33 vissa
1443 1215 94 29 extra
1550 1210 85 34 ordi-

444 1274 92 32 narie
550 1276 131 36 präster
696 1272 59 32 och
771 1270 202 33 innehavare
989 1281 42 20 av
1045 1266 204 41 prästerliga
1263 1263 233 38 emeritilöner,
1510 1262 12 32 1
1537 1262 100 38 lagen

445 1325 61 32 den
535 1325 39 31 19
601 1322 175 33 november
804 1322 85 31 1920
922 1318 56 41 (nr
1005 1317 80 40 844)
1117 1315 171 40 angående
1316 1312 259 41 dyrtidstillägg
1602 1312 36 31 åt

442 1373 311 38 kontraktsprostar
774 1374 86 29 samt
877 1371 12 31 i
908 1370 99 38 lagen
1027 1369 61 32 den
1110 1369 39 30 21
1172 1365 174 33 november
1366 1364 84 32 1925
1476 1361 56 41 (nr
1550 1359 81 41 455)

444 1424 170 39 angående
630 1421 167 34 särskilda
813 1420 200 38 lönetillägg
1033 1413 330 45 (ödebygdstillägg)
1383 1414 58 32 vid
1456 1412 92 33 vissa
1562 1416 74 34 prä-

445 1475 139 38 sterliga
600 1473 231 37 befattningar
845 1472 88 31 inom
952 1468 218 34 Härnösands
1188 1467 60 32 och
1264 1466 106 32 Luleå
1386 1464 88 40 stift,

487 1523 38 40 b)
554 1523 201 39 bemyndiga
778 1521 129 39 Kungl.
929 1520 102 38 Maj:t
1050 1522 62 37 att,
1134 1519 112 32 därest
1267 1517 55 32 det
1343 1515 49 33 tal
1412 1515 54 32 för
1487 1509 149 47 levnads-

443 1574 339 38 kostnadsökningen,
817 1573 12 31 i
867 1571 210 33 förhållande
1113 1568 117 34 vartill
1267 1566 370 38 statstjänstemännens

446 1625 257 41 dyrtidstillägg
718 1624 112 38 utgår,
847 1622 67 33 blir
930 1621 141 33 föremål
1088 1620 54 32 för
1159 1618 152 39 ändring,
1330 1616 169 39 förordna,
1517 1618 51 30 att
1583 1614 55 33 det

444 1677 54 32 till
519 1677 38 32 de
577 1677 12 31 i
609 1675 106 38 tjänst
733 1674 147 32 varande
901 1675 236 37 prästmännen
1159 1668 164 40 utgående
1346 1665 291 41 dyrtidstillägget

446 1727 87 33 skall
555 1726 148 38 undergå
727 1724 112 39 skälig
860 1722 186 40 jämkning.

179 1804 191 34 Stockholm
392 1804 62 33 den
477 1804 41 31 18
538 1802 66 38 maj
628 1802 94 31 1928.

634 1876 49 33 På
703 1874 270 35 statsutskottets
994 1878 144 34 vägnar:

650 1951 33 34 S.
706 1952 44 32 H.
774 1947 353 36 KVARNZELIUS.

218 2074 62 28 Vid
303 2072 197 30 förestående
521 2070 128 29 ärendes
671 2067 257 34 slutbehandling
948 2067 85 28 inom
1055 2065 155 28 utskottet
1229 2063 79 29 hava
1328 2062 157 29 närvarit:

178 2116 72 29 från
281 2115 151 29 första
463 2114 194 28 kammaren:
679 2111 110 29 herrar
810 2110 31 29 S.
865 2110 42 28 H.
929 2107 218 36 Kvarnzelius,
1171 2106 73 35 Olof
1267 2105 120 32 Olsson,
1410 2104 30 28 J.
1463 2103 34 29 L.
1522 2102 120 32 Widell,

138 2158 32 31 J.
193 2159 129 29 Nilsson
344 2159 10 27 i
376 2157 126 32 Malmö,
527 2156 33 29 O.
584 2154 175 35 Bergqvist,
782 2154 35 28 E.
839 2154 37 27 A.
899 2151 124 33 Hallin,
1044 2151 34 29 C.
1099 2150 26 29 I.
1147 2149 154 35 Asplund,
1321 2147 31 29 J.
1375 2147 35 28 B.
1430 2146 179 29 Johansson
1630 2145 11 28 i

138 2200 237 34 Fredrikslund,
396 2200 34 29 C.
450 2199 177 28 Johansson
649 2199 10 27 i
681 2196 225 34 Hälsingborg,
928 2195 39 28 K.
987 2195 36 28 E.
1045 2193 178 29 Andersson
1246 2193 9 27 i
1275 2191 179 34 Eliantorp,
1476 2189 40 28 K.
1536 2189 37 27 4.
1592 2183 49 44 WW.

138 2245 115 34 Björck
275 2244 56 29 och
351 2244 39 28 D.
412 2242 147 34 Hansén;

179 2287 73 28 från
289 2286 137 29 andra
460 2286 194 27 kammaren:
679 2284 110 27 herrar
813 2282 36 28 4.
874 2280 165 29 Anderson
1065 2280 10 27 i
1100 2278 145 33 Råstock,
1272 2277 39 29 K.
1339 2276 33 28 V.
1400 2274 120 35 Bydén,
1544 2274 34 29 C.
1604 2274 37 28 RB.

138 2328 137 30 Jansson
293 2331 11 27 i
324 2328 113 35 Falun,
456 2328 35 29 P.
512 2326 128 30 Nilsson
663 2326 5 28 i
688 2326 136 33 Bonarp,
843 2324 32 29 S.
895 2324 176 34 Bengtsson
1088 2323 10 27 i
1118 2322 121 33 Norup,
1257 2320 32 28 L.
1308 2319 31 29 J.
1358 2317 283 30 Carlsson-Froste-

138 2372 71 33 rud,
231 2373 34 28 P.
289 2372 42 29 M.
356 2371 111 29 Olsson
492 2372 10 27 i
524 2370 163 34 Blädinge,
714 2368 33 29 0.
772 2368 112 29 Olsson
907 2367 11 27 i
941 2366 292 33 Kullenbergstorp,
1257 2363 37 29 A.
1316 2360 99 31 Å:son
1438 2359 168 30 Törnkvist
1631 2360 9 27 i

138 2413 205 36 Karlskrona,
364 2414 36 29 E.
423 2413 205 29 Kristensson
648 2413 11 27 i
679 2411 167 34 Göteborg,
868 2410 30 28 S.
919 2410 133 28 Persson
1074 2408 10 28 i
1105 2407 129 34 Fritorp
1257 2406 55 29 och
1333 2404 34 30 C.
1390 2404 36 28 4.
1448 2403 164 29 Anderson
1631 2403 9 30 i

140 2454 217 45 Storegården,
860 2467 3 1 :
