1882 2784
426 158 124 39 Tredje
568 156 246 41 lagutskottets
833 155 179 30 utlåtande
1029 164 43 20 nr
1088 155 40 29 27
1146 154 40 30 år
1204 154 84 29 1963
1571 152 38 30 217

150 243 182 40 Lagrådet.
355 242 116 39 Enligt
493 241 293 39 remissförslaget
809 240 64 30 har
896 240 66 29 den
985 249 68 29 nya
1075 239 119 39 lagens
1216 236 245 40 tillämplighet
1483 235 128 30 beträf-

106 294 108 30 fande
236 294 224 39 gravplatser,
485 301 74 21 som
583 291 170 40 upplåtits
775 290 75 30 före
873 291 118 39 lagens
1014 288 293 34 ikraftträdande,
1329 287 206 30 inskränkts
1558 285 53 30 till

109 344 223 40 upplåtelser,
350 344 43 39 på
410 343 95 30 vilka
525 342 82 30 1916
625 342 58 30 års
700 342 55 39 lag
772 342 58 38 ägt
847 340 234 39 tillämpning.
1098 340 74 39 Nya
1190 339 100 39 lagen
1309 338 88 30 skall
1415 336 103 31 alltså
1535 336 76 29 icke

107 395 92 40 gälla
218 413 44 4 —
282 394 154 30 förutom
457 392 222 31 beträffande
701 400 124 31 gravar
846 391 11 30 i
879 391 122 40 kyrka,
1024 391 55 29 för
1099 390 96 29 vilka
1218 388 83 30 1783
1322 388 57 30 års
1402 387 210 39 författning

109 445 219 30 fortfarande
349 445 39 29 är
409 444 187 39 tillämplig
615 461 45 4 —
680 443 11 29 i
714 442 99 40 fråga
834 451 57 20 om
915 441 131 31 sådana
1068 440 95 30 äldre
1186 448 133 32 gravar,
1343 448 75 20 som
1439 439 90 29 hava
1551 437 61 29 ka-

106 496 167 30 raktären
291 505 42 20 av
350 495 257 39 allmängravar
624 494 83 30 eller
726 502 74 21 som
819 492 169 40 upplåtits
1006 492 96 29 inom
1121 490 138 31 enskild
1276 488 335 41 begravningsplats.

110 547 117 39 Enligt
251 546 174 40 lagrådets
449 545 142 39 mening
615 545 39 29 är
679 544 56 30 det
760 543 179 35 önskvärt,
964 544 50 28 att
1039 542 66 29 den
1130 540 203 31 nuvarande
1358 539 255 40 kategoriklyv-

109 597 140 40 ningen,
273 597 38 30 så
334 597 95 39 långt
453 596 51 39 sig
527 596 83 39 göra
632 594 98 34 låter,
754 594 179 39 upphäves
956 593 88 29 även
1067 591 221 31 beträffande
1311 590 183 39 befintliga
1516 597 98 31 grav-

110 648 141 40 platser.
275 647 110 40 Något
408 646 124 30 hinder
555 648 73 27 mot
652 647 51 28 att
726 645 66 29 den
816 653 69 30 nya
908 644 100 39 lagen
1031 644 11 28 i
1065 642 208 39 tillämpliga
1297 641 96 29 delar
1417 639 196 31 utsträckes

110 700 51 28 att
182 698 149 30 omfatta
351 697 257 39 allmängravar
630 696 71 29 kan
722 695 30 40 ej
778 704 102 20 anses
903 693 176 40 föreligga.
1102 692 74 31 Vad
1199 691 107 40 angår
1327 691 95 30 äldre
1444 689 170 41 upplåtel-

110 758 56 21 ser
185 749 94 29 inom
300 747 160 32 enskilda
479 746 363 41 begravningsplatser
862 745 63 29 bör
944 743 274 40 uppenbarligen
1240 742 162 29 förbudet
1422 743 72 28 mot
1514 742 100 37 pant-

112 800 155 39 sättning
285 799 65 30 och
369 798 200 39 utmätning
588 797 90 40 gälla
696 797 87 29 även
802 794 222 31 beträffande
1044 794 112 30 dessa.
1177 793 58 30 Att
1255 792 71 30 låta
1345 792 125 39 Kungl.
1490 791 125 39 Maj:ts

110 849 207 40 befogenhet
338 849 107 39 enligt
469 848 38 30 14
530 848 15 37 8
569 848 112 29 andra
702 847 134 39 stycket
858 846 11 29 i
891 844 293 40 remissförslaget
1206 843 160 40 utvidgas
1388 842 52 30 till
1462 844 50 28 att
1534 850 80 21 avse

110 901 132 40 jämväl
263 900 95 30 äldre
378 899 213 40 upplåtelser
613 907 102 30 synes
735 897 77 30 icke
832 906 84 20 vara
936 895 137 30 förenat
1094 895 79 29 med
1194 894 108 39 några
1322 892 218 41 principiella
1560 892 56 29 be-

110 951 244 39 tänkligheter.
373 950 52 29 Av
442 949 150 30 anförda
610 948 76 31 skäl
706 947 147 30 föreslår
871 946 166 40 lagrådet,
1056 948 50 27 att
1125 944 266 40 ifrågavarande
1410 942 205 40 övergångs-

111 1001 244 30 bestämmelse
380 1019 45 3 —
450 1000 11 29 i
488 998 237 40 huvudsaklig
751 996 348 32 överensstämmelse
1127 995 80 31 med
1234 994 381 39 utredningsmannens

113 1052 131 39 förslag
263 1070 45 3 —
327 1051 149 30 erhåller
496 1049 158 40 följande
675 1049 145 39 lydelse:
844 1049 75 29 Den
940 1056 68 30 nya
1028 1047 100 39 lagen
1151 1046 89 30 skall
1261 1045 11 29 i
1293 1044 207 39 tillämpliga
1521 1043 96 30 delar

112 1102 106 30 lända
237 1102 52 30 till
308 1101 232 31 efterrättelse
559 1101 87 29 även
665 1098 223 31 beträffande
907 1097 183 39 befintliga
1109 1095 362 41 begravningsplatser
1490 1094 65 30 och
1576 1093 41 30 de

112 1153 212 39 upplåtelser
346 1161 42 21 av
410 1151 215 40 gravplatser
648 1159 74 21 som
746 1149 92 30 skett
861 1148 74 30 före
958 1148 118 39 lagens
1099 1145 291 34 ikraftträdande,
1414 1145 89 30 dock
1526 1144 90 30 skall

114 1204 67 29 den
200 1213 69 30 nya
288 1203 99 39 lagen
407 1202 76 30 icke
503 1201 161 30 medföra
683 1199 259 39 inskränkning
961 1198 11 29 i
993 1198 67 30 den
1080 1198 80 34 rätt,
1182 1206 75 21 som
1276 1196 58 30 vid
1354 1196 119 39 lagens
1493 1194 125 31 ikraft-

112 1254 169 30 trädande
299 1253 143 40 jämlikt
462 1252 95 30 äldre
579 1251 252 39 författningar
850 1249 58 30 må
928 1248 198 31 tillkomma
1146 1247 211 30 innehavare
1378 1255 42 20 av
1441 1245 176 40 gravplats

114 1304 11 30 i
145 1304 122 40 kyrka.

161 1403 418 41 Lagrådsgranskningen
603 1401 203 31 föranledde
830 1401 175 39 därjämte
1029 1399 158 39 följande
1212 1398 180 30 uttalande
1417 1406 57 20 om
1500 1397 119 38 lagens

117 1454 193 39 legislativa
328 1455 115 29 natur.

160 1503 287 41 Regeringsrådet
469 1503 201 38 Holmgren.
694 1501 12 30 I
730 1501 124 39 frågan
877 1499 175 31 huruvida
1075 1499 66 30 den
1164 1498 199 39 föreslagna
1385 1496 235 41 lagstiftning-

115 1564 44 21 en
184 1555 88 30 skall
294 1563 84 21 vara
401 1563 42 20 av
466 1553 189 40 kyrkolags
678 1554 105 27 natur
807 1552 64 28 har
895 1549 386 40 departementschefen
1304 1548 141 34 erinrat,
1470 1549 50 27 att
1545 1546 76 30 stif-

115 1605 121 30 tandet
252 1614 42 20 av
312 1604 82 30 1916
410 1604 57 30 års
484 1604 55 39 lag
554 1612 58 23 om
629 1602 257 40 nyttjanderätt
902 1601 52 30 till
971 1600 176 40 gravplats
1165 1599 129 31 skedde
1311 1599 10 29 i
1338 1598 66 30 den
1422 1597 54 30 för
1492 1597 128 39 kyrko-

116 1656 55 39 lag
194 1655 163 40 stadgade
380 1654 193 39 ordningen
596 1654 65 29 och
683 1655 51 27 att
756 1652 115 30 denna
892 1651 150 39 ordning
1061 1650 132 40 jämväl
1216 1649 152 39 iakttogs
1390 1648 57 30 vid
1470 1657 42 21 en
1535 1647 85 30 änd-

117 1706 78 39 ring
212 1706 11 29 i
241 1706 100 39 lagen
359 1705 39 31 år
419 1705 79 29 1921
526 1704 105 34 (efter
649 1703 117 30 vilken
785 1702 167 40 tidpunkt
971 1702 100 39 lagen
1089 1701 30 39 ej
1142 1700 199 40 ytterligare
1360 1698 177 34 ändrats).
1557 1698 64 29 De-

117 1755 342 41 partementschefen
483 1756 65 29 har
572 1753 193 31 emellertid
790 1752 150 31 kommit
964 1752 52 30 till
1041 1752 67 29 den
1134 1752 190 29 slutsatsen
1349 1751 50 28 att
1424 1748 197 31 remissför-

118 1807 109 39 slaget
247 1806 75 30 icke
343 1806 70 29 kan
434 1815 101 20 anses
555 1814 84 20 vara
659 1813 42 20 av
721 1803 189 40 kyrkolags
931 1805 105 26 natur
1056 1802 66 29 och
1141 1802 53 29 till
1216 1800 77 30 stöd
1314 1799 121 30 härför
1456 1799 165 38 åberopat

115 1875 45 3 —
176 1857 153 29 förutom
346 1858 49 28 ett
412 1855 180 30 uttalande
609 1864 42 20 av
667 1852 450 41 kyrkomöteskommittén,
1133 1861 80 20 vars
1230 1850 230 33 betänkande,
1477 1849 45 39 på
1539 1849 82 29 den-

118 1916 46 20 na
181 1907 112 39 punkt
310 1907 30 39 ej
360 1906 177 39 enhälligt,
554 1905 76 30 icke
648 1904 166 30 föranlett
831 1902 220 41 lagstiftning
1066 1920 44 3 —
1126 1901 44 29 bl.
1188 1911 30 19 a.
1235 1901 44 38 på
1297 1909 120 21 senare
1434 1900 38 29 år
1490 1899 133 30 skedda

118 1957 247 39 förändringar
392 1956 11 29 i
430 1955 209 30 hithörande
668 1952 426 34 samhällsförhållanden,
1124 1951 148 30 sålunda
1300 1953 49 27 att
1376 1949 246 40 begravnings-

118 2008 131 39 platser
271 2016 147 20 numera
440 2006 179 30 användas
641 2005 87 29 även
751 2004 54 30 för
827 2003 212 40 begravning
1061 2003 10 28 i
1095 2011 117 20 annan
1235 2001 148 38 ordning
1405 2001 44 28 än
1473 2000 149 30 svenska

121 2058 156 38 kyrkans
303 2059 90 28 samt
418 2059 50 27 alt
492 2057 101 29 dessa
618 2056 131 39 platser
773 2054 113 30 oftare
911 2054 44 29 än
981 2053 73 29 förr
1079 2053 60 29 äro
1164 2051 213 40 geografiskt
1403 2050 114 30 skilda
1543 2049 80 30 från

121 2107 360 40 kyrkobyggnaderna
504 2107 65 29 och
594 2106 10 29 i
629 2106 93 29 vissa
747 2105 61 29 fall
833 2105 86 28 höra
943 2104 111 29 under
1079 2103 66 29 den
1170 2102 193 39 borgerliga
1388 2101 235 29 kommunens

120 2167 136 20 ansvar.

167 2206 135 40 Frågan
321 2206 174 31 huruvida
515 2206 198 38 föreslagna
732 2203 320 40 lagbestämmelser
1071 2203 60 28 äro
1151 2212 41 19 av
1212 2202 187 38 kyrkolags
1418 2203 105 27 natur
1542 2201 83 28 eller

121 2257 32 38 ej
177 2257 38 29 är
236 2266 72 20 som
329 2256 129 30 bekant
478 2257 73 29 ofta
572 2255 139 39 mycket
732 2253 239 31 svårbedömd.
992 2254 90 29 Både
1102 2251 447 38 kyrkomöteskommitténs
1570 2251 55 29 be-

125 2306 176 30 tänkande
318 2307 64 29 och
398 2306 211 38 yttrandena
623 2306 147 28 häröver
786 2305 83 29 bära
885 2303 213 30 vittnesbörd
1115 2303 130 29 därom.
1263 2302 12 28 I
1293 2302 59 29 fall
1370 2301 61 29 där
1448 2301 92 30 olika
1557 2310 68 20 me-

124 2357 124 38 ningar
272 2356 84 29 råda
380 2355 59 30 vill
464 2356 56 29 det
545 2354 193 31 emellertid
765 2363 104 30 synas
895 2352 292 39 ändamålsenligt
1212 2353 61 32 att,
1298 2351 43 30 då
1365 2351 112 29 under
1502 2359 121 20 senare

124 2407 50 29 tid
196 2406 206 39 spörsmålet
423 2405 170 40 kyrkolag
613 2405 83 29 eller
717 2404 75 30 icke
814 2403 171 40 kyrkolag
1005 2412 42 20 av
1068 2402 157 39 regering
1246 2402 64 29 och
1332 2401 141 38 riksdag
1494 2402 131 37 otvety-

124 2457 73 39 digt
220 2456 157 30 bedömts
401 2456 10 29 i
435 2456 70 29 viss
530 2454 167 40 riktning,
721 2454 66 30 den
812 2453 149 30 sålunda
984 2452 143 39 intagna
1152 2451 262 39 ståndpunkten
1440 2450 74 30 icke
1539 2452 84 27 utan
