1884 2782
284 144 37 32 18
602 145 123 40 Tredje
743 146 246 39 lagutskottets
1007 149 180 30 utlåtande
1203 159 43 20 nr
1261 151 41 29 27
1319 151 40 29 år
1377 152 84 29 1963

282 227 148 30 lemmar
451 228 39 29 är
511 229 296 31 mantalsskrivna
831 231 88 30 skall
943 232 44 30 ha
1010 235 50 27 att
1083 233 96 40 sörja
1201 234 55 30 för
1278 237 50 28 att
1351 236 68 29 den
1441 237 178 30 allmänna
1641 237 140 41 begrav-

282 277 240 40 ningsplatsen
541 278 54 30 får
613 279 108 30 sådan
739 280 214 41 omfattning
970 284 50 28 att
1038 283 87 30 även
1143 284 67 30 den
1227 285 75 30 icke
1322 286 220 31 territoriella
1560 287 221 41 församling-

281 336 61 21 ens
361 328 228 30 medlemmar
607 329 70 30 kan
695 330 144 31 beredas
858 332 173 39 lägerstad
1051 334 72 29 där.
1143 334 244 32 Motsvarande
1406 337 62 30 bör
1487 338 100 38 gälla,
1606 339 64 29 när
1689 339 92 39 skyl-

281 377 163 40 digheten
465 380 49 28 att
534 379 93 30 hålla
648 380 324 41 begravningsplats
993 383 89 39 lagts
1103 384 45 39 på
1168 385 66 30 den
1256 385 192 41 borgerliga
1469 388 225 30 kommunen.

325 470 403 42 Departementschefen.
751 473 122 30 Såsom
894 474 324 42 kammarkollegiet
1240 477 195 32 framhållit
1456 480 61 29 bör
1539 481 241 40 skyldigheten

284 518 55 31 för
362 519 170 42 borgerlig
555 521 171 32 kommun
750 526 50 28 att
825 524 10 29 i
859 525 94 30 vissa
977 525 61 30 fall
1062 526 96 31 hålla
1182 528 130 30 allmän
1336 529 324 41 begravningsplats
1684 532 98 29 kom-

281 578 58 21 ma
356 570 52 30 till
426 572 138 38 uttryck
580 572 12 30 i
609 572 184 40 lagtexten.
811 574 94 30 även
923 575 11 30 i
951 576 110 40 övrigt
1078 577 71 30 kan
1165 578 60 39 jag
1242 579 140 30 ansluta
1399 580 71 40 mig
1487 580 51 30 till
1557 581 41 30 de
1616 591 42 20 av
1674 582 107 30 kolle-

281 619 69 40 giet
370 621 148 30 anförda
539 623 275 39 synpunkterna.
838 625 89 30 Utan
950 627 203 40 uttryckligt
1174 628 191 40 stadgande
1386 631 98 29 torde
1504 640 83 21 vara
1607 632 102 35 klart,
1731 634 50 28 att

281 671 79 29 med
384 670 205 42 församling
610 673 10 29 i
642 673 229 32 förevarande
892 677 165 39 paragraf
1077 686 100 22 avses
1199 678 123 31 endast
1342 681 198 30 territoriell
1564 681 217 41 församling.

280 720 270 42 Bestämningen
573 723 198 31 territoriell
793 725 64 30 har
878 726 120 31 därför
1019 727 75 31 icke
1116 729 176 39 upptagits
1314 730 10 29 i
1347 730 183 39 lagtexten.

997 802 67 37 38.

328 855 222 39 Paragrafen,
575 865 74 22 som
674 867 119 21 svarar
816 862 72 27 mot
915 860 38 30 16
978 860 15 37 $
1017 861 11 29 i
1052 862 380 40 utredningsmannens
1456 864 140 41 förslag,
1620 866 63 30 har
1706 867 76 30 icke

283 904 114 40 någon
417 905 112 31 direkt
549 908 248 40 motsvarighet
816 909 10 30 i
846 910 160 39 gällande
1025 912 79 29 rätt.

325 1006 404 42 Departementschefen.
758 1009 117 40 Enligt
903 1011 40 30 de
972 1011 198 41 föreslagna
1198 1014 502 40 övergångsbestämmelserna
1730 1019 50 29 till

283 1055 66 29 den
371 1065 69 30 nya
460 1057 97 39 lagen
580 1058 88 30 skall
690 1059 114 31 denna
826 1060 11 30 i
859 1060 207 42 tillämpliga
1088 1063 95 30 delar
1205 1064 104 30 lända
1331 1065 52 30 till
1407 1065 230 33 efterrättelse
1660 1068 86 30 även
1771 1069 10 28 i

284 1105 98 39 fråga
413 1115 55 21 om
499 1107 182 41 befintliga
709 1109 373 42 begravningsplatser.
1113 1114 74 30 Vad
1219 1114 172 31 beträffar
1422 1116 57 30 det
1510 1117 11 29 i
1554 1117 227 31 förevarande

283 1156 167 39 paragraf
473 1156 197 42 föreslagna
695 1159 162 31 förbudet
882 1164 72 28 mot
981 1163 198 40 utmätning
1205 1165 96 30 torde
1328 1165 96 31 detta
1449 1167 74 30 icke
1549 1167 121 31 kunna
1697 1178 85 30 upp-

283 1205 185 32 rätthållas
487 1210 174 36 gentemot
681 1209 181 41 borgenär,
884 1220 74 21 som
980 1212 51 30 till
1054 1213 162 31 säkerhet
1237 1214 55 31 för
1314 1215 53 30 sin
1390 1216 144 30 fordran
1556 1218 64 30 har
1643 1218 66 31 fått
1732 1220 50 28 in-

283 1256 165 40 teckning
474 1257 10 30 i
510 1258 66 30 den
603 1258 176 41 fastighet,
806 1261 74 30 vari
907 1262 369 42 begravningsplatsen
1304 1265 109 41 ingår.
1444 1267 212 40 Spörsmålet
1684 1270 97 30 torde

281 1306 193 31 emellertid
496 1317 82 21 vara
602 1317 41 21 av
666 1309 99 40 ringa
788 1311 161 39 praktisk
972 1312 184 40 betydelse.
1181 1314 195 40 Självfallet
1399 1316 62 31 bör
1484 1317 55 30 vid
1564 1319 215 39 anläggande

280 1365 42 20 av
345 1365 68 30 nya
435 1357 362 42 begravningsplatser
819 1361 84 30 eller
924 1362 206 41 utvidgning
1152 1374 42 20 av
1215 1365 182 41 befintliga
1419 1367 120 37 tillses,
1562 1370 49 28 att
1633 1370 145 29 marken

281 1405 76 31 icke
377 1407 161 31 besväras
557 1418 44 20 av
618 1409 254 42 inteckningar.

326 1457 79 30 Med
423 1458 41 29 de
482 1457 184 32 förordade
685 1461 503 40 övergångsbestämmelserna
1206 1466 159 30 kommer
1385 1466 227 33 förevarande
1632 1469 149 30 bestäm-

282 1507 127 30 melser
436 1516 54 21 om
518 1509 236 40 nedläggande
781 1520 43 21 av
851 1512 324 42 begravningsplats
1203 1515 30 40 ej
1265 1518 49 28 att
1343 1517 48 30 bli
1420 1517 205 41 tillämpliga
1653 1519 129 31 beträf-

283 1556 105 31 fande
406 1557 371 42 begravningsplatser,
798 1570 75 21 som
892 1563 157 40 nedlagts
1069 1563 74 31 före
1162 1565 118 40 lagens
1300 1566 290 32 ikraftträdande.
1611 1569 93 31 även
1724 1580 56 20 om

282 1607 94 30 vissa
396 1608 75 29 skäl
490 1608 118 33 kunde
627 1610 70 30 tala
716 1610 54 31 för
790 1621 42 20 en
853 1621 117 22 annan
991 1614 160 40 ordning,
1173 1616 110 30 skulle
1305 1626 42 21 en
1369 1617 109 31 sådan
1500 1619 170 40 svårligen
1693 1621 88 29 kun-

283 1666 44 20 na
348 1658 231 38 genomföras.

326 1707 139 40 Frågan
488 1718 55 20 om
570 1710 231 41 fredningstid
829 1712 55 30 för
909 1714 147 40 nedlagd
1080 1715 325 42 begravningsplats
1431 1718 62 30 bör
1518 1719 165 32 bedömas
1710 1724 71 27 mot

284 1756 184 41 bakgrund
490 1768 42 20 av
553 1759 127 32 främst
701 1762 116 30 lokala
839 1762 256 33 förhållanden.
1120 1765 48 31 På
1191 1768 112 38 grund
1328 1777 42 20 av
1393 1769 101 30 dessa
1518 1769 263 32 förhållandens

283 1807 179 31 skiftande
480 1809 167 31 karaktär
665 1820 102 21 anser
784 1812 61 40 jag
863 1813 76 30 icke
958 1815 169 40 lämpligt,
1148 1818 49 29 att
1217 1817 11 29 i
1248 1817 99 40 lagen
1369 1826 106 32 anges
1495 1819 70 31 viss
1586 1820 195 41 frednings-

283 1857 60 29 tid.

326 1907 149 40 Frågan,
495 1910 174 30 huruvida
689 1921 47 30 ny
755 1912 181 41 invigning
958 1915 87 30 skall
1068 1916 60 30 ske
1151 1916 11 30 i
1184 1916 60 31 fall
1267 1918 43 30 då
1332 1918 54 30 del
1409 1928 43 21 av
1473 1929 41 20 en
1536 1916 245 49 begravnings-

282 1958 92 38 plats
391 1959 112 29 under
519 1960 114 39 någon
650 1961 50 30 tid
716 1963 149 30 använts
882 1963 55 30 för
954 1967 107 28 annat
1078 1966 175 35 ändamål,
1270 1968 98 30 torde
1387 1969 36 30 få
1440 1970 164 31 bedömas
1621 1971 81 31 från
1720 1972 62 30 fall

283 2007 51 30 till
355 2007 73 31 fall.
449 2009 203 40 Avgörande
672 2012 62 29 bör
753 2013 122 30 därvid
895 2023 94 26 vara,
1010 2015 174 31 huruvida
1207 2017 156 32 området
1385 2021 87 29 trots
1495 2020 60 30 allt
1577 2021 75 30 utåt
1674 2022 107 30 fram-

283 2058 85 29 stått
389 2058 115 30 såsom
525 2069 42 20 en
588 2061 54 29 del
663 2071 42 20 av
724 2062 380 42 begravningsplatsen.

327 2109 247 35 Bedömandet,
596 2112 175 30 huruvida
792 2112 325 42 begravningsplats
1139 2117 89 29 skall
1251 2117 34 30 få
1308 2118 172 32 överlåtas
1501 2121 83 29 eller
1605 2121 73 30 helt
1699 2123 84 29 eller

282 2159 110 30 delvis
421 2160 185 40 nedläggas
634 2162 83 29 eller
745 2163 180 30 användas
954 2164 55 30 för
1037 2168 108 28 annat
1173 2167 45 29 än
1248 2167 405 41 begravningsändamål,
1684 2172 97 29 torde

282 2208 122 31 kunna
422 2210 175 31 anförtros
615 2212 258 31 vederbörande
892 2214 233 40 länsstyrelse.

993 2289 19 29 4
1039 2289 28 37 8.

328 2343 124 30 Denna
474 2344 174 40 paragraf,
673 2354 74 21 som
771 2345 110 30 delvis
904 2346 39 29 är
966 2347 143 30 hämtad
1135 2347 78 31 från
1238 2349 18 30 5
1282 2349 16 37 8
1323 2350 112 30 andra
1458 2352 134 39 stycket
1614 2353 168 38 jordfäst-

283 2392 215 41 ningslagen,
522 2394 313 31 överensstämmer
859 2396 80 29 med
964 2397 37 29 17
1029 2396 15 37 $
1069 2397 11 29 i
1104 2398 380 40 utredningsmannens
1509 2401 140 40 förslag.
