2185 2653
698 218 259 35 Stutsutskottets
979 222 167 40 utlåtande
1169 225 53 30 Nr
1246 228 31 28 8.
1742 235 53 30 103

685 303 55 30 att
780 299 212 48 Riksdagen
1033 303 69 46 må,
1144 305 84 36 med
1270 308 128 46 avslag
1434 309 20 36 å
1481 310 85 36 herr
1591 311 203 48 Liljedahls

585 347 248 40 omförmälda
872 353 153 45 motion,
1068 354 58 37 för
1166 357 204 37 understöd
1410 361 118 36 under
1554 376 46 23 av
1628 364 166 47 departe-

582 401 250 37 mentschefen
880 405 12 34 i
937 405 409 48 statsrådsprotokollet
1405 418 88 30 över
1546 415 245 37 ecklesiastik-

583 451 158 36 ärenden
783 454 71 35 den
896 457 45 33 14
970 456 150 45 januari
1161 460 94 35 1913
1294 462 162 44 angivna
1486 464 138 37 villkor
1659 465 36 37 åt
1732 481 60 23 an-

581 502 130 36 stalter
737 504 67 35 och
831 504 223 49 föreningar,
1082 521 79 24 som
1185 511 168 36 anordna
1365 515 426 52 populärvetenskapliga

574 553 291 50 föreläsningar,
900 557 138 47 bevilja
1063 559 49 47 på
1139 566 108 31 extra
1274 568 73 30 stat
1373 562 59 38 för
1458 564 41 37 år
1529 567 95 36 1914
1653 573 51 32 ett
1731 583 60 23 an-

583 603 81 46 slag
690 618 47 22 av
762 607 158 45 270,000
939 609 149 47 kronor,
1109 624 45 23 av
1173 612 116 36 vilket
1308 615 129 46 anslag
1456 617 116 46 enligt
1591 632 47 22 av
1655 620 135 47 Kungl.

584 654 101 46 Maj:t
717 656 211 38 fastställda
954 660 137 37 villkor
1118 662 60 47 må
1206 664 127 36 kunna
1359 668 190 36 användas
1577 670 78 36 dels
1683 671 108 47 högst

585 707 131 43 10,000
743 709 141 36 kronor
901 711 59 35 till
979 712 205 37 understöd
1203 714 37 36 åt
1259 718 275 45 centralbyråer
1553 721 77 43 och,
1650 723 140 36 undan-

581 758 147 45 tagsvis,
757 766 92 30 även
877 760 37 36 åt
941 763 118 36 andra
1085 767 379 47 sammanslutningar
1489 769 59 37 för
1565 771 226 49 förmedling

581 820 46 22 av
664 808 129 45 dylika
825 810 279 50 föreläsningar,
1142 816 78 36 dels
1257 819 108 40 2,000
1401 820 138 37 kronor
1565 823 60 35 till
1653 825 136 36 arvode

580 857 38 37 ät
645 872 44 23 en
717 861 157 37 särskild
892 862 272 49 föredragande
1181 866 60 37 för
1258 867 409 51 föreläsningsärenden
1686 876 103 36 inom

580 910 536 49 ecklesiastikdepartementet,
1156 918 124 36 tillika
1319 921 199 38 konsulent
1556 924 59 37 för
1641 925 148 38 föreläs-

579 960 404 52 ningsverksamheten,
1021 967 77 36 dels
1137 969 108 46 högst
1273 972 108 44 3,000
1408 974 139 36 kronor
1571 975 60 37 för
1659 978 129 36 under-

580 1012 82 36 stöd
696 1012 37 37 åt
759 1014 141 38 sådana
925 1018 203 44 nybildade
1155 1022 187 46 anstalter,
1369 1024 120 37 vilkas
1517 1027 212 48 ortsbidrag
1755 1031 31 45 ej

579 1063 145 46 uppgår
749 1066 59 35 till
837 1069 71 33 200
936 1069 147 46 kronor,
1112 1071 77 35 dels
1217 1073 68 35 ock
1310 1074 110 46 högst
1444 1077 108 44 8,000
1571 1079 140 36 kronor
1728 1081 59 35 till

579 1114 203 38 understöd
823 1124 35 29 åt
898 1119 98 36 vissa
1036 1122 178 36 anstalter
1250 1124 67 36 och
1352 1125 214 49 föreningar
1592 1129 59 37 för
1677 1138 109 30 ersät-

578 1166 112 35 tande
718 1180 46 23 av
792 1169 123 36 havda
941 1173 282 37 resekostnader
1249 1174 59 37 för
1332 1175 209 40 föreläsare.

278 1261 122 47 203:0)
440 1263 49 36 På
525 1267 121 44 grund
682 1282 47 22 av
761 1269 134 47 Kungl.
923 1272 120 46 Maj:ts
1072 1275 128 36 därom
1228 1277 132 45 gjorda
1385 1278 276 51 framställning
1687 1285 98 35 hem-
1804 1290 195 33 Föreläsnings-

176 1311 127 36 ställer
329 1314 191 47 utskottet,
1813 1324 80 59 RESO
1923 1330 69 54 Arm

680 1375 54 30 att
775 1371 221 48 Riksdagen,
1032 1377 13 34 i
1080 1377 118 36 likhet
1233 1380 84 35 med
1348 1381 72 35 vad
1447 1381 59 37 för
1532 1384 252 38 innevarande
1839 1394 128 24 städerna.

578 1418 40 36 år
654 1426 62 40 ägt
748 1434 94 31 rum,
871 1424 61 36 må
967 1425 119 37 såsom
1114 1427 132 48 bidrag
1272 1430 59 36 till
1356 1433 182 36 täckande
1565 1448 48 23 av
1638 1437 146 36 kostna-
1846 1434 116 50 [200]

578 1470 114 37 derna
718 1471 58 37 för
804 1474 44 35 de
868 1476 383 48 föreläsningskurser,
1280 1494 76 23 som
1376 1485 96 46 Jran
1500 1489 248 35 umversiteten
1772 1492 12 30 i

585 1521 164 48 Uppsala
777 1526 62 34 och
867 1526 110 36 Lund
1003 1528 116 36 varda
1144 1529 48 46 på
1218 1531 161 46 begäran
1397 1547 88 23 vare
1503 1536 56 45 sig
1577 1550 46 23 av
1639 1538 145 37 institu-

576 1572 88 41 tion,
702 1586 78 23 som
818 1575 30 45 ej
878 1575 160 48 åtnjuter
1069 1581 149 35 särskilt
1252 1584 59 34 till
1343 1587 440 49 populärvetenskapliga

574 1622 378 49 föreläsningskurser
992 1629 12 35 i
1043 1629 366 50 folkbildningssyfte
1437 1636 154 47 beviljat
1626 1645 156 32 statsun-

576 1673 159 46 derstöd,
764 1677 89 36 eller
881 1691 46 24 av
954 1680 73 36 viss
1061 1682 178 37 kommun
1272 1686 90 35 eller
1389 1688 144 36 enskild
1559 1703 134 32 person
1721 1705 60 23 an-

575 1725 165 36 ordnade
780 1732 55 31 att
875 1730 118 36 under
1029 1732 40 35 år
1108 1735 94 34 1914
1244 1736 88 36 eller
1368 1749 126 26 senare
1528 1741 118 36 hållas
1681 1750 99 28 utom

575 1778 404 49 universitetsstäderna,
1008 1784 128 35 anvisa
1161 1785 48 46 på
1236 1792 106 30 extra
1369 1793 73 31 stat
1468 1789 58 37 för
1550 1790 40 37 år
1611 1793 96 36 1914
1727 1798 52 31 ett

573 1825 136 50 belopp
739 1842 46 23 av
815 1831 106 42 7,000
941 1832 147 47 kronor,
1108 1848 115 24 varav
1242 1839 108 43 4,000
1369 1840 139 37 kronor
1530 1842 60 36 till
1612 1838 167 57 Uppsala

573 1878 217 38 universitet
823 1883 68 34 och
921 1885 107 42 3,000
1056 1886 139 36 kronor
1225 1888 59 36 till
1310 1889 126 38 Lunds
1470 1893 225 47 universitet,
1723 1901 55 31 att
1809 1919 8 2 -

572 1929 90 45 utgå
693 1931 118 36 under
837 1934 138 36 villkor
1002 1941 54 30 att
1084 1937 80 46 den,
1192 1952 79 22 som
1300 1940 126 47 begärt
1453 1942 236 50 föreläsning,
1718 1946 59 37 för

571 1980 180 38 täckande
792 1996 46 23 av
876 1984 243 40 föreläsarens
1154 1991 239 37 resekostnad
1425 1995 67 35 och
1532 1997 137 36 arvode
1706 1999 70 35 till-

573 2031 139 45 skjuter
743 2034 113 36 minst
883 2036 76 36 lika
985 2039 147 43 mycket
1160 2053 78 24 som
1266 2048 129 33 staten.

268 2125 123 45 204:0)
431 2128 136 48 Kungl.
607 2131 104 47 Maj:t
751 2135 67 36 har
857 2136 191 48 föreslagit
1087 2140 210 48 Riksdagen
1326 2150 54 30 att
1414 2146 59 35 till
1508 2148 203 37 understöd
1738 2150 37 35 åt
1815 2148 155 69 Musikföre-

186 2166 9 29 e.
275 2177 7 7 .
1124 2192 7 7 .
1214 2200 13 6 a
1386 2203 12 6 so
1737 2208 5 5 ”
1815 2196 155 18 ställningar

166 2174 224 49 föreningar,
432 2192 79 24 som
552 2184 168 36 anordna
759 2187 74 44 god
873 2189 285 38 orkestermusik
1194 2192 58 37 för
1292 2196 260 47 allmänheten,
1587 2205 96 31 samt
1716 2200 59 37 för
1808 2198 46 49 för
1866 2198 109 51 alman.

165 2228 212 45 inspektion
406 2243 46 22 av
479 2231 284 47 ifrågavarande
789 2236 231 49 föreningars
1048 2243 68 34 och
1145 2244 203 38 orkestrars
1380 2249 234 37 verksamhet
1646 2252 128 36 anvisa
1851 2257 85 25 heten.

1834 2299 118 51 [201.]
