2197 2666
190 1326 128 24 Semester
332 1325 41 24 för

192 1360 178 23 vaktmästare

178 1393 202 26 vidlandsarkiv

239 1436 89 82 [11]

397 214 19 29 8
914 208 259 33 Statsutskottets
1194 206 167 32 utlåtande
1384 205 53 32 Nr
1460 204 30 32 8.

398 293 212 46 skyldighet
635 290 59 38 för
720 289 279 39 vederbörande
1023 295 200 30 avnämare
1250 291 56 32 att
1333 286 94 47 själv
1454 285 155 36 bekosta
1635 283 174 37 elektrisk
1836 286 167 32 armatur

396 346 68 36 och
490 346 146 45 lampor
664 345 67 35 bör
758 343 92 36 dock
877 342 13 35 1
917 346 164 31 staterna
1106 341 155 44 intagas.

496 396 189 37 Utskottet
711 394 213 37 hemställer
951 391 118 47 alltså,

496 453 55 32 att
579 447 210 46 Riksdagen
816 445 61 37 må

899 495 36 43 a)
964 495 183 46 medgiva,
1176 498 54 31 att
1255 494 14 35 i
1288 498 120 31 staten
1426 491 59 37 för
1506 491 282 37 landsarkiven
1780 486 19 59 i
1813 490 187 42 Vadstena,

807 548 168 46 Uppsala,
1017 547 108 36 Lund
1160 546 61 36 och
1260 545 170 45 Göteborg
1457 543 60 36 må
1542 544 13 35 i
1583 543 123 36 stället
1736 540 57 37 för
1825 541 71 36 den
1923 540 80 36 däri

799 613 51 23 nu
889 600 155 44 intagna
1083 597 285 37 bestämmelsen
1404 596 13 35 i
1456 594 106 47 fråga
1603 607 60 23 om
1704 593 140 46 avdrag
1884 592 20 36 å
1944 606 59 23 av-

799 652 131 45 löning
956 650 60 36 för
1043 650 261 43 vaktmästare,
1332 661 79 23 som
1438 647 12 35 i
1479 646 115 37 sådan
1631 646 183 46 egenskap
1843 644 160 46 åtnjuter

800 703 48 35 fri
887 701 135 36 bostad
1057 701 68 34 och
1151 700 158 43 bränsle,
1336 698 141 35 införas
1506 710 45 23 en
1579 696 39 36 så
1644 696 163 44 lydande
1835 696 167 34 anmärk-

800 753 105 46 ning:
944 752 131 36 Därest
1101 751 253 36 vaktmästare
1380 749 13 36 i
1421 748 115 36 sådan
1563 747 184 47 egenskap
1775 746 162 46 åtnjuter
1955 744 47 37 fri

799 804 144 44 bostad,
971 804 147 36 bränsle
1159 802 69 36 och
1255 802 91 45 lyse,
1374 801 106 45 skall,
1508 799 40 37 så
1574 800 108 45 länge
1711 798 122 36 denna
1859 797 144 36 förmån

800 855 180 45 kvarstår,
1008 854 21 36 å
1054 855 112 35 lönen
1194 852 180 46 avdragas
1405 853 70 34 100
1504 853 138 34 kronor
1669 849 151 46 årligen,
1842 849 163 36 varande

800 908 250 36 vaktmästare
1089 906 116 35 likväl
1245 903 149 46 skyldig
1434 908 54 31 att
1529 903 94 45 själv
1649 902 154 36 bekosta
1830 901 175 36 elektrisk

800 964 166 32 armatur
993 958 68 35 och
1086 958 160 44 lampor;

901 1007 39 49 b)
973 1009 145 36 besluta
1157 1007 116 37 sådan
1314 1006 159 46 ändring
1504 1005 12 36 i
1552 1005 70 36 den
1662 1004 58 36 för
1747 1004 218 44 arkivdepån
1992 1004 14 34 i

808 1062 109 45 Visby
953 1060 173 47 gällande
1162 1064 129 40 staten,
1329 1063 54 31 att
1419 1058 278 36 vaktmästaren
1733 1063 86 39 äger
1852 1056 152 44 åtnjuta,

801 1118 93 31 utan
930 1112 141 45 avdrag
1111 1111 21 36 å
1170 1111 121 40 lönen,
1331 1109 165 37 förutom
1536 1108 132 36 bostad
1691 1107 142 47 jämväl
1858 1106 148 36 bränsle

803 1165 69 35 och
903 1165 90 43 lyse,
1025 1162 85 36 med
1137 1161 213 45 skyldighet
1382 1160 95 36 dock
1504 1159 58 36 för
1589 1160 139 35 honom
1756 1163 54 31 att
1838 1158 92 44 själv
1948 1157 57 35 be-

802 1216 107 35 kosta
936 1213 175 37 elektrisk
1139 1217 166 32 armatur
1333 1212 67 35 och
1427 1212 156 45 lampor.

505 1315 93 49 11:0)
640 1317 136 46 Kungl.
816 1316 104 46 Maj:t
959 1317 68 34 har
1066 1314 192 46 föreslagit
1291 1313 210 46 Riksdagen
1529 1317 55 30 att
1611 1311 78 36 dels
1716 1310 200 47 godkänna
1941 1309 65 36 föl-

398 1370 113 47 jande
551 1370 132 45 tillägg
720 1370 60 34 till
812 1368 45 36 de
883 1368 137 35 villkor
1048 1367 69 35 och
1144 1366 284 41 bestämmelser,
1469 1377 80 22 som
1588 1363 190 46 upptagits
1805 1361 59 37 för
1891 1361 115 45 åtnju-

401 1422 114 36 tande
542 1434 46 23 av
615 1419 385 46 avlöningsförmåner
1036 1418 115 45 enligt
1176 1417 128 45 kungl.
1331 1415 293 46 kungörelserna
1650 1414 72 35 den
1743 1415 43 33 11
1805 1413 83 48 juni
1912 1413 91 35 1909

402 1472 189 47 angående
630 1485 51 31 ny
721 1476 72 31 stat
834 1470 58 36 för
914 1469 263 37 landsarkiven
1203 1467 86 37 med
1316 1480 102 23 mera
1445 1467 68 35 och
1541 1465 70 37 den
1642 1466 43 34 18
1709 1464 84 46 juni
1823 1465 95 35 1910
1947 1477 59 22 an-

402 1524 141 46 gående
583 1528 72 31 stat
694 1522 58 36 för
790 1521 254 37 landsarkivet
1078 1521 13 34 i
1127 1518 188 49 Göteborg
1355 1518 85 36 med
1466 1530 111 31 mera,
1605 1517 188 44 nämligen
1820 1521 55 30 att
1906 1516 101 35 vakt-

401 1580 160 31 mästare
587 1574 61 36 må
676 1573 151 46 årligen,
862 1573 4 35 i
893 1572 71 36 den
991 1571 85 36 mån
1105 1570 131 36 sådant
1254 1571 75 34 kan
1348 1570 62 35 ske
1434 1575 90 29 utan
1542 1567 133 36 hinder
1693 1567 58 35 för
1775 1566 231 47 göromålens

400 1627 179 45 behöriga
605 1625 106 46 gång,
740 1624 145 46 åtnjuta
913 1628 172 31 semester
1112 1622 118 36 under
1260 1623 43 34 15
1334 1621 125 45 dagar,
1488 1620 77 35 dels
1594 1620 67 35 ock
1687 1619 87 45 höja
1802 1618 61 36 det
1889 1617 118 36 under

401 1678 282 36 landsarkivens
736 1681 72 31 stat
853 1674 185 47 uppförda
1086 1674 168 45 anslaget
1300 1672 59 36 till
1399 1671 396 44 vikariatsersättning,
1844 1668 163 37 arvoden

403 1729 38 36 åt
468 1734 107 31 extra
601 1727 170 37 biträden
799 1726 85 36 med
910 1739 102 22 mera
1038 1725 84 35 med
1150 1729 53 31 ett
1229 1724 135 46 belopp
1393 1736 47 23 av
1480 1725 46 33 45
1563 1722 139 36 kronor
1737 1720 58 36 för
1829 1725 84 31 vart
1940 1720 67 35 och

403 1786 52 31 ett
495 1793 47 23 av
582 1779 263 37 landsarkiven
885 1777 13 35 i
939 1776 199 45 Vadstena,
1173 1775 177 46 Uppsala,
1383 1774 109 36 Lund
1519 1774 67 35 och
1614 1771 189 46 Göteborg
1830 1777 95 30 samt
1950 1770 58 36 för

402 1830 213 37 ändamålet
643 1831 71 35 öka
740 1829 63 36 det
830 1828 186 36 ordinarie
1044 1828 167 44 anslaget
1229 1827 59 35 till
1306 1825 264 36 landsarkiven
1589 1823 82 36 från
1691 1824 81 35 dess
1790 1822 218 37 nuvarande

401 1884 147 44 belopp,
578 1883 133 43 34,050
738 1881 149 43 kronor,
914 1878 86 36 med
1030 1879 70 35 180
1127 1879 140 34 kronor
1293 1877 60 35 till
1381 1877 133 44 34,230
1542 1876 148 35 kronor.

503 1931 235 38 Beträffande
764 1930 248 45 utredningen
1040 1929 11 36 i
1080 1928 152 37 ärendet
1258 1927 57 37 får
1341 1928 182 35 utskottet
1549 1926 156 36 hänvisa
1730 1925 61 36 till
1817 1923 190 37 statsråds-

402 1985 237 47 protokollet,
667 1983 66 36 sid.
768 1984 40 34 20
825 1979 95 57 —24.

503 2085 58 37 Då
599 2085 182 36 utskottet
819 2083 79 36 icke
925 2081 82 37 haft
1033 2081 113 47 något
1180 2085 55 32 att
1262 2081 122 36 erinra
1412 2085 99 32 emot
1538 2078 245 38 förevarande
1809 2077 199 36 framställ-

403 2138 100 45 ning,
530 2136 58 36 får
613 2137 182 35 utskottet
821 2135 206 42 hemställa,

506 2194 55 30 att
586 2187 210 45 Riksdagen
820 2184 61 37 må

907 2234 35 44 a)
984 2235 200 46 godkänna
1222 2233 164 46 följande
1425 2233 133 45 tillägg
1596 2231 60 36 till
1696 2231 44 36 de
1771 2231 138 35 villkor
1942 2230 68 35 och

806 2287 286 44 bestämmelser,
1132 2298 79 23 som
1250 2285 190 46 upptagits
1480 2283 59 36 för
1578 2282 218 46 åtnjutande
1836 2295 46 22 av
1911 2282 98 35 avlö-

806 2337 298 47 ningsförmåner
1136 2336 115 45 enligt
1282 2336 126 45 kungl.
1436 2334 292 46 kungörelserna
1755 2333 72 36 den
1856 2334 44 34 11
1927 2333 83 45 juni
