2190 2665
206 312 137 24 Tekniska

211 347 94 24 skolan
323 346 9 23 i

196 381 160 25 Eskilstuna.

215 422 116 50 [218]

394 224 57 31 116
908 219 258 34 Statsutskottets
1187 218 168 33 utlåtande
1378 217 53 32 Nr
1454 216 30 32 8.

495 300 121 48 2922:0)
660 301 133 46 Kungl.
821 300 102 47 Maj:t
949 300 68 36 har
1043 298 192 47 föreslagit
1261 297 212 46 Riksdagen
1501 300 54 33 att
1581 295 58 37 för
1665 295 170 37 tekniska
1861 294 132 37 skolan

391 357 13 36 i
430 355 215 37 Eskilstuna
671 353 138 47 bevilja
834 352 48 48 på
909 357 107 32 extra
1043 355 73 33 stat
1142 349 59 38 för
1228 349 40 37 år
1298 351 95 35 1914
1420 347 165 48 följande
1612 348 141 46 anslag:

392 407 58 37 för
498 406 211 37 beredande
754 418 46 23 av
843 403 166 46 tillfällig
1051 401 313 46 löneförbättring
1407 401 119 35 under
1571 399 40 36 år

496 460 97 34 1914
642 457 116 45 enligt
794 456 45 36 de
875 469 46 23 av
949 452 404 49 departementschefen
1380 453 12 35 i
1421 450 191 38 statsråds-

492 509 230 48 protokollet
763 507 162 46 angivna
960 505 213 48 grunderna
1201 504 36 37 åt
1263 505 136 44 rektor,
1427 502 186 38 ordinarie

493 563 131 43 lärare,
651 560 224 46 tjänstemän
903 558 68 36 och
997 558 251 35 vaktmästare
1312 590 2 2 =
1390 588 36 4 oc.
1636 554 139 35 kronor
1805 554 115 44 1,337:
1950 571 47 4 —

494 613 119 36 under
639 612 138 35 villkor
804 615 55 31 att
885 609 214 36 Eskilstuna
1126 608 82 36 stad
1234 607 59 36 för
1319 606 164 37 nämnda
1502 606 109 35 ändar

494 664 76 37 mål
595 663 173 46 bidrager
794 661 85 37 med
909 662 105 45 1,336
1042 661 161 42 kronor;

392 715 59 37 för
489 716 115 45 inköp
644 727 47 23 av
725 711 473 46 undervisningsmateriell
1237 709 59 36 för
1335 709 173 46 söndage-
1545 708 67 35 och

495 765 236 38 aftonskolan
846 798 114 2 SSR
1182 796 2 2 |
1550 792 2 4 !
1719 773 12 14 »
1842 758 81 35 650:
1951 776 48 4 —

495 823 95 32 samt

394 869 60 38 för
489 868 182 38 täckande
712 881 44 23 av
798 866 171 46 söndags-
1009 865 70 36 och
1119 863 255 37 aftonskolans
1414 862 111 37 skuld
1551 862 60 36 till

495 920 337 37 kassaförvaltaren
858 917 65 37 vid
952 918 94 35 1911
1077 915 56 37 års
1161 914 141 47 utgång
1438 948 36 2 a
1718 926 14 16 »
1807 913 117 45 -1,896:
1951 930 49 4 —

1459 981 153 39 Summa
1637 982 140 36 kronor
1805 982 118 44 3,883:
1955 1000 37 3 —

496 1075 257 45 Utredningen
780 1074 13 35 i
820 1072 153 36 ärendet
996 1070 195 37 återfinnes
1211 1069 20 36 å
1250 1069 66 37 sid.
1349 1070 93 35 582—
1463 1070 63 35 590
1553 1068 11 36 i
1584 1067 419 47 statsrådsprotokollet.

497 1178 211 44 Riksdagen
748 1177 68 34 har
856 1174 58 35 för
953 1173 211 35 beredande
1200 1185 46 22 av
1272 1171 167 45 tillfällig
1465 1170 312 45 löneförbättring
1804 1169 37 35 åt
1867 1169 136 44 rektor,

397 1228 187 38 ordinarie
610 1229 129 43 lärare,
768 1226 221 46 tjänstemän
1018 1223 67 36 och
1113 1223 250 36 vaktmästare
1390 1222 63 36 vid
1475 1222 171 36 tekniska
1672 1221 132 36 skolan
1830 1220 13 36 i
1870 1219 133 37 Eskils-

395 1286 92 31 tuna
527 1278 49 49 på
616 1284 107 31 extra
755 1282 73 31 stat
849 1275 59 37 för
931 1275 41 37 år
1001 1276 94 35 1913
1125 1275 146 35 anvisat
1297 1278 54 32 ett
1378 1274 130 45 anslag
1535 1286 46 23 av
1610 1274 69 35 602
1709 1273 148 43 kronor,
1885 1270 121 37 under

397 1333 136 35 villkor
560 1336 55 30 att
640 1330 216 36 Eskilstuna
882 1327 82 36 stad
991 1326 58 36 för
1075 1326 165 35 nämnda
1267 1324 173 37 ändamål
1466 1324 174 46 bidrager
1659 1323 84 36 med
1764 1325 70 34 601
1855 1323 148 36 kronor.

497 1382 190 36 Utskottet
725 1381 69 35 har
830 1378 125 36 funnit
995 1377 71 36 den
1106 1376 58 37 för
1195 1376 264 37 ovannämnda
1484 1376 174 46 personal
1684 1374 219 46 ifrågasatta
1930 1374 74 45 höj-

397 1434 137 46 ningen
559 1433 14 36 i
601 1432 71 36 den
699 1430 190 45 tillfälliga
906 1428 358 46 löneförbättringen
1283 1441 44 22 av
1347 1426 364 47 omständigheterna
1728 1424 187 49 påkallad,
1936 1424 69 36 och

397 1485 47 36 då
485 1485 180 36 utskottet
704 1484 29 45 ej
773 1482 117 36 heller
928 1480 81 36 haft
1050 1479 202 46 anledning
1290 1479 59 35 till
1376 1478 148 36 erinran
1550 1483 80 30 mot
1658 1477 44 36 de
1729 1476 58 37 för
1813 1477 115 46 inköp
1958 1488 46 23 av

396 1533 472 47 undervisningsmateriell
909 1536 95 31 samt
1044 1531 59 35 till
1137 1530 182 36 täckande
1355 1543 46 22 av
1437 1529 170 45 söndags
1646 1530 69 35 och
1750 1527 254 37 aftonskolans

398 1587 109 37 skuld
532 1587 60 35 till
618 1584 338 38 kassaförvaltaren
984 1581 134 37 äskade
1144 1581 195 47 beloppen,
1365 1580 57 36 får
1449 1580 180 36 utskottet
1654 1579 208 45 hemställa,

900 1639 54 30 att
980 1633 213 46 Riksdagen
1221 1632 60 36 må
1307 1631 59 37 för
1391 1632 172 36 tekniska
1590 1632 132 35 skolan
1749 1631 14 35 i
1789 1630 217 36 Eskilstuna

798 1685 139 46 bevilja
975 1684 48 47 på
1062 1689 107 31 extra
1196 1689 73 30 stat
1294 1682 59 37 för
1380 1683 40 36 år
1449 1684 96 34 1914
1573 1682 164 46 följande
1765 1682 143 45 anslag:

800 1737 36 48 a)
873 1736 59 36 för
963 1735 210 37 beredande
1201 1748 47 23 av
1261 1735 167 45 tillfällig
1445 1733 158 37 löneför-

900 1787 165 46 bättring
1078 1787 119 35 under
1213 1785 40 37 år
1266 1788 95 34 1914
1373 1786 117 45 enligt
1500 1785 44 36 de
1557 1798 46 23 av

901 1836 404 49 departementschefen
1355 1837 14 35 i
1412 1835 192 37 statsråds-

900 1890 229 46 protokollet
1156 1896 88 29 över
1271 1888 333 36 ecklesiastikären-

902 1941 70 35 den
998 1940 72 36 den
1092 1942 45 33 14
1156 1940 150 45 januari
1327 1941 95 34 1913
1443 1939 162 45 angivna

902 1991 212 47 grunderna
1137 1990 37 37 åt
1199 1991 135 43 rektor,
1351 1990 187 36 ordinarie
1556 1991 49 34 lä-

902 2055 92 25 rare,
1005 2042 222 46 tjänstemän
1256 2042 68 35 och
1351 2041 250 36 vaktmästare
1628 2041 140 35 kronor
1822 2040 116 43 1,337:
1958 2057 48 4 —

904 2094 119 35 under
1050 2094 139 36 villkor
1215 2097 55 31 att
1288 2092 215 36 Eskilstuna
1521 2091 85 36 stad

904 2144 58 36 för
1005 2144 165 36 nämnda
1213 2143 174 36 ändamål
1430 2143 174 45 bidrager

904 2195 86 37 med
1021 2197 103 44 1,336
1153 2196 157 44 kronor;

802 2248 39 46 b)
869 2247 59 36 för
942 2247 115 46 inköp
1077 2260 46 23 av
1134 2245 473 46 undervisningsmateriell

903 2299 59 35 för
986 2298 173 45 söndags-
1184 2298 68 35 och
1275 2296 239 36 aftonskolan
1699 2309 13 15 »
1856 2294 81 35 650:
1960 2312 49 5 —

903 2353 96 32 samt
