2230 2622
419 127 19 31 4
836 129 346 33 Jordbruksutskottets
1205 130 165 33 utlåtande
1394 131 51 32 Nr
1469 134 51 30 37.

376 207 101 36 antal
518 211 138 32 tomter
697 206 120 36 skulle
857 207 103 36 finna
1000 208 153 49 köpare.
1207 209 67 35 Att
1312 210 83 35 från
1431 210 220 38 hemskiftet
1678 212 56 37 till
1761 227 99 36 egna
1887 214 86 37 hem

375 258 186 36 avsöndra
603 269 47 24 en
692 257 70 46 del,
805 258 153 36 särskilt
999 259 64 36 det
1104 260 110 36 söder
1253 273 62 23 om
1351 260 307 50 järnvägslinjen
1685 264 182 49 liggande
1896 280 78 23 om-

374 309 117 47 rådet,
521 321 81 23 som
631 308 190 37 innehölle
850 322 48 23 en
926 311 101 35 areal
1054 324 49 22 av
1133 312 46 35 10
1207 311 133 37 hektar
1369 314 84 34 34.4
1484 326 52 35 ar,
1565 314 76 36 läte
1669 314 61 49 sig
1746 316 228 51 visserligen

374 365 105 43 göra,
509 372 86 24 men
624 359 135 37 endast
786 360 121 37 under
934 362 275 49 förutsättning
1236 367 56 32 att
1315 364 137 48 jorden
1480 364 184 38 försåldes
1688 366 56 36 till
1763 368 210 50 underpris.

375 411 131 36 Denna
543 411 88 47 jord
672 412 306 48 representerade
1021 418 57 32 ett
1117 414 115 36 värde
1275 428 46 23 av
1364 416 73 36 600
1478 416 142 36 kronor
1647 430 67 37 per
1740 418 135 37 hektar
1902 422 70 35 och

375 462 121 37 skulle
537 463 159 46 således,
729 476 61 23 om
819 464 170 36 området
1017 465 151 37 delades
1197 466 11 36 i
1236 469 66 33 två
1329 466 76 37 lika
1438 473 100 31 stora
1567 468 104 37 delar
1698 482 61 23 om
1789 471 21 34 5
1838 470 137 38 hektar

377 516 81 33 17.2
503 526 53 35 ar,
598 514 160 36 vardera
798 515 228 48 lägenheten
1063 516 98 37 hava
1202 522 54 32 ett
1296 518 116 37 värde
1454 532 45 23 av
1541 524 92 32 över
1674 522 112 46 3,000
1821 521 150 38 kronor.

373 565 152 48 Nödiga
564 566 228 48 byggnader
831 566 92 37 härå
962 568 142 36 krävde
1145 582 47 23 en
1231 568 163 38 kostnad
1436 584 45 23 av
1522 572 117 36 minst
1679 574 113 45 4,000
1834 572 139 38 kronor

374 617 71 36 och
485 617 121 37 skulle
648 617 158 36 sålunda
847 618 74 36 den
963 618 208 50 bebyggda
1211 621 230 48 lägenheten
1481 622 154 38 komma
1663 637 78 36 upp
1769 624 12 36 i
1810 630 55 30 ett
1891 626 80 48 pris

374 682 48 22 av
462 674 91 31 över
604 670 110 45 1,400
755 669 140 37 kronor
935 684 65 35 per
1040 671 144 48 hektar,
1226 673 118 36 vilket
1382 686 89 24 vore
1512 674 239 50 fullständigt
1792 676 178 50 orimligt.

374 720 275 37 Erfarenheten
677 720 95 37 hade
800 722 114 36 också
939 725 49 45 på
1015 722 65 37 det
1107 723 255 38 bestämdaste
1390 725 95 48 givit
1512 726 65 36 vid
1597 727 161 48 handen,
1784 733 54 30 att
1858 740 113 37 egen-

374 772 141 47 domar,
558 777 96 32 även
695 772 85 37 med
813 773 87 36 vida
927 774 124 36 bättre
1078 775 113 48 lägen
1218 780 47 31 än
1292 776 70 36 här
1388 790 89 23 vore
1506 778 116 47 fallet,
1651 778 102 37 vilka
1781 779 191 49 planlagts

375 824 58 36 för
474 824 207 48 styckning
721 823 57 37 till
807 838 99 35 egna
933 826 98 47 hem,
1060 827 32 48 ej
1125 827 123 36 funnit
1274 827 151 49 köpare,
1455 832 40 33 så
1524 835 106 31 snart
1658 830 61 36 det
1745 831 94 47 gällt
1867 832 105 36 mark

373 881 92 30 utan
506 875 238 49 byggnader.
809 876 192 49 Därjämte
1045 878 121 36 skulle
1206 878 63 36 vid
1311 879 117 37 sådan
1467 881 208 49 styckning
1715 882 258 49 egendomens

373 926 119 36 under
534 939 131 24 senare
705 927 54 36 tid
800 928 187 48 uppförda
1028 929 71 36 och
1127 930 12 35 i
1167 930 154 48 fullgott
1349 931 109 36 stånd
1486 932 168 37 varande
1681 933 227 49 byggnader
1936 935 33 47 ej

373 978 152 36 komma
553 978 57 35 till
639 978 68 36 full
736 980 259 49 användning.

503 1029 75 37 För
606 1035 55 31 att
680 1030 207 37 emellertid
906 1032 231 48 tillmötesgå
1154 1033 114 36 redan
1288 1035 173 36 anmälda
1480 1035 71 36 och
1571 1037 183 47 möjligen
1773 1037 198 37 framdeles

373 1081 262 49 uppträdande
663 1082 244 49 spekulanter
934 1083 97 36 hava
1058 1085 466 48 uppskattningsmännen
1552 1087 210 48 föreslagit,
1783 1093 55 31 att
1856 1094 115 44 ytter-

373 1132 120 49 ligare
526 1145 66 24 sex
620 1135 21 33 å
668 1133 222 38 hemskiftet
917 1139 167 32 närmast
1114 1141 122 32 väster
1263 1150 61 23 om
1353 1137 217 38 förberörda
1599 1144 77 43 väg
1703 1140 162 48 belägna
1893 1153 78 24 om-

373 1184 115 36 råden
516 1184 122 36 skulle
668 1184 83 36 från
780 1186 236 47 egendomen
1046 1188 206 36 avsöndras
1273 1189 70 35 och
1366 1188 169 50 försäljas
1556 1191 86 36 med
1662 1191 122 36 nedan
1804 1192 167 48 angivna

374 1236 143 35 arealer
544 1236 71 36 och
644 1236 236 48 saluvärden,
909 1237 193 49 nämligen

1965 1374 4 21 1

426 1425 67 26 Litt.
513 1427 16 22 å
637 1419 168 39 Ägofigurer
824 1428 15 22 &
1058 1421 153 23 Areal
1264 1429 10 15 i
1328 1429 48 16 ar
1547 1415 1 3 |
1578 1427 153 40 Saluvärde
1797 1425 124 25 Arrende-
1966 1435 3 20 |

431 1472 100 38 kartan
693 1473 98 38 kartan
885 1472 83 27 oo
1311 1475 24 3 -
1595 1480 109 37 kronor
1759 1465 2 6 |
1822 1460 84 25 MS
1966 1475 4 76 |

954 1514 66 25 åker
1093 1535 2 7 |
1163 1519 71 22 tomt
1366 1513 111 38 Summa
1811 1512 103 25 kronor

373 1551 3 40 |
884 1551 2 13 i
1093 1551 4 48 |
1301 1563 5 84 |
1966 1552 3 122 |

372 1607 3 24 |
470 1642 17 17 a
598 1642 36 17 av
644 1634 42 31 27,
696 1642 35 17 av
741 1635 33 25 28
784 1633 53 27 och
847 1573 42 97 ao!
962 1631 56 41 17.53
1095 1607 2 24 |
1188 1638 40 25 7.0
1397 1639 57 25 24.5
1547 1580 3 99 |
1633 1634 52 41 500
1846 1636 39 41 20

372 1667 3 24 |
469 1685 19 26 ob
630 1695 33 17 av
682 1687 34 24 28
735 1685 52 27 och
805 1688 34 24 30
884 1675 3 12 |
929 1665 16 63 —
961 1688 57 25 11
1187 1689 40 24 89
1302 1695 3 32 |
1399 1690 55 27 150
1633 1671 51 63 600
1850 1694 35 25 30
1965 1677 5 93 |

371 1711 4 32 |
470 1747 14 17 c
693 1747 34 18 av
745 1739 34 25 35
959 1741 58 24 37.0
1196 1756 32 3 —
1303 1731 3 12 |
1397 1743 57 25 37.0
1633 1729 51 51 750
1850 1745 33 26 35

371 1759 3 40 |
470 1788 18 27 od
692 1800 35 16 av
746 1792 34 24 40
1197 1808 30 3 =
1302 1775 3 48 |
1395 1795 58 26 418
1546 1780 3 75 |
1632 1774 52 58 800
1846 1775 39 58 40

371 1807 2 88 |
468 1850 16 17 e
693 1852 34 16 av
746 1844 33 25 40
959 1845 57 26 49,6
1196 1860 32 4 —
1302 1835 3 31 |
1392 1833 61 50 49.6
1632 1834 52 50 850
1846 1835 38 50 40

474 1892 13 27 £
693 1904 35 17 av
746 1897 34 25 40
958 1897 59 26 49.2
1093 1887 3 16 |
1196 1913 31 3 =
1395 1900 59 25 49.2
1545 1875 3 57 |
1607 1887 79 49 1,000
1850 1901 34 25 50

499 2017 472 50 Uppskattningsmännen
1020 2019 100 37 hava
1164 2019 129 38 vidare
1340 2021 209 50 föreslagit,
1597 2026 56 32 att
1697 2022 272 49 lägenheterna

369 2067 72 37 litt.
470 2081 21 23 a
519 2069 71 36 och
618 2069 23 36 b
670 2070 120 36 skulle
827 2070 221 50 hembjudas
1088 2071 108 37 deras
1231 2071 240 49 innehavare,
1499 2073 194 49 nämligen
1720 2073 70 37 litt.
1821 2087 22 23 a
1870 2074 100 36 före-

370 2120 163 36 nämnde
561 2120 249 38 skomakaren
838 2122 201 37 Lindstedt
1067 2123 72 36 och
1167 2124 70 36 litt.
1281 2123 10 37 b
1319 2124 171 37 bemälde
1519 2124 100 37 Ture
1647 2125 233 37 Andersson.

500 2171 140 49 Kungl.
683 2173 126 48 Maj:ts
845 2174 406 49 befallningshavande
1287 2176 69 36 har
1385 2176 180 36 förklarat
1594 2177 62 48 sig
1684 2176 202 37 instämma
1913 2176 56 36 uti

370 2223 484 50 uppskattningsmännens
897 2225 157 50 förslag,
1098 2226 118 37 vilket
1252 2227 70 36 ock
1352 2227 148 37 biträtts
1528 2241 48 23 av
1605 2228 362 49 domänstyrelsen.»
