2245 2667
790 191 215 37 Lagutskottets
1026 190 150 29 utlåtande
1198 190 46 29 Nr
1266 191 29 28 4.
1833 187 15 30 1

969 495 69 42 Nr
1069 494 51 42 4.

803 654 106 25 Ankom
926 654 41 25 till
985 653 162 34 Riksdagens
1165 653 85 26 kansli
1267 652 51 26 den
1337 651 15 26 2
1369 653 113 25 februari
1501 653 66 27 1912
1584 653 36 25 kl.
1639 654 17 25 4
1673 662 21 17 e.
1713 662 34 18 m,

448 794 202 45 Utlåtande,
690 795 13 35 i
743 794 196 48 anledning
983 794 46 49 af
1060 793 472 48 Jjustitieombudsmannens
1568 793 282 48 framställning

644 862 56 35 till
739 861 209 49 Riksdagen
988 860 186 50 angående
1205 861 157 47 ändring
1389 861 47 47 af
1459 861 307 36 bestämmelserna
1793 873 56 24 om

644 929 172 49 danaarf.

341 1083 64 36 Uti
433 1084 58 34 sin
518 1083 58 35 till
602 1082 249 35 innevarande
878 1081 162 48 Riksdag
1063 1081 143 49 afgifna
1224 1082 68 35 och
1311 1082 58 34 till
1387 1082 242 47 lagutskottet
1648 1082 201 35 hänvisade

240 1133 339 37 ämbetsberättelse
607 1133 65 35 har
691 1133 449 47 justitieombudsmannen
1169 1132 197 43 hemställt,
1382 1137 54 30 att
1464 1132 209 47 Riksdagen
1701 1135 113 33 måtte
1837 1133 13 35 i

240 1184 191 37 skrifvelse
462 1185 57 34 till
549 1184 135 47 Kungl.
712 1183 105 48 Maj:t
844 1184 156 43 anhålla,
1029 1183 61 36 det
1118 1183 136 48 Kungl.
1283 1183 105 47 Maj:t
1414 1184 138 35 täcktes
1580 1184 73 34 låta
1681 1183 169 35 utarbeta

239 1236 69 36 och
348 1235 59 36 för
446 1234 210 48 Riksdagen
697 1233 205 49 framlägga
929 1233 137 49 förslag
1091 1236 57 33 till
1176 1235 71 47 lag,
1276 1232 255 37 innefattande
1554 1234 209 47 jämkning,
1791 1235 58 34 till

240 1286 144 36 förmån
414 1285 58 37 för
499 1285 265 36 efterlefvande
792 1286 115 41 make,
936 1284 40 36 af
999 1285 170 48 gällande
1197 1286 275 35 bestämmelser
1499 1298 58 22 om
1586 1284 165 36 danaarf.

342 1338 72 35 Till
442 1337 83 36 stöd
553 1336 123 36 härför
705 1337 64 34 har
793 1336 466 47 justitieombudsmannen
1289 1334 122 37 anfört
1439 1335 180 48 följande:

342 1388 130 47 Enligt
507 1387 324 36 bestämmelserna
865 1388 12 34 i
917 1390 43 33 15
997 1387 82 48 kap.
1116 1387 241 36 ärfdabalken
1384 1387 91 35 skall
1504 1386 118 36 under
1649 1387 96 35 vissa
1772 1385 77 37 för-

241 1439 210 43 hållanden,
493 1441 120 33 såsom
650 1445 67 28 när
752 1441 120 45 nåvon
902 1438 129 35 aflider
1057 1443 89 31 utan
1175 1443 54 30 att
1256 1438 218 35 efterlämna
1501 1436 201 49 arfvingar,
1731 1437 120 36 arfvet

239 1489 90 36 falla
357 1490 207 48 Konungen
590 1490 70 34 till.
713 1489 130 36 Denna
870 1489 228 48 Konungens
1125 1495 74 30 rätt
1226 1495 41 29 är
1294 1488 205 37 oberoende
1527 1487 115 45 däraf,
1663 1493 53 31 att
1735 1488 113 36 efter-

240 1541 171 36 lefvande
464 1541 106 34 make
596 1541 131 35 finnes.

341 1591 299 48 Lagkommittén
667 1591 105 47 intog
798 1590 227 36 härutinnan
1053 1603 45 23 en
1126 1603 120 23 annan
1275 1590 243 48 ståndpunkt.
1555 1585 29 58 TI
1608 1590 81 35 dess
1709 1589 138 49 förslag

241 1643 57 34 till
331 1643 136 34 allmän
494 1642 148 48 civillag
668 1654 63 23 var
759 1641 152 36 sålunda
941 1640 162 49 följande
1131 1641 202 48 stadgande
1362 1642 35 43 (1
1428 1641 82 48 kap.
1541 1642 45 34 24
1616 1638 17 48 $
1662 1640 186 35 ärfdabal-

241 1690 86 47 ken)
355 1693 161 47 intaget:
551 1692 77 36 »Nu
657 1699 39 29 är
723 1693 32 47 ej
786 1692 167 48 arfvinge
980 1694 72 33 till:
1081 1705 65 22 var
1173 1692 70 35 den
1272 1692 93 35 döde
1392 1691 81 49 gift,
1503 1692 68 35 och
1600 1690 115 37 lefver
1744 1693 102 33 make

241 1743 115 43 efter;
394 1742 88 37 falle
510 1743 228 48 egendomen
766 1744 132 34 maken
925 1743 73 36 till:
1026 1743 119 36 finnes
1173 1744 31 46 ej
1235 1744 121 42 make;
1384 1745 121 46 gånge
1534 1742 227 48 egendomen
1790 1743 58 35 till

241 1795 171 34 kronan.>

343 1844 15 36 I
399 1845 165 35 motiven
604 1843 172 37 anfördes
804 1844 142 36 härom:
977 1844 92 36 >Det
1095 1857 73 36 nya
1195 1844 231 48 stadgandet,
1456 1849 65 38 att,
1549 1845 13 33 i
1588 1843 95 36 brist
1710 1842 39 36 af
1774 1842 76 36 arf-

241 1896 121 47 vinge,
404 1895 71 35 den
512 1895 112 35 dödas
664 1896 116 43 make,
822 1908 59 22 om
922 1895 112 35 sådan
1070 1896 127 41 finnes,
1227 1895 184 35 tillträder
1439 1895 228 47 egendomen
1695 1893 155 36 framför

240 1947 154 42 kronan,
435 1945 346 36 öfverensstämimer
821 1947 98 34 såväl
960 1945 84 36 med
1080 1945 70 35 den
1188 1946 184 35 allmänna
1400 1944 234 49 arfsprincip,
1661 1950 55 30 att
1744 1946 106 33 kvar-

241 1997 239 48 låtenskapen
508 1997 66 35 bör
601 1996 149 48 öfvergå
776 1997 58 35 till
862 1996 82 44 den,
973 2009 78 23 som
1080 2001 150 44 antages
1258 2009 86 23 vara
1371 2003 182 28 närmaste
1581 1995 194 36 föremålet
1796 1995 55 36 för

243 2048 70 34 den
359 2048 154 35 aflidnas
541 2048 125 34 kärlek
693 2048 68 35 och
788 2048 160 47 välvilja,
978 2060 78 22 som
1085 2048 66 34 ock
1180 2047 83 35 med
1292 2047 70 35 den
1390 2047 208 48 grundsats,
1627 2052 54 30 att
1708 2045 143 36 enskild

244 2098 180 47 egendom
453 2099 31 47 ej
516 2098 66 36 bör
609 2097 149 36 tillfalla
785 2103 119 30 staten
932 2097 88 43 förr,
1049 2105 46 28 än
1123 2098 135 35 sådana
1285 2098 178 35 samband
1491 2099 156 34 emellan
1666 2097 71 36 den
1757 2096 94 37 döda

242 2149 68 36 och
338 2152 121 45 någon
487 2148 267 37 efterlefvunde
782 2162 132 36 person
944 2149 163 36 saknas.»

345 2199 329 49 Lagberedningen
714 2204 115 44 ansåg
868 2200 175 35 likaledes
1083 2199 281 49 ifrågavarande
1403 2204 75 31 rätt
1517 2199 90 36 böra
1645 2200 207 34 tillkomma

243 2249 266 37 efterlefvande
549 2252 105 34 make
695 2264 85 22 men
821 2251 132 47 gjorde
989 2250 190 49 undantag
1216 2250 56 36 för
1308 2251 62 35 det
1406 2250 76 41 fall,
1520 2256 53 30 att
1605 2250 246 36 förhållandet

343 2314 113 34 Biharg
473 2314 42 26 till
533 2314 175 34 Riksdagens
722 2315 135 33 protokoll
876 2314 85 27 1912.
996 2314 20 26 3
1034 2315 78 26 saml.
1147 2314 20 27 3
1185 2314 69 34 häft.
1291 2315 57 32 (Nr
1366 2314 96 34 4-5.)
1736 2315 13 24 1
