2184 2622
435 180 18 29 6
897 181 262 34 Statsutskottets
1189 183 172 33 Utlåtande
1384 186 62 31 N:o
1468 189 49 28 60.

393 266 116 32 staten
549 265 129 34 fortast
719 266 132 44 möjligt
895 268 141 44 vidtoge
1075 269 159 44 kraftiga
1274 268 167 46 åtgärder
1481 272 53 34 för
1562 273 245 43 torrläggning
1835 273 39 34 af
1899 274 99 34 dessa

394 313 162 36 områden
585 318 91 31 samt
704 319 53 31 att
784 321 134 31 statens
946 319 196 45 främjande
1170 321 39 33 af
1232 321 277 35 kolonisationen
1536 333 83 25 vore
1643 325 52 32 ett
1714 326 87 32 stort
1820 322 177 37 önskemål

393 363 89 36 både
521 376 41 24 ur
603 366 202 36 ekonomisk
845 369 65 34 och
943 370 105 35 social
1076 372 190 43 synpunkt,
1295 376 85 32 enär
1407 373 198 43 derigenom
1633 374 136 34 landets
1796 372 162 36 välstånd
1985 376 11 33 i

394 416 126 44 högsta
559 414 109 37 måtto
708 417 188 45 främjades
939 421 62 34 och
1042 431 41 24 en
1123 422 59 34 vid
1223 422 76 34 hem
1335 423 64 34 och
1432 423 191 35 fosterland
1652 423 114 36 fästad
1794 425 203 44 befolkning

394 477 144 30 vunnes,
580 467 164 44 fördelar,
785 479 69 24 som
896 470 78 35 icke
1014 482 68 33 nog
1113 473 116 34 kunde
1252 474 219 42 uppskattas.
1525 473 96 36 Från
1649 476 346 34 kommunalstämma

395 517 77 34 med
511 516 261 45 Korpilombolo
811 521 128 34 socken
978 522 89 34 hade
1106 521 219 45 framhållits,
1360 527 55 32 att
1442 526 179 43 betydliga
1649 526 121 34 vidder
1797 526 200 44 odlingsbar

392 567 80 44 jord
511 568 123 34 funnes
674 566 22 37 &å
734 571 286 43 kronoparkerna
1061 573 64 34 och
1153 576 54 32 att
1234 574 97 34 dessa
1359 575 124 35 vidder
1509 577 111 34 skulle
1652 574 262 46 mångdubblas,
1944 587 52 24 om

396 621 116 31 staten
539 619 168 34 utdikade
735 621 40 34 de
803 621 171 45 ofantliga
1002 623 121 35 vidder
1151 624 221 44 odlingsbara
1404 636 119 33 myrar
1549 627 64 34 och
1641 627 111 34 sanka
1776 628 139 33 marker
1934 628 62 34 och

395 671 55 32 att
490 669 197 43 derigenom
728 672 213 44 närbelägna
981 675 104 42 byars
1119 675 64 34 och
1210 675 176 35 hemmans
1413 674 153 37 åkerfält
1593 677 116 35 blefve
1736 677 153 35 befriade
1918 677 77 35 från

396 719 132 34 frosten
569 720 63 34 och
673 721 41 34 de
741 726 98 31 snart
866 724 103 43 sagdt
996 722 133 46 årligen
1158 723 283 38 återkommande
1469 728 209 34 missväxter
1705 729 197 43 derigenom
1930 729 66 34 för-

395 780 144 24 svunne.
593 769 102 36 Mala
722 773 207 35 socknemän
958 775 86 34 hade
1072 774 204 45 framhållit,
1305 780 54 31 att
1386 778 231 44 utdikningar
1645 779 39 34 af
1709 779 178 43 befintliga
1907 790 88 32 myr-

397 821 140 34 marker
568 821 117 35 blefve
713 823 53 34 till
793 834 94 33 gagn
915 822 87 37 både
1029 826 54 34 för
1111 829 115 32 staten
1255 827 62 34 och
1344 828 66 34 den
1439 830 166 41 enskilde,
1634 827 45 36 då
1705 830 198 43 derigenom
1931 831 65 33 den

396 872 175 33 allmänna
612 872 316 46 frostländigheten
956 876 198 35 minskades
1182 880 89 31 samt
1297 878 223 44 odlingsbara
1548 890 119 33 myrar
1694 880 113 34 kunde
1835 879 161 45 upplåtas

396 922 54 33 till
478 922 40 34 de
547 922 156 35 enskilde
731 924 52 34 till
808 926 191 44 uppodling
1025 928 63 33 och
1116 928 238 43 bebyggande.
1395 928 135 37 Vidare
1557 931 199 42 betonades,
1785 933 54 32 att
1865 931 132 44 möjlig-

395 972 105 34 heten
540 972 53 34 för
634 974 156 35 enskilde
830 979 54 31 att
925 975 132 37 erhålla
1089 976 132 37 sådana
1248 979 204 43 lägenheter
1476 978 44 46 på
1546 981 121 44 billiga
1694 982 114 34 vilkor
1835 992 84 24 vore
1947 985 50 31 ett

397 1023 194 44 trängande
619 1024 113 35 behof.

529 1071 95 37 Från
661 1073 212 47 Arjeplougs
913 1078 125 34 socken
1078 1079 187 41 uttalades,
1306 1083 53 31 att
1386 1078 167 47 åtgärder
1579 1082 11 34 i
1618 1081 377 46 kolonisationsfrågan

396 1134 83 24 vore
507 1124 52 35 för
586 1125 114 35 denna
727 1127 220 35 vidsträckta
974 1129 63 34 och
1063 1130 92 42 glest
1170 1130 182 35 befolkade
1368 1132 128 34 socken
1514 1132 103 44 högst
1637 1133 234 43 nödvändiga,
1891 1134 104 34 bland

395 1178 110 31 annat
544 1175 53 34 för
625 1174 200 37 erhållande
853 1177 39 34 af
917 1188 89 34 egna
1034 1179 76 34 hem
1138 1178 38 36 åt
1204 1183 51 32 ett
1282 1184 88 32 stort
1397 1183 98 33 antal
1523 1183 104 34 bland
1654 1183 341 45 lappbefolkningen,

395 1235 72 24 som
494 1226 12 33 i
533 1225 85 44 följd
647 1226 40 35 af
710 1228 269 44 renhjordarnes
1007 1240 103 24 snara
1138 1231 200 44 minskning
1363 1230 91 37 måst
1481 1231 50 36 slå
1547 1234 53 43 sig
1619 1234 66 34 ned
1704 1244 70 24 som
1791 1235 205 43 nybyggare

395 1276 65 34 och
498 1276 139 34 hvilkas
678 1278 160 35 bostäder
878 1279 54 34 till
969 1283 127 32 största
1125 1282 100 34 delen
1253 1283 148 34 befunne
1429 1283 54 44 sig
1510 1283 162 35 ofvanför
1699 1285 64 34 den
1791 1282 38 37 så
1856 1285 139 35 kallade

395 1327 285 44 kulturgränsen.

531 1377 34 34 A
592 1378 347 37 kommunalstämma
967 1382 76 34 med
1070 1381 127 45 Pajala
1225 1384 125 34 socken
1378 1384 89 35 hade
1495 1386 148 34 uttalats
1671 1386 65 33 den
1764 1386 149 43 mening,
1942 1389 53 32 att

395 1427 93 34 inom
516 1428 151 35 socknen
695 1430 123 35 funnes
845 1434 96 32 stora
970 1433 135 34 arealer
1128 1434 40 33 af
1192 1444 128 33 myrar,
1349 1435 141 35 hvilkas
1516 1436 188 44 utdikning
1730 1433 43 46 på
1792 1439 134 32 statens
1941 1438 53 33 be-

394 1478 150 34 kostnad
584 1480 114 34 skulle
738 1491 86 24 vara
866 1482 54 34 till
952 1486 88 31 stort
1071 1494 94 33 gagn
1198 1484 53 34 för
1282 1488 98 31 orten
1408 1486 143 34 likasom
1580 1490 54 31 att
1662 1484 21 37 å
1710 1487 285 43 kronoparkerna

394 1529 92 34 inom
518 1529 150 35 socknen
704 1531 121 35 funnes
853 1535 95 32 stora
976 1534 121 34 vidder
1124 1535 199 43 odlingsbar
1347 1535 92 45 jord,
1468 1537 141 44 lämplig
1635 1537 55 34 för
1716 1538 279 35 hemmansbruk.

529 1579 95 36 Från
653 1581 125 44 Elfsby
805 1583 125 34 socken
959 1584 88 34 hade
1075 1583 220 45 framhållits,
1323 1589 54 31 att
1404 1587 253 35 realiserandet
1680 1588 39 34 af
1734 1589 261 34 kolonisations-

395 1627 126 47 frågan
561 1641 83 25 vore
687 1633 101 43 högst
826 1634 170 44 lämpligt,
1037 1636 135 43 nyttigt
1213 1636 62 34 och
1314 1637 227 44 nödvändigt,
1579 1639 72 34 dels
1678 1639 76 34 med
1781 1639 134 43 hänsyn
1944 1639 53 35 till

395 1681 163 33 markens
599 1683 229 43 uppodlande,
870 1685 254 43 skogsväxtens
1165 1686 239 44 befrämjande
1446 1689 63 34 och
1544 1689 179 35 klimatets
1756 1689 240 35 förbättrande

396 1732 64 33 och
488 1731 71 34 dels
587 1734 76 33 med
692 1734 133 43 hänsyn
852 1735 55 34 till
935 1739 54 30 att
1015 1746 41 24 en
1085 1740 72 31 stor
1185 1737 54 34 del
1267 1738 38 33 af
1328 1739 170 34 socknens
1524 1740 73 34 lösa
1625 1740 213 43 befolkning,
1867 1750 70 24 som
1962 1742 35 33 at

395 1782 186 43 fattigdom
610 1784 86 34 eller
723 1785 108 33 andra
860 1786 143 34 orsaker
1030 1797 82 24 vore
1140 1785 219 37 urståndsatt
1386 1792 55 31 att
1467 1787 44 46 på
1538 1794 108 30 annat
1672 1793 71 31 sätt
1762 1790 167 35 förskaffa
1945 1792 53 43 sig

396 1842 91 33 egna
515 1833 88 43 hem,
632 1834 93 44 finge
752 1833 129 36 sådana
910 1834 38 36 åt
975 1837 52 44 sig
1053 1835 168 46 upplåtna
1249 1837 43 44 på
1311 1839 120 44 billiga
1451 1841 114 34 vilkor
1584 1841 63 35 och
1667 1841 198 44 derigenom
1882 1842 116 34 kunde

394 1883 157 35 undvika
578 1888 54 30 att
659 1885 137 35 komma
822 1888 72 32 stat
922 1888 63 33 och
1012 1889 163 34 kommun
1204 1889 52 34 till
1282 1890 76 33 last.

529 1934 365 45 Landstingsmannen
935 1937 197 36 Lestadius
1173 1940 64 34 och
1268 1938 263 37 föreständaren
1572 1942 53 34 för
1657 1941 214 36 Lannavara
1903 1943 93 43 lapp-

397 1984 89 42 hem,
515 1983 203 47 Lundborg,
747 1987 179 44 betonade,
955 1992 53 30 att
1034 1990 91 34 inom
1149 1989 236 45 Jukkasjärvi
1414 1992 123 34 funnes
1565 1992 167 35 öfverflöd
1752 1993 38 34 af
1807 1993 53 34 för
1880 1994 116 43 odling

396 2035 164 43 lämpliga
600 2037 204 35 torfmossar
831 2037 20 35 äå
877 2039 241 43 kronoparker
1151 2041 63 34 och
1247 2051 114 24 annan
1390 2043 100 33 mark
1518 2044 62 34 och
1608 2046 55 31 att
1690 2053 192 24 mossarnes
1910 2048 85 30 torr-

396 2085 167 44 läggning
602 2088 113 34 skulle
748 2088 108 34 blifva
889 2089 39 34 af
958 2090 124 43 högsta
1109 2092 179 42 betydelse
1315 2092 54 34 för
1397 2094 135 33 landets
1559 2094 214 43 utveckling.
1827 2093 57 35 +De
1912 2104 83 25 vore

395 2135 55 34 för
477 2136 52 34 sin
556 2137 55 34 del
643 2138 242 44 öfvertygade,
919 2143 54 31 att
1006 2140 52 35 för
1082 2141 323 44 jordbruksskötsel
1433 2144 113 34 afsedt
1570 2144 173 44 jordbruk
1769 2145 115 33 kunde
1911 2145 85 34 lika-

395 2187 59 33 väl
487 2187 134 35 drifvas
654 2189 161 34 ofvanför
848 2190 286 44 odlingsgränsen
1163 2203 70 24 som
1262 2193 168 35 nedanför
1458 2195 208 42 densamma,
1695 2195 139 34 hvadan
1861 2196 12 33 i
1901 2196 97 34 detta

395 2236 163 36 afseende
585 2243 152 40 gränsen
765 2241 154 34 saknade
947 2242 46 33 all
1021 2243 189 42 betydelse.
1265 2241 51 36 På
1342 2246 113 42 grund
1484 2246 38 33 af
1546 2246 65 33 den
1639 2246 192 35 materiella
1859 2247 141 34 utveck-
