2210 2616
218 801 138 24 Utskottets

217 837 130 28 yttrande.

467 198 44 31 26
878 203 258 35 Statsutskottets
1170 208 176 33 Utlåtande
1373 211 65 32 N:o
1470 215 53 30 78.

411 278 114 37 heten
556 280 169 38 medföra
754 282 213 52 besparing.
1025 287 74 36 Det
1117 289 109 36 torde
1246 289 92 38 böra
1358 291 191 50 tilläggas,
1570 300 67 42 att,
1659 308 61 24 om
1740 297 119 38 andra
1879 299 124 50 bygg-

411 330 255 39 nadsarbeten
706 338 48 31 än
797 335 97 48 dem,
932 350 81 24 som
1041 338 152 38 tillhöra
1221 343 254 47 uppförandet
1502 345 43 37 af
1567 342 438 63 kasernetablissemang

409 381 60 37 för
509 382 293 51 ifrågavarande
842 387 145 38 femton
1028 398 259 43 regementen,
1326 396 116 37 varda
1479 399 38 34 åt
1553 398 296 41 kommissionen
1879 404 126 37 anför-

409 434 148 49 trodda,
595 438 266 38 motsvarande
899 440 60 37 del
989 442 40 36 af
1053 443 255 39 kostnaderna
1337 446 59 38 för
1423 448 302 41 kommissionen
1754 466 48 24 m.
1833 468 47 23 m.
1910 456 93 37 böra

408 485 146 38 betalas
583 488 41 36 af
648 488 46 38 de
721 489 58 37 till
807 491 140 38 sådana
975 494 157 38 arbeten
1161 497 180 38 anvisade
1370 500 133 37 medel.

511 538 86 38 Med
639 540 45 38 de
725 555 51 23 nu
817 543 42 36 af
895 545 79 48 mig
1005 547 138 48 gjorda
1170 549 224 38 uttalanden
1423 553 72 36 och
1522 553 189 39 förbehåll
1740 556 169 39 ansluter
1932 559 71 48 jag

407 589 79 49 mig
513 590 57 37 till
598 591 62 37 det
688 592 146 52 förslag
862 598 196 48 angående
1086 598 234 40 inrättandet
1348 603 41 36 af
1413 617 46 24 en
1476 600 526 62 kasernbyggnadskommis-

406 641 84 37 sion
531 656 48 23 m.
609 658 61 34 m.,
708 658 81 24 som
824 647 222 40 framställts
1075 651 42 37 af
1140 651 571 53 kasernbyggnadskommittén
1740 661 72 37 och
1840 662 46 37 de
1915 663 85 37 sak-

406 693 202 51 kunniga.»

507 796 90 38 Som
630 799 73 37 den
731 801 42 36 af
798 801 141 50 Kungl.
970 804 106 48 Maj:t
1104 806 219 51 föreslagna
1351 809 647 52 kasernbyggnadskommissionen

404 861 114 36 synes
546 863 89 24 vara
663 852 60 36 för
752 852 65 37 det
845 854 156 38 afsedda
1029 857 214 38 ändamålet
1270 859 169 52 lämplig,
1473 863 69 37 har
1569 865 187 38 utskottet
1783 868 126 37 funnit
1937 870 60 49 sig

403 899 93 37 böra
532 902 147 38 ansluta
713 904 61 49 sig
802 905 57 36 till
887 906 185 50 förslaget
1100 923 60 24 om
1188 911 234 39 inrättandet
1449 915 43 36 af
1516 929 46 23 en
1591 917 115 38 sådan
1736 919 259 39 kommission.

401 951 17 36 I
447 952 105 38 detta
581 956 276 51 sammanhang
884 958 67 38 har
978 961 186 37 utskottet
1193 963 210 39 emellertid
1432 966 103 37 velat
1563 968 198 39 framhålla
1787 972 207 38 önskvärd.

400 1003 115 38 heten
544 1006 42 36 af
610 1012 55 31 att
693 1008 49 36 all
771 1022 155 37 omsorg
953 1012 214 50 nedlägges
1196 1015 129 49 därpå,
1355 1022 55 31 att
1442 1019 46 36 de
1508 1020 42 35 af
1566 1020 139 49 Kungl.
1726 1022 107 49 Maj:t
1852 1024 143 38 äskade

401 1056 68 36 och
506 1057 42 36 af
580 1058 221 49 Riksdagen
837 1061 188 49 beviljade
1054 1065 184 50 anslagen
1267 1067 59 37 för
1353 1069 256 50 uppförandet
1636 1073 42 36 af
1703 1074 292 49 ifrågavarande

403 1109 43 34 15
481 1108 439 54 kasernetablissemang
946 1114 83 38 icke
1057 1122 90 31 utan
1175 1118 168 51 verkligt
1370 1121 210 50 tvingande
1609 1124 82 37 skäl
1719 1127 274 51 öfverskridas,

399 1159 210 49 hvarjämte
637 1163 186 38 utskottet
853 1165 229 51 förutsätter,
1112 1174 55 31 att
1194 1170 239 51 ritningarna
1461 1174 58 36 till
1544 1175 45 36 de
1607 1177 139 37 »andra
1767 1178 227 51 byggnader

397 1211 61 36 för
486 1214 162 48 armén»,
677 1214 150 39 hvilkas
856 1218 238 49 uppförande
1123 1222 119 36 under
1270 1223 72 37 den
1372 1224 64 49 tid,
1465 1226 297 40 kommissionen
1788 1235 42 32 är
1849 1233 144 37 samlad

397 1263 61 37 för
485 1264 259 50 fullgörandet
772 1268 44 36 af
839 1269 87 37 dess
955 1272 196 49 egentliga
1178 1275 187 50 uppdrag,
1394 1280 62 33 må
1483 1278 150 38 komma
1661 1286 56 32 att
1735 1283 257 39 öfverlämnas

397 1315 56 36 till
481 1317 308 50 kommissionen,
818 1320 118 39 blifva
963 1325 225 47 upprättade
1218 1326 93 38 eller
1330 1329 216 48 granskade
1565 1332 42 36 af
1623 1332 127 38 därtill
1769 1331 224 59 kompetent

397 1367 137 38 militär
563 1371 235 49 myndighet.

497 1420 131 38 Under
668 1423 239 50 åberopande
948 1426 42 37 af
1027 1427 99 38 hvad
1168 1430 157 37 sålunda
1361 1432 126 37 blifvit
1524 1434 163 50 anfördt,
1718 1437 59 37 får
1804 1440 188 38 utskottet

394 1470 211 51 hemställa,

894 1587 54 32 att
984 1583 142 49 Kungl.
1166 1585 125 49 Maj:ts
1320 1588 248 40 förevarande
1596 1594 238 48 proposition
1863 1599 60 34 må
1950 1598 44 37 af

790 1632 218 52 Riksdagen
1036 1636 160 39 bifallas.

495 1696 222 40 Stockholm
745 1700 74 38 den
851 1704 44 34 12
925 1704 96 48 april
1052 1707 109 36 1907.

897 1806 52 38 På
977 1810 307 39 statsutskottets
1313 1817 162 44 vägnar:

1029 1913 38 36 P.
1098 1913 246 39 PEHRSON.

489 2059 75 38 Det
593 2061 120 38 skulle
742 2063 70 37 här
839 2066 218 48 antecknas,
1086 2073 56 32 att
1169 2069 89 37 herr
1285 2072 42 35 L.
1357 2073 173 37 Eriksson
1558 2074 83 38 icke
1670 2076 162 50 deltagit
1851 2079 11 36 i
1882 2080 100 36 före-

386 2112 156 37 stående
571 2114 160 37 ärendes
761 2116 311 52 slutbehandling
1098 2120 102 37 inom
1228 2123 195 38 utskottet.

842 2325 174 30 Stockholm,
1035 2327 34 24 K.
1088 2328 30 23 L.
1138 2328 161 27 Beckmans
1317 2311 106 53 Boktr.,
1444 2316 75 43 1907.
