2210 2624
674 196 260 34 Statsutskottets
967 193 177 34 Utlåtande
1171 192 65 32 N:o
1268 193 51 30 78.
1723 186 20 31 3

203 280 434 47 kasernetablissemang
657 279 59 36 för
745 277 142 46 armén,
915 275 107 37 torde
1043 288 45 23 en
1108 271 209 39 kortfattad
1337 269 184 39 öfversikt
1540 268 92 37 böra
1651 267 146 36 lämnas

208 337 42 37 af
279 334 237 48 Riksdagens
558 329 248 40 omförmälda
844 327 223 38 skrifvelser
1100 326 121 49 jämte
1258 324 47 36 de
1348 320 337 49 framställningar,
1715 331 80 24 som

203 387 189 38 föranledt
420 386 202 45 desamma,
651 383 199 36 äfvensom
880 381 40 36 af
945 379 46 37 de
1012 379 213 36 sedermera
1243 376 12 36 i
1275 374 207 49 anledning
1500 373 41 37 af
1558 372 111 37 dessa
1689 370 109 38 skrif-

203 440 124 37 velser
355 438 118 37 hörda
501 435 290 51 myndigheters
819 431 217 52 yttranden.

308 492 222 47 Riksdagens
571 489 42 36 år
655 487 98 36 1905
786 485 230 51 församlade
1055 483 172 36 revisorer
1267 479 97 37 hade
1403 478 52 36 uti
1497 477 59 36 sin
1592 474 206 38 berättelse

204 543 214 47 framhållit,
461 540 115 38 bland
617 543 128 42 annat,
788 542 55 32 att
884 532 530 52 kasernbyggnadsarbetena
1444 532 20 34 å
1492 528 151 37 Rindön
1672 526 127 49 dragit

205 595 216 47 kostnader,
464 607 78 23 som
585 591 87 37 med
715 588 196 38 afsevärdt
948 587 100 48 höga
1086 585 138 49 belopp
1259 581 216 49 öfverstigit
1502 580 99 37 hvad
1632 592 81 24 som
1740 592 60 22 ur-

206 647 254 51 sprungligen
495 644 131 38 härför
661 642 215 38 beräknats.
932 640 73 36 Det
1041 637 97 38 hade
1177 635 180 38 särskildt
1394 633 149 48 ådragit
1571 632 61 48 sig
1659 630 142 38 reviso-

206 713 130 25 rernas
373 695 349 53 uppmärksamhet,
760 698 55 33 att
855 692 85 37 icke
983 691 146 37 arbetet
1165 688 11 37 i
1205 688 59 36 sin
1293 686 127 38 helhet
1448 683 186 50 utbjudits
1662 685 47 47 på
1738 696 63 23 en-

205 751 215 51 treprenad,
459 750 69 36 och
565 748 121 48 enligt
723 746 260 37 revisorernas
1011 740 248 39 förmenande
1287 752 92 24 vore
1407 738 65 36 det
1498 735 303 49 förfaringssätt,

206 804 138 38 hvaraf
375 800 286 39 vederbörande
699 798 63 37 vid
800 797 104 36 detta
931 794 148 38 tillfälle
1107 793 197 49 begagnat
1332 791 71 47 sig,
1432 788 144 50 ägnadt
1604 792 55 32 att
1688 787 113 36 fram-

206 856 101 38 kalla
334 855 129 37 starka
491 850 246 47 tvifvelsmål,
767 847 186 39 huruvida
982 846 61 37 det
1073 850 155 44 system,
1258 856 80 24 som
1366 842 59 37 för
1453 839 239 39 närvarande
1717 838 85 49 följ-

208 910 66 36 des
303 907 85 37 med
417 904 179 38 afseende
625 907 20 33 å
673 902 129 49 dylika
830 899 293 49 anläggningar,
1153 896 126 37 kunde
1308 907 110 25 anses
1437 890 363 40 tillfredsställande.

207 962 16 36 I
261 961 102 36 detta
400 957 182 37 afseende
620 959 131 46 syntes
787 953 57 37 till
883 965 45 24 en
957 951 136 49 början
1120 949 95 37 böra
1242 947 166 47 fastslås,
1438 950 55 32 att
1520 949 91 32 utan
1641 956 48 24 en
1716 941 87 38 fullt

208 1010 263 52 betryggande
509 1009 71 36 och
609 1006 220 49 sakkunnig
855 1003 168 38 kontroll
1051 1001 119 49 nödig
1198 999 180 38 säkerhet
1404 998 60 36 för
1493 996 167 38 arbetets
1689 994 114 37 behö-

207 1066 85 48 riga
318 1061 201 39 utförande
547 1060 83 37 icke
660 1058 128 37 kunde
815 1057 145 37 vinnas.
1014 1054 139 37 Vidare
1183 1057 131 45 syntes
1343 1049 85 38 med
1457 1048 81 38 skäl
1567 1048 131 36 kunna
1715 1046 88 37 ifrå-

208 1121 184 46 gasättas,
428 1112 184 39 huruvida
647 1111 84 37 icke
767 1110 60 37 för
865 1106 214 40 ändamålet
1115 1105 132 47 borde,
1280 1104 12 36 i
1319 1103 121 37 likhet
1467 1100 87 38 med
1582 1099 100 38 hvad
1711 1112 91 34 som,

209 1169 122 48 enligt
357 1166 164 50 uppgift,
551 1164 102 37 skett
681 1164 12 35 i
721 1161 208 51 Tyskland,
958 1160 160 36 inrättas
1146 1170 46 24 en
1221 1156 42 37 af
1287 1154 240 48 sakkunniga
1560 1151 106 38 såväl
1694 1151 111 37 civila

210 1234 83 24 som
321 1219 161 37 militära
509 1229 187 37 personer
724 1217 249 34 sammansatt
992 1208 360 52 byggnadsnämnd,
1372 1205 157 38 hvilken
1549 1204 121 37 skulle
1690 1203 115 36 hafva

209 1278 57 32 att
304 1271 80 37 dels
420 1269 168 50 granska
615 1266 217 51 uppgjorda
861 1263 146 49 förslag
1034 1262 58 36 till
1120 1274 75 36 nya
1223 1259 92 37 eller
1344 1257 165 38 ändrade
1539 1255 265 48 kasernbygg-

211 1324 128 47 nader,
382 1322 82 36 delse
506 1320 70 37 ock
617 1318 134 38 utöfva
791 1316 120 49 nödig
938 1315 131 48 tillsyn
1097 1312 11 37 i
1138 1311 180 38 afseende
1348 1313 20 34 å
1396 1309 165 38 arbetets
1590 1306 212 38 utförande.

212 1377 147 37 Genom
388 1388 47 23 en
463 1373 104 50 dylik
596 1370 217 47 anordning
842 1367 122 38 skulle
993 1363 284 49 otvifvelaktigt
1304 1365 49 47 på
1381 1362 104 37 detta
1505 1359 152 38 område
1677 1359 128 36 kunna

210 1430 147 49 uppnås
387 1431 121 32 större
537 1424 116 37 enhet
681 1422 71 37 och
781 1419 238 48 samverkan,
1049 1422 46 32 än
1119 1416 101 37 hvad
1240 1416 60 36 för
1318 1412 237 39 närvarande
1576 1424 91 24 vore
1688 1410 116 36 fallet.

212 1480 234 49 Därigenom
475 1476 119 38 skulle
625 1475 72 37 ock
725 1473 87 37 med
841 1471 178 38 säkerhet
1047 1482 102 24 mera
1179 1466 248 49 fullständiga
1453 1464 253 48 utredningar
1735 1462 71 37 och

212 1546 102 23 mera
333 1529 242 49 tillförlitliga
594 1524 445 48 kostnadsberäkningar
1058 1522 128 36 kunna
1206 1519 162 38 erhållas
1389 1522 98 33 samt
1501 1516 206 38 afvikelser
1723 1513 84 38 från

212 1583 294 51 ursprungligen
533 1579 215 51 uppgjorda
776 1578 133 49 planer
928 1574 185 38 undvikas
1133 1573 196 37 äfvensom
1351 1584 45 24 en
1416 1568 191 39 önskvärd
1627 1568 180 47 begräns-

213 1637 93 48 ning
333 1635 39 37 af
399 1633 258 38 kostnaderna
685 1630 290 37 åstadkommas.

316 1687 56 36 Då
413 1691 100 31 ännu
545 1687 137 45 många
715 1682 70 36 och
815 1685 101 32 stora
943 1674 503 51 kasernbyggnadsarbeten
1475 1670 206 46 förestode,
1710 1669 96 37 hade

213 1739 240 38 revisorerna
480 1740 126 33 ansett
634 1735 61 48 sig
723 1734 91 36 böra
834 1735 20 33 å
877 1732 66 35 här
971 1729 158 37 anförda
1156 1725 265 39 förhållanden
1450 1724 98 36 fästa
1568 1721 240 49 Riksdagens

216 1790 186 38 särskilda
430 1786 346 52 uppmärksamhet.

318 1843 217 46 Riksdagen,
556 1852 80 23 som
656 1838 10 36 i
687 1837 57 36 sin
765 1833 281 39 ofvannämnda
1065 1831 184 51 skrifvelse
1268 1831 67 35 den
1354 1829 43 36 27
1422 1828 97 48 april
1539 1826 112 47 1906,
1671 1837 57 25 n:o
1749 1824 58 46 87,

215 1894 175 51 upptagit
409 1893 104 36 detta
532 1889 357 39 statsrevisorernas
911 1884 205 39 anförande
1137 1883 69 37 och
1226 1882 11 36 i
1256 1881 120 36 likhet
1395 1879 85 37 med
1499 1879 86 36 dem
1602 1876 136 48 funnit,
1756 1880 53 32 att

216 1945 441 50 entreprenadsystemet
683 1941 83 36 icke
795 1939 127 37 blifvit
950 1938 11 36 i
986 1934 193 39 önskvärd
1198 1932 232 48 omfattning
1448 1929 227 50 tillämpadt,
1696 1929 112 36 fram-

216 1999 77 36 höll
333 1998 12 35 i
387 1995 207 48 anledning
634 1992 114 37 häraf
772 1992 71 35 och
872 1990 85 37 med
986 1987 178 38 afseende
1194 1988 20 34 å
1246 1985 45 36 de
1320 1983 198 48 ansenliga
1545 1980 264 48 kasernbygg-

216 2049 265 45 nadsarbeten,
511 2060 79 23 som
618 2044 121 37 under
768 2043 72 36 den
871 2045 189 32 närmaste
1089 2037 205 38 framtiden
1314 2034 120 37 skulle
1453 2034 157 45 utföras,
1631 2033 178 35 hurusom

218 2102 64 36 det
309 2113 90 23 vore
429 2099 41 36 af
493 2098 93 45 vikt,
606 2101 54 32 att
682 2096 123 35 denna
823 2088 450 53 byggnadsverksamhet
1292 2089 116 34 måtte
1428 2085 115 37 varda
1563 2087 48 46 på
1631 2088 55 32 ett
1706 2095 104 23 mera

219 2149 348 41 tillfredsställande
610 2152 75 32 sätt
726 2145 180 49 planlagd
949 2143 69 37 och
1055 2140 154 38 ordnad.
1278 2129 192 57 Åtgärder
1508 2140 130 45 syntes
1681 2134 128 37 vidare

219 2207 92 36 böra
338 2203 175 47 vidtagas
544 2200 58 36 för
631 2195 334 40 åstadkommande
994 2194 41 37 af
1060 2206 48 24 en
1136 2204 105 24 mera
1269 2190 177 36 verksam
1475 2187 178 37 kontroll.
1712 2184 98 37 Slut-

219 2257 103 49 ligen
369 2257 119 45 ansåg
533 2252 59 48 sig
637 2249 220 48 Riksdagen
895 2248 91 36 böra
1022 2245 236 47 ifrågasätta,
1288 2255 60 23 om
1390 2241 32 47 ej
1467 2239 104 37 såväl
1608 2238 65 36 vid
1706 2237 103 36 kost-

220 2305 373 49 nadsberäkningars
621 2300 254 52 upprättande
904 2312 80 24 som
1014 2296 62 37 vid
1105 2294 234 38 kontrolleng
1368 2291 208 37 utöfvande
1606 2289 146 38 biträde
1772 2288 42 37 af

222 2360 110 36 civila
361 2359 165 37 element
554 2354 118 38 borde
700 2353 10 36 i
742 2357 120 33 större
890 2348 269 48 utsträckning
1187 2352 47 31 än
1262 2343 135 39 hittills
1426 2342 144 38 anlitas.

1842 483 163 30 Riksdagens

1843 518 157 30 skrifvelser.
