2214 2616
451 193 44 32 22
864 196 259 34 Statsutskottets
1156 199 177 34 Utlåtande
1362 201 62 32 N:o
1455 204 53 30 78.

498 279 67 43 att,
612 275 127 38 därest
780 276 297 40 kommissionen
1114 280 97 37 efter
1251 281 246 38 infordrande
1530 283 41 36 af
1601 285 384 49 entreprenadanbud

395 325 122 37 finner
545 326 60 37 för
633 333 122 31 staten
785 328 308 51 fördelaktigare,
1124 337 53 31 att
1205 337 55 32 ett
1288 333 356 51 byggnadsföretag
1669 337 236 38 omedelbart
1928 344 58 31 ut-

395 378 101 36 föres
537 392 139 35 genom
717 380 319 40 kommissionens
1078 384 162 49 försorg,
1270 384 110 51 fråga
1420 387 133 36 härom
1594 388 97 37 skall
1732 390 253 38 underställas

395 429 142 50 Kungl.
567 430 127 50 Maj:ts
723 432 198 50 pröfning;

499 487 55 31 att
581 483 11 35 i
621 483 132 37 sådant
785 484 65 38 fall
888 486 196 50 samtidigt
1111 487 157 38 härmed
1302 489 106 37 skola
1441 490 232 50 framläggas
1703 492 81 38 dels
1813 493 172 38 fullstän-

395 532 89 49 diga
513 534 186 50 ritningar
727 536 70 37 och
827 537 344 51 situationsplaner,
1211 540 233 48 detaljerade
1472 542 332 51 kostnadsförslag
1832 546 70 36 och
1927 560 58 23 ar-

393 584 375 52 betsbeskrifningar
797 594 98 31 samt
922 590 146 49 förslag
1103 591 56 37 till
1189 592 184 38 särskilda
1406 594 285 38 bestämmelser
1719 598 160 36 rörande
1908 598 76 36 för-

392 636 326 52 rådsförvaltning
746 640 70 37 och
845 641 206 50 bokföring
1078 646 20 33 å
1125 643 289 51 arbetsplatsen,
1447 646 80 37 dels
1547 647 71 36 ock
1638 647 149 50 förslag
1806 652 19 34 å
1841 649 143 37 arbets-

392 688 126 37 ledare
559 690 64 36 vid
656 691 406 52 byggnadsföretaget,
1105 695 151 37 hvartill
1294 698 32 48 ej
1370 700 137 46 någon,
1552 712 82 23 som
1665 700 84 36 icke
1780 701 205 49 ådagalagt

394 740 145 37 erkänd
567 742 231 50 skicklighet
827 745 71 36 och
927 746 200 49 duglighet
1156 752 54 32 att
1242 749 104 36 såväl
1385 750 480 40 tekniskt-administrativt
1903 767 81 23 som

392 792 241 38 ekonomiskt
660 795 85 37 leda
775 796 447 51 husbyggnadsarbeten,
1256 804 62 33 må
1349 801 259 48 ifrågasättas;
1639 809 99 31 samt

494 850 57 31 att
591 846 64 37 det
683 847 97 37 skall
810 848 128 49 åligga
971 851 390 50 arméförvaltningen
1399 856 20 34 å
1447 854 110 37 civila
1585 855 306 49 departementet
1928 862 55 31 att

394 899 48 45 på
479 897 223 38 rekvisition
732 899 286 40 tillhandahålla
1046 903 295 38 kommissionen
1370 905 67 36 och
1473 906 88 37 dess
1590 907 254 38 kassakontor
1871 909 46 36 de
1945 910 42 36 af

389 947 220 51 Riksdagen
637 950 56 36 till
721 965 76 35 nya
826 952 366 52 kasernbyggnader
1221 956 185 50 anslagna
1434 958 154 37 medel»

492 1154 133 38 Såsom
653 1157 41 36 af
718 1157 64 37 det
810 1159 232 49 föregående
1070 1160 176 49 framgår,
1273 1161 67 38 har
1362 1165 95 35 1906
1479 1167 60 34 års
1558 1165 172 50 Riksdag
1748 1167 70 36 hos
1837 1163 143 58 Kungl.

388 1206 107 49 Maj:t
523 1208 103 49 gjort
662 1209 325 51 framställningar
1016 1225 59 23 om
1103 1213 232 49 vidtagande
1364 1216 40 35 af
1428 1217 179 47 åtgärder
1635 1218 59 36 för
1722 1219 191 37 vinnande
1943 1220 43 36 af

386 1260 207 48 garantier,
635 1260 59 38 för
731 1267 55 31 att
821 1263 281 50 nybyggnader
1137 1265 63 36 vid
1246 1267 130 36 armén
1417 1268 145 37 utföras
1607 1272 48 46 på
1700 1275 55 31 ett
1799 1271 180 37 tillfreds-

388 1310 187 38 ställande
618 1317 84 32 sätt.
761 1313 114 51 Såväl
915 1315 574 50 kasernbyggnadskommittén
1522 1334 80 23 som
1635 1322 72 37 ock
1736 1322 46 37 de
1817 1323 163 37 sakkun-

387 1362 101 49 niga,
527 1364 128 37 hvilka
695 1365 199 38 tillkallats
921 1367 60 37 för
1009 1373 54 31 att
1092 1369 205 38 verkställa
1325 1372 207 49 utredning
1560 1373 72 37 och
1660 1374 148 48 afgifva
1836 1375 144 49 förslag

388 1415 194 47 angående
625 1417 410 51 arméförvaltningens
1081 1422 334 48 omorganisation,
1460 1424 114 36 hafva
1615 1425 159 37 kommit
1814 1426 57 37 till
1916 1427 63 37 det

385 1467 170 48 resultat,
598 1472 55 32 att
694 1481 47 24 en
773 1483 125 24 annan
927 1472 164 48 ordning
1118 1472 58 37 för
1204 1473 342 51 handläggningen
1573 1477 42 36 af
1630 1477 242 38 förestående
1901 1492 78 24 om-

386 1517 171 39 fattande
598 1520 426 50 nybyggnadsärenden
1060 1524 59 37 för
1157 1526 129 35 armén
1327 1531 47 31 än
1416 1527 73 37 den
1529 1530 217 37 nuvarande
1779 1535 42 32 är
1849 1531 41 36 af
1913 1531 65 37 be-

385 1569 132 38 hofvet
544 1572 187 48 påkallad.

487 1623 17 35 I
532 1624 145 49 princip
707 1638 115 36 synes
850 1626 78 50 mig
955 1627 83 37 icke
1065 1630 117 47 något
1211 1642 90 24 vara
1329 1634 55 33 att
1411 1631 125 37 erinra
1561 1637 78 32 mot
1659 1632 63 38 det
1741 1634 237 38 framställda

385 1673 187 51 förslaget
613 1689 61 23 om
714 1679 273 48 upprättandet
1028 1680 41 36 af
1106 1693 47 23 en
1181 1681 164 37 särskild
1378 1682 598 52 kasernbyggnadskommission

384 1726 86 36 med
498 1727 152 49 uppgift
679 1733 54 32 att
761 1730 299 50 omhändertaga
1088 1732 255 50 uppförandet
1371 1734 43 37 af
1438 1735 46 37 de
1512 1736 147 37 femton
1680 1737 295 39 kasernetablis-

385 1791 171 36 semang,
585 1779 57 37 till
670 1780 128 38 hvilka
826 1782 219 50 Riksdagen
1074 1786 39 34 år
1144 1786 109 46 1906,
1279 1788 47 47 på
1345 1787 279 49 framställning
1642 1789 41 36 af
1700 1789 138 49 Kungl.
1857 1791 117 48 Maj:t,

383 1829 189 50 beviljade
602 1834 229 46 21,744,000
860 1834 150 37 kronor.
1067 1835 54 37 De
1149 1843 259 43 regementen,
1438 1839 59 37 för
1524 1840 130 37 hvilka
1682 1841 111 38 dessa
1821 1842 154 38 kasern-

384 1881 296 52 etablissemang
708 1889 65 32 äro
803 1886 168 48 afsedda,
1000 1892 83 32 äro:
1113 1888 321 50 Lifregementets
1462 1893 259 49 grenadjärer,
1752 1894 133 38 Första
1905 1895 70 37 och

382 1933 129 37 Andra
538 1934 535 53 lifgrenadjärregementena,
1102 1939 187 50 Västgöta
1308 1948 232 43 regemente,
1560 1944 198 50 Upplands
1778 1942 196 62 infanteri-

382 1992 233 41 regemente,
646 1987 249 51 Skaraborgs,
935 1991 328 49 Södermanlands,
1293 1994 259 50 Kronobergs,
1582 1996 258 51 Jönköpings,
1869 1999 104 36 Alfs-

383 2036 127 49 borgs,
548 2038 222 50 Bohusläns,
810 2041 154 37 Kalmar
1001 2044 70 35 och
1099 2044 226 38 Värmlands
1352 2052 247 43 regementen
1628 2055 97 30 samt
1752 2050 123 36 Norra
1903 2051 70 37 och

382 2087 122 38 Södra
541 2090 166 37 skånska
748 2092 461 50 infanteriregementena.
1280 2097 326 39 Kommissionens
1647 2101 177 49 uppdrag
1863 2103 109 36 torde

382 2139 96 37 dock
506 2141 84 37 icke
617 2142 92 38 böra
738 2143 266 50 ovillkorligen
1032 2147 208 48 begränsas
1269 2149 57 37 till
1354 2150 312 50 handläggandet
1695 2154 134 36 endast
1857 2155 37 36 af
1926 2155 46 35 de

381 2191 438 52 nybyggnadsärenden,
861 2209 78 24 som
978 2200 56 33 stå
1070 2199 10 36 i
1110 2200 182 37 samband
1320 2202 85 37 med
1433 2203 256 49 uppförandet
1717 2205 43 36 af
1782 2206 190 48 ifrågava-

380 2242 118 37 rande
527 2245 142 38 femton
698 2247 447 53 kasernetablissemang.
1192 2252 75 37 Det
1282 2253 65 36 vill
1366 2254 193 50 nämligen
1579 2269 126 36 synas,
1727 2270 82 24 som
1829 2271 59 23 om
1910 2256 62 37 det

381 2295 123 36 skulle
532 2309 90 26 vara
650 2299 318 52 ändamålsenligt
996 2306 65 44 att,
1090 2303 46 37 då
1151 2304 140 49 Kungl.
1312 2306 106 49 Maj:t
1438 2309 41 34 så
1496 2308 121 36 finner
1636 2308 188 50 lämpligt,
1845 2309 126 36 kunna
