2214 2632
706 190 254 28 Bankoutskottets
985 190 155 28 Memorial
1164 189 58 28 N:o
1247 190 27 26 1.
1756 188 39 29 29

188 269 161 45 mäktige
376 267 120 37 under
522 267 70 36 den
622 270 45 33 27
698 266 169 37 sistlidna
895 266 192 37 december
1110 266 139 47 jämväl
1276 264 187 37 meddelat
1489 263 227 37 föreskrifter
1734 277 61 23 om

188 320 157 47 ändring
372 319 12 36 i
411 318 181 37 särskilda
619 318 104 36 delar
749 317 41 37 af
813 317 247 46 bokföringen
1087 316 63 38 vid
1177 316 337 37 hufvudkontorets
1541 315 99 37 olika
1658 316 137 36 kassor.

940 399 19 49 $
988 403 57 35 39.

288 471 52 36 På
366 475 73 32 sätt
465 471 11 35 i
512 468 9 48 $
549 472 46 34 49
624 470 41 36 af
688 470 247 37 revisorernas
962 469 194 37 berättelse
1174 469 118 36 finnes
1313 467 249 45 omförmäldt,
1581 467 112 37 hafva
1710 466 84 37 full-

189 523 160 44 mäktige
374 521 172 46 fullgjort
571 522 64 35 sitt
660 520 197 48 åliggande
885 526 55 30 att
967 534 44 23 en
1039 520 98 46 gång
1165 532 60 23 om
1253 519 79 36 året
1354 519 21 36 å
1393 519 144 46 platsen
1556 523 86 43 taga
1660 519 135 36 känne-

189 574 86 35 dom
316 586 60 22 om
404 573 145 35 Tumba
575 572 114 36 bruks
716 571 239 48 förvaltning,
993 570 189 37 äfvensom
1209 570 160 35 anställa
1397 569 71 36 den
1495 569 234 46 inventering
1755 568 41 36 af

189 623 182 45 förråden,
399 636 78 23 som
505 623 69 36 bör
600 623 110 36 hvart
736 622 117 46 tredje
881 622 40 36 år
947 621 228 38 verkställas.

289 674 158 36 Brukets
474 674 248 46 räkenskaper
748 672 59 37 för
834 673 41 36 år
904 674 94 35 1902
1029 680 63 28 äro
1121 679 98 29 ännu
1247 672 31 48 ej
1307 671 195 44 afslutade,
1521 684 84 23 men
1624 669 173 37 fullmäk-

189 726 75 46 tige
290 726 128 35 kunna
444 723 180 46 meddela,
651 729 55 31 att
732 724 118 36 under
877 737 142 23 samma
1046 723 40 36 år
1112 721 83 37 från
1221 723 134 35 bruket
1382 723 58 35 till
1464 722 223 36 riksbanken
1705 722 92 36 leve-

189 781 115 31 rerats
344 775 78 36 dels
462 775 252 48 sedelpapper,
755 775 76 36 dels
872 780 114 31 annat
1026 786 140 36 papper
1204 774 58 35 till
1301 778 52 31 ett
1389 772 178 37 bokfördt
1594 773 136 48 belopp
1758 771 41 37 af

189 828 139 35 kronor
369 828 167 43 172,047:
565 827 46 35 90
651 825 58 37 för
748 825 63 37 det
849 824 99 38 förra
985 825 67 36 och
1088 825 137 36 kronor
1254 826 142 43 12,484:
1426 825 45 34 70
1499 822 58 37 för
1585 823 61 36 det
1671 836 128 23 senare

191 878 90 36 eller
306 877 58 36 för
390 877 246 35 tillsamman8
675 907 329 6 om..mnmnmnnvnss
885 872 11 53 a
909 907 95 6 senesnra
1013 909 2 2 rrrsaa
1111 906 27 6 sea
1148 906 23 5 ser
1181 906 90 5 sentenser
1280 906 47 4 enn
1347 906 25 4 ser
1383 906 23 4 en
1414 905 26 5 ann
1469 875 55 35 kr.
1555 875 167 44 184,532:
1752 875 46 34 60

191 933 95 31 samt
325 933 55 30 att
419 927 92 37 efter
547 927 132 46 tillägg
715 926 40 37 af
785 927 100 36 hvad
920 926 59 37 för
1005 925 158 38 likvider
1189 926 57 35 till
1273 925 135 36 bruket
1434 925 13 35 i

291 979 146 36 banken
464 979 130 35 insatts
619 978 826 36 Cller...m.m.esemssessrsrisersrersrriirsrn
1282 974 65 54 innen
1350 974 31 54 sen
1383 974 65 54 sena
1497 989 11 15 >»
1577 976 145 44 81,597:
1752 976 45 35 58

1340 1050 106 39 säger
1471 1043 54 36 kr.
1554 1044 168 44 266,130:
1752 1044 44 35 18

194 1098 68 36 och
297 1095 92 38 efter
425 1095 276 37 frånräknande
736 1095 42 37 af
800 1096 200 48 uppburna
1026 1094 71 37 för-

293 1148 100 36 skott
419 1147 21 36 å
466 1148 244 35 tillsammans
728 1177 362 6 s.a.s
838 1143 85 52 snus
929 1177 161 6 snassersrnnn
1119 1146 53 35 kr.
1202 1147 165 42 170,000:
1396 1164 47 4 —

194 1199 69 36 och
303 1198 201 36 kostnader
542 1197 58 36 för
636 1196 137 49 lagfart
808 1196 41 36 af
880 1202 52 31 ett
966 1197 132 45 inköpt

294 1250 172 35 hemman
495 1253 95 31 samt
616 1246 60 37 för
702 1247 270 50 nybyggnader
997 1278 93 4 .......
1142 1261 12 14 >
1246 1248 118 40 4,040:
1393 1247 46 34 26
1497 1268 12 14 >»
1558 1255 166 43 174,040:
1754 1255 44 33 26

193 1333 144 37 vinsten
366 1332 21 36 å
413 1332 278 36 bruksrörelsen
719 1332 167 35 kommer
913 1336 54 31 att
994 1331 13 36 i
1033 1332 164 36 bankens
1216 1331 151 37 bokslut
1386 1329 59 37 för

294 1383 40 36 år
372 1385 94 34 1902
504 1388 182 42 upptagas
719 1382 59 36 till
815 1413 428 6 sonsons
1287 1413 159 5 isens
1477 1380 52 36 kr.
1583 1381 143 43 92,089:
1755 1381 44 34 92

947 1480 19 49 $
993 1485 57 34 40.

296 1551 53 37 Af
384 1551 254 37 förekommen
679 1551 202 47 anledning
921 1551 68 36 och
1023 1551 47 48 på
1097 1550 129 37 därom
1253 1550 107 47 gjord
1388 1549 276 48 framställning
1690 1547 113 37 hafva

196 1602 237 47 fullmäktige
468 1602 125 36 funnit
619 1602 78 35 skäl
726 1601 170 37 nedsätta
922 1602 113 46 priset
1062 1601 21 36 å
1110 1615 45 23 en
1183 1601 59 37 del
1269 1601 251 47 sedelpapper,
1547 1612 79 24 som
1654 1599 42 36 af
1718 1600 85 35 bru-

195 1654 62 35 ket
295 1654 182 35 levereras
512 1653 58 35 till
606 1652 325 36 Nationalbanken
967 1653 12 35 i
1006 1652 255 46 Köpenhamn,
1291 1651 188 37 äfvensom
1509 1650 21 36 å
1556 1650 140 44 sådant,
1723 1662 79 23 som

197 1704 190 36 tillverkas
415 1703 58 36 för
499 1703 241 36 riksbankens
768 1716 90 32 egen
886 1703 167 45 räkning.

296 1753 141 37 Genom
466 1753 120 36 denna
612 1753 238 46 nedsättning
876 1754 84 43 kan,
989 1752 90 37 efter
1108 1753 203 46 beräkning
1340 1751 40 36 af
1404 1751 98 36 hvad
1529 1751 11 35 i
1569 1749 175 37 medeltal
1767 1749 40 36 af

196 1805 121 46 dylikt
352 1817 141 35 papper
529 1803 118 36 under
682 1816 127 23 senare
848 1804 103 35 tiden
985 1804 206 43 levererats,
1219 1803 151 35 brukets
1397 1803 99 35 vinst
1524 1801 20 36 å
1570 1801 231 47 papperstill-

194 1855 228 47 verkningen
464 1859 151 41 antagas
655 1854 150 35 komma
840 1859 54 31 att
921 1853 216 37 hädanefter
1163 1854 163 35 minskas
1354 1852 84 37 med
1468 1852 176 46 omkring
1671 1853 133 43 36,000

198 1906 138 35 kronor
363 1905 149 46 årligen.

955 1969 19 48 $
1002 1974 56 33 41.

297 2039 109 36 Hvad
447 2038 174 37 beträffar
660 2038 45 35 de
746 2039 117 35 under
903 2039 87 35 åren
1029 2041 95 33 1900
1161 2038 67 36 och
1259 2039 93 34 1901
1383 2037 58 35 till
1468 2037 134 35 bruket
1630 2035 175 37 anvisade

196 2089 327 48 byggnadsanslag
562 2089 21 35 å
623 2089 207 45 respektive
873 2090 155 42 109,702
1071 2088 68 36 och
1181 2090 131 41 15,860
1354 2088 148 41 kronor,
1535 2085 182 45 beviljade
1745 2085 61 36 det

197 2139 100 36 förra
331 2139 58 36 för
424 2139 233 47 uppförande
690 2137 41 36 af
762 2139 230 46 boningshus
1020 2137 58 37 för
1105 2139 247 35 verkmästare
1380 2137 69 35 och
1478 2140 326 44 pappersmästare,

197 2188 450 49 marketenteribyggnad,
685 2191 79 33 2:ne
799 2188 407 48 magasinsbyggnader
1234 2188 67 35 och
1329 2187 198 46 inredning
1555 2185 40 36 af
1617 2185 189 37 vedbodar

195 2246 94 30 samt
318 2241 60 35 det
406 2253 126 23 senare
559 2239 58 36 för
645 2239 233 47 uppförande
906 2238 41 36 af
970 2244 106 31 tvätt-
1104 2239 67 35 och
1200 2239 253 45 bagarestuga,
1473 2237 141 35 källare
1634 2236 69 35 och
1723 2235 83 37 ved-
