2243 2657
748 207 228 31 Statsutskottets
1006 209 152 29 Utlåtande
1181 209 59 28 N:o
1265 210 50 27 92.
1795 208 41 29 21

225 287 120 37 under
376 289 43 35 15
449 287 49 37 år.
535 287 132 37 Därest
692 301 89 23 man
808 300 51 23 nu
888 287 215 36 inskränkte
1130 286 55 48 sig
1212 286 57 36 till
1298 299 44 23 en
1371 285 104 47 dylik
1493 286 73 37 till-
1586 287 67 36 och
1675 286 163 50 påbygg-

226 339 86 46 nad,
340 340 118 36 skulle
486 339 71 37 den
582 340 82 36 icke
692 339 216 46 obetydliga
933 338 168 37 fördelen
1128 338 143 46 vinnas,
1299 343 55 31 att
1372 338 374 46 riksgäldskontorets
1767 339 70 35 hus

226 390 124 38 blefve
389 390 58 37 för
487 391 117 36 andra
644 391 174 36 ändamål
859 390 226 47 disponibelt
1120 388 59 37 för
1207 403 45 23 en
1278 389 64 43 tid,
1370 389 221 47 hvarunder,
1619 389 91 37 efter
1736 389 100 37 hvad

227 442 86 36 med
353 441 63 47 fog
455 443 106 35 torde
600 443 128 35 kunna
766 441 199 46 förmodas,
991 441 49 47 på
1066 440 281 46 dagordningen
1375 453 51 22 nu
1455 440 149 37 stående
1630 441 207 46 byggnads-

228 492 126 47 frågor
392 492 59 37 för
490 493 209 37 beredande
739 492 41 37 af
814 493 144 36 lokaler
985 492 59 36 för
1072 492 99 36 olika
1198 491 345 37 statsinstitutioner
1569 492 126 36 kunde
1720 492 117 36 hinna

229 546 105 35 lösas.
387 544 52 36 På
474 544 122 47 grund
632 544 41 37 af
695 546 69 35 allt
791 544 101 36 detta
918 544 96 36 hade
1041 543 479 38 öfverintendentsämbetet
1545 548 93 32 trott
1666 544 54 46 sig
1746 544 92 36 böra

228 596 228 62 ifrågasätta,
484 596 184 37 huruvida
693 596 81 36 icke
800 596 172 47 lämpligt
998 608 89 24 vore
1114 599 55 31 att
1195 608 51 22 nu
1274 595 90 36 söka
1389 595 158 36 utverka
1573 595 210 46 beviljande
1801 594 40 37 af

231 649 130 46 anslag
401 647 21 36 å
461 648 155 36 allenast
658 649 157 43 109,000
847 647 139 36 kronor
1012 646 58 36 för
1097 645 253 47 oftanämnda,
1377 646 12 35 i
1415 646 129 48 hvarje
1570 645 67 37 fall
1663 646 59 36 för
1748 646 90 36 riks-

230 699 144 37 arkivet
414 712 45 23 en
499 699 98 48 gång
636 676 185 68 behöfliga
858 698 59 47 på-
957 698 68 36 och
1065 697 236 47 tillbyggnad
1342 697 117 47 enligt
1494 698 177 36 ämbetets
1698 696 140 48 förslag

229 751 70 35 litt.
339 750 43 46 A,
424 745 102 41 detta
553 750 94 36 dock
674 751 96 35 blott
796 749 119 37 under
942 749 69 36 den
1039 749 276 63 förutsättning,
1343 753 55 31 att
1419 730 190 55 bestämdt
1635 748 202 47 fastsloges,

232 807 53 30 att
324 779 376 70 riksgäldskontorets
736 807 95 30 tomt
858 802 129 44 skulle,
1015 800 47 36 då
1089 800 39 36 så
1153 800 121 37 blefve
1302 799 244 49 erforderligt,
1573 813 134 33 genom
1733 801 105 36 verk-

230 852 183 37 ställande
442 852 39 36 af
506 866 64 31 ny-
597 853 89 36 eller
714 852 239 46 ombyggnad
979 830 61 58 för
1065 852 239 36 riksarkivets
1332 825 223 77 utvidgning
1582 851 198 37 användas.

332 955 310 45 Riksarkivarien,
682 967 79 23 som
787 953 124 38 blifvit
938 958 72 31 satt
1035 954 13 35 i
1074 953 147 36 tillfälle
1249 958 54 30 att
1328 957 102 40 yttra
1457 953 55 45 sig
1537 953 13 35 1
1577 953 152 36 ärendet
1754 953 85 36 med

231 1006 203 45 anledning
461 1005 40 36 af
523 1006 99 36 hvad
651 1004 475 38 öfverintendentsämbetet
1149 1004 156 37 sålunda
1324 1003 133 47 anfört,
1475 1004 69 36 har
1561 1004 13 36 i
1592 1004 249 46 underdånigt

230 1057 193 37 utlåtande
450 1057 71 36 den
551 1059 45 34 10
623 1056 163 37 februari
816 1058 95 34 1906
939 1057 147 44 uttalat,
1113 1060 53 31 att
1194 1056 71 36 den
1283 1060 94 31 mest
1394 1055 354 47 tillfredsställande,
1767 1056 71 36 den

232 1108 110 37 äfven
368 1107 200 37 framtiden
595 1109 82 35 bäst
702 1107 293 48 tillgodoseende
1018 1107 195 47 lösningen
1230 1107 49 47 på
1298 1107 43 35 de
1361 1108 162 35 centrala
1541 1107 297 36 ämbetsverkens

233 1159 211 47 arkivfråga
483 1173 87 23 vore
611 1164 54 31 att
703 1158 37 37 få
776 1172 45 23 en
847 1158 230 48 nybyggnad
1104 1157 162 48 uppförd
1291 1158 49 46 på
1365 1158 373 46 riksgäldskontorets
1767 1172 73 22 om-

231 1211 186 37 förmälda
455 1215 97 32 tomt
589 1211 13 35 i
640 1211 162 46 enlighet
836 1210 86 36 med
949 1210 62 36 det
1037 1209 40 37 af
1101 1209 476 37 öfverintendentsämbetet
1603 1209 85 37 med
1713 1210 69 35 litt.
1809 1209 30 36 B

231 1262 226 37 betecknade
483 1261 186 47 förslaget.
709 1261 139 37 Vidare
877 1262 68 35 har
967 1261 285 37 riksarkivarien
1272 1259 133 48 anfört,
1430 1265 63 41 att,
1516 1260 48 47 på
1583 1273 140 23 samma
1743 1261 98 47 gång

232 1316 75 35 han
334 1314 106 44 hyste
462 1313 71 36 den
553 1326 87 31 nyss
663 1313 167 36 uttalade
852 1312 297 47 uppfattningen,
1172 1313 75 35 han
1267 1313 63 35 väl
1351 1312 135 46 insäge,
1510 1317 54 30 att
1585 1312 9 35 i
1608 1312 233 36 närvarande

232 1365 113 37 stund
371 1365 181 45 viktigare
579 1363 87 37 kraf
689 1371 47 29 än
763 1377 45 23 en
834 1377 52 35 ny
914 1363 300 47 arkivbyggnads
1241 1362 234 48 uppförande
1501 1363 125 37 kunde
1649 1364 125 35 ställas
1792 1363 49 47 på

233 1416 228 44 statsverket,
499 1416 94 35 allra
627 1416 96 35 helst
750 1428 80 22 som
857 1414 476 37 öfverintendentsämbetet
1359 1415 78 35 icke
1465 1414 143 46 ansåge,
1636 1419 54 30 att
1716 1414 124 46 någon

233 1468 183 45 väsentlig
454 1466 218 46 reducering
710 1466 13 35 1
764 1466 70 36 den
874 1466 263 46 ursprungliga
1162 1465 430 46 kostnadsberäkningen
1620 1465 124 36 kunde
1771 1473 70 38 äga

234 1533 94 32 rum,
356 1519 68 35 och
451 1531 89 23 vore
567 1517 286 37 riksarkivarien
879 1516 58 36 för
964 1517 56 36 sin
1048 1517 59 35 del
1133 1516 138 37 beredd
1290 1521 54 31 att
1360 1517 105 35 finna
1483 1516 54 46 sig
1555 1517 12 35 i
1587 1516 43 36 de
1648 1516 192 37 modifika-

233 1571 129 43 tioner,
391 1582 79 23 som
498 1568 363 46 omständigheterna
887 1568 125 36 kunde
1038 1567 203 44 föranleda,
1267 1568 14 35 i
1302 1566 253 48 förhoppning
1572 1572 54 31 att
1643 1568 197 45 lösningen

235 1620 40 36 af
299 1619 288 47 hufvudfrågan,
607 1620 89 35 eller
721 1619 238 36 riksarkivets
985 1619 223 46 utvidgning
1226 1619 14 35 i
1263 1618 71 36 den
1352 1617 59 37 för
1430 1619 203 35 detsamma
1651 1619 190 48 naturliga

234 1672 224 45 riktningen,
485 1671 80 36 icke
593 1671 215 47 därigenom
835 1669 59 37 för
920 1671 129 45 längre
1075 1668 154 38 framtid
1258 1670 310 46 omöjliggjordes.

337 1722 240 46 Ställningen,
603 1727 121 40 yttrar
749 1722 296 45 riksarkivarien,
1071 1735 89 23 vore
1187 1720 59 37 för
1272 1721 231 36 närvarande
1529 1720 174 48 följande.
1739 1721 101 37 Riks-

235 1775 144 36 arkivet
417 1774 95 35 hade
539 1773 119 36 under
686 1773 44 35 de
756 1777 142 32 senaste
925 1773 97 43 åren,
1050 1772 119 36 såsom
1195 1773 13 35 i
1234 1772 305 37 riksarkivariens
1567 1772 273 37 årsberättelser

236 1825 108 37 också
382 1824 234 46 framhållits,
656 1824 173 46 mottagit
869 1825 28 45 ej
941 1823 214 46 obetydliga
1188 1823 247 48 depositioner
1461 1823 83 36 från
1572 1822 93 38 Svea
1691 1823 148 46 hofrätt,

233 1878 302 42 kammarrätten,
576 1876 273 44 statskontoret,
889 1875 389 45 kommerskollegium
1319 1875 67 35 och
1427 1875 246 46 krigsarkivet
1702 1876 60 35 till
1789 1880 52 31 ett

236 1927 150 46 omfång
425 1926 41 36 af
502 1926 104 37 öfver
647 1928 106 43 2,500
793 1930 125 32 meter.
970 1926 176 45 Bortsåge
1185 1926 286 36 riksarkivarien
1503 1925 83 36 från
1613 1926 229 36 sistnämnda

236 1979 115 45 arkiv,
392 1991 79 24 som
508 1978 81 36 icke
627 1977 174 37 berördes
842 1977 39 36 af
916 1976 177 49 förslaget
1118 1978 60 36 till
1205 1977 286 46 centralisering,
1519 1976 182 37 återstode
1728 1978 12 35 i
1768 1978 73 35 alla

235 2030 67 37 fall
343 2030 171 45 omkring
555 2031 107 44 2,000
697 2034 124 31 meter.
873 2028 56 36 En
957 2030 79 35 icke
1064 2029 205 45 oväsentlig
1295 2029 145 36 lättnad
1467 2028 96 37 hade
1590 2042 135 35 genom
1751 2043 89 33 upp-

235 2082 149 35 låtande
411 2080 41 36 af
475 2081 100 35 detta
592 2085 186 39 utrymme
796 2080 145 36 beredts
961 2080 45 36 de
1023 2079 84 46 fyra
1124 2080 252 44 nyssnämnda
1393 2080 142 46 viktiga
1553 2080 287 46 ämbetsverken,

236 2132 41 37 af
312 2133 129 35 hvilka
480 2132 390 46 kommerskollegium
906 2131 95 36 hade
1028 2132 11 35 i
1067 2132 73 35 alla
1168 2130 196 37 afseenden
1392 2130 133 47 dåliga,
1552 2131 289 37 kammarrätten

237 2184 69 36 och
333 2184 264 35 statskontoret
624 2183 140 46 ganska
790 2182 132 46 trånga
949 2183 67 35 och
1044 2182 116 37 delvis
1187 2183 145 44 mycket
1360 2183 201 46 olämpliga
1584 2183 256 36 arkivlokaler.

335 2234 54 36 Af
413 2234 44 37 de
485 2233 119 47 öfriga
633 2234 277 37 ämbetsverken
939 2239 124 39 syntes
1090 2234 158 36 flertalet
1275 2242 100 28 ännu
1401 2234 128 36 kunna
1547 2234 89 36 reda
1654 2234 55 46 sig
1726 2233 115 47 några

233 2287 50 45 år,
311 2300 60 22 om
399 2293 46 29 än
473 2285 58 37 för
558 2291 52 30 ett
635 2299 78 33 par,
740 2286 253 47 lotsstyrelsen
1020 2286 68 35 och
1107 2286 412 47 generaltullstyrelsen,
1540 2285 299 37 arkivlokalerna

1904 960 70 22 Riks-

1859 994 161 23 arkivariens

1851 1026 131 25 utlåtande
1991 1028 49 23 den

1857 1064 29 21 10
1898 1063 124 29 februari

1907 1097 65 22 1908.
