2223 2661
733 195 231 42 Lagutskottets
993 198 170 34 Utlåtande
1187 201 61 32 N:o
1281 204 44 30 33
1777 210 14 30 1

938 848 82 37 N:o
1056 851 76 34 33.

1016 1000 71 26 Ank.
1106 1000 42 26 till
1166 1001 95 27 Riksd.
1280 1002 87 27 kansli
1387 1003 52 28 den
1458 1006 14 24 4
1492 1005 68 34 april
1581 1008 72 32 1902,
1672 1007 36 27 kl.
1729 1010 14 23 2
1762 1017 21 18 e,
1803 1018 34 17 m.

442 1134 201 47 Utlåtande,
671 1137 14 35 i
713 1137 195 49 anledning
936 1140 47 48 af
1006 1141 101 36 väckt
1135 1142 132 36 motion
1298 1145 77 35 med
1395 1145 144 48 förslag
1568 1147 53 36 till
1637 1148 152 49 jagtlag.

368 1285 272 50 Lagutskottet
679 1289 68 36 har
787 1290 57 37 till
884 1291 274 40 förberedande
1198 1295 233 51 behandling
1458 1300 177 48 mottagit
1662 1314 45 23 en
1735 1301 100 38 inom

233 1335 133 38 Första
394 1337 230 39 Kammaren
652 1339 41 37 af
715 1341 130 37 herrar
872 1342 158 39 friherre
1057 1345 36 36 J.
1127 1345 234 50 Gripenstedt,
1386 1349 49 36 H.
1460 1350 139 45 Tamm,
1630 1352 54 36 M.
1712 1349 124 57 Unger,

239 1387 41 37 G.
309 1388 161 49 Björlin,
510 1391 42 35 F.
584 1389 40 38 O.
655 1392 187 49 Bremberg
882 1394 69 36 och
991 1396 47 36 H.
1068 1397 257 38 Hedenstierna
1361 1400 113 36 väckt
1514 1402 153 48 motion,
1709 1417 61 23 n:o
1804 1407 33 45 2,

235 1438 109 37 hvari
380 1439 210 50 hemstälts,
628 1447 54 31 att
721 1443 219 50 Riksdagen
977 1446 88 36 ville
1098 1447 57 37 för
1186 1449 58 36 sin
1272 1450 59 36 del
1360 1455 137 45 antaga
1526 1458 52 31 ett
1606 1456 41 34 så
1673 1454 165 49 lydande

235 1489 144 50 förslag
405 1490 57 37 till

909 1596 252 69 Jagtlag.

370 1711 86 38 Med
496 1714 271 48 upphäfvande
808 1716 41 37 af
879 1719 117 35 1—11
1031 1715 55 51 $$,
1118 1721 56 46 18,
1207 1722 43 35 19
1280 1722 69 36 och
1379 1725 42 33 21
1453 1720 44 50 88
1525 1725 13 36 i
1565 1725 181 51 förnyade
1774 1732 65 34 nå-

237 1762 88 48 diga
361 1763 251 50 jagtstadgan
653 1766 74 36 den
760 1768 43 35 21
838 1768 158 37 oktober
1026 1772 105 44 1864,
1161 1771 196 38 äfvensom
1385 1774 100 37 hvad
1513 1777 165 37 nämnda
1706 1780 135 48 stadga

235 1813 211 37 innehåller
473 1815 85 37 med
586 1816 177 38 afseende
792 1821 20 33 å
840 1819 270 39 öfverträdelse
1139 1822 41 36 af
1203 1823 159 37 sålunda
1380 1826 194 49 upphäfda
1592 1828 247 51 föreskrifter,

236 1863 198 39 förordnas
458 1879 79 24 som
566 1866 125 50 följer:

861 2018 64 33 Om
948 2020 77 32 rätt
1047 2021 60 32 till
1128 2020 94 42 jagt.

1003 2116 80 50 13.

371 2204 34 46 Å
432 2214 202 50 kronojord
664 2217 229 38 tillkommer
914 2220 212 48 Jagträtten
1153 2222 157 49 kronan,
1339 2224 66 38 der
1433 2226 33 49 ej
1494 2227 11 35 i
1534 2227 124 39 denna
1684 2230 65 50 lag
1776 2245 65 24 an-

238 2263 186 38 norlunda
452 2267 163 48 stadgas.

322 2321 77 33 Bih.
412 2322 48 33 till
470 2322 103 33 Riksd
596 2324 86 32 Prot.
707 2327 100 31 1902.
838 2329 20 28 7
882 2326 98 33 Saml.
1006 2330 46 30 28
1075 2329 95 41 Häft.
1196 2331 81 38 (N:o
1300 2333 70 40 33.)
1785 2341 14 29 1
