1894 2820
268 165 40 31 24
711 163 231 31 Statsutskottets
964 163 148 30 utlåtande
1134 164 48 28 Nr
1207 164 68 30 113.

575 239 93 32 Anm.
693 242 29 29 1.
765 239 76 31 Den
867 239 11 31 i
904 238 208 42 lönegraden
1128 239 29 31 B
1170 239 40 31 26
1227 238 168 42 uppförda
1411 237 342 42 sekreterartjänsten

525 282 123 31 sänkes
670 281 58 32 vid
750 281 206 32 inträffande
978 280 153 48 ledighet
1153 280 52 32 till
1228 280 207 42 lönegraden
1459 282 30 31 B
1504 282 49 31 24.

575 324 93 31 Anm.
692 327 28 28 2.
766 323 389 42 Kassörsbefattningen
1179 323 11 31 i
1212 322 206 43 lönegraden
1442 323 30 31 B
1486 324 39 31 21
1542 323 139 42 utbytes
1696 324 58 31 vid

521 366 205 31 inträffande
760 366 150 41 ledighet
944 367 73 30 mot
1050 376 41 21 en
1124 365 242 32 likabenämnd
1398 365 195 43 befattning
1624 365 11 31 i
1665 366 90 31 löne-

521 408 127 41 graden
671 408 29 31 B
716 409 47 30 11.

572 452 94 30 Anm.
690 453 29 29 3.
765 450 54 31 En
841 449 460 42 kanslibiträdesbefattning
1322 449 138 43 utbytes
1477 449 58 32 vid
1550 450 204 32 inträffande

520 493 153 42 ledighet
694 495 73 29 mot
790 504 41 20 en
854 492 498 42 kontorsbiträdesbefattning.

574 552 34 42 b)
629 552 146 38 besluta,
803 554 50 29 att
875 554 19 29 å
917 554 259 40 övergångsstat
1198 552 53 31 för
1277 551 352 43 medicinalstyrelsen
1658 552 96 31 skola

522 604 72 31 från
629 603 64 32 och
727 603 78 32 med
839 603 66 32 den
935 604 15 30 1
973 603 64 41 juli
1062 604 80 30 1928
1164 614 78 20 vara
1266 605 174 39 upptagna
1462 602 152 42 följande
1637 602 119 32 befatt-

522 654 128 41 ningar,
675 654 184 42 nämligen:

1594 706 160 32 Lönegrad.

525 758 10 30 1
564 756 270 42 byråveterinär
912 781 242 3 s:oosmimsassineer
1209 780 95 4 uerssidn
1392 780 119 4 ST
1628 756 22 31 B
1674 756 39 31 26

524 810 12 28 1
565 807 350 32 OMbudsmMaåln....nsssn
948 832 12 2 ss
1006 832 25 4 ser
1050 832 104 4 se
1280 832 48 2 ss
1358 831 82 4 es
1566 832 14 2 nn
1628 807 28 30 B
1674 808 41 30 21

525 860 11 29 1
564 858 131 31 notarie
750 884 36 2 ....
893 854 6 44 s
897 882 49 6 errte
981 854 17 44 i
1014 882 26 4 rere
1071 882 15 4 serie
1116 881 222 5 sessseseserse
1300 854 58 44 eine
1379 854 31 44 ser
1425 882 4 4 ses
1472 881 51 5 iran
1503 854 6 44 e
1514 854 12 44 a
1628 857 27 31 B
1674 858 37 30 21

575 926 28 40 ce)
635 925 181 42 godkänna
850 925 41 31 de
924 925 11 31 i
970 925 379 41 statsrådsprotokollet
1382 926 80 30 över
1496 924 257 32 socialärenden

523 976 66 32 den
625 977 36 30 17
697 976 149 31 februari
882 976 80 31 1928
996 975 181 32 förordade
1199 975 171 41 förslagen
1393 975 53 31 till
1469 974 172 32 ordinarie
1668 976 86 30 avlö-

522 1027 171 41 ningsstat
716 1027 64 31 och
804 1026 53 31 till
880 1027 259 40 övergångsstat
1161 1026 52 31 för
1233 1025 361 42 medicinalstyrelsen,
1619 1027 49 30 att
1692 1026 62 31 till-

522 1078 131 41 lämpas
676 1077 74 31 från
774 1077 64 31 och
862 1076 77 32 med
961 1076 203 41 budgetåret
1189 1076 220 39 1928—1929;

575 1128 32 41 d)
640 1128 159 31 nedsätta
832 1127 58 32 det
912 1127 172 32 ordinarie
1106 1127 299 41 förslagsanslaget
1429 1127 52 31 till
1505 1127 249 42 medicinalsty-

522 1179 122 38 relsen,
678 1190 47 20 nu
759 1179 135 37 366,000
930 1178 136 38 kronor,
1104 1177 77 32 med
1218 1178 114 38 21,600
1367 1178 127 31 kronor
1531 1178 52 31 till
1620 1179 135 37 344,400

523 1230 139 38 kronor;

576 1281 28 41 e)
627 1280 52 32 till
702 1279 372 42 medicinalstyrelsens
1097 1279 216 33 verksamhet
1333 1279 52 32 för
1406 1279 205 41 budgetåret
1632 1280 122 31 1928—

525 1332 80 31 1929
628 1331 118 31 anvisa
769 1332 49 30 ett
841 1333 93 29 extra
957 1330 120 41 anslag
1099 1341 39 20 av
1161 1330 115 38 21,000
1298 1330 138 38 kronor;

575 1381 81 42 II:o)
679 1383 51 30 att
752 1381 79 31 herr
852 1381 172 31 Forssells
1048 1381 138 38 motion,
1210 1380 48 32 IT:
1275 1382 70 37 444,
1369 1381 11 30 i
1402 1381 65 31 vad
1491 1380 67 32 den
1581 1383 103 39 angår
1707 1383 47 29 ut-

523 1433 145 41 redning
695 1432 65 31 och
793 1432 127 41 förslag
952 1431 146 32 rörande
1126 1431 289 41 omorganisation
1438 1443 41 19 av
1503 1431 251 42 medicinalsty-

523 1484 122 37 relsen,
669 1483 74 31 icke
766 1484 55 29 må
843 1482 53 31 till
919 1484 112 39 någon
1054 1481 201 42 riksdagens
1278 1482 117 41 åtgärd
1418 1482 190 38 föranleda;

577 1535 87 30 samt

565 1584 100 41 III:o)
688 1585 50 30 att
760 1583 116 32 herrar
898 1583 145 31 Petréns
1067 1594 41 20 m.
1125 1583 31 31 fl.
1181 1583 64 31 och
1268 1583 114 31 Järtes
1405 1594 41 20 m.
1464 1583 32 31 fl.
1522 1583 233 31 ovanberörda

524 1635 178 38 motioner,
736 1635 28 30 I:
781 1635 61 31 266
876 1634 63 31 och
974 1634 46 31 II:
1038 1634 70 38 443,
1136 1635 54 29 må
1213 1645 101 20 anses
1336 1633 187 32 besvarade
1546 1644 120 30 genom
1690 1634 64 31 vad

524 1686 169 31 utskottet
716 1696 87 21 ovan
826 1685 119 31 anfört.

312 1746 200 33 Stockholm
536 1745 65 32 den
624 1747 21 29 4
668 1745 64 41 maj
760 1744 89 32 1928.

752 1838 49 31 På
824 1837 276 33 statsutskottets
1122 1839 137 40 vägnar:

767 1915 34 32 S.
826 1915 43 31 H.
894 1914 349 32 KVARNZELIUS.

309 2093 63 27 Vid
395 2091 202 30 förestående
620 2090 133 29 ärendes
778 2090 264 36 slutbehandling
1065 2090 85 27 inom
1174 2089 157 28 utskottet
1353 2089 83 28 hava
1458 2089 157 28 närvarit:

310 2135 72 27 från
405 2135 122 28 första
550 2135 229 26 kammaren:
804 2133 108 27 herrar
935 2131 30 29 S$.
983 2132 42 28 H.
1043 2131 200 35 Kvarnzelius,
1260 2132 35 27 A.
1315 2131 29 28 C.
1363 2130 154 36 Lindblad,
1534 2131 30 28 J.
1583 2131 35 28 L.
1642 2130 113 34 Widell,

256 2177 31 29 J.
311 2177 117 28 Nilsson
457 2177 4 27 i
485 2177 127 33 Malmö,
638 2175 31 28 O.
695 2175 161 36 Bergqvist,
886 2174 30 29 C.
941 2174 34 28 P.
1004 2174 30 28 V.
1059 2174 115 28 Nilsson
1197 2175 10 26 i
1232 2174 154 34 Gränebo,
1409 2173 29 28 J.
1459 2173 36 29 G.
1527 2173 114 34 Walles,
1665 2172 36 28 E.
1719 2174 35 26 A.

258 2219 115 35 Hallin,
406 2219 31 28 J.
476 2219 33 27 B.
544 2218 161 28 Johansson
737 2219 10 26 i
781 2217 240 35 Fredrikslund,
1056 2216 39 28 D.
1130 2217 34 27 A.
1199 2216 113 34 Petrén,
1338 2215 34 29 G.
1397 2215 80 29 Kobb
1500 2216 60 28 och
1583 2215 37 29 K.
1645 2215 34 28 A.
1712 2215 42 28 W.

258 2262 123 34 Björck;

282 2272 99 60 "från
415 2304 118 28 andra
566 2304 233 27 kammaren:
834 2303 109 27 herrar
977 2302 35 27 A.
1044 2300 146 29 Anderson
1217 2301 10 27 i
1266 2300 143 34 Råstock,
1445 2300 37 28 K.
1519 2300 31 28 V.
1574 2300 118 41 Bydén,
1720 2299 34 29 P.

258 2346 116 29 Nilsson
409 2347 9 26 i
442 2346 138 36 Bonarp,
613 2345 35 28 P.
673 2344 42 28 M.
736 2344 101 28 Olsson
860 2345 9 27 i
893 2344 166 36 Blädinge,
1085 2343 31 28 O.
1143 2343 101 28 Olsson
1266 2344 11 26 i
1300 2343 293 36 Kullenbergstorp,
1617 2342 33 28 A.
1668 2343 87 27 A:son

262 2388 151 29 Törnkvist
439 2389 5 26 i
468 2388 205 33 Karlskrona,
698 2387 35 27 E.
756 2386 179 29 Kristensson
958 2386 10 27 i
993 2386 167 36 Göteborg,
1183 2386 37 27 B.
1238 2385 89 28 F:son
1343 2384 168 37 Holmgren,
1537 2384 31 29 O.
1593 2384 162 28 Andersson

259 2432 9 27 i
292 2431 94 34 Höör,
410 2430 30 28 J.
468 2430 133 35 Olofsson
625 2430 10 27 i
659 2430 166 36 Digernäs,
851 2429 31 27 0.
908 2428 35 28 E.
968 2428 36 28 F.
1028 2427 84 29 Järte
1134 2428 57 28 och
1217 2427 32 29 0.
1278 2427 135 29 Isacsson.
