1882 2822
48 248 197 32 Indragningar

66 284 45 22 och
131 283 91 31 bespa-

82 318 92 30 ringar
192 318 9 23 i

68 352 149 23 medicinal-

74 386 140 30 styrelsens

65 422 153 23 nuvarande

71 457 138 28 personal-

83 490 115 24 bestånd.

265 171 38 30 12
728 174 228 29 Statsutskottets
979 176 146 28 utlåtande
1147 177 49 27 Nr
1221 175 68 30 113.

314 247 19 31 I
365 247 262 42 propositionen
661 248 62 32 har
755 249 148 32 härefter
931 249 75 42 (sid.
1041 251 135 42 30—60)
1199 251 52 32 till
1273 253 155 31 närmare
1450 254 209 42 granskning
1681 265 81 32 upp-

262 297 103 42 tagits
403 298 374 43 medicinalstyrelsens
810 300 196 32 nuvarande
1038 302 309 41 personalbestånd
1381 306 89 29 samt
1503 304 259 42 möjligheterna

262 347 53 32 till
337 348 244 42 indragningar
604 349 64 32 och
691 350 222 42 besparingar
935 351 12 31 i
971 351 121 32 sådant
1115 353 177 32 avseende.

314 398 77 32 Den
425 410 46 20 nu
505 400 157 41 gällande
696 401 170 33 ordinarie
901 404 111 30 staten
1040 403 51 32 för
1113 404 354 42 medicinalstyrelsen
1490 408 37 29 är
1549 417 39 20 av
1611 406 150 42 följande

260 449 180 32 utseende:

973 525 81 49 Stat.
1626 543 122 25 Kronor.

260 575 210 43 Avlöningar
493 577 52 31 till
568 577 171 33 ordinarie
762 579 216 42 tjänstemän,
1001 580 266 43 förslagsanslag
1320 608 166 2 «=...
1550 608 14 4 ....
1626 585 135 37 271,000

260 626 411 44 Vikariatsersättningar,
696 629 265 43 förslagsanslag
988 656 266 5 -.....——+—------.-:
1354 658 24 4 rrseer
1446 658 118 4 annen
1584 660 2 4 sn
1647 635 114 38 10,900

259 676 135 33 Arvode
417 678 53 31 till
493 679 353 41 generaldirektörens
867 681 288 32 ställföreträdare
1184 708 82 4 ........
1310 707 164 5 =.ee-w.e.e..
1669 686 91 38 1,000

258 727 211 43 Avlöningar
495 729 54 31 till
570 729 258 34 icke-ordinarie
850 731 345 43 befattningshavare,
1219 733 257 42 vetenskapliga
1498 735 105 39 rådet,

310 779 268 33 veterinärrådet
600 792 42 20 10.
667 792 42 21 IO.
789 807 395 5 sossarna
1262 810 36 2 en
1647 787 113 37 83,100

1315 843 141 32 Summa
1477 845 126 32 kronor
1625 848 135 37 366,000

310 923 139 32 Antalet
482 924 167 32 ordinarie
683 925 219 42 befattningar
932 927 11 31 i
967 927 350 42 medicinalstyrelsen
1341 931 37 29 är
1400 929 53 32 för
1475 931 208 32 närvarande
1706 932 53 31 be-

258 976 103 29 stämt
384 974 158 32 sålunda:

1598 1026 158 33 Lönegrad.

299 1059 300 41 generaldirektör,
623 1061 125 31 arvode
771 1061 106 42 enligt
898 1063 21 30 5
941 1062 22 42 8
984 1062 12 31 i
1018 1063 422 42 avlöningsreglementet
1472 1092 128 4 ..........
1656 1086 38 3 —

300 1101 259 42 överinspektör
581 1103 52 31 för
656 1103 324 41 sinnessjukvården
1003 1105 11 31 i
1037 1105 96 39 riket,
1158 1107 124 31 arvode
1305 1107 106 41 enligt
1433 1108 20 31 5
1475 1107 22 43 &
1519 1108 11 31 i
1550 1120 49 20 av-

339 1144 363 42 löningsreglementet
734 1172 36 2 .....
954 1172 70 2 OTUR
1078 1174 154 4 SEE
1264 1174 2 4 IS
1344 1174 96 4 AES
1506 1176 48 4 Te

298 1185 312 43 kameralbyråchef
646 1214 300 4 oossooemsnnsnra

298 1228 244 32 mediecinalråd
784 1256 2 2 .
958 1258 36 2 STAN
1038 1256 82 4 SSRTNANEN
1174 1258 26 4 STEGE

298 1271 267 42 statsinspektör
588 1274 80 30 över
690 1273 269 32 köttkontrollen
981 1274 11 31 i
1016 1274 87 32 riket
1136 1302 2 2 .

297 1313 255 42 byråveterinär
704 1342 2 2 KONER
771 1342 15 2 na
806 1340 188 4 ROR
1072 1344 12 2 ären
1103 1310 66 50 Sven
1175 1310 41 50 rprn
1232 1344 48 2 mange
1312 1344 2 2 nr

296 1356 212 31 kontrollant
531 1368 40 19 av
594 1357 214 41 hospitalens
831 1358 222 33 ekonomiska
1074 1360 207 42 förvaltning

297 1397 209 33 sekreterare
528 1398 31 42 (å
581 1399 459 43 medicinalbyrån)............
1150 1428 130 4 sera

297 1440 215 32 kamrerare
542 1466 108 4 oc.
830 1470 2 2 i

297 1483 227 31 ombudsman

296 1525 298 32 sekreterare........

295 1568 122 31 kassör

295 1610 151 31 notarier
718 1636 58 4 SAESNS
806 1638 4 2 SRS
886 1638 26 4 RR
944 1638 16 4 Font
992 1640 48 2 oRRA
1029 1607 55 50 ANAR
1104 1640 16 2 Gb
1198 1640 2 4 FR

295 1652 188 41 inspektris
507 1654 81 30 över
610 1654 423 41 sjuksköterskeväsendet
1070 1682 130 4 ..........
1310 1684 2 2 :
1438 1684 116 4 EON

294 1694 265 32 kansliskrivare
590 1720 36 4 ....
658 1722 48 4 ....
922 1722 72 5 TERS
1072 1726 2 2 da
1118 1724 2 4 bv
1166 1694 53 49 AKAN
1221 1694 59 49 KFDTN
1313 1694 46 49 EES
1371 1694 22 49 Vä
1401 1694 44 49 AKT
1463 1694 57 49 br,
1552 1694 48 49 Herr

294 1737 107 31 förste
425 1738 299 41 expeditionsvakt

294 1779 284 32 kanslibiträden.

295 1822 337 40 expeditionsvakter

294 1863 303 34 kontorsbiträden
612 1890 24 4 ...

255 1907 15 29 1
295 1906 227 33 skrivbiträde
542 1932 152 4 sco.

259 1059 13 30 rt

246 1857 34 37 RO
252 1783 21 62 DA
246 1736 34 29 Rå
246 1604 34 31 ÖT
246 1570 34 27 KA
246 1524 34 30 OD
246 1484 34 28 få
246 1439 34 22 rå
246 1398 34 31 fd
257 1320 15 45 fö
246 1279 34 22 fö
256 1186 19 58 UA

1625 1195 34 749 [evävefvvävsksvlvefvslovkseluskvslvoluvkvoluvlvelvcler

1670 1704 32 30 FA
1670 1660 32 30 ND
1670 1618 32 24 DD
1670 1576 32 24 DD
1670 1532 32 26 BD
1670 1490 32 26 NO
1670 1446 32 28 NO
1670 1404 32 26 DD
1670 1364 32 24 BO
1670 1320 32 28 BS
1670 1280 32 26 ND
1670 1236 32 26 03
1670 1192 32 28 03

1688 1874 35 71 NER
1692 1196 25 665 UOUdA-rDO-—HHKRRRABRASDO

305 1991 221 33 Beträffande
560 1993 101 32 dessa
696 1994 169 32 ordinarie
899 1995 231 42 befattningar
1163 1997 85 32 hava
1284 1998 79 31 1926
1397 2000 56 29 års
1476 1999 276 42 besparingssak-

253 2041 150 43 kunniga
425 2043 175 42 föreslagit
616 2044 152 41 följande
781 2045 261 42 förändringar:

306 2110 170 42 sänkning
511 2122 40 20 av
585 2111 66 32 den
674 2112 12 31 i
709 2112 207 42 lönegraden
950 2114 29 30 B
996 2115 40 30 29
1069 2115 167 41 uppförda
1258 2115 235 43 befattningen
1518 2119 112 30 såsom
1654 2120 98 30 stats-

252 2152 179 42 inspektör
454 2155 79 30 över
555 2154 270 32 köttkontrollen
848 2155 11 31 i
882 2156 88 31 riket
994 2157 52 30 till
1067 2157 206 42 lönegraden
1297 2158 28 31 B
1342 2159 53 38 28;

304 2194 205 42 indragning
532 2207 40 20 av
594 2196 424 43 byråveterinärstjänsten
1043 2199 63 31 och
1129 2200 193 32 inrättande
1344 2201 11 31 i
1379 2201 115 32 stället
1517 2213 39 20 av
1576 2213 42 20 en
1634 2202 118 32 befatt-

252 2238 83 41 ning
357 2239 114 30 såsom
495 2238 440 41 medicinalrådsassistent;

304 2279 205 43 indragning
542 2292 39 20 av
615 2281 399 43 ombudsmanstjänsten
1048 2284 64 31 och
1139 2284 80 32 dess
1248 2285 194 32 ersättande
1465 2286 77 31 med
1566 2297 41 21 eu
1631 2286 121 33 kansli-

252 2322 164 31 biträdes-
440 2323 82 31 eller
544 2323 504 44 kontorsbiträdesbefattning;

306 2364 168 42 sänkning
507 2377 40 19 av
581 2366 65 31 den
673 2366 12 30 i
707 2367 207 40 lönegraden
938 2367 29 31 B
981 2368 40 31 26
1043 2368 170 41 uppförda
1237 2369 337 41 sekreterartjänsten
1598 2370 30 42 (å
1650 2371 101 32 medi-

253 2406 208 42 cinalbyrån)
485 2407 52 31 till
560 2407 207 42 lönegraden
791 2409 28 31 B
836 2410 53 38 24;

304 2449 120 41 utbyte
447 2460 41 20 av
510 2451 56 30 två
582 2450 334 42 sekreterartjänster
932 2452 30 41 (å
977 2452 268 42 lasarettsbyrån
1261 2453 63 32 och
1341 2456 19 29 å
1375 2454 289 42 veterinärbyrån)
1680 2458 71 29 mot

251 2492 56 30 två
329 2491 377 43 notariebefattningar;
