1912 2820
274 175 112 29 Andra
413 175 212 31 kammarens
650 174 116 32 första
792 177 161 39 tillfälliga
980 178 133 30 utskotts
1138 178 166 30 utlåtande
1330 179 46 29 Nr
1400 182 29 26 9.
1574 177 19 29 3

152 261 50 29 Av
223 261 56 29 två
298 261 213 39 domkapitel
531 261 63 30 har
616 261 183 34 förordats,
821 264 49 27 att
891 271 82 20 man
993 262 111 30 skulle
1126 264 123 28 stanna
1269 263 79 30 med
1370 264 111 29 denna
1502 263 87 39 möj-

108 305 106 39 lighet
242 305 49 29 till
320 305 213 39 begravning
563 315 41 20 av
633 306 148 29 medlem
813 306 9 28 i
854 306 148 30 svenska
1032 306 136 40 kyrkan
1200 308 83 28 utan
1313 307 234 40 jordfästning
1578 308 10 28 i

108 350 153 39 kyrkans
287 350 162 39 ordning;
475 350 66 29 och
566 350 77 29 från
668 351 109 29 andra
802 350 70 30 håll
898 350 63 30 har
985 350 115 30 såsom
1127 351 248 39 förutsättning
1401 351 54 30 för
1481 351 106 31 sådan

106 395 210 39 begravning
337 394 197 40 föreslagits
557 394 167 40 skriftligt
745 395 82 29 eller
848 395 165 39 muntligt
1035 396 297 29 testamentariskt
1354 396 234 30 förordnande

108 449 41 20 av
168 440 65 28 den
253 439 146 30 avlidne.
431 439 77 29 Med
526 439 138 40 hänsyn
684 439 50 29 till
755 440 65 29 den
839 440 84 33 vikt,
944 448 73 21 som
1038 440 65 29 den
1124 440 154 29 avlidnes
1298 441 173 29 närmaste
1492 441 96 29 torde

108 483 91 30 fästa
217 484 56 29 vid
294 484 102 29 sättet
415 483 55 30 för
488 484 266 39 begravningen,
776 484 69 28 kan
864 483 59 39 jag
943 484 75 29 icke
1038 484 138 29 ansluta
1196 484 70 39 mig
1287 484 49 29 till
1358 485 64 29 vad
1444 485 144 29 sålunda

108 528 211 39 ifrågasatts,
338 530 85 27 utan
439 537 102 20 anser
556 527 69 40 jag,
643 528 10 29 i
668 528 110 29 likhet
795 529 79 28 med
892 529 41 28 de
952 528 228 39 sakkunniga,
1200 530 48 28 att
1266 538 81 20 man
1365 529 10 28 i
1394 529 196 29 förevaran-

108 574 41 28 de
170 573 198 29 hänseende
390 573 62 29 bör
474 572 9 29 i
507 573 166 29 avsevärd
696 572 242 39 utsträckning
961 574 77 37 taga
1061 572 137 40 hänsyn
1222 573 50 29 till
1295 573 41 30 de
1360 573 229 30 efterlevande

110 619 89 28 samt
216 617 121 30 därvid
354 617 61 29 lita
433 617 50 29 till
503 617 99 29 deras
620 617 198 30 kännedom
837 626 55 20 om
912 617 65 29 och
994 617 104 39 pietet
1116 617 55 29 för
1188 618 65 29 den
1273 617 152 30 avlidnes
1444 618 144 29 önskan.

108 662 216 39 Begravning
342 671 41 20 av
402 662 148 29 medlem
570 671 41 20 av
630 662 149 29 svenska
797 662 137 39 kyrkan
953 663 84 28 utan
1055 661 237 40 jordfästning
1311 662 9 29 i
1341 662 152 39 kyrkans
1514 663 76 29 ord-

109 707 82 38 ning
207 707 61 28 bör
282 706 233 39 följaktligen,
532 706 44 39 på
593 707 66 28 sätt
675 706 40 29 de
733 706 195 39 sakunniga
946 706 185 39 föreslagit,
1150 706 118 29 kunna
1286 707 62 37 äga
1366 715 75 20 rum
1460 706 61 39 jäm
1536 706 51 29 väl

110 752 83 28 utan
218 752 65 28 den
307 750 155 30 avlidnes
487 750 244 33 förordnande,
757 750 44 29 då
825 751 55 28 det
903 750 141 38 begäres
1069 759 41 19 av
1134 750 127 29 honom
1288 750 213 29 närstående.

153 804 49 29 De
227 803 239 39 sakkunnigas
491 803 129 39 förslag
644 804 61 38 gör
730 803 178 39 undantag
934 802 54 30 för
1012 803 55 29 det
1093 803 70 33 fall,
1190 805 48 27 att
1264 803 65 29 den
1353 803 134 29 avlidne
1514 802 76 40 fyllt

110 848 132 29 femton
266 848 39 29 år
329 848 65 29 och
418 848 150 29 särskild
593 847 187 39 anledning
806 847 183 39 föreligger
1013 847 50 29 till
1090 848 204 38 antagande,
1321 849 48 27 att
1393 848 66 28 den
1486 846 104 30 fram-

110 893 124 29 ställda
250 893 151 38 begäran
419 892 110 29 skulle
548 892 107 29 strida
672 894 72 27 mot
757 892 69 29 den
844 892 154 29 avlidnes
1015 892 144 29 önskan.
1190 892 115 38 Enligt
1323 891 161 38 förslaget
1504 891 85 29 skall

110 938 8 28 i
142 937 110 39 dylikt
272 937 62 29 fall
358 937 210 39 avgörandet
589 937 89 38 ligga
701 936 63 29 hos
786 936 257 29 vederbörande
1066 937 106 38 präst.
1208 936 119 29 Denna
1351 935 239 29 bestämmelse

111 991 111 30 synes,
251 991 41 19 av
319 982 40 28 de
387 981 145 39 avgivna
559 980 226 30 utlåtandena
812 982 49 28 att
889 981 112 32 döma,
1029 989 81 20 vara
1139 980 144 29 föremål
1313 980 53 29 för
1394 981 45 27 ett
1467 980 123 28 nästan

110 1026 166 39 enhälligt
296 1025 177 30 motstånd
495 1025 20 30 å
536 1025 92 30 såväl
651 1025 242 39 statskyrkligt
915 1034 73 20 som
1012 1024 200 39 frikyrkligt
1234 1024 80 29 håll.
1348 1016 253 47 Domkapitlen

110 1071 123 29 anföra
255 1071 79 29 med
357 1072 70 28 stor
448 1070 279 39 enstämmighet,
750 1071 49 28 att
822 1070 66 29 den
909 1069 203 39 ifrågasatta
1136 1068 320 40 prövningsplikten
1481 1068 110 29 skulle

111 1116 141 29 komma
278 1117 49 27 att
353 1115 180 29 föranleda
559 1114 192 30 konflikter
777 1114 82 30 eller
885 1114 9 29 i
921 1114 61 29 allt
1008 1113 60 30 fall
1097 1114 134 29 kännas
1259 1113 217 40 synnerligen
1504 1114 88 37 tryc-

110 1161 113 28 kande
241 1160 55 29 för
312 1160 152 39 prästen,
483 1159 64 30 och
565 1159 208 39 frikyrkliga
791 1158 401 30 samarbetskommittén
1212 1158 126 29 uttalar
1358 1157 161 38 farhågor
1539 1157 52 28 för

111 1214 42 20 en
173 1204 118 30 alltför
313 1206 71 27 stor
405 1204 176 29 nitälskan
603 1213 55 20 om
682 1203 243 40 statskyrkans
948 1203 146 38 ordning
1117 1202 55 29 vid
1196 1202 222 39 prövningen.
1453 1202 64 29 Vid
1541 1201 51 29 så-

110 1250 82 29 dant
207 1249 219 29 förhållande
441 1257 100 21 anser
554 1248 59 39 jag
627 1248 71 39 mig
711 1248 76 29 icke
801 1248 83 29 böra
900 1247 50 29 till
967 1247 191 39 antagande
1175 1246 140 29 förorda
1331 1246 260 39 ifrågavarande

111 1303 41 21 av
178 1294 40 29 de
245 1293 220 39 sakkunniga
492 1293 195 38 föreslagna
712 1292 254 29 bestämmelse.

155 1346 121 29 Ehuru
293 1346 104 39 något
414 1346 258 29 åsidosättande
687 1345 81 29 från
785 1345 41 29 de
844 1345 192 28 närmastes
1055 1344 73 29 sida
1147 1353 41 19 av
1205 1344 65 28 den
1289 1343 152 29 avlidnes
1458 1341 133 29 önskan

111 1391 74 29 icke
205 1391 96 29 torde
319 1399 83 20 vara
422 1391 50 28 att
489 1390 131 33 befara,
641 1398 101 31 synes
760 1389 59 29 det
838 1389 105 28 likväl
964 1388 167 39 lämpligt,
1152 1389 49 27 att
1222 1396 41 20 en
1284 1386 132 39 garanti
1437 1386 154 29 däremot

111 1435 131 29 införes
266 1443 122 30 genom
412 1435 67 29 den
502 1443 41 20 av
567 1434 207 39 frikyrkliga
800 1432 401 30 samarbetskommittén
1225 1431 195 38 föreslagna
1445 1430 147 28 bestäm-

111 1479 141 33 melsen,
278 1481 49 27 att
350 1488 55 20 om
431 1479 66 29 den
520 1478 136 29 avlidne
681 1477 86 30 efter
792 1477 166 39 uppnådd
982 1476 94 29 ålder
1102 1485 40 20 av
1167 1476 142 28 aderton
1335 1474 38 29 år
1398 1473 193 39 skriftligen

112 1524 181 29 förordnat
324 1532 55 20 om
409 1523 237 39 jordfästning
677 1522 9 29 i
719 1522 148 29 svenska
897 1521 155 40 kyrkans
1083 1520 157 38 ordning,
1273 1519 106 29 sådan
1412 1518 85 29 skall
1530 1519 62 37 äga

112 1578 88 20 rum.
230 1568 48 30 På
293 1568 113 39 grund
424 1577 41 20 av
482 1568 93 29 detta
592 1567 64 29 och
673 1566 244 30 motsvarande
936 1565 93 30 förut
1046 1565 146 29 berörda
1212 1563 186 39 stadgande
1418 1562 174 39 angående

112 1613 235 30 förordnande
377 1622 55 20 om
461 1612 211 39 begravning
700 1613 85 27 utan
813 1610 237 40 jordfästning
1079 1610 9 28 i
1119 1608 155 40 kyrkans
1304 1607 145 39 ordning
1480 1606 113 29 finnes

112 1658 96 29 alltid
230 1657 183 39 möjlighet
434 1657 55 29 för
510 1666 41 20 en
574 1656 49 29 till
647 1657 66 29 den
735 1655 197 39 föreslagna
954 1655 118 29 åldern
1095 1655 163 29 kommen
1282 1654 145 29 medlem
1452 1663 41 20 av
1515 1653 78 39 kyr-

112 1703 70 28 kan
206 1704 49 27 att
279 1710 122 30 genom
427 1701 233 39 upprättande
684 1710 40 19 av
751 1700 167 38 skriftligt
943 1699 233 29 förordnande
1203 1698 64 29 och
1292 1699 110 28 dettas
1428 1697 165 30 överläm-

113 1747 112 29 nande
252 1746 51 29 till
331 1745 258 30 vederbörande
617 1745 96 39 präst
740 1744 82 29 eller
850 1753 116 20 annan
994 1743 132 39 pålitlig
1154 1751 126 31 person
1309 1741 202 30 säkerställa
1541 1741 51 29 sin

113 1791 134 30 önskan
266 1791 10 29 i
296 1790 98 39 fråga
411 1799 58 20 om
488 1789 274 39 begravningens
780 1788 256 30 verkställande
1056 1788 78 29 med
1155 1787 81 29 eller
1257 1788 82 28 utan
1359 1785 234 40 jordfästning

113 1837 8 28 i
137 1836 155 39 kyrkans
307 1835 158 39 ordning.
490 1834 62 30 Väl
568 1834 117 29 kunde
701 1834 55 29 det
772 1833 221 39 ifrågasättas
1009 1834 48 27 att
1073 1832 213 29 härutinnan
1303 1831 41 39 gå
1360 1830 101 39 något
1476 1830 117 38 längre

113 1881 64 29 och
203 1880 208 39 exempelvis
436 1879 69 29 låta
531 1880 85 28 även
643 1880 46 27 ett
714 1877 165 39 muntligt
904 1877 213 29 förordnnde
1144 1876 93 29 inför
1263 1875 131 29 vittnen
1421 1875 80 39 göra
1528 1874 66 29 till-

113 1925 126 41 fyllest.
271 1925 81 29 Man
371 1924 135 39 undgår
523 1923 192 30 emellertid
736 1923 9 28 i
766 1922 110 40 dylikt
896 1922 60 29 fall
977 1921 74 29 icke
1071 1923 49 27 att
1139 1920 194 29 föreskriva
1354 1928 40 20 en
1414 1919 179 39 prövning,

113 1970 125 33 vilken,
259 1978 42 21 av
321 1969 41 29 de
383 1968 122 40 gjorda
527 1968 224 29 utlåtandena
772 1968 49 28 att
843 1967 112 33 döma,
977 1965 89 30 helst
1088 1966 96 28 torde
1205 1965 83 29 böra
1310 1964 180 29 undvikas.
1524 1963 70 29 Mot

114 2015 65 30 den
199 2014 171 40 prövning
391 2022 41 21 av
453 2013 56 29 det
531 2012 172 39 skriftliga
725 2011 260 33 förordnandet,
1008 2019 72 20 som
1103 2010 8 28 i
1135 2010 65 29 alla
1222 2009 182 29 händelser
1425 2008 66 29 blir
1513 2007 82 29 nöd-

113 2060 126 38 vändig
269 2058 64 30 och
364 2067 73 20 som
468 2058 96 29 torde
591 2057 85 29 böra
707 2056 176 30 anförtros
912 2055 256 30 vederbörande
1200 2054 105 39 präst,
1336 2053 73 29 lära
1439 2053 156 29 däremot

114 2104 166 39 befogade
305 2102 274 39 anmärkningar
603 2102 74 29 icke
702 2101 121 29 kunna
847 2099 222 30 framställas.

158 2158 70 28 Där
249 2156 168 39 skriftligt
434 2155 247 33 förordnande,
705 2164 73 20 som
801 2163 46 20 nu
870 2155 102 37 sagts,
993 2153 74 28 icke
1090 2152 201 32 förefinnes,
1315 2159 99 31 synes
1437 2150 158 38 riktigast

114 2203 49 28 att
181 2202 61 29 lita
262 2201 50 29 till
333 2202 41 28 de
394 2200 250 30 efterlevandes
665 2199 160 29 omdöme
845 2198 65 29 och
930 2197 213 38 önskningar
1163 2196 66 29 och
1249 2198 48 27 att
1319 2194 100 30 alltså
1438 2194 69 29 låta
1528 2193 67 30 frå-

115 2254 75 31 gan,
221 2245 174 29 huruvida
424 2244 211 39 begravning
666 2245 84 27 utan
779 2242 237 39 jordfästning
1046 2241 9 28 i
1088 2240 148 30 svenska
1265 2240 154 38 kyrkans
1449 2238 146 38 ordning

116 2290 86 30 skall
225 2291 63 38 äga
309 2298 89 24 rum,
419 2289 47 29 bli
487 2289 170 29 beroende
677 2287 44 40 på
743 2287 99 39 gjord
865 2285 257 39 framställning
1144 2293 40 21 av
1208 2285 40 28 de
1270 2283 240 30 efterlevande.

159 2344 65 28 Tre
244 2342 212 39 domkapitel
478 2342 63 29 och
561 2341 176 29 allmänna
757 2339 148 30 svenska
925 2338 303 40 prästföreningen
1248 2337 86 29 hava
1355 2335 170 33 anmärkt,
1547 2336 49 28 att

115 2387 174 39 uttrycket
310 2388 176 28 närmaste
508 2385 231 39 efterlevande
761 2384 30 38 ej
816 2392 78 21 vore
919 2383 78 29 fullt
1021 2383 100 28 klart.
1155 2381 179 29 Liknande
1358 2379 237 40 uttryckssätt,

116 2432 114 29 såsom
262 2431 187 29 ”närmaste
482 2429 177 39 anhöriga”
691 2429 82 28 eller
803 2428 187 28 ”närmaste
1023 2425 161 33 fränder',
1217 2425 217 29 förekomma
1465 2423 89 29 dock
1586 2423 9 27 i

116 2476 142 30 svenskt
278 2475 174 40 lagspråk.
486 2474 11 29 I
520 2473 225 30 förevarande
768 2472 59 30 fall
849 2472 90 29 lärer
961 2470 189 30 emellertid
1173 2471 47 28 ett
1242 2470 93 28 ännu
1358 2476 93 21 mera
1473 2466 123 30 omfat-

116 2520 103 30 tande
247 2520 140 40 uttryck
414 2520 84 29 böra
526 2518 122 39 väljas.
689 2516 282 39 Framställning,
1002 2524 71 20 som
1104 2514 63 30 här
1196 2522 107 24 avses,
1333 2513 61 29 bör
1423 2511 173 39 nämligen
