1920 2835
276 158 41 32 24
585 158 124 30 Första
727 158 246 40 lagutskottets
991 158 179 31 utlåtande
1187 168 43 21 nr
1249 159 41 30 17
1307 159 39 30 år
1365 159 84 30 1970

436 238 227 35 (Nuvarande
688 239 147 41 lydelse)

277 303 176 40 exemplar
473 312 43 21 av
536 303 235 40 kungörelsen
791 303 199 38 ofördröjli-

278 355 64 32 gen
356 348 212 30 översändas
581 348 54 30 till
649 348 43 31 de
705 348 122 31 härför
840 349 150 30 bestäm-

278 393 44 30 da
351 393 134 31 ställen.
514 393 47 30 Är
588 394 275 40 uppenbarligen
891 393 99 41 fråga

277 439 147 29 allenast
447 447 58 21 om
527 439 72 29 viss
623 439 82 30 eller
728 439 95 30 vissa
847 440 143 39 sakäga-

276 492 55 21 res
365 483 166 35 hörande,
566 493 82 21 vare
683 484 208 40 kungörelse
925 484 65 30 och

278 529 264 34 underrättelse,
576 538 75 21 som
682 539 49 20 nu
764 531 103 38 sagts,
901 530 89 30 dock

276 574 78 30 icke
369 574 235 40 erforderliga,
623 574 147 30 såframt
787 575 110 30 sådan
913 576 77 29 sak-

278 620 102 39 ägare
407 618 11 30 i
443 619 66 30 den
536 619 57 40 för
619 620 178 39 stämning
823 619 166 40 stadgade

276 663 149 41 ordning
443 664 112 30 kallas
573 665 54 30 till
647 665 261 31 sammanträde
927 666 62 30 sist

276 709 20 31 å
316 709 143 31 åttonde
478 710 111 40 dagen
609 710 106 30 förut.

320 755 73 30 Har
413 756 261 30 sammanträde
693 755 30 38 ej
747 756 44 39 på
812 756 68 30 sätt
901 765 89 21 ovan

278 802 93 38 sagts
399 801 287 39 tillkännagivits,
713 810 82 21 vare
821 801 90 30 dock
938 801 52 30 så-

278 846 84 29 dant
387 846 323 39 tillkännagivande
736 846 30 37 ej
797 856 42 20 av
864 846 124 35 nöden,

277 889 63 29 där
365 890 69 29 alla
459 890 168 39 sakägare
651 891 143 28 komma
818 890 171 30 tillstädes

277 935 83 29 eller
376 934 42 30 de
435 935 178 30 uteblivna
629 934 12 30 i
657 934 66 30 den
740 934 57 40 för
812 934 178 40 stämning

276 979 166 40 stadgade
466 979 149 40 ordning
639 981 62 29 sist
724 980 20 30 å
767 980 143 31 åttonde
932 980 58 30 da-

276 1032 65 32 gen
362 1024 96 31 förut
479 1024 127 30 kallats
629 1024 53 30 till
701 1025 287 30 sammanträdet.

1206 240 225 40 (Föreslagen
1457 240 147 40 lydelse)

1048 304 176 40 exemplar
1245 314 42 20 av
1307 305 234 39 kungörelsen
1561 304 201 37 ofördröjli-

1049 356 65 33 gen
1128 349 211 30 översändas
1353 350 53 29 till
1421 349 42 30 de
1476 349 123 30 härför
1612 350 150 29 bestäm-

1050 394 44 30 da
1123 395 134 29 ställen.
1285 394 47 30 är
1359 394 275 40 uppenbarligen
1663 394 99 40 fråga

1049 440 146 29 allenast
1219 448 57 21 om
1300 440 70 29 viss
1394 440 83 30 eller
1500 440 94 30 vissa
1618 440 144 39 sakäga-

1047 494 56 21 res
1137 485 166 35 hörande,
1338 494 83 21 vare
1455 485 208 40 kungörelse
1698 484 66 31 och

1049 529 265 35 underrättelse,
1347 539 74 21 som
1454 539 48 21 nu
1536 531 102 38 sagts,
1672 530 90 30 dock

1047 575 77 30 icke
1140 575 235 40 erforderliga,
1394 575 147 30 såframt
1558 575 109 30 sådan
1684 575 78 30 sak-

1049 620 102 40 ägare
1173 619 150 41 delgives
1346 619 142 31 kallelse
1510 620 54 30 till
1587 629 175 21 samman-

1049 665 99 31 träde
1163 665 61 31 sist
1239 665 20 30 å
1272 665 143 31 åttonde
1428 666 111 39 dagen
1553 665 106 31 förut.

1091 756 73 29 Har
1184 756 261 30 sammanträde
1465 756 30 40 ej
1518 756 45 40 på
1584 756 68 30 sätt
1672 765 90 21 ovan

1050 803 93 38 sagts
1169 801 288 40 tillkännagivits,
1484 810 81 21 vare
1593 801 90 30 dock
1709 801 53 31 så-

1049 847 85 30 dant
1159 847 323 39 tillkännagivande
1509 846 29 37 ej
1568 856 42 21 av
1635 846 125 35 nöden,

1049 891 62 29 där
1136 891 70 29 alla
1230 891 167 38 sakägare
1422 891 143 29 komma
1589 891 172 29 tillstädes

1050 936 82 30 eller
1158 935 43 31 de
1227 935 178 31 uteblivna
1431 934 159 41 delgivits
1618 934 143 31 kallelse

1050 980 52 30 till
1120 980 278 30 sammanträdet
1419 981 62 30 sist
1502 980 20 30 å
1541 980 143 31 åttonde
1704 980 59 31 da-

1048 1033 65 32 gen
1135 1025 106 30 förut.

321 1133 122 29 Denna
457 1133 56 39 lag
525 1133 118 30 träder
656 1133 11 29 i
681 1133 95 30 kraft
791 1133 67 30 den
874 1133 15 29 1
905 1133 141 40 januari
1063 1133 94 30 1971.

908 1289 63 46 14)
988 1289 144 44 Förslag

991 1357 54 30 till

981 1423 75 44 Lag

424 1507 60 21 om
499 1495 149 43 ändring
663 1496 13 32 i
691 1495 103 43 lagen
811 1494 218 47 (1919:426)
1046 1507 61 21 om
1122 1495 165 44 flottning
1302 1496 13 32 i
1330 1495 134 33 allmän
1479 1495 134 33 flottled

321 1599 211 40 Härigenom
556 1600 195 34 förordnas,
777 1601 49 28 att
849 1599 42 31 46
917 1599 15 38 $
955 1600 103 39 lagen
1085 1599 215 35 (1919:426)
1328 1609 57 21 om
1408 1599 167 40 flottning
1597 1600 11 29 i
1632 1600 131 30 allmän

275 1644 138 31 flottled
431 1645 89 30 skall
536 1645 46 30 ha
599 1645 115 30 nedan
732 1646 150 38 angivna
899 1644 140 41 lydelse.

444 1734 225 35 (Nuvarande
684 1734 146 39 lydelse)

1216 1734 224 39 (Föreslagen
1456 1734 146 40 lydelse)

973 1797 41 30 46
1041 1797 28 37 8.

319 1850 189 40 Angående
530 1850 206 40 befogenhet
755 1850 57 40 för
830 1851 161 39 styrelse-

278 1895 152 29 ledamot
454 1896 51 29 att
527 1895 57 39 för
606 1895 206 39 föreningen
836 1897 154 38 mottaga

276 1940 179 40 stämning
473 1940 40 30 är
531 1940 139 39 stadgat
689 1940 12 30 i
718 1940 273 40 rättegångsbal-

277 1984 85 37 ken;
380 1984 64 30 och
460 1984 92 30 skall
570 1984 66 30 vad
652 1984 11 30 i
678 1984 126 30 sådant
821 1985 169 29 avseende

275 2030 108 38 gäller
398 2030 63 39 äga
478 2029 221 40 tillämpning
713 2030 142 39 jämväl,
872 2029 44 31 då
930 2039 60 21 an-

277 2075 62 28 nat
365 2073 229 31 meddelande
622 2074 91 30 skall
740 2074 152 40 delgivas
920 2074 71 40 för-

278 2119 157 38 eningen.

321 2164 69 29 Vill
407 2164 170 39 styrelsen
617 2181 19 4 —
665 2181 30 4 —
725 2181 81 4 ——
827 2181 218 5 ——-—>—

1058 2182 162 4 ———
1235 2182 44 3 —
1293 2182 45 3 —
1353 2164 20 30 å
1391 2164 185 30 stämman.

321 2272 121 30 Denna
456 2272 56 39 lag
524 2272 118 30 träder
655 2272 11 29 i
681 2272 95 30 kraft
791 2272 66 30 den
874 2272 14 29 1
904 2272 141 40 januari
1062 2272 94 30 1971.
