1896 2814
534 171 378 31 Jordbruksutskottets
935 174 180 30 memorial
1137 183 42 21 nr
1206 175 48 29 53.
1626 169 15 31 1

815 504 58 40 Nr
899 505 63 40 33.

712 624 109 24 Ankom
839 624 42 24 till
899 625 155 30 riksdagens
1073 625 87 23 kansli
1180 626 50 23 den
1249 624 15 24 2
1282 626 59 29 juni
1361 624 65 25 1943
1445 627 34 23 kl.
1498 625 16 25 3
1532 633 20 17 e.
1572 634 35 16 m.

357 709 180 31 Memorial
559 710 178 36 angående
760 711 206 32 kamrarnas
988 712 201 37 skiljaktiga
1213 712 110 31 beslut
1346 715 11 29 i
1380 713 99 38 fråga
1502 723 56 21 om
1581 724 60 21 an-

582 761 73 38 slag
685 762 52 30 till
767 763 449 37 upplysningsverksamhet
1247 764 148 30 rörande
1424 764 216 38 forsknings-

579 812 64 30 och
666 812 271 38 försöksarbetet
957 813 46 38 på
1024 814 224 37 jordbrukets
1271 814 150 32 område.

181 911 14 30 I
223 909 89 32 årets
340 911 404 38 statsverksproposition
775 912 57 39 (IX
859 913 41 30 H.
926 913 38 31 T.
993 923 32 27 p.
1055 912 73 41 128)
1159 914 90 30 hade
1276 914 122 37 Kungl.
1424 914 102 38 Maj:t
1550 915 88 31 före-

136 962 99 36 slagit
257 961 185 37 riksdagen
463 965 50 28 att
536 962 10 30 i
572 963 152 30 avbidan
749 962 46 38 på
816 964 150 30 särskild
990 964 215 37 proposition
1230 965 52 30 till
1307 965 332 38 Upplysningsverk-

136 1013 135 29 samhet
297 1013 148 30 rörande
470 1013 213 37 forsknings-
709 1015 66 29 och
801 1014 270 31 försöksarbetet
1096 1013 47 38 på
1168 1015 221 39 jordbrukets
1417 1015 142 32 område
1585 1017 54 30 för

136 1062 201 37 budgetåret
357 1060 138 42 1943/44
511 1064 154 30 beräkna
684 1067 47 27 ett
747 1065 119 36 anslag
883 1074 44 21 av
946 1066 42 30 38
1001 1066 64 30 000
1082 1066 139 30 kronor.

182 1114 200 30 Sedermera
409 1114 90 30 hade
528 1114 121 37 Kungl.
677 1114 103 37 Maj:t
807 1115 11 30 i
848 1125 42 20 en
918 1116 50 29 till
992 1115 186 37 riksdagen
1205 1116 66 31 den
1298 1118 19 29 5
1346 1126 93 21 mars
1471 1118 82 30 1943
1582 1127 56 21 av-

136 1162 102 38 låten,
270 1164 51 30 till
350 1164 355 37 jordbruksutskottet
735 1165 170 31 hänvisad
938 1166 226 37 proposition,
1197 1176 41 23 nr
1275 1168 71 35 120,
1380 1168 111 30 under
1520 1167 118 32 åbero-

136 1215 114 36 pande
279 1224 43 21 av
346 1215 108 36 bilagt
484 1216 122 36 utdrag
635 1225 43 21 av
706 1215 374 38 statsrådsprotokollet
1109 1218 80 29 över
1215 1216 341 38 jordbruksärenden
1584 1219 55 30 för

138 1274 134 22 samma
307 1265 74 37 dag,
416 1266 176 36 föreslagit
625 1266 186 37 riksdagen
842 1270 49 27 att
921 1267 51 30 till
1005 1267 455 38 Upplysningsverksamhet
1491 1270 149 30 rörande

136 1316 213 36 forsknings-
370 1317 66 30 och
455 1317 269 30 försöksarbetet
740 1316 45 38 på
803 1316 220 38 jordbrukets
1043 1317 142 32 område
1202 1319 56 30 för
1276 1318 201 37 budgetåret
1500 1315 139 42 1943/44

136 1365 19 31 å
176 1367 257 36 driftbudgeten
452 1368 111 29 under
578 1368 127 30 nionde
724 1368 218 30 huvudtiteln
961 1368 119 31 anvisa
1099 1371 47 28 ett
1163 1370 119 36 anslag
1300 1379 43 21 av
1361 1371 118 35 38,000
1499 1370 139 31 kronor.

180 1418 13 29 I
214 1418 171 30 samband
402 1418 145 30 härmed
565 1418 90 30 hade
672 1418 356 36 jordbruksutskottet
1044 1419 50 30 till
1111 1419 213 37 behandling
1340 1420 153 32 förehaft
1513 1420 124 37 följan-

137 1467 42 31 de
197 1468 96 30 inom
312 1468 185 36 riksdagen
518 1468 132 36 väckta,
674 1468 50 30 till
743 1470 164 29 utskottet
926 1469 191 31 hänvisade
1137 1469 180 37 motioner,
1336 1471 174 36 nämligen

183 1517 28 40 1)
242 1519 106 30 1:222
379 1527 43 21 av
449 1519 80 30 herr
553 1518 128 36 Björck
709 1519 96 37 m.fl.,
831 1519 73 30 vari
931 1520 201 35 hemställts,
1161 1523 50 27 att
1237 1520 184 37 riksdagen
1447 1520 106 32 måtte
1583 1522 55 30 be-

136 1569 90 31 sluta
251 1569 71 30 dels
348 1571 48 28 att
420 1569 67 30 den
509 1569 11 30 i
541 1569 260 36 propositionen
825 1569 233 31 omförmälda
1082 1571 178 30 nämnden
1284 1571 87 30 skall
1397 1571 96 31 bestå
1519 1582 42 20 av
1585 1572 54 39 sju

137 1629 173 28 personer,
343 1619 175 37 nämligen
551 1619 264 31 föreståndarna
846 1620 54 30 för
933 1619 213 38 jordbruks-,
1182 1621 190 37 husdjurs-,
1406 1622 134 37 mejeri-
1573 1623 66 30 och

136 1669 532 38 trädgårdsförsöksanstalterna
697 1673 90 28 samt
812 1680 43 21 en
878 1669 240 38 jordbrukare,
1146 1681 43 20 en
1215 1671 264 37 trädgårdsman
1505 1674 65 30 och
1598 1683 42 21 en

136 1730 190 27 pressman,
348 1721 71 30 dels
441 1721 65 30 ock
528 1724 50 27 att
596 1721 194 30 nämndens
813 1721 341 37 befattningshavare
1177 1721 106 32 måtte
1303 1722 157 31 tillsättas
1484 1723 10 30 i
1516 1723 38 31 så
1573 1724 66 37 god

136 1771 51 31 tid
204 1774 49 28 att
273 1771 41 31 de
334 1771 121 31 kunna
474 1771 99 31 träda
593 1771 11 30 i
625 1772 163 30 funktion
811 1775 114 27 senast
947 1772 66 30 den
1034 1773 14 29 1
1072 1773 195 36 september
1289 1774 97 35 1943;

181 1820 31 40 2)
243 1822 124 30 II:319
395 1831 42 21 av
462 1822 80 30 herr
567 1822 146 30 Persson
743 1822 10 30 i
780 1822 105 36 Falla,
914 1822 72 31 vari
1014 1823 203 36 hemställts,
1244 1826 49 27 att
1321 1823 184 37 riksdagen
1533 1823 107 32 måtte

136 1872 135 30 besluta
296 1875 49 27 att
375 1872 71 30 dels
474 1871 95 31 avslå
596 1872 122 36 Kungl.
748 1872 117 37 Maj:ts
891 1873 216 36 proposition
1133 1882 43 21 nr
1207 1874 61 29 120
1297 1873 177 37 angående
1499 1876 140 36 upplys-

136 1922 322 36 ningsverksamhet
479 1922 146 30 rörande
648 1922 213 36 forsknings-
883 1923 65 29 och
968 1923 272 30 försöksarbetet
1260 1923 45 37 på
1326 1924 221 36 jordbrukets
1567 1935 71 20 om-

135 1971 92 38 råde,
251 1972 70 30 dels
347 1973 65 29 ock
436 1972 10 30 i
469 1972 161 31 skrivelse
655 1972 50 30 till
729 1972 122 36 Kungl.
875 1971 100 38 Maj:t
1000 1973 182 30 hemställa
1203 1983 58 20 om
1284 1974 149 36 förnyad
1456 1975 183 37 utredning

136 2023 10 30 i
165 2023 114 30 denna
297 2022 112 37 fråga;

180 2072 31 40 3)
243 2073 44 30 II:
303 2074 62 29 335
388 2083 43 20 av
452 2074 79 29 herr
553 2073 183 37 Jacobson,
759 2073 71 30 vari
855 2074 127 37 yrkats,
1007 2077 49 27 att
1076 2074 185 36 riksdagen
1281 2073 106 32 måtte
1406 2075 57 31 vid
1486 2076 152 31 behand-

136 2124 115 36 lingen
269 2133 43 20 av
332 2124 123 36 Kungl.
478 2124 116 38 Maj:ts
613 2124 215 36 proposition
850 2133 41 22 nr
915 2125 61 29 120
996 2123 94 31 avslå
1110 2125 213 30 densamma.

181 2174 171 31 Utskottet
375 2174 90 30 hade
489 2175 9 29 i
523 2175 56 29 sitt
601 2174 179 31 utlåtande
804 2184 41 20 nr
869 2175 40 29 30
933 2175 184 34 hemställt,
1143 2179 48 27 att
1215 2175 183 37 riksdagen
1421 2176 115 38 måtte,
1562 2177 79 30 med

137 2223 98 31 bifall
267 2223 51 31 till
347 2224 228 30 förevarande
604 2224 215 36 proposition
850 2227 90 27 samt
970 2225 80 29 med
1077 2225 117 35 avslag
1225 2224 20 30 å
1277 2226 215 30 motionerna
1507 2219 41 47 I:
1564 2227 73 35 222,

136 2274 44 30 II:
196 2275 63 29 319
282 2275 64 29 och
369 2275 44 29 II:
428 2275 73 33 335,
527 2274 48 29 till
602 2274 455 36 Upplysningsverksamhet
1077 2275 147 29 rörande
1248 2275 212 36 forsknings-
1484 2277 64 29 och
1570 2277 68 36 för-

135 2323 214 29 söksarbetet
376 2323 45 36 på
447 2323 219 36 jordbrukets
693 2323 140 30 område
859 2325 54 28 för
942 2323 199 36 budgetåret
1170 2320 137 41 1943/44
1335 2325 19 30 å
1383 2326 255 36 driftbudgeten

136 2374 110 30 under
266 2373 126 31 nionde
412 2373 216 30 huvudtiteln
649 2374 120 29 anvisa
789 2377 44 26 ett
857 2374 118 36 anslag
997 2383 41 20 av
1058 2375 119 34 38,000
1200 2375 138 30 kronor.

181 2425 13 29 I
219 2434 42 20 en
288 2424 56 30 vid
372 2424 181 30 utskottets
579 2423 176 30 utlåtande
786 2424 101 35 fogad
916 2424 208 30 reservation
1150 2425 89 29 hade
1265 2425 78 30 herr
1372 2426 78 30 Carl
1476 2427 161 30 Edmund

137 2474 166 31 Eriksson
327 2484 44 21 m.
397 2473 37 38 fl.
460 2475 183 30 hemställt.

178 2539 110 29 Bihanq
300 2539 41 25 till
353 2539 167 31 riksdagens
532 2539 143 31 protokoll
690 2539 73 25 1943.
787 2540 30 24 10
829 2539 78 24 saml.
930 2539 38 24 Nr
995 2539 39 22 53.
1596 2540 7 24 1
