2212 2626
413 154 20 30 4
894 159 228 33 Statsutskottets
1149 162 152 32 Utlåtande
1321 165 59 31 N:o
1401 168 50 29 29.

571 231 67 38 vid
665 232 134 50 början
826 235 43 37 af
892 238 42 35 år
960 239 94 36 1895
1071 270 16 5 sm
1094 270 273 9 mmm
1398 242 54 39 kr.
1483 246 211 47 1,955,930:
1723 259 49 27 41.

596 292 18 24 »
728 293 18 25 >
837 295 17 23 DD
898 296 19 24 PP
959 289 409 40 1896smonnsnmmnsnnn
1414 303 18 24 »
1481 297 212 47 2,320,768:
1724 309 48 27 10.

595 343 18 23 »
728 346 126 25 DB
899 346 18 24 BD
959 339 94 36 18
1070 371 297 9 ones
1413 353 18 25 »
1479 348 213 47 2,486,682:
1722 359 49 28 85.

595 393 19 24 »
728 395 18 24 »
836 396 80 25 BD
958 390 307 35 1898:mnnnnnmnnmnn0
1283 425 83 5 san
1413 407 17 25 »
1480 398 211 46 2,336,180:
1720 410 50 28 09.

593 443 19 25 »
727 448 18 24 »
834 447 80 24 BD
957 441 206 35 1800:
1279 474 85 8 sn
1411 455 18 24 »
1480 448 209 47 1,909,558:
1719 461 50 27 73.

592 494 19 24 »
725 495 187 27 DB»
956 492 407 40 1900momenmnsmsssn
1409 509 18 24 »
1476 498 212 48 2,031,872:
1717 512 50 27 33.

591 548 19 24 »
724 546 18 24 »
832 548 18 24 >»
894 549 18 24 »
954 542 239 38 1901............
1202 576 159 7 rssrrsesersa
1408 557 18 23 »
1475 550 211 46 2,184,776:
1715 563 51 27 46.

590 595 18 24 »
723 600 18 24 »
832 598 17 24 Bo
894 599 17 24 PB
954 592 408 42 1902
1408 611 18 23 »
1475 600 211 47 2,471,279:
1715 613 49 28 06.

589 648 19 25 »
723 647 18 24 >»
831 652 18 24 0»
893 650 18 24 PB
953 643 407 41 1008looonnnnmnnnsnn
1407 658 17 24 »
1473 651 211 47 2,593,918:
1714 664 50 27 77.

589 699 18 24 »
723 698 125 25 DB
892 700 18 24 PD
953 694 183 35 1904
1244 727 115 8 ss
1405 709 18 24 »
1472 701 211 49 2,978,329:
1713 715 49 27 88.

1123 865 72 36 3:0.

495 964 200 48 Angående
721 967 109 49 inköp
850 969 63 47 för
938 972 222 37 statsverkets
1188 975 156 49 räkning
1371 978 49 49 af
1442 980 221 48 Arffrurstens
1683 985 132 46 palats.

928 1050 319 33 (Revisionsberättelsen
1264 1055 50 28 sid.
1335 1057 52 33 52.)

486 1139 18 36 I
544 1140 210 51 anledning
793 1144 43 37 af
870 1145 140 50 Kungl.
1044 1148 128 48 Maj:ts
1204 1151 57 37 till
1292 1154 95 36 1902
1416 1157 59 35 års
1502 1156 176 51 Riksdag
1705 1160 138 38 aflåtna
1870 1176 86 36 pro-

351 1188 169 49 position
547 1191 13 36 i
587 1192 111 49 fråga
725 1206 58 24 om
814 1194 227 52 försäljning
1069 1200 43 36 af
1137 1200 236 51 fastigheten
1402 1219 61 23 n:o
1491 1209 17 34 1
1537 1207 11 36 i
1576 1208 195 40 kvarteret
1793 1212 164 48 Lejonet

351 1239 13 37 1
393 1238 224 41 Stockholm
659 1241 248 49 (Arffurstens
934 1247 151 51 palats),
1126 1251 214 40 förklarade
1369 1255 223 51 Riksdagen
1625 1260 60 37 för
1712 1261 58 37 sin
1798 1263 73 48 del,
1901 1270 54 33 att

350 1289 138 39 hinder
513 1292 87 38 icke
628 1299 120 32 mötte
776 1295 59 38 för
862 1297 228 52 försäljning
1119 1302 42 37 af
1182 1305 165 37 nämnda
1375 1306 185 49 fastighet
1574 1311 124 37 under
1715 1312 149 50 villkor,
1881 1318 73 35 dels

350 1346 56 31 att
433 1341 237 50 fastigheten
697 1345 180 50 inköptes
904 1349 58 37 för
990 1353 254 38 statsverkets
1271 1356 167 51 räkning
1464 1359 57 36 för
1548 1372 48 25 en
1624 1362 261 52 köpeskilling
1916 1367 42 37 af

349 1391 117 49 högst
506 1396 201 43 2,250,000
735 1397 152 49 kronor,
929 1400 156 39 hvilken
1127 1404 275 51 köpeskilling,
1442 1409 97 37 efter
1569 1411 140 50 köpets
1737 1414 215 40 afslutande

348 1442 78 37 tills
456 1443 129 38 vidare
614 1446 72 37 och
713 1446 98 38 intill
838 1449 88 38 dess
954 1451 223 52 Riksdagen
1203 1456 12 36 i
1235 1456 107 49 fråga
1361 1472 60 24 om
1442 1460 244 41 densammas
1704 1465 246 40 utbetalande

348 1492 56 37 till
434 1494 165 49 säljaren
629 1498 236 39 annorlunda
893 1501 242 50 förordnade,
1165 1506 121 38 skulle
1313 1508 60 37 för
1401 1510 73 37 den
1500 1525 143 34 genom
1662 1515 287 40 öfverenskom-

348 1544 146 37 melsen
536 1547 166 37 emellan
743 1549 167 51 Konung
952 1552 142 39 Gustaf
1127 1556 55 37 III
1221 1559 72 36 och
1325 1559 224 40 Prinsessan
1579 1563 143 51 Sophia
1749 1567 200 40 Albertina

347 1593 74 38 den
450 1597 44 35 17
524 1610 101 24 mars
657 1601 93 35 1783
775 1600 152 40 bildade
957 1605 212 38 stiftelsens
1190 1609 164 49 räkning
1368 1605 141 67 innestå
1531 1614 12 36 i
1558 1611 389 57 riksgäldskontoret,

346 1657 83 24 som
470 1649 20 34 å
516 1647 249 40 innestående
806 1652 182 51 beloppet
1015 1656 158 50 årligen,
1201 1660 165 38 räknadt
1393 1662 84 37 från
1505 1664 76 37 den
1610 1666 77 50 dag
1713 1668 233 49 fastigheten

344 1695 58 36 till
430 1700 257 36 statsverkets
715 1701 228 50 disposition
971 1706 318 52 öfverlämnades,
1320 1712 124 38 skulle
1472 1715 171 38 utbetala
1671 1718 84 49 fyra
1785 1727 161 41 procent

344 1750 107 33 ränta
478 1748 57 36 till
564 1749 86 47 den,
679 1764 80 24 som
789 1754 119 48 enligt
936 1755 340 42 bestämmelserna
1308 1762 13 36 i
1353 1765 165 37 nämnda
1551 1766 392 42 öfverenskommelso

343 1809 91 25 vore
477 1798 127 38 därtill
645 1801 228 51 berättigad,
913 1808 73 35 dels
1013 1813 55 31 att
1096 1809 312 53 köpeskillingen
1435 1815 102 49 finge
1563 1817 13 36 i
1604 1818 60 38 sin
1693 1820 131 37 helhet
1851 1822 92 37 eller

342 1847 58 36 till
429 1853 122 33 större
581 1851 95 37 eller
704 1853 147 39 mindre
879 1855 73 49 del,
981 1857 98 39 efter
1093 1860 66 37 det
1178 1862 243 50 Riksdagens
1442 1867 271 48 medgifvande
1733 1872 59 36 för
1808 1871 132 50 hvarje

342 1899 183 37 särskildt
564 1901 67 37 fall
671 1903 217 51 inhämtats,
918 1910 194 36 användas
1140 1912 58 37 till
1225 1914 358 47 fastighetsförvärf
1607 1919 57 37 för
1692 1922 249 38 omförmälda

342 1948 184 39 stiftelses
554 1953 182 49 räkning;
765 1958 72 35 dels
864 1959 61 36 ock
952 1965 55 30 att
1034 1964 225 36 statsmedel
1275 1965 87 37 icke
1382 1967 101 48 finge
1500 1971 196 36 användas
1716 1972 55 36 till
1788 1986 152 36 repara-

340 1999 81 36 tion
449 2000 93 38 eller
568 2004 198 37 underhåll
796 2007 43 36 af
863 2008 157 39 sålunda
1047 2011 136 51 inköpt
1210 2015 185 49 fastighet
1423 2019 91 36 eller
1541 2020 58 36 till
1632 2022 116 37 andra
1779 2024 161 48 utgifter

340 2048 59 38 för
426 2051 234 39 densamma.
714 2056 197 50 Härjämte
940 2060 282 51 bemyndigade
1239 2065 222 51 Riksdagen
1477 2070 374 49 riksgäldskontoret
1870 2071 66 57 att,

340 2099 129 39 därest
497 2102 70 37 den
597 2104 294 49 ifrågavarande
919 2110 276 52 försäljningen
1213 2116 151 38 komme
1384 2119 56 36 till
1461 2122 120 46 stånd,
1603 2123 34 46 ej
1660 2123 146 38 mindre
1825 2126 112 37 verk-

340 2151 111 38 ställa
479 2154 251 40 omförmälda
758 2159 120 50 årliga
905 2164 367 52 ränteutbetalning,
1300 2173 93 33 utan
1421 2170 114 39 äfven
1562 2173 290 41 tillhandahålla
1880 2190 57 24 er-
