1917 2833
440 159 404 40 Bevillningsutskottets
870 160 219 31 betänkande
1114 170 43 20 nr
1181 162 40 29 53
1247 161 39 30 år
1312 162 84 29 1969
1643 162 18 29 3

175 242 108 30 rande
310 243 544 39 taxeringsnämndsordförande
879 244 182 30 inkomma
1089 245 79 29 med
1195 244 188 40 utredning
1410 245 65 29 och
1502 244 159 30 ansökan

177 306 56 20 om
259 296 124 30 sådant
409 297 161 39 uppskov
593 297 110 39 jämte
727 298 129 30 besked
882 297 80 31 från
986 298 139 30 banken
1149 298 150 31 rörande
1323 298 191 30 verkställd
1538 298 124 30 insätt-

175 350 99 39 ning;

223 405 35 33 7)
281 404 178 30 motionen
477 404 45 30 II:
539 404 62 30 309
620 414 42 20 av
679 405 80 30 herr
779 405 179 40 Westberg
974 406 12 29 i
1004 405 147 40 Ljusdal
1167 415 46 20 m.
1227 406 49 39 fl.,
1293 407 75 29 vari
1385 406 208 35 hemställts,
1612 408 50 29 att

176 458 188 40 riksdagen
397 460 101 28 antar
531 458 157 40 följande

845 576 145 40 Förslag

893 648 53 30 till

177 718 72 40 Lag
272 728 55 20 om
352 718 149 41 ändring
525 719 11 29 i
558 719 424 40 kommunalskattelagen
1007 720 66 29 den
1097 720 42 29 28
1162 720 195 40 september
1381 720 84 30 1928
1494 720 60 35 (nr
1578 720 82 34 370)

222 809 213 39 Härigenom
455 808 195 35 förordnas,
672 811 50 27 att
741 809 114 39 punkt
875 809 18 30 2
915 819 43 20 av
977 809 273 39 anvisningarna
1269 810 54 29 till
1343 810 41 29 22
1407 810 15 37 $
1444 810 221 29 kommunal-

180 862 216 40 skattelagen
416 863 67 29 den
503 863 40 29 28
565 863 192 39 september
779 863 83 30 1928
884 863 97 30 skola
1001 863 133 30 erhålla
1153 863 133 30 ändrad
1306 863 130 40 lydelse
1455 864 45 39 på
1520 864 68 30 sätt
1607 873 58 20 ne-

178 917 69 29 dan
269 917 151 39 angives.

803 1019 235 40 Anvisningar

836 1083 53 29 till
913 1083 40 29 22
980 1083 27 36 8.

225 1137 29 29 2.
275 1146 29 20 a.
325 1136 137 39 Avdrag
482 1136 174 39 medgives
1041 1137 54 29 till
1114 1136 40 30 29
1177 1136 49 37 3).

225 1190 121 30 Såsom
362 1190 54 30 för
771 1190 104 40 nödig
889 1190 315 40 bostadsbyggnad.

224 1244 106 30 Fasta
344 1244 178 30 maskiner
879 1244 111 31 första
1006 1244 144 40 stycket.

224 1299 125 29 Därest
362 1298 158 30 inkomst
875 1307 58 21 om
946 1298 370 40 jordbruksfastighet.

225 1352 31 29 b.
282 1352 137 39 Avdrag
443 1352 174 39 medgives
641 1353 11 28 i
677 1352 92 30 form
794 1362 42 20 av
860 1352 108 39 årliga
991 1352 462 40 värdeminskningsavdrag
1478 1352 55 30 för
1558 1352 110 30 sådan

182 1406 151 29 kostnad
353 1406 54 29 för
427 1406 462 39 täckdikningsanläggning
910 1415 74 20 som
1003 1405 157 30 bestritts
1181 1416 42 19 av
1242 1406 66 29 den
1329 1405 253 40 skattskyldige
1603 1405 65 30 och

182 1469 99 20 avser
307 1460 126 33 arbete,
457 1459 108 30 vilket
590 1459 129 30 utförts
744 1460 111 29 under
880 1460 50 29 tid
955 1460 71 29 han
1052 1460 56 39 ägt
1134 1459 211 39 fastigheten
1370 1459 65 30 och
1458 1459 109 30 vilket
1591 1459 77 30 icke

182 1513 134 39 utgjort
337 1513 200 40 reparation
560 1514 81 29 eller
664 1513 195 30 underhåll.
883 1513 171 39 Avdraget
1079 1513 88 30 skall
1189 1513 173 30 beräknas
1385 1512 106 40 enligt
1514 1513 155 30 avskriv-

183 1567 189 39 ningsplan
392 1567 65 29 och
478 1567 54 29 för
553 1567 38 29 år
611 1567 127 29 räknat
759 1568 123 38 utgöra
902 1567 49 30 tio
971 1569 144 37 procent
1135 1577 43 20 av
1198 1567 205 34 kostnaden,
1426 1567 92 30 ändå
1538 1569 50 27 att
1609 1576 60 21 an-

183 1621 227 39 läggningens
435 1621 292 39 varaktighetstid
753 1621 37 29 är
816 1621 118 38 längre
961 1621 81 29 eller
1068 1620 140 30 kortare
1234 1621 44 28 än
1303 1620 49 30 tio
1379 1620 47 30 år.
1454 1621 215 29 Motsvaran-

185 1675 41 29 de
250 1675 89 29 skall
362 1675 90 38 gälla
474 1675 11 28 i
509 1674 98 39 fråga
630 1683 57 20 om
710 1675 150 28 kostnad
884 1675 54 29 för
963 1674 179 39 skogsväg,
1167 1674 89 29 dock
1278 1676 51 27 att
1353 1674 123 30 endast
1497 1674 60 30 två
1578 1675 91 29 tred-

183 1728 133 39 jedelar
336 1738 43 19 av
399 1728 108 29 sådan
526 1728 151 29 kostnad
697 1728 58 29 må
773 1728 123 39 utgöra
915 1727 168 40 underlag
1102 1728 58 29 vid
1178 1727 240 30 beräknandet
1438 1738 43 20 av
1499 1728 42 30 de
1561 1728 108 39 årliga

183 1782 516 38 värdeminskningsavdragen.

228 1836 72 28 Har
322 1835 166 39 fastighet
833 1834 108 39 årliga
962 1834 471 40 värdeminskningsavdrag.

230 1889 13 28 I
268 1888 461 39 täckdikningsanläggning
760 1907 25 2 —
810 1906 27 2 —
860 1906 24 2 —
908 1888 29 39 ej
967 1888 257 39 huvudavlopp.

229 1942 79 29 Med
336 1942 170 39 skogsväg
738 1960 6 2 -
849 1942 54 29 till
930 1941 170 39 byggnad.

231 2082 122 28 Denna
373 2082 56 38 lag
448 2081 117 29 träder
584 2082 12 28 i
617 2080 95 29 kraft
733 2081 111 38 dagen
865 2080 87 30 efter
973 2081 76 33 den,
1072 2080 44 30 då
1135 2081 100 38 lagen
1256 2080 106 39 enligt
1383 2081 86 29 därå
1488 2080 184 30 meddelad

186 2134 138 40 uppgift
352 2134 190 29 utkommit
568 2134 81 29 från
675 2134 136 39 trycket
836 2134 12 29 i
876 2133 132 30 Svensk
1035 2133 390 39 författningssamling.

231 2189 37 33 8)
290 2188 179 30 motionen
487 2188 44 29 II:
550 2188 61 29 799
630 2197 41 20 av
688 2188 120 29 herrar
825 2187 173 30 Jonasson
1017 2187 65 30 och
1097 2187 191 36 Dockered,
1306 2188 73 29 vari
1396 2187 207 35 hemställts,
1622 2189 50 29 att

186 2242 188 39 riksdagen
398 2244 101 27 antar
524 2241 156 40 följande

857 2357 144 39 Förslag

904 2429 53 29 till

231 2502 72 39 Lag
317 2510 56 20 om
388 2500 149 40 ändring
558 2500 5 30 i
577 2499 423 40 kommunalskattelagen
1016 2499 66 30 den
1095 2499 43 31 28
1154 2499 195 40 september
1366 2499 83 30 1928
1469 2499 59 35 (nr
1543 2499 81 35 370)
