2222 2616
274 232 59 44 [6.]

274 589 59 43 [7.]

274 1092 58 43 [8]

856 154 396 34 Jordbruksutskottets
1284 154 188 35 utlåtande
1503 155 52 32 Nr
1578 156 30 31 5.

954 231 35 50 6)
1018 237 54 32 att
1099 232 12 37 i
1139 232 412 49 statsrådsprotokollet
1575 232 249 37 omförmälda
1842 232 88 37 med
1949 233 71 37 litt.

822 285 74 44 Ba,
918 284 43 45 C,
981 284 44 46 D,
1045 284 43 46 E,
1109 284 40 48 F,
1173 283 46 49 G,
1240 283 47 48 H,
1323 284 30 48 I,
1383 284 47 48 K,
1461 284 41 48 L,
1531 284 49 47 M,
1609 284 47 47 N,
1687 283 43 48 O,
1761 284 39 48 P,
1831 284 30 45 Q
1891 285 71 36 och
1990 285 31 36 R

821 336 233 38 betecknade
1081 336 220 48 lägenheter
1328 338 62 34 må
1419 350 68 22 var
1514 336 58 36 för
1600 336 61 50 sig
1681 336 83 37 med
1785 350 46 23 av
1851 336 170 50 departe-

822 388 262 37 mentschefen
1110 388 181 50 tillstyrkt
1318 388 154 36 område
1500 388 81 36 från
1608 388 361 48 kronoegendomen
2001 391 17 34 1

822 440 141 37 mantal
996 439 54 37 Vä
1077 454 45 22 nr
1151 441 45 35 76
1226 440 12 36 i
1264 440 59 36 Vä
1342 440 139 36 socken
1501 453 47 24 av
1570 440 272 37 Kristianstads
1862 440 63 36 län
1947 441 73 36 för-

821 492 113 49 säljas
962 492 119 48 enligt
1108 491 176 50 gällande
1312 492 171 48 grunder
1511 492 58 36 för
1586 492 231 49 upplåtande
1841 506 47 22 av
1907 506 114 35 egna-

821 544 332 47 hemslägenheter
1181 544 80 36 från
1289 543 369 50 kronoegendomar;

952 595 34 49 7)
1016 601 65 43 att,
1110 595 84 37 med
1215 595 162 49 ändring
1397 609 46 23 av
1461 596 227 48 riksdagens
1712 598 97 35 1910
1830 597 70 36 och
1923 598 95 35 1917

822 647 142 38 fattade
979 648 135 46 beslut,
1140 647 73 37 den
1233 647 56 37 till
1309 648 102 36 förra
1431 647 311 38 militiebostället
1763 650 17 34 1
1805 655 53 43 1/,,
1879 649 143 36 mantal

820 699 134 50 Hörby
999 712 44 23 nr
1094 701 34 46 7,
1175 701 34 46 9,
1258 701 46 34 14
1350 699 70 37 och
1463 701 46 35 25
1551 700 12 35 i
1604 699 134 49 Hörby
1784 701 144 36 socken
1975 714 46 22 av

821 751 214 37 Malmöhus
1054 750 62 37 län
1132 751 168 37 hörande
1315 752 224 47 ägofiguren
1556 751 86 37 med
1657 765 44 22 nr
1720 753 70 35 150
1807 754 20 34 å
1841 752 10 36 i
1868 752 154 37 ärendet

821 803 226 37 omförmäld
1074 803 108 36 karta
1210 806 60 33 må
1298 803 56 36 till
1380 803 133 50 Hörby
1532 803 146 49 köping
1698 803 174 50 försäljas
1898 804 58 36 för
1975 817 46 23 en

820 855 260 49 köpeskilling
1108 868 46 23 av
1184 856 71 35 292
1286 855 139 36 kronor
1453 862 54 30 att
1535 855 184 36 tillträdas
1748 855 71 37 den
1850 857 47 35 14
1922 869 99 24 mars

823 909 97 35 1923
950 911 99 32 samt
1075 907 117 36 under
1211 907 135 36 villkor
1365 907 12 36 i
1397 907 140 48 övrigt,
1558 912 55 31 att
1632 907 305 49 köpeskillingen
1957 908 63 36 vid

820 959 182 36 tillträdet
1022 958 158 37 kontant
1200 958 185 37 inbetalas
1405 959 56 36 till
1480 959 272 49 länsstyrelsen
1772 959 11 36 i
1802 960 103 36 länet
1924 966 97 30 samt

804 1016 71 31 att
914 1011 168 49 köparen
1124 1023 128 24 ensam
1294 1024 181 23 ansvarar
1518 1011 56 36 för
1615 1011 71 36 alla
1719 1011 84 36 med
1832 1011 188 37 områdets

820 1062 239 50 avskiljande
1096 1062 70 37 och
1202 1062 139 48 lagfart
1369 1065 21 33 å
1420 1062 129 49 fånget
1586 1063 181 36 förenade
1795 1063 223 45 kostnader;

950 1113 36 49 8)
1008 1118 55 32 att
1081 1118 135 45 torpen
1237 1114 123 49 Knipa
1380 1114 71 37 och
1472 1114 114 37 Klara
1605 1117 61 33 må
1685 1117 122 34 såsom
1829 1128 46 23 en
1893 1116 128 48 lägen-

821 1165 63 37 het
925 1165 86 37 med
1043 1164 12 36 i
1088 1165 410 50 statsrådsprotokollet
1540 1167 213 47 föreslagen
1798 1168 100 35 areal
1937 1168 83 35 från

821 1217 358 53 kronoegendomen
1200 1216 38 43 "'/s
1259 1218 142 36 mantal
1414 1217 105 38 Hede
1535 1232 44 22 nr
1597 1220 17 33 1
1632 1218 11 36 i
1661 1218 207 49 Högsäters
1882 1219 138 36 socken

822 1283 44 22 av
894 1269 213 49 AÅlvsborgs
1136 1270 61 36 län
1227 1269 172 49 försäljas
1428 1269 118 49 enligt
1574 1270 176 49 gällande
1774 1270 169 48 grunder
1963 1271 58 36 för

819 1320 232 50 upplåtande
1092 1334 46 23 av
1180 1321 432 49 egnahemslägenheter
1658 1322 83 36 från
1784 1322 236 48 kronoegen-

819 1373 141 47 domar,
996 1372 82 37 med
1116 1373 263 37 hembudsrätt
1413 1374 57 36 för
1498 1374 145 36 Anders
1672 1374 123 36 Petter
1825 1374 192 36 Karlsson.

550 1476 220 37 Stockholm
799 1477 69 37 den
900 1479 46 34 12
976 1476 165 37 februari
1173 1477 107 35 1923.

885 1580 52 37 På
959 1579 417 50 jordbruksutskottets
1405 1568 160 61 vägnar:

979 1683 169 38 RAOUL
1178 1683 276 37 HAMILTON.

550 1894 62 30 Vid
636 1894 87 30 detta
745 1894 129 30 ärendes
898 1894 251 38 slutbehandling
1171 1895 77 29 hava
1270 1895 150 29 närvarit:

550 1948 79 28 från
652 1946 117 31 första
792 1947 223 30 kammaren:
1040 1947 106 30 herrar
1168 1947 136 38 Persson,
1329 1947 78 37 Nils,
1432 1947 177 37 Sederholm,
1633 1948 176 37 Hellström,
1831 1949 43 36 P.,
1891 1949 126 38 Boberg,

419 1987 175 47 Ingeström,
618 1980 49 48 Å.,
691 1992 122 29 Elisson
836 1992 56 29 och
914 1992 147 29 Eriksson
1083 1991 11 28 i
1116 1990 129 39 Ljusdal
1268 1994 79 26 samt

550 2034 79 30 från
663 2035 112 29 andra
807 2035 218 30 kammaren:
1058 2035 107 29 herrar
1187 2044 94 28 greve
1304 2035 169 34 Hamilton,
1497 2035 122 30 Nilsson
1642 2037 10 27 i
1677 2036 113 38 Tånga,
1813 2036 172 30 Johansson
2008 2037 11 28 i

420 2079 186 40 Uppmälby,
630 2079 70 29 frih.
725 2079 165 35 Hermelin,
914 2078 165 38 Sjölander,
1106 2079 172 32 Wahlstedt,
1300 2079 273 30 Hedlund
1453 2074 17 50 i
1487 2079 86 30 Häste
1590 2080 55 29 och
1662 2079 355 41 Pettersson
1841 2074 16 50 i
1872 2079 145 41 Stäringe.
