1844 2786
400 184 125 40 Tredje
548 185 245 40 lagutskottets
815 187 180 30 utlåtande
1017 197 43 20 nr
1080 188 41 30 27
1144 188 39 30 år
1206 189 81 29 1961
1559 190 38 30 61

95 269 211 40 läggningen
327 270 71 30 helt
418 270 86 30 eller
526 271 108 31 delvis
657 271 62 30 bör
741 271 154 40 grundas
917 272 46 40 på
987 272 284 40 genomsnittliga
1293 272 235 40 beräkningar
1553 272 45 30 el-

95 320 51 29 ler
172 319 157 31 faktiska
353 320 191 30 kostnader
571 330 102 31 synes
699 323 98 29 tarva
821 322 203 39 ytterligare
1048 323 274 39 överväganden,
1350 325 91 28 samt
1467 325 51 28 att
1544 323 52 29 till

95 370 266 40 utgångspunkt
385 371 55 30 för
464 371 103 30 dessa
590 380 102 31 synes
716 371 84 31 böra
823 372 118 40 läggas
966 372 56 31 det
1048 382 42 20 av
1114 373 261 30 sakrevisionen
1400 373 196 30 framförda

95 420 178 40 förslaget,
300 421 107 30 vilket
437 421 156 35 innebär,
621 424 51 28 att
698 422 363 40 analyskostnaderna
1088 425 136 37 uttages
1252 431 123 31 genom
1403 423 193 40 debitering

95 470 81 30 från
199 471 62 30 fall
283 471 53 30 till
358 471 61 30 fall
444 474 91 28 samt
557 474 50 28 att
629 472 118 40 övriga
769 473 191 31 kostnader
982 474 119 31 täckes
1124 481 125 32 genom
1271 483 43 20 en
1336 473 260 41 tilläggsavgift.

139 521 303 40 Kostnadsfrågan
467 522 75 35 har,
568 532 76 21 som
668 522 156 41 framgår
848 533 42 20 av
914 524 67 29 den
1007 523 145 40 tidigare
1178 524 253 40 redogörelsen,
1456 524 140 40 mycket

94 571 172 39 ingående
290 571 208 32 behandlats
524 573 112 30 under
661 573 274 40 författningens
961 574 185 37 förarbete,
1170 574 125 31 därvid
1320 584 44 20 en
1389 575 63 29 rad
1483 575 113 29 skilda

94 621 183 40 meningar
300 622 148 31 kommit
473 623 51 30 till
549 624 153 39 uttryck.
725 623 13 30 I
762 624 221 30 motionerna
1006 624 28 30 I:
1051 624 63 30 660
1137 625 66 29 och
1227 625 45 30 II:
1289 625 62 30 789
1376 625 65 29 har
1463 625 132 40 yrkats,

94 672 10 28 i
124 672 111 29 första
254 672 94 30 hand
369 674 49 28 att
438 673 239 31 kostnaderna
695 674 89 30 skall
805 676 127 28 stanna
949 675 46 39 på
1015 675 209 30 statsverket
1241 675 67 30 och
1327 675 10 29 i
1360 675 110 30 andra
1490 676 105 33 hand,

93 723 52 28 att
171 723 265 39 provtagnings-
462 723 66 30 och
554 724 393 30 kontrollkostnaderna
972 725 73 30 helt
1072 725 89 30 skall
1189 726 120 31 täckas
1336 734 124 30 genom
1488 725 108 40 avgif-

93 775 52 27 ter
165 781 76 21 som
262 773 160 30 »baseras
442 773 46 40 på
507 774 292 40 omsättningen».

138 823 176 30 Utskottet
342 823 117 30 finner
483 824 238 40 övervägande
746 825 75 29 skäl
845 825 72 30 tala
940 824 56 31 för
1019 825 273 40 uppfattningen
1317 828 60 32 att,
1402 827 84 30 enär
1510 826 86 30 kon-

92 873 127 29 trollen
244 874 112 29 måste
382 875 101 38 sägas
508 874 126 31 främst
659 875 182 39 tillgodose
866 875 255 31 förbrukarnas
1147 876 183 36 intressen,
1357 876 238 31 kostnaderna

92 924 56 29 för
169 923 205 31 densamma
395 924 62 30 bör
478 925 102 31 bäras
602 935 42 20 av
664 925 169 40 näringen
854 928 66 29 och
940 926 32 39 ej
996 928 139 38 uttagas
1157 927 235 39 skattevägen.
1415 928 50 29 De
1485 928 11 29 i
1517 936 78 31 pro-

92 973 199 40 positionen
316 974 150 30 anförda
490 975 169 30 siffrorna
682 976 144 35 utvisar,
851 979 50 27 att
926 976 41 30 de
992 976 135 41 belopp,
1150 986 122 21 varom
1296 977 66 31 blir
1391 977 110 40 fråga,
1526 977 30 40 ej
1583 978 11 30 i

91 1024 136 40 oskälig
252 1025 84 39 grad
360 1025 70 29 kan
454 1025 152 40 betunga
629 1025 388 31 fodermedelshandeln
1043 1027 117 30 såsom
1181 1027 119 30 helhet
1321 1046 46 3 —
1389 1028 206 30 kostnader-

93 1083 46 20 na
164 1084 102 30 synes
291 1075 79 30 med
396 1076 163 29 säkerhet
582 1076 76 29 icke
683 1076 141 30 komma
850 1079 50 28 att
925 1077 173 40 överstiga
1123 1077 49 35 0,1
1206 1077 31 35 Z
1264 1087 46 21 av
1332 1078 261 40 inköpsvärdet.

91 1125 178 30 Utskottet
292 1126 181 39 avstyrker
494 1126 133 30 således
647 1127 279 30 motionärernas
946 1127 11 30 i
978 1127 112 30 första
1109 1128 95 30 hand
1225 1127 222 31 framställda
1466 1128 128 40 yrkan-

91 1175 53 29 de.
171 1175 74 30 Vad
272 1176 107 38 angår
404 1176 400 40 andrahandsyrkandet
830 1178 10 29 i
866 1177 221 31 motionerna
1111 1178 117 29 finner
1254 1179 170 29 utskottet
1448 1197 45 3 —
1519 1188 74 20 som

91 1225 32 39 ej
152 1225 64 30 har
243 1226 115 39 någon
383 1226 141 30 erinran
551 1229 92 28 emot
670 1229 50 28 att
746 1227 124 39 frågan
896 1228 68 29 hur
990 1228 197 39 avgifterna
1213 1229 88 30 skall
1328 1229 174 30 beräknas
1528 1229 65 30 och

91 1275 153 30 fördelas
264 1277 219 29 överlämnas
503 1277 51 30 till
574 1277 125 40 Kungl.
720 1278 104 39 Maj:t
841 1296 45 3 —
904 1278 128 30 liksom
1051 1279 261 30 motionärerna
1333 1280 190 39 angeläget,
1543 1281 49 28 att

90 1334 125 30 genom
240 1328 183 38 systemets
446 1327 220 40 utformning
688 1328 120 36 tillses,
832 1330 50 28 att
906 1329 76 30 små
1005 1329 195 40 företagare
1222 1330 76 30 icke
1320 1330 141 40 påföres
1486 1330 107 39 avgif-

92 1378 52 28 ter
164 1385 74 20 som
259 1377 30 39 ej
314 1377 71 30 står
406 1377 10 29 i
436 1377 117 40 rimlig
572 1378 204 39 proportion
797 1379 52 29 till
870 1379 198 39 företagens
1089 1380 228 40 omsättning.

138 1426 423 32 Straffbestämmelserna
587 1428 65 30 har
679 1429 106 39 enligt
811 1429 167 39 förslaget
1006 1430 275 30 differentierats
1309 1430 37 30 så
1374 1433 49 27 att
1451 1432 20 29 å
1498 1432 94 28 över-

90 1477 180 34 trädelser,
294 1486 74 21 som
390 1478 10 29 i
423 1479 90 38 regel
537 1478 69 29 kan
628 1478 159 30 medföra
809 1479 207 30 ekonomisk
1039 1480 145 39 vinning
1206 1480 55 30 för
1286 1480 230 39 företagaren,
1541 1481 51 29 så-

89 1527 56 28 väl
168 1527 206 30 bötesstraff
398 1537 74 20 som
497 1528 232 30 förverkande
752 1529 71 29 kan
846 1529 88 40 följa
962 1530 59 33 (13
1047 1530 15 36 $
1089 1530 13 29 1
1130 1531 64 28 och
1218 1531 18 29 2
1260 1530 138 34 mom.),
1423 1531 126 29 medan
1573 1531 19 29 å

89 1578 264 35 överträdelser,
379 1587 75 20 som
479 1588 97 20 mera
600 1579 64 29 har
688 1579 212 30 karaktären
926 1589 41 20 av
993 1580 363 39 ordningsförseelser,
1386 1581 124 30 endast
1534 1581 58 29 bö-

91 1627 191 39 tespåföljd
307 1628 70 29 kan
402 1628 140 30 inträda
572 1629 57 33 (13
657 1629 15 36 $
700 1629 18 30 3
741 1630 67 28 och
833 1629 19 30 4
876 1630 140 34 mom.).
1043 1631 196 39 Förslagets
1265 1631 244 30 bestämmelse
1534 1641 57 20 om

91 1677 312 31 husbondeansvar
430 1679 58 33 (15
513 1679 34 37 $)
576 1680 38 29 är
636 1679 184 40 tillämplig
844 1681 146 29 allenast
1013 1681 10 29 i
1048 1681 98 39 fråga
1169 1690 56 20 om
1249 1681 163 30 förseelse
1436 1691 42 20 av
1503 1682 88 30 först

90 1728 132 29 nämnd
242 1730 64 27 art.

135 1778 12 29 I
171 1778 218 30 motionerna
413 1780 28 28 I:
459 1779 60 30 661
545 1780 65 29 och
633 1780 45 30 II:
696 1780 61 29 790
780 1781 65 29 har
867 1781 79 29 med
970 1781 146 39 tidigare
1145 1783 43 33 (s.
1216 1782 128 30 57—58
1368 1785 106 31 ovan)
1503 1782 88 30 åter-

90 1827 100 39 given
214 1828 208 40 motivering
446 1830 132 39 yrkats,
604 1832 50 29 att
679 1830 94 30 såväl
799 1831 504 31 förverkandebestämmelsen
1329 1842 74 20 som
1430 1833 161 39 stadgan-

89 1878 57 29 det
168 1887 56 20 om
247 1879 312 31 husbondeansvar
580 1881 109 29 måtte
709 1882 171 29 uteslutas
902 1891 41 20 ur
966 1882 260 39 förordningen.

135 1928 175 30 Utskottet
332 1930 69 28 kan
424 1930 76 29 icke
520 1930 80 30 dela
624 1931 277 30 motionärernas
924 1932 238 39 uppfattning,
1185 1935 50 27 att
1258 1933 332 29 förverkandeklau-

90 1978 99 29 sulen
214 1979 70 29 kan
307 1979 138 30 befaras
469 1980 77 29 leda
570 1980 51 31 till
645 1981 159 40 orimliga
828 1982 229 29 ekonomiska
1081 1982 259 30 konsekvenser
1364 1983 54 29 för
1443 1983 66 29 den
1534 1992 56 20 en-

91 2028 121 29 skilde.
244 2029 175 30 Utskottet
448 2030 146 30 beaktar
623 2031 122 29 härvid
777 2031 136 36 främst,
944 2033 49 28 att
1023 2032 269 30 bestämmelsen
1323 2034 38 28 är
1391 2033 199 34 fakultativ,

90 2080 65 28 och
182 2081 49 27 att
259 2080 56 29 det
343 2080 134 30 således
504 2081 233 31 överlämnats
765 2082 33 29 åt
826 2082 196 29 domstolen
1050 2085 49 27 att
1130 2082 89 30 efter
1245 2083 345 39 omständigheterna

90 2130 136 37 avgöra,
252 2129 173 30 huruvida
450 2131 65 28 och
539 2131 10 28 i
574 2132 64 28 vad
663 2131 82 29 mån
770 2132 431 40 förverkandeförklaring
1226 2133 87 30 skall
1338 2133 105 38 givas.
1470 2134 120 29 Motio-

91 2179 167 29 närernas
279 2180 155 39 yrkande
457 2181 10 29 i
489 2181 113 29 denna
624 2182 54 28 del
701 2182 180 39 avstyrkes
904 2182 120 29 därför
1046 2192 41 20 av
1109 2184 180 28 utskottet.

135 2230 78 28 Som
241 2230 154 39 framgår
417 2240 41 19 av
480 2231 403 38 departementschefens
906 2233 181 29 uttalande
1114 2233 52 33 (se
1191 2243 24 19 s.
1240 2233 39 29 56
1302 2233 105 34 ovan)
1435 2234 64 29 har
1522 2234 68 29 frå-

91 2286 66 29 gan
181 2288 57 19 om
262 2279 219 39 utformning
505 2290 41 19 av
570 2281 110 39 regler
704 2282 148 29 rörande
877 2291 24 23 s,
927 2282 32 28 k.
984 2282 311 30 husbondeansvar
1319 2283 56 30 vid
1401 2285 48 27 ett
1474 2284 115 29 flertal

91 2328 161 29 tillfällen
273 2329 109 30 under
404 2339 121 20 senare
547 2330 48 29 tid
616 2332 140 38 prövats
777 2341 40 19 av
839 2332 196 37 riksdagen.
1057 2333 267 29 Bestämmelser
1343 2334 247 28 motsvarande

89 2378 41 28 de
153 2387 44 19 nu
221 2378 196 38 föreslagna
439 2380 63 28 har
523 2380 120 29 därvid
666 2380 85 29 flera
773 2381 127 37 gånger
921 2382 160 37 antagits.

136 2428 99 29 Vissa
265 2438 40 19 av
333 2430 41 28 de
403 2429 256 38 invändningar
687 2431 260 29 motionärerna
976 2432 116 28 anfört
1121 2433 71 27 mot
1222 2432 267 30 bestämmelsen
1520 2433 69 29 kan

90 2487 81 19 vara
193 2478 176 38 befogade.
393 2480 63 28 Det
479 2480 68 28 kan
571 2480 146 29 sålunda
739 2481 29 38 ej
795 2490 100 20 anses
919 2481 174 36 uteslutet,
1116 2484 47 27 att
1189 2482 204 39 stadgandet
1417 2483 8 29 i
1450 2483 140 29 särskil-
