1890 2776
252 161 38 30 32
525 160 406 39 Bevillningsutskottets
952 159 218 30 betänkande
1190 169 42 19 nr
1250 160 26 28 B
1297 161 19 28 5
1335 160 39 29 år
1395 160 84 29 1958

293 244 47 33 I)
367 253 43 21 av
430 244 120 29 herrar
572 244 126 39 Gustaf
717 244 118 39 Henry
857 245 174 36 Hansson,
1053 244 140 30 Nilsson
1215 245 11 29 i
1249 243 124 31 Svalöv
1394 246 90 27 samt
1505 244 214 39 Magnusson
1742 244 11 28 i

249 293 119 36 Borås,
389 294 95 30 vilka
505 294 117 30 anfört
644 293 172 40 följande:

296 344 79 30 >»Ett
398 344 216 39 godtagande
638 354 42 20 av
701 344 68 29 den
792 344 342 39 statsutgiftspolitik
1157 345 64 29 och
1245 345 66 29 den
1336 345 241 39 skattepolitik
1599 354 79 20 vars
1702 354 51 20 re-

250 394 109 30 sultat
388 394 269 30 sammanfattas
686 395 11 29 i
726 395 222 39 regeringens
978 395 413 40 statsverksproposition
1420 396 112 29 skulle
1561 396 108 29 redan
1698 395 55 30 för

248 444 238 30 innevarande
506 444 169 40 budgetår
697 445 109 39 skapa
826 445 141 30 alldeles
987 445 176 40 påtagliga
1183 445 112 29 risker
1316 445 55 30 för
1392 455 44 20 en
1454 445 215 40 driftbudget
1690 446 63 29 där

249 493 243 32 inkomsterna
517 495 30 39 ej
575 495 121 29 täcker
722 495 202 39 utgifterna.
951 495 103 30 Detta
1078 495 139 40 påvisas
1243 496 11 28 i
1280 496 221 30 motionerna
1525 496 29 29 I:
1570 497 26 29 B
1625 497 60 29 170
1712 505 42 20 av

249 545 82 29 herr
351 545 150 30 Ewerlöf
519 555 45 21 m.
585 545 37 30 fl.
643 546 64 29 och
728 546 45 29 II:
789 547 26 28 B
836 546 63 30 233
919 556 42 20 av
979 546 81 29 herr
1081 546 228 39 Hjalmarson
1329 556 45 20 m.
1396 546 37 30 fl.

294 595 59 29 Ett
376 603 65 32 gap
464 596 128 29 mellan
616 598 131 28 statens
770 596 150 39 löpande
941 597 194 29 inkomster
1158 597 64 29 och
1246 597 78 29 dess
1348 597 145 39 utgifter
1515 597 55 30 för
1591 597 162 30 förbruk-

249 644 270 40 ningsändamål
539 647 72 29 kan
632 647 75 28 icke
728 648 210 37 accepteras.
960 646 64 30 Det
1047 647 128 40 skapar
1196 648 11 28 i
1229 647 204 29 nuvarande
1452 647 300 40 konjunkturläge

248 694 75 31 risk
348 695 56 30 för
428 696 178 30 allmänna
630 696 271 40 prisstegringar
926 697 64 29 och
1016 697 144 29 därmed
1184 698 107 29 också
1315 697 55 30 för
1395 698 204 39 tilltagande
1625 698 128 39 svårig-

248 744 98 31 heter
372 748 50 28 att
446 746 239 39 upprätthålla
710 747 322 39 sysselsättningen.
1055 747 67 30 Det
1147 748 70 29 kan
1244 748 77 30 leda
1344 749 55 29 till
1424 748 261 40 påfrestningar
1709 748 45 40 på

247 795 62 29 vår
331 796 109 29 redan
462 806 47 19 nu
532 796 232 40 otillräckliga
785 798 247 29 valutareserv.
1054 799 65 28 Det
1141 798 146 30 innebär
1310 800 50 28 att
1383 808 83 20 man
1491 799 153 39 »lagrar»>
1669 799 85 30 nöd-

248 845 235 40 vändigheten
504 849 51 28 att
575 846 141 40 vidtaga
738 848 190 30 avsevärda
951 848 350 40 skatteskärpningar
1323 850 12 28 i
1357 859 43 19 en
1422 851 86 28 nära
1531 849 154 30 framtid.

292 895 61 31 Att
380 895 142 32 försöka
548 896 246 31 åstadkomma
819 898 123 30 balans
968 899 130 29 mellan
1124 899 183 30 oavbrutet
1333 900 158 29 växande
1519 900 234 39 statsutgifter

249 947 66 29 och
344 947 42 29 de
413 948 194 29 inkomster
637 957 75 21 som
740 948 90 30 skall
859 949 103 29 täcka
990 950 101 29 dessa
1121 957 124 31 genom
1275 950 306 39 skattehöjningar
1610 952 38 28 är
1676 951 76 29 icke

249 996 177 31 rationellt
445 1016 43 3 —
510 998 195 39 säkerligen
726 999 77 29 icke
825 1008 62 20 ens
909 999 147 40 möjligt.
1080 1000 155 29 Utsikter
1256 1000 54 29 till
1331 1000 187 30 bestående
1539 1000 122 30 balans
1684 1001 70 30 för-

249 1048 150 28 utsätter
425 1049 151 28 tvärtom
601 1048 88 30 både
717 1049 179 30 allmänna
925 1050 333 39 skattesänkningar
1285 1051 66 29 och
1378 1052 295 38 genomgripande
1700 1061 53 20 ra-

249 1097 282 40 tionaliseringar
561 1099 12 28 i
605 1099 293 40 skattesystemet.
930 1100 122 30 Denna
1084 1101 439 39 skattesänkningspolitik
1553 1102 62 30 bör
1646 1103 106 38 enligt

249 1147 61 29 vår
329 1148 142 40 mening
488 1149 162 38 planeras
669 1149 45 41 på
731 1150 107 29 minst
856 1150 59 30 två
932 1150 56 30 års
1009 1151 79 29 sikt.
1108 1151 78 29 Med
1204 1152 140 39 hänsyn
1361 1152 54 29 till
1433 1152 68 29 den
1521 1153 150 29 samtida
1688 1153 65 29 ris-

248 1196 69 31 ken
343 1199 12 28 i
381 1198 140 39 nuläget
547 1199 55 31 för
627 1200 489 40 sysselsättningsstörningar
1141 1202 65 29 och
1232 1201 225 31 inflatoriska
1483 1203 270 39 prisstegringar

248 1247 63 30 bör
332 1248 67 30 den
419 1249 213 30 omedelbart
652 1250 134 30 inledas
805 1251 81 28 med
907 1250 131 31 sådana
1058 1251 296 36 skattereformer,
1376 1252 127 30 främst
1524 1262 42 20 av
1585 1253 168 40 företags-

248 1297 280 41 beskattningen,
555 1308 76 21 som
654 1300 126 29 verkar
804 1300 248 39 produktions-
1077 1302 65 29 och
1165 1302 485 40 produktivitetsfrämjande,
1677 1313 76 20 som

250 1349 138 29 stärker
418 1349 417 31 kostnadsmedvetandet
867 1351 65 29 och
962 1351 182 30 befordrar
1175 1352 88 40 vilja
1292 1353 54 29 till
1378 1353 159 39 frivilligt
1569 1355 182 38 sparande.

252 1398 488 41 Skattesänkningspolitiken
767 1400 63 30 bör
858 1401 152 30 därefter
1039 1401 95 31 föras
1163 1402 91 30 fram
1283 1403 53 30 till
1364 1413 43 21 en
1434 1404 149 39 verkligt
1612 1405 140 34 allmän,

248 1448 198 39 betydande
465 1450 301 40 skattesänkning.

293 1498 76 31 Den
390 1500 196 30 >tidtabell»
608 1501 56 30 för
684 1502 333 39 skattesänkningar
1036 1511 75 21 som
1130 1502 169 40 återgives
1319 1504 11 29 i
1350 1503 41 30 de
1410 1513 90 21 ovan
1519 1505 234 30 omförmälda

249 1549 221 31 motionerna
491 1560 42 20 av
552 1550 124 31 herrar
698 1551 152 30 Ewerlöf
870 1553 64 29 och
957 1553 227 39 Hjalmarson
1206 1553 179 31 förefaller
1409 1564 56 21 oss
1488 1556 176 29 realistisk
1687 1557 64 29 och

248 1600 56 29 väl
322 1600 142 39 avvägd.

294 1650 232 39 Uppgifterna
549 1650 54 30 för
628 1652 66 30 den
719 1652 140 40 statliga
881 1652 300 41 budgetpolitiken
1203 1673 45 3 —
1269 1665 81 20 vars
1374 1656 179 30 allmänna
1576 1657 178 39 riktlinjer

250 1700 112 30 måste
381 1701 174 40 fullföljas
574 1702 96 30 inom
689 1703 79 29 hela
786 1703 67 29 den
872 1703 184 40 offentliga
1076 1704 142 30 sektorn
1235 1723 44 3 —
1298 1707 38 28 är
1356 1706 102 30 alltså

291 1752 52 28 att
368 1751 111 40 skapa
500 1751 123 30 balans
647 1754 129 29 mellan
801 1754 132 29 statens
957 1754 149 39 löpande
1129 1754 195 30 inkomster
1347 1757 65 28 och
1436 1756 159 39 utgifter;

290 1801 54 29 att
367 1802 82 39 göra
471 1802 12 29 i
505 1803 151 30 särskild
680 1804 84 38 grad
786 1804 541 40 sysselsättningsstimulerande
1350 1807 65 29 och
1438 1806 313 40 prisåterhållande

249 1850 333 42 skattesänkningar
605 1853 215 30 omedelbart
842 1854 144 40 möjliga
1009 1855 97 29 inom
1129 1864 122 21 ramen
1275 1856 56 30 för
1354 1867 42 20 en
1420 1857 208 31 balanserad
1651 1858 101 30 drift-

247 1900 145 40 budget;

292 1953 52 28 att
371 1951 100 40 lägga
497 1955 47 28 ett
572 1953 169 41 underlag
766 1972 45 3 —
839 1963 76 21 som
941 1956 106 30 också
1075 1956 301 40 fortsättningsvis
1403 1958 120 30 undan
1551 1958 54 30 för
1631 1960 120 29 undan

249 2001 111 31 måste
384 2002 136 31 stärkas
541 2022 45 3 —
606 2004 57 30 för
683 2004 159 30 hållbara
865 2005 179 31 allmänna
1067 2006 333 41 skattesänkningar
1424 2018 42 20 av
1489 2008 109 30 sådan
1621 2010 130 29 storlek

248 2053 51 28 att
325 2053 42 29 de
392 2053 118 30 märks
536 2064 43 20 av
604 2054 255 31 människorna
885 2056 65 29 och
974 2057 173 39 påverkar
1173 2057 100 31 deras
1298 2059 199 39 personliga
1522 2059 229 31 ekonomiska

248 2101 248 40 dispositioner
518 2104 32 39 ej
578 2105 109 30 minst
709 2105 10 29 i
744 2105 220 39 sparökande
988 2107 166 40 riktning.

292 2152 107 32 Bifall
419 2153 53 30 till
493 2154 40 30 de
555 2154 132 41 förslag
706 2164 58 20 om
784 2164 43 21 en
847 2158 221 30 annorlunda
1088 2158 252 40 utgiftspolitik
1361 2161 64 29 och
1447 2170 58 20 om
1523 2160 228 31 inkomstför-

249 2203 226 40 stärkningar
504 2213 76 21 som
609 2205 80 30 från
717 2205 216 32 företrädare
963 2207 54 31 för
1046 2209 236 39 högerpartiet
1311 2210 57 29 vid
1397 2211 236 30 innevarande
1662 2212 89 30 riks-

249 2252 66 41 dag
333 2255 123 29 väckts
477 2255 111 30 skule
609 2255 55 31 för
684 2256 238 31 innevarande
940 2258 170 40 budgetår
1129 2259 46 30 ha
1196 2260 61 30 lett
1277 2260 93 30 fram
1389 2261 53 30 till
1461 2271 42 20 en
1524 2261 225 41 driftbudget,

249 2310 77 23 som
344 2304 91 30 varit
455 2304 162 41 omkring
638 2306 61 30 700
721 2305 165 39 miljoner
905 2308 132 30 kronor
1057 2309 157 30 starkare
1236 2311 45 29 än
1303 2311 68 29 den
1392 2321 75 20 som
1487 2319 48 21 nu
1556 2311 193 42 föreligger.

248 2352 50 30 De
324 2354 287 31 skattereformer
635 2357 34 29 vi
696 2355 180 41 föreslagit
903 2358 112 31 skulle
1040 2359 46 30 ha
1111 2359 155 30 minskat
1293 2362 132 30 statens
1451 2362 194 30 inkomster
1671 2363 79 30 med

248 2403 164 42 omkring
435 2405 62 30 200
521 2404 166 41 miljoner
710 2405 131 31 kronor
866 2408 111 29 under
1002 2417 137 22 samma
1162 2409 171 40 budgetår
1355 2430 44 3 —
1423 2411 173 31 inklusive
1621 2413 129 31 bortta-

249 2454 128 38 gandet
405 2464 42 21 av
474 2455 66 30 den
567 2458 99 29 extra
693 2456 271 40 bolagsskatten.
994 2459 65 30 Det
1088 2460 111 30 behov
1227 2470 42 20 av
1297 2462 118 40 statlig
1443 2461 201 42 upplåning,
1674 2474 76 21 som
