2216 2628
435 180 37 31 14
915 183 229 31 Statsutskottets
1172 185 150 30 Utlåtande
1344 186 57 30 N:o
1425 188 47 28 64.

391 257 105 37 mark
537 258 109 38 torde
686 258 213 51 lämpligen
938 260 128 37 kunna
1107 261 182 48 erbjudas
1317 262 136 38 staden
1480 263 12 36 i
1520 263 92 50 byte
1641 263 57 37 för
1724 264 266 48 nyssnämnda

390 308 205 49 hörntomt,
623 309 250 48 hvarigenom
903 310 41 37 af
967 310 126 38 denna
1113 317 106 42 tomt,
1233 317 81 32 stor
1328 314 108 46 6,662
1454 314 295 47 kvadratmeter,
1766 313 59 37 för
1845 315 144 37 kronan

390 359 122 37 skulle
540 363 141 34 återstå
710 366 55 31 att
792 360 84 37 lösa
903 361 97 37 blott
1019 364 112 45 4,214
1151 362 296 39 kvadratmeter.
1493 364 190 37 Måhända
1701 364 124 37 skulle
1841 365 146 47 staden,

390 422 80 24 som
499 424 51 23 nu
578 423 90 24 vore
696 415 115 43 ägare
838 411 59 36 till
926 416 54 32 ett
1006 412 124 37 flertal
1156 414 382 48 tomter
1312 407 20 61 i
1350 414 188 48 närheten,
1554 415 129 37 hvilka
1696 415 293 49 otvifvelaktigt

388 460 153 38 komme
568 466 57 31 att
652 461 189 38 snabbare
867 461 101 50 stiga
995 462 11 36 i
1035 463 131 48 värde,
1195 464 129 37 därest
1351 465 386 38 veterinärinstitutet
1765 465 129 37 blefve
1913 465 75 37 för-

387 510 109 48 lagdt
524 514 21 33 å
573 511 75 37 den
676 525 50 23 nu
753 511 266 50 ifrågaställda
1046 514 163 49 platsen,
1238 515 85 37 icke
1343 515 174 38 befinnas
1538 516 201 49 obenägen
1754 521 57 31 att
1826 515 160 48 bidraga

386 561 57 36 till
476 560 155 49 frågans
659 562 156 49 lösning
840 576 140 36 genom
1011 570 55 31 att
1092 570 91 31 utan
1213 565 49 37 all
1291 566 95 37 eller
1415 572 76 32 mot
1519 571 126 44 någon
1674 567 149 37 mindre
1852 572 134 32 ersätt-

386 611 94 48 ning
506 612 99 36 afstå
634 612 247 38 oftanämnda
904 614 206 49 hörntomt,
1138 629 141 34 genom
1309 616 115 37 hvars
1453 617 236 49 tilläggande
1716 617 58 36 till
1803 617 75 37 den
1905 617 81 37 Fri-

386 661 169 49 bergska
594 668 147 32 tomten
782 664 160 48 kronan,
981 665 10 36 i
1034 666 185 37 händelse
1258 666 41 37 af
1328 668 148 36 förvärf
1499 669 43 36 af
1566 668 98 37 båda
1691 668 116 37 dessa
1834 673 151 42 tomter,

385 712 135 47 skulle,
548 713 96 37 efter
672 714 246 49 vederbörlig
944 716 304 48 gatureglering,
1276 717 115 38 hafva
1418 718 12 37 i
1457 718 58 37 sin
1544 723 86 44 ägo,
1650 724 55 32 att
1723 718 43 38 af
1779 719 206 36 veterinär-

383 763 191 38 institutet
600 764 130 37 kunna
758 765 239 49 disponeras,
1027 772 56 32 ett
1112 768 153 36 område
1294 768 42 37 af
1362 771 135 44 37,095
1526 769 296 37 kvadratmeter.

515 814 18 36 I
566 814 104 37 detta
698 816 281 48 sammanhang
1002 821 144 45 ansåge
1175 819 505 38 öfverintendentsämbetet
1707 820 62 48 sig
1795 820 95 36 böra
1916 823 65 46 på-

382 864 112 49 peka,
535 870 67 42 att,
636 865 80 38 ifall
743 866 254 38 omförmälda
1025 869 134 36 staden
1187 869 195 48 tillhöriga
1409 870 197 37 hörntomt
1630 871 87 37 icke
1745 874 153 33 komme
1927 876 55 32 att

380 914 163 50 inköpas
584 915 59 38 för
683 921 55 32 att
778 918 314 50 sammanläggas
1133 920 86 36 med
1258 920 73 37 den
1372 921 236 49 Fribergska
1646 927 160 40 tomten,
1841 921 74 37 den
1944 921 42 37 af

382 965 166 49 säljaren
588 967 188 48 erbjudna
802 968 440 50 försäljningssumman,
1272 972 198 46 1,100,000
1498 972 154 48 kronor,
1679 971 119 39 borde
1828 972 152 37 komma

381 1021 55 31 att
476 1017 169 38 minskas
688 1018 88 37 med
817 1019 181 50 beloppet
1041 1020 42 37 af
1112 1021 73 36 den
1213 1021 121 49 lösen,
1364 1022 137 37 staden
1529 1023 98 37 hade
1656 1028 55 32 att
1739 1022 165 49 utgifva,
1932 1023 48 37 då

380 1068 262 46 nyssnämnda
669 1068 58 37 för
753 1070 296 48 gatureglering
1077 1071 254 49 erforderliga
1361 1073 104 37 mark
1487 1086 61 24 om
1565 1075 109 45 2,448
1692 1073 288 37 kvadratmeter

381 1116 203 39 framdeles
613 1118 127 37 blefve
765 1120 58 36 för
847 1120 220 38 utförandet
1091 1121 41 36 af
1147 1122 250 47 reglermgen
1411 1123 133 49 nödig,
1562 1123 156 38 hvilken
1733 1124 245 47 lösesumma,

379 1167 194 38 beräknad
607 1169 96 36 efter
735 1175 56 31 ett
818 1170 92 49 pris,
938 1170 86 38 icke
1053 1171 306 50 understigande
1389 1176 45 34 33
1464 1175 141 36 kronor
1628 1176 47 35 45
1704 1179 65 32 öre
1799 1174 179 37 kvadrat-

378 1224 156 41 metern,
577 1219 154 50 belöpte
773 1221 61 48 sig
874 1221 57 36 till
972 1224 136 46 81,885
1137 1223 141 37 kronor
1307 1225 47 35 60
1383 1229 77 41 öre,
1488 1237 48 24 en
1566 1224 300 49 omständighet,
1895 1238 80 23 som

376 1269 213 37 emellertid
617 1270 84 37 icke
731 1270 139 38 funnes
898 1272 12 35 i
937 1272 281 49 handlingarna
1246 1274 239 37 omförmäld.

508 1320 74 37 Vid
620 1321 243 50 granskning
896 1322 41 37 af
964 1323 73 37 den
1066 1324 85 36 utaf
1175 1324 162 49 Ygberg
1364 1325 236 38 verkställda
1629 1326 206 48 värderiovg
1864 1325 40 38 af
1928 1326 47 37 de

376 1374 148 42 tomter,
568 1384 81 23 som
692 1372 62 36 vid
794 1372 233 50 försäljning
1067 1374 123 38 skulle
1218 1375 181 49 utläggas
1427 1380 20 34 å
1474 1376 407 38 veterinärinstitutets
1909 1390 67 23 nu-

375 1421 167 37 varande
572 1422 167 46 område,
768 1422 100 37 hade
897 1423 509 40 öfvorintendentsämbetet
1434 1427 87 36 med
1549 1427 150 49 hänsyn
1728 1427 57 36 till
1815 1440 50 23 nu
1892 1427 82 47 gäl-

372 1470 112 37 lande
514 1471 78 50 pris
623 1472 122 37 funnit
773 1473 223 38 densamma
1024 1475 87 37 icke
1135 1489 90 24 vara
1252 1476 59 36 för
1339 1477 95 48 högt
1461 1477 188 49 tilltagen.
1705 1478 56 35 De
1778 1477 196 37 blifvande

373 1534 74 34 nya
478 1527 162 43 gatorna
672 1536 90 24 vore
789 1523 12 36 i
830 1523 127 38 denna
988 1525 212 49 beräkning
1227 1532 201 43 upptagna
1456 1533 55 31 att
1534 1533 92 31 utan
1655 1527 218 49 ersättning
1899 1528 75 37 till-

372 1570 89 38 falla
489 1573 149 47 staden,
666 1587 88 23 men
783 1577 126 45 någon
938 1575 167 49 ändring
1133 1577 233 37 härutinnan
1394 1583 133 43 syntes
1556 1578 84 37 icke
1670 1579 88 36 med
1777 1579 121 37 utsikt
1916 1579 57 36 till

372 1622 203 50 framgång
616 1624 129 37 kunna
786 1626 179 48 påyrkas,
1008 1626 48 36 då
1098 1627 136 37 staden
1262 1627 11 36 i
1299 1632 160 33 motsatt
1487 1628 66 37 fall
1580 1629 108 37 torde
1716 1629 170 37 förklara
1913 1629 61 48 sig

370 1672 84 37 icke
482 1674 113 37 hafva
623 1679 117 44 något
767 1675 163 38 intresse
958 1676 42 36 af
1026 1677 46 37 de
1101 1677 160 37 afsedda
1288 1692 77 35 nya
1391 1684 173 43 gatorna,
1593 1680 130 36 hvilka
1751 1679 101 38 dock
1880 1694 91 23 vore

369 1725 248 49 nödvändiga
644 1726 57 37 för
728 1726 343 38 åstadkommande
1101 1728 40 37 af
1165 1733 139 32 tomter
1333 1729 73 37 och
1433 1730 167 45 kvarter,
1624 1730 185 49 lämpliga
1828 1731 61 36 för
1907 1731 65 37 be-

369 1776 217 49 byggande,
617 1777 72 36 och
718 1777 48 36 då
794 1777 67 36 det
888 1778 186 48 därjämte
1104 1779 107 36 torde
1240 1793 92 23 vara
1353 1780 302 49 ovedersägligt,
1676 1787 55 31 att
1751 1787 92 31 utan
1858 1781 114 37 fram-

368 1827 195 48 dragande
602 1828 41 36 af
679 1827 142 49 nödiga
856 1834 113 43 gator
1009 1834 191 32 tomterna
1233 1830 86 37 icke
1353 1834 48 45 på
1429 1831 109 48 långt
1564 1837 69 31 när
1661 1832 124 37 skulle
1814 1832 157 49 betinga

366 1878 64 36 det
458 1878 129 47 värde,
615 1878 162 49 Ygberg
806 1881 100 35 åsatt
934 1879 97 37 dem.

500 1929 198 37 Huruvida
739 1929 136 37 staden
916 1930 127 37 kunde
1072 1931 174 36 befinnas
1276 1931 108 49 villig
1412 1937 56 32 att
1495 1938 89 31 utan
1613 1933 250 49 godtgörelse
1891 1934 79 49 pla-

366 1992 92 24 nera
500 1980 71 36 och
601 1984 189 33 stensätta
819 1980 47 37 de
895 1995 74 35 nya
996 1987 163 43 gatorna
1186 1996 92 23 vore
1308 1983 34 48 ej
1373 1983 58 36 för
1458 1983 512 39 öfverintendentsämbetet

367 2030 153 46 bekant,
563 2031 73 36 och
676 2033 128 46 någon
839 2031 164 37 kostnad
1032 2032 128 37 härför
1188 2032 139 38 funnes
1357 2033 33 49 ej
1420 2034 12 36 i
1461 2034 46 37 de
1537 2034 268 49 föreliggande
1834 2036 135 37 beräk-

364 2080 189 49 ningarna
582 2086 213 44 upptagen.
850 2081 74 37 Det
952 2082 119 37 borde
1100 2083 118 37 likväl
1247 2084 373 49 uppmärksammas,
1649 2091 65 40 att,
1743 2086 98 37 efter
1868 2086 100 38 hvad

365 2131 55 36 för
452 2131 505 39 öfverintendentsämbetet
986 2133 129 37 blifvit
1141 2134 170 49 upplyst,
1340 2135 66 36 vid
1433 2135 285 49 försäljningen
1747 2136 42 36 af
1812 2136 48 37 de
1881 2150 28 24 ss.
1930 2138 36 36 k.

363 2181 336 49 gardestomterna
725 2182 148 38 kronan
901 2184 71 36 fått
999 2184 163 37 bekosta
1190 2185 106 37 såväl
1325 2185 203 51 planering
1557 2186 72 37 och
1649 2188 263 48 stensättning
1928 2188 43 37 af
