2212 2628
193 1175 127 26 Utskottet.

429 153 39 30 14
857 153 345 31 Jordbruksutskottets
1227 153 162 32 utlåtande
1413 152 52 32 Nr
1489 154 50 31 48.

512 230 81 36 Vad
639 231 384 48 lantbruksstyrelsen
1070 231 197 48 föreslagit
1311 231 230 37 beträffande
1587 233 303 38 statsunderstöd
1922 234 58 36 till

380 281 292 49 ifrågavarande
713 282 131 37 kurser
885 295 111 23 anser
1031 283 72 48 jag
1130 282 81 48 mig
1237 282 128 37 kunna
1393 283 57 36 till
1479 283 72 36 alla
1578 283 104 37 delar
1710 283 158 38 biträda.
1923 286 57 36 Då

381 333 139 36 minsta
547 333 237 46 elevantalet,
813 346 81 23 som
924 333 205 50 berättigar
1156 334 58 35 till
1241 334 313 47 statsunderstöd,
1580 340 42 30 är
1643 335 85 47 fem,
1747 334 73 37 blir
1838 337 142 36 minsta

381 384 269 49 statsbidraget
677 385 57 36 för
761 385 91 36 kurs
882 387 74 34 500
984 386 150 36 kronor.
1177 386 128 47 Något
1331 386 137 36 villkor
1495 399 62 23 om
1585 386 173 37 frielever
1785 386 64 37 vid
1869 388 112 36 dessa

380 437 131 36 kurser
539 449 115 37 synes
681 437 82 36 icke
790 436 93 37 böra
910 437 218 49 uppställas.

508 488 78 49 Jag
612 489 69 35 har
708 488 116 37 redan
866 488 102 36 förut
1012 488 195 50 tillstyrkt,
1238 494 53 31 att
1319 490 203 36 understöd
1551 490 57 35 till
1636 489 245 38 obemedlade
1909 492 69 35 och

381 539 147 37 mindre
555 540 221 36 bemedlade
804 540 126 36 elever
957 541 64 35 vid
1049 540 112 36 dessa
1188 540 132 36 kurser
1348 544 61 33 må
1437 542 82 35 från
1548 542 174 49 anslaget
1749 541 58 36 till
1843 541 136 37 under-

382 591 84 37 stöd
494 594 38 33 åt
558 592 103 36 vissa
680 592 123 36 elever
828 591 64 37 vid
920 592 215 36 lantbruks-
1169 592 84 36 med
1281 592 91 36 flera
1400 593 124 36 skolor
1551 596 95 45 utgå
1673 593 86 37 med
1787 593 118 49 högst
1932 593 47 36 de

380 656 51 22 nu
461 656 46 23 av
535 643 386 50 lantbruksstyrelsen
953 644 215 48 föreslagna
1195 643 199 50 beloppen.

510 695 57 36 Då
593 696 106 48 varje
718 695 12 36 i
749 695 376 37 överensstämmelse
1144 695 85 37 med
1244 696 186 36 villkoren
1447 697 193 36 anordnad
1659 697 90 36 kurs
1768 697 67 36 bör
1850 697 129 36 kunna

379 746 153 37 komma
558 747 13 35 i
599 747 222 48 åtnjutande
851 760 46 23 av
924 747 303 36 statsunderstöd
1255 747 57 36 till
1340 760 51 22 nu
1411 749 153 47 angivet
1584 748 149 49 belopp,
1754 762 87 23 men
1862 748 116 48 detta,

381 798 123 36 därest
531 799 185 48 anslaget,
744 802 125 33 såsom
896 798 385 49 lantbruksstyrelsen
1310 799 208 49 föreslagit,
1547 800 214 37 bestämdes
1790 800 57 36 till
1884 800 96 37 visst

380 849 138 49 högsta
545 850 149 49 belopp,
735 851 82 36 icke
862 850 120 36 under
1023 850 71 36 alla
1123 850 259 36 förhållanden
1410 851 120 37 skulle
1557 864 93 23 vara
1677 851 162 49 möjligt,
1868 864 110 24 anser

375 901 82 48 jag,
487 906 54 32 att
568 904 38 34 åt
634 903 171 48 anslaget
833 902 70 36 bör
929 915 68 35 ges
1025 907 160 31 naturen
1226 916 47 22 av
1300 902 305 49 förslagsanslag
1632 903 13 36 i
1671 903 119 37 likhet
1817 904 87 36 med
1933 903 45 37 de

380 955 20 33 å
427 953 186 37 ordinarie
640 958 76 32 stat
742 959 199 44 upptagna
969 953 183 48 anslagen
1180 954 57 36 till
1256 954 206 37 understöd
1482 958 37 33 åt
1537 954 351 37 lantmannaskolor
1907 955 70 36 och

379 1004 391 37 lanthushållsskolor.
820 1005 79 36 Mot
934 1011 55 30 att
1006 1005 335 49 anslagsbeloppet
1360 1019 50 22 nu
1431 1012 187 43 upptages
1637 1006 57 36 till
1737 1008 87 44 7,000
1839 1006 141 37 kronor

380 1056 67 35 har
469 1056 70 49 jag
564 1056 83 37 icke
674 1060 118 45 något
820 1063 54 30 att
902 1057 155 36 erinra.»

509 1160 71 36 Det
608 1174 48 23 av
684 1161 384 49 lantbruksstyrelsen
1098 1161 234 36 framställda
1360 1161 70 36 och
1454 1161 144 48 jämväl
1618 1175 47 22 av
1684 1161 294 49 departements-

379 1212 132 36 chefen
558 1212 204 49 tillstyrkta
808 1213 183 48 förslaget
1035 1218 56 31 att
1135 1212 59 36 till
1232 1212 237 37 lantmanna-
1498 1213 70 36 och
1595 1213 383 37 lanthushållsskolor

378 1262 177 50 förlägga
582 1264 184 36 särskilda
793 1264 373 49 utbildningskurser
1193 1264 58 36 för
1269 1264 200 49 kvinnliga
1489 1264 357 48 ladugårdsskötare
1861 1278 116 36 synes

374 1314 187 37 utskottet
600 1329 90 23 vara
735 1321 55 31 ett
832 1316 176 48 lämpligt
1053 1320 75 32 sätt
1182 1316 58 36 för
1280 1315 154 37 lösande
1475 1329 46 22 av
1562 1316 225 49 spörsmålet
1814 1317 163 36 rörande

374 1366 290 48 ifrågavarande
691 1367 292 49 undervisnings
1011 1367 269 49 organisation.

503 1418 58 37 Då
589 1419 103 36 detta
720 1425 143 44 system
905 1424 96 31 även
1034 1422 124 33 såsom
1186 1419 414 49 departementschefen
1625 1419 206 37 framhållit
1858 1420 120 36 redan

377 1469 118 37 sedan
522 1470 90 37 flera
640 1474 41 33 år
721 1471 207 49 tillämpats
969 1471 103 36 inom
1113 1470 255 37 Norrbottens
1396 1471 61 36 län
1485 1471 86 36 med
1599 1476 87 44 gott
1712 1471 170 46 resultat,
1913 1485 64 23 an-

378 1522 118 36 sluter
541 1522 62 49 sig
647 1522 187 37 utskottet
879 1523 136 36 härtill.
1079 1522 173 37 Rörande
1297 1523 136 47 frågan
1479 1535 60 23 om
1578 1523 304 36 statsunderstöd
1920 1523 57 36 till

378 1573 184 37 kurserna
588 1574 13 35 i
638 1574 107 49 fråga
773 1575 69 35 har
888 1574 184 37 utskottet
1116 1574 96 36 intet
1254 1579 53 31 att
1341 1574 166 36 invända
1534 1580 80 31 mot
1642 1574 63 37 det
1728 1588 47 23 av
1802 1574 174 49 departe-

379 1625 259 36 mentschefen
665 1626 14 35 i
706 1626 102 36 detta
836 1626 186 36 avseende
1048 1626 138 49 gjorda
1212 1625 207 37 uttalande.
1474 1626 72 36 Till
1565 1626 185 49 förslaget
1768 1631 55 31 att
1837 1626 139 37 under-

380 1676 85 37 stöd
493 1676 56 37 till
577 1676 245 38 obemedlade
850 1677 72 37 och
950 1678 145 36 mindre
1124 1677 219 37 bemedlade
1371 1678 124 36 elever
1522 1678 63 36 vid
1614 1678 112 36 dessa
1752 1678 136 36 kurser
1916 1680 60 34 må

379 1728 56 36 till
479 1728 96 36 visst
620 1728 155 49 angivet
819 1729 139 49 belopp
1003 1732 93 46 utgå
1137 1729 84 36 från
1249 1729 174 48 anslaget
1449 1729 57 36 till
1534 1729 207 37 understöd
1770 1732 38 34 åt
1835 1729 142 37 sådana

378 1779 127 37 elever
531 1780 65 36 vid
623 1780 213 37 lantbruks-
864 1781 86 36 med
978 1780 91 37 flera
1096 1781 126 37 skolor
1249 1781 68 36 har
1353 1780 182 37 utskottet
1561 1781 118 36 redan
1706 1781 121 36 under
1854 1780 123 49 punkt

382 1834 18 33 1
430 1831 69 36 här
526 1844 97 24 ovan
651 1831 287 49 tillkännagivit
966 1833 58 35 sin
1053 1832 231 49 anslutning.

507 1882 200 38 Storleken
744 1898 47 22 av
831 1883 63 37 det
936 1884 59 36 för
1022 1885 212 36 ändamålet
1260 1884 214 37 beräknade
1502 1884 178 49 beloppet
1707 1898 67 35 ger
1800 1884 84 36 icke
1911 1897 67 23 an-

378 1934 159 50 ledning
563 1935 58 36 till
648 1938 127 46 någon
803 1935 238 50 invändning
1068 1936 83 36 från
1177 1936 205 36 utskottets
1419 1936 82 36 sida
1527 1936 136 36 liksom
1692 1936 32 48 ej
1754 1936 118 36 heller
1901 1935 75 37 för-

379 1986 123 49 slaget
529 1992 54 31 att
611 1989 37 34 åt
677 1987 173 49 anslaget
877 1987 110 49 gives
1016 1988 320 48 förslagsanslags
1363 1993 121 31 natur.

508 2038 129 37 Under
664 2038 238 50 åberopande
931 2053 46 22 av
1006 2039 61 37 det
1095 2052 98 24 ovan
1222 2039 157 36 anförda
1408 2039 213 37 hemställer
1648 2040 196 46 utskottet,
