2252 2650
405 214 17 27 2
646 214 108 28 Första
781 215 193 29 Kammarens
1000 216 159 37 Tillfälliga
1188 215 127 30 Utskotts
1336 217 73 36 (N:o
1434 216 31 36 1)
1495 217 153 29 Utlåtande
1670 217 60 29 N:o
1753 219 28 27 5.

403 288 190 37 Förbudet
628 289 60 36 må
724 290 30 47 ej
792 291 206 35 utsträckas
1034 291 148 37 utöfver
1207 292 102 36 tiden
1336 291 84 37 från
1447 293 50 35 kl.
1526 295 20 34 8
1576 306 27 23 e.
1630 306 48 22 m.
1706 294 58 35 till
1790 294 48 35 kl.
1868 298 20 32 8
1916 293 24 37 f.
1967 308 47 22 m.

404 339 68 36 och
509 340 31 47 ej
578 341 99 44 gälla
711 339 59 37 för
805 341 116 36 andra
948 349 46 28 än
1022 342 93 36 barn
1142 342 41 36 af
1205 343 164 35 mankön
1396 343 120 36 under
1547 347 43 32 14
1619 343 41 36 år
1686 344 70 35 och
1782 343 42 36 af
1848 345 166 47 qvinkön

402 389 122 37 under
554 393 43 33 15
626 390 50 36 år.

503 441 281 48 Förordningen
820 442 67 35 har
921 441 83 37 haft
1039 443 57 35 till
1122 442 93 48 följd
1243 443 120 48 dylikt
1390 443 154 37 förbuds
1571 443 223 37 utfärdande
1821 446 12 34 i
1859 446 90 35 flera
1976 445 41 36 af

402 490 89 37 våra
518 491 131 45 städer,
676 491 121 36 såsom
825 491 226 46 Stockholm,
1079 492 196 49 Göteborg,
1303 494 147 45 Malmö,
1478 493 249 48 Norrköping,
1753 494 140 47 Upsala
1911 509 47 22 m.
1977 497 35 35 fl.

405 540 70 37 Det
500 540 102 37 förut
627 542 13 34 i
666 547 77 30 stor
770 544 257 45 utsträckning
1054 544 206 36 herskande
1288 545 163 35 oskicket
1478 551 56 29 att
1561 545 157 36 utsända
1744 545 91 36 barn
1856 559 61 22 om
1935 553 79 29 nät-

402 597 107 30 terna
535 591 58 36 för
619 591 221 49 försäljning
867 592 40 37 af
931 593 200 48 tidningar,
1158 595 187 35 blommor
1372 608 32 22 o.
1431 608 25 22 s.
1484 609 33 22 v.
1545 595 68 36 har
1640 596 61 35 det
1720 595 150 37 dermed
1889 596 125 36 blifvit

402 642 147 47 möjligt
575 641 58 36 för
658 642 312 49 myndigheterna
998 649 54 30 att
1081 643 118 50 stäfja.

503 692 288 47 Verkningarna
826 692 41 37 af
898 693 269 48 förordningen
1195 694 121 44 hafva,
1342 694 215 38 framhåller
1583 697 243 44 motionären,
1853 697 95 35 varit
1977 696 41 37 af

402 743 233 36 uteslutande
670 743 198 48 glädjande
903 750 57 30 art
995 745 102 36 såväl
1132 746 85 35 med
1254 745 167 37 afseende
1452 746 49 48 på
1528 746 46 37 de
1599 759 118 33 ungas
1744 748 270 36 intellektuella

401 805 80 24 som
507 792 142 49 fysiska
675 794 69 35 och
771 795 201 35 moraliska
999 795 225 47 utbildning.

503 843 72 36 Det
601 850 80 39 sätt,
716 845 142 47 hvarpå
884 845 388 49 cigarrförsäljningen
1298 859 155 24 numera
1480 846 185 37 bedrifves
1692 847 119 36 under
1837 855 81 28 sön-
1945 848 69 36 och

401 893 212 47 helgdagar,
653 902 67 39 gör
757 896 203 35 emellertid
1001 897 116 46 enligt
1156 898 250 35 motionärens
1441 896 243 37 förmenande
1720 903 52 30 ett
1798 898 131 47 tillägg
1955 899 59 34 till

400 944 165 36 nämnda
590 944 220 47 förordning
835 951 134 43 ytterst
995 947 140 47 nödigt.

502 994 232 37 Motionären
770 997 148 44 erinrar,
952 997 191 43 hurusom,
1171 997 93 37 efter
1292 997 62 37 det
1380 997 307 47 cigarrbodarnas
1715 998 298 48 öppenhållande

401 1044 79 37 före
515 1046 48 34 kl.
600 1049 19 32 9
658 1059 27 22 e.
720 1059 48 22 m.
805 1053 79 29 sön-
920 1048 69 35 och
1026 1048 201 47 helgdagar
1253 1047 126 37 blifvit
1404 1048 199 48 förbjudet,
1631 1048 282 47 cigarrhandeln
1941 1048 73 37 för-

400 1095 143 49 flyttats
570 1095 83 36 från
679 1097 199 36 butikerna
903 1098 58 34 till
988 1103 165 40 gatorna,
1181 1098 67 36 der
1274 1099 93 35 barn
1394 1099 68 35 och
1489 1099 210 48 ynglingar,
1719 1099 191 36 utrustade
1928 1100 85 35 med

401 1152 100 29 stora
536 1146 224 45 butiklådor,
796 1146 95 37 fulla
916 1148 86 36 med
1029 1149 161 47 cigarrer
1216 1148 41 36 af
1280 1149 99 35 olika
1406 1149 88 47 slag,
1521 1148 177 47 påträffas
1731 1150 6 34 i
1763 1150 138 45 mängd
1929 1151 84 34 hela

401 1196 188 46 söndagen
616 1198 157 47 igenom,
800 1198 59 35 till
885 1198 68 35 och
982 1198 85 36 med
1094 1199 119 36 under
1240 1199 364 48 gudstjensttiderna,
1632 1199 68 36 och
1728 1200 31 46 ej
1785 1201 117 35 sällan
1921 1213 92 33 upp-

400 1246 108 36 träda
534 1248 49 46 på
610 1254 51 29 ett
686 1247 59 36 för
771 1249 250 45 gatutrafiken
1048 1249 202 46 hinderligt
1276 1255 81 40 sätt.

501 1297 69 36 Att
609 1298 120 48 dylikt
769 1298 136 46 gatulif
942 1306 41 28 är
1022 1298 59 37 för
1116 1300 159 36 barnens
1308 1300 138 46 sedliga
1474 1300 70 36 och
1570 1302 200 35 moraliska
1798 1302 215 45 utveckling

400 1347 110 46 högst
536 1348 170 46 skadligt,
733 1349 121 36 finner
880 1350 233 36 motionären
1131 1350 191 48 påtagligt.
1374 1350 55 37 De
1448 1350 257 47 minderåriga,
1725 1365 78 23 som
1822 1351 190 36 användas

399 1396 60 37 för
498 1398 386 48 cigarrförsäljningen
924 1400 120 37 under
1082 1408 79 28 sön-
1201 1401 68 36 och
1307 1401 212 47 helgdagar,
1556 1401 140 37 förlora
1724 1403 201 45 aktningen
1953 1401 60 37 för

401 1448 191 45 sabbaten;
633 1449 44 36 de
716 1448 130 38 frestas
885 1451 58 35 till
984 1452 182 47 oärlighet
1204 1452 68 35 och
1315 1450 38 37 få
1379 1453 104 34 smak
1510 1451 59 37 för
1595 1452 121 45 utelif;
1743 1453 141 45 ganska
1910 1459 103 30 snart

399 1498 107 48 börja
544 1499 45 36 de
615 1500 91 35 röka
732 1499 132 48 sjelfva
890 1501 69 36 och
986 1500 143 38 förleda
1156 1501 110 37 äfven
1293 1503 80 35 sina
1399 1503 270 36 skolkamrater
1695 1503 135 36 härtill.
1883 1503 57 36 Då
1966 1503 46 36 de

399 1549 79 36 icke
517 1548 39 36 få
595 1549 123 46 någon
755 1552 260 44 sabbatshvila,
1052 1553 166 35 kommer
1253 1553 78 36 helt
1359 1553 183 47 naturligt
1568 1554 224 36 skolarbetet
1818 1554 120 35 under
1964 1553 47 37 de

400 1598 164 47 följande
592 1600 161 47 dagarne
780 1607 54 30 att
861 1602 87 36 lida.

502 1650 127 37 Under
646 1650 137 37 sådana
801 1652 315 46 omständigheter
1129 1665 107 36 synes
1264 1653 63 36 det
1344 1654 234 35 motionären
1597 1653 40 36 af
1651 1655 89 44 vigt,
1755 1659 54 30 att
1823 1667 87 22 man
1924 1654 87 36 med

401 1699 62 37 det
489 1707 164 30 snaraste
679 1702 168 46 vidtager
873 1702 172 47 åtgärder
1071 1704 58 34 till
1156 1703 218 49 skyddande
1401 1702 40 37 af
1465 1704 152 36 barnen.
1669 1704 110 36 Detta
1801 1705 74 35 kan
1895 1705 115 45 enligt

400 1751 92 35 hans
519 1752 152 45 mening
697 1753 145 36 enklast
868 1754 63 36 ske
958 1766 134 35 genom
1119 1759 52 30 ett
1196 1754 132 47 tillägg
1353 1754 59 35 till
1439 1753 269 49 förordningen
1727 1754 41 36 af
1784 1754 71 37 den
1877 1758 45 33 10
1938 1755 73 47 juli

403 1804 92 33 1891
527 1801 41 36 af
590 1802 173 45 innehåll,
792 1809 53 30 att
872 1803 62 37 det
954 1805 11 34 i
986 1804 124 35 denna
1126 1803 222 47 förordning
1366 1805 227 35 omnämnda
1611 1804 174 37 förbudet
1802 1805 61 36 må
1880 1806 129 36 kunna

399 1853 205 35 utsträckas
632 1854 116 34 under
774 1860 80 29 sön-
882 1855 60 35 och
969 1855 194 47 helgdagar
1190 1855 56 35 till
1272 1856 78 35 hela
1378 1855 139 48 dygnet.

501 1902 140 36 Nästan
676 1904 68 35 allt
779 1904 98 36 hvad
911 1917 81 23 som
1023 1904 48 47 på
1097 1905 56 36 sin
1179 1905 57 36 tid
1263 1904 171 37 anfördes
1460 1906 59 35 till
1545 1905 145 36 förmån
1718 1904 59 37 för
1803 1905 207 37 åstadkom-

399 1953 153 36 mandet
578 1952 40 37 af
641 1953 207 48 åberopade
868 1954 231 49 förordning,
1117 1956 117 46 gäller
1252 1956 68 36 ock
1340 1957 115 45 enligt
1472 1957 251 35 motionärens
1743 1956 94 48 åsigt
1854 1969 156 23 numera

400 2014 79 24 som
506 2004 80 35 skäl
612 2003 58 37 för
697 2010 52 30 ett
776 2005 121 49 dylikt
922 2006 143 48 tillägg.

500 2053 88 37 Man
623 2055 179 36 invänder
836 2055 186 37 måhända
1057 2080 47 3 —
1138 2062 122 43 yttrar
1294 2057 232 36 motionären
1562 2057 58 36 till
1655 2057 65 36 sist
1752 2076 48 4 —
1827 2062 54 30 att
1916 2055 94 38 före-

399 2103 175 48 liggande
601 2104 139 49 förslag
767 2106 30 48 ej
826 2107 96 35 löser
947 2106 133 48 frågan
1106 2107 13 35 i
1137 2106 80 37 dess
1236 2108 134 43 helhet,
1388 2114 92 29 utan
1500 2113 54 30 att
1572 2106 232 38 fortfarande
1822 2106 188 46 åtskilliga

399 2153 348 39 missförhållanden
774 2157 150 35 komma
951 2163 55 30 att
1032 2158 157 35 existera
1215 2157 230 37 beträffande
1472 2157 284 47 cigarrhandeln
1783 2158 119 36 under
1928 2163 83 29 sön-

400 2205 70 34 och
505 2205 210 47 helgdagar.
767 2206 131 37 Denna
929 2207 232 48 invändning
1187 2209 122 35 finner
1335 2209 232 36 motionären
1593 2209 127 46 rigtig;
1747 2221 84 24 men
1860 2207 47 36 då
1934 2207 75 36 han

399 2255 79 36 icke
513 2257 97 35 varit
643 2256 84 36 med
764 2270 61 23 om
864 2260 93 35 1893
995 2257 57 37 års
1084 2258 232 47 lagstiftning
1341 2259 48 48 på
1416 2259 102 37 detta
1545 2258 161 46 område,
1733 2259 67 36 har
1826 2259 74 35 han
1928 2258 82 35 här-
