2257 2749
683 277 85 43 Lag-
776 278 155 33 Utskottets
961 280 196 33 Betänkande
1180 281 63 32 N:o
1266 282 53 30 25.
1765 287 16 19 2:

1763 307 19 10 [9

200 353 155 40 generela
388 354 209 40 stadgandet,
636 360 57 27 att
718 356 74 38 den,
824 368 74 21 som
933 357 127 33 häktad
1083 364 46 32 är,
1155 359 85 33 skall
1264 360 37 42 af
1320 360 156 32 albnänna
1502 363 94 31 medel
1618 363 105 32 förses
1748 365 75 32 med

199 395 85 31 sund
320 396 58 33 och
414 397 183 41 nödtorftig
632 398 85 37 kost,
742 403 37 29 så
802 401 61 31 ock
888 413 104 20 annan
1005 401 215 42 förnödenhet,
1246 403 135 32 hvartill
1409 405 51 30 väl
1487 408 51 29 må
1562 406 113 32 kunna
1699 408 124 31 räknar

202 439 98 42 nödig
325 440 196 33 beklädnad.

351 483 17 31 I
394 484 217 33 betraktande
636 485 98 33 häraf
755 486 189 42 tillstyrker
967 487 177 33 Utskottet
1168 489 179 35 vördsamt,

403 531 48 26 att
484 527 459 35 Justitie-ombudsmannens
977 531 252 41 ifrågavarande
1265 533 246 41 framställning
1545 535 73 31 icke
1646 540 99 28 måtte
1772 538 49 31 till

401 572 108 38 någon
533 570 212 42 Riksdagens
769 572 117 40 åtgärd
910 573 178 33 föranleda.

352 655 197 32 Stockholm
575 657 61 31 den
663 658 15 30 1
704 657 67 41 Maj
797 658 90 31 1871.

797 805 50 33 På
869 805 192 34 Utskottets
1086 814 138 33 vägnar:

882 918 83 40 Eric
993 919 142 49 Sparre.
1166 922 5 5 ”

834 1107 351 40 Reservationer:

348 1208 35 31 af
403 1207 127 32 Herrar
559 1209 106 36 Borin,
689 1210 136 42 Ribbing
849 1210 60 31 och
933 1210 112 32 Hedin.

349 1268 88 32 Herr
458 1280 57 19 von
541 1269 109 42 Sydow
673 1269 60 32 har
756 1270 117 41 begärt
896 1275 48 26 att
969 1271 33 32 få
1024 1272 212 37 antecknadt,
1261 1280 49 24 att
1333 1274 61 31 han
1421 1276 26 39 ej
1473 1275 138 41 deltagit
1635 1277 7 30 i
1657 1278 155 30 ärendets

198 1311 200 41 behandling
423 1312 86 31 inom
533 1311 187 33 Utskottet.

911 1771 82 39 N:o
1021 1771 71 39 25.

737 1926 80 28 Ank.
843 1927 46 27 till
912 1927 103 29 Riksd.
1040 1928 106 28 Kansli
1172 1929 53 28 den
1251 1930 15 27 2
1292 1929 61 37 Maj
1383 1931 87 27 1871,
1496 1931 39 27 kl.
1564 1933 34 26 12
1624 1932 88 27 roidd.

398 2071 238 43 Betänkande,
662 2074 13 33 i
705 2073 186 45 anledning
924 2074 46 43 af
998 2075 199 36 återremiss
1231 2076 46 43 af
1306 2076 95 44 Lag
1410 2076 185 38 Utskottets
1628 2078 186 35 Utlåtande

552 2132 66 35 N:o
647 2134 54 43 19,
739 2134 151 35 rörande
924 2134 123 44 Kongl.
1084 2134 125 45 Maj:ts
1243 2137 130 44 nådiga
1401 2138 219 43 proposition
1660 2150 53 23 om
1752 2150 62 23 an-

551 2193 146 45 tagande
722 2193 49 44 af
791 2205 42 24 en
852 2193 216 47 förordning
1094 2197 177 42 angående
1299 2197 222 44 sparbanker.

349 2327 230 33 Omförmälda
607 2328 182 39 utlåtande,
817 2329 97 32 hvari
941 2329 176 32 Utskottet
1144 2330 181 39 hemställt,
1351 2336 50 27 att
1422 2332 204 42 Riksdagen,
1651 2334 76 31 med
1750 2335 65 31 för-

198 2370 169 38 klarande,
398 2376 49 26 att
474 2370 122 42 Kongl.
620 2371 109 41 Maj:ts
752 2373 207 40 proposition
981 2373 75 31 icke
1080 2374 67 31 kan
1171 2374 200 32 oförändrad
1394 2375 140 39 bifallas,
1558 2379 103 30 måtte
1687 2377 128 31 besluta

197 2425 39 19 en
273 2413 72 33 från
381 2413 123 42 Kongl.
534 2414 113 41 Maj:ts
673 2415 125 41 förslag
820 2416 11 30 i
853 2416 91 31 vissa
971 2415 91 33 delar
1092 2416 178 33 afvikande
1298 2417 196 42 förordning
1523 2420 171 40 angående
1723 2431 92 30 spar-
