1914 2822
508 197 438 33 Konstitutionsutskottets
963 198 180 30 memorial
1164 197 48 30 Nr
1227 199 26 30 7.

287 285 226 38 (Nuvarande
543 282 157 39 lydelse.)

123 353 80 30 eller
230 353 223 37 utgivningen
479 350 187 36 hinderligt
694 348 161 31 inseende

123 405 80 29 över
243 402 268 38 boktryckerier,
554 401 82 30 eller
673 400 182 38 författare

123 455 65 30 och
211 455 163 36 utgivare,
397 463 82 21 vara
492 452 135 37 tillåtet;
653 450 203 31 läroverken

122 506 90 30 dock
241 505 99 30 deras
368 505 96 37 förra
491 503 162 36 rättighet
681 500 173 39 förbehål-

123 556 66 38 len,
215 558 49 28 att
290 556 118 29 överse
437 555 64 29 och
530 554 82 36 gilla
637 552 132 31 sådana
797 561 58 21 av-

122 606 218 38 handlingar,
362 615 77 21 som
458 604 99 31 skola
579 604 47 37 på
646 604 98 29 deras
767 602 87 30 läro-

121 657 91 30 salar
231 656 204 38 offentligen
451 656 184 37 försvaras.

166 760 65 29 3:0.
267 756 185 38 Angående
467 755 202 37 äganderätt
686 754 50 30 till
752 753 104 37 skrift

121 809 88 37 gälle
232 808 66 30 vad
323 817 76 21 som
421 807 137 37 stadgas
582 807 10 29 i
616 804 148 32 särskild
789 804 65 37 lag,

122 859 119 38 stiftad
264 860 10 29 i
298 852 68 37 den
391 858 145 36 ordning
558 858 41 29 87
625 857 20 37 $
668 856 186 36 regerings-

122 910 136 38 formen
282 909 218 38 föreskriver.

166 960 197 37 Privilegier
381 960 21 30 å
418 959 158 37 skrifters
596 957 183 37 utgivande
797 955 59 31 må

122 1012 74 30 icke
227 1010 207 37 hädanefter
467 1008 189 37 meddelas;
691 1008 163 35 Konung-

122 1072 43 20 en
190 1062 87 30 dock
304 1061 156 36 obetaget
487 1063 49 28 att
562 1059 132 31 sådana
719 1058 50 31 till
793 1057 61 31 all-

121 1114 129 29 männa
272 1112 247 35 inrättningars
539 1109 187 31 understöd
746 1108 108 31 redan

121 1163 152 38 förlänta
305 1163 94 38 varje
428 1161 88 37 gång
549 1161 46 37 på
626 1161 100 35 högst
755 1160 98 38 tjugu

122 1214 39 30 år
180 1214 134 37 förnya.

165 1416 66 29 4:0.
270 1414 159 36 Utgivare
453 1422 41 21 av
520 1411 150 38 dagblad
693 1411 80 32 eller
796 1420 57 27 pe-

120 1464 154 31 riodiska
294 1464 141 36 skrifter
455 1462 138 31 anmäle
611 1463 60 36 sig,
689 1462 106 38 jämte
814 1461 39 30 ti-

121 1515 69 30 teln
216 1515 64 30 och
307 1514 311 37 tryckningsorten,
643 1513 63 29 hos
730 1511 124 37 chefen

120 1566 55 37 för
199 1564 412 40 justitiedepartementet,
634 1562 79 31 med
739 1562 115 30 vilken

121 1617 10 29 i
151 1616 112 30 denna
284 1616 54 36 lag
360 1615 126 37 förstås
505 1614 124 37 chefen
650 1613 55 37 för
723 1613 55 30 det
797 1612 55 30 de-

120 1669 203 35 partement,
379 1665 114 31 vartill
546 1663 308 40 justitieärendena

120 1718 96 36 höra,
235 1717 56 37 för
308 1716 199 31 erhållande
527 1725 41 21 av
589 1715 103 38 bevis,
711 1717 49 28 att
776 1714 77 30 hin-

121 1768 60 30 der
211 1767 103 37 enligt
346 1766 114 31 denna
492 1766 54 36 lag
576 1766 75 30 icke
680 1765 173 37 förekom-

120 1827 74 21 mer
219 1821 91 27 emot
334 1817 164 37 skriftens
526 1816 193 37 utgivande.

165 1869 97 29 Bevis
283 1868 58 30 må
360 1869 33 35 ej
416 1867 156 37 utfärdas
592 1867 56 37 för
670 1875 116 21 annan
808 1866 45 29 än

121 1919 65 29 här
201 1920 10 28 i
226 1919 88 29 riket
333 1918 112 30 bosatt
461 1917 142 37 myndig
619 1916 124 30 svensk
760 1915 93 30 med-

122 1969 151 36 borgare.

163 2019 129 36 Chefen
306 2018 57 37 för
378 2017 401 39 justitiedepartementet
796 2015 58 30 må

120 2070 105 36 vägra
247 2072 50 29 att
323 2068 140 38 utfärda
488 2069 103 36 bevis,
619 2077 57 20 om
700 2067 66 30 den
793 2076 59 20 an-

119 2120 116 30 mälda
256 2119 96 30 titeln
373 2119 127 37 företer
518 2118 108 30 sådan
648 2118 106 30 likhet
773 2115 80 32 med

120 2171 96 29 titeln
235 2170 20 30 å
273 2169 176 37 periodisk
469 2169 113 37 skrift,
602 2169 56 37 för
679 2168 113 30 vilken
813 2168 38 29 ti-

119 2221 115 35 digare
258 2220 156 37 utfärdat
437 2220 91 29 bevis
551 2220 38 29 är
611 2219 168 36 gällande,
803 2220 49 27 att

119 2270 194 37 förväxling
333 2270 63 29 lätt
415 2270 69 29 kan
505 2269 69 30 ske.

165 2322 64 29 5:0.
266 2320 198 35 Privilegier
487 2320 20 30 å
532 2320 219 35 boktryckeri
775 2319 77 30 sko-

119 2372 33 29 la
177 2372 30 37 ej
232 2371 185 35 erfordras,
445 2373 83 27 utan
556 2369 120 31 stånde
703 2379 59 20 var
786 2369 66 30 och

120 2431 43 20 en
197 2421 72 30 fritt
301 2424 58 32 att,
394 2424 84 27 utan
508 2420 126 30 hinder
666 2430 41 19 av
737 2419 115 36 någon

119 2471 147 30 särskild
293 2471 216 35 författning,
538 2470 95 29 äldre
659 2470 194 36 privilegier

119 2523 81 29 eller
253 2521 104 36 något
411 2520 439 37 <boktryckerireglemente,

1595 193 38 32 47

1065 280 224 38 (Föreslagen
1308 281 156 37 lydelse.)

896 349 59 29 der
981 348 249 31 utkommande
1256 357 162 22 nummer
1444 348 80 31 eller
1551 348 78 38 häf-

897 403 56 26 ten
975 399 139 37 årligen.
1140 399 65 30 Till
1225 399 177 37 periodisk
1424 399 103 38 skrift
1550 399 79 30 räk-

896 459 63 21 nas
974 451 87 29 även
1077 450 116 30 därtill
1206 449 155 31 hörande
1377 450 172 37 löpsedlar
1564 450 65 30 och

898 501 139 37 bilagor.

940 552 109 37 Skrift
1076 551 90 31 skall
1189 561 99 21 anses
1316 552 148 37 utgiven,
1490 551 44 31 då
1562 551 67 31 den

898 602 96 30 blivit
1016 602 76 31 såld
1112 602 81 30 eller
1211 602 206 31 annorledes
1440 602 121 38 spridd
1584 602 44 31 el-

897 653 48 30 ler
973 653 181 30 utlämnad
1179 653 50 30 till
1257 653 75 30 salu
1360 653 81 30 eller
1465 653 52 30 till
1542 653 87 37 spri-

899 704 112 30 dande
1033 704 45 37 på
1101 708 107 26 annat
1230 705 76 30 sätt.

939 756 67 29 3:o.
1053 754 122 37 Någon
1201 754 227 37 tryckningen
1451 753 178 39 föregåen-

896 804 41 30 de
968 805 213 36 granskning
1211 814 41 21 av
1282 804 104 38 skrift
1416 805 81 30 eller
1523 804 106 37 något

896 855 128 38 förbud
1046 859 92 27 emot
1158 856 182 36 tryckning
1363 855 105 31 därav
1488 855 91 30 skall
1597 856 33 37 ej

896 907 64 35 äga
985 916 88 20 rum.
1098 907 44 38 Ej
1164 906 89 30 skall
1274 906 116 36 någon
1415 906 103 37 skrift
1540 906 88 30 kun-

895 966 46 21 na
961 957 74 36 före
1056 957 77 30 dess
1153 957 184 36 utgivande
1357 956 181 38 avfordras
1559 956 69 37 för-

895 1007 135 38 fattare,
1051 1009 162 36 utgivare,
1232 1007 194 37 förläggare
1445 1007 81 30 eller
1545 1006 83 31 bok-

896 1058 168 37 tryckare,
1096 1059 32 38 ej
1159 1058 107 30 heller
1295 1058 106 36 något
1432 1058 55 37 för
1519 1058 108 36 utgiv-

894 1109 126 36 ningen
1060 1109 82 29 eller
1179 1109 228 36 tryckningen
1442 1108 187 36 hinderligt

896 1159 159 31 inseende
1071 1160 80 29 över
1167 1159 193 38 författare,
1378 1160 162 36 utgivare,
1558 1159 70 37 för-

894 1209 135 37 läggare
1052 1209 82 31 eller
1158 1210 228 36 boktryckare
1401 1219 82 21 vara
1495 1209 131 31 tillåtet.

941 1260 73 31 Vad
1036 1270 48 20 nu
1108 1262 39 29 är
1168 1260 134 37 stadgat
1328 1260 90 31 skall
1440 1260 89 31 dock
1552 1260 76 30 icke

895 1311 89 36 gälla
1004 1312 10 29 i
1034 1311 67 30 den
1122 1311 81 31 mån
1222 1314 107 27 annat
1348 1311 102 39 följer
1468 1321 42 20 av
1530 1311 68 30 vad
1618 1311 11 30 i

896 1363 19 29 6
942 1363 19 36 $
984 1363 88 36 sägs.

939 1414 66 29 4:o.
1053 1412 197 36 Privilegier
1288 1412 21 30 å
1346 1412 157 37 skrifters
1542 1413 85 35 utgi-

895 1463 110 29 vande
1034 1463 58 29 må
1117 1463 73 29 icke
1218 1462 190 38 meddelas;
1434 1463 194 36 Konungen

895 1513 88 30 dock
1006 1513 156 36 obetaget
1183 1516 49 28 att
1256 1513 133 30 sådana
1411 1513 51 30 till
1482 1513 145 30 allmän-

894 1573 46 20 na
959 1564 246 36 inrättningars
1226 1563 188 31 understöd
1432 1564 106 30 redan
1557 1564 70 37 för-

895 1614 93 30 länta
1019 1614 193 37 privilegier
1242 1614 137 38 förnya,
1413 1615 93 37 varje
1537 1614 91 37 gång

895 1664 46 37 på
958 1665 99 36 högst
1080 1665 96 38 tjugu
1196 1665 47 30 år.

938 2318 65 29 5:0.
1041 2317 196 36 Privilegier
1256 2316 19 31 å
1293 2318 219 36 boktryckeri
1529 2318 97 29 skola

894 2367 30 38 ej
949 2368 184 35 erfordras,
1157 2371 83 26 utan
1265 2367 121 31 stånde
1410 2378 61 20 var
1493 2369 65 29 och
1584 2377 42 21 en

894 2418 73 29 fritt
996 2421 48 27 att
1073 2421 84 27 utan
1187 2418 124 30 hinder
1340 2428 43 20 av
1412 2418 114 36 någon
1555 2420 70 28 sär-

894 2468 89 29 skild
1001 2464 219 39 författning,
1246 2468 194 36 privilegier
1462 2469 80 30 eller
1567 2468 58 31 nå-

893 2521 55 32 got
974 2519 429 36 boktryckerireglemente
1429 2523 88 27 samt
1541 2523 85 27 utan
