1936 2852
572 196 316 32 Bankoutskottets
909 196 187 31 utlåtande
1115 196 51 32 Nr
1192 197 51 30 10.
1594 200 7 28 1

828 409 57 40 Nr
915 409 60 41 10.

644 516 113 24 Ankom
776 518 42 23 till
840 516 160 32 riksdagens
1021 518 88 24 kansli
1130 518 53 24 den
1206 519 29 23 17
1257 519 120 24 februari
1398 520 65 23 1925
1484 519 36 24 kl.
1542 522 9 21 1
1574 527 22 16 e.
1617 527 35 16 m.

263 607 199 37 Utlåtande,
486 609 13 30 i
521 608 190 36 anledning
745 618 44 21 av
824 608 129 37 Kungl.
989 608 128 38 Maj:ts:
1138 611 221 35 proposition
1382 610 178 37 angående
1583 611 69 35 för-

456 660 148 36 höjning
627 660 57 35 för
706 660 40 31 år
764 661 81 30 1923
863 670 44 21 av
923 660 37 31 åt
976 662 94 30 vissa
1086 661 23 36 f.
1131 663 32 29 d.
1181 662 472 36 poststationsföreståndare

457 711 64 32 och
544 711 285 32 lantbrevbärare
852 712 173 37 utgående
1048 714 198 31 understöd.

193 807 17 30 I
245 816 40 21 en
320 806 54 31 till
409 806 179 36 riksdagen
622 807 148 36 avlåten,
794 807 62 31 den
882 807 40 31 30
946 808 138 36 januari
1109 809 83 31 1925
1217 809 208 36 dagtecknad
1448 810 206 35 proposition

151 869 42 21 nr
217 860 52 35 24,
292 869 72 20 som
377 858 175 31 hänvisats
568 859 55 30 till
640 858 293 33 bankoutskottets
950 860 240 32 förberedande
1207 860 218 38 behandling,
1442 861 63 31 har
1522 862 130 35 Kungl.

149 911 108 36 Maj:t,
292 910 109 31 under
433 910 210 36 åberopande
676 921 45 20 av
755 912 250 35 propositionen
1040 912 109 37 bilagt
1172 912 124 36 utdrag
1318 923 44 20 av
1385 913 269 36 statsrådsproto-

148 962 104 32 kollet
274 964 79 29 över
376 962 463 32 kommunikationsärenden
862 963 53 30 för
938 973 129 21 samma
1086 964 76 37 dag,
1179 965 175 36 föreslagit
1370 965 180 36 riksdagen
1565 966 89 31 med-

149 1015 90 37 giva,
274 1016 50 29 att
358 1014 53 31 till
446 1013 124 32 sådana
604 1015 23 30 f.
652 1014 31 32 d.
718 1015 446 36 poststationsföreståndare
1188 1017 62 31 och
1274 1017 285 37 lantbrevbärare,
1583 1027 71 22 som

148 1067 167 31 frånträtt
337 1066 74 31 sina
434 1066 232 37 befattningar
688 1067 70 31 före
783 1067 84 31 1918
890 1068 56 30 års
969 1068 129 36 ingång
1122 1069 61 30 och
1208 1069 97 31 vilka
1322 1069 134 37 åtnjuta
1472 1070 181 31 understöd

148 1120 53 31 för
235 1120 53 31 sin
322 1118 210 32 återstående
559 1119 118 32 livstid
701 1129 44 21 av
768 1119 56 32 det
847 1121 20 30 å
888 1120 207 36 postverkets
1118 1122 68 30 stat
1209 1121 54 31 för
1286 1121 264 32 driftkostnader
1573 1132 81 27 upp-

148 1174 104 34 tagna
286 1171 299 36 förslagsanslaget
619 1171 55 31 till
709 1172 170 31 livräntor
912 1172 62 31 och
1009 1172 192 37 understöd,
1230 1175 56 29 må
1310 1174 106 31 under
1438 1175 40 30 år
1503 1175 82 31 1925
1608 1184 46 21 av

147 1223 184 37 postmedel
355 1223 163 32 utbetalas
541 1223 201 37 förhöjning
767 1223 75 32 med
866 1224 40 31 40
923 1226 137 34 procent
1075 1235 43 21 av
1132 1225 250 32 vederbörande
1394 1226 260 32 tillkommande

148 1275 192 32 understöd.

191 1328 18 32 I
243 1328 98 36 fråga
375 1338 54 21 om
452 1328 63 32 den
539 1328 12 31 i
574 1329 136 31 ärendet
734 1329 156 31 lämnade
914 1330 227 36 utredningen
1166 1330 54 31 får
1243 1331 163 31 utskottet
1429 1331 145 31 hänvisa
1597 1331 55 31 till

147 1380 185 36 åberopade
355 1380 371 36 statsrådsprotokollet.
1528 1383 2 3 |

191 1467 173 32 Utskottet
398 1467 64 30 vill
496 1467 122 36 erinra,
652 1468 51 30 att
727 1467 179 37 riksdagen
929 1468 108 32 under
1059 1470 82 30 åren
1165 1469 214 31 1919—1922
1404 1469 174 37 medgivit,
1602 1472 50 29 att

148 1519 200 37 förhöjning
382 1519 91 37 finge
507 1520 83 36 utgå
624 1520 20 30 å
668 1520 262 36 ifrågavarande
953 1521 192 37 understöd,
1169 1521 54 31 för
1244 1523 40 30 år
1308 1522 83 31 1919
1416 1522 75 31 med
1515 1522 40 31 35
1580 1532 72 26 pro-

148 1573 76 29 cent
257 1573 89 29 samt
379 1571 54 31 för
467 1573 77 30 vart
577 1571 62 31 och
663 1573 47 30 ett
733 1582 43 21 av
800 1573 80 30 åren
905 1573 215 31 1920—1922
1145 1574 77 31 med
1247 1574 40 31 50
1311 1577 137 33 procent
1471 1585 44 21 av
1539 1574 114 32 veder-

148 1623 148 32 börande
329 1623 328 37 understödsbelopp.
703 1624 17 31 I
754 1624 218 33 betraktande
1006 1636 44 21 av
1085 1626 64 31 den
1184 1626 158 32 inträdda
1370 1627 215 37 sänkningen
1607 1637 45 21 av

148 1675 366 32 levnadskostnaderna
547 1676 61 31 och
643 1676 76 32 med
752 1677 135 37 hänsyn
921 1678 55 30 till
999 1678 64 31 den
1086 1678 113 32 starka
1224 1678 223 33 reduktionen
1470 1689 43 22 av
1536 1679 39 32 de
1598 1679 55 31 till

147 1729 126 30 statens
304 1727 338 37 befattningshavare
670 1729 168 36 utgående
860 1729 310 38 dyrtidstilläggen,
1195 1731 107 33 beslöt
1325 1731 180 37 riksdagen
1528 1733 49 30 att
1600 1732 53 31 för

147 1782 38 30 år
216 1779 83 33 1928
323 1780 154 32 nedsätta
500 1780 244 37 förhöjningen
768 1781 55 32 till
847 1782 40 31 40
912 1784 146 34 procent.
1104 1783 214 37 Förhöjning
1340 1783 77 32 med
1440 1783 213 32 sistnämnda

148 1832 185 38 procenttal
356 1832 161 36 medgavs
539 1835 88 29 även
650 1833 54 31 för
727 1834 38 30 år
789 1834 94 32 1924.
930 1834 130 37 Kungl.
1084 1835 115 37 Maj:ts
1215 1836 224 32 förevarande
1454 1836 126 36 förslag
1596 1845 57 22 av-

147 1894 62 27 ser,
233 1885 51 31 att
306 1884 241 37 förhöjningen
569 1885 53 32 för
645 1885 38 31 år
706 1885 85 32 1925
815 1886 108 31 skulle
947 1887 186 32 bibehållas
1156 1887 60 32 vid
1240 1898 130 22 samma
1393 1889 134 31 storlek.

191 1936 118 33 Under
346 1936 250 33 framhållande
628 1939 51 30 att
717 1938 259 37 ifrågavarande
1018 1940 197 38 förhöjning
1241 1941 73 32 icke
1346 1944 41 28 är
1410 1942 52 30 att
1482 1941 71 32 helt
1568 1941 84 37 jäm-

148 1990 100 31 ställa
282 1989 76 32 med
392 1989 257 38 dyrtidstillägg
677 1991 13 30 i
713 1991 147 36 egentlig
894 1992 150 37 mening,
1080 1993 54 31 får
1169 1994 163 31 utskottet
1355 1994 174 36 tillstyrka
1551 1993 100 32 bifall

148 2041 55 32 till
226 2041 130 37 Kungl.
382 2041 114 37 Maj:ts
520 2042 134 37 förslag.
702 2043 173 32 Utskottet
897 2045 196 32 hemställer
1116 2046 111 37 alltså,

589 2140 52 30 att
674 2139 131 37 Kungl.
841 2140 116 36 Maj:ts
992 2141 259 37 ifrågavarande
1285 2143 205 36 proposition
1524 2144 56 30 må
1607 2153 43 21 av

547 2191 180 37 riksdagen
750 2192 146 32 bifallas.

192 2277 195 32 Stockholm
411 2278 64 31 den
500 2278 39 32 17
564 2278 148 32 februari
738 2280 93 31 1925.

633 2367 49 30 På
707 2367 290 32 bankoutskottets
1020 2371 146 34 vägnar:

687 2454 170 32 BERNH.
881 2455 240 32 ERIKSSON.

151 2550 108 31 Bihang
275 2551 40 24 till
331 2551 165 31 riksdagens
511 2551 144 32 protokoll
671 2552 76 25 1925.
786 2554 15 23 8
820 2554 80 23 saml.
938 2555 15 22 9
975 2555 68 30 häft.
1082 2551 51 32 (Nr
1155 2553 52 29 10.)
1602 2555 11 23 1

1709 1473 132 25 Utskottet.
