1854 2792
268 163 19 30 2
668 165 387 30 Jordbruksutskottets
1080 166 178 30 utlåtande
1281 176 43 20 nr
1347 167 29 29 5.

271 247 178 30 överföras
476 247 53 30 till
556 249 131 29 statens
711 249 186 29 domäners
922 249 84 30 fond
1034 249 115 30 såsom
1174 249 146 40 tillgång
1346 250 11 30 i
1382 250 115 30 denna
1523 251 96 30 fond.
1647 251 11 30 I
1685 251 87 30 skri-

270 296 92 30 velse
380 297 66 30 den
467 298 36 28 11
525 297 80 40 juni
626 298 92 35 1919,
738 308 42 20 nr
800 298 74 35 323,
892 299 97 30 biföll
1009 299 186 39 riksdagen
1216 300 95 30 detta
1329 300 140 40 förslag.

315 346 75 30 Den
411 348 38 29 19
467 347 77 37 juni
567 348 78 29 1919
663 348 197 31 förklarade
879 349 121 37 Kungl.
1019 349 103 37 Maj:t
1139 367 41 4 —
1197 359 74 21 som
1288 351 107 29 redan
1414 351 65 30 den
1497 351 19 29 9
1534 351 137 36 januari
1694 352 78 29 1919

270 396 168 31 anbefallt
455 398 301 40 domänstyrelsen
775 402 49 28 att
841 399 180 30 inkomma
1040 400 80 30 med
1137 401 187 39 utredning
1341 410 56 21 om
1416 402 56 30 det
1490 401 125 41 belopp
1634 412 41 20 av
1693 403 79 29 kro-

270 455 89 21 nans
380 447 199 40 fordringar
599 449 66 30 den
685 449 38 30 31
746 450 180 29 december
948 450 84 30 1919
1055 450 54 30 för
1129 451 420 39 anläggningskostnader
1570 453 54 29 för
1645 452 127 30 flottle-

270 497 62 30 der
346 497 110 39 jämte
472 498 198 31 beräknade
689 500 120 29 räntor
826 500 94 34 därå,
937 500 107 30 vilket
1061 501 116 30 kunde
1195 502 125 29 väntas
1337 502 78 30 med
1433 503 162 29 säkerhet
1614 502 90 31 bliva
1720 503 52 29 in-

269 546 130 32 betalat
417 565 44 3 —
482 550 51 29 att
553 549 155 30 kronans
728 550 189 30 kostnader
937 551 54 30 för
1013 551 206 39 nybyggnad
1240 552 65 30 och
1327 552 182 31 underhåll
1534 562 42 21 av
1596 553 175 30 flottleder

271 598 112 31 skulle
404 599 78 30 från
501 600 65 29 och
584 601 78 30 med
680 600 38 30 år
739 601 83 30 1920
840 601 170 31 bestridas
1027 611 44 21 av
1091 602 93 30 inom
1201 602 261 31 domänfonden
1483 604 142 30 särskilt
1642 604 55 30 för
1717 603 51 39 sig

269 647 172 31 bokförda
464 649 113 30 medel
602 649 338 41 (flottledsfonden).

314 697 74 30 Den
413 698 38 30 13
473 699 89 39 april
586 700 82 29 1922
690 700 179 31 föreskrev
889 701 125 40 Kungl.
1039 702 104 40 Maj:t
1164 703 73 30 dels
1259 706 50 28 att
1332 704 288 31 flottledsfonden
1642 705 55 30 vid
1719 706 53 28 ut-

270 747 134 39 gången
420 758 41 20 av
478 749 38 29 år
536 749 83 30 1919
637 750 110 31 skulle
764 751 192 31 fastställas
972 753 53 29 till
1043 755 47 28 ett
1107 753 122 41 belopp
1247 764 41 20 av
1308 755 18 29 2
1342 754 61 30 794
1417 755 62 29 915
1497 756 131 29 kronor
1645 755 39 30 33
1702 756 70 33 öre,

270 797 74 30 dels
373 800 49 28 att
448 799 55 29 för
529 800 41 30 de
598 800 155 31 kronans
780 802 159 30 enskilda
964 803 187 35 flottleder,
1179 804 112 31 vilkas
1318 805 129 30 värden
1473 806 140 39 inginge
1639 806 11 29 i
1676 806 97 29 flott-

268 846 217 37 ledsfonden,
508 850 113 30 skulle
639 860 42 21 av
699 851 299 40 domänstyrelsen
1018 853 193 31 fastställas
1232 855 355 40 amorteringsplaner
1606 856 64 30 och
1689 856 83 39 utgå

269 899 392 40 amorteringsavgifter.

316 948 201 31 Sedermera
532 950 64 30 har
610 951 10 29 i
638 951 188 40 anledning
842 962 42 21 av
898 953 301 41 framställningar
1215 957 11 29 i
1241 956 118 31 ämnet
1375 957 79 30 från
1469 958 302 39 domänstyrélsen

268 997 59 31 vid
346 1000 45 28 ett
409 999 115 30 flertal
542 1000 160 31 tillfällen
723 1003 108 29 under
852 1003 81 31 åren
953 1004 203 31 1923—1948
1173 1006 182 38 medgivits
1373 1007 225 39 avskrivning
1617 1018 41 20 av
1679 1008 92 30 ford-

268 1048 129 40 ringar,
419 1059 74 20 som
514 1051 111 39 ingått
647 1052 11 29 i
679 1052 298 32 flottledsfonden.
1000 1054 13 29 I
1036 1055 148 37 enlighet
1204 1057 77 29 med
1303 1057 40 30 de
1365 1058 201 30 uttalanden
1587 1059 10 29 i
1619 1059 153 29 avskriv-

267 1098 236 39 ningsfrågan,
526 1110 75 20 som
621 1102 137 39 gjordes
777 1113 42 20 av
840 1104 82 31 1919
944 1105 56 30 års
1020 1105 151 40 riksdag,
1189 1107 64 30 har
1274 1108 122 30 därvid
1415 1108 126 39 Kungl.
1562 1109 104 39 Maj:t
1685 1111 86 28 utan

267 1149 206 40 riksdagens
491 1151 156 31 hörande
666 1154 173 30 meddelat
857 1154 112 31 beslut
989 1164 57 21 om
1067 1157 225 40 avskrivning
1312 1158 102 30 såvitt
1434 1159 108 39 angår
1562 1160 208 39 fordringar,

269 1200 203 39 uppkomna
498 1201 76 31 före
599 1202 307 33 flottledsfondens
932 1206 209 31 inrättande.
1168 1207 13 30 I
1207 1207 99 40 fråga
1332 1218 56 21 om
1415 1209 132 31 sådana
1572 1210 198 39 fordringar

268 1249 169 36 däremot,
478 1260 75 21 som
592 1254 157 39 uppstått
787 1255 88 30 efter
916 1257 104 38 sagda
1050 1257 165 40 tidpunkt
1242 1259 65 29 och
1336 1259 147 30 sålunda
1512 1260 76 32 icke
1616 1261 154 39 uttryck-

268 1299 91 39 ligen
387 1301 167 31 omfattas
580 1312 42 20 av
646 1304 153 30 nämnda
827 1305 353 40 riksdagsuttalande,
1205 1309 65 29 har
1296 1309 124 39 Kungl.
1448 1310 105 39 Maj:t
1580 1311 108 29 innan
1714 1321 57 20 av-

268 1349 316 41 skrivningsbeslut
603 1354 191 30 meddelats
815 1355 167 31 inhämtat
1001 1357 224 37 medgivande
1245 1359 115 30 därtill
1380 1369 41 20 av
1440 1360 186 38 riksdagen
1645 1361 10 29 i
1674 1361 95 37 varje

269 1401 142 30 särskilt
428 1401 73 31 fall.
520 1403 197 40 Riksdagen
734 1405 65 30 har
816 1406 175 40 nämligen
1009 1425 45 3 —
1072 1409 105 29 sedan
1195 1409 127 39 Kungl.
1343 1410 103 39 Maj:t
1464 1411 11 29 i
1494 1412 216 39 proposition
1728 1421 42 19 nr

267 1452 42 30 28
331 1453 52 30 till
408 1454 82 30 1932
516 1455 57 30 års
595 1456 141 39 riksdag
757 1457 178 30 hemställt
959 1467 56 21 om
1039 1459 226 38 medgivande
1289 1460 55 29 för
1365 1461 125 39 Kungl.
1514 1462 106 39 Maj:t
1643 1464 48 28 att
1715 1462 55 30 be-

268 1503 92 30 sluta
380 1513 54 20 om
456 1505 226 40 avskrivning
699 1506 132 39 jämväl
853 1508 10 29 i
883 1509 168 29 avseende
1074 1509 19 29 å
1113 1509 199 40 fordringar
1333 1520 41 20 av
1396 1511 219 31 sistnämnda
1637 1513 71 38 slag
1726 1530 44 4 —

267 1553 11 28 i
297 1553 164 31 skrivelse
480 1555 66 29 den
564 1555 19 29 2
603 1565 91 20 mars
715 1557 88 34 1932,
822 1566 40 20 nr
880 1558 49 34 64,
948 1558 170 30 förklarat
1136 1559 50 38 sig
1202 1560 75 30 icke
1295 1560 84 37 vilja
1398 1561 54 29 för
1471 1561 187 31 framtiden
1677 1562 93 30 från-

267 1604 117 31 hända
407 1606 50 39 sig
479 1606 320 32 beslutanderätten
822 1609 10 29 i
856 1608 96 40 fråga
975 1618 55 21 om
1055 1610 226 40 avskrivning
1304 1621 41 20 av
1367 1611 210 41 fordringar,
1603 1622 72 21 som
1698 1613 68 31 till-

266 1654 179 38 godoförts
465 1655 289 32 flottledsfonden
774 1658 89 29 efter
882 1659 77 29 dess
981 1659 246 41 uppläggning.

312 1731 13 29 I
345 1732 164 30 skrivelse
527 1734 68 29 den
613 1733 40 30 25
672 1734 144 30 oktober
837 1734 81 30 1948
936 1736 64 30 har
1018 1737 301 39 domänstyrelsen
1338 1739 178 30 hemställt
1535 1749 57 21 om
1612 1741 153 29 avskriv-

265 1782 86 39 ning
370 1792 41 20 av
429 1785 47 27 ett
496 1784 11 28 i
527 1783 289 31 flottledsfonden
835 1785 168 39 ingående
1024 1787 124 40 belopp
1167 1797 41 20 av
1228 1788 38 29 31
1284 1788 63 30 090
1367 1790 130 29 kronor
1519 1790 38 29 71
1580 1792 69 33 öre,
1669 1800 95 21 avse-

266 1833 86 28 ende
372 1833 150 30 kostnad
543 1834 55 29 för
618 1834 214 40 anläggande
852 1845 42 21 av
913 1837 130 29 allmän
1065 1837 134 30 flottled
1219 1839 79 29 med
1319 1840 114 29 därtill
1454 1840 157 31 hörande
1632 1842 133 29 damm-

264 1882 199 40 byggnader
485 1884 9 29 i
517 1885 81 28 övre
620 1884 98 30 delen
741 1895 42 20 av
806 1886 99 30 Stora
926 1887 165 38 Härjeån.
1116 1887 255 33 Statskontoret
1393 1890 63 30 har
1479 1891 11 29 i
1512 1892 161 38 yttrande
1696 1893 67 29 den

267 1932 40 29 12
330 1933 185 30 november
540 1933 83 30 1948
647 1934 181 35 förklarat,
852 1938 49 28 att
926 1936 85 31 intet
1037 1939 116 37 syntes
1176 1947 81 21 vara
1281 1940 51 29 att
1356 1939 115 31 erinra
1494 1942 74 28 mot
1591 1941 97 30 bifall
1711 1941 53 30 till

264 1982 323 40 domänstyrelsens
607 1983 269 41 framställning.

308 2033 393 41 Departementschefen
726 2036 64 29 har
813 2036 11 29 i
849 2037 141 30 ärendet
1014 2038 118 29 anfört
1156 2038 167 39 följande.

311 2083 256 41 >Avskrivning
594 2094 42 21 av
661 2085 265 39 ifrågavarande
952 2087 136 41 belopp,
1116 2088 117 30 31090
1260 2090 130 30 kronor
1418 2091 36 29 71
1484 2093 69 33 öre,
1580 2093 144 30 innebär
1751 2093 11 29 i

264 2134 66 29 och
352 2134 55 30 för
430 2135 51 38 sig
504 2136 124 29 endast
650 2145 42 20 en
714 2137 122 38 åtgärd
860 2147 41 20 av
922 2138 348 40 bokföringsteknisk
1294 2142 114 29 natur.
1432 2141 67 30 Till
1523 2143 91 39 följd
1638 2153 41 21 av
1702 2145 59 29 det

264 2185 93 29 avtal
385 2185 128 30 mellan
542 2186 301 39 domänstyrelsen
871 2188 64 30 och
963 2189 240 31 Dalelfvarnes
1231 2191 358 41 flottningsförening,
1619 2194 55 29 för
1701 2195 62 29 vil-

264 2235 59 29 ket
345 2244 83 30 nyss
450 2236 206 39 redogjorts,
678 2237 63 30 har
763 2239 191 30 emellertid
977 2249 43 21 en
1044 2240 108 30 sådan
1174 2242 225 40 avskrivning
1421 2244 87 29 även
1530 2244 67 29 den
1621 2244 140 34 verkan,

264 2286 50 29 att
335 2286 220 31 underhållet
576 2296 43 21 av
637 2288 66 29 den
724 2297 67 30 nya
812 2289 182 30 flottleden
1013 2290 11 29 i
1045 2291 67 29 den
1133 2292 78 29 övre
1232 2293 101 29 delen
1354 2303 41 20 av
1416 2294 99 30 Stora
1536 2294 154 40 Härjeån
1710 2304 52 21 re-

263 2335 70 29 dan
354 2336 79 29 från
453 2337 127 39 början
601 2338 176 39 övertages
799 2348 42 21 av
861 2339 334 33 flottledsdistriktet
1216 2342 30 29 II
1267 2344 10 29 i
1299 2342 273 33 Österdalälven.
1594 2346 52 30 Då
1666 2346 94 30 detta

262 2386 112 30 måste
399 2396 101 21 anses
523 2397 84 21 vara
631 2388 52 30 till
707 2389 112 30 fördel
843 2390 55 29 för
922 2391 259 36 domänverket,
1206 2393 193 40 tillstyrker
1423 2395 59 39 jag
1507 2392 253 48 domänstyrel-

263 2445 80 21 sens
370 2437 270 40 framställning.
668 2438 148 31 Ärendet
842 2441 97 30 torde
966 2442 192 30 emellertid
1184 2443 84 32 böra
1294 2446 234 30 underställas
1555 2447 204 39 riksdagens

261 2488 201 39 prövning.»
