2212 2662
698 197 358 43 Bevillningsutskottets
1081 200 170 34 Memorial
1274 200 68 34 N:o
1365 204 53 31 32.
1794 206 21 32 3

1006 313 97 50 258

608 399 13 34 i
643 398 272 47 förordningen
943 413 54 24 om
1028 402 227 47 beskattning
1283 403 48 44 af
1354 405 140 36 socker:

388 483 31 34 1.
477 482 312 39 Ofverinseendet
830 486 106 37 öfver
977 487 213 38 kontrollen
1231 489 63 36 vid
1330 491 438 50 sockerbeskattningen,
1797 494 58 36 för

254 532 123 37 såvidt
405 534 121 37 denna
553 536 164 36 kontroll
745 536 80 38 icke
854 539 219 37 ankommer
1100 542 49 46 på
1177 541 212 48 tullverket,
1415 544 150 36 utöfvas
1599 545 42 35 af
1674 544 180 37 kontroll-

254 584 70 36 och
347 584 410 53 justeringsstyrelsen.

382 639 33 34 2.
470 639 132 49 Enligt
645 639 45 38 de
733 645 171 33 närmare
946 642 248 49 föreskrifter,
1238 657 80 24 som
1361 646 208 37 innehållas
1610 648 12 36 i
1652 648 201 50 ordnings-

253 688 173 49 stadgan,
456 692 151 36 utöfvas
637 691 72 37 den
737 692 12 36 i
780 695 18 33 1
829 706 111 24 mom.
972 694 156 38 afsedda
1155 696 213 38 kontrollen
1396 698 42 36 af
1453 699 118 37 förste
1590 695 261 58 kontrollörer,

251 740 249 39 kontrollörer
529 744 70 36 och
627 744 319 49 tillsyningsmän.

380 795 33 35 3.
469 795 132 38 Förste
651 796 250 38 kontrollörer
951 799 198 37 förordnas
1201 801 41 35 af
1283 801 181 36 kontroll-
1511 803 69 37 och
1621 803 230 51 justerings-

251 845 184 48 styrelsen
464 847 69 36 och
561 848 250 37 kontrollörer
838 854 103 33 utses
971 851 41 36 af
1035 850 141 50 Kungl.
1207 852 127 49 Maj:ts
1362 853 431 50 befallningshafvande.

379 899 33 35 4.
468 899 244 48 Dagarfvode
755 904 113 45 utgår
909 902 43 36 af
982 903 217 37 statsmedel
1229 904 119 37 under
1375 904 245 49 tjänstetiden
1649 908 56 36 till
1733 909 117 38 förste

249 949 209 38 kontrollör
499 952 85 36 med
625 952 74 36 tolf
736 952 70 36 och
847 953 56 36 till
945 968 124 22 annan
1109 955 209 37 kontrollör
1359 957 83 36 med
1480 971 65 24 sex
1573 959 152 48 kronor,
1755 961 95 37 dock

249 1005 65 42 att,
359 1001 66 37 där
466 1003 115 37 förste
623 1003 208 37 kontrollör
873 1006 98 36 varit
1012 1006 165 38 inkallad
1219 1008 56 36 till
1312 1008 261 51 tjänstgöring
1600 1025 80 23 mer
1707 1017 48 31 än
1784 1027 65 23 sex

248 1053 178 37 månader
467 1067 61 23 om
570 1058 90 44 året,
690 1056 172 38 arfvodet
890 1057 59 37 för
977 1059 310 49 öfverskjutande
1314 1060 196 48 tjänstetid
1537 1063 228 38 bestämmes
1793 1066 55 36 till

248 1106 78 34 åtta
367 1105 139 38 kronor
552 1120 60 23 om
655 1107 138 49 dagen;
842 1109 70 36 och
953 1110 159 37 erhåller
1153 1112 118 37 förste
1312 1112 208 38 kontrollör
1553 1115 204 49 dessutom,
1787 1130 61 23 om

247 1169 84 24 resa
380 1158 263 49 förekommer,
694 1161 299 49 reseersättning
1038 1163 84 37 med
1171 1165 45 35 15
1263 1165 140 36 kronor
1448 1166 59 35 för
1552 1167 132 49 hvarje
1730 1171 117 47 gång,

247 1208 74 36 han
371 1209 164 39 inträder
579 1212 12 35 i
637 1211 260 50 tjänstgöring
947 1215 88 36 eller
1063 1215 85 37 från
1176 1229 46 23 en
1255 1216 56 36 till
1340 1230 123 23 annan
1491 1218 123 37 fabrik
1642 1216 203 57 förflyttas.

249 1260 212 39 Förordnas
495 1263 116 37 förste
644 1264 208 36 kontrollör
885 1270 54 31 att
966 1266 203 37 verkställa
1197 1268 232 49 förrättning
1456 1271 117 36 under
1600 1271 68 48 tid,
1698 1272 47 36 då
1772 1273 75 36 han

248 1311 33 48 ej
325 1317 40 31 är
405 1314 165 37 inkallad
609 1315 57 36 till
704 1315 271 50 tjänstgöring,
1005 1318 160 37 erhåller
1192 1319 76 37 han
1297 1320 78 36 dels
1403 1320 233 49 dagarfvode
1665 1324 84 36 med
1777 1325 73 36 tolf

248 1363 138 37 kronor
415 1365 78 37 dels
523 1366 69 36 ock
621 1368 298 48 reseersättning
946 1369 119 48 enligt
1094 1370 120 48 fjärde
1242 1371 147 38 klassen
1416 1373 12 35 i
1448 1374 174 47 gällande
1641 1377 204 48 reseregle-

247 1421 132 32 mente.

376 1470 32 35 5.
464 1463 54 42 Är
555 1470 125 37 fabrik
708 1470 160 49 belägen
896 1477 104 32 utom
1030 1474 94 47 stad,
1153 1474 148 49 köping
1329 1476 88 37 eller
1446 1477 397 51 municipalsamhälle,

245 1532 88 24 vare
374 1520 240 39 tillverkaren
655 1522 140 49 pliktig
831 1529 54 31 att
912 1527 49 45 på
989 1526 187 36 anmodan
1204 1528 42 35 af
1271 1527 141 49 Kungl.
1443 1528 126 49 Maj:ts
1596 1530 248 50 befallnings-

244 1571 188 38 hafvande
474 1576 37 33 åt
551 1575 143 35 enhvar
736 1575 41 36 af
814 1575 71 37 den
914 1576 63 37 vid
1006 1577 172 37 fabriken
1207 1580 184 36 anställda
1419 1580 340 51 kontrollpersonal
1788 1584 56 36 till

243 1623 78 47 pris
366 1625 41 35 af
444 1639 46 23 en
531 1625 118 38 krona
691 1640 60 23 om
793 1627 124 49 dagen
958 1629 155 49 upplåta
1153 1635 54 32 ett
1248 1631 136 48 eldadt,
1429 1633 148 37 städadt
1619 1640 99 30 samt
1759 1636 84 36 med

242 1676 142 48 nödiga
425 1677 142 37 möbler
608 1678 70 36 och
716 1679 227 48 sängkläder
971 1681 144 36 försedt
1142 1681 262 50 boningsrum,
1432 1684 151 48 beläget
1610 1685 12 36 i
1651 1686 192 38 fabrikens

242 1728 142 36 närhet.
442 1728 155 37 Oafsedt
637 1730 192 36 fabrikens
871 1731 226 48 belägenhet
1137 1747 88 23 vare
1254 1735 213 37 tillverkare
1496 1737 69 35 ock
1594 1737 155 49 skyldig
1776 1744 66 41 att,

241 1780 49 45 på
331 1780 183 36 anmodan
557 1782 41 34 af
636 1781 138 48 Kungl.
818 1781 127 49 Maj:ts
987 1783 431 50 befallningshafvande,
1449 1791 37 31 åt
1514 1788 142 36 enhvar
1685 1790 42 35 af
1750 1790 92 36 kon-

242 1830 320 49 trollpersonalen,
614 1845 80 23 som
742 1833 134 36 sådant
922 1835 150 47 önskar,
1119 1837 174 36 anskaffa
1338 1838 158 49 lämplig
1540 1839 87 37 kost
1673 1846 78 31 mot
1796 1855 46 23 en

240 1882 216 49 ersättning
500 1884 42 35 af
584 1898 45 22 en
675 1884 119 36 krona
840 1898 60 23 om
947 1886 134 48 dagen.
1147 1888 54 36 De
1243 1889 12 35 i
1289 1889 102 36 detta
1435 1903 110 24 mom.
1594 1893 248 37 omförmälda

240 1934 371 50 ersättningsbelopp
653 1936 179 49 afdragas
860 1938 84 35 från
974 1938 62 37 det
1063 1939 282 38 vederbörande
1373 1942 284 39 tillkommande
1686 1945 155 37 arfvode

239 1985 70 35 och
337 1986 302 38 tillhandahållas
669 1988 241 38 tillverkaren
934 2003 138 35 genom
1096 1991 142 49 Kungl.
1260 1992 127 49 Maj:ts
1407 1993 431 50 befallningshafvande.

372 2040 31 34 6.
461 2039 56 36 Då
559 2040 127 36 arbete
715 2040 12 35 i
756 2040 258 38 sockerfabrik
1054 2043 32 48 ej
1130 2049 121 43 pågår
1293 2045 69 35 och
1404 2046 65 35 allt
1498 2047 131 37 socker
1658 2048 180 48 inlagts
1814 2035 25 65 i

238 2089 173 47 magasin
453 2090 118 37 under
612 2091 166 37 kronans
820 2092 68 47 lås,
932 2093 106 36 skola
1080 2095 117 36 förste
1238 2096 208 36 kontrollör
1487 2098 69 35 ock
1590 2099 250 37 kontrollörer

238 2140 199 37 återkallas
467 2142 69 35 och
565 2142 178 49 tillsynen
771 2143 63 36 vid
860 2145 214 46 magasinet
1093 2146 253 37 öfverlämnas
1368 2153 37 30 åt
1425 2162 45 22 en
1491 2149 40 35 af
1547 2149 142 48 Kungl.
1711 2150 127 48 Maj:ts

236 2191 419 48 befallningshafvande
685 2194 132 36 utsedd
839 2195 322 49 tillsyningsman,
1182 2198 154 37 hvilken
1355 2199 12 35 i
1387 2200 154 37 arfvode
1562 2201 40 35 af
1619 2202 218 37 statsmedel

236 2243 159 37 erhåller
435 2244 51 36 tio
515 2244 139 36 kronor
683 2245 59 36 för
769 2246 131 48 hvarje
929 2247 87 48 dag,
1046 2248 95 37 hans
1170 2249 241 38 verksamhet
1439 2251 63 36 vid
1531 2253 214 47 magasinet
1772 2256 65 46 på-

236 2294 147 37 kallats.
441 2295 172 37 Påkallas
644 2297 405 49 tillsyningsmannens
1080 2301 134 48 åtgärd
1244 2302 119 36 under
1391 2302 349 50 tillverkningsåret
1760 2318 78 24 mer

236 2352 48 31 än
327 2347 203 37 trettiofem
573 2348 186 37 särskilda
791 2349 129 49 dagar,
951 2350 96 38 skall
1076 2352 262 50 ersättningen
1368 2355 59 36 för
1455 2354 44 38 de
1528 2356 309 49 öfverskjutande

235 2399 170 48 dagarna
432 2399 132 49 gäldas
593 2401 41 35 af
659 2400 250 38 tillverkaren.
