2246 2630
437 172 39 32 16
828 167 362 43 Bevillningsutskottets
1212 165 195 32 betänkande
1432 164 51 32 Nr
1506 165 53 30 41.

1239 244 209 49 Transport
1476 242 141 36 kronor
1648 242 330 46 111,550,000:
1946 238 34 59 —

393 305 89 33 åren
526 301 251 37 1904—1907
821 298 82 37 icke
939 299 164 48 uppgått
1130 296 57 36 till
1214 296 120 48 högre
1361 295 138 49 belopp
1529 298 47 31 än
1604 293 12 36 i

394 353 179 37 medeltal
619 352 228 48 22,932,994
892 350 153 46 kronor,
1086 348 97 36 hade
1223 346 208 38 emellertid
1471 344 145 49 Kungl.

393 405 107 49 Maj:t
529 409 124 32 ansett
675 402 288 48 försiktigheten
983 401 145 46 kräfva,
1149 404 54 32 att
1222 400 122 35 denna
1361 396 256 38 inkomsttitel

394 457 33 48 ej
470 455 234 38 beräknades
731 454 58 36 till
816 455 120 47 högre
963 453 138 48 belopp
1130 457 49 31 än
1208 450 226 48 23,000,000
1463 448 153 46 kronor,

394 508 71 37 och
493 507 220 48 Riksdagen
739 506 97 36 hade
857 509 134 43 ansett,
1012 509 55 31 att
1087 504 73 36 den
1179 502 203 48 sänkning,
1403 513 82 23 som
1504 505 113 31 stats-

395 560 153 36 verkets
588 559 175 37 behållna
802 557 169 36 inkomst
999 558 21 34 å
1047 553 290 51 ifrågavarande
1365 550 253 39 inkomsttitel

395 612 119 36 under
556 614 87 33 åren
686 609 252 37 1907—1908
980 607 155 47 utvisat,
1168 606 117 37 borde
1329 603 205 47 föranleda,
1564 607 56 31 att

395 663 258 47 beräkningen
681 661 41 37 af
744 660 298 37 inkomsttitelns
1070 659 138 49 belopp
1238 658 59 36 för
1325 660 39 33 år
1386 656 98 36 1910
1503 660 118 43 ytter-

394 716 121 48 ligare
562 714 153 37 sänktes
762 712 86 37 med
894 712 164 48 500,000
1104 710 140 37 kronor
1290 709 58 36 till
1390 706 229 48 22,500,000

395 767 150 36 kronor.

526 817 279 37 Statskontoret
847 815 171 37 erinrade
1058 814 140 46 vidare,
1239 813 180 35 hurusom
1457 810 162 36 ämbets-

396 870 134 36 verket
557 870 13 35 i
599 868 199 37 skrifvelse
833 867 73 37 den
936 869 46 34 14
1012 865 196 38 december
1238 865 97 35 1909
1364 863 85 36 med
1478 861 144 46 förslag

396 922 55 36 till
480 921 375 37 statsinkomsternas
883 918 213 49 beräkning
1123 917 58 37 för
1210 919 39 33 år
1280 917 95 35 1911
1401 912 219 46 framhållit,

395 979 56 31 att
475 973 73 37 den
578 972 128 37 starka
733 971 230 48 nedgången
991 970 121 36 under
1140 972 40 33 år
1207 969 97 35 1909
1327 965 191 38 sannolikt
1537 965 86 35 här-

396 1025 110 36 rörde
548 1024 84 36 från
660 1024 44 36 de
734 1022 272 47 förhållanden,
1036 1034 82 24 som
1146 1020 108 37 stode
1281 1019 13 36 i
1322 1017 183 38 samband
1533 1015 88 37 med

396 1075 261 50 storstrejken,
687 1075 70 36 och
798 1080 130 43 syntes
971 1073 159 38 sålunda
1171 1071 134 38 endast
1332 1070 39 36 få
1398 1068 225 37 tillskrifvas

396 1133 56 32 ett
471 1127 257 49 öfvergående
747 1125 219 50 inflytande.
1003 1125 133 36 Ehuru
1155 1121 276 39 inkomsttiteln
1450 1121 13 35 i
1482 1118 140 38 medel-

396 1180 53 36 tal
476 1180 123 36 under
627 1177 299 50 treårsperioden
955 1177 252 37 1906—1908
1227 1175 146 48 utgjort
1393 1172 227 48 23,196,251

397 1232 139 36 kronor
577 1236 79 31 mot
699 1231 226 45 22,843,017
968 1230 140 35 kronor
1135 1228 13 36 i
1175 1226 175 37 medeltal
1386 1224 121 37 under
1534 1225 89 33 åren

400 1283 265 46 1904—1908,
694 1281 96 37 hade
832 1281 272 36 statskontoret
1144 1279 85 36 med
1271 1277 149 49 hänsyn
1458 1275 56 37 till
1548 1273 76 37 den

398 1341 102 30 stora
529 1334 209 46 osäkerhet,
768 1346 81 23 som
878 1333 105 36 alltid
1006 1333 99 36 visat
1128 1332 61 47 sig
1208 1329 150 37 vidlåda
1377 1329 124 36 denna
1521 1325 102 37 titels

396 1386 227 48 beräkning,
652 1385 96 37 dock
782 1385 124 35 funnit
934 1384 61 49 sig
1021 1384 94 36 böra
1142 1381 199 37 hemställa
1369 1393 60 24 om
1458 1392 47 24 en
1532 1377 91 36 ned-

398 1439 174 48 sättning
601 1437 81 36 däri
710 1437 56 36 till
794 1437 230 47 22,000,000
1053 1435 151 36 kronor.
1247 1432 88 37 Med
1364 1432 102 36 detta
1484 1430 139 47 belopp

397 1490 97 36 hade
523 1490 114 36 också
664 1488 141 48 Kungl.
835 1487 107 49 Maj:t
969 1487 159 50 uppfört
1146 1486 123 36 denna
1290 1482 205 38 skattetitel
1514 1482 13 36 i
1549 1480 76 36 för-

398 1542 124 48 slaget
563 1541 58 36 till
661 1540 156 36 riksstat
860 1540 58 35 för
945 1542 40 34 år
1015 1540 111 45 1911,
1154 1550 87 23 men
1268 1536 218 47 Riksdagen
1514 1532 109 46 hade,

398 1593 84 36 med
523 1593 150 49 hänsyn
713 1591 58 37 till
808 1591 73 36 den
909 1590 223 50 nedgående
1160 1588 209 37 tendensen
1397 1587 69 36 hos
1494 1585 130 37 titelns

398 1645 232 48 afkastning,
674 1643 125 37 funnit
829 1643 293 48 försiktigheten
1150 1640 145 47 kräfva,
1325 1644 53 31 att
1405 1641 129 46 någon
1563 1649 61 23 om

398 1697 72 36 ock
510 1696 148 36 mindre
695 1695 203 49 jämkning
934 1694 114 37 nedåt
1076 1692 154 51 gjordes
1259 1692 12 35 i
1299 1690 164 37 nämnda
1490 1688 134 38 beräk-

399 1749 107 47 ning,
536 1747 71 37 och
636 1747 128 36 därför
787 1747 156 48 uppfört
963 1743 632 47 brännvinstillverkningsskatten
1615 1738 11 35 i

401 1802 95 35 1911
529 1802 62 34 års
620 1798 153 37 riksstat
802 1798 86 36 med
916 1804 53 31 ett
997 1797 137 49 belopp
1163 1795 41 36 af
1220 1795 229 47 21,800,000
1469 1794 152 35 kronor.

528 1852 69 35 Att
627 1851 95 35 1909
752 1852 61 34 års
833 1850 180 48 nedgång
1032 1847 225 49 betingades
1282 1846 41 36 af
1338 1845 188 49 tillfälliga
1546 1857 78 23 om-

401 1903 276 48 ständigheter,
710 1907 122 44 yttrar
873 1902 272 36 statskontoret
1186 1898 161 36 därefter
1374 1898 12 35 i
1414 1897 58 36 sin
1515 1895 109 37 skrif-

399 1956 101 35 velse
538 1955 75 35 den
657 1955 45 35 14
736 1952 196 38 december
975 1953 111 46 1910,
1116 1956 129 44 syntes
1273 1950 115 36 ofvan
1416 1947 209 50 åberopade

400 2007 122 36 siffror
549 2007 61 35 för
639 2005 160 37 sistlidet
819 2005 71 36 och
908 2003 255 38 innevarande
1183 2004 41 34 år
1243 2001 115 36 hafva
1376 2001 248 44 konstaterat,

399 2072 86 23 men
527 2058 113 36 äfven
681 2071 60 22 om
782 2056 285 50 verkningarna
1108 2054 41 37 af
1174 2054 45 36 de
1247 2057 148 32 senaste
1424 2055 108 33 årens
1562 2051 63 36 de-

398 2110 172 49 pression
628 2122 154 23 numera
843 2109 125 35 kunde
1015 2120 110 23 anses
1185 2118 91 23 vara
1335 2106 48 47 på
1441 2109 78 43 väg
1573 2107 52 31 att

398 2161 182 48 minskas,
610 2164 140 44 ansåge
792 2161 273 45 statskontoret
1105 2157 114 37 likväl
1261 2169 46 24 en
1340 2153 286 50 nedsättning
1606 2149 24 64 i

400 2213 263 49 beräkningen
705 2212 41 36 af
783 2212 122 37 denna
934 2210 206 38 skattetitel
1167 2222 90 23 vara
1286 2208 40 36 af
1350 2220 154 23 vunnen
1533 2206 93 36 erfa-

1248 2269 211 49 Transport
1487 2268 141 36 kronor
1655 2268 264 47 111,550,000:
1936 2286 50 5 —
