2246 2630
431 179 38 32 18
819 177 365 43 Bevillningsutskottets
1208 176 194 33 betänkande
1424 176 53 33 Nr
1498 178 52 30 41.

1230 256 210 49 Transport
1466 255 140 37 kronor
1637 255 262 47 133,050,000:
1915 276 49 4 —

385 344 70 37 den
487 346 18 34 1
536 343 213 51 september
780 345 98 35 1906
909 343 102 37 inom
1039 342 98 38 riket
1165 342 243 38 tillverkades
1436 342 90 37 eller
1549 342 56 37 dit

385 397 180 48 infördes,
588 396 66 38 vid
682 396 170 37 sockrets
873 395 242 37 utlämnande
1134 395 58 37 till
1212 395 82 37 fritt
1311 395 98 37 bruk
1428 394 178 50 erläggas

384 461 47 24 en
472 448 102 38 skatt
616 448 85 37 med
744 450 45 35 13
820 453 64 32 öre
911 448 59 36 för
998 447 197 49 kilogram.
1250 448 74 35 För
1352 447 144 47 socker,
1525 460 81 23 som

384 500 57 37 till
481 500 98 38 riket
612 499 179 49 infördes,
821 499 121 37 skulle
969 499 187 50 därjämte
1184 499 177 50 erläggas
1390 498 68 36 tull
1486 498 121 49 enligt

388 552 196 38 tulltaxan.
642 553 96 36 1908
781 555 60 33 års
883 551 157 49 riksdag
1076 551 113 49 höjde
1229 550 206 38 emellertid
1464 550 142 37 skatte-

384 609 126 32 satsen
538 606 60 36 för
627 608 88 33 åren
745 605 250 36 1909—1911
1026 602 59 37 till
1116 604 46 35 15
1191 608 76 43 öre,
1291 603 61 36 för
1371 606 40 33 år
1433 603 96 35 1912
1548 602 59 36 till

387 657 45 35 15
451 655 38 44 !/;
518 662 64 32 öre
611 657 69 37 och
708 656 59 37 för
794 655 103 37 tiden
917 655 165 37 därefter
1100 655 58 37 till
1180 657 45 34 16
1246 660 64 31 öre
1330 655 57 36 för
1406 654 200 48 kilogram.

511 709 133 49 Enligt
672 707 232 38 verkställda
923 706 255 50 beräkningar
1196 707 180 49 utgjorde
1396 706 70 36 den
1487 706 120 48 årliga

385 759 429 39 sockerkonsumtionen
842 760 12 36 i
882 759 111 37 riket:

383 851 39 33 år
453 850 251 36 1899—1900
744 877 344 6 sonens
984 843 47 57 sr
1070 843 22 57 an
1132 845 175 38 råsocker
1374 847 136 46 97,506
1541 852 65 30 ton

395 929 21 19 +
456 901 250 37 1900—1901
744 929 344 6 unna
1217 928 21 19 +
1289 875 24 76 —
1352 900 160 46 100,999

395 980 21 20 »
457 953 252 36 1901—1902
743 982 100 5 sun
897 982 155 5 nn
1072 981 16 5 a
1214 979 21 19 >
1289 927 25 75 —
1350 952 161 45 106,004

394 1032 21 20 »
455 1005 253 36 1902—1908
745 1035 63 4 sun
826 1034 262 5 sum
1215 1031 21 18 >
1296 979 25 76 —
1353 1004 159 46 107,681
1561 1030 21 19 ,,

393 1084 22 20 >
456 1057 254 36 1908—1904
746 1086 122 6 sun
918 1086 89 5 sne
1035 1086 54 5 on
1216 1082 22 19 »
1352 1056 160 46 HO824

394 1137 21 19 9
456 1109 252 36 1904—1905
747 1137 344 7 nns
1061 1102 34 59 sn
1216 1135 20 19 ,
1351 1106 161 47 108,530
1560 1135 21 18 ,,

393 1188 21 19 >
457 1160 252 37 1905—1906
731 1137 89 74 =.
829 1190 262 5 sn
1217 1187 22 18 »
1351 1159 160 47 118494

392 1241 22 19 5
534 1214 96 35 1907
747 1242 342 6 oerrrreserssnssrsassrsnnsa
1149 1210 160 36 raffinad
1353 1211 160 46 117,525

391 1292 22 19 +
533 1266 98 35 1908
742 1294 342 6 nns
1215 1291 20 19 »
1290 1239 29 75 —
1352 1263 161 46 116,686
1560 1290 22 19 ,,

389 1317 241 47 1909
743 1346 344 6 serernnnnnnnnn
1217 1343 21 19 »
1377 1315 135 47 99,726

509 1393 85 37 Den
636 1394 125 36 starka
804 1393 229 49 nedgången
1075 1392 235 37 sistnämnda
1351 1395 39 34 år
1434 1393 106 36 torde
1568 1393 38 36 få

382 1445 224 37 tillskrifvas
632 1445 282 49 verkningarne
942 1445 41 37 af
1007 1444 262 49 storstrejken.

511 1496 157 38 Skatten
682 1497 237 37 beräknades
934 1498 12 35 i
964 1499 97 35 1909
1074 1499 59 34 års
1145 1496 154 37 riksstat
1309 1497 57 37 till
1379 1499 227 46 16,400,000

384 1551 139 36 kronor
557 1549 72 37 och
662 1556 169 43 upptogs
864 1549 86 37 med
977 1549 151 49 hänsyn
1155 1548 57 36 till
1240 1549 365 37 sockerkonsumtio-

383 1615 94 24 nens
518 1602 130 36 starka
688 1602 70 36 och
794 1600 285 49 öfvervägande
1102 1601 133 53 jämna
1261 1602 176 49 stegring
1463 1602 12 36 i
1506 1603 98 35 1910

382 1657 60 34 års
469 1654 159 36 riksstat
655 1654 85 36 med
771 1654 226 47 18,000,000
1027 1653 148 36 kronor.
1213 1655 55 34 År
1290 1655 96 35 1909
1406 1653 196 37 medförde

380 1705 225 50 visserligen
633 1718 47 24 en
708 1704 226 49 nedgång,
918 1700 19 59 i
962 1704 62 37 det
1052 1710 55 31 att
1135 1704 149 37 skatten
1305 1705 119 37 under
1443 1705 102 37 detta
1565 1708 41 34 år

381 1757 107 37 inflöt
516 1757 86 37 med
626 1757 132 37 endast
789 1758 227 47 15,045,860
1045 1756 151 48 kronor,
1225 1770 87 23 men
1332 1757 273 37 statskontoret

382 1813 116 46 ansåg
534 1810 63 48 sig
625 1810 12 35 i
666 1809 67 37 sitt
761 1808 221 37 förberörda
1009 1808 194 37 utlåtande
1231 1809 72 36 den
1334 1811 46 34 14
1409 1809 196 37 december

384 1863 109 46 1909,
536 1862 87 36 med
664 1861 149 50 hänsyn
842 1861 104 36 såväl
974 1860 56 36 till
1059 1865 56 32 att
1143 1860 71 37 den
1243 1861 55 36 till
1326 1874 113 36 synes
1467 1861 138 37 komna

382 1913 269 49 depressionen
679 1913 106 37 torde
814 1913 39 36 få
881 1912 194 37 betraktas
1103 1915 121 34 såsom
1250 1912 253 50 öfvergående
1522 1927 80 23 som

384 1965 68 37 ock
484 1965 57 36 till
570 1964 448 38 sockerkonsumtionens
1046 1964 189 37 allmänna
1263 1966 185 48 stegring,
1476 1965 129 37 kunna

382 2017 211 47 hemställa,
622 2023 54 30 att
704 2016 283 37 sockerskatten
1007 2015 11 36 i
1042 2018 96 34 1911
1160 2018 60 35 års
1239 2016 157 37 riksstat
1415 2022 189 44 upptoges

382 2069 84 37 med
494 2074 55 32 ett
577 2069 56 36 till
667 2069 225 47 19,000,000
921 2068 139 36 kronor
1088 2067 166 50 förhöjdt
1279 2068 149 50 belopp,
1451 2069 153 37 hvilken

380 2120 213 50 beräkning
634 2122 40 35 af
712 2120 120 37 HEders
861 2120 140 48 Kungl.
1032 2120 107 49 Maj:t
1167 2120 68 36 och
1265 2120 215 50 Riksdagen
1510 2122 93 49 god-

379 2173 154 37 kändes.

1226 2243 209 50 Transport
1464 2244 139 37 kronor
1635 2246 327 47 133,050,000:
1928 2239 38 58 —
