1870 2788
246 161 40 29 70
588 162 286 29 Statsutskottets
900 162 179 30 utlåtande
1105 171 42 20 nr
1173 162 38 29 11
1238 163 40 29 år
1303 163 84 30 1955

245 241 148 39 eningen
412 251 147 21 numera
578 242 117 30 anfört
713 243 64 29 har
796 242 386 39 departementschefen
1202 245 114 28 ansett
1336 244 50 39 sig
1406 244 85 30 böra
1510 246 79 37 taga
1609 244 124 39 frågan

245 295 111 29 under
371 295 142 39 förnyat
529 296 236 39 övervägande
782 296 65 29 och
863 296 119 29 funnit
1000 296 50 39 sig
1066 296 83 30 böra
1167 296 129 30 föreslå
1312 306 42 20 en
1371 297 200 40 ytterligare
1588 296 145 30 medels-

244 347 196 40 tilldelning
467 357 42 21 av
535 347 61 30 240
611 348 62 30 000
701 349 140 34 kronor,
869 358 106 21 varav
1005 349 136 29 100000
1170 349 130 30 kronor
1327 350 55 30 för
1409 350 324 39 byggnadsarbeten

244 401 65 29 och
332 400 59 30 140
406 401 63 29 000
490 401 130 30 kronor
640 402 52 29 till
715 402 211 39 utrustning.

290 480 184 30 Utskottet.
508 481 101 29 Trots
642 481 41 30 de
716 482 218 39 principiella
967 482 287 39 betänkligheter,
1288 486 48 27 ett
1368 483 99 29 bifall
1502 483 51 29 till
1587 483 146 30 riksför-

244 533 166 39 eningens
430 534 210 30 hemställan
658 535 111 29 måste
788 535 88 39 inge,
896 535 59 30 vill
975 536 169 29 utskottet
1164 536 79 29 med
1263 536 136 40 hänsyn
1419 537 51 29 till
1491 537 65 29 vad
1576 537 157 39 departe-

244 586 241 30 mentschefen
509 587 116 30 anfört
648 588 71 29 inte
743 589 166 30 motsätta
933 589 51 39 sig
1008 589 124 39 Kungl.
1157 589 125 39 Maj:ts
1305 590 140 39 förslag.

287 640 176 30 Utskottet
483 640 201 31 hemställer
705 641 111 35 alltså,

598 696 50 28 att
663 695 186 39 riksdagen
864 695 57 30 må
937 696 52 29 till
1007 695 228 40 Ombyggnad
1251 696 62 29 och
1332 697 203 39 utrustning
1548 706 44 20 av
1606 697 126 39 Spens-

552 746 95 31 hults
671 747 368 40 reumatikersjukhus
1064 749 54 30 för
1142 749 204 39 budgetåret
1373 750 140 35 1955/56
1539 750 120 30 anvisa
1684 751 47 28 ett

552 800 354 41 reservationsanslag
933 811 42 21 av
1001 801 61 30 240
1077 802 62 29 000
1167 802 140 30 kronor.

286 904 97 34 80:0)
412 904 127 37 Bidrag
565 905 53 30 till
645 906 312 30 vanföreanstalter
984 917 44 20 m.
1057 917 44 20 m.
1130 908 126 39 Kungl.
1285 909 106 39 Maj:t
1419 909 65 29 har
1519 909 129 40 (punkt
1677 909 51 34 87,

242 966 25 21 s.
289 958 190 34 240—242)
505 959 179 40 föreslagit
705 961 186 39 riksdagen
913 963 50 27 att
984 962 52 29 till
1059 962 126 39 Bidrag
1206 963 51 29 till
1280 963 316 30 vanföreanstalter
1618 973 44 20 m.
1685 973 44 19 m.

241 1010 55 30 för
317 1012 204 38 budgetåret
547 1013 138 36 1955/56
709 1014 120 30 anvisa
851 1016 48 27 ett
922 1014 274 41 förslagsanslag
1219 1025 42 20 av
1285 1016 115 29 11500
1415 1016 63 29 000
1502 1017 140 28 kronor.

285 1091 173 39 Anslaget,
489 1102 74 20 som
592 1102 97 21 avser
718 1094 41 29 de
788 1093 77 40 fyra
894 1094 364 32 vanföreanstalterna
1287 1096 11 29 i
1327 1096 212 34 Stockholm,
1570 1096 159 39 Hälsing-

240 1144 93 39 borg,
351 1145 169 40 Göteborg
537 1147 64 28 och
618 1146 218 36 Härnösand,
854 1149 38 28 är
908 1148 11 29 i
936 1148 159 39 gällande
1113 1149 145 29 riksstat
1275 1150 143 39 uppfört
1436 1151 79 28 med
1536 1150 37 29 12
1588 1150 62 29 250
1666 1149 61 30 000

239 1197 139 30 kronor.

283 1251 64 30 Det
375 1262 41 20 av
444 1252 358 41 medicinalstyrelsen
829 1254 116 30 såsom
973 1256 135 28 normal
1136 1255 205 40 beläggning
1370 1255 199 32 fastställda
1597 1256 131 30 antalet

238 1304 130 39 platser
390 1306 45 39 på
458 1315 89 30 resp.
573 1307 186 30 anstalters
783 1306 93 32 olika
899 1308 226 39 avdelningar
1150 1310 116 37 utgör:
1292 1309 152 30 kliniker
1469 1309 74 34 427,
1570 1310 158 29 skolhem

239 1357 73 35 205,
336 1358 225 39 yrkesskolor
585 1360 62 29 566
672 1361 65 28 och
761 1361 157 39 asylhem
943 1361 52 30 65.
1032 1361 171 39 Bidragen
1228 1362 51 29 till
1304 1362 162 36 kliniker,
1491 1362 235 40 polikliniker,

237 1410 158 31 skolhem
418 1412 64 29 och
503 1412 157 39 asylhem
683 1422 102 21 anses
808 1415 78 29 med
908 1414 139 41 hänsyn
1069 1415 51 29 till
1143 1414 387 41 belastningssiffrorna
1554 1417 109 28 under
1686 1417 40 28 de

238 1467 136 27 senaste
399 1466 57 29 två
480 1465 214 40 budgetåren
717 1467 84 30 böra
825 1467 170 39 uppföras
1020 1468 78 29 med
1123 1468 233 31 oförändrade
1380 1469 136 39 belopp,
1545 1469 92 30 1100
1653 1469 73 33 000,

237 1516 40 30 20
293 1517 72 35 000,
394 1518 59 29 150
469 1518 62 29 000
557 1528 88 31 resp.
671 1520 40 29 60
727 1520 62 29 000
815 1521 140 29 kronor.
993 1521 226 31 Beträffande
1244 1522 155 39 bidraget
1425 1523 52 29 till
1503 1523 224 38 yrkesskolor

236 1571 99 38 tyder
363 1571 40 29 de
433 1574 136 28 senaste
597 1572 101 31 årens
727 1573 339 40 belastningssiffror
1093 1576 44 39 på
1165 1584 43 20 en
1237 1576 202 39 minskning
1468 1586 42 19 av
1538 1576 189 29 medelsbe-

236 1622 112 36 hovet,
369 1624 107 30 vilket
498 1626 96 29 torde
615 1626 81 30 bero
717 1627 44 39 på
783 1627 212 39 svårigheter
1017 1630 49 27 att
1088 1629 179 39 rekrytera
1288 1629 110 30 elever
1419 1630 53 29 till
1494 1630 93 30 vissa
1607 1631 120 39 yrkes-

235 1677 237 39 avdelningar.
508 1679 277 30 Medelsbehovet
820 1680 55 30 för
911 1682 101 30 nästa
1048 1681 168 40 budgetår
1253 1683 207 38 uppskattas
1497 1683 51 29 till
1585 1683 62 29 550
1662 1682 62 30 000

240 1729 60 33 (—
313 1730 40 29 50
368 1730 80 34 000)
474 1731 140 31 kronor.

278 1785 345 40 Nettobelastningen
652 1787 20 29 å
701 1787 266 39 anslagsposten
997 1788 51 29 till
1078 1789 272 39 siödjebandage
1381 1790 63 28 och
1475 1792 157 37 proteser
1661 1790 64 28 har

235 1839 111 29 under
366 1839 40 29 de
429 1841 137 28 senaste
587 1840 56 30 två
664 1840 213 39 budgetåren
899 1842 147 38 uppgått
1068 1842 51 28 till
1142 1842 18 29 2
1175 1842 63 29 309
1253 1842 62 29 582
1337 1851 89 31 resp.
1450 1843 18 29 2
1484 1843 61 29 213
1562 1843 60 29 767
1646 1843 79 29 kro-

234 1899 74 21 nor.
344 1892 274 39 Anslagsposten
642 1902 101 21 anses
768 1894 54 30 för
847 1895 101 29 nästa
973 1895 168 38 budgetår
1165 1896 84 29 böra
1275 1896 167 39 uppföras
1468 1897 78 29 med
1571 1898 48 27 ett
1644 1896 80 29 från

234 1944 95 29 2300
345 1944 61 30 000
431 1945 52 29 till
508 1946 94 29 22350
618 1946 62 30 000
704 1947 130 29 kronor
858 1947 156 30 minskat
1038 1948 134 40 belopp.
1198 1949 161 39 Bidraget
1383 1949 52 29 till
1461 1949 263 40 invalidvagnar

233 1997 64 29 och
317 1997 179 30 rullstolar
514 1999 147 30 föreslås
681 2001 200 38 uppräknat
900 2001 79 29 med
999 2001 41 29 40
1055 2001 62 29 000
1138 2002 51 29 till
1212 2001 60 30 140
1288 2002 61 29 000
1370 2003 141 29 kronor.

277 2052 130 30 Genom
432 2053 114 29 beslut
570 2063 42 20 av
638 2053 83 30 1954
746 2054 56 30 års
826 2054 143 40 riksdag
993 2055 63 28 har
1083 2056 148 29 svenska
1256 2055 295 30 vanförevårdens
1576 2056 147 30 central-

231 2104 183 31 kommitté
438 2105 199 32 tillerkänts
660 2108 48 29 ett
731 2107 121 40 bidrag
875 2109 79 29 med
978 2108 40 29 20
1034 2108 61 29 000
1120 2109 130 29 kronor
1274 2109 54 29 för
1351 2109 205 39 budgetåret
1583 2109 138 34 1954/55

231 2158 56 30 för
306 2159 243 39 befrämjande
570 2170 41 20 av
629 2160 186 40 forskning
834 2161 149 30 rörande
1002 2163 157 37 proteser
1179 2162 63 29 och
1264 2162 283 40 stödjebandage.
1570 2163 152 29 Central-

231 2211 210 30 kommittén
465 2212 147 31 föreslås
639 2214 97 29 skola
762 2214 230 31 tillerkännas
1018 2215 209 39 statsbidrag
1254 2217 77 28 med
1358 2226 135 21 samma
1518 2216 123 40 belopp
1667 2217 55 29 för

230 2264 204 39 budgetåret
461 2266 139 36 1955/56
623 2267 55 29 för
701 2267 141 30 fortsatt
865 2267 439 40 forskningsverksamhet.

276 2318 12 29 I
312 2318 98 40 fråga
432 2328 57 21 om
512 2319 121 40 bidrag
655 2321 51 29 till
731 2321 169 29 täckande
921 2331 45 20 av
989 2321 207 30 underskott
1219 2322 150 30 anföres.

276 2379 13 29 I
310 2380 41 30 de
371 2390 42 21 av
433 2380 126 40 Kungl.
580 2382 105 38 Maj:t
706 2382 199 31 fastställda
924 2383 171 30 inkomst-
1114 2385 65 28 och
1201 2384 282 39 utgiftsstaterna
1504 2386 54 29 för
1578 2386 143 38 budget-

229 2423 75 30 året
332 2424 139 37 1954/55
500 2425 54 30 för
580 2426 40 30 de
647 2426 78 39 fyra
751 2427 363 31 vanföreanstalterna
1140 2429 64 29 har
1230 2429 342 30 driftunderskotten
1598 2431 122 28 beräk-

230 2470 79 28 nats
333 2469 51 31 till
408 2469 18 29 6
441 2469 62 30 537
519 2470 62 29 000
605 2470 140 30 kronor.
769 2471 93 30 Från
885 2471 228 31 förevarande
1138 2474 121 38 anslag
1283 2474 87 30 skall
1392 2474 132 39 jämväl
1548 2474 172 30 bestridas
