1874 2790
496 169 287 30 Statsutskottets
809 165 180 31 utlåtande
1014 173 42 20 nr
1082 164 37 29 11
1146 163 40 29 år
1212 162 84 30 1955
1600 158 40 29 317

507 250 33 33 ce)
573 249 52 29 till
653 248 139 29 Statens
822 245 92 31 skol-
943 245 64 29 och
1036 243 185 40 yrkeshem
1250 241 45 40 på
1323 239 188 31 Salbohed:
1540 238 102 30 Avlö-

465 304 124 38 ningar
611 301 56 30 för
691 299 204 39 budgetåret
922 297 140 33 1955/56
1087 296 120 29 anvisa
1232 296 49 28 ett
1305 292 271 39 förslagsanslag
1601 299 42 21 av

465 356 62 30 335
542 356 62 30 000
630 355 143 29 kronor.

197 474 98 33 38:0)
326 473 134 29 Statens
482 471 91 30 skol-
596 471 65 29 och
684 469 184 35 yrkeshem
888 468 43 36 på
954 466 185 29 Salbohed:
1166 462 264 31 Omkostnader.
1455 462 12 29 I
1491 460 152 39 enlighet

156 528 79 29 med
259 527 126 39 Kungl.
409 525 124 39 Maj:ts
558 524 131 39 förslag
719 522 130 40 (punkt
873 521 51 34 41,
951 530 25 20 s.
1005 519 60 30 134
1090 519 64 29 och
1182 517 93 33 135),
1300 516 107 29 vilket
1431 514 145 30 innebär
1601 522 43 20 en

156 581 204 38 minskning
389 589 42 21 av
459 578 155 39 anslaget
642 576 80 30 med
752 575 95 30 2400
876 575 141 32 kronor,
1047 571 202 31 hemställer
1278 570 180 32 utskottet,

511 633 49 28 att
581 630 188 38 riksdagen
790 628 57 30 må
867 628 53 29 till
941 627 138 29 Statens
1101 625 92 30 skol-
1214 624 64 30 och
1301 622 184 40 yrkeshem
1506 621 45 40 på
1572 620 73 30 Sal-

468 685 126 30 bohed:
633 682 259 31 Omkostnader
928 680 55 30 för
1019 678 205 39 budgetåret
1264 676 139 30 1955/56
1440 674 119 30 anvisa
1596 674 49 29 ett

467 736 272 40 förslagsanslag
765 745 41 19 av
833 734 59 30 182
908 734 62 29 600
995 733 141 29 kronor.

201 856 99 33 39:0)
330 854 135 30 Statens
481 854 91 29 skol-
590 853 64 29 och
671 851 184 36 yrkeshem
873 851 11 28 i
901 849 234 34 Vänersborg:
1156 846 222 35 Avlöningar.
1396 844 126 39 Kungl.
1541 843 107 39 Maj:t

158 909 64 29 har
246 908 130 40 (punkt
394 907 52 34 42,
466 916 25 21 s.
514 905 188 33 135—139)
726 903 181 39 föreslagit
925 901 188 39 riksdagen
1131 902 50 28 att
1200 899 74 30 dels
1293 897 208 40 bemyndiga
1520 896 126 38 Kungl.

158 962 106 39 Maj:t
283 963 50 28 att
354 962 11 28 i
384 958 432 42 personalförteckningen
837 957 54 29 för
912 958 133 27 statens
1066 954 91 30 skol-
1176 953 66 30 och
1262 951 186 40 yrkeshem
1468 951 11 28 i
1500 950 148 29 Väners-

156 1016 85 38 borg
270 1015 138 38 vidtaga
438 1014 42 29 de
509 1012 199 39 ändringar,
740 1020 76 20 som
845 1008 198 39 föreslagits
1073 1017 42 19 av
1144 1003 396 42 departementschefen,
1571 1002 74 30 dels

156 1068 187 40 godkänna
368 1076 42 20 av
434 1064 386 41 departementschefen
847 1062 165 30 förordad
1038 1060 254 38 avlöningsstat
1317 1058 54 29 för
1397 1059 132 28 statens
1555 1056 91 30 skol-

158 1122 65 29 och
245 1121 187 39 yrkeshem
454 1120 12 29 i
489 1118 229 39 Vänersborg,
743 1119 50 27 att
814 1116 179 39 tillämpas
1016 1114 71 30 tills
1110 1113 118 30 vidare
1253 1112 43 30 fr.
1319 1121 29 20 o.
1373 1120 44 20 m.
1442 1109 204 40 budgetåret

160 1174 151 34 1955/56,
332 1173 73 30 dels
426 1173 65 30 ock
511 1172 52 30 till
584 1171 138 30 Statens
743 1170 91 29 skol-
853 1169 66 30 och
938 1167 187 40 yrkeshem
1144 1167 11 29 i
1176 1165 234 38 Vänersborg:
1433 1163 213 38 Avlöningar

160 1228 55 29 för
240 1227 153 30 nämnda
417 1225 169 40 budgetår
609 1224 122 30 anvisa
755 1225 48 28 ett
827 1221 272 40 förslagsanslag
1123 1229 41 21 av
1191 1219 61 30 172
1267 1218 62 31 400
1354 1218 140 29 kronor.

203 1320 166 39 Anslaget
391 1321 38 28 är
450 1320 12 29 i
484 1318 158 40 gällande
665 1317 146 30 riksstat
834 1315 144 40 uppfört
1000 1314 79 30 med
1105 1313 59 30 163
1180 1313 62 30 200
1265 1313 140 28 kronor.

203 1372 393 40 Departementschefen
624 1370 194 39 tillstyrker
846 1368 199 30 inrättande
1073 1376 42 20 av
1142 1366 200 39 ytterligare
1370 1374 43 20 en
1441 1363 207 39 lärartjänst

162 1428 10 27 i
194 1427 119 38 utbyte
336 1428 72 27 mot
430 1426 68 29 den
518 1425 151 29 vakanta
691 1423 156 39 tjänsten
871 1431 75 20 som
968 1421 179 29 lärarinna
1169 1420 11 28 i
1202 1418 158 39 kvinnlig
1383 1417 91 39 slöjd
1496 1417 10 28 i
1530 1416 45 30 Ca
1599 1416 50 29 19.

162 1480 123 29 Denna
302 1488 101 20 anses
420 1479 85 29 böra
521 1478 156 39 placeras
695 1477 10 28 i
724 1475 164 39 lönegrad
907 1474 46 30 Ca
972 1473 40 30 24
1030 1473 65 30 och
1112 1472 133 30 erhålla
1263 1471 257 38 benämningen
1538 1470 111 28 lärare

161 1534 11 28 i
201 1532 298 39 kunskapsämne.
529 1530 125 30 Vidare
684 1529 171 33 förordas,
884 1528 112 29 under
1025 1526 211 38 hänvisning
1266 1524 52 30 till
1347 1524 65 29 vad
1442 1522 124 30 chefen
1595 1522 55 29 för

161 1586 358 39 civildepartementet
533 1583 118 30 anfört
667 1582 58 30 vid
741 1582 165 29 anmälan
922 1590 43 20 av
980 1580 55 30 för
1051 1579 87 30 flera
1154 1577 218 31 huvudtitlar
1389 1584 261 32 gemensamma

162 1639 129 38 frågor,
314 1638 119 39 utbyte
457 1647 42 20 av
520 1646 43 20 en
583 1636 113 39 tjänst
718 1645 75 20 som
816 1633 300 31 ekonomibiträde
1138 1633 11 28 i
1172 1632 42 29 Ce
1240 1632 16 29 7
1280 1632 73 28 mot
1375 1639 43 21 en
1442 1630 110 39 tjänst
1575 1638 76 20 som

160 1691 206 31 biträdande
389 1689 311 31 husföreståndare
724 1689 12 29 i
759 1688 43 30 Ce
829 1688 49 29 13.

208 1746 116 30 Under
350 1744 210 40 hänvisning
584 1743 52 30 till
661 1743 66 29 vad
754 1741 123 30 chefen
903 1741 55 29 för
984 1739 357 39 civildepartementet
1367 1736 118 30 anfört
1509 1736 56 29 vid
1592 1744 60 21 an-

161 1800 118 29 mälan
298 1809 41 19 av
357 1798 216 40 proposition
592 1796 67 30 den
681 1796 37 29 17
740 1795 180 29 december
942 1792 83 30 1954
1045 1792 177 39 angående
1242 1789 408 40 lönegradsplaceringen

164 1853 55 29 för
244 1853 92 28 vissa
362 1851 150 39 tjänster
537 1859 44 21 m.
608 1859 45 19 m.
680 1848 161 30 förordas
868 1846 241 40 uppflyttning
1135 1845 42 28 fr.
1205 1854 30 20 o.
1262 1853 45 20 m.
1334 1843 66 30 den
1430 1843 14 29 1
1472 1842 66 39 juli
1568 1841 82 30 1955

164 1915 42 20 av
228 1905 157 38 tjänsten
409 1913 75 20 som
509 1902 178 30 lärarinna
710 1902 11 28 i
744 1900 288 39 kunskapsämne
1056 1899 11 28 i
1092 1898 42 29 Ce
1160 1898 40 29 22
1226 1897 52 29 till
1303 1896 43 30 Ce
1371 1896 39 30 23
1438 1897 89 28 samt
1551 1895 101 29 kvar-

162 1958 153 30 varande
348 1957 111 39 tjänst
492 1965 74 21 som
599 1955 179 29 lärarinna
810 1954 11 29 i
853 1952 158 38 kvinnlig
1045 1951 90 39 slöjd
1169 1951 80 29 från
1283 1950 44 29 Ca
1362 1949 38 29 19
1434 1948 51 30 till
1519 1948 45 30 Ca
1598 1947 51 30 20.

163 2011 212 39 Tjänsterna
404 2009 147 30 föreslås
579 2008 98 30 skola
706 2007 191 29 benämnas
926 2006 112 28 lärare
1066 2005 10 28 i
1105 2004 287 38 kunskapsämne
1421 2011 89 29 resp.
1540 2002 112 28 lärare

163 2064 10 29 i
200 2063 158 39 kvinnlig
386 2062 102 39 slöjd.

208 2117 73 28 Vad
310 2116 107 38 angår
445 2114 279 30 medelsbehovet
752 2113 110 29 under
890 2113 101 28 nästa
1018 2110 169 39 budgetår
1215 2109 147 30 föreslås
1391 2108 155 38 anslaget
1574 2107 78 38 höjt

163 2170 79 28 med
261 2169 18 29 2
294 2169 62 29 000
376 2169 129 28 kronor
524 2167 51 30 till
594 2166 90 39 följd
703 2175 41 20 av
763 2165 236 30 automatiska
1017 2163 330 39 utgiftsstegringar.
1368 2162 66 29 För
1452 2160 199 30 inrättande

165 2231 42 20 av
239 2222 66 28 den
339 2231 66 29 nya
439 2220 251 39 lärartjänsten
722 2219 12 28 i
765 2218 288 38 kunskapsämne
1086 2217 11 28 i
1130 2216 120 38 utbyte
1283 2217 72 27 mot
1388 2214 155 39 tjänsten
1578 2222 75 20 som

165 2274 177 29 lärarinna
367 2274 10 28 i
401 2273 157 38 kvinnlig
583 2271 91 39 slöjd
701 2273 90 27 samt
817 2270 185 29 förordade
1027 2267 468 39 lönegradsuppflyttningar
1521 2265 133 30 erford-

166 2336 56 20 ras
243 2327 9 27 i
275 2328 82 27 runt
378 2326 46 29 tal
448 2325 19 28 4
483 2325 61 29 700
565 2325 141 28 kronor.
729 2324 77 28 Med
828 2324 138 37 hänsyn
987 2322 51 29 till
1061 2321 65 29 vad
1150 2330 74 20 som
1247 2320 196 37 föreslagits
1467 2319 10 29 i
1497 2318 157 39 proposi-

165 2380 119 29 tionen
316 2379 66 29 den
418 2379 37 28 10
488 2377 181 29 december
703 2375 83 30 1954
820 2375 178 39 angående
1029 2374 194 37 ersättning
1256 2373 55 29 för
1343 2371 233 40 tjänstgöring
1608 2371 45 39 på

166 2432 169 29 obekväm
355 2430 167 30 arbetstid
543 2440 44 19 m.
607 2439 44 20 m.
673 2438 102 20 anses
795 2428 155 37 anslaget
970 2428 83 28 böra
1074 2426 203 40 uppräknas
1298 2426 77 29 med
1397 2425 17 29 2
1430 2425 62 30 500
1512 2425 141 28 kronor.

167 2485 165 37 Anslaget
363 2483 145 30 föreslås
539 2483 147 29 sålunda
716 2482 76 38 höjt
823 2481 77 29 med
931 2480 95 29 9200
1057 2480 140 28 kronor.
