1872 2788
275 153 41 30 42
618 156 287 30 Statsutskottets
931 158 179 29 utlåtande
1136 168 41 19 nr
1204 160 37 27 11
1269 161 39 27 år
1335 160 82 29 1955

276 233 50 29 till
357 234 65 29 vad
453 235 124 29 chefen
609 235 53 30 för
693 236 357 39 civildepartementet
1080 238 56 29 vid
1168 239 165 29 anmälan
1376 249 41 19 av
1448 241 218 38 proposition
1696 243 69 28 den

276 286 38 30 17
337 287 181 30 december
543 288 82 30 1954
648 289 179 39 angående
850 289 407 42 lönegradsplaceringen
1281 293 55 30 för
1359 293 92 31 vissa
1475 294 150 39 tjänster
1649 305 44 20 m.
1718 304 45 20 m.

274 339 117 31 anfört
411 340 158 36 föreslås,
592 344 49 28 att
662 343 42 29 de
726 343 202 31 nuvarande
949 344 198 39 tjänsterna
1170 354 76 21 som
1269 345 205 40 slöjdlärare
1497 348 65 29 och
1585 348 179 30 lärarinna

273 392 12 30 i
305 393 158 41 kvinnlig
484 393 92 40 slöjd
596 395 43 30 fr.
661 404 29 21 o.
713 405 45 20 m.
781 396 67 29 den
872 397 14 28 1
909 396 67 39 juli
1000 397 82 30 1955
1105 398 196 40 uppflyttas
1323 400 80 30 från
1425 400 46 30 Ca
1488 400 39 29 14
1548 410 89 31 resp.
1661 401 46 31 Ca
1724 400 38 31 15

273 445 52 30 till
345 445 45 31 Ca
406 446 49 30 18.
474 447 75 29 Den
568 448 220 32 sistnämnda
806 449 156 39 tjänsten
979 451 62 30 bör
1059 451 43 30 fr.
1120 461 30 20 o.
1169 460 46 21 m.
1236 452 106 39 sagda
1360 453 66 40 dag
1443 453 193 32 benämnas
1657 455 107 39 slöjd-

272 498 122 31 lärare.
413 500 127 30 Vidare
559 501 61 30 bör
638 502 81 29 med
737 502 139 40 hänsyn
893 503 53 29 till
965 504 66 30 vad
1049 504 124 30 chefen
1192 505 55 30 för
1267 505 357 40 civildepartementet
1644 508 119 30 anfört

270 551 58 31 vid
356 553 166 30 anmälan
549 563 42 21 av
617 554 56 31 för
701 555 90 31 flera
818 555 218 33 huvudtitlar
1065 565 259 32 gemensamma
1353 559 118 40 frågor
1500 560 157 39 tjänsten
1686 570 76 21 som

271 605 331 32 tvättföreståndare
624 608 11 29 i
657 607 46 31 Ca
719 608 39 30 10
780 608 157 40 placeras
958 610 11 29 i
992 609 46 31 Ca
1054 611 48 29 11.

319 659 63 29 Vid
413 659 99 30 bifall
544 660 51 29 till
626 661 66 29 vad
726 661 147 30 sålunda
904 662 176 30 förordats
1112 663 146 30 föreslås
1291 665 156 39 anslaget
1478 666 78 38 höjt
1588 667 78 29 med
1701 667 59 29 170

269 711 131 32 kronor
424 712 55 31 för
504 713 131 41 ökning
659 724 42 20 av
726 715 141 29 arvodet
891 715 56 30 för
971 716 256 41 orgelspelning
1251 718 65 30 och
1341 719 79 29 med
1444 720 12 29 i
1482 722 82 27 runt
1588 721 49 29 tal
1662 720 19 30 3
1696 720 63 30 000

269 764 130 31 kronor
421 765 56 31 för
500 766 242 42 uppflyttning
765 777 42 21 av
830 768 231 32 förenämnda
1084 772 50 28 tre
1158 770 161 39 tjänster.
1343 771 68 31 För
1435 774 50 29 att
1509 773 132 31 erhålla
1664 775 96 28 över-

269 819 265 30 ensstämmelse
565 819 129 31 mellan
726 821 196 41 belastning
954 823 65 29 och
1051 823 136 30 anvisat
1219 824 124 40 belopp
1376 826 44 38 på
1452 825 307 41 anslagsposterna

267 870 54 29 till
342 870 204 42 avlöningar
566 873 52 30 till
640 874 176 30 ordinarie
837 875 64 29 och
922 875 268 32 icke-ordinarie
1211 876 216 40 tjänstemän
1450 881 91 28 samt
1562 880 53 29 till
1637 880 122 39 rörligt

267 923 120 41 tillägg
411 925 65 30 har
502 925 246 32 förstnämnda
774 929 79 38 post
878 929 218 39 uppräknats
1122 931 80 29 med
1229 930 96 30 2000
1351 931 131 30 kronor
1509 933 65 29 och
1600 933 41 30 de
1668 933 91 30 båda

267 976 118 40 övriga
409 978 124 31 sänkts
556 980 78 30 med
658 988 91 32 resp.
777 980 115 31 11500
916 982 66 29 och
1007 982 94 30 7000
1125 983 141 30 kronor.
1292 984 165 40 Anslaget
1482 985 147 31 föreslås
1655 986 103 30 alltså

270 1029 103 30 sänkt
395 1031 79 29 med
499 1030 38 30 13
553 1031 61 30 330
638 1032 82 29 eller
744 1033 10 29 i
776 1036 83 27 runt
880 1035 47 28 tal
953 1034 38 30 13
1006 1034 62 30 400
1092 1035 140 30 kronor.

311 1083 47 30 De
385 1084 180 30 beslutade
593 1085 238 39 ändringarna
858 1096 42 20 av
926 1088 368 40 grundlönebeloppen
1321 1090 198 30 föranleder
1547 1101 43 20 en
1617 1094 139 28 omräk-

266 1137 84 40 ning
370 1146 42 21 av
432 1137 93 32 vissa
547 1138 269 41 anslagsposter.

311 1234 175 31 Utskottet
513 1236 64 30 har
604 1237 11 29 i
643 1240 109 27 annat
782 1238 254 40 sammanhang
1064 1240 85 39 tagit
1178 1240 167 42 ställning
1373 1241 52 31 till
1454 1243 42 29 de
1526 1243 111 30 under
1666 1244 90 30 före-

263 1288 152 29 varande
444 1289 115 38 punkt
589 1289 199 41 föreslagna
817 1291 153 31 ändrade
1000 1291 461 43 lönegradsplaceringarna.
1493 1296 75 30 Vad
1597 1296 159 40 departe-

264 1341 242 31 mentschefen
526 1342 12 29 i
557 1343 111 40 övrigt
688 1343 180 40 föreslagit
889 1345 64 30 har
973 1345 72 31 inte
1065 1345 108 31 heller
1194 1347 84 39 givit
1299 1348 172 31 utskottet
1491 1349 190 41 anledning
1701 1350 53 30 till

263 1393 151 31 erinran.

308 1448 175 31 Utskottet
503 1449 211 35 hemställer,

617 1505 50 28 att
687 1503 189 40 riksdagen
895 1505 58 29 må

615 1556 36 33 a)
681 1556 209 41 bemyndiga
918 1558 126 40 Kungl.
1073 1558 105 39 Maj:t
1206 1561 51 28 att
1285 1560 139 41 vidtaga
1452 1561 43 31 de
1523 1563 190 39 ändringar
1741 1563 11 29 i

571 1609 433 41 personalförteckningen
1023 1612 55 30 för
1099 1614 132 29 statens
1252 1614 130 30 anstalt
1402 1615 55 30 för
1478 1615 273 41 fallandesjuka,

571 1661 93 32 vilka
687 1663 160 39 påkallas
870 1673 42 21 av
933 1665 67 30 vad
1023 1665 386 39 departementschefen
1432 1668 159 32 förordat
1614 1670 11 29 i
1649 1671 103 28 stats-

571 1715 294 40 rådsprotokollet
883 1718 81 29 över
981 1718 289 31 inrikesärenden
1287 1720 56 30 för
1361 1720 68 31 den
1447 1720 21 30 4
1485 1722 143 38 januari
1649 1723 99 34 1955;

614 1768 37 34 b)
682 1770 187 39 godkänna
884 1770 158 40 följande
1058 1772 254 39 avlöningsstat
1327 1773 56 31 för
1399 1777 132 28 statens
1548 1776 131 30 anstalt
1694 1776 56 30 för

570 1821 273 41 fallandesjuka,
865 1825 49 28 att
935 1823 176 41 tillämpas
1132 1825 71 30 tills
1223 1826 118 30 vidare
1362 1827 43 30 fr.
1426 1837 30 20 o.
1478 1837 45 20 m.
1544 1828 205 40 budgetåret

572 1874 155 37 1955/56:

1026 1965 263 42 Avlöningsstat

569 2025 27 28 1.
632 2025 214 39 Avlöningar
865 2026 51 31 till
936 2027 174 31 ordinarie
1124 2029 227 38 tjänstemän,
1364 2031 166 40 förslags-

634 2079 886 34 1276
1588 2086 62 30 593
1665 2086 63 30 000

567 2131 18 29 2.
632 2132 163 30 Arvoden
813 2134 64 28 och
897 2135 172 30 särskilda
1089 2136 244 40 ersättningar,
1348 2137 181 31 bestämda

631 2194 42 21 av
704 2185 126 40 Kungl.
862 2187 106 39 Maj:t
1007 2213 201 3 soooooo000
1229 2215 68 3 0000
1317 2216 113 4 0000.
1472 2218 47 2 oe
1630 2193 19 30 3
1664 2193 62 30 300

565 2237 18 30 3.
631 2238 213 41 Avlöningar
868 2241 51 28 till
944 2241 96 40 övrig
1063 2241 267 33 icke-ordinarie
1354 2246 172 38 personal,

630 2291 205 40 förslagsvis.
918 2319 92 4 ....
1095 2321 290 5 reses
1354 2290 35 49 ea
1427 2324 92 3 >
1585 2299 141 30 872300

564 2343 28 28 4.
630 2344 133 40 Rörligt
790 2345 127 40 tillägg,
945 2347 202 40 förslagsvis
1227 2374 135 4 -........
1426 2377 47 2 a
1588 2352 60 30 128
1662 2353 62 29 000

1227 2421 144 30 Summa
1396 2422 130 30 kronor
1554 2424 90 28 19096
1661 2409 79 49 600;
