2222 2673
420 163 239 33 Sammaunsatta
682 163 199 42 bevillnings-
905 162 53 32 och
978 162 334 41 jordbruksutskottets
1334 161 166 33 utlåtande
1522 161 53 32 Nr
1599 163 28 30 1.
1760 163 19 29 3

225 245 137 49 tygadt
396 244 142 37 härom.
593 244 74 36 Det
693 244 69 36 bör
788 243 194 49 nämligen
1010 242 209 47 bemärkas,
1249 247 55 33 att
1331 242 112 49 lagen
1472 242 190 48 förutsatt,
1692 247 54 31 att
1773 241 52 36 in-

225 298 76 49 köp
332 297 41 37 af
396 296 145 37 mindre
569 295 268 51 virkesposter,
867 295 154 37 afsedda
1049 295 59 37 för
1135 295 199 47 husbehof,
1363 295 82 36 icke
1473 294 106 37 skola
1607 294 160 38 drabbas
1788 294 40 36 af

227 350 231 50 skogsaccis,
488 349 70 37 och
587 348 185 38 utskottet
799 348 117 37 håller
939 347 89 49 före,
1058 354 55 31 att
1140 348 64 37 vid
1228 347 272 50 försäljningar
1519 347 140 37 sådana
1679 360 81 24 som
1780 345 46 38 de

226 402 14 37 i
267 403 191 37 motionen
487 401 250 37 omförmälda
764 401 167 49 inköpen
959 400 226 38 åtminstone
1212 401 13 36 i
1253 401 45 37 de
1326 400 109 37 flesta
1462 400 65 36 fall
1555 400 100 36 skett
1675 399 57 37 för
1750 398 75 37 till-

228 455 239 49 godoseende
509 454 42 36 af
582 454 81 48 just
704 453 129 49 dylika
873 453 124 36 behof.
1053 446 127 43 Äfven
1222 467 60 22 om
1324 453 103 35 detta
1460 452 82 36 icke
1571 452 104 35 alltid
1704 452 121 36 skulle

228 520 90 23 vara
346 506 263 47 förhållandet,
639 519 111 36 synes
778 505 62 37 det
869 505 96 37 dock
991 505 128 36 kunna
1146 505 251 49 ifrågasättas,
1427 504 187 36 huruvida
1642 503 57 37 till
1725 503 100 37 före-

228 559 227 37 kommande
497 559 40 36 af
575 571 46 23 en
650 558 116 36 sådan
793 558 12 35 i
833 558 131 48 hvarje
994 558 65 36 fall
1087 557 144 37 mindre
1259 556 214 51 betydande
1502 556 215 49 olägenhet,
1744 556 82 48 lag-

229 611 206 49 ändringar
462 611 91 36 böra
581 609 188 50 vidtagas,
800 609 128 37 hvilka
954 610 84 36 icke
1066 610 106 36 torde
1199 610 128 36 kunna
1347 614 72 43 äga
1436 622 84 23 rum
1539 614 92 30 utan
1650 621 46 23 en
1716 608 109 49 djup-

229 664 146 48 gående
416 663 227 48 förändring
684 663 40 36 af
760 663 132 48 lagens
934 661 135 49 grund.
1116 661 59 37 Då
1211 661 126 37 härtill
1364 661 170 36 kommer
1562 665 54 31 att
1644 661 114 48 lagen
1786 662 40 34 så

230 716 156 49 nyligen
426 715 146 49 begynt
613 714 202 50 tillämpas,
858 720 54 30 att
953 714 134 36 endast
1118 714 111 49 ringa
1259 713 212 37 erfarenhet
1499 726 61 23 om
1589 712 237 37 densammas

229 768 231 48 verkningar
488 766 155 37 vunnits
672 773 97 30 samt
796 767 113 49 lagen
937 766 80 36 helt
1043 766 97 37 visst
1167 766 169 37 kommer
1365 770 54 31 att
1438 765 118 36 blifva
1584 764 157 37 föremål
1769 764 58 36 för

230 820 267 48 omarbetning
524 819 12 36 i
570 819 278 48 sammanhang
876 818 85 37 med
991 818 72 36 den
1091 819 162 36 väntade
1280 817 546 46 kommunalskattereformen,

230 872 68 36 har
325 872 185 36 utskottet
537 871 84 37 icke
650 875 124 33 ansett
803 871 60 49 sig
890 871 91 36 böra
1009 870 147 37 biträda
1183 871 256 36 motionärens
1468 869 153 49 förslag.

359 976 131 38 Under
518 975 238 50 åberopande
786 975 40 36 af
850 974 100 37 hvad
980 974 156 37 sålunda
1165 974 145 36 anförts
1338 974 57 36 får
1423 974 198 46 utskottet,
1647 985 80 24 som
1746 971 82 37 icke

230 1029 146 37 kunnat
404 1027 245 38 oförändradt
676 1027 192 50 tillstyrka
896 1027 141 48 Kungl.
1066 1026 128 49 Maj:ts
1223 1026 155 48 förslag,
1407 1025 209 48 hemställa,

762 1136 56 32 att
862 1131 228 49 Riksdagen,
1138 1131 85 37 med
1265 1130 123 49 afslag
1428 1132 21 34 å
1489 1130 87 36 herr
1617 1128 210 37 Svenssons

634 1185 154 48 motion,
825 1184 87 37 ville
939 1184 12 36 i
980 1184 204 49 anledning
1212 1183 41 36 af
1277 1182 287 49 ifrågavarande
1591 1180 237 51 proposition

632 1242 141 43 antaga
801 1236 165 49 följande

979 1425 107 48 Lag

555 1540 72 30 om
657 1529 247 50 skogsaccis
933 1529 82 40 och
1043 1538 72 30 om
1143 1527 369 48 virkestaxering.

367 1647 87 36 Med
482 1645 269 50 upphäfvande
780 1645 41 36 af
845 1645 111 49 lagen
984 1658 61 22 om
1074 1642 218 51 skogsaccis
1321 1642 72 37 den
1424 1642 44 35 18
1499 1640 214 49 september
1735 1641 96 35 1909

238 1699 196 37 förordnas
463 1699 223 47 härigenom
716 1711 80 23 som
825 1697 124 49 följer:

928 1857 17 34 1
977 1855 114 36 KAP.

277 1959 190 33 Allmänna
489 1959 157 41 grunder
668 1959 60 34 för
751 1960 204 40 skogsaccis
979 1959 67 32 och
1069 1966 58 25 om
1150 1958 226 40 användning
1399 1957 40 33 af
1460 1955 335 43 skogsaccismedel.

999 2075 18 34 1
1043 2050 37 78 $.

370 2171 74 37 För
473 2170 198 37 afverkadt
697 2170 107 37 virke
832 2169 96 37 skall
955 2168 57 38 till
1040 2169 72 37 den
1140 2169 192 47 kommun,
1353 2169 68 36 där
1441 2169 145 47 skogen
1605 2172 42 32 är
1665 2167 171 48 belägen,

241 2223 12 36 i
283 2223 72 37 den
384 2223 174 50 ordning,
594 2223 68 36 här
690 2223 123 37 nedan
841 2227 101 44 sägs,
971 2221 13 37 i
1012 2221 205 37 allmänhet
1244 2221 175 49 erlägges
1439 2234 46 24 en
1506 2219 122 51 afgift,
1649 2219 189 38 benämnd

242 2276 229 47 skogsaccis.
