1888 2804
255 151 18 29 2
688 152 274 31 Statsutskottets
988 151 176 30 utlåtande
1189 160 41 20 nr
1254 149 70 30 216.

259 235 48 27 ett
329 232 213 30 bedömande
564 241 42 19 av
626 231 116 37 frågor
763 240 42 20 av
827 231 124 28 skatte-
972 229 65 29 och
1059 228 251 37 socialpolitisk
1333 229 100 27 natur
1458 227 36 28 är
1516 226 180 29 nödsakad
1719 227 48 27 att

259 275 12 28 i
297 276 70 27 stor
391 273 238 36 utsträckning
655 274 80 37 göra
759 281 42 20 en
826 271 386 38 förhandsbedömning
1237 279 42 20 av
1304 269 93 30 vilka
1422 269 190 38 ändringar
1636 268 11 28 i
1674 268 93 29 löne-

260 317 116 33 nivån,
398 325 73 20 som
490 316 108 28 därav
617 315 97 38 följa,
733 315 65 28 och
815 314 92 29 huru
928 323 43 20 en
990 313 148 38 lösning,
1161 321 74 20 som
1257 312 101 38 eljest
1377 320 101 20 anses
1497 310 153 39 lämplig,
1670 310 97 29 kom-

260 367 75 20 mer
360 360 49 27 att
433 358 79 28 med
538 357 137 38 hänsyn
701 356 117 29 därtill
845 356 107 29 verka
976 355 57 29 vid
1060 355 66 29 den
1152 354 184 39 praktiska
1360 352 284 39 tillämpningen;
1673 352 95 29 detta

260 400 220 29 förhållande
499 400 38 28 är
559 399 142 37 givetvis
720 399 104 37 ägnat
845 400 50 27 att
914 397 216 39 komplicera
1149 395 257 39 behandlingen
1426 404 42 20 av
1490 395 42 28 de
1556 395 128 28 skatte-
1703 393 64 29 och

262 441 272 40 socialpolitiska
556 441 174 38 frågorna.

305 509 98 29 Efter
424 517 41 20 en
487 507 216 39 redogörelse
724 507 55 29 för
800 507 66 29 den
886 507 143 33 verkan,
1054 515 74 20 som
1152 505 94 29 olika
1265 504 285 38 beräkningssätt
1570 503 45 29 ha
1636 503 44 39 på
1701 502 68 29 lev-

261 559 356 29 nadskostnadstalen
634 558 63 29 och
715 559 40 28 de
771 557 195 40 procenttal
985 557 80 28 med
1080 556 94 29 vilka
1192 554 367 40 grundlönebeloppen
1577 553 107 39 enligt
1702 555 67 27 sta-

260 613 78 26 tens
360 609 389 40 löneplansförordning
774 609 97 29 skola
893 608 114 38 höjas,
1031 607 102 29 anför
1155 605 387 41 departementschefen
1564 605 117 29 vidare
1705 604 64 29 föl-

260 661 117 39 jande.

307 719 65 29 Vid
393 719 216 38 övergången
630 718 51 29 till
701 727 42 20 en
764 718 80 30 från
864 718 137 29 direkta
1022 717 131 29 skatter
1175 716 65 29 och
1261 715 160 38 samtliga
1443 714 128 30 sociala
1591 714 178 29 förmåner

262 762 127 28 rensad
412 761 104 29 index
538 770 104 29 synas
666 761 118 28 starka
808 761 75 28 skäl
906 760 70 29 tala
1001 759 55 29 för
1079 761 50 27 att
1151 759 86 29 även
1260 757 177 40 pristalets
1459 757 62 28 bas
1547 756 154 38 grundas
1725 755 45 39 på

263 803 40 29 de
323 803 44 36 på
387 812 130 19 samma
538 804 66 27 sätt
625 802 195 29 beräknade
841 800 378 30 levnadskostnaderna
1239 800 12 29 i
1271 808 92 20 mars
1388 798 88 29 1946.
1498 798 66 29 Om
1585 797 185 37 övergång-

263 854 43 20 en
325 845 52 30 till
395 845 126 29 rensad
540 845 105 29 index
664 845 56 38 ägt
740 853 80 20 rum
840 844 97 29 förra
955 843 73 30 året
1048 842 88 30 hade
1154 842 55 30 väl
1228 842 176 39 knappast
1424 840 139 30 funnits
1582 839 188 38 anledning

263 889 50 27 att
342 887 10 28 i
379 887 66 29 den
471 887 147 29 rensade
648 886 111 29 serien
786 885 174 30 bibehålla
987 884 201 29 rabatterna
1218 884 65 29 och
1310 884 95 28 detta
1433 882 113 29 skulle
1575 881 195 39 säkerligen

263 929 77 29 icke
371 929 106 29 heller
506 928 225 38 ifrågasättas
760 928 58 29 vid
848 929 47 28 ett
926 926 188 30 eventuellt
1146 925 262 30 återinförande
1439 934 42 19 av
1510 924 259 38 rabattsystem.

265 971 121 29 Såsom
416 980 42 20 av
487 971 57 28 det
577 970 145 39 tidigare
756 970 149 29 anförda
936 968 156 38 framgår
1124 968 142 38 betyder
1297 968 67 28 den
1395 966 208 38 ifrågasatta
1633 965 138 29 omräk-

264 1013 129 38 ningen
414 1022 42 20 av
476 1013 67 28 den
567 1012 145 29 rensade
734 1011 216 29 indexserien
972 1019 43 20 en
1038 1010 169 36 justering
1227 1009 122 30 endast
1370 1018 42 19 av
1434 1008 146 29 bastalet
1602 1007 54 29 för
1678 1016 93 20 mars

266 1054 84 29 1946
369 1064 79 20 men
466 1054 165 30 inverkar
648 1054 157 29 däremot
823 1054 75 28 icke
917 1053 45 39 på
980 1052 203 29 nuvarande
1201 1051 155 29 indextal
1375 1051 11 28 i
1407 1050 82 29 1935
1511 1050 57 29 års
1589 1049 96 30 serie.
1707 1049 64 38 Jag

264 1097 98 28 torde
391 1096 192 29 emellertid
609 1096 36 29 få
670 1096 218 29 återkomma
914 1095 53 29 till
993 1095 115 28 denna
1135 1094 99 38 fråga
1262 1093 106 29 sedan
1393 1092 11 29 i
1432 1092 57 29 det
1516 1091 158 39 följande
1700 1100 71 20 om-

263 1139 155 28 nämnda
444 1138 267 38 förhandlingar
734 1138 79 28 med
837 1137 308 39 tjänstemännens
1172 1134 401 39 huvudorganisationer
1600 1133 171 29 slutförts.

309 1180 64 29 Det
397 1189 101 30 synes
520 1180 178 33 önskvärt,
722 1181 49 27 att
793 1188 42 20 en
859 1179 173 38 övergång
1054 1178 52 29 till
1128 1178 67 29 den
1216 1177 187 29 förordade
1427 1176 242 37 anordningen
1692 1175 79 29 med

264 1231 43 20 en
326 1222 80 29 från
427 1222 132 29 skatter
581 1222 65 28 och
666 1221 127 29 sociala
812 1221 180 29 förmåner
1013 1220 126 28 rensad
1159 1219 105 29 index
1285 1218 219 39 genomföres
1526 1219 138 27 snarast
1684 1216 89 39 möj-

264 1264 73 38 ligt.
367 1264 47 29 På
442 1265 67 28 sätt
540 1262 278 39 socialstyrelsen
845 1262 179 32 förutsatt,
1050 1262 98 28 torde
1176 1261 90 29 dock
1294 1260 154 29 indextal
1474 1259 11 29 i
1514 1259 84 29 1914
1624 1259 57 29 års
1707 1259 65 29 och

267 1306 83 29 1935
374 1306 55 29 års
454 1305 106 29 serier
583 1305 83 29 böra
691 1305 173 28 beräknas
890 1305 87 27 även
1001 1303 80 29 med
1105 1302 308 39 hänsynstagande
1439 1301 52 29 till
1518 1301 138 29 direkta
1681 1301 92 28 skat-

264 1350 53 26 ter
338 1348 64 29 och
422 1347 129 29 sociala
574 1346 184 29 förmåner.
780 1346 162 29 Däremot
961 1345 98 29 torde
1080 1345 56 29 det
1156 1344 75 29 icke
1251 1353 84 20 vara
1355 1343 176 37 behövligt
1553 1344 49 28 att
1624 1342 44 37 på
1687 1343 86 28 mot-

265 1389 167 29 svarande
456 1390 66 28 sätt
546 1388 176 40 publicera
746 1388 129 28 dubbla
901 1387 106 29 serier
1031 1396 41 19 av
1093 1386 133 40 pristal,
1250 1388 87 27 utan
1360 1386 105 38 sagda
1487 1395 69 29 nya
1579 1385 193 29 indexserie

266 1440 102 30 synes
386 1431 83 29 böra
488 1430 157 40 entydigt
663 1430 132 29 erhålla
813 1430 67 29 den
897 1431 11 28 i
929 1430 57 28 det
1006 1429 208 38 föregående
1234 1428 189 29 förutsatta
1441 1427 227 30 innebörden.

311 1473 226 29 Beträffande
566 1473 41 28 de
635 1472 183 39 praktiska
846 1471 260 38 verkningarna
1136 1480 42 20 av
1205 1470 67 29 den
1301 1470 63 28 här
1394 1470 200 38 föreslagna
1622 1469 151 38 omlägg-

267 1515 129 39 ningen
416 1516 58 29 må
493 1515 52 29 till
567 1524 43 20 en
631 1514 123 39 början
776 1513 218 34 framhållas,
1017 1515 49 27 att
1087 1513 114 38 någon
1222 1512 207 38 förändring
1450 1512 144 38 givetvis
1615 1512 75 29 icke
1712 1512 61 28 bör

266 1558 61 29 ske
348 1558 85 33 däri,
455 1559 50 27 att
528 1557 97 29 löner
649 1557 64 29 och
735 1556 185 39 pensioner
942 1556 56 29 för
1023 1555 306 38 statstjänstemän
1353 1564 45 19 m.
1422 1554 36 29 fl.
1482 1554 92 29 intill
1599 1554 174 38 utgången

265 1609 43 19 av
331 1599 232 30 innevarande
585 1598 164 37 budgetår
770 1598 44 37 på
834 1598 86 29 visst
942 1598 67 28 sätt
1030 1596 142 30 fixerats
1193 1598 84 27 utan
1300 1596 209 29 automatisk
1533 1595 170 37 reglering
1726 1595 48 29 ef-

264 1644 51 27 ter
341 1641 430 30 levnadskostnadsindex.
798 1640 181 29 Huruvida
1003 1648 42 20 en
1070 1639 164 38 återgång
1258 1638 52 29 till
1335 1637 214 30 automatisk
1573 1637 201 38 lönerörlig-

265 1684 59 29 het
346 1684 61 29 bör
428 1683 223 39 genomföras
671 1683 78 28 med
771 1683 101 28 nästa
892 1681 189 39 budgetårs
1103 1681 128 38 ingång
1252 1689 103 30 synes
1377 1680 84 29 böra
1485 1680 101 38 göras
1608 1679 53 29 till
1685 1679 89 29 före-

265 1726 71 28 mål
357 1726 54 29 för
430 1725 201 39 ytterligare
652 1724 260 36 överväganden
932 1723 12 29 i
965 1723 167 29 samband
1151 1723 78 29 med
1249 1722 264 36 förhandlingar
1535 1721 79 29 med
1633 1720 142 37 tjänste-

265 1768 168 29 männens
456 1766 410 37 huvudorganisationer;
894 1766 101 28 dessa
1020 1765 263 36 förhandlingar
1308 1765 84 28 böra
1418 1765 62 35 äga
1507 1773 78 19 rum
1611 1763 45 37 på
1680 1763 94 29 basis

266 1819 43 20 av
329 1811 49 28 att
398 1810 65 29 den
482 1809 237 29 automatiska
738 1808 303 38 lönerörligheten,
1060 1817 57 19 om
1136 1816 41 20 en
1197 1807 109 29 sådan
1326 1807 88 28 skall
1434 1806 231 33 förekomma,
1686 1805 88 30 skall

266 1852 151 38 regleras
441 1851 88 29 efter
552 1851 45 39 på
619 1860 42 20 en
683 1851 126 28 rensad
832 1850 104 29 index
958 1849 199 30 beräknade
1179 1849 135 39 pristal.
1339 1849 13 28 I
1377 1850 47 28 ett
1451 1857 121 20 senare
1600 1857 174 20 samman-

266 1894 94 38 hang
384 1893 61 30 bör
469 1894 87 29 även
581 1894 160 28 närmare
767 1893 187 36 övervägas
977 1891 118 29 vilken
1119 1891 171 29 inverkan
1316 1891 459 29 levnadskostnadsutveck-

266 1936 118 37 lingen
402 1935 60 29 bör
481 1935 134 29 erhålla
634 1935 44 39 på
695 1934 259 38 kristilläggens
976 1933 140 29 storlek.

312 1977 116 39 Enligt
453 1978 40 28 de
518 1979 11 28 i
557 1979 131 27 statens
713 1975 393 40 löneplansförordning
1130 1975 64 29 och
1219 1975 11 28 i
1258 1975 112 38 övrigt
1396 1974 204 30 meddelade
1626 1974 149 29 bestäm-

266 2019 173 29 melserna
456 2028 57 20 om
530 2018 209 30 automatisk
757 2017 165 37 rörlighet
939 2027 42 19 av
1000 2018 97 28 löner
1116 2017 63 29 och
1198 2017 184 36 pensioner
1403 2016 54 29 för
1478 2016 297 36 statstjänstemän

266 2071 45 19 m.
335 2061 37 29 fl.
396 2062 206 28 ankommer
621 2061 56 28 det
698 2061 44 38 på
762 2060 125 38 Kungl.
910 2059 106 39 Maj:t
1037 2061 50 27 att
1107 2059 158 29 meddela
1286 2060 161 28 närmare
1470 2059 222 29 föreskrifter
1715 2067 60 20 an-

268 2104 130 38 gående
421 2103 194 38 beräkning
638 2112 41 20 av
702 2102 393 30 levnadskostnaderna.
1121 2102 76 28 Med
1220 2101 139 39 hänsyn
1382 2101 52 29 till
1461 2101 57 29 det
1544 2101 230 29 förevarande

268 2145 225 40 spörsmålets
518 2144 218 40 principiella
759 2144 175 39 betydelse
959 2144 65 29 och
1047 2144 44 29 då
1115 2153 42 20 en
1180 2143 224 39 omläggning
1426 2153 42 19 av
1492 2143 282 38 beräkningarna

267 2188 45 39 på
339 2188 63 28 här
427 2188 159 28 förordat
613 2188 66 28 sätt
705 2187 10 28 i
741 2186 92 29 vissa
859 2186 100 38 lägen
986 2186 71 28 kan
1082 2186 142 28 komma
1253 2187 50 27 att
1331 2185 158 29 medföra
1519 2194 42 20 en
1590 2185 185 29 kostnads-

268 2230 132 38 ökning
421 2230 54 28 för
498 2231 125 31 staten,
646 2229 159 28 förordar
827 2228 59 39 jag
908 2228 204 33 emellertid,
1136 2229 48 28 att
1209 2227 126 39 Kungl.
1359 2227 104 39 Maj:t
1486 2227 178 29 inhämtar
1687 2227 89 29 riks-

268 2273 130 37 dagens
418 2271 163 39 yttrande
604 2271 12 28 i
638 2271 152 29 ärendet.

318 2348 184 29 Utskottet.
528 2348 13 28 I
567 2346 227 29 förevarande
820 2346 217 39 proposition
1062 2346 45 29 ha
1131 2345 193 29 redovisats
1349 2346 40 29 de
1416 2346 85 33 skäl,
1529 2354 73 20 som
1627 2345 71 29 tala
1722 2345 54 28 för

272 2399 217 39 övergången
513 2399 53 28 till
592 2407 41 20 en
657 2398 79 29 från
763 2398 131 28 skatter
920 2397 64 28 och
1011 2396 273 39 socialpolitiska
1309 2396 178 29 förmåner
1512 2396 126 29 rensad
1663 2395 113 29 index.

270 2450 176 29 Utskottet
472 2449 96 29 delar
595 2447 404 41 departementschefens
1026 2447 236 39 uppfattning,
1291 2449 50 27 att
1368 2447 100 30 dessa
1496 2447 75 29 skäl
1599 2447 84 28 böra
1709 2445 67 29 till-
