2204 2634
430 219 38 30 10
904 219 226 41 Lagutskottets
1159 218 164 33 Utlåtande
1347 220 64 31 N:o
1435 222 51 30 19.

386 302 56 31 tre
476 297 58 36 till
563 310 70 23 sex
661 296 184 37 månader
872 296 59 37 för
958 297 100 45 dem,
1088 311 83 23 som
1198 297 86 37 icke
1313 303 104 30 utom
1446 297 101 36 riket
1575 297 148 47 vistats,
1753 303 99 31 samt
1880 298 41 36 af
1947 296 56 38 ett

388 351 40 33 år
454 347 59 37 för
541 347 99 45 dem,
670 360 81 23 som
780 347 84 37 från
892 347 205 37 utländska
1125 353 102 31 orter
1253 349 89 36 bort
1368 348 225 36 bevittnade
1622 361 123 23 vara.»

520 398 69 36 Att
629 398 114 36 dessa
775 397 243 37 föreskrifter
1049 412 94 23 voro
1172 398 184 49 lämpliga
1383 398 71 37 och
1483 398 331 49 ändamålsenliga
1841 398 60 37 för
1931 400 71 35 100

388 452 40 33 år
468 449 133 46 sedan,
630 448 176 37 betviflas
835 448 98 36 visst
958 448 101 47 icke,
1088 462 87 23 men
1203 449 294 36 förhållandena
1525 449 116 36 hafva
1669 449 120 36 sedan
1818 449 89 36 dess
1937 449 65 36 be-

385 499 144 48 tydligt
569 499 137 36 ändrat
744 499 73 47 sig,
857 499 47 36 då
931 499 152 36 landets
1112 499 228 49 befolkning
1367 513 50 22 nu
1445 500 177 36 befinner
1650 500 62 47 sig
1738 502 50 46 på
1815 500 185 47 rörligare

387 550 57 36 fot
472 554 47 31 än
548 549 191 48 någonsin
766 549 90 36 förr.
909 549 131 48 Några
1069 553 60 33 års
1157 550 160 36 vistelse
1345 550 13 36 i
1376 550 188 46 utlandet,
1581 550 420 46 särskildt
1779 545 19 57 i
1822 550 179 46 Amerika,

387 600 71 36 och
486 600 123 36 sedan
638 600 212 36 återkomst
876 600 58 36 till
961 600 281 48 fosterbygden
1269 600 72 37 hör
1368 601 35 48 ej
1431 600 59 36 till
1518 600 67 37 det
1614 600 192 49 ovanliga,
1834 601 73 36 och
1935 601 67 36 vill

386 651 48 36 då
473 653 129 45 någon
643 650 118 37 sådan
801 655 158 31 resenär
997 651 94 47 ingå
1131 651 215 48 äktenskap
1380 651 80 47 här,
1494 656 123 31 möter
1644 651 77 36 han
1748 651 253 48 svårigheter,

385 701 146 49 hvarpå
570 701 76 36 han
687 700 116 37 oftast
843 700 102 37 förut
983 701 87 36 icke
1111 702 120 35 tänkt.
1286 701 82 37 Här
1407 705 59 32 stå
1497 701 143 37 honom
1669 715 51 23 nu
1748 705 65 33 två
1839 706 164 43 utvägar

386 757 128 43 öppna
542 751 61 36 för
631 756 55 31 att
711 751 38 36 få
777 751 60 36 sin
865 751 289 37 hinderslöshet
1180 751 205 49 fulltygad,
1414 752 84 36 dels
1525 752 171 48 »borgen
1724 752 41 36 af
1778 751 222 49 trovärdige

386 807 120 41 män»,
535 801 84 37 dels
647 802 233 47 kungörelse
909 802 12 36 i
948 802 111 36 Post-
1088 803 73 36 och
1189 803 150 36 Inrikes
1367 802 208 49 tidningar.
1631 802 84 37 Den
1743 803 121 36 första
1883 807 42 31 är
1937 803 64 36 be-

386 858 180 43 qvämare
596 852 73 36 och
698 852 170 47 enklare,
898 852 72 36 och
999 858 55 31 att
1082 853 173 36 anskaffa
1282 859 101 40 män,
1412 866 82 23 som
1515 858 65 31 äro
1598 853 151 48 färdige
1766 853 74 37 och
1854 852 146 48 villige,

385 904 58 35 för
483 903 197 48 vänskaps
721 903 113 46 skull,
876 908 55 31 att
963 902 146 49 afgifva
1137 904 148 47 borgen
1314 903 57 37 för
1399 903 96 36 hans
1523 903 301 47 hinderslöshet,
1850 906 150 34 »såsom

386 967 60 22 om
487 966 47 23 en
576 953 42 36 af
642 953 85 36 dem
755 953 104 36 känd
888 953 72 36 och
988 953 148 37 vittnad
1166 955 101 46 sak»,
1295 954 111 36 torde
1434 954 12 36 i
1474 954 47 36 de
1551 954 111 36 flesta
1689 953 66 37 fall
1783 954 86 37 icke
1898 959 104 31 möta

385 1007 129 45 någon
544 1003 207 48 svårighet,
780 1004 102 36 helst
909 1004 353 48 ansvarsföljderna
1290 1005 63 35 väl
1382 1009 64 31 äro
1476 1007 43 33 så
1545 1005 98 47 godt
1670 1017 83 24 som
1781 1004 109 49 inga;
1911 1017 90 23 men

384 1055 96 35 huru
508 1067 92 36 pass
629 1054 222 48 trovärdige
882 1054 115 36 dessa
1024 1055 235 47 borgesmän
1286 1055 130 36 kunna
1444 1067 113 24 anses
1586 1068 103 33 vara,
1718 1054 114 37 äfven
1861 1068 62 23 om
1952 1054 47 37 de

385 1104 135 48 sjelfva
549 1105 200 48 samtidigt
776 1105 138 36 vistats
942 1105 11 35 i
982 1105 195 43 Amerika,
1206 1110 41 31 är
1274 1105 71 36 lätt
1372 1110 55 31 att
1453 1105 98 46 inse,
1571 1105 48 36 då
1638 1105 183 37 Amerika
1835 1111 41 31 är
1891 1110 108 31 stort.

385 1154 127 37 Oftast
540 1158 122 33 måste
692 1155 100 36 dock
820 1158 127 33 såsom
976 1156 235 47 borgesmän
1239 1156 138 36 anlitas
1405 1169 199 35 personer,
1621 1169 82 23 som
1718 1156 147 36 kanske
1879 1156 123 36 under

384 1205 87 37 hela
500 1206 77 36 den
603 1205 146 37 utrikes
778 1205 188 37 vistelsen
994 1206 138 36 vistats
1165 1206 11 36 i
1205 1206 248 49 hembygden
1481 1206 74 37 och
1584 1206 126 48 aldrig
1737 1206 83 37 haft
1848 1219 67 23 ens
1945 1212 56 30 ett

385 1255 89 37 bref
497 1256 86 36 från
611 1256 95 36 eller
733 1269 61 23 om
824 1256 74 36 den
925 1269 157 36 person,
1110 1256 59 37 för
1196 1256 179 37 hvilkens
1403 1257 289 36 hinderslöshet
1719 1257 76 36 han
1824 1256 98 37 skall
1950 1259 51 45 gå

383 1307 13 35 i
439 1307 159 47 borgen,
626 1310 147 33 »såsom
803 1320 48 22 en
880 1306 41 36 af
944 1306 87 37 dem
1060 1307 103 36 känd
1191 1308 74 36 och
1292 1307 148 37 vittnad
1468 1308 100 36 sak».
1621 1307 278 37 Alltsammans
1927 1307 75 37 blir

385 1357 48 36 då
474 1369 49 24 en
561 1370 69 23 ren
672 1353 182 70 humbug,
897 1357 71 36 och
995 1357 67 36 fall
1089 1357 80 37 lära
1197 1357 113 37 äfven
1337 1358 180 46 inträffat,
1546 1358 50 36 då
1621 1363 134 44 pastor
1782 1363 136 43 vägrat
1946 1363 54 31 att

384 1407 150 36 utfärda
561 1407 157 49 lysning
744 1411 50 45 på
821 1407 143 37 sådana
991 1408 242 48 »trovärdiga
1260 1413 110 32 mäns
1399 1408 178 49 borgen>.

554 1461 141 33 terstår
734 1458 47 36 då
820 1458 76 36 den
936 1458 119 36 andra
1087 1463 185 43 utvägen:
1302 1464 55 31 att
1384 1459 176 63 kungöra
1588 1458 67 37 sitt
1682 1458 277 37 förehafvande
1990 1459 13 36 i

384 1508 107 36 Post-
519 1508 74 36 och
622 1509 148 36 Inrikes
798 1508 197 48 tidningar
1023 1509 74 36 och
1124 1529 50 4 —
1200 1514 117 32 vänta
1345 1514 55 32 ett
1427 1513 50 33 år.
1532 1509 91 37 Men
1651 1504 105 42 detta
1775 1514 164 31 väntans
1960 1512 40 33 år

384 1560 76 35 kan
493 1557 120 38 blifva
645 1559 227 48 ödesdigert
899 1563 49 44 på
976 1559 102 36 olika
1106 1564 88 42 sätt,
1222 1563 128 33 såsom
1379 1565 55 31 att
1460 1559 272 49 fästeqvinnan
1759 1560 138 36 häfdas
1927 1560 72 36 och

384 1609 249 48 öfvergifves,
674 1615 55 31 att
769 1610 329 36 kontrahenterna
1138 1610 108 48 börja
1277 1610 101 36 lefva
1404 1610 255 37 tillsammans
1687 1610 14 36 i
1729 1610 271 48 oegentlighet

384 1660 72 36 och
497 1659 182 37 förblifva
719 1660 121 36 sedan
880 1660 173 49 liknöjda
1091 1660 59 37 för
1182 1666 55 31 ett
1270 1661 163 37 ordnadt
1461 1661 229 48 äktenskap,
1720 1660 94 37 eller
1840 1666 56 31 att
1924 1660 75 37 den

382 1710 196 37 tilltänkta
605 1710 264 37 förbindelsen
899 1710 77 37 slås
1003 1724 91 35 upp.

517 1761 317 48 Lagstiftningen
862 1761 70 36 bör
959 1761 87 37 icke
1075 1766 143 32 utsätta
1245 1774 187 37 personer
1450 1761 60 37 för
1529 1761 144 37 sådana
1687 1761 200 37 frestelser
1902 1761 96 36 eller

385 1811 254 48 svårigheter.
693 1812 17 35 I
737 1811 124 37 likhet
888 1812 88 36 med
1004 1811 291 37 förhållandena
1321 1811 13 36 i
1363 1812 117 37 andra
1508 1812 147 46 länder,
1684 1817 25 31 t.
1739 1825 59 23 ex.
1819 1812 12 36 i
1850 1812 147 48 Norge,

384 1875 82 23 som
494 1861 102 37 dock
623 1862 12 36 i
663 1862 372 49 äktenskapsfrågor
1062 1862 70 37 har
1159 1876 80 23 mer
1268 1862 156 49 skärpta
1450 1863 110 48 lagar
1588 1867 48 31 än
1655 1862 50 48 vi,
1730 1862 110 37 torde
1860 1862 69 36 här
1948 1875 50 23 en

383 1912 222 48 förenkling
631 1912 93 37 böra
752 1913 81 36 ske.

518 1961 84 38 Och
630 1963 123 36 skulle
777 1963 70 48 jag
873 1963 104 37 helst
1002 1963 93 48 vilja
1124 1963 151 47 föreslå,
1304 1968 55 32 att
1386 1963 101 37 det
1478 1957 22 68 i
1518 1963 296 58 ifrågavarande
1843 1962 67 37 fall
1930 1976 66 23 an-

384 2016 114 45 såges
526 2006 236 56 tillräckligt,
791 2019 56 31 att
874 2014 199 37 sökanden
1100 2013 65 37 vid
1192 2013 210 49 uttagande
1431 2014 42 36 af
1495 2014 194 48 lysning
1672 2002 24 64 i
1719 2014 171 36 vittnens
1909 2018 87 32 när-

383 2076 91 23 varo
515 2063 154 49 afgåfve
710 2077 48 23 en
801 2065 164 48 muntlig
1005 2064 96 37 eller
1141 2064 168 49 skriftlig
1339 2065 214 45 försäkran,
1581 2069 55 31 att
1663 2065 77 36 han
1768 2069 41 31 är
1837 2063 59 36 fri
1911 2064 85 36 från

383 2114 133 48 hvarje
563 2114 118 37 sådan
725 2114 249 47 förbindelse,
1020 2128 82 23 som
1148 2115 75 36 kan
1263 2115 118 48 lägga
1421 2114 137 37 hinder
1596 2114 61 37 för
1697 2115 65 37 det
1801 2113 194 37 tilltänkta

383 2165 267 49 äktenskapet.

516 2215 92 37 Men
648 2215 47 38 då
735 2215 126 37 denna
898 2215 109 49 fråga
1047 2215 111 37 torde
1187 2215 128 38 fordra
1342 2216 266 49 kyrkomötets
1636 2214 182 47 hörande,
1846 2213 57 38 får
1925 2214 70 48 jag

382 2265 60 36 för
468 2265 75 37 den
572 2266 101 36 skull
700 2266 199 37 vördsamt
925 2266 155 47 föreslå,
