2220 2632
450 212 118 35 Första
591 215 207 35 kammarens
821 220 136 31 andra
983 222 158 42 tillfälliga
1165 226 138 33 utskotts
1327 228 163 35 utlåtande
1512 231 54 32 Nr
1590 233 32 32 8.
1828 236 18 31 3

339 281 33 46 Å
400 291 129 38 däckat
557 295 227 51 fiskefartyg,
814 312 82 23 vars
925 301 210 50 dräktighet
1163 309 144 45 uppgår
1333 308 58 36 till
1421 312 46 34 30
1486 315 62 32 ton
1570 314 90 35 eller
1680 310 165 59 däröver,

237 341 91 35 skall
357 341 152 51 behörig
536 345 232 39 befälhavare
796 350 118 36 finnas
943 354 169 44 anställd;
1141 357 67 35 och
1238 356 144 39 fordras
1411 359 57 37 för
1487 362 220 51 behörighet
1726 369 118 34 såsom

236 391 232 39 befälhavare
509 399 20 32 &
569 396 121 50 dylikt
731 399 125 50 fartyg
891 407 53 31 att
972 417 85 22 vara
1085 407 128 36 svensk
1243 406 195 40 undersåte
1466 413 68 36 och
1562 414 93 37 hava
1682 415 87 49 fyllt
1798 420 42 34 21

235 445 40 32 år
302 449 94 30 samt
423 452 68 41 äga
519 450 161 35 normalt
708 449 187 49 färgsinne
922 454 67 35 och
1018 456 201 50 tillräcklig
1246 471 85 36 syn-
1352 461 67 36 och
1439 463 291 52 hörselförmåga
1748 474 96 31 samt

234 493 190 47 därjämte,
441 495 79 37 ifall
549 497 103 50 fråga
680 507 40 29 är
746 514 59 23 om
834 504 226 50 segelfartyg
1086 508 12 33 i
1127 510 194 47 europeisk
1349 512 88 36 eller
1464 514 265 40 vidsträcktare
1757 518 84 46 fart,

234 545 175 47 antingen
451 552 54 31 att
545 549 92 36 hava
669 551 148 36 erhållit
843 555 248 48 skepparbrev
1119 571 44 23 av
1191 559 114 37 andra
1333 563 95 36 klass
1456 565 90 36 eller
1573 568 67 35 ock
1668 573 54 31 att
1749 570 93 36 hava

233 607 44 22 av
305 608 44 22 en
378 602 87 31 utav
492 598 135 50 Kungl.
657 601 124 48 Maj:ts
809 604 272 39 vederbörande
1109 608 391 52 befallningshavande
1529 615 201 40 förordnad
1758 621 82 35 sak-

231 645 145 49 kunnig
416 661 132 35 person
585 652 148 36 erhållit
770 659 53 30 ett
851 658 46 45 på
924 656 181 50 företaget
1132 659 127 38 förhör
1285 664 163 47 grundat
1475 667 108 49 intyg
1611 669 229 39 beträffande

231 697 207 37 kännedom
479 713 59 23 om
580 702 188 48 sjökortet,
803 706 218 49 kompassen
1054 710 67 35 och
1149 711 149 38 kursers
1326 717 224 45 avsättande,
1579 732 61 23 om
1667 722 172 46 gällande

229 747 229 49 stadganden
499 753 189 47 angående
729 756 170 48 åtgärder
938 759 57 35 till
1037 760 234 39 undvikande
1311 777 43 24 av
1381 767 338 52 ombordläggning
1745 778 94 31 samt

229 811 59 22 om
327 799 69 36 vad
438 813 78 24 som
543 803 67 36 bör
636 806 181 48 iakttagas
858 809 11 34 i
897 809 173 37 händelse
1098 825 43 22 av
1168 814 230 51 strandning.
1452 817 260 51 Nyssnämnda
1730 824 109 49 intyg

228 848 58 37 får
325 849 93 37 dock
449 853 80 35 icke
570 854 168 37 utfärdas
766 857 58 36 för
851 871 120 24 annan
1000 868 45 28 än
1073 861 82 46 den,
1185 876 78 24 som
1293 865 86 50 fyllt
1408 869 43 35 21
1482 872 49 42 år,
1561 877 87 42 äger
1675 875 161 36 normalt

228 899 188 49 färgsinne
461 904 67 35 och
573 906 73 46 god
692 907 239 50 synförmåga
976 916 88 31 utan
1108 916 218 47 närsynthet
1365 925 172 31 ävensom
1581 922 75 48 god
1700 924 132 46 hörsel,

227 949 170 50 fullgjort
442 953 70 37 den
557 954 57 37 för
659 958 211 37 erhållande
915 974 44 23 av
1003 963 247 49 skepparbrev
1294 980 44 23 av
1374 969 113 37 andra
1523 972 96 36 klass
1657 975 175 48 stadgade

226 1002 307 51 sjötjänstgöring
574 1013 104 40 samt,
706 1008 122 37 därest
868 1010 71 37 han
980 1012 166 38 befinner
1186 1017 57 48 sig
1269 1019 11 33 i
1308 1021 346 47 värnpliktsåldern,
1683 1023 151 40 företett

225 1053 175 48 antingen
442 1056 325 50 inskrivningsbok
808 1062 89 35 eller
937 1076 118 23 annan
1093 1066 61 35 vid
1181 1067 233 51 inskrivning
1441 1071 174 39 utfärdad
1642 1075 190 51 handling,

224 1103 58 34 till
323 1105 198 48 styrkande
549 1121 44 22 av
621 1109 90 36 hans
739 1113 475 49 värnpliktsförhållanden,
1244 1120 88 35 eller
1359 1122 78 44 ock,
1466 1135 60 24 om
1554 1125 133 37 hinder
1714 1133 119 31 möter

224 1152 57 37 för
321 1155 212 38 erhållande
573 1172 43 22 av
656 1160 111 36 sådan
811 1163 190 50 handling,
1030 1167 107 48 intyg
1164 1181 59 23 om
1252 1171 246 50 anledningen
1527 1176 58 34 till
1613 1176 149 38 hindret
1788 1192 44 24 av

222 1217 45 22 en
308 1218 144 34 person,
494 1221 81 23 vars
616 1212 252 49 trovärdighet
895 1215 197 38 vitsordats
1120 1231 43 22 av
1191 1219 264 49 domhavande,
1485 1227 205 46 magistrat,
1719 1229 110 48 borg-

221 1261 168 39 mästare,
427 1260 166 35 notarius
621 1262 184 47 publicus,
835 1265 239 49 kronofogde,
1103 1270 180 45 länsman,
1312 1272 242 49 kyrkoherde,
1582 1278 80 36 vice
1688 1284 136 43 pastor,

221 1305 254 38 komminister
502 1311 89 34 eller
618 1311 221 39 ordförande
862 1315 66 36 hos
947 1317 347 52 stadsfullmäktige,
1322 1323 4 34 i
1345 1323 231 39 kommunal-
1596 1329 89 35 eller
1704 1331 124 35 muni-

219 1357 253 47 cipalstämma
499 1361 89 35 eller
621 1362 6 35 i
654 1363 367 39 kommunalnämnd.
1776 1384 3 3 |

320 1407 244 52 Fiskefartyg,
607 1425 77 24 som
713 1413 221 39 framdrives
962 1418 84 36 med
1073 1420 246 49 hjälpmaskin
1348 1425 87 35 eller
1463 1427 83 36 med
1575 1434 130 41 motor,
1735 1432 90 35 skall

218 1458 11 34 i
258 1457 104 49 fråga
402 1472 60 24 om
502 1464 227 36 anställande
770 1479 44 23 av
854 1467 170 50 behörigt
1060 1469 96 38 befäl
1184 1485 105 24 anses
1316 1476 73 35 lika
1417 1477 83 36 med
1528 1479 226 52 segelfartyg
1781 1496 43 23 av

217 1520 92 24 ovan
338 1511 137 36 nämnd
503 1512 267 40 beskaffenhet.
1708 1544 2 3 |

318 1560 71 36 För
416 1562 212 38 erhållande
656 1579 43 23 av
727 1567 248 50 skepparbrev
1002 1584 43 24 av
1074 1574 56 35 2:a
1158 1575 97 36 klass
1283 1575 159 39 fordras:

317 1616 53 30 att
408 1625 86 23 vara
536 1617 133 35 svensk
712 1618 195 37 undersåte
948 1622 68 35 och
1057 1623 93 37 hava
1191 1625 85 49 fyllt
1306 1629 43 34 19
1379 1631 40 33 år
1446 1636 94 30 samt
1566 1638 69 42 äga
1662 1637 162 34 normalt

216 1659 188 50 färgsinne
444 1664 68 35 och
552 1666 73 47 god
667 1668 236 50 synförmåga
931 1677 88 31 utan
1046 1677 221 46 närsynthet
1295 1685 171 31 ävensom
1494 1682 73 47 god
1594 1683 136 45 hörsel;
1769 1691 54 31 att

214 1711 104 44 hava,
360 1712 94 36 efter
494 1717 178 46 uppnådd
712 1719 102 35 ålder
855 1734 44 22 av
930 1723 43 34 14
1003 1725 49 42 år,
1082 1725 217 49 tjänstgjort
1327 1731 45 33 24
1402 1731 173 36 månader
1603 1734 57 35 till
1689 1735 93 47 sjöss
1809 1738 11 33 i

212 1762 116 46 tjänst
360 1767 46 44 på
433 1764 102 45 däck,
565 1766 111 37 därav
704 1770 113 34 minst
848 1773 42 32 12
921 1773 173 36 månader
1121 1778 20 32 å
1168 1777 241 51 segelfartyg;
1441 1786 54 30 att
1520 1782 63 35 vid
1609 1782 127 39 förhör
1762 1788 58 34 in-

213 1811 56 36 för
309 1816 592 47 navigationsskoleföreståndare
942 1820 329 52 (skepparexamen
1299 1843 43 22 av
1371 1832 56 33 2:a
1454 1831 111 47 klass)
1608 1835 93 36 hava
1727 1838 94 35 visat

211 1863 57 47 sig
296 1870 67 41 äga
390 1866 206 37 kännedom
633 1881 59 23 om
722 1882 138 24 samma
888 1874 55 34 till
973 1873 176 48 sjöfarten
1179 1878 162 37 hörande
1368 1887 134 31 ämnen
1530 1896 77 24 som
1635 1886 62 35 vid
1725 1899 93 25 ovan

209 1912 243 39 omförmälda
492 1916 124 38 förhör
656 1919 100 37 inför
783 1921 70 36 den
882 1925 247 49 sakkunnige;
1158 1929 68 35 och
1255 1930 91 36 skall
1374 1932 61 36 vid
1463 1932 165 39 förhöret
1656 1938 161 36 sakkun-

209 1963 83 47 nigt
318 1965 67 35 och
413 1969 181 45 opartiskt
620 1971 131 43 vittne,
781 1984 78 24 som
889 1987 43 22 av
962 1975 133 37 Kungl.
1125 1978 126 48 Maj:ts
1278 1982 272 38 vederbörande
1578 1985 238 51 befallnings-

209 2013 165 36 havande
415 2015 206 47 förordnas,
664 2034 86 22 vara
791 2024 191 36 tillstädes.
1037 2004 96 59 Över
1173 2031 133 47 avlagd
1343 2033 313 48 skepparexamen
1684 2051 45 22 av
1758 2041 57 33 2:a

208 2063 96 35 klass
345 2065 165 38 utfärdas
551 2082 42 22 av
633 2073 614 45 mnavigationsskoleföreståndaren
1284 2081 116 49 intyg.
1455 2083 137 38 Sådant
1620 2088 108 48 intyg
1756 2093 59 32 må

210 2114 204 36 emellertid
456 2118 31 45 ej
529 2118 167 38 utfärdas
735 2121 57 36 för
833 2136 121 24 annan
995 2133 45 29 än
1068 2127 82 44 den,
1181 2142 76 23 som
1288 2130 170 49 fullgjort
1487 2135 69 35 den
1585 2135 66 36 här
1677 2138 138 36 omför-

210 2163 122 36 mälda
372 2166 228 47 sjötjänsten.
656 2170 126 37 Såsom
825 2174 115 46 tjänst
968 2179 45 44 på
1041 2177 90 36 däck
1158 2181 132 35 räknas
1318 2182 12 34 i
1357 2182 101 37 detta
1487 2184 64 35 fall
1580 2187 73 35 viss
1681 2188 132 47 tjänst-

207 2215 133 46 göring
367 2218 20 32 å
413 2213 190 41 Abraham
634 2220 192 51 Rydbergs
855 2224 177 38 stiftelses
1060 2228 207 50 skolskepp.

307 2265 182 50 Slutligen
518 2269 90 36 skall
637 2284 45 23 en
710 2285 74 32 var,
813 2287 78 23 som
920 2277 106 46 eljest
1054 2280 145 48 styrker
1226 2282 57 48 sig
1310 2282 90 38 hava
1428 2283 78 38 före
1525 2285 286 53 förordningens
