2211 2672
387 243 39 30 30
923 238 214 38 Laqgutskottets
1160 235 149 29 utlåtande
1333 235 46 27 Nr
1403 234 47 28 I3.

388 325 70 34 kan
487 321 105 37 alltid
621 325 194 43 utestänga
842 316 317 48 tillströmningen
1187 315 11 34 i
1227 312 221 48 erforderlig
1476 313 84 33 mån
1587 322 134 36 genom
1749 313 53 31 att
1829 311 94 32 sätta
1942 311 53 31 ett

388 374 216 48 tillräckligt
632 372 89 48 högt
749 368 257 38 minimivärde
1035 370 46 46 på
1108 366 192 36 föremålet
1328 363 57 37 för
1412 363 138 44 tvister,
1578 374 79 23 som
1685 359 38 37 få
1749 358 193 49 fullföljas.

486 426 131 35 Denna
646 428 111 43 utväg
785 429 39 29 är
851 421 93 36 dock
971 420 80 36 icke
1078 418 115 36 heller
1220 420 114 44 något
1361 414 185 37 rationellt
1573 411 131 46 medel,
1725 424 78 23 som
1827 417 39 29 är
1885 414 110 44 ägnat

388 483 52 32 att
472 477 115 36 väcka
613 473 338 43 tillfredsställelse,
980 476 89 31 utan
1098 483 43 22 en
1170 467 287 48 nödfallsutväg,
1487 478 77 23 som
1592 477 85 23 man
1704 468 106 42 tager
1837 462 156 48 ovilligt.

387 529 54 37 De
474 528 144 36 mindre
646 525 216 38 bemedlade
890 525 93 35 hava
1011 522 143 36 mindre
1180 516 417 52 förmögenhetsvärden
1624 520 54 31 att
1705 521 83 29 röra
1816 514 57 48 sig
1900 513 94 44 med,

388 594 85 23 men
501 579 58 37 för
586 579 83 36 dem
698 585 63 29 äro
789 576 106 37 dessa
922 588 43 23 av
992 575 73 36 lika
1093 578 75 31 stor
1195 571 201 50 betydelse,
1425 582 78 23 som
1531 567 44 37 de
1603 572 117 31 större
1748 564 162 38 värdena
1934 571 63 29 äro

387 633 58 37 för
485 631 45 37 de
571 643 99 24 mera
709 629 204 48 förmögna.
967 625 153 49 Viktiga
1156 622 344 50 rättsgrundsatser,
1536 632 77 24 som
1642 618 143 49 påkalla
1812 616 185 49 allvarligt

388 682 239 44 bedömande,
657 681 98 46 dölja
782 681 56 46 sig
865 686 92 29 även
985 679 74 34 lika
1086 677 145 47 mycket
1258 675 132 35 bakom
1419 671 144 37 mindre
1589 670 137 36 värden
1754 681 78 23 som
1860 669 12 34 i
1900 672 98 31 stora

388 734 150 36 värden.
592 733 75 35 När
702 731 137 47 Kungl.
868 729 106 47 Maj:t
1001 731 40 31 år
1071 728 93 34 1907
1194 725 171 47 föreslog,
1395 728 52 30 att
1475 722 83 35 från
1586 719 166 46 fullföljd
1779 719 62 35 till
1868 719 131 46 högsta

390 788 141 34 instans
560 784 161 35 utesluta
749 782 107 35 civila
882 780 74 36 mål
976 779 68 36 och
1071 776 187 44 brottmål,
1280 775 45 37 då
1352 774 128 37 värdet
1507 786 43 23 av
1568 770 70 38 vad
1657 783 77 24 som
1754 773 145 45 tappats
1918 768 80 36 icke

390 836 200 48 överstiger
618 839 51 31 ett
697 839 109 30 tusen
834 833 148 41 kronor,
1012 830 143 47 avslogs
1184 828 99 36 detta
1311 840 42 22 av
1381 824 209 48 Riksdagen
1619 826 119 33 såsom
1770 822 100 35 >icke
1897 827 102 29 över-

391 885 295 39 ensstämmande
715 883 84 37 med
827 883 72 36 den
927 880 241 51 uppfattning
1195 878 157 37 rörande
1380 881 150 45 partens
1557 874 221 48 rättigheter
1804 873 13 34 i
1843 871 157 36 berörda

392 938 219 42 hänseende,
641 950 78 23 som
746 936 66 35 hos
840 933 142 37 landets
1010 931 218 48 befolkning
1256 930 153 35 allmänt
1436 934 67 42 gör
1530 928 57 46 sig
1605 924 206 50 gällande».
1847 923 64 36 Ett
1931 921 68 50 dy-

391 991 70 35 likt
497 989 130 43 medel,
663 988 113 35 vilket
804 990 38 32 så
869 987 69 34 lätt
964 983 172 37 framstår
1164 985 116 33 såsom
1311 994 44 22 en
1383 979 141 37 olikhet
1550 976 98 37 inför
1674 977 119 46 lagen,
1822 987 87 23 vore
1936 986 64 23 en-

392 1043 69 48 ligt
502 1040 213 48 riksdagens
757 1036 242 51 uppfattning
1035 1048 45 22 en
1120 1032 139 50 åtgärd,
1303 1045 78 23 som
1421 1029 128 37 endast
1584 1029 13 35 i
1638 1028 88 35 sista
1761 1025 100 37 hand
1887 1024 114 37 borde

392 1094 144 35 anlitas.
590 1092 61 35 Nu
691 1090 65 35 har
796 1088 244 49 lagutskottet
1080 1083 205 38 emellertid
1314 1083 109 47 sväljt
1450 1080 62 36 det
1537 1080 114 36 bäska
1678 1079 125 48 pillret
1831 1082 91 30 utan
1950 1080 52 31 att

393 1145 125 35 kunna
558 1150 88 41 göra
686 1142 95 35 klart
822 1139 56 36 för
919 1139 66 48 sig,
1015 1138 70 35 hur
1112 1138 103 46 långt
1242 1147 87 23 man
1357 1136 115 33 måste
1499 1134 48 46 gå
1573 1128 59 38 för
1659 1134 56 32 att
1742 1128 73 36 den
1843 1126 160 37 avsedda

394 1194 159 36 effekten
582 1193 90 35 skall
700 1191 89 36 fullt
816 1191 141 35 infinna
984 1189 66 47 sig.
1096 1188 70 34 Det
1193 1188 71 34 kan
1291 1184 121 37 hända
1439 1188 53 31 att
1519 1187 53 30 ett
1600 1187 109 29 tusen
1736 1181 136 34 kronor
1899 1179 105 47 inga-

394 1245 115 37 lunda
550 1251 38 29 är
628 1242 217 48 tillräckligt
885 1246 90 31 utan
1016 1244 54 31 att
1102 1237 220 49 regeringen
1351 1238 115 33 måste
1493 1234 148 35 komma
1668 1230 84 37 med
1778 1229 85 37 vida
1889 1228 114 48 högre

394 1298 146 46 belopp.
595 1295 46 35 Vi
684 1307 36 22 se
757 1294 44 47 ju
838 1293 120 43 också,
988 1291 179 35 hurusom
1210 1287 224 48 exempelvis
1472 1285 8 35 i
1518 1281 189 52 Tyskland
1747 1294 85 23 man
1868 1283 9 32 i
1909 1278 95 49 följd

396 1362 44 21 av
477 1347 63 36 det
572 1346 235 36 ekonomiska
834 1344 109 35 livets
972 1341 213 47 utveckling
1212 1338 157 49 nödgats
1396 1337 102 35 inom
1526 1335 71 36 den
1624 1335 107 35 korta
1757 1330 177 50 perioden
1962 1343 43 22 av

395 1398 75 37 fem
512 1401 39 32 år
583 1397 85 47 höja
695 1408 144 23 summa
866 1393 204 50 apellabilis
1096 1391 94 36 först
1217 1389 83 36 från
1331 1390 109 42 1,500
1469 1386 103 36 mark
1598 1386 58 34 till
1685 1385 110 43 2,500
1823 1383 68 35 och
1920 1381 85 36 där-

396 1450 93 35 efter
529 1450 57 33 till
628 1448 110 42 4,000
779 1446 102 35 mark
922 1445 67 36 och
1031 1443 103 35 detta
1168 1442 55 35 lär
1255 1445 102 31 snart
1385 1440 31 47 ej
1447 1438 115 36 heller
1589 1449 88 23 vara
1703 1433 197 50 tillfyllest.
1953 1432 53 36 På

397 1501 102 36 detta
539 1504 71 31 sätt
646 1499 165 35 kommer
838 1497 56 35 till
924 1497 66 34 sist
1018 1494 71 37 den
1117 1494 130 47 högsta
1273 1490 317 48 rättsskipningen
1617 1491 53 32 att
1696 1486 53 35 bli
1776 1484 230 36 förbehållen

397 1551 129 37 endast
553 1550 72 36 den
654 1555 115 30 större
797 1546 319 49 förmögenheten.
1162 1544 55 35 En
1244 1556 51 36 ny
1322 1541 161 48 ordning
1505 1540 67 35 bör
1590 1541 48 46 gå
1655 1538 13 35 i
1687 1536 72 37 den
1778 1536 226 46 riktningen,

398 1608 53 30 att
479 1602 71 36 den
579 1606 116 31 större
725 1599 306 48 förmögenheten
1057 1597 13 35 i
1097 1596 74 35 lika
1198 1597 84 33 mån
1311 1606 79 23 som
1419 1591 44 36 de
1486 1593 77 33 små
1581 1589 249 48 tillgångarne
1850 1586 155 35 drabbas

398 1668 42 21 av
480 1652 185 36 förbudet.
719 1650 112 36 Detta
867 1662 108 36 synes
1012 1649 123 34 kunna
1176 1647 61 34 ske
1273 1658 60 22 om
1370 1644 31 47 ej
1436 1641 238 47 fullkomligt
1701 1642 39 32 så
1775 1637 93 37 dock
1895 1638 12 34 i
1935 1636 71 36 den

399 1709 98 31 rätta
524 1704 213 46 riktningen
765 1714 133 35 genom
927 1713 44 22 en
990 1697 184 50 betydligt
1198 1696 208 48 progressiv
1426 1690 332 48 revisionsskilling
1777 1689 117 47 enligt
1913 1700 93 23 ovan

399 1756 175 47 framlagt
603 1753 147 49 förslag.

504 1804 238 37 Fortfarande
784 1806 113 32 måste
940 1800 140 36 således
1121 1812 78 23 som
1236 1797 101 36 förut
1373 1796 108 48 gälla,
1515 1799 54 31 att
1605 1807 45 22 en
1687 1804 144 24 summa
1870 1790 138 47 apella-

400 1858 85 34 bilis
514 1863 39 28 är
581 1869 45 22 en
654 1854 141 49 åtgärd,
825 1866 78 23 som
931 1852 129 35 endast
1087 1852 12 33 i
1128 1850 87 35 sista
1242 1847 97 37 hand
1367 1847 67 35 bör
1461 1846 140 35 tillitas.
1648 1841 217 38 Emellertid
1887 1841 121 34 finnes

400 1908 62 36 det
491 1920 44 23 en
563 1906 168 48 kategori
759 1906 84 42 mål,
873 1916 78 24 som
978 1903 126 34 kunna
1122 1899 174 37 hänföras
1316 1898 117 36 under
1453 1896 70 36 den
1542 1905 273 39 gemensamma
1833 1891 176 36 rubriken

401 1958 268 49 bagatellsaker
709 1957 68 35 och
818 1956 57 35 till
917 1953 135 36 sådana
1092 1953 125 34 kunna
1240 1951 44 47 ju
1311 1951 132 34 räknas
1471 1960 46 23 en
1543 1947 59 35 hel
1631 1945 58 36 del
1717 1945 72 35 mål
1817 1942 84 36 med
1927 1942 83 47 låga

401 2009 147 36 värden.
603 2008 135 48 Dylika
777 2007 104 35 saker
923 2018 42 22 av
1005 2005 99 35 såväl
1145 2002 84 36 civil
1270 2014 78 23 som
1389 1999 214 36 brottsmåls
1630 2001 111 31 natur
1767 1995 125 35 kunna
1920 1997 90 31 utan

402 2061 133 35 tvekan
563 2059 69 36 och
659 2065 92 29 även
781 2057 83 36 med
892 2060 94 32 rätta
1014 2055 170 36 avskäras
1211 2051 83 37 från
1323 2050 193 48 möjlighet
1543 2048 58 36 till
1628 2046 186 48 prövning
1836 2045 16 46 i
1879 2044 133 47 högsta

401 2113 153 35 instans.

503 2162 262 48 Lagutskottet
805 2158 63 37 vid
911 2159 93 34 1907
1047 2160 58 32 års
1145 2154 149 48 riksdag
1334 2153 132 35 liksom
1495 2151 120 35 denna
1642 2161 127 24 senare
1795 2146 216 48 ifrågasatte

404 2214 166 35 däremot
597 2217 65 38 att,
692 2212 11 34 i
733 2211 124 35 stället
884 2208 58 37 för
970 2213 53 30 att
1051 2214 88 41 göra
1166 2210 123 32 rätten
1316 2205 58 35 till
1403 2201 166 49 fullföljd
1587 2198 183 39 beroende
1789 2211 42 22 av
1851 2201 53 32 ett
1923 2197 89 36 visst

404 2262 313 51 penningevärde,
747 2261 82 36 från
856 2259 155 37 berörda
1039 2263 72 31 rätt
1139 2258 162 35 utesluta
1329 2256 95 35 vissa
1450 2255 139 34 klasser
1617 2264 43 23 av
1689 2251 83 35 mål.
1817 2249 66 35 -En
1900 2247 112 36 sådan
