2234 2659
444 230 17 27 2
622 221 116 33 Andra
762 220 202 33 kammarens
987 216 129 38 tredje
1141 212 170 43 tillfälliga
1333 211 139 33 utskotts
1494 208 169 34 utlåtande
1686 207 52 32 Nr
1760 209 29 29 1.

404 312 285 39 hufvudstaden
733 309 92 38 eller
863 307 249 46 Karlskrona,
1146 307 121 34 måste
1295 301 58 38 för
1377 314 46 24 en
1451 297 336 53 permissionsresa
1815 292 58 39 till
1900 293 105 36 hem-

403 371 108 33 orten
539 364 149 50 utgifva
716 362 105 38 cirka
850 362 45 36 15
923 360 141 36 kronor
1093 357 71 37 och
1191 353 233 40 därutöfver.
1468 350 135 38 Denna
1632 360 147 26 summa
1806 357 200 39 represen-

404 424 102 31 terar
544 415 230 49 visserligen
816 412 84 38 icke
940 414 118 46 något
1096 413 122 33 större
1261 406 152 49 belopp,
1451 416 87 24 men
1574 402 58 37 för
1660 400 47 37 de
1734 396 272 51 värnpliktige,

404 470 129 37 hvilka
575 468 12 37 i
628 465 210 40 allmänhet
878 463 83 38 icke
1002 461 116 38 hafva
1158 462 128 47 någon
1330 469 126 25 annan
1484 454 168 37 inkomst
1680 456 47 33 än
1755 449 74 38 den
1857 447 151 52 ganska

403 521 223 50 obetydliga
668 516 259 52 dagaflöning,
971 528 82 24 som
1089 515 114 47 utgår
1241 510 58 37 till
1328 509 86 37 dem
1438 506 121 37 under
1588 501 274 52 öfningstiden,
1891 505 40 32 är
1959 512 48 24 en

403 574 120 37 sådan
562 571 118 50 utgift
717 569 150 50 ganska
908 564 260 51 betungande.
1222 563 57 36 Då
1320 566 124 31 staten
1484 566 111 42 tager
1624 556 74 37 den
1725 551 280 52 värnpliktiges

402 625 56 38 tid
487 625 71 37 och
587 622 307 48 arbetsförmåga
921 619 10 36 i
960 616 167 51 anspråk
1159 615 58 37 för
1250 610 332 53 vapenöfningens
1622 605 255 51 fullgörande,
1913 609 95 30 utan

403 675 212 39 nämnvärd
644 672 227 48 ersättning,
899 670 110 37 torde
1038 669 65 36 det
1131 667 112 37 äfven
1271 677 92 24 vara
1391 668 147 32 statens
1564 660 96 50 plikt
1688 663 56 32 att
1771 654 170 40 bestrida
1961 653 47 37 de

403 727 173 50 utgifter,
617 739 82 24 som
734 730 64 31 äro
826 721 183 39 förenade
1034 719 87 37 med
1149 718 74 36 den
1251 710 485 55 tjänstgöringsskyldiges
1764 705 246 49 nödvändiga

404 778 369 52 permissionsresor.
828 775 123 49 Ingen
977 772 76 37 kan
1076 767 205 52 rimligtvis
1311 780 102 33 anse,
1443 770 55 32 att
1512 761 362 52 permissionsresor
1888 756 121 38 under

405 829 264 51 öfningstiden
711 834 64 31 äro
817 825 176 49 onödiga.
1048 822 88 37 Med
1178 821 73 36 den
1288 819 115 48 långa
1436 817 71 37 och
1540 814 153 50 mycket
1722 808 286 51 ansträngande

404 881 273 50 tjänstgöring,
719 892 82 25 som
845 878 46 36 de
932 873 258 51 värnpliktige
1227 884 49 24 nu
1307 875 64 31 äro
1399 865 299 46 underkastade,
1727 866 123 34 måste
1878 859 132 49 hvarje

405 934 131 37 försök
566 933 83 37 från
678 937 147 31 statens
855 928 81 38 sida
961 932 54 32 att
1042 929 118 45 något
1187 923 124 37 lindra
1340 921 112 37 deras
1479 916 261 52 tjänstgöring
1767 913 118 37 verka
1913 924 96 37 upp-

407 984 239 38 muntrande.
701 985 68 35 Att
809 995 47 24 en
893 977 340 53 permissionsresa
1273 973 57 36 till
1368 973 200 36 hemorten
1604 968 121 37 under
1749 963 265 50 öfningstiden

406 1042 115 45 utgör
550 1051 47 23 en
625 1035 118 38 sådan
772 1032 170 50 lindring
970 1031 58 37 för
1057 1028 73 38 den
1158 1024 270 52 värnpliktige,
1456 1022 110 37 torde
1594 1019 62 39 väl
1676 1019 193 48 knappast
1883 1015 130 37 kunna

406 1089 202 38 bestridas.

509 1140 74 37 Vid
613 1139 96 36 1910
738 1140 60 34 års
826 1134 159 48 riksdag
1012 1138 68 44 tog
1104 1131 69 49 jag
1198 1129 78 49 mig
1304 1128 166 36 friheten
1498 1124 121 38 väcka
1647 1136 47 23 en
1722 1120 143 38 motion
1882 1132 61 23 om
1960 1121 54 33 att

409 1192 222 49 Riksdagen
671 1188 89 37 ville
787 1187 12 36 i
833 1184 203 39 skrifvelse
1064 1183 57 36 till
1148 1180 142 49 Kungl.
1316 1178 108 48 Maj:t
1452 1175 164 47 anhålla,
1645 1173 65 36 det
1737 1170 142 50 Kungl.
1908 1168 108 48 Maj:t

410 1244 149 37 täcktes
600 1241 157 48 vidtaga
799 1237 179 50 åtgärder
1017 1235 12 36 i
1068 1233 101 50 syfte
1210 1237 55 31 att
1305 1227 247 51 värnpliktig,
1586 1239 81 24 som
1697 1229 40 32 är
1760 1220 170 39 inkallad
1957 1218 58 37 till

411 1293 272 51 tjänstgöring,
712 1293 116 34 måtte
868 1294 73 44 äga
982 1292 75 31 rätt
1098 1290 55 32 att
1181 1281 220 51 afgiftsfritt
1428 1279 130 37 färdas
1588 1281 20 33 å
1636 1281 146 32 statens
1806 1273 210 49 järnvägar

411 1346 64 36 vid
503 1345 121 37 besök
648 1344 10 36 i
683 1342 66 37 sitt
776 1342 98 36 hem.
929 1338 195 37 Motionen
1152 1333 209 51 afstyrktes
1391 1331 41 37 af
1456 1329 124 49 tredje
1607 1326 194 49 tillfälliga
1829 1323 189 37 utskottet

412 1395 327 49 hufvudsakligen
769 1393 41 37 af
834 1392 65 37 det
926 1389 96 46 skäl,
1052 1392 54 33 att
1134 1385 129 51 dylika
1291 1383 74 38 fria
1391 1380 361 52 permissionsresor
1773 1374 123 39 skulle
1912 1372 105 38 med-

412 1449 83 37 föra
537 1447 129 38 alltför
694 1451 103 31 stora
825 1442 159 50 utgifter
1012 1441 59 36 för
1100 1438 253 44 statskassan,
1382 1433 71 38 och
1482 1432 131 37 Andra
1640 1431 224 36 kammaren
1891 1424 128 38 beslöt

412 1500 12 37 i
452 1499 172 49 enlighet
652 1496 87 38 med
766 1495 209 37 utskottets
1002 1489 240 39 hemställan.

514 1551 132 37 Under
687 1547 171 50 fjolårets
898 1543 160 49 riksdag
1093 1539 186 51 förnyade
1303 1538 70 49 jag
1401 1548 146 24 samma
1575 1532 144 38 motion
1748 1529 86 39 med
1862 1528 78 37 den
1963 1527 57 36 in-

415 1602 250 48 skränkning,
690 1605 54 32 att
773 1599 74 36 den
867 1594 257 51 värnpliktige
1140 1591 136 38 endast
1291 1588 118 38 borde
1424 1585 212 50 berättigas
1651 1582 58 39 till
1724 1592 42 25 en
1780 1580 47 38 fri
1843 1579 177 38 hemresa

416 1658 20 34 å
462 1657 127 32 statens
613 1653 209 48 järnvägar
850 1648 71 37 och
950 1652 55 31 att
1027 1641 295 52 ifrågavarande
1350 1640 193 37 förmåner
1568 1635 122 38 skulle
1705 1632 162 39 beredas
1883 1630 137 38 endast

414 1705 194 37 inkallade
634 1702 57 37 till
710 1699 260 51 tjänstgöring
991 1701 19 33 å
1028 1696 101 50 plats
1148 1694 165 49 belägen
1332 1704 80 24 mer
1432 1695 48 32 än
1500 1690 73 35 200
1592 1686 201 38 kilometer
1812 1684 84 36 från
1915 1681 105 37 hem-

417 1763 119 31 orten.
591 1755 74 38 Det
704 1752 195 48 tillfälliga
926 1749 160 46 utskott,
1115 1760 81 24 som
1224 1744 74 42 fick
1327 1742 194 38 motionen
1548 1739 57 37 till
1628 1734 292 47 förberedande,
1947 1732 74 37 till-

417 1809 149 49 styrkte
591 1807 224 36 densamma
844 1801 86 38 med
950 1801 75 36 den
1041 1797 225 52 ytterligare
1286 1793 295 47 inskränkning,
1603 1795 54 32 att
1678 1784 343 42 bestämmelserna

417 1859 124 38 skulle
570 1858 82 37 afse
687 1855 138 39 endast
856 1850 184 39 medellög
1068 1846 236 52 värnpliktig
1332 1845 72 37 och
1430 1843 122 37 under
1571 1841 103 38 vissa
1707 1837 202 39 ömmande
1943 1848 78 24 om-

418 1910 277 49 ständigheter.
750 1905 219 39 Utskottets
1008 1901 146 49 förslag
1191 1898 128 38 bifölls
1361 1896 41 37 af
1439 1894 132 38 Andra
1597 1892 224 37 kammaren
1850 1888 97 37 efter
1974 1899 46 24 en

418 1963 88 37 kort
530 1960 231 46 diskussion,
790 1955 217 39 hvarunder
1035 1950 212 48 framhölls,
1276 1954 55 32 att
1358 1946 186 38 rättvisan
1572 1943 126 50 bjöde,
1723 1942 64 37 det
1807 1941 47 37 de
1881 1939 141 48 ifråga-

419 2018 101 33 satta
543 2013 72 36 fria
634 2022 158 26 resorna
810 2007 119 38 borde
949 2006 39 37 få
1007 2006 195 46 företagas
1223 2001 111 37 äfven
1354 2003 20 33 å
1393 1997 175 38 enskilda
1582 1996 221 49 järnvägar.
1849 1984 174 44 Ärendet

420 2063 266 40 remitterades
711 2062 11 36 i
750 2060 105 37 detta
883 2057 107 38 skick
1017 2056 58 37 till
1102 2055 137 37 Första
1265 2052 234 36 kammaren.
1553 2047 98 37 Dess
1680 2044 120 38 andra
1830 2040 194 49 tillfälliga

420 2117 160 46 utskott,
622 2128 83 24 som
737 2112 74 37 fick
839 2110 195 37 motionen
1058 2106 58 38 till
1143 2102 280 41 förberedande
1452 2097 249 49 behandling,
1731 2094 188 50 afstyrkte
1948 2092 74 37 den

422 2169 72 36 och
533 2168 137 37 Första
705 2165 224 36 kammaren
953 2159 107 38 biföll
1084 2157 208 37 utskottets
1320 2151 240 39 hemställan.
1615 2149 54 36 Af
1690 2147 73 37 den
1792 2143 232 46 diskussion,

422 2233 80 24 som
520 2218 172 38 förekom
707 2216 12 37 i
733 2215 136 37 Första
884 2213 234 44 kammaren,
1133 2206 191 50 framgick
1339 2204 98 37 dock
1452 2200 229 51 otvetydigt,
1690 2203 66 43 att,
1771 2211 53 23 om
1837 2195 187 48 förslaget

420 2269 262 39 framkommit
708 2268 12 36 i
748 2279 105 24 mera
880 2262 186 50 utvidgad
1085 2261 110 46 form,
1215 2257 194 38 motionen
1426 2254 68 38 där
1514 2252 123 38 skulle
1656 2255 87 32 rönt
1762 2261 106 24 mera
1886 2246 140 38 tillmö-

420 2321 222 51 tesgående.
