2216 2626
689 190 113 31 Andra
826 188 219 39 lagutskottets
1069 185 167 31 utlåtande
1259 183 51 31 Nr
1338 185 43 27 16.
1812 179 18 28 3

237 280 165 36 varande
430 277 168 48 riksdag,
629 289 44 22 nr
703 277 59 44 69,
791 274 68 36 har
886 272 139 48 Kungl.
1043 270 107 49 Maj:t
1179 269 109 36 äskat
1316 266 122 37 medel
1468 266 57 36 för
1554 266 73 35 den
1648 263 184 37 förstärk-

237 332 92 48 ning
357 345 46 22 av
431 327 406 51 yrkesinspektionens
866 323 286 46 arbetskrafter,
1183 334 79 23 som
1290 320 109 36 bleve
1428 317 227 48 erforderlig
1682 317 59 34 för
1760 315 72 35 till-

238 397 117 35 synen
385 386 19 32 å
436 380 246 37 förevarande
702 379 73 47 lag.
821 377 58 36 Av
899 375 233 38 sistnämnda
1160 372 233 50 proposition
1424 372 177 45 framgår,
1631 373 55 31 att
1714 367 120 47 enligt

239 434 138 48 Kungl.
408 434 126 47 Maj:ts
576 432 158 45 mening
775 429 121 36 skulle
938 427 180 37 anställas
1153 438 44 23 en
1227 422 238 38 överordnad
1495 419 339 50 specialinspektör

239 487 82 35 med
365 498 45 23 en
441 483 181 48 avlöning
654 495 47 23 av
736 482 111 45 3,900
884 480 137 34 kronor
1050 478 70 35 och
1148 479 63 33 två
1239 476 127 47 dylika
1393 473 239 48 inspektörer
1659 471 10 35 i
1699 470 135 35 under-

238 537 218 49 inspektörs
499 534 183 47 ställning
724 532 85 36 med
851 544 46 22 en
940 529 182 48 avlöning
1168 541 46 22 av
1257 527 111 46 2,700
1407 525 140 35 kronor
1577 524 57 34 för
1662 521 172 46 vardera,

240 590 181 45 varjämte
455 586 57 36 till
540 584 242 38 bestridande
811 597 47 22 av
886 580 204 38 kostnader
1119 580 58 35 för
1206 578 114 45 lokal,
1350 576 174 36 kontors-
1554 575 71 35 och
1654 573 181 36 skrivma-

240 639 119 48 teriel,
376 637 252 38 skrivbiträde
649 650 47 22 m.
718 649 47 22 m.
788 634 203 36 beräknats
1022 633 72 35 700
1124 631 141 36 kronor
1286 628 154 48 årligen.
1483 626 74 36 För
1575 623 260 39 innevarande

241 696 39 33 år
308 692 68 36 har
405 690 184 48 därjämte
618 689 58 36 för
696 685 231 50 vidtagande
948 698 46 24 av
1014 684 104 36 vissa
1137 680 276 38 förberedande
1434 678 178 49 åtgärder
1631 676 204 37 beräknats

240 745 113 47 4.000
382 743 150 36 kronor.

343 793 240 38 Beträffande
625 789 289 49 ifrågavarande
956 788 131 48 tillsyn
1128 785 178 37 hänvisas
1334 784 12 36 i
1375 782 185 49 förslaget
1587 781 13 36 i
1628 779 126 49 övrigt
1781 777 58 38 till

244 848 97 36 vissa
382 844 225 51 paragrafer
646 844 12 35 i
699 843 113 47 lagen
845 841 74 36 den
948 842 46 34 29
1020 839 83 49 juni
1135 839 97 35 1912
1262 850 59 22 om
1351 832 284 50 arbetarskydd.
1690 831 56 36 De
1774 831 64 36 be-

243 898 249 45 stämmelser,
536 908 82 24 gom
669 894 121 47 enligt
840 893 111 36 dessa
996 890 278 46 hänvisningar
1315 887 105 36 skola
1460 886 101 36 bliva
1607 882 175 50 gällande
1826 882 12 35 i

244 951 108 48 fråga
394 963 61 23 om
497 946 285 39 efterlevnaden
823 957 47 23 av
899 943 73 36 den
1000 956 50 22 nu
1079 939 234 39 behandlade
1341 939 125 47 lagen,
1495 942 65 30 äro
1589 936 11 35 i
1628 934 210 47 huvudsak,

245 1010 50 29 att
334 1000 243 49 länsstyrelse
619 1001 48 47 på
708 995 282 48 framställning
1032 1008 47 23 av
1107 990 313 52 yrkesinspektör
1448 988 90 37 eller
1566 987 68 36 där
1662 989 40 34 så
1730 985 110 49 eljest

244 1059 140 45 prövas
425 1052 135 48 nödigt
601 1056 92 43 äger
735 1048 175 48 förbjuda
951 1045 301 49 arbetsgivaren,
1295 1041 115 37 sedan
1442 1041 75 36 han
1545 1039 111 37 blivit
1682 1038 13 36 i
1723 1037 116 37 saken

244 1107 105 47 hörd,
391 1110 56 32 att
488 1105 98 35 efter
627 1107 130 42 utsatt,
799 1099 126 49 skälig
965 1099 55 36 tid
1061 1096 157 39 bedriva
1256 1094 95 37 visst
1391 1093 128 37 arbete
1548 1091 92 37 eller
1668 1089 173 37 använda

246 1159 77 37 viss
352 1155 232 39 arbetslokal
613 1154 91 37 eller
733 1151 256 39 arbetsmetod
1018 1163 47 23 m.
1096 1163 48 22 m.
1174 1153 91 31 utan
1293 1151 55 32 att
1375 1146 98 36 hava
1493 1143 164 49 vidtagit
1677 1156 46 23 av
1741 1141 100 37 läns-

247 1211 188 48 styrelsen
476 1208 63 36 vid
581 1206 197 37 förbudets
808 1202 248 39 meddelande
1085 1200 166 49 angiven
1280 1197 136 50 åtgärd
1442 1197 13 36 i
1483 1199 118 46 något
1628 1208 46 23 av
1703 1194 100 36 vissa
1830 1193 10 36 i

244 1263 114 48 lagen
394 1260 165 49 angivna
588 1257 225 47 avseenden,
843 1263 62 41 att,
938 1268 59 23 om
1031 1252 259 49 arbetsgivare
1318 1249 218 37 underlåter
1564 1252 54 32 att
1646 1246 108 37 ställa
1783 1245 60 48 sig

246 1315 57 35 till
332 1312 252 38 efterrättelse
614 1310 123 49 dylikt
765 1308 148 45 förbud,
943 1307 73 36 han
1044 1305 150 37 straffas
1222 1302 85 37 med
1335 1302 108 36 böter
1471 1301 83 35 från
1583 1298 71 38 och
1681 1297 85 37 med
1796 1298 46 35 10

247 1365 57 37 till
346 1365 69 37 och
455 1363 87 37 med
584 1363 72 35 500
699 1362 139 35 kronor
878 1359 92 36 eller
1011 1357 64 37 vid
1116 1353 247 39 försvårande
1406 1351 324 48 omständigheter
1757 1348 87 37 med

247 1417 172 49 fängelse
459 1415 12 37 i
508 1415 114 48 högst
663 1426 68 24 sex
773 1411 189 47 månader,
1004 1416 92 30 samt
1137 1415 52 29 att
1214 1404 236 39 beträffande
1477 1402 257 46 verksamhet,
1763 1413 81 24 som

248 1469 175 38 bedrives
466 1480 46 24 av
554 1471 125 32 staten
721 1464 91 37 eller
853 1463 191 46 kommun,
1073 1460 74 37 vad
1179 1459 12 37 i
1218 1458 113 49 lagen
1360 1462 39 31 är
1428 1456 154 48 stadgat
1610 1468 61 23 om
1699 1453 146 37 arbets-

248 1522 132 49 givare
408 1519 96 38 skall
531 1518 102 50 gälla
663 1514 404 47 arbetsföreståndare,
1097 1512 183 49 varjämte
1308 1509 11 36 i
1349 1509 126 37 stället
1504 1508 58 37 för
1589 1503 256 53 nyssberörda

249 1572 212 50 stadgande
491 1569 196 50 angående
715 1567 249 39 meddelande
993 1579 46 23 av
1068 1563 137 39 förbud
1233 1561 97 38 skall
1357 1561 102 49 gälla
1479 1565 66 43 att,
1567 1559 127 36 därest
1712 1557 134 50 yrkes-

248 1626 196 49 inspektör
484 1622 122 38 skulle
648 1621 101 37 finna
790 1618 238 39 förhållande
1069 1620 21 33 å
1130 1616 96 36 visst
1254 1612 236 39 arbetsställe
1518 1610 152 51 påkalla
1698 1609 147 49 åtgärd,

250 1691 80 23 som
373 1676 63 36 vid
478 1674 139 37 enskilt
659 1674 150 47 företag
838 1671 121 37 skulle
988 1668 196 39 föranleda
1212 1666 137 37 förbud
1378 1678 46 23 av
1452 1664 168 49 angiven
1647 1661 198 45 innebörd,

249 1727 364 52 yrkesinspektören
643 1724 98 38 skall
769 1725 127 36 därom
929 1727 94 44 göra
1052 1720 172 37 anmälan
1252 1719 69 36 hos
1350 1717 73 37 den
1451 1715 239 50 myndighet,
1718 1713 129 37 vilken

251 1787 91 31 över
369 1779 292 38 verksamheten
689 1778 69 35 har
785 1774 286 47 överinseende,
1087 1771 168 38 varefter
1283 1770 123 37 denna
1434 1767 223 50 myndighet
1684 1766 69 36 har
1780 1769 67 42 att,

252 1834 95 36 efter
387 1830 391 49 omständigheterna,
808 1827 183 49 antingen
1028 1825 156 48 vidtaga
1212 1823 74 36 den
1317 1820 199 51 påkallade
1544 1818 184 50 åtgärden
1756 1816 93 38 eller

253 1885 71 37 ock
365 1882 233 39 underställa
639 1881 157 37 ärendet
828 1879 239 48 Konungens
1109 1875 201 51 prövning.
1365 1872 246 37 Därförutom
1640 1868 208 39 innehållas

252 1939 11 35 i
292 1935 248 39 förenämnda
568 1933 222 51 paragrafer
817 1932 104 37 vissa
949 1928 257 53 processuella
1233 1924 295 40 bestämmelser.

356 2039 198 38 Utskottet
580 2037 121 37 finner
730 2050 46 23 en
804 2033 248 50 lagstiftning
1080 2045 47 24 av
1154 2032 12 36 i
1194 2029 199 38 huvudsak
1420 2027 136 38 sådant
1574 2024 178 47 innehåll,
1769 2037 81 23 som

254 2106 48 23 nu
332 2096 117 44 sagts,
471 2103 91 24 vara
590 2088 127 49 ägnad
745 2092 56 33 att
828 2085 184 50 befrämja
1048 2082 185 49 tillbörlig
1260 2079 232 40 omvårdnad
1520 2092 60 23 om
1610 2078 46 36 de
1683 2076 168 38 avsedda

244 2156 227 38 grupperna
513 2155 46 24 av
600 2141 182 37 arbetare.
838 2138 84 38 Vad
962 2140 120 47 angår
1123 2136 45 36 de
1208 2135 13 36 i
1258 2132 159 39 berörda
1445 2131 143 37 motion
1618 2128 233 38 framställda

253 2196 220 51 yrkandena
520 2207 60 24 om
624 2192 233 49 utvidgning
902 2204 46 23 av
992 2189 138 48 lagens
1175 2183 426 52 tillämpningsområde,
1644 2181 67 37 bör
1752 2180 100 37 först

249 2248 167 51 märkas,
447 2252 54 31 att
530 2245 121 50 enligt
678 2245 74 37 vad
779 2244 13 37 i
820 2243 140 49 Kungl.
978 2241 126 50 Maj:ts
1133 2238 237 51 proposition
1398 2250 45 23 nr
1471 2238 22 34 4
1514 2234 62 38 vid
1596 2232 255 39 innevarande

256 2300 156 50 riksdag
455 2299 83 37 med
582 2297 144 49 förslag
766 2295 55 38 till
859 2294 66 51 lag
952 2308 60 23 om
1042 2292 162 48 ändring
1232 2290 9 36 i
1271 2290 101 37 vissa
1401 2287 102 38 delar
1534 2301 45 23 av
1607 2284 242 49 vattenlagen

1902 2032 144 24 Utskottet.
