1910 2792
275 184 17 30 2
648 180 286 31 Statsutskottets
954 178 179 30 utlåtande
1153 186 43 22 nr
1217 178 13 28 1
1254 176 39 30 år
1314 175 83 30 1960

279 267 111 30 under
407 268 101 29 nästa
524 265 169 41 budgetår
710 266 91 29 samt
817 263 80 30 med
916 262 18 30 5
948 261 63 31 000
1028 262 131 29 kronor
1177 260 54 31 för
1248 258 269 41 kompensation
1535 258 54 29 för
1607 257 42 30 de
1666 257 107 30 redan

280 317 111 30 under
406 326 47 21 nu
470 316 148 40 löpande
634 314 169 40 budgetår
819 312 192 31 inträffade
1026 311 332 40 lönestegringarna,
1375 308 202 31 hemställer
1593 308 181 32 utskottet,

632 366 51 28 att
704 364 187 39 riksdagen
913 363 58 30 må
992 361 51 31 till
1067 360 191 33 Underhåll
1278 359 64 30 och
1364 359 85 30 vård
1468 367 43 21 av
1532 358 132 30 möbler
1684 358 93 29 samt

590 415 111 31 andra
728 414 113 30 staten
872 411 173 40 tillhöriga
1073 410 212 31 inventarier
1312 410 11 29 i
1350 409 41 30 de
1419 408 119 40 kungl.
1566 408 128 30 slotten
1722 408 55 29 för

589 464 204 40 budgetåret
814 463 146 36 1960/61
982 462 122 31 anvisa
1123 464 48 28 ett
1192 461 120 39 anslag
1331 470 42 22 av
1393 459 63 30 285
1470 458 63 31 000
1553 459 140 29 kronor.

837 609 133 42 Kungl.
992 609 219 33 slottsstaten

328 693 76 34 5:0)
433 693 118 34 Polis-,
574 692 67 36 lys-
666 692 63 29 och
754 690 217 36 renhållning
994 692 89 27 samt
1107 687 274 31 brandväsendet
1406 687 57 29 vid
1488 686 41 30 de
1556 684 116 36 kungl.
1697 684 82 30 slot-

282 746 67 28 ten.
369 743 124 38 Kungl.
512 742 104 37 Maj:t
635 742 65 29 har
720 740 178 40 föreslagit
918 740 187 39 riksdagen
1131 738 130 40 (punkt
1282 737 29 36 5,
1333 747 25 21 s.
1380 735 102 35 2—4)
1508 737 51 29 att
1579 735 52 30 till
1651 734 129 40 ifråga-

283 793 153 30 varande
456 792 162 30 ändamål
637 792 56 30 för
710 790 204 41 budgetåret
933 789 147 36 1960/61
1101 788 122 31 anvisa
1243 790 48 28 ett
1310 787 121 39 anslag
1452 796 40 21 av
1513 785 93 30 1308
1622 784 60 30 100
1702 785 79 29 kro-

284 853 74 21 nor.

329 926 165 40 Anslaget
514 927 38 29 är
571 926 55 30 för
646 924 235 31 innevarande
900 924 169 39 budgetår
1088 922 144 40 uppfört
1252 921 79 30 med
1353 921 15 30 1
1385 920 61 30 287
1462 919 63 31 000
1546 920 141 29 kronor.

330 977 13 29 I
371 976 166 31 skrivelse
561 976 67 29 den
652 974 20 30 4
697 974 185 31 november
908 973 82 30 1959
1015 974 64 29 har
1104 970 428 33 riksmarskalksämbetet
1556 972 12 30 i
1592 969 189 39 anledning

287 1035 42 22 av
343 1036 44 21 en
402 1028 84 29 utav
501 1025 367 32 ståthållarämbetena
882 1024 59 30 vid
956 1024 41 29 de
1012 1022 120 41 kungl.
1149 1023 127 30 slotten
1291 1021 101 40 gjord
1409 1020 260 39 framställning
1686 1019 96 30 hem-

287 1076 106 35 ställt,
413 1078 51 28 att
482 1075 157 40 anslaget
659 1074 55 31 för
733 1075 101 30 nästa
853 1073 170 41 budgetår
1042 1074 170 38 upptages
1231 1072 79 29 med
1333 1072 13 29 1
1365 1070 63 31 308
1442 1070 61 30 100
1524 1070 130 30 kronor
1675 1069 106 40 enligt

287 1136 42 20 en
349 1127 11 29 i
379 1125 262 41 propositionen
661 1125 142 39 intagen
823 1126 78 28 stat.

331 1177 67 30 För
418 1175 203 41 budgetåret
644 1174 146 37 1960/61
813 1174 172 30 beräknas
1005 1182 43 22 en
1068 1172 274 40 utgiftshöjning
1361 1171 80 30 med
1461 1171 12 30 i
1492 1173 83 28 runt
1596 1171 47 29 tal
1665 1170 41 30 56
1719 1169 63 30 000

288 1227 141 34 kronor,
444 1226 122 30 därvid
582 1226 57 30 det
656 1224 157 41 stegrade
829 1223 278 31 medelsbehovet
1123 1223 52 30 till
1191 1224 48 29 ett
1254 1222 125 39 belopp
1396 1231 43 20 av
1453 1221 97 30 cirka
1568 1220 41 30 34
1623 1220 62 30 900
1705 1221 78 29 kro-

290 1286 63 21 nor
380 1277 71 29 kan
479 1275 200 41 tillgodoses
707 1283 123 31 genom
859 1273 223 41 uppräkning
1112 1282 42 21 av
1181 1272 42 30 de
1253 1272 173 31 särskilda
1453 1270 329 41 uppbördsmedlen.

289 1327 13 29 I
324 1325 365 40 medelsanvisningen
710 1325 80 30 över
811 1324 190 30 riksstaten
1024 1322 113 31 skulle
1160 1322 101 31 alltså
1283 1322 178 30 erfordras
1483 1331 42 21 en
1550 1321 131 40 ökning
1704 1320 78 30 med

289 1376 37 30 21
346 1376 61 30 100
432 1376 140 30 kronor.

332 1424 394 41 Departementschefen
746 1424 115 31 finner
881 1424 51 40 sig
951 1424 121 29 kunna
1091 1423 148 40 godtaga
1258 1423 66 30 vad
1344 1422 112 30 under
1476 1421 229 31 förevarande
1725 1430 61 21 an-

291 1476 73 40 slag
388 1475 197 41 föreslagits
608 1475 66 30 och
697 1475 145 30 anförts.
868 1475 124 29 Därest
1018 1474 30 39 ej
1075 1473 109 30 heller
1207 1473 187 39 riksdagen
1417 1473 65 29 har
1505 1472 115 40 någon
1644 1472 140 30 erinran

290 1526 168 37 däremot,
483 1526 97 30 torde
605 1525 57 30 det
687 1535 42 20 av
752 1523 427 32 riksmarskalksämbetet
1203 1523 245 30 överlämnade
1473 1522 238 40 statförslaget
1735 1531 51 21 se-

291 1576 160 30 dermera
466 1576 36 30 få
519 1575 193 31 fastställas
729 1584 43 21 av
787 1574 125 40 Kungl.
930 1574 115 39 Maj:t.

337 1659 185 37 Utskottet,
546 1668 73 21 som
642 1659 76 30 icke
743 1658 118 30 funnit
884 1658 187 42 anledning
1093 1657 53 30 till
1168 1657 139 30 erinran
1329 1658 73 28 mot
1424 1657 41 29 de
1488 1656 123 40 gjorda
1633 1655 153 40 anslags-

292 1709 291 40 beräkningarna,
601 1708 192 40 tillstyrker
811 1708 125 40 Kungl.
955 1707 123 40 Maj:ts
1097 1707 130 40 förslag
1245 1707 65 30 och
1327 1707 202 30 hemställer
1548 1707 112 36 alltså,

648 1760 50 29 att
727 1759 186 39 riksdagen
941 1758 58 30 må
1027 1758 51 29 till
1108 1757 118 38 Polis-,
1257 1757 67 40 lys-
1352 1757 65 29 och
1446 1756 222 39 renhållning
1697 1758 91 28 samt

599 1808 278 31 brandväsendet
899 1808 56 30 vid
976 1808 41 30 de
1040 1807 119 40 kungl.
1182 1808 126 29 slotten
1332 1807 54 30 för
1407 1807 205 40 budgetåret
1639 1806 146 36 1960/61

601 1859 122 30 anvisa
742 1860 48 29 ett
810 1859 121 39 anslag
950 1868 42 20 av
1014 1859 13 29 1
1045 1857 63 30 308
1124 1857 61 31 100
1204 1858 140 29 kronor.

338 1960 77 35 6:0)
440 1960 71 29 Ved
533 1960 64 29 och
619 1960 58 29 kol
698 1960 56 29 för
775 1960 41 29 de
836 1958 116 36 kungl.
972 1958 136 30 slotten.
1130 1958 13 29 I
1166 1958 148 38 enlighet
1334 1958 78 29 med
1432 1957 123 38 Kungl.
1577 1957 121 37 Maj:ts
1720 1957 69 30 för-

295 2010 72 39 slag
392 2010 130 39 (punkt
541 2009 29 36 6,
590 2019 26 20 s.
635 2008 20 30 4
674 2009 65 30 och
758 2009 51 35 5),
829 2008 236 30 innebärande
1084 2017 43 21 en
1147 2008 345 40 anslagsminskning
1511 2016 42 21 av
1573 2007 41 30 69
1628 2007 63 30 000
1711 2007 79 30 kro-

295 2068 73 26 nor,
390 2059 202 30 hemställer
611 2059 181 34 utskottet,

648 2111 48 28 att
715 2109 182 37 riksdagen
915 2108 57 31 må
989 2109 52 29 till
1064 2108 71 31 Ved
1153 2108 64 30 och
1237 2108 58 29 kol
1312 2108 57 40 för
1388 2107 41 31 de
1449 2108 119 39 kungl.
1588 2107 127 31 slotten
1736 2108 54 30 för

600 2159 204 40 budgetåret
825 2158 146 36 1960/61
993 2159 120 30 anvisa
1132 2161 49 28 ett
1199 2159 120 39 anslag
1338 2168 42 20 av
1400 2158 62 30 575
1475 2157 63 31 000
1556 2159 141 29 kronor.

341 2260 201 30 Stockholm
564 2260 66 29 den
655 2259 38 30 16
716 2259 153 30 februari
893 2259 82 30 1960

782 2360 48 30 På
855 2359 278 31 statsutskottets
1158 2360 145 39 vägnar:

826 2426 171 30 MARTIN
1020 2425 235 31 SKOGLUND
