2203 2677
393 216 20 32 2
910 213 253 33 Statsutskottets
1186 213 170 32 utlåtande
1379 213 53 32 Nr
1454 214 53 32 21.

500 309 19 35 I
557 321 45 23 en
640 307 63 37 vid
741 307 263 37 ofvanberörda
1029 307 117 46 punkt
1173 308 51 35 35
1253 306 107 48 fogad
1388 305 224 37 reservation
1640 306 93 36 hade
1763 306 84 35 herr
1874 304 45 36 ÅA.
1954 305 37 35 C.

396 363 182 38 Lindblad
618 375 44 24 m.
699 364 44 44 AA.
787 362 195 44 hemställt,
1027 363 53 34 att
1122 361 137 47 Kungl.
1303 360 126 49 Maj:ts
1471 361 13 36 i
1525 361 158 35 nämnda
1720 360 119 48 punkt
1866 360 127 49 gjorda

394 418 267 47 framställning
688 417 83 36 icke
800 419 111 33 måtte
940 415 112 37 vinna
1085 415 229 48 Riksdagens
1343 415 113 36 bifall.

499 472 127 48 Enligt
653 472 178 36 utskottet
859 471 313 36 tillhandakomna
1200 470 331 48 protokollsutdrag
1550 470 66 35 har
1634 470 126 35 Första
1782 469 211 35 kammaren

393 527 137 37 bifallit
556 527 197 36 utskottets
781 526 217 36 hemställan
1025 525 12 35 i
1065 525 94 35 båda
1187 526 44 34 de
1258 525 276 47 ifrågavarande
1563 524 217 47 punkterna,
1807 524 187 35 hvaremot

393 583 128 35 Andra
563 582 211 36 kammaren
816 580 225 36 beträffande
1077 581 159 45 punkten
1278 580 50 35 35
1357 579 145 48 afslagit
1543 579 100 36 såväl
1670 578 198 37 utskottets
1897 578 96 35 hem-

393 638 131 35 ställan
554 649 73 23 som
657 636 136 47 Kungl.
824 634 125 49 Maj:ts
978 634 268 47 framställning
1273 633 14 36 i
1315 639 121 31 ämnet
1477 634 67 36 och
1573 633 280 37 vidkommande
1880 633 113 45 punk-

396 696 55 32 ten
479 692 77 35 125
584 690 231 37 återförvisat
844 691 208 34 densamma
1080 689 57 35 till
1164 689 180 35 utskottet
1373 689 57 35 för
1457 701 51 35 ny
1536 687 233 48 behandling.

501 800 18 35 I
549 798 198 48 anledning
775 798 40 36 af
840 798 70 36 den
939 797 153 36 sålunda
1120 797 187 35 beslutade
1328 796 252 37 återremissen
1603 796 55 36 får
1675 796 181 36 utskottet
1875 795 121 37 erinra

392 855 135 44 därom,
559 856 53 33 att
640 854 43 35 de
712 853 94 36 båda
847 852 170 48 frågorna
1045 864 54 24 om
1129 851 227 47 uppförande
1386 854 20 33 å
1434 851 180 36 ordinarie
1656 854 72 32 stat
1756 851 40 35 af
1821 854 52 32 ett
1905 850 91 36 visst

393 909 98 35 antal
518 907 271 49 läraretjänster
816 908 66 35 och
912 919 55 23 om
998 906 196 36 anvisande
1223 905 40 36 af
1290 907 126 47 anslag
1445 908 46 45 på
1519 909 102 32 extra
1650 908 71 33 stat
1741 905 57 36 till
1823 905 173 36 arfvoden

394 966 37 33 åt
460 966 103 33 extra
592 963 66 35 och
700 962 253 36 vikarierande
981 961 116 35 lärare
1126 966 67 41 äga
1221 960 230 48 oskiljaktigt
1492 961 262 46 sammanhang
1782 960 82 35 med
1892 960 104 35 hvar-

395 1019 113 34 andra
526 1017 14 35 i
561 1019 38 34 så
627 1018 123 43 måtto,
782 1020 64 41 att,
879 1017 44 34 då
952 1016 220 35 sistberörda
1201 1015 127 47 anslag
1355 1015 66 36 bör
1448 1015 182 35 beräknas
1659 1015 81 34 med
1768 1015 145 46 hänsyn
1939 1013 57 36 till

393 1072 202 47 tillgången
638 1073 47 45 på
726 1071 180 36 ordinarie
935 1071 124 43 lärare,
1091 1072 50 33 ett
1183 1070 119 35 beslut
1330 1083 56 22 om
1422 1069 211 47 minskning
1661 1068 13 36 i
1703 1069 62 35 det
1794 1068 39 36 af
1858 1068 135 48 Kungl.

393 1126 109 48 Maj:t
530 1127 150 35 afsedda
722 1126 135 35 antalet
886 1126 134 34 sådana
1061 1125 115 34 lärare
1205 1125 113 34 måste
1347 1124 187 36 föranleda
1562 1123 151 49 höjning
1742 1123 40 36 af
1807 1126 103 32 extra
1939 1135 58 23 an-

395 1182 115 45 slaget
539 1182 81 33 med
649 1183 52 32 ett
729 1181 141 45 belopp,
902 1179 252 35 motsvarande
1183 1178 194 35 arfvodena
1407 1178 57 35 till
1492 1178 77 49 lika
1597 1180 131 44 många
1756 1181 104 31 extra
1883 1178 114 33 lärare

394 1247 76 23 som
499 1235 70 35 den
597 1235 187 35 beslutade
813 1232 261 48 minskningen
1103 1232 13 35 i
1145 1232 136 35 antalet
1309 1231 181 37 ordinarie
1518 1232 126 35 lärare.
1702 1231 131 35 Denna
1866 1231 132 47 grund-

395 1292 74 32 sats
498 1290 66 34 har
592 1289 68 35 ock
688 1288 192 47 iakttagits
910 1288 40 34 af
974 1286 220 36 utskottet.i
1223 1287 81 34 dess
1332 1286 274 44 ofvanberörda,
1638 1286 40 34 af
1694 1286 126 35 Första
1839 1285 158 35 kamma-

394 1355 67 23 ren
491 1343 150 40 bifallna
669 1343 227 35 hemställan.
953 1341 19 36 I
1000 1341 172 36 händelse
1206 1340 39 36 af
1271 1341 115 46 afslag
1415 1343 19 32 å
1463 1340 135 47 Kungl.
1629 1339 125 48 Maj:ts
1778 1352 51 23 nu
1857 1338 141 48 förelig-

394 1398 119 46 gande
538 1396 269 47 framställning
835 1409 55 22 om
919 1395 228 47 uppförande
1176 1397 20 33 å
1224 1395 182 35 ordinarie
1435 1397 73 33 stat
1536 1394 40 35 af
1605 1396 45 33 17
1681 1406 72 35 nya
1772 1393 226 48 läraretjäns-

395 1455 56 32 ter
479 1452 66 35 och
574 1451 153 48 höjning
755 1450 55 36 för
839 1451 205 34 ändamålet
1073 1449 39 35 af
1138 1449 163 46 anslaget
1329 1449 56 35 till
1414 1449 44 35 de
1478 1449 182 35 allmänna
1678 1448 214 36 läroverken
1916 1447 82 36 med

398 1508 142 42 58,000
569 1506 133 35 kronor
745 1505 116 35 skulle
905 1504 104 36 alltså
1051 1504 269 36 ofvannämnda
1361 1503 41 35 af
1425 1503 137 47 Kungl.
1593 1502 107 48 Maj:t
1728 1502 133 36 äskade
1896 1504 102 33 extra

396 1561 126 46 anslag
550 1562 20 33 å
602 1562 167 41 104,500
813 1559 143 44 kronor,
987 1559 82 34 med
1111 1570 45 23 en
1184 1557 204 47 beräkning
1430 1557 40 35 af
1495 1560 52 32 ett
1576 1557 210 35 årsarfvode
1815 1556 40 36 af
1881 1558 115 42 2,000

397 1614 134 36 kronor
573 1613 56 36 för
670 1613 125 49 hvarje
837 1616 104 32 extra
978 1613 125 43 lärare,
1147 1611 100 49 höjas
1290 1612 82 35 med
1411 1613 141 42 34,000
1582 1611 134 35 kronor
1743 1610 57 36 till
1831 1612 166 42 138,500

397 1668 143 36 kronor.
570 1668 86 35 Med
685 1668 262 35 framhållande
977 1667 39 35 af
1041 1667 103 35 dessa
1172 1665 309 48 omständigheter
1509 1665 55 36 får
1591 1665 179 36 utskottet
1798 1664 199 45 hemställa,

932 1778 54 33 att
1027 1774 129 36 Andra
1197 1774 211 36 kammaren
1445 1776 58 34 må
1531 1773 13 36 1
1573 1774 147 35 ärendet
1749 1773 92 36 fatta
1869 1772 127 36 beslut.

508 1884 208 36 Stockholm
746 1885 70 35 den
848 1886 45 33 19
924 1895 95 24 mars
1052 1885 112 33 1912.

921 1992 51 36 På
1001 1991 291 36 statsutskottets
1320 1996 151 42 vägnar:

1054 2099 44 36 G.
1129 2098 215 36 BILLING.

814 2387 31 27 O.
867 2388 30 25 L.
919 2387 166 27 Svanbäcks
1104 2386 198 33 Boktryckeri,
1321 2385 165 27 Stockholm
1506 2385 77 26 1912.
