2184 2610
447 120 38 30 10
875 119 113 31 Första
1013 120 206 41 lagutskottets
1242 120 159 31 utlåtande
1422 121 53 31 Nr
1497 122 51 30 21.

405 208 152 41 sakligen
584 207 43 42 på
650 207 63 31 den
736 207 118 41 grund,
878 208 50 30 att
951 209 48 29 ett
1021 207 113 41 dylikt
1156 207 120 31 förbud
1300 207 108 32 skulle
1430 213 80 36 göra
1534 209 137 42 intrång
1693 211 43 41 på
1759 210 62 31 den
1843 212 171 40 yttrande-

404 250 109 37 frihet,
550 260 69 20 som
642 249 57 31 bör
721 247 81 32 vara
824 248 257 42 medborgarnas
1103 249 170 41 rättighet.
1319 249 262 41 Ifrågavarande
1604 251 181 33 ledamöter
1808 253 36 31 af
1864 253 151 41 lagrådet

404 291 178 41 medgifva,
607 292 49 30 att
678 290 223 32 bestraffande
924 291 37 30 af
981 302 40 20 en
1044 290 253 42 framställning
1320 292 36 30 af
1376 292 39 30 de
1437 294 196 40 preventiva
1655 295 140 38 medlen,
1819 295 136 31 hvilken
1978 301 37 25 är

405 333 139 31 sårande
578 333 50 31 för
662 332 76 31 tukt
760 332 59 32 och
843 332 174 48 sedlighet,
1042 333 27 41 ej
1095 335 98 39 utgör
1216 334 102 41 något
1341 333 172 42 obehörigt
1536 335 140 41 ingrepp
1700 337 10 29 i
1732 337 280 41 yttranderätten,

404 386 74 20 men
508 375 39 31 de
570 375 92 30 finna
685 385 39 21 en
747 374 76 32 från
846 374 117 42 hvarje
986 375 150 41 otuktigt
1159 375 89 42 syfte
1270 376 43 30 fri
1336 376 254 42 framställning
1611 378 139 31 rörande
1772 379 241 42 lämpligheten

404 417 36 31 af
460 419 50 29 att
560 416 259 32 preventivmedel
841 416 106 32 under
969 418 92 30 vissa
1084 417 284 42 omständigheter
1390 418 173 31 användas
1588 418 71 32 icke
1682 419 79 31 böra
1783 421 42 40 på
1847 422 110 40 grund
1980 421 38 32 af

404 459 110 32 vådan
553 464 36 26 för
612 459 62 31 den
698 459 170 31 allmänna
891 459 207 41 sedligheten
1122 459 141 32 drabbas
1287 460 36 31 af
1343 460 128 31 förbud.

537 501 120 31 Denna
690 500 221 42 uppfattning
942 501 68 31 kan
1040 501 61 42 jag
1134 501 28 41 ej
1199 501 82 32 dela.
1326 500 64 33 Att
1423 512 39 21 en
1490 502 253 42 framställning
1765 503 37 30 af
1823 503 54 31 det
1900 515 115 22 senare

404 543 115 41 slaget,
554 543 87 31 huru
674 542 42 31 fri
750 542 75 32 från
859 543 200 31 omoraliska
1093 545 104 30 motiv
1232 543 63 32 den
1329 549 42 26 än
1405 545 54 30 må
1492 554 90 28 vara,
1618 544 66 32 kan
1707 555 81 21 vara
1811 547 10 28 i
1845 545 65 42 hög
1932 548 82 39 grad

403 585 110 41 ägnad
547 588 50 28 att
629 585 135 31 förvilla
798 585 38 31 de
870 584 128 42 sedliga
1031 585 186 42 begreppen
1244 586 43 41 på
1311 586 54 31 det
1387 586 148 31 sexuella
1559 587 154 37 området,
1739 587 85 31 lärer
1846 587 29 42 ej
1902 589 112 30 kunna

401 627 163 37 förnekas,
600 627 59 31 och
693 627 63 30 den
791 627 122 31 sociala
945 628 83 37 fara,
1064 638 68 21 som
1156 627 191 42 därigenom
1371 629 146 41 uppstår,
1542 633 36 26 är
1601 628 36 31 af
1657 629 102 31 sådan
1783 632 59 35 art,
1867 632 49 28 att
1938 630 77 32 hela

402 669 122 32 folkets
548 669 95 31 såväl
670 668 136 42 andliga
829 680 69 20 som
921 669 132 42 fysiska
1076 669 95 32 hälsa
1193 670 172 42 allvarligt
1388 673 188 39 äventyras.
1621 670 17 31 I
1661 671 94 41 fråga
1779 682 50 20 om
1854 672 38 31 de
1914 672 99 42 höge-

402 712 91 40 ligen
517 711 298 41 sambhällsvådliga
836 711 211 42 verkningar,
1071 722 69 21 som
1163 712 82 41 följa
1268 712 37 31 af
1324 713 120 31 folkets
1468 712 234 43 tillbakagång
1725 715 10 29 i
1760 714 125 31 sexuell
1900 715 113 37 moral,

402 754 69 30 tala
504 753 178 32 historiens
715 753 165 31 lärdomar
913 756 47 28 ett
993 754 114 31 alltför
1139 754 128 42 tydligt
1290 755 107 41 språk.
1441 754 179 42 Behjärtar
1642 766 76 20 man
1743 755 100 38 detta,
1868 756 65 31 kan
1953 756 61 42 jag

401 795 51 31 för
485 798 71 28 min
591 795 53 31 del
677 795 27 42 ej
741 796 73 30 med
836 795 133 42 hänsyn
993 796 55 30 till
1069 796 302 41 yttrandefriheten
1395 796 93 32 finna
1511 797 64 30 den
1599 797 132 31 fordran
1756 798 19 30 å
1798 798 39 31 de
1860 798 153 32 enskilda

402 837 239 41 medborgarna
663 837 216 41 oberättigad,
904 840 50 29 att
977 837 39 31 de
1039 838 126 31 afhålla
1188 840 53 39 sig
1263 839 74 30 från
1360 838 197 32 uttalanden
1575 841 11 28 i
1602 839 48 31 tal
1667 839 79 31 eller
1762 839 107 38 skrift,
1887 840 125 38 hvilka,

403 890 51 20 om
488 884 43 26 än
566 879 72 31 icke
661 879 176 31 tillkomna
859 881 12 29 i
894 879 144 42 osedligt
1060 880 98 37 syfte,
1183 880 83 32 dock
1289 880 102 32 bland
1414 880 226 32 allmänheten
1663 881 114 43 sprida
1801 882 54 31 det
1877 882 135 39 fördärf,

405 932 68 21 som
496 921 51 31 för
570 922 176 30 nationens
770 921 139 31 bestånd
932 926 36 27 är
991 921 127 32 kanske
1142 923 54 31 det
1219 923 85 30 allra
1326 923 181 42 farligaste.

536 962 65 32 Att
633 963 71 31 icke
737 963 117 42 hvarje
887 964 154 41 offentlig
1074 964 251 42 framställning
1357 965 138 31 rörande
1524 965 39 31 de
1585 968 196 39 preventiva
1804 966 127 31 medlen
1955 967 59 31 bör

402 1004 183 38 förbjudas,
620 1005 66 31 kan
717 1005 60 42 jag
804 1006 83 30 dock
910 1006 178 41 medgifva.
1136 1005 15 31 I
1174 1006 63 31 den
1261 1007 173 41 offentliga
1457 1007 288 42 undervisningen
1768 1007 58 31 vid
1849 1007 39 32 de
1910 1009 101 30 medi-

403 1049 116 29 cinska
552 1047 194 32 läroverken
780 1047 79 31 böra
892 1047 200 32 hithörande
1118 1048 111 41 frågor
1251 1049 204 31 fortfarande
1478 1049 34 31 få
1536 1048 196 40 behandlas;
1758 1049 60 31 och
1841 1049 98 32 äfven
1963 1051 50 30 för

403 1089 102 31 andra
527 1089 62 31 fall
612 1094 36 26 är
670 1089 174 38 måhända,
869 1091 107 30 såsom
1000 1091 10 29 i
1034 1090 130 41 afgifna
1186 1091 197 31 utlåtanden
1399 1091 92 31 öfver
1507 1091 160 41 förslaget
1683 1091 115 31 blifvit
1813 1091 198 38 framhållet,

403 1134 47 28 ett
472 1131 208 41 ovillkorligt
701 1131 119 32 förbud
843 1131 27 42 ej
897 1132 96 31 alltid
1016 1132 43 42 på
1083 1135 51 28 sin
1157 1133 97 41 plats.
1290 1132 65 32 För
1378 1136 48 28 att
1440 1133 193 42 förebygga,
1651 1136 50 28 att
1717 1133 153 32 förbudet
1885 1134 128 31 komme

403 1175 49 29 att
485 1173 126 31 drabba
644 1174 88 31 hvad
763 1173 60 42 jag
847 1174 108 31 skulle
977 1174 85 41 vilja
1084 1174 164 32 benämna
1270 1175 81 31 fullt
1373 1176 151 40 legitima
1546 1176 289 41 framställningar
1858 1177 10 29 i
1891 1179 121 34 ämnet,

403 1215 60 31 har
493 1214 60 43 jag
587 1215 98 31 tänkt
717 1217 69 40 mig
819 1215 271 32 bestämmelsens
1114 1216 182 41 affattning
1319 1217 180 42 lämpligen
1523 1217 115 32 kunna
1660 1218 120 31 ändras
1804 1217 135 39 därhän,
1964 1221 50 28 att

402 1257 288 42 framställningar
724 1258 36 30 af
791 1257 255 42 ifrågavarande
1080 1258 73 42 slag
1185 1258 109 32 blefve
1328 1259 246 31 underkastade
1608 1259 128 37 förbud,
1759 1260 116 31 endast
1898 1271 51 20 om
1974 1260 39 31 de

404 1299 121 31 skedde
561 1299 114 31 ”'under
709 1300 126 31 sådana
867 1299 242 39 förhållanden,
1145 1303 50 28 att
1228 1301 124 31 allmän
1386 1301 71 31 fara
1490 1301 50 31 för
1574 1302 120 31 andras
1727 1301 168 32 förförelse
1918 1302 99 31 däraf

402 1341 164 31 kommer".

535 1383 163 41 Vidtages
733 1384 103 30 sådan
870 1383 144 42 ändring
1049 1385 8 29 i
1091 1384 167 41 förslaget,
1283 1396 99 30 synes
1406 1385 131 42 mig-de
1561 1385 37 31 af
1617 1386 167 40 lagrådets
1808 1385 94 32 flesta
1924 1386 87 32 leda-

402 1428 102 28 möter
528 1425 139 31 anförda
688 1426 211 41 principiella
921 1425 268 42 betänkligheter
1211 1429 68 28 mot
1301 1427 159 41 förslaget
1483 1429 10 28 i
1511 1427 215 31 förevarande
1743 1428 52 31 del
1811 1428 72 31 icke
1898 1429 115 30 vidare

402 1467 115 30 kunna
540 1467 162 31 tillmätas
727 1467 62 31 den
813 1467 180 42 betydelse,
1018 1470 50 28 att
1090 1468 160 41 förslaget
1271 1469 44 41 på
1336 1469 109 41 grund
1469 1469 98 31 däraf
1587 1469 58 31 bör
1667 1469 142 31 förfalla.

535 1508 215 32 Beträffande
784 1509 38 31 de
856 1509 108 41 öfriga
986 1509 251 32 föreskrifterna
1261 1512 10 28 i
1295 1511 157 40 förslaget
1475 1511 102 30 hafva
1601 1511 27 42 ej
1654 1511 103 31 heller
1781 1511 37 32 de
1841 1511 114 32 blifvit
1978 1512 37 31 af

401 1551 168 41 lagrådets
603 1550 95 32 festa
730 1551 181 31 ledamöter
944 1551 197 41 tillstyrkta.
1189 1550 126 33 Genom
1350 1552 94 31 dessa
1477 1552 248 32 bestämmelser
1753 1553 108 32 skulle
1885 1554 91 37 dock,
2002 1556 9 29 i

402 1593 62 31 den
497 1593 77 31 mån
598 1604 118 30 genom
738 1593 218 41 lagstiftning
977 1593 183 42 lämpligen
1183 1594 67 31 kan
1273 1594 67 38 ske,
1364 1605 39 20 en
1428 1594 109 31 damm
1561 1597 105 29 sättas
1688 1595 51 32 för
1763 1595 62 32 den
1849 1598 163 39 smutsiga

401 1634 107 38 trafik,
544 1645 69 20 som
648 1636 10 29 i
685 1636 266 41 vinningslystet
974 1635 89 42 syfte
1086 1636 123 31 drifves
1233 1636 74 32 med
1330 1636 208 42 utbjudande
1561 1637 55 30 till
1640 1637 223 32 allmänheten
1886 1638 36 30 af
1941 1649 70 31 pre-

401 1679 136 29 ventiva
559 1676 107 32 medel
689 1676 59 32 och
772 1688 69 20 som
866 1677 71 31 icke
960 1677 66 31 kan
1050 1678 74 31 med
1147 1678 192 31 nuvarande
1355 1679 217 41 lagstiftning
1587 1679 193 32 åtkommas.
1815 1678 64 33 Att
1895 1680 117 42 dylika

402 1719 122 31 medels
548 1718 245 42 salubjudande
815 1730 118 30 genom
956 1720 176 41 offentliga
1154 1720 238 32 meddelanden
1416 1721 55 31 och
1498 1721 94 31 deras
1616 1721 239 42 kringförande
1878 1722 53 30 till
1947 1722 63 31 för-

402 1760 148 42 säljning
583 1761 50 30 för
667 1761 207 31 närvarande
907 1764 11 27 i
953 1761 183 32 allmänhet
1169 1762 72 31 icke
1274 1768 36 25 är
1344 1762 180 38 straffbart,
1549 1763 161 32 erkännes
1733 1766 11 27 i
1769 1763 53 32 det
1844 1764 166 42 yttrande,

401 1802 169 41 lagrådets
604 1802 96 31 flesta
732 1803 179 31 ledamöter
945 1803 146 42 afgifvit,
1116 1804 58 31 och
1199 1804 117 42 dylika
1340 1805 151 41 åtgärder
1514 1805 166 31 innefatta
1704 1806 235 41 obestridligen
1964 1809 47 28 ett

402 1844 54 31 det
490 1845 85 30 allra
608 1844 198 42 kraftigaste
839 1845 151 42 handtag
1023 1846 55 30 till
1112 1846 260 31 sedeslöshetens
1400 1846 236 42 befrämjande.
1682 1847 100 32 Hvad
1806 1850 11 28 i
1839 1848 173 42 yttrandet

401 1886 130 31 anföres
555 1888 68 29 mot
646 1897 39 20 en
708 1887 217 41 lagstiftning
948 1888 54 30 till
1025 1887 166 42 stäfjande
1215 1888 37 31 af
1272 1889 145 31 nämnda
1439 1889 99 30 trafik
1561 1889 60 31 har
1644 1889 71 31 icke
1738 1890 188 42 öfvertygat
1942 1893 69 38 mig

402 1939 50 20 om
475 1939 78 21 vare
578 1931 51 38 sig
652 1928 264 42 obehöfligheten
941 1930 80 31 eller
1043 1930 242 31 kraftlösheten
1310 1931 36 30 af
1367 1931 38 30 de
1428 1930 204 32 härutinnan
1657 1932 197 40 ifrågasatta
1871 1932 137 31 bestäm-

401 1970 125 32 melser.
572 1969 69 42 Jag
673 1971 165 31 vidhåller
871 1971 110 31 därför
1014 1974 70 28 min
1119 1972 89 31 åsikt
1241 1983 52 20 om
1328 1973 92 31 deras
1451 1973 234 32 önskvärdhet.
1731 1973 17 31 TI
1772 1974 181 41 anledning
1977 1974 37 30 af

400 2011 96 43 gjord
530 2014 131 29 erinran
694 2013 92 31 torde
820 2014 182 31 emellertid
1036 2014 103 31 sådan
1174 2014 143 41 ändring
1350 2017 11 28 i
1395 2015 158 41 förslaget
1576 2015 79 31 böra
1677 2016 163 41 vidtagas,
1865 2018 48 28 att
1936 2016 74 31 med

401 2054 169 42 tydlighet
604 2056 54 30 må
690 2055 137 41 framgå,
863 2058 49 28 att
941 2055 129 42 jämväl
1103 2055 210 43 utbjudande
1347 2057 54 30 till
1434 2056 202 42 försäljning
1669 2058 36 31 af
1728 2058 282 42 preventivmedel

400 2106 117 30 genom
542 2096 205 42 kringsända
769 2097 162 32 reklamer
954 2098 87 31 skall
1064 2108 80 21 vara
1167 2098 242 32 underkastadt
1431 2099 104 31 straff.

535 2180 114 32 Såsom
674 2191 39 21 en
737 2181 114 41 gifven
875 2184 91 29 vinst
990 2182 37 32 af
1048 2182 63 32 den
1135 2183 199 40 ifrågasatta
1355 2183 243 42 lagändringen
1616 2183 107 32 skulle
1737 2182 60 43 jag
1813 2183 96 31 äfven
1925 2184 85 41 vilja
