<?xml version="1.0" encoding="UTF-8"?>
<alto xmlns="http://www.loc.gov/standards/alto/ns-v3#" xmlns:xlink="http://www.w3.org/1999/xlink" xmlns:xsi="http://www.w3.org/2001/XMLSchema-instance" xsi:schemaLocation="http://www.loc.gov/standards/alto/ns-v3# http://www.loc.gov/alto/v3/alto-3-0.xsd">
	<Description>
		<MeasurementUnit>pixel</MeasurementUnit>
		<sourceImageInformation>
			<fileName>/tmp/tess_h6mcdg_f_input.PNG</fileName>
		</sourceImageInformation>
		<OCRProcessing ID="OCR_0">
			<ocrProcessingStep>
				<processingSoftware>
					<softwareName>tesseract 5.3.0</softwareName>
				</processingSoftware>
			</ocrProcessingStep>
		</OCRProcessing>
	</Description>
	<Layout>
		<Page WIDTH="2204" HEIGHT="2644" PHYSICAL_IMG_NR="0" ID="page_0">
			<PrintSpace HPOS="0" VPOS="0" WIDTH="2204" HEIGHT="2644">
				<ComposedBlock ID="cblock_0" HPOS="448" VPOS="145" WIDTH="1121" HEIGHT="36">
					<TextBlock ID="block_0" HPOS="448" VPOS="145" WIDTH="1121" HEIGHT="36">
						<TextLine ID="line_0" HPOS="448" VPOS="145" WIDTH="1121" HEIGHT="36">
							<String ID="string_0" HPOS="448" VPOS="145" WIDTH="37" HEIGHT="30" WC="0.96" CONTENT="22"/><SP WIDTH="363" VPOS="145" HPOS="485"/>
							<String ID="string_1" HPOS="848" VPOS="146" WIDTH="388" HEIGHT="34" WC="0.89" CONTENT="Konstitutionsutskottets"/><SP WIDTH="24" VPOS="146" HPOS="1236"/>
							<String ID="string_2" HPOS="1260" VPOS="148" WIDTH="169" HEIGHT="32" WC="0.95" CONTENT="Memorial"/><SP WIDTH="22" VPOS="148" HPOS="1429"/>
							<String ID="string_3" HPOS="1451" VPOS="150" WIDTH="65" HEIGHT="31" WC="0.91" CONTENT="N:o"/><SP WIDTH="23" VPOS="150" HPOS="1516"/>
							<String ID="string_4" HPOS="1539" VPOS="151" WIDTH="30" HEIGHT="30" WC="0.91" CONTENT="6."/>
						</TextLine>
					</TextBlock>
				</ComposedBlock>
				<ComposedBlock ID="cblock_1" HPOS="406" VPOS="232" WIDTH="1605" HEIGHT="99">
					<TextBlock ID="block_1" HPOS="406" VPOS="232" WIDTH="1605" HEIGHT="99">
						<TextLine ID="line_1" HPOS="406" VPOS="232" WIDTH="1605" HEIGHT="53">
							<String ID="string_5" HPOS="406" VPOS="232" WIDTH="96" HEIGHT="46" WC="0.96" CONTENT="hang"/><SP WIDTH="28" VPOS="232" HPOS="502"/>
							<String ID="string_6" HPOS="530" VPOS="232" WIDTH="114" HEIGHT="45" WC="0.96" CONTENT="anför,"/><SP WIDTH="29" VPOS="232" HPOS="644"/>
							<String ID="string_7" HPOS="673" VPOS="234" WIDTH="95" HEIGHT="35" WC="0.96" CONTENT="huru"/><SP WIDTH="28" VPOS="234" HPOS="768"/>
							<String ID="string_8" HPOS="796" VPOS="235" WIDTH="117" HEIGHT="47" WC="0.96" CONTENT="enligt"/><SP WIDTH="28" VPOS="235" HPOS="913"/>
							<String ID="string_9" HPOS="941" VPOS="236" WIDTH="75" HEIGHT="34" WC="0.96" CONTENT="min"/><SP WIDTH="30" VPOS="236" HPOS="1016"/>
							<String ID="string_10" HPOS="1046" VPOS="237" WIDTH="148" HEIGHT="46" WC="0.96" CONTENT="mening"/><SP WIDTH="28" VPOS="237" HPOS="1194"/>
							<String ID="string_11" HPOS="1222" VPOS="237" WIDTH="196" HEIGHT="36" WC="0.96" CONTENT="utskottets"/><SP WIDTH="29" VPOS="237" HPOS="1418"/>
							<String ID="string_12" HPOS="1447" VPOS="238" WIDTH="190" HEIGHT="36" WC="0.96" CONTENT="utlåtande"/><SP WIDTH="20" VPOS="238" HPOS="1637"/>
							<String ID="string_13" HPOS="1657" VPOS="239" WIDTH="115" HEIGHT="36" WC="0.96" CONTENT="under"/><SP WIDTH="21" VPOS="239" HPOS="1772"/>
							<String ID="string_14" HPOS="1793" VPOS="245" WIDTH="161" HEIGHT="31" WC="0.96" CONTENT="moment"/><SP WIDTH="20" VPOS="245" HPOS="1954"/>
							<String ID="string_15" HPOS="1974" VPOS="239" WIDTH="37" HEIGHT="46" WC="0.96" CONTENT="2)"/>
						</TextLine>
						<TextLine ID="line_2" HPOS="406" VPOS="283" WIDTH="216" HEIGHT="48">
							<String ID="string_16" HPOS="406" VPOS="283" WIDTH="83" HEIGHT="35" WC="0.96" CONTENT="bort"/><SP WIDTH="26" VPOS="283" HPOS="489"/>
							<String ID="string_17" HPOS="515" VPOS="283" WIDTH="107" HEIGHT="48" WC="0.96" CONTENT="lyda:"/>
						</TextLine>
					</TextBlock>
				</ComposedBlock>
				<ComposedBlock ID="cblock_2" HPOS="1172" VPOS="435" WIDTH="71" HEIGHT="47">
					<TextBlock ID="block_2" HPOS="1172" VPOS="435" WIDTH="71" HEIGHT="47">
						<TextLine ID="line_3" HPOS="1172" VPOS="435" WIDTH="71" HEIGHT="47">
							<String ID="string_18" HPOS="1172" VPOS="435" WIDTH="71" HEIGHT="47" WC="0.93" CONTENT="2:0)"/>
						</TextLine>
					</TextBlock>
				</ComposedBlock>
				<ComposedBlock ID="cblock_3" HPOS="391" VPOS="535" WIDTH="1617" HEIGHT="1719">
					<TextBlock ID="block_3" HPOS="398" VPOS="535" WIDTH="1610" HEIGHT="644">
						<TextLine ID="line_4" HPOS="536" VPOS="535" WIDTH="1472" HEIGHT="54">
							<String ID="string_19" HPOS="536" VPOS="535" WIDTH="116" HEIGHT="36" WC="0.95" CONTENT="Sedan"/><SP WIDTH="42" VPOS="535" HPOS="652"/>
							<String ID="string_20" HPOS="694" VPOS="536" WIDTH="181" HEIGHT="36" WC="0.89" CONTENT="utskottet"/><SP WIDTH="40" VPOS="536" HPOS="875"/>
							<String ID="string_21" HPOS="915" VPOS="537" WIDTH="134" HEIGHT="36" WC="0.89" CONTENT="bifallit"/><SP WIDTH="40" VPOS="537" HPOS="1049"/>
							<String ID="string_22" HPOS="1089" VPOS="543" WIDTH="52" HEIGHT="30" WC="0.96" CONTENT="ett"/><SP WIDTH="36" VPOS="543" HPOS="1141"/>
							<String ID="string_23" HPOS="1177" VPOS="539" WIDTH="99" HEIGHT="34" WC="0.96" CONTENT="inom"/><SP WIDTH="42" VPOS="539" HPOS="1276"/>
							<String ID="string_24" HPOS="1318" VPOS="539" WIDTH="201" HEIGHT="36" WC="0.96" CONTENT="detsamma"/><SP WIDTH="42" VPOS="539" HPOS="1519"/>
							<String ID="string_25" HPOS="1561" VPOS="541" WIDTH="105" HEIGHT="35" WC="0.96" CONTENT="väckt"/><SP WIDTH="27" VPOS="541" HPOS="1666"/>
							<String ID="string_26" HPOS="1693" VPOS="540" WIDTH="139" HEIGHT="49" WC="0.96" CONTENT="förslag"/><SP WIDTH="27" VPOS="540" HPOS="1832"/>
							<String ID="string_27" HPOS="1859" VPOS="555" WIDTH="57" HEIGHT="22" WC="0.86" CONTENT="om"/><SP WIDTH="28" VPOS="555" HPOS="1916"/>
							<String ID="string_28" HPOS="1944" VPOS="542" WIDTH="64" HEIGHT="36" WC="0.85" CONTENT="be-"/>
						</TextLine>
						<TextLine ID="line_5" HPOS="401" VPOS="587" WIDTH="1607" HEIGHT="50">
							<String ID="string_29" HPOS="401" VPOS="593" WIDTH="125" HEIGHT="40" WC="0.91" CONTENT="gäran,"/><SP WIDTH="43" VPOS="593" HPOS="526"/>
							<String ID="string_30" HPOS="569" VPOS="591" WIDTH="53" HEIGHT="30" WC="0.95" CONTENT="att"/><SP WIDTH="41" VPOS="591" HPOS="622"/>
							<String ID="string_31" HPOS="663" VPOS="587" WIDTH="53" HEIGHT="35" WC="0.96" CONTENT="till"/><SP WIDTH="44" VPOS="587" HPOS="716"/>
							<String ID="string_32" HPOS="760" VPOS="588" WIDTH="180" HEIGHT="35" WC="0.96" CONTENT="utskottet"/><SP WIDTH="33" VPOS="588" HPOS="940"/>
							<String ID="string_33" HPOS="973" VPOS="591" WIDTH="112" HEIGHT="33" WC="0.93" CONTENT="måtte"/><SP WIDTH="28" VPOS="591" HPOS="1085"/>
							<String ID="string_34" HPOS="1113" VPOS="588" WIDTH="241" HEIGHT="37" WC="0.91" CONTENT="öfverlemnas"/><SP WIDTH="28" VPOS="588" HPOS="1354"/>
							<String ID="string_35" HPOS="1382" VPOS="591" WIDTH="222" HEIGHT="46" WC="0.96" CONTENT="protokollet"/><SP WIDTH="27" VPOS="591" HPOS="1604"/>
							<String ID="string_36" HPOS="1631" VPOS="590" WIDTH="102" HEIGHT="37" WC="0.93" CONTENT="öfver"/><SP WIDTH="24" VPOS="590" HPOS="1733"/>
							<String ID="string_37" HPOS="1757" VPOS="592" WIDTH="251" HEIGHT="36" WC="0.92" CONTENT="ministeriella"/>
						</TextLine>
						<TextLine ID="line_6" HPOS="402" VPOS="637" WIDTH="1605" HEIGHT="49">
							<String ID="string_38" HPOS="402" VPOS="637" WIDTH="160" HEIGHT="35" WC="0.96" CONTENT="ärenden"/><SP WIDTH="38" VPOS="637" HPOS="562"/>
							<String ID="string_39" HPOS="600" VPOS="637" WIDTH="40" HEIGHT="35" WC="0.95" CONTENT="af"/><SP WIDTH="37" VPOS="637" HPOS="640"/>
							<String ID="string_40" HPOS="677" VPOS="637" WIDTH="69" HEIGHT="36" WC="0.95" CONTENT="den"/><SP WIDTH="41" VPOS="637" HPOS="746"/>
							<String ID="string_41" HPOS="787" VPOS="639" WIDTH="45" HEIGHT="34" WC="0.96" CONTENT="28"/><SP WIDTH="41" VPOS="639" HPOS="832"/>
							<String ID="string_42" HPOS="873" VPOS="637" WIDTH="165" HEIGHT="36" WC="0.96" CONTENT="februari"/><SP WIDTH="43" VPOS="637" HPOS="1038"/>
							<String ID="string_43" HPOS="1081" VPOS="641" WIDTH="94" HEIGHT="34" WC="0.96" CONTENT="1900"/><SP WIDTH="33" VPOS="641" HPOS="1175"/>
							<String ID="string_44" HPOS="1208" VPOS="640" WIDTH="186" HEIGHT="46" WC="0.96" CONTENT="angående"/><SP WIDTH="28" VPOS="640" HPOS="1394"/>
							<String ID="string_45" HPOS="1422" VPOS="640" WIDTH="246" HEIGHT="37" WC="0.96" CONTENT="förordnande"/><SP WIDTH="27" VPOS="640" HPOS="1668"/>
							<String ID="string_46" HPOS="1695" VPOS="641" WIDTH="59" HEIGHT="36" WC="0.93" CONTENT="för"/><SP WIDTH="26" VPOS="641" HPOS="1754"/>
							<String ID="string_47" HPOS="1780" VPOS="648" WIDTH="27" HEIGHT="29" WC="0.92" CONTENT="t."/><SP WIDTH="29" VPOS="648" HPOS="1807"/>
							<String ID="string_48" HPOS="1836" VPOS="641" WIDTH="25" HEIGHT="36" WC="0.89" CONTENT="f."/><SP WIDTH="30" VPOS="641" HPOS="1861"/>
							<String ID="string_49" HPOS="1891" VPOS="642" WIDTH="116" HEIGHT="37" WC="0.92" CONTENT="afdel-"/>
						</TextLine>
						<TextLine ID="line_7" HPOS="402" VPOS="686" WIDTH="1605" HEIGHT="53">
							<String ID="string_50" HPOS="402" VPOS="686" WIDTH="237" HEIGHT="47" WC="0.91" CONTENT="ningschefen"/><SP WIDTH="29" VPOS="686" HPOS="639"/>
							<String ID="string_51" HPOS="668" VPOS="688" WIDTH="60" HEIGHT="35" WC="0.93" CONTENT="vid"/><SP WIDTH="29" VPOS="688" HPOS="728"/>
							<String ID="string_52" HPOS="757" VPOS="688" WIDTH="432" HEIGHT="48" WC="0.66" CONTENT="utrikesdepartementct"/><SP WIDTH="24" VPOS="688" HPOS="1189"/>
							<String ID="string_53" HPOS="1213" VPOS="690" WIDTH="97" HEIGHT="46" WC="0.96" CONTENT="juris"/><SP WIDTH="27" VPOS="690" HPOS="1310"/>
							<String ID="string_54" HPOS="1337" VPOS="690" WIDTH="222" HEIGHT="37" WC="0.96" CONTENT="kandidaten"/><SP WIDTH="28" VPOS="690" HPOS="1559"/>
							<String ID="string_55" HPOS="1587" VPOS="692" WIDTH="97" HEIGHT="35" WC="0.96" CONTENT="Thor"/><SP WIDTH="28" VPOS="692" HPOS="1684"/>
							<String ID="string_56" HPOS="1712" VPOS="706" WIDTH="69" HEIGHT="22" WC="0.90" CONTENT="von"/><SP WIDTH="28" VPOS="706" HPOS="1781"/>
							<String ID="string_57" HPOS="1809" VPOS="692" WIDTH="123" HEIGHT="47" WC="0.90" CONTENT="Ditten"/><SP WIDTH="21" VPOS="692" HPOS="1932"/>
							<String ID="string_58" HPOS="1953" VPOS="698" WIDTH="54" HEIGHT="30" WC="0.96" CONTENT="att"/>
						</TextLine>
						<TextLine ID="line_8" HPOS="401" VPOS="737" WIDTH="1606" HEIGHT="53">
							<String ID="string_59" HPOS="401" VPOS="749" WIDTH="85" HEIGHT="23" WC="0.92" CONTENT="vara"/><SP WIDTH="45" VPOS="749" HPOS="486"/>
							<String ID="string_60" HPOS="531" VPOS="737" WIDTH="389" HEIGHT="37" WC="0.72" CONTENT="kabinettsekreterare"/><SP WIDTH="45" VPOS="737" HPOS="920"/>
							<String ID="string_61" HPOS="965" VPOS="739" WIDTH="61" HEIGHT="36" WC="0.96" CONTENT="vid"/><SP WIDTH="46" VPOS="739" HPOS="1026"/>
							<String ID="string_62" HPOS="1072" VPOS="752" WIDTH="138" HEIGHT="24" WC="0.95" CONTENT="samma"/><SP WIDTH="43" VPOS="752" HPOS="1210"/>
							<String ID="string_63" HPOS="1253" VPOS="741" WIDTH="262" HEIGHT="48" WC="0.96" CONTENT="departement,"/><SP WIDTH="44" VPOS="741" HPOS="1515"/>
							<String ID="string_64" HPOS="1559" VPOS="742" WIDTH="68" HEIGHT="35" WC="0.95" CONTENT="och"/><SP WIDTH="46" VPOS="742" HPOS="1627"/>
							<String ID="string_65" HPOS="1673" VPOS="744" WIDTH="178" HEIGHT="35" WC="0.95" CONTENT="utskottet"/><SP WIDTH="40" VPOS="744" HPOS="1851"/>
							<String ID="string_66" HPOS="1891" VPOS="744" WIDTH="116" HEIGHT="46" WC="0.94" CONTENT="enligt"/>
						</TextLine>
						<TextLine ID="line_9" HPOS="401" VPOS="787" WIDTH="1606" HEIGHT="53">
							<String ID="string_67" HPOS="401" VPOS="787" WIDTH="129" HEIGHT="47" WC="0.94" CONTENT="Kongl."/><SP WIDTH="43" VPOS="787" HPOS="530"/>
							<String ID="string_68" HPOS="573" VPOS="788" WIDTH="121" HEIGHT="47" WC="0.94" CONTENT="Maj:ts"/><SP WIDTH="39" VPOS="788" HPOS="694"/>
							<String ID="string_69" HPOS="733" VPOS="789" WIDTH="11" HEIGHT="34" WC="0.93" CONTENT="i"/><SP WIDTH="42" VPOS="789" HPOS="744"/>
							<String ID="string_70" HPOS="786" VPOS="790" WIDTH="213" HEIGHT="35" WC="0.90" CONTENT="ministeriel"/><SP WIDTH="47" VPOS="790" HPOS="999"/>
							<String ID="string_71" HPOS="1046" VPOS="791" WIDTH="136" HEIGHT="47" WC="0.90" CONTENT="konselj"/><SP WIDTH="48" VPOS="791" HPOS="1182"/>
							<String ID="string_72" HPOS="1230" VPOS="791" WIDTH="187" HEIGHT="36" WC="0.88" CONTENT="beslutade"/><SP WIDTH="45" VPOS="791" HPOS="1417"/>
							<String ID="string_73" HPOS="1462" VPOS="792" WIDTH="257" HEIGHT="48" WC="0.88" CONTENT="medgifvande"/><SP WIDTH="45" VPOS="792" HPOS="1719"/>
							<String ID="string_74" HPOS="1764" VPOS="793" WIDTH="243" HEIGHT="37" WC="0.91" CONTENT="utbekommit"/>
						</TextLine>
						<TextLine ID="line_10" HPOS="399" VPOS="839" WIDTH="1607" HEIGHT="52">
							<String ID="string_75" HPOS="399" VPOS="839" WIDTH="159" HEIGHT="35" WC="0.95" CONTENT="nämnda"/><SP WIDTH="28" VPOS="839" HPOS="558"/>
							<String ID="string_76" HPOS="586" VPOS="839" WIDTH="191" HEIGHT="47" WC="0.96" CONTENT="protokoll,"/><SP WIDTH="31" VPOS="839" HPOS="777"/>
							<String ID="string_77" HPOS="808" VPOS="839" WIDTH="66" HEIGHT="36" WC="0.96" CONTENT="har"/><SP WIDTH="28" VPOS="839" HPOS="874"/>
							<String ID="string_78" HPOS="902" VPOS="841" WIDTH="178" HEIGHT="35" WC="0.96" CONTENT="utskottet"/><SP WIDTH="27" VPOS="841" HPOS="1080"/>
							<String ID="string_79" HPOS="1107" VPOS="841" WIDTH="105" HEIGHT="35" WC="0.96" CONTENT="deraf"/><SP WIDTH="15" VPOS="841" HPOS="1212"/>
							<String ID="string_80" HPOS="1227" VPOS="841" WIDTH="136" HEIGHT="44" WC="0.96" CONTENT="funnit,"/><SP WIDTH="20" VPOS="841" HPOS="1363"/>
							<String ID="string_81" HPOS="1383" VPOS="848" WIDTH="53" HEIGHT="29" WC="0.96" CONTENT="att"/><SP WIDTH="17" VPOS="848" HPOS="1436"/>
							<String ID="string_82" HPOS="1453" VPOS="842" WIDTH="283" HEIGHT="49" WC="0.92" CONTENT="ifrågavarande"/><SP WIDTH="19" VPOS="842" HPOS="1736"/>
							<String ID="string_83" HPOS="1755" VPOS="843" WIDTH="251" HEIGHT="48" WC="0.91" CONTENT="befordrings-"/>
						</TextLine>
						<TextLine ID="line_11" HPOS="400" VPOS="888" WIDTH="1606" HEIGHT="54">
							<String ID="string_84" HPOS="400" VPOS="888" WIDTH="102" HEIGHT="47" WC="0.96" CONTENT="fråga"/><SP WIDTH="22" VPOS="888" HPOS="502"/>
							<String ID="string_85" HPOS="524" VPOS="889" WIDTH="216" HEIGHT="36" WC="0.96" CONTENT="behandlats"/><SP WIDTH="27" VPOS="889" HPOS="740"/>
							<String ID="string_86" HPOS="767" VPOS="893" WIDTH="47" HEIGHT="44" WC="0.96" CONTENT="på"/><SP WIDTH="27" VPOS="893" HPOS="814"/>
							<String ID="string_87" HPOS="841" VPOS="896" WIDTH="50" HEIGHT="29" WC="0.96" CONTENT="ett"/><SP WIDTH="28" VPOS="896" HPOS="891"/>
							<String ID="string_88" HPOS="919" VPOS="892" WIDTH="116" HEIGHT="46" WC="0.96" CONTENT="enligt"/><SP WIDTH="29" VPOS="892" HPOS="1035"/>
							<String ID="string_89" HPOS="1064" VPOS="893" WIDTH="194" HEIGHT="34" WC="0.96" CONTENT="utskottets"/><SP WIDTH="29" VPOS="893" HPOS="1258"/>
							<String ID="string_90" HPOS="1287" VPOS="893" WIDTH="148" HEIGHT="47" WC="0.96" CONTENT="mening"/><SP WIDTH="28" VPOS="893" HPOS="1435"/>
							<String ID="string_91" HPOS="1463" VPOS="895" WIDTH="234" HEIGHT="47" WC="0.93" CONTENT="synnerligen"/><SP WIDTH="29" VPOS="895" HPOS="1697"/>
							<String ID="string_92" HPOS="1726" VPOS="895" WIDTH="280" HEIGHT="47" WC="0.91" CONTENT="anmärknings-"/>
						</TextLine>
						<TextLine ID="line_12" HPOS="400" VPOS="939" WIDTH="1606" HEIGHT="53">
							<String ID="string_93" HPOS="400" VPOS="939" WIDTH="106" HEIGHT="35" WC="0.92" CONTENT="värdt"/><SP WIDTH="28" VPOS="939" HPOS="506"/>
							<String ID="string_94" HPOS="534" VPOS="945" WIDTH="84" HEIGHT="30" WC="0.93" CONTENT="sätt."/><SP WIDTH="54" VPOS="945" HPOS="618"/>
							<String ID="string_95" HPOS="672" VPOS="939" WIDTH="51" HEIGHT="36" WC="0.95" CONTENT="Af"/><SP WIDTH="23" VPOS="939" HPOS="723"/>
							<String ID="string_96" HPOS="746" VPOS="942" WIDTH="223" HEIGHT="46" WC="0.96" CONTENT="protokollet"/><SP WIDTH="27" VPOS="942" HPOS="969"/>
							<String ID="string_97" HPOS="996" VPOS="941" WIDTH="163" HEIGHT="47" WC="0.93" CONTENT="framgår"/><SP WIDTH="28" VPOS="941" HPOS="1159"/>
							<String ID="string_98" HPOS="1187" VPOS="943" WIDTH="194" HEIGHT="47" WC="0.92" CONTENT="nemligen,"/><SP WIDTH="30" VPOS="943" HPOS="1381"/>
							<String ID="string_99" HPOS="1411" VPOS="949" WIDTH="51" HEIGHT="30" WC="0.96" CONTENT="att"/><SP WIDTH="26" VPOS="949" HPOS="1462"/>
							<String ID="string_100" HPOS="1488" VPOS="944" WIDTH="210" HEIGHT="36" WC="0.93" CONTENT="densamma"/><SP WIDTH="20" VPOS="944" HPOS="1698"/>
							<String ID="string_101" HPOS="1718" VPOS="945" WIDTH="195" HEIGHT="47" WC="0.91" CONTENT="handlagts"/><SP WIDTH="14" VPOS="945" HPOS="1913"/>
							<String ID="string_102" HPOS="1927" VPOS="946" WIDTH="79" HEIGHT="35" WC="0.97" CONTENT="icke"/>
						</TextLine>
						<TextLine ID="line_13" HPOS="398" VPOS="990" WIDTH="1607" HEIGHT="51">
							<String ID="string_103" HPOS="398" VPOS="990" WIDTH="11" HEIGHT="34" WC="0.95" CONTENT="i"/><SP WIDTH="41" VPOS="990" HPOS="409"/>
							<String ID="string_104" HPOS="450" VPOS="990" WIDTH="207" HEIGHT="44" WC="0.94" CONTENT="statsrådet,"/><SP WIDTH="43" VPOS="990" HPOS="657"/>
							<String ID="string_105" HPOS="700" VPOS="996" WIDTH="86" HEIGHT="30" WC="0.96" CONTENT="utan"/><SP WIDTH="43" VPOS="996" HPOS="786"/>
							<String ID="string_106" HPOS="829" VPOS="992" WIDTH="12" HEIGHT="35" WC="0.77" CONTENT="i"/><SP WIDTH="33" VPOS="992" HPOS="841"/>
							<String ID="string_107" HPOS="874" VPOS="992" WIDTH="215" HEIGHT="36" WC="0.91" CONTENT="ministeriel"/><SP WIDTH="32" VPOS="992" HPOS="1089"/>
							<String ID="string_108" HPOS="1121" VPOS="993" WIDTH="150" HEIGHT="46" WC="0.91" CONTENT="konselj,"/><SP WIDTH="31" VPOS="993" HPOS="1271"/>
							<String ID="string_109" HPOS="1302" VPOS="994" WIDTH="10" HEIGHT="34" WC="0.96" CONTENT="i"/><SP WIDTH="29" VPOS="994" HPOS="1312"/>
							<String ID="string_110" HPOS="1341" VPOS="994" WIDTH="146" HEIGHT="35" WC="0.96" CONTENT="hvilken"/><SP WIDTH="29" VPOS="994" HPOS="1487"/>
							<String ID="string_111" HPOS="1516" VPOS="994" WIDTH="162" HEIGHT="47" WC="0.96" CONTENT="deltagit,"/><SP WIDTH="31" VPOS="994" HPOS="1678"/>
							<String ID="string_112" HPOS="1709" VPOS="1000" WIDTH="103" HEIGHT="31" WC="0.93" CONTENT="utom"/><SP WIDTH="27" VPOS="1000" HPOS="1812"/>
							<String ID="string_113" HPOS="1839" VPOS="994" WIDTH="166" HEIGHT="37" WC="0.91" CONTENT="föredra-"/>
						</TextLine>
						<TextLine ID="line_14" HPOS="398" VPOS="1040" WIDTH="1606" HEIGHT="53">
							<String ID="string_114" HPOS="398" VPOS="1040" WIDTH="142" HEIGHT="46" WC="0.92" CONTENT="ganden"/><SP WIDTH="32" VPOS="1040" HPOS="540"/>
							<String ID="string_115" HPOS="572" VPOS="1041" WIDTH="90" HEIGHT="35" WC="0.96" CONTENT="hans"/><SP WIDTH="27" VPOS="1041" HPOS="662"/>
							<String ID="string_116" HPOS="689" VPOS="1042" WIDTH="182" HEIGHT="36" WC="0.96" CONTENT="excellens"/><SP WIDTH="30" VPOS="1042" HPOS="871"/>
							<String ID="string_117" HPOS="901" VPOS="1043" WIDTH="83" HEIGHT="34" WC="0.96" CONTENT="herr"/><SP WIDTH="28" VPOS="1043" HPOS="984"/>
							<String ID="string_118" HPOS="1012" VPOS="1043" WIDTH="191" HEIGHT="35" WC="0.96" CONTENT="ministern"/><SP WIDTH="28" VPOS="1043" HPOS="1203"/>
							<String ID="string_119" HPOS="1231" VPOS="1043" WIDTH="62" HEIGHT="36" WC="0.96" CONTENT="för"/><SP WIDTH="19" VPOS="1043" HPOS="1293"/>
							<String ID="string_120" HPOS="1312" VPOS="1045" WIDTH="136" HEIGHT="34" WC="0.96" CONTENT="utrikes"/><SP WIDTH="20" VPOS="1045" HPOS="1448"/>
							<String ID="string_121" HPOS="1468" VPOS="1045" WIDTH="185" HEIGHT="36" WC="0.93" CONTENT="ärendena"/><SP WIDTH="18" VPOS="1045" HPOS="1653"/>
							<String ID="string_122" HPOS="1671" VPOS="1045" WIDTH="227" HEIGHT="48" WC="0.91" CONTENT="Lagerheim,"/><SP WIDTH="17" VPOS="1045" HPOS="1898"/>
							<String ID="string_123" HPOS="1915" VPOS="1046" WIDTH="89" HEIGHT="36" WC="0.96" CONTENT="hans"/>
						</TextLine>
						<TextLine ID="line_15" HPOS="398" VPOS="1091" WIDTH="1606" HEIGHT="52">
							<String ID="string_124" HPOS="398" VPOS="1091" WIDTH="179" HEIGHT="36" WC="0.96" CONTENT="excellens"/><SP WIDTH="28" VPOS="1091" HPOS="577"/>
							<String ID="string_125" HPOS="605" VPOS="1091" WIDTH="84" HEIGHT="36" WC="0.95" CONTENT="herr"/><SP WIDTH="26" VPOS="1091" HPOS="689"/>
							<String ID="string_126" HPOS="715" VPOS="1093" WIDTH="285" HEIGHT="35" WC="0.96" CONTENT="statsministern"/><SP WIDTH="29" VPOS="1093" HPOS="1000"/>
							<String ID="string_127" HPOS="1029" VPOS="1093" WIDTH="165" HEIGHT="35" WC="0.95" CONTENT="Boström"/><SP WIDTH="29" VPOS="1093" HPOS="1194"/>
							<String ID="string_128" HPOS="1223" VPOS="1094" WIDTH="65" HEIGHT="35" WC="0.95" CONTENT="och"/><SP WIDTH="22" VPOS="1094" HPOS="1288"/>
							<String ID="string_129" HPOS="1310" VPOS="1095" WIDTH="194" HEIGHT="35" WC="0.93" CONTENT="statsrådet"/><SP WIDTH="20" VPOS="1095" HPOS="1504"/>
							<String ID="string_130" HPOS="1524" VPOS="1095" WIDTH="171" HEIGHT="36" WC="0.92" CONTENT="Wikblad"/><SP WIDTH="20" VPOS="1095" HPOS="1695"/>
							<String ID="string_131" HPOS="1715" VPOS="1102" WIDTH="95" HEIGHT="29" WC="0.92" CONTENT="samt"/><SP WIDTH="19" VPOS="1102" HPOS="1810"/>
							<String ID="string_132" HPOS="1829" VPOS="1096" WIDTH="175" HEIGHT="47" WC="0.89" CONTENT="derjemte"/>
						</TextLine>
						<TextLine ID="line_16" HPOS="399" VPOS="1141" WIDTH="683" HEIGHT="38">
							<String ID="string_133" HPOS="399" VPOS="1141" WIDTH="225" HEIGHT="36" WC="0.91" CONTENT="härvarande"/><SP WIDTH="30" VPOS="1141" HPOS="624"/>
							<String ID="string_134" HPOS="654" VPOS="1142" WIDTH="129" HEIGHT="35" WC="0.96" CONTENT="norske"/><SP WIDTH="29" VPOS="1142" HPOS="783"/>
							<String ID="string_135" HPOS="812" VPOS="1143" WIDTH="270" HEIGHT="36" WC="0.96" CONTENT="statsminister."/>
						</TextLine>
					</TextBlock>
					<TextBlock ID="block_4" HPOS="393" VPOS="1192" WIDTH="1611" HEIGHT="703">
						<TextLine ID="line_17" HPOS="530" VPOS="1192" WIDTH="1469" HEIGHT="52">
							<String ID="string_136" HPOS="530" VPOS="1192" WIDTH="69" HEIGHT="35" WC="0.96" CONTENT="Att"/><SP WIDTH="39" VPOS="1192" HPOS="599"/>
							<String ID="string_137" HPOS="638" VPOS="1192" WIDTH="153" HEIGHT="35" WC="0.95" CONTENT="sålunda"/><SP WIDTH="27" VPOS="1192" HPOS="791"/>
							<String ID="string_138" HPOS="818" VPOS="1194" WIDTH="11" HEIGHT="34" WC="0.89" CONTENT="i"/><SP WIDTH="29" VPOS="1194" HPOS="829"/>
							<String ID="string_139" HPOS="858" VPOS="1206" WIDTH="26" HEIGHT="22" WC="0.88" CONTENT="s."/><SP WIDTH="30" VPOS="1206" HPOS="884"/>
							<String ID="string_140" HPOS="914" VPOS="1193" WIDTH="33" HEIGHT="35" WC="0.92" CONTENT="k."/><SP WIDTH="31" VPOS="1193" HPOS="947"/>
							<String ID="string_141" HPOS="978" VPOS="1194" WIDTH="212" HEIGHT="35" WC="0.90" CONTENT="ministeriel"/><SP WIDTH="28" VPOS="1194" HPOS="1190"/>
							<String ID="string_142" HPOS="1218" VPOS="1195" WIDTH="151" HEIGHT="46" WC="0.90" CONTENT="konselj,"/><SP WIDTH="30" VPOS="1195" HPOS="1369"/>
							<String ID="string_143" HPOS="1399" VPOS="1195" WIDTH="33" HEIGHT="35" WC="0.90" CONTENT="d."/><SP WIDTH="31" VPOS="1195" HPOS="1432"/>
							<String ID="string_144" HPOS="1463" VPOS="1209" WIDTH="32" HEIGHT="21" WC="0.90" CONTENT="v."/><SP WIDTH="32" VPOS="1209" HPOS="1495"/>
							<String ID="string_145" HPOS="1527" VPOS="1209" WIDTH="26" HEIGHT="22" WC="0.82" CONTENT="s."/><SP WIDTH="30" VPOS="1209" HPOS="1553"/>
							<String ID="string_146" HPOS="1583" VPOS="1197" WIDTH="11" HEIGHT="34" WC="0.95" CONTENT="i"/><SP WIDTH="29" VPOS="1197" HPOS="1594"/>
							<String ID="string_147" HPOS="1623" VPOS="1197" WIDTH="68" HEIGHT="35" WC="0.96" CONTENT="den"/><SP WIDTH="28" VPOS="1197" HPOS="1691"/>
							<String ID="string_148" HPOS="1719" VPOS="1197" WIDTH="159" HEIGHT="47" WC="0.92" CONTENT="ordning"/><SP WIDTH="27" VPOS="1197" HPOS="1878"/>
							<String ID="string_149" HPOS="1905" VPOS="1196" WIDTH="23" HEIGHT="45" WC="0.77" CONTENT="&amp;"/><SP WIDTH="32" VPOS="1196" HPOS="1928"/>
							<String ID="string_150" HPOS="1960" VPOS="1200" WIDTH="39" HEIGHT="33" WC="0.96" CONTENT="11"/>
						</TextLine>
						<TextLine ID="line_18" HPOS="399" VPOS="1241" WIDTH="1604" HEIGHT="54">
							<String ID="string_151" HPOS="399" VPOS="1241" WIDTH="326" HEIGHT="47" WC="0.90" CONTENT="regeringsformen"/><SP WIDTH="41" VPOS="1241" HPOS="725"/>
							<String ID="string_152" HPOS="766" VPOS="1242" WIDTH="250" HEIGHT="45" WC="0.76" CONTENT="föreskrifver,"/><SP WIDTH="42" VPOS="1242" HPOS="1016"/>
							<String ID="string_153" HPOS="1058" VPOS="1244" WIDTH="207" HEIGHT="49" WC="0.96" CONTENT="handlägga"/><SP WIDTH="40" VPOS="1244" HPOS="1265"/>
							<String ID="string_154" HPOS="1305" VPOS="1246" WIDTH="169" HEIGHT="42" WC="0.96" CONTENT="ärenden,"/><SP WIDTH="36" VPOS="1246" HPOS="1474"/>
							<String ID="string_155" HPOS="1510" VPOS="1258" WIDTH="79" HEIGHT="24" WC="0.92" CONTENT="som"/><SP WIDTH="33" VPOS="1258" HPOS="1589"/>
							<String ID="string_156" HPOS="1622" VPOS="1251" WIDTH="93" HEIGHT="43" WC="0.92" CONTENT="angå"/><SP WIDTH="28" VPOS="1251" HPOS="1715"/>
							<String ID="string_157" HPOS="1743" VPOS="1247" WIDTH="260" HEIGHT="48" WC="0.91" CONTENT="befordringar"/>
						</TextLine>
						<TextLine ID="line_19" HPOS="397" VPOS="1293" WIDTH="1606" HEIGHT="54">
							<String ID="string_158" HPOS="397" VPOS="1293" WIDTH="55" HEIGHT="34" WC="0.89" CONTENT="till"/><SP WIDTH="41" VPOS="1293" HPOS="452"/>
							<String ID="string_159" HPOS="493" VPOS="1293" WIDTH="168" HEIGHT="35" WC="0.89" CONTENT="embeten"/><SP WIDTH="39" VPOS="1293" HPOS="661"/>
							<String ID="string_160" HPOS="700" VPOS="1293" WIDTH="66" HEIGHT="35" WC="0.93" CONTENT="och"/><SP WIDTH="42" VPOS="1293" HPOS="766"/>
							<String ID="string_161" HPOS="808" VPOS="1294" WIDTH="154" HEIGHT="47" WC="0.91" CONTENT="tjenster"/><SP WIDTH="40" VPOS="1294" HPOS="962"/>
							<String ID="string_162" HPOS="1002" VPOS="1295" WIDTH="99" HEIGHT="35" WC="0.96" CONTENT="inom"/><SP WIDTH="42" VPOS="1295" HPOS="1101"/>
							<String ID="string_163" HPOS="1143" VPOS="1295" WIDTH="105" HEIGHT="43" WC="0.95" CONTENT="riket,"/><SP WIDTH="44" VPOS="1295" HPOS="1248"/>
							<String ID="string_164" HPOS="1292" VPOS="1303" WIDTH="40" HEIGHT="28" WC="0.95" CONTENT="är"/><SP WIDTH="39" VPOS="1303" HPOS="1332"/>
							<String ID="string_165" HPOS="1371" VPOS="1297" WIDTH="117" HEIGHT="45" WC="0.44" CONTENT="enligt"/><SP WIDTH="40" VPOS="1297" HPOS="1488"/>
							<String ID="string_166" HPOS="1528" VPOS="1298" WIDTH="196" HEIGHT="36" WC="0.93" CONTENT="utskottets"/><SP WIDTH="33" VPOS="1298" HPOS="1724"/>
							<String ID="string_167" HPOS="1757" VPOS="1297" WIDTH="246" HEIGHT="50" WC="0.87" CONTENT="öfvertygelse"/>
						</TextLine>
						<TextLine ID="line_20" HPOS="395" VPOS="1343" WIDTH="1609" HEIGHT="52">
							<String ID="string_168" HPOS="395" VPOS="1343" WIDTH="186" HEIGHT="35" WC="0.96" CONTENT="stridande"/><SP WIDTH="44" VPOS="1343" HPOS="581"/>
							<String ID="string_169" HPOS="625" VPOS="1349" WIDTH="75" HEIGHT="30" WC="0.94" CONTENT="mot"/><SP WIDTH="41" VPOS="1349" HPOS="700"/>
							<String ID="string_170" HPOS="741" VPOS="1344" WIDTH="226" HEIGHT="49" WC="0.94" CONTENT="uttryckliga"/><SP WIDTH="40" VPOS="1344" HPOS="967"/>
							<String ID="string_171" HPOS="1007" VPOS="1345" WIDTH="67" HEIGHT="35" WC="0.93" CONTENT="och"/><SP WIDTH="38" VPOS="1345" HPOS="1074"/>
							<String ID="string_172" HPOS="1112" VPOS="1346" WIDTH="213" HEIGHT="48" WC="0.88" CONTENT="otvetydiga"/><SP WIDTH="38" VPOS="1346" HPOS="1325"/>
							<String ID="string_173" HPOS="1363" VPOS="1347" WIDTH="488" HEIGHT="48" WC="0.88" CONTENT="grundlagsbestämmelser,"/><SP WIDTH="31" VPOS="1347" HPOS="1851"/>
							<String ID="string_174" HPOS="1882" VPOS="1349" WIDTH="122" HEIGHT="36" WC="0.96" CONTENT="hvilka"/>
						</TextLine>
						<TextLine ID="line_21" HPOS="399" VPOS="1393" WIDTH="1603" HEIGHT="53">
							<String ID="string_175" HPOS="399" VPOS="1393" WIDTH="170" HEIGHT="47" WC="0.92" CONTENT="påfordra"/><SP WIDTH="40" VPOS="1393" HPOS="569"/>
							<String ID="string_176" HPOS="609" VPOS="1395" WIDTH="70" HEIGHT="34" WC="0.95" CONTENT="alla"/><SP WIDTH="39" VPOS="1395" HPOS="679"/>
							<String ID="string_177" HPOS="718" VPOS="1394" WIDTH="137" HEIGHT="36" WC="0.93" CONTENT="sådana"/><SP WIDTH="41" VPOS="1394" HPOS="855"/>
							<String ID="string_178" HPOS="896" VPOS="1395" WIDTH="179" HEIGHT="36" WC="0.88" CONTENT="ärendens"/><SP WIDTH="41" VPOS="1395" HPOS="1075"/>
							<String ID="string_179" HPOS="1116" VPOS="1396" WIDTH="222" HEIGHT="47" WC="0.92" CONTENT="behandling"/><SP WIDTH="39" VPOS="1396" HPOS="1338"/>
							<String ID="string_180" HPOS="1377" VPOS="1398" WIDTH="11" HEIGHT="34" WC="0.94" CONTENT="i"/><SP WIDTH="41" VPOS="1398" HPOS="1388"/>
							<String ID="string_181" HPOS="1429" VPOS="1398" WIDTH="168" HEIGHT="35" WC="0.96" CONTENT="statsråd."/><SP WIDTH="55" VPOS="1398" HPOS="1597"/>
							<String ID="string_182" HPOS="1652" VPOS="1399" WIDTH="350" HEIGHT="47" WC="0.96" CONTENT="Regeringsformen"/>
						</TextLine>
						<TextLine ID="line_22" HPOS="396" VPOS="1444" WIDTH="1604" HEIGHT="53">
							<String ID="string_183" HPOS="396" VPOS="1444" WIDTH="147" HEIGHT="46" WC="0.93" CONTENT="stadgar"/><SP WIDTH="29" VPOS="1444" HPOS="543"/>
							<String ID="string_184" HPOS="572" VPOS="1445" WIDTH="180" HEIGHT="47" WC="0.89" CONTENT="nemligen"/><SP WIDTH="31" VPOS="1445" HPOS="752"/>
							<String ID="string_185" HPOS="783" VPOS="1446" WIDTH="11" HEIGHT="34" WC="0.92" CONTENT="i"/><SP WIDTH="28" VPOS="1446" HPOS="794"/>
							<String ID="string_186" HPOS="822" VPOS="1444" WIDTH="23" HEIGHT="44" WC="0.92" CONTENT="$"/><SP WIDTH="30" VPOS="1444" HPOS="845"/>
							<String ID="string_187" HPOS="875" VPOS="1447" WIDTH="36" HEIGHT="34" WC="0.93" CONTENT="7:"/><SP WIDTH="35" VPOS="1447" HPOS="911"/>
							<String ID="string_188" HPOS="946" VPOS="1446" WIDTH="99" HEIGHT="35" WC="0.90" CONTENT="»Alla"/><SP WIDTH="29" VPOS="1446" HPOS="1045"/>
							<String ID="string_189" HPOS="1074" VPOS="1447" WIDTH="360" HEIGHT="46" WC="0.91" CONTENT="regeringsärenden,"/><SP WIDTH="30" VPOS="1447" HPOS="1434"/>
							<String ID="string_190" HPOS="1464" VPOS="1448" WIDTH="81" HEIGHT="35" WC="0.96" CONTENT="med"/><SP WIDTH="32" VPOS="1448" HPOS="1545"/>
							<String ID="string_191" HPOS="1577" VPOS="1449" WIDTH="188" HEIGHT="48" WC="0.96" CONTENT="undantag"/><SP WIDTH="27" VPOS="1449" HPOS="1765"/>
							<String ID="string_192" HPOS="1792" VPOS="1449" WIDTH="41" HEIGHT="36" WC="0.95" CONTENT="af"/><SP WIDTH="23" VPOS="1449" HPOS="1833"/>
							<String ID="string_193" HPOS="1856" VPOS="1450" WIDTH="144" HEIGHT="43" WC="0.96" CONTENT="sådana,"/>
						</TextLine>
						<TextLine ID="line_23" HPOS="396" VPOS="1494" WIDTH="1606" HEIGHT="53">
							<String ID="string_194" HPOS="396" VPOS="1507" WIDTH="75" HEIGHT="22" WC="0.96" CONTENT="som"/><SP WIDTH="40" VPOS="1507" HPOS="471"/>
							<String ID="string_195" HPOS="511" VPOS="1495" WIDTH="10" HEIGHT="34" WC="0.96" CONTENT="i"/><SP WIDTH="46" VPOS="1495" HPOS="521"/>
							<String ID="string_196" HPOS="567" VPOS="1497" WIDTH="41" HEIGHT="33" WC="0.94" CONTENT="11"/><SP WIDTH="44" VPOS="1497" HPOS="608"/>
							<String ID="string_197" HPOS="652" VPOS="1496" WIDTH="64" HEIGHT="34" WC="0.94" CONTENT="och"/><SP WIDTH="47" VPOS="1496" HPOS="716"/>
							<String ID="string_198" HPOS="763" VPOS="1498" WIDTH="40" HEIGHT="32" WC="0.75" CONTENT="135"/><SP WIDTH="44" VPOS="1498" HPOS="803"/>
							<String ID="string_199" HPOS="847" VPOS="1494" WIDTH="48" HEIGHT="45" WC="0.92" CONTENT="$$"/><SP WIDTH="40" VPOS="1494" HPOS="895"/>
							<String ID="string_200" HPOS="935" VPOS="1496" WIDTH="244" HEIGHT="41" WC="0.91" CONTENT="omförmälas,"/><SP WIDTH="42" VPOS="1496" HPOS="1179"/>
							<String ID="string_201" HPOS="1221" VPOS="1497" WIDTH="102" HEIGHT="36" WC="0.96" CONTENT="skola"/><SP WIDTH="40" VPOS="1497" HPOS="1323"/>
							<String ID="string_202" HPOS="1363" VPOS="1498" WIDTH="99" HEIGHT="35" WC="0.96" CONTENT="inför"/><SP WIDTH="42" VPOS="1498" HPOS="1462"/>
							<String ID="string_203" HPOS="1504" VPOS="1498" WIDTH="203" HEIGHT="49" WC="0.95" CONTENT="Konungen"/><SP WIDTH="41" VPOS="1498" HPOS="1707"/>
							<String ID="string_204" HPOS="1748" VPOS="1500" WIDTH="12" HEIGHT="35" WC="0.95" CONTENT="i"/><SP WIDTH="42" VPOS="1500" HPOS="1760"/>
							<String ID="string_205" HPOS="1802" VPOS="1500" WIDTH="200" HEIGHT="36" WC="0.95" CONTENT="Statsrådet"/>
						</TextLine>
						<TextLine ID="line_24" HPOS="396" VPOS="1544" WIDTH="1605" HEIGHT="52">
							<String ID="string_206" HPOS="396" VPOS="1544" WIDTH="210" HEIGHT="47" WC="0.91" CONTENT="föredragas"/><SP WIDTH="40" VPOS="1544" HPOS="606"/>
							<String ID="string_207" HPOS="646" VPOS="1546" WIDTH="64" HEIGHT="34" WC="0.96" CONTENT="och"/><SP WIDTH="40" VPOS="1546" HPOS="710"/>
							<String ID="string_208" HPOS="750" VPOS="1546" WIDTH="64" HEIGHT="35" WC="0.92" CONTENT="der"/><SP WIDTH="40" VPOS="1546" HPOS="814"/>
							<String ID="string_209" HPOS="854" VPOS="1546" WIDTH="174" HEIGHT="47" WC="0.85" CONTENT="afgöras»;"/><SP WIDTH="43" VPOS="1546" HPOS="1028"/>
							<String ID="string_210" HPOS="1071" VPOS="1548" WIDTH="10" HEIGHT="34" WC="0.93" CONTENT="i"/><SP WIDTH="42" VPOS="1548" HPOS="1081"/>
							<String ID="string_211" HPOS="1123" VPOS="1546" WIDTH="22" HEIGHT="45" WC="0.80" CONTENT="$"/><SP WIDTH="44" VPOS="1546" HPOS="1145"/>
							<String ID="string_212" HPOS="1189" VPOS="1550" WIDTH="39" HEIGHT="32" WC="0.96" CONTENT="11"/><SP WIDTH="46" VPOS="1550" HPOS="1228"/>
							<String ID="string_213" HPOS="1274" VPOS="1552" WIDTH="80" HEIGHT="32" WC="0.93" CONTENT="åter"/><SP WIDTH="27" VPOS="1552" HPOS="1354"/>
							<String ID="string_214" HPOS="1381" VPOS="1548" WIDTH="169" HEIGHT="48" WC="0.92" CONTENT="angifvas"/><SP WIDTH="28" VPOS="1548" HPOS="1550"/>
							<String ID="string_215" HPOS="1578" VPOS="1550" WIDTH="43" HEIGHT="35" WC="0.96" CONTENT="de"/><SP WIDTH="28" VPOS="1550" HPOS="1621"/>
							<String ID="string_216" HPOS="1649" VPOS="1550" WIDTH="154" HEIGHT="36" WC="0.96" CONTENT="sålunda"/><SP WIDTH="27" VPOS="1550" HPOS="1803"/>
							<String ID="string_217" HPOS="1830" VPOS="1550" WIDTH="80" HEIGHT="36" WC="0.93" CONTENT="från"/><SP WIDTH="28" VPOS="1550" HPOS="1910"/>
							<String ID="string_218" HPOS="1938" VPOS="1551" WIDTH="63" HEIGHT="36" WC="0.92" CONTENT="be-"/>
						</TextLine>
						<TextLine ID="line_25" HPOS="396" VPOS="1595" WIDTH="1602" HEIGHT="54">
							<String ID="string_219" HPOS="396" VPOS="1595" WIDTH="177" HEIGHT="48" WC="0.95" CONTENT="handling"/><SP WIDTH="27" VPOS="1595" HPOS="573"/>
							<String ID="string_220" HPOS="600" VPOS="1596" WIDTH="12" HEIGHT="34" WC="0.95" CONTENT="i"/><SP WIDTH="29" VPOS="1596" HPOS="612"/>
							<String ID="string_221" HPOS="641" VPOS="1596" WIDTH="154" HEIGHT="35" WC="0.94" CONTENT="statsråd"/><SP WIDTH="30" VPOS="1596" HPOS="795"/>
							<String ID="string_222" HPOS="825" VPOS="1597" WIDTH="237" HEIGHT="46" WC="0.95" CONTENT="undantagna"/><SP WIDTH="28" VPOS="1597" HPOS="1062"/>
							<String ID="string_223" HPOS="1090" VPOS="1598" WIDTH="65" HEIGHT="35" WC="0.95" CONTENT="och"/><SP WIDTH="28" VPOS="1598" HPOS="1155"/>
							<String ID="string_224" HPOS="1183" VPOS="1599" WIDTH="56" HEIGHT="34" WC="0.95" CONTENT="till"/><SP WIDTH="35" VPOS="1599" HPOS="1239"/>
							<String ID="string_225" HPOS="1274" VPOS="1599" WIDTH="277" HEIGHT="48" WC="0.96" CONTENT="handläggning"/><SP WIDTH="28" VPOS="1599" HPOS="1551"/>
							<String ID="string_226" HPOS="1579" VPOS="1600" WIDTH="11" HEIGHT="34" WC="0.93" CONTENT="i"/><SP WIDTH="29" VPOS="1600" HPOS="1590"/>
							<String ID="string_227" HPOS="1619" VPOS="1601" WIDTH="216" HEIGHT="35" WC="0.92" CONTENT="ministeriel"/><SP WIDTH="28" VPOS="1601" HPOS="1835"/>
							<String ID="string_228" HPOS="1863" VPOS="1602" WIDTH="135" HEIGHT="47" WC="0.92" CONTENT="konselj"/>
						</TextLine>
						<TextLine ID="line_26" HPOS="395" VPOS="1645" WIDTH="1604" HEIGHT="51">
							<String ID="string_229" HPOS="395" VPOS="1645" WIDTH="195" HEIGHT="36" WC="0.93" CONTENT="hänvisade"/><SP WIDTH="41" VPOS="1645" HPOS="590"/>
							<String ID="string_230" HPOS="631" VPOS="1647" WIDTH="253" HEIGHT="35" WC="0.85" CONTENT="ministeriella"/><SP WIDTH="42" VPOS="1647" HPOS="884"/>
							<String ID="string_231" HPOS="926" VPOS="1649" WIDTH="116" HEIGHT="34" WC="0.96" CONTENT="målen"/><SP WIDTH="42" VPOS="1649" HPOS="1042"/>
							<String ID="string_232" HPOS="1084" VPOS="1651" WIDTH="44" HEIGHT="45" WC="0.96" CONTENT="på"/><SP WIDTH="41" VPOS="1651" HPOS="1128"/>
							<String ID="string_233" HPOS="1169" VPOS="1649" WIDTH="62" HEIGHT="35" WC="0.94" CONTENT="det"/><SP WIDTH="42" VPOS="1649" HPOS="1231"/>
							<String ID="string_234" HPOS="1273" VPOS="1655" WIDTH="81" HEIGHT="38" WC="0.94" CONTENT="sätt,"/><SP WIDTH="37" VPOS="1655" HPOS="1354"/>
							<String ID="string_235" HPOS="1391" VPOS="1655" WIDTH="54" HEIGHT="30" WC="0.96" CONTENT="att"/><SP WIDTH="42" VPOS="1655" HPOS="1445"/>
							<String ID="string_236" HPOS="1487" VPOS="1649" WIDTH="148" HEIGHT="37" WC="0.93" CONTENT="dermed"/><SP WIDTH="34" VPOS="1649" HPOS="1635"/>
							<String ID="string_237" HPOS="1669" VPOS="1650" WIDTH="149" HEIGHT="37" WC="0.60" CONTENT="»&gt;»förstås"/><SP WIDTH="28" VPOS="1650" HPOS="1818"/>
							<String ID="string_238" HPOS="1846" VPOS="1653" WIDTH="70" HEIGHT="34" WC="0.96" CONTENT="alla"/><SP WIDTH="28" VPOS="1653" HPOS="1916"/>
							<String ID="string_239" HPOS="1944" VPOS="1652" WIDTH="55" HEIGHT="44" WC="0.96" CONTENT="de,"/>
						</TextLine>
						<TextLine ID="line_27" HPOS="394" VPOS="1697" WIDTH="1606" HEIGHT="50">
							<String ID="string_240" HPOS="394" VPOS="1709" WIDTH="74" HEIGHT="22" WC="0.92" CONTENT="som"/><SP WIDTH="43" VPOS="1709" HPOS="468"/>
							<String ID="string_241" HPOS="511" VPOS="1700" WIDTH="95" HEIGHT="43" WC="0.92" CONTENT="angå"/><SP WIDTH="40" VPOS="1700" HPOS="606"/>
							<String ID="string_242" HPOS="646" VPOS="1697" WIDTH="110" HEIGHT="35" WC="0.96" CONTENT="rikets"/><SP WIDTH="41" VPOS="1697" HPOS="756"/>
							<String ID="string_243" HPOS="797" VPOS="1697" WIDTH="228" HEIGHT="37" WC="0.96" CONTENT="förhållande"/><SP WIDTH="43" VPOS="1697" HPOS="1025"/>
							<String ID="string_244" HPOS="1068" VPOS="1700" WIDTH="55" HEIGHT="34" WC="0.94" CONTENT="till"/><SP WIDTH="40" VPOS="1700" HPOS="1123"/>
							<String ID="string_245" HPOS="1163" VPOS="1699" WIDTH="227" HEIGHT="36" WC="0.93" CONTENT="främmande"/><SP WIDTH="41" VPOS="1699" HPOS="1390"/>
							<String ID="string_246" HPOS="1431" VPOS="1706" WIDTH="169" HEIGHT="41" WC="0.90" CONTENT="magter»,"/><SP WIDTH="40" VPOS="1706" HPOS="1600"/>
							<String ID="string_247" HPOS="1640" VPOS="1702" WIDTH="65" HEIGHT="35" WC="0.96" CONTENT="och"/><SP WIDTH="30" VPOS="1702" HPOS="1705"/>
							<String ID="string_248" HPOS="1735" VPOS="1702" WIDTH="10" HEIGHT="35" WC="0.93" CONTENT="i"/><SP WIDTH="29" VPOS="1702" HPOS="1745"/>
							<String ID="string_249" HPOS="1774" VPOS="1701" WIDTH="23" HEIGHT="44" WC="0.62" CONTENT="&amp;"/><SP WIDTH="28" VPOS="1701" HPOS="1797"/>
							<String ID="string_250" HPOS="1825" VPOS="1704" WIDTH="46" HEIGHT="34" WC="0.93" CONTENT="32"/><SP WIDTH="30" VPOS="1704" HPOS="1871"/>
							<String ID="string_251" HPOS="1901" VPOS="1703" WIDTH="99" HEIGHT="35" WC="0.92" CONTENT="stad-"/>
						</TextLine>
						<TextLine ID="line_28" HPOS="394" VPOS="1747" WIDTH="1609" HEIGHT="52">
							<String ID="string_252" HPOS="394" VPOS="1760" WIDTH="63" HEIGHT="33" WC="0.94" CONTENT="gas"/><SP WIDTH="41" VPOS="1760" HPOS="457"/>
							<String ID="string_253" HPOS="498" VPOS="1747" WIDTH="188" HEIGHT="48" WC="0.94" CONTENT="slutligen,"/><SP WIDTH="42" VPOS="1747" HPOS="686"/>
							<String ID="string_254" HPOS="728" VPOS="1753" WIDTH="53" HEIGHT="30" WC="0.96" CONTENT="att"/><SP WIDTH="41" VPOS="1753" HPOS="781"/>
							<String ID="string_255" HPOS="822" VPOS="1749" WIDTH="11" HEIGHT="34" WC="0.96" CONTENT="i"/><SP WIDTH="41" VPOS="1749" HPOS="833"/>
							<String ID="string_256" HPOS="874" VPOS="1748" WIDTH="118" HEIGHT="36" WC="0.90" CONTENT="denna"/><SP WIDTH="41" VPOS="1748" HPOS="992"/>
							<String ID="string_257" HPOS="1033" VPOS="1750" WIDTH="252" HEIGHT="35" WC="0.90" CONTENT="ministeriella"/><SP WIDTH="44" VPOS="1750" HPOS="1285"/>
							<String ID="string_258" HPOS="1329" VPOS="1751" WIDTH="136" HEIGHT="46" WC="0.91" CONTENT="konselj"/><SP WIDTH="46" VPOS="1751" HPOS="1465"/>
							<String ID="string_259" HPOS="1511" VPOS="1751" WIDTH="108" HEIGHT="36" WC="0.96" CONTENT="äfven"/><SP WIDTH="41" VPOS="1751" HPOS="1619"/>
							<String ID="string_260" HPOS="1660" VPOS="1753" WIDTH="263" HEIGHT="46" WC="0.96" CONTENT="utnämningar"/><SP WIDTH="39" VPOS="1753" HPOS="1923"/>
							<String ID="string_261" HPOS="1962" VPOS="1753" WIDTH="41" HEIGHT="35" WC="0.95" CONTENT="af"/>
						</TextLine>
						<TextLine ID="line_29" HPOS="394" VPOS="1797" WIDTH="1602" HEIGHT="52">
							<String ID="string_262" HPOS="394" VPOS="1797" WIDTH="186" HEIGHT="35" WC="0.96" CONTENT="sändebud"/><SP WIDTH="30" VPOS="1797" HPOS="580"/>
							<String ID="string_263" HPOS="610" VPOS="1798" WIDTH="64" HEIGHT="35" WC="0.96" CONTENT="hos"/><SP WIDTH="27" VPOS="1798" HPOS="674"/>
							<String ID="string_264" HPOS="701" VPOS="1797" WIDTH="232" HEIGHT="37" WC="0.92" CONTENT="främmande"/><SP WIDTH="29" VPOS="1797" HPOS="933"/>
							<String ID="string_265" HPOS="962" VPOS="1805" WIDTH="141" HEIGHT="42" WC="0.92" CONTENT="magter"/><SP WIDTH="27" VPOS="1805" HPOS="1103"/>
							<String ID="string_266" HPOS="1130" VPOS="1800" WIDTH="65" HEIGHT="35" WC="0.93" CONTENT="och"/><SP WIDTH="29" VPOS="1800" HPOS="1195"/>
							<String ID="string_267" HPOS="1224" VPOS="1801" WIDTH="220" HEIGHT="46" WC="0.92" CONTENT="tjenstemän"/><SP WIDTH="24" VPOS="1801" HPOS="1444"/>
							<String ID="string_268" HPOS="1468" VPOS="1801" WIDTH="62" HEIGHT="36" WC="0.93" CONTENT="vid"/><SP WIDTH="21" VPOS="1801" HPOS="1530"/>
							<String ID="string_269" HPOS="1551" VPOS="1802" WIDTH="329" HEIGHT="47" WC="0.92" CONTENT="beskickningarna"/><SP WIDTH="19" VPOS="1802" HPOS="1880"/>
							<String ID="string_270" HPOS="1899" VPOS="1804" WIDTH="97" HEIGHT="35" WC="0.96" CONTENT="skola"/>
						</TextLine>
						<TextLine ID="line_30" HPOS="393" VPOS="1861" WIDTH="197" HEIGHT="34">
							<String ID="string_271" HPOS="393" VPOS="1861" WIDTH="66" HEIGHT="34" WC="0.92" CONTENT="ega"/><SP WIDTH="27" VPOS="1861" HPOS="459"/>
							<String ID="string_272" HPOS="486" VPOS="1861" WIDTH="104" HEIGHT="26" WC="0.0" CONTENT="rum."/>
						</TextLine>
					</TextBlock>
					<TextBlock ID="block_5" HPOS="391" VPOS="1897" WIDTH="1607" HEIGHT="357">
						<TextLine ID="line_31" HPOS="525" VPOS="1897" WIDTH="1473" HEIGHT="53">
							<String ID="string_273" HPOS="525" VPOS="1898" WIDTH="55" HEIGHT="35" WC="0.96" CONTENT="Då"/><SP WIDTH="27" VPOS="1898" HPOS="580"/>
							<String ID="string_274" HPOS="607" VPOS="1897" WIDTH="48" HEIGHT="45" WC="0.95" CONTENT="$$"/><SP WIDTH="32" VPOS="1897" HPOS="655"/>
							<String ID="string_275" HPOS="687" VPOS="1902" WIDTH="39" HEIGHT="32" WC="0.96" CONTENT="11"/><SP WIDTH="32" VPOS="1902" HPOS="726"/>
							<String ID="string_276" HPOS="758" VPOS="1900" WIDTH="66" HEIGHT="34" WC="0.96" CONTENT="och"/><SP WIDTH="31" VPOS="1900" HPOS="824"/>
							<String ID="string_277" HPOS="855" VPOS="1902" WIDTH="56" HEIGHT="41" WC="0.96" CONTENT="32,"/><SP WIDTH="29" VPOS="1902" HPOS="911"/>
							<String ID="string_278" HPOS="940" VPOS="1904" WIDTH="117" HEIGHT="32" WC="0.96" CONTENT="såsom"/><SP WIDTH="31" VPOS="1904" HPOS="1057"/>
							<String ID="string_279" HPOS="1088" VPOS="1901" WIDTH="256" HEIGHT="36" WC="0.93" CONTENT="innehållande"/><SP WIDTH="28" VPOS="1901" HPOS="1344"/>
							<String ID="string_280" HPOS="1372" VPOS="1902" WIDTH="493" HEIGHT="48" WC="0.89" CONTENT="undantagsbestämmelser,"/><SP WIDTH="21" VPOS="1902" HPOS="1865"/>
							<String ID="string_281" HPOS="1886" VPOS="1908" WIDTH="112" HEIGHT="32" WC="0.96" CONTENT="måste"/>
						</TextLine>
						<TextLine ID="line_32" HPOS="393" VPOS="1949" WIDTH="1605" HEIGHT="51">
							<String ID="string_282" HPOS="393" VPOS="1949" WIDTH="114" HEIGHT="35" WC="0.91" CONTENT="tolkas"/><SP WIDTH="29" VPOS="1949" HPOS="507"/>
							<String ID="string_283" HPOS="536" VPOS="1950" WIDTH="216" HEIGHT="39" WC="0.91" CONTENT="restriktivt,"/><SP WIDTH="30" VPOS="1950" HPOS="752"/>
							<String ID="string_284" HPOS="782" VPOS="1950" WIDTH="133" HEIGHT="44" WC="0.96" CONTENT="kunna,"/><SP WIDTH="30" VPOS="1950" HPOS="915"/>
							<String ID="string_285" HPOS="945" VPOS="1952" WIDTH="115" HEIGHT="46" WC="0.96" CONTENT="enligt"/><SP WIDTH="29" VPOS="1952" HPOS="1060"/>
							<String ID="string_286" HPOS="1089" VPOS="1952" WIDTH="197" HEIGHT="36" WC="0.96" CONTENT="utskottets"/><SP WIDTH="26" VPOS="1952" HPOS="1286"/>
							<String ID="string_287" HPOS="1312" VPOS="1953" WIDTH="157" HEIGHT="46" WC="0.96" CONTENT="mening,"/><SP WIDTH="30" VPOS="1953" HPOS="1469"/>
							<String ID="string_288" HPOS="1499" VPOS="1953" WIDTH="118" HEIGHT="36" WC="0.96" CONTENT="under"/><SP WIDTH="23" VPOS="1953" HPOS="1617"/>
							<String ID="string_289" HPOS="1640" VPOS="1954" WIDTH="84" HEIGHT="46" WC="0.96" CONTENT="inga"/><SP WIDTH="21" VPOS="1954" HPOS="1724"/>
							<String ID="string_290" HPOS="1745" VPOS="1953" WIDTH="253" HEIGHT="37" WC="0.90" CONTENT="förhållanden"/>
						</TextLine>
						<TextLine ID="line_33" HPOS="392" VPOS="1999" WIDTH="1605" HEIGHT="51">
							<String ID="string_291" HPOS="392" VPOS="1999" WIDTH="125" HEIGHT="46" WC="0.96" CONTENT="frågor"/><SP WIDTH="41" VPOS="1999" HPOS="517"/>
							<String ID="string_292" HPOS="558" VPOS="2012" WIDTH="59" HEIGHT="23" WC="0.92" CONTENT="om"/><SP WIDTH="41" VPOS="2012" HPOS="617"/>
							<String ID="string_293" HPOS="658" VPOS="1999" WIDTH="257" HEIGHT="49" WC="0.80" CONTENT="befordringar"/><SP WIDTH="40" VPOS="1999" HPOS="915"/>
							<String ID="string_294" HPOS="955" VPOS="2001" WIDTH="56" HEIGHT="35" WC="0.93" CONTENT="till"/><SP WIDTH="42" VPOS="2001" HPOS="1011"/>
							<String ID="string_295" HPOS="1053" VPOS="2002" WIDTH="164" HEIGHT="35" WC="0.66" CONTENT="embeten"/><SP WIDTH="42" VPOS="2002" HPOS="1217"/>
							<String ID="string_296" HPOS="1259" VPOS="2003" WIDTH="66" HEIGHT="35" WC="0.93" CONTENT="och"/><SP WIDTH="33" VPOS="2003" HPOS="1325"/>
							<String ID="string_297" HPOS="1358" VPOS="2004" WIDTH="152" HEIGHT="46" WC="0.92" CONTENT="tjenster"/><SP WIDTH="34" VPOS="2004" HPOS="1510"/>
							<String ID="string_298" HPOS="1544" VPOS="2005" WIDTH="98" HEIGHT="34" WC="0.94" CONTENT="inom"/><SP WIDTH="30" VPOS="2005" HPOS="1642"/>
							<String ID="string_299" HPOS="1672" VPOS="2005" WIDTH="106" HEIGHT="44" WC="0.94" CONTENT="riket,"/><SP WIDTH="29" VPOS="2005" HPOS="1778"/>
							<String ID="string_300" HPOS="1807" VPOS="2005" WIDTH="105" HEIGHT="36" WC="0.95" CONTENT="dessa"/><SP WIDTH="28" VPOS="2005" HPOS="1912"/>
							<String ID="string_301" HPOS="1940" VPOS="2010" WIDTH="57" HEIGHT="31" WC="0.96" CONTENT="må"/>
						</TextLine>
						<TextLine ID="line_34" HPOS="392" VPOS="2049" WIDTH="1605" HEIGHT="53">
							<String ID="string_302" HPOS="392" VPOS="2063" WIDTH="49" HEIGHT="22" WC="0.92" CONTENT="nu"/><SP WIDTH="27" VPOS="2063" HPOS="441"/>
							<String ID="string_303" HPOS="468" VPOS="2049" WIDTH="74" HEIGHT="36" WC="0.91" CONTENT="afse"/><SP WIDTH="30" VPOS="2049" HPOS="542"/>
							<String ID="string_304" HPOS="572" VPOS="2051" WIDTH="261" HEIGHT="47" WC="0.96" CONTENT="utnämningar"/><SP WIDTH="27" VPOS="2051" HPOS="833"/>
							<String ID="string_305" HPOS="860" VPOS="2052" WIDTH="87" HEIGHT="35" WC="0.95" CONTENT="eller"/><SP WIDTH="28" VPOS="2052" HPOS="947"/>
							<String ID="string_306" HPOS="975" VPOS="2051" WIDTH="285" HEIGHT="45" WC="0.95" CONTENT="förordnanden,"/><SP WIDTH="30" VPOS="2051" HPOS="1260"/>
							<String ID="string_307" HPOS="1290" VPOS="2053" WIDTH="44" HEIGHT="36" WC="0.96" CONTENT="de"/><SP WIDTH="28" VPOS="2053" HPOS="1334"/>
							<String ID="string_308" HPOS="1362" VPOS="2057" WIDTH="57" HEIGHT="32" WC="0.96" CONTENT="må"/><SP WIDTH="26" VPOS="2057" HPOS="1419"/>
							<String ID="string_309" HPOS="1445" VPOS="2055" WIDTH="98" HEIGHT="47" WC="0.95" CONTENT="gälla"/><SP WIDTH="28" VPOS="2055" HPOS="1543"/>
							<String ID="string_310" HPOS="1571" VPOS="2056" WIDTH="152" HEIGHT="35" WC="0.96" CONTENT="svenske"/><SP WIDTH="28" VPOS="2056" HPOS="1723"/>
							<String ID="string_311" HPOS="1751" VPOS="2056" WIDTH="88" HEIGHT="35" WC="0.95" CONTENT="eller"/><SP WIDTH="28" VPOS="2056" HPOS="1839"/>
							<String ID="string_312" HPOS="1867" VPOS="2057" WIDTH="130" HEIGHT="35" WC="0.95" CONTENT="norske"/>
						</TextLine>
						<TextLine ID="line_35" HPOS="392" VPOS="2100" WIDTH="1604" HEIGHT="52">
							<String ID="string_313" HPOS="392" VPOS="2107" WIDTH="93" HEIGHT="35" WC="0.96" CONTENT="män,"/><SP WIDTH="30" VPOS="2107" HPOS="485"/>
							<String ID="string_314" HPOS="515" VPOS="2100" WIDTH="169" HEIGHT="36" WC="0.96" CONTENT="hänföras"/><SP WIDTH="26" VPOS="2100" HPOS="684"/>
							<String ID="string_315" HPOS="710" VPOS="2102" WIDTH="57" HEIGHT="35" WC="0.92" CONTENT="till"/><SP WIDTH="30" VPOS="2102" HPOS="767"/>
							<String ID="string_316" HPOS="797" VPOS="2102" WIDTH="253" HEIGHT="36" WC="0.89" CONTENT="ministeriella"/><SP WIDTH="29" VPOS="2102" HPOS="1050"/>
							<String ID="string_317" HPOS="1079" VPOS="2104" WIDTH="71" HEIGHT="34" WC="0.96" CONTENT="mål"/><SP WIDTH="28" VPOS="2104" HPOS="1150"/>
							<String ID="string_318" HPOS="1178" VPOS="2104" WIDTH="65" HEIGHT="34" WC="0.96" CONTENT="och"/><SP WIDTH="25" VPOS="2104" HPOS="1243"/>
							<String ID="string_319" HPOS="1268" VPOS="2105" WIDTH="154" HEIGHT="35" WC="0.96" CONTENT="sålunda"/><SP WIDTH="27" VPOS="2105" HPOS="1422"/>
							<String ID="string_320" HPOS="1449" VPOS="2111" WIDTH="108" HEIGHT="41" WC="0.96" CONTENT="göras"/><SP WIDTH="28" VPOS="2111" HPOS="1557"/>
							<String ID="string_321" HPOS="1585" VPOS="2106" WIDTH="55" HEIGHT="35" WC="0.96" CONTENT="till"/><SP WIDTH="29" VPOS="2106" HPOS="1640"/>
							<String ID="string_322" HPOS="1669" VPOS="2105" WIDTH="150" HEIGHT="37" WC="0.96" CONTENT="föremål"/><SP WIDTH="29" VPOS="2105" HPOS="1819"/>
							<String ID="string_323" HPOS="1848" VPOS="2106" WIDTH="58" HEIGHT="36" WC="0.92" CONTENT="för"/><SP WIDTH="27" VPOS="2106" HPOS="1906"/>
							<String ID="string_324" HPOS="1933" VPOS="2107" WIDTH="63" HEIGHT="35" WC="0.89" CONTENT="be-"/>
						</TextLine>
						<TextLine ID="line_36" HPOS="392" VPOS="2150" WIDTH="1604" HEIGHT="53">
							<String ID="string_325" HPOS="392" VPOS="2150" WIDTH="176" HEIGHT="48" WC="0.95" CONTENT="handling"/><SP WIDTH="40" VPOS="2150" HPOS="568"/>
							<String ID="string_326" HPOS="608" VPOS="2152" WIDTH="11" HEIGHT="34" WC="0.92" CONTENT="i"/><SP WIDTH="44" VPOS="2152" HPOS="619"/>
							<String ID="string_327" HPOS="663" VPOS="2152" WIDTH="214" HEIGHT="36" WC="0.88" CONTENT="ministeriel"/><SP WIDTH="41" VPOS="2152" HPOS="877"/>
							<String ID="string_328" HPOS="918" VPOS="2153" WIDTH="152" HEIGHT="48" WC="0.90" CONTENT="konselj."/><SP WIDTH="57" VPOS="2153" HPOS="1070"/>
							<String ID="string_329" HPOS="1127" VPOS="2153" WIDTH="108" HEIGHT="36" WC="0.93" CONTENT="Dessa"/><SP WIDTH="42" VPOS="2153" HPOS="1235"/>
							<String ID="string_330" HPOS="1277" VPOS="2155" WIDTH="391" HEIGHT="47" WC="0.89" CONTENT="befordringsärenden"/><SP WIDTH="30" VPOS="2155" HPOS="1668"/>
							<String ID="string_331" HPOS="1698" VPOS="2163" WIDTH="62" HEIGHT="28" WC="0.93" CONTENT="äro"/><SP WIDTH="28" VPOS="2163" HPOS="1760"/>
							<String ID="string_332" HPOS="1788" VPOS="2158" WIDTH="208" HEIGHT="45" WC="0.91" CONTENT="regerings-"/>
						</TextLine>
						<TextLine ID="line_37" HPOS="391" VPOS="2201" WIDTH="1603" HEIGHT="53">
							<String ID="string_333" HPOS="391" VPOS="2201" WIDTH="158" HEIGHT="36" WC="0.96" CONTENT="ärenden"/><SP WIDTH="34" VPOS="2201" HPOS="549"/>
							<String ID="string_334" HPOS="583" VPOS="2201" WIDTH="39" HEIGHT="35" WC="0.96" CONTENT="af"/><SP WIDTH="27" VPOS="2201" HPOS="622"/>
							<String ID="string_335" HPOS="649" VPOS="2215" WIDTH="119" HEIGHT="22" WC="0.96" CONTENT="annan"/><SP WIDTH="33" VPOS="2215" HPOS="768"/>
							<String ID="string_336" HPOS="801" VPOS="2208" WIDTH="57" HEIGHT="29" WC="0.96" CONTENT="art"/><SP WIDTH="28" VPOS="2208" HPOS="858"/>
							<String ID="string_337" HPOS="886" VPOS="2210" WIDTH="44" HEIGHT="28" WC="0.96" CONTENT="än"/><SP WIDTH="29" VPOS="2210" HPOS="930"/>
							<String ID="string_338" HPOS="959" VPOS="2203" WIDTH="44" HEIGHT="35" WC="0.96" CONTENT="de"/><SP WIDTH="28" VPOS="2203" HPOS="1003"/>
							<String ID="string_339" HPOS="1031" VPOS="2204" WIDTH="10" HEIGHT="34" WC="0.96" CONTENT="i"/><SP WIDTH="31" VPOS="2204" HPOS="1041"/>
							<String ID="string_340" HPOS="1072" VPOS="2203" WIDTH="48" HEIGHT="44" WC="0.95" CONTENT="$$"/><SP WIDTH="31" VPOS="2203" HPOS="1120"/>
							<String ID="string_341" HPOS="1151" VPOS="2206" WIDTH="39" HEIGHT="33" WC="0.94" CONTENT="11"/><SP WIDTH="32" VPOS="2206" HPOS="1190"/>
							<String ID="string_342" HPOS="1222" VPOS="2205" WIDTH="67" HEIGHT="35" WC="0.94" CONTENT="och"/><SP WIDTH="30" VPOS="2205" HPOS="1289"/>
							<String ID="string_343" HPOS="1319" VPOS="2207" WIDTH="45" HEIGHT="33" WC="0.95" CONTENT="32"/><SP WIDTH="30" VPOS="2207" HPOS="1364"/>
							<String ID="string_344" HPOS="1394" VPOS="2206" WIDTH="330" HEIGHT="48" WC="0.93" CONTENT="regeringsformen"/><SP WIDTH="30" VPOS="2206" HPOS="1724"/>
							<String ID="string_345" HPOS="1754" VPOS="2207" WIDTH="240" HEIGHT="36" WC="0.87" CONTENT="omförmälda"/>
						</TextLine>
					</TextBlock>
				</ComposedBlock>
			</PrintSpace>
		</Page>
	</Layout>
</alto>
