1878 2774
271 162 40 29 88
611 165 285 32 Statsutskotlets
918 169 178 30 utlåtande
1117 179 43 20 nr
1178 171 26 28 B
1226 172 41 29 34
1288 172 38 29 år
1349 173 83 29 1958

273 255 76 19 som
368 246 87 30 varit
476 248 134 38 strängt
630 248 230 41 erforderligt.
881 252 115 39 Enligt
1017 253 188 31 utskottets
1224 256 142 39 mening
1386 257 45 29 ha
1450 258 217 31 revisorerna
1687 261 86 29 även

272 296 88 38 goda
383 297 74 29 skäl
479 297 54 29 för
556 298 58 29 sitt
636 300 180 30 uttalande
838 310 55 20 om
917 303 293 39 angelägenheten
1233 315 42 19 av
1296 309 49 26 att
1369 308 117 39 slutlig
1508 310 165 39 ställning
1696 320 78 20 sna-

272 348 73 27 rast
364 348 94 37 tages
476 347 10 29 i
506 348 133 39 frågan.
660 350 124 39 Kungl.
805 352 105 38 Maj:t
928 352 63 30 har
1010 354 192 30 emellertid
1221 365 147 22 numera
1388 359 94 29 ställt
1501 360 111 29 medel
1632 361 51 28 till
1704 361 70 29 för-

271 396 149 39 fogande
441 397 54 29 för
516 408 42 19 en
580 399 111 30 första
711 401 355 42 ombyggnadsetapp,
1088 405 218 31 omfattande
1326 407 131 39 jämväl
1481 409 291 39 Operakällarens

271 445 141 31 lokaler.
437 448 51 29 Då
510 449 170 30 utskottet
703 451 118 30 vidare
844 452 184 36 inhämtat,
1053 456 49 28 att
1126 456 131 29 arbetet
1281 458 144 30 därmed
1449 469 97 20 avses
1572 461 97 29 skola
1693 471 78 20 sna-

270 498 72 27 rast
361 497 174 40 påbörjas,
555 499 63 29 har
637 501 168 30 utskottet
824 503 91 29 velat
933 503 170 40 begränsa
1122 506 50 38 sig
1190 506 51 29 till
1261 509 50 28 att
1329 508 67 29 vad
1415 509 10 28 i
1444 510 141 30 ärendet
1606 511 165 31 förevarit

271 546 54 29 för
346 547 184 40 riksdagen

887 604 219 31 omförmäla.

308 705 96 35 40:0)
430 708 274 36 Redovisningen
725 721 42 19 av
789 713 179 34 tipsmedel
991 715 63 28 och
1076 717 92 28 vissa
1190 718 107 28 andra
1320 719 206 30 fondmedel.
1550 720 113 30 Under
1685 722 83 29 han-

266 755 361 40 delsdepartementet,
653 760 15 36 $
692 760 52 34 42,
766 762 45 30 ha
834 763 216 30 revisorerna
1073 766 166 35 förordat,
1262 770 50 27 att
1335 769 253 39 dispositionen
1611 781 41 19 av
1675 772 92 30 vissa

266 805 199 31 fondmedel
485 809 131 39 årligen
636 811 176 31 redovisas
833 813 54 29 för
908 814 186 40 riksdagen
1119 816 78 33 (Del
1217 818 23 33 I,
1261 827 25 22 s.
1307 818 205 35 432—445).

309 914 98 29 Efter
424 925 41 19 en
482 917 216 39 redogörelse
715 920 55 29 för
788 922 41 28 de
846 923 162 29 ändamål
1027 923 54 30 för
1099 925 93 29 vilka
1207 926 93 29 vissa
1319 928 161 30 närmare
1499 930 149 38 angivna
1666 930 99 30 fond-

264 965 112 29 medel
397 966 102 38 tagits
520 968 9 28 i
551 969 153 38 anspråk
725 971 111 29 under
856 972 203 39 budgetåret
1083 974 146 36 1956/57
1252 977 45 28 ha
1319 978 216 30 revisorerna
1557 980 124 30 uttalat
1703 982 63 29 föl-

262 1014 117 38 jande.

309 1082 230 31 Ekonomiskt
564 1086 76 28 stöd
664 1086 78 30 från
766 1088 41 29 de
831 1098 25 20 s.
881 1089 32 30 k.
938 1090 254 31 lotterimedlen
1215 1093 137 30 lämnas
1376 1095 55 29 för
1453 1105 42 20 en
1519 1098 128 38 mängd
1671 1098 92 30 olika

262 1123 165 30 ändamål
446 1126 64 28 och
529 1127 51 28 till
603 1129 46 27 ett
670 1130 87 27 stort
777 1131 96 28 antal
893 1131 249 38 institutioner,
1162 1135 51 28 till
1234 1136 94 29 vilka
1349 1137 191 30 understöd
1560 1139 95 38 givas
1677 1141 85 29 även

262 1172 125 31 genom
407 1168 172 29 särskilda
600 1170 119 39 anslag
740 1171 20 29 å
780 1172 200 31 riksstaten.
1002 1175 198 39 Riksdagen
1220 1177 149 30 erhåller
1388 1180 97 38 varje
1505 1180 38 29 år
1562 1181 10 28 i
1594 1182 169 30 samband

261 1207 79 29 med
363 1210 456 40 statsverkspropositionen
842 1223 41 20 en
905 1216 201 40 översiktlig
1128 1219 217 38 redogörelse
1367 1220 55 30 för
1445 1222 99 29 dessa
1567 1222 131 40 bidrag.

307 1250 228 31 Revisorerna
561 1253 85 38 vilja
671 1254 114 30 erinra
812 1265 57 19 om
895 1258 49 27 att
970 1265 124 31 genom
1122 1260 124 39 Kungl.
1274 1262 124 38 Maj:ts
1426 1263 135 42 försorg
1586 1265 176 40 åtskilliga

260 1291 111 29 andra
391 1293 161 30 ändamål
573 1294 131 40 årligen
724 1297 150 30 tillföras
894 1298 194 40 betydande
1108 1301 123 40 belopp
1252 1312 41 20 ur
1313 1304 93 29 vissa
1426 1305 134 34 fonder,
1584 1308 177 39 samtidigt

260 1341 76 21 som
355 1335 108 28 medel
485 1335 55 30 för
561 1345 130 22 samma
710 1339 82 28 eller
814 1340 167 31 likartade
1002 1342 159 30 ändamål
1181 1345 169 29 utbetalas
1372 1346 78 29 från
1470 1348 291 39 riksstatsanslag.

261 1374 117 30 Under
402 1377 56 28 det
482 1380 136 27 senaste
643 1379 204 39 budgetåret
873 1383 141 39 utgingo
1041 1384 147 30 sålunda
1213 1396 42 20 av
1279 1387 184 39 tipsmedel
1488 1389 51 29 till
1565 1399 42 20 en
1632 1392 128 39 mängd

259 1416 240 31 institutioner
521 1420 65 28 och
608 1421 161 30 ändamål
792 1423 55 29 för
868 1424 111 38 fysisk
1001 1426 136 29 fostran
1157 1427 72 30 dels
1251 1430 163 38 omkring
1438 1430 38 29 10
1498 1432 163 38 miljoner
1682 1434 78 29 kro-

259 1467 63 20 nor
345 1460 81 28 över
447 1460 129 30 fonden
600 1462 53 30 för
676 1463 171 31 idrottens
870 1466 200 39 främjande
1093 1469 65 28 och
1180 1470 73 29 dels
1277 1480 73 20 mer
1373 1472 44 29 än
1443 1473 13 28 1
1482 1473 125 39 miljon
1630 1475 130 30 kronor

257 1501 81 28 över
362 1501 130 30 fonden
516 1503 55 29 för
595 1504 236 31 friluftslivets
857 1507 209 40 främjande.
1091 1510 91 29 Från
1206 1512 162 30 handels-
1391 1514 65 28 och
1481 1515 277 38 sjöfartsfonden

258 1542 191 39 beviljades
479 1545 162 39 omkring
672 1546 50 34 2,9
752 1548 164 39 miljoner
946 1550 130 30 kronor
1106 1552 51 29 till
1188 1553 201 39 främjande
1420 1565 41 20 av
1493 1557 163 35 handeln,
1688 1560 70 28 sär-

258 1584 83 29 skilt
370 1586 223 39 varuutbytet
622 1590 77 28 med
729 1589 221 32 främmande
979 1592 130 38 länder,
1141 1597 89 27 samt
1261 1596 127 39 sjöfart
1417 1598 65 29 och
1511 1599 247 31 kommunika-

257 1626 199 30 tionsväsen
478 1628 10 28 i
508 1629 121 38 övrigt,
652 1631 64 28 och
737 1631 80 29 från
839 1634 131 29 statens
993 1634 168 40 lappfond
1183 1637 142 39 utgingo
1348 1641 9 28 i
1380 1641 81 28 runt
1484 1641 47 28 tal
1553 1641 18 29 3
1594 1642 164 39 miljoner

255 1667 131 30 kronor
407 1669 50 29 till
476 1670 93 30 olika
587 1672 162 29 ändamål
768 1673 55 30 för
841 1674 351 42 lappbefolkningens
1210 1679 65 29 och
1293 1681 239 30 renskötselns
1551 1684 206 30 understöd-

254 1709 118 38 jande.
406 1711 46 29 Ur
481 1712 336 38 jaktvårdsfondens
850 1717 184 40 tillgångar
1066 1719 246 40 tillgodosågos
1344 1723 111 29 under
1486 1725 154 29 nämnda
1671 1726 86 30 bud-

254 1751 97 38 getår
370 1752 92 29 olika
479 1754 349 38 jakivårdsändamål
849 1760 77 29 med
947 1760 161 40 omkring
1128 1762 50 33 2,3
1199 1763 164 39 miljoner
1382 1765 129 29 kronor
1532 1769 89 27 samt
1640 1769 116 37 gälda-

254 1793 59 29 des
332 1794 93 29 vissa
444 1795 353 42 skadeersättningar.
816 1799 187 31 Allmänna
1022 1803 211 29 arvsfonden
1253 1805 127 30 anlitas
1399 1806 55 30 för
1472 1807 223 32 utbetalande
1714 1819 42 20 av

253 1834 123 40 bidrag
392 1836 51 29 till
461 1836 105 31 barns
584 1838 64 29 och
668 1841 172 37 ungdoms
858 1841 146 36 fostran,
1022 1844 10 28 i
1049 1844 93 29 vissa
1159 1845 61 29 fall
1239 1847 51 28 till
1309 1849 189 29 avsevärda
1516 1849 134 41 belopp.

296 1877 54 29 Nu
370 1878 152 30 nämnda
540 1879 121 40 bidrag
679 1881 166 31 bokföras
865 1884 9 28 i
895 1885 269 31 statskontorets
1183 1887 82 29 eller
1283 1888 10 29 i
1313 1889 108 39 några
1439 1890 62 30 fall
1519 1892 10 28 i
1548 1893 109 29 andra
1676 1903 78 20 cen-

252 1918 89 30 trala
368 1920 259 39 myndigheters
653 1923 248 40 räkenskaper,
928 1935 80 20 men
1034 1928 41 28 de
1101 1928 195 38 publiceras
1325 1931 74 30 icke
1426 1932 10 28 i
1463 1933 167 30 officiella
1656 1936 97 29 redo-

252 1961 161 36 görelser.
437 1962 64 29 Det
525 1964 38 28 är
586 1964 119 29 därför
730 1965 76 29 icke
831 1967 136 39 möjligt
991 1970 50 27 att
1065 1971 85 27 utan
1174 1979 42 20 en
1240 1972 264 41 undersökning
1527 1975 10 29 i
1560 1976 97 39 varje
1682 1979 71 27 sär-

251 2002 83 29 skilt
354 2002 60 30 fall
434 2004 131 29 erhålla
586 2005 198 31 kännedom
805 2017 56 20 om
883 2009 305 40 utbetalningarna
1207 2013 64 29 och
1292 2015 42 28 än
1357 2016 136 29 mindre
1514 2019 49 27 att
1583 2018 106 31 vinna
1710 2028 40 20 en

250 2044 176 29 överblick
454 2045 222 32 beträffande
706 2049 101 29 dessa
838 2050 92 29 olika
960 2060 124 30 grenar
1114 2062 42 20 av
1186 2056 312 32 stödverksamhet.
1529 2059 52 29 Då
1610 2061 57 29 det
1697 2061 55 29 för

248 2085 205 39 riksdagens
473 2089 171 38 prövning
664 2099 42 20 av
725 2091 288 32 förekommande
1035 2095 323 39 anslagsäskanden
1382 2099 111 30 skulle
1512 2110 83 20 vara
1616 2111 41 21 av
1677 2103 73 29 vikt

249 2128 50 27 att
324 2128 64 38 äga
411 2129 198 30 kännedom
634 2140 56 20 om
714 2133 40 29 de
778 2133 122 40 bidrag
924 2144 74 20 som
1023 2137 81 38 utgå
1128 2138 51 28 till
1205 2139 113 30 skilda
1343 2142 174 33 ändamål,
1541 2143 99 30 finna
1664 2145 86 29 revi-

249 2177 143 21 sorerna
414 2171 75 29 skäl
512 2172 70 29 tala
605 2173 55 29 för
682 2176 49 27 att
753 2184 43 20 en
820 2176 216 39 redogörelse
1060 2179 164 31 liknande
1248 2182 66 29 den
1339 2192 75 20 som
1437 2184 235 31 förekommer
1694 2187 56 29 be-

251 2210 176 31 träffande
461 2214 412 39 penninglotterimedlen
906 2219 131 39 årligen
1071 2221 134 30 lämnas
1238 2223 198 40 riksdagen,
1469 2226 10 28 i
1512 2226 111 30 första
1654 2228 94 31 hand

246 2251 222 33 beträffande
490 2256 208 38 tipsmedlen
722 2268 79 19 men
825 2261 86 28 även
933 2261 222 32 beträffande
1176 2264 41 29 de
1240 2266 111 28 medel
1376 2276 74 20 som
1473 2268 82 39 utgå
1577 2269 55 30 för
1655 2271 92 29 olika

246 2294 164 31 ändamål
432 2296 78 30 från
532 2298 118 39 övriga
671 2299 9 28 i
702 2301 56 28 det
780 2301 207 39 föregående
1009 2305 154 29 nämnda
1184 2306 134 30 fonder.
1340 2308 93 29 Även
1455 2318 41 20 ur
1518 2310 130 30 allmän
1670 2322 77 29 syn-

246 2337 114 37 punkt
384 2337 69 29 kan
477 2339 57 29 det
559 2349 82 20 vara
666 2350 41 20 av
730 2342 159 35 intresse,
914 2346 50 27 att
991 2345 114 39 någon
1131 2347 130 30 inblick
1286 2350 148 30 erhålles
1460 2351 220 33 beträffande
1706 2356 41 28 de

246 2377 122 40 bidrag
394 2388 42 20 av
460 2380 179 31 allmänna
666 2384 110 29 medel
803 2394 56 20 om
887 2386 94 29 vilka
1006 2388 64 29 här
1096 2390 38 27 är
1160 2389 108 40 fråga.
1296 2391 197 31 Eventuellt
1520 2394 121 30 kunna
1667 2396 10 28 i
1704 2406 42 20 en

245 2419 96 39 dylik
363 2421 216 39 redogörelse
602 2424 130 30 sådana
754 2426 122 40 bidrag
899 2437 73 20 som
994 2429 76 30 icke
1094 2432 112 38 uppgå
1230 2433 51 29 till
1304 2433 104 39 något
1432 2444 95 20 mera
1551 2436 194 40 betydande

244 2461 125 40 belopp
390 2464 176 30 redovisas
588 2468 239 31 summariskt.
