1892 2772
269 133 19 30 8
612 137 287 32 Statsutskottets
920 140 178 31 utlåtande
1119 152 43 20 nr
1180 144 27 28 B
1228 144 42 29 34
1290 144 39 30 år
1350 146 84 29 1958

270 217 430 40 utrikesdepartementets
725 221 282 33 administrativa
1033 228 138 37 system.
1197 228 124 30 Denna
1346 230 158 31 oklarhet
1529 232 64 30 har
1618 233 23 30 f.
1666 235 30 29 ö.
1721 237 52 37 yt.

269 267 160 38 terligare
453 268 150 39 skärpts,
627 270 107 30 sedan
756 271 110 40 byrån
889 282 146 23 numera
1057 275 187 41 fråntagits
1268 279 53 29 sin
1344 280 280 33 hittillsvarande
1646 284 125 30 befatt-

269 316 84 40 ning
380 318 79 29 med
487 319 294 40 departementets
807 323 143 40 budget-
977 326 65 29 och
1070 326 351 41 fastighetsärenden.
1449 332 250 41 Utvecklingen
1726 335 45 39 på

269 365 229 33 förevarande
524 370 152 35 område,
701 372 119 30 vilken
845 375 98 29 torde
971 376 109 30 strida
1105 380 72 27 mot
1203 379 42 29 de
1271 380 179 31 allmänna
1476 382 295 42 förutsättningar

271 425 76 21 som
367 417 77 40 lågo
466 419 53 31 till
541 422 112 37 grund
675 422 55 30 för
752 423 205 41 riksdagens
979 426 113 31 beslut
1114 437 56 20 om
1193 429 215 32 inrättandet
1431 441 42 20 av
1495 434 153 30 nämnda
1670 435 96 39 byrå,

269 465 115 31 finner
400 469 166 30 utskottet
582 471 352 34 otillfredsställande.
951 475 160 38 Vägande
1129 479 74 29 skäl
1221 479 35 30 få
1275 480 118 30 därför
1410 491 99 21 anses
1525 484 70 30 tala
1612 485 55 29 för
1684 486 86 28 revi-

269 525 161 23 sorernas
457 519 141 41 förslag,
625 524 49 27 att
701 523 125 40 frågan
852 534 56 20 om
935 527 66 29 den
1029 528 218 40 lämpligaste
1275 532 193 39 ordningen
1494 533 55 30 för
1576 534 189 41 handlägg-

268 566 129 40 ningen
419 578 43 20 av
484 570 281 33 administrativa
788 576 151 29 ärenden
962 577 95 30 inom
1080 579 413 41 utrikesdepartementet
1517 585 97 38 göres
1638 586 53 29 till
1714 587 50 29 fö-

268 617 109 30 remål
397 618 55 31 för
473 621 150 30 särskild
643 624 181 40 prövning.
846 626 129 30 Därvid
995 627 63 30 bör
1077 629 106 39 enligt
1204 631 189 31 utskottets
1415 634 141 40 mening
1578 635 115 30 såsom
1715 639 48 27 ett

265 666 193 32 huvudmål
482 670 225 32 eftersträvas
731 676 51 27 att
805 674 36 30 få
863 675 52 30 till
939 677 102 30 stånd
1066 678 131 31 sådana
1221 682 400 38 organisationsformer,
1646 688 52 28 att
1722 687 41 29 de

265 716 230 32 ekonomiska
520 722 266 38 synpunkterna
810 724 234 32 tillförsäkras
1068 728 231 41 vederbörligt
1324 731 194 40 inflytande
1542 734 58 30 vid
1625 736 143 29 ärende-

265 774 63 22 nas
349 767 190 42 beredning
559 771 64 29 och
643 774 206 38 avgörande.
871 775 175 31 Utskottet
1066 779 58 29 vill
1146 780 10 28 i
1178 780 96 30 detta
1295 783 255 41 sammanhang
1573 786 115 30 erinra
1710 796 56 20 om

264 818 51 28 att
333 817 161 40 åtgärder
511 821 10 29 i
541 821 124 31 sådant
683 824 91 39 syfte
793 825 163 40 vidtagits
975 828 96 29 inom
1089 838 42 20 en
1149 831 63 29 rad
1231 832 111 29 andra
1361 833 137 40 statliga
1518 835 248 42 förvaltnings-

264 868 167 31 områden
449 880 43 19 av
509 872 138 39 speciell
664 874 168 31 karaktär
850 877 110 29 under
979 887 121 22 senare
1117 880 61 30 tid.

310 919 66 30 För
397 922 50 28 att
469 921 45 30 nå
536 923 94 30 detta
651 924 69 30 mål
743 927 60 28 äro
826 927 189 39 självfallet
1037 930 92 30 olika
1152 933 146 38 utvägar
1320 935 181 36 tänkbara,
1525 936 80 30 från
1627 948 42 20 en
1692 939 69 30 för-

264 969 184 41 stärkning
465 980 43 20 av
524 972 293 42 ekonomibyråns
837 978 165 40 ställning
1019 980 94 29 inom
1131 991 121 20 ramen
1271 983 55 30 för
1345 985 157 39 gällande
1521 989 239 37 organisation

262 1018 54 30 till
334 1029 94 21 mera
447 1021 228 41 långtgående
693 1025 181 31 reformer.
894 1029 12 28 I
925 1028 219 34 sistnämnda
1164 1034 169 29 avseende
1352 1035 45 29 ha
1416 1037 217 31 revisorerna
1652 1039 107 30 fram-

262 1068 117 31 kastat
398 1071 131 30 tanken
549 1072 43 40 på
611 1083 42 20 en
672 1077 226 40 omvandling
917 1088 43 20 av
979 1079 67 30 den
1066 1083 203 30 nuvarande
1289 1086 396 42 personalavdelningen
1707 1091 52 29 till

261 1127 44 20 en
330 1120 146 31 allmänt
501 1123 261 32 administrativ
786 1128 194 40 avdelning,
1007 1130 105 31 vilket
1139 1132 112 31 skulle
1278 1135 205 40 möjliggöra
1509 1139 86 28 även
1620 1149 42 20 en
1687 1141 71 29 viss

261 1169 282 43 rationalisering
561 1182 42 21 av
620 1175 294 39 departementets
932 1181 413 40 personalorganisation,
1366 1186 175 31 Utskottet
1561 1197 54 21 ser
1634 1190 51 39 sig
1704 1190 55 30 för

260 1227 85 31 egen
363 1221 55 30 del
437 1222 75 30 icke
531 1223 9 29 i
561 1224 101 30 stånd
681 1228 50 27 att
750 1227 44 39 på
814 1230 170 37 grundval
1003 1240 42 20 av
1064 1231 237 41 föreliggande
1322 1237 176 38 uppgifter
1518 1238 157 37 bedöma,
1697 1241 60 29 vil-

260 1269 153 32 kendera
439 1272 182 41 lösningen
648 1284 74 21 som
748 1277 71 29 kan
844 1287 82 21 vara
951 1281 51 28 att
1028 1281 193 41 föredraga.
1248 1285 66 29 Det
1341 1295 101 30 synes
1469 1288 89 30 dock
1585 1291 171 30 utskottet

259 1321 178 40 naturligt,
460 1325 50 28 att
531 1324 56 30 det
608 1334 47 20 nu
676 1326 266 40 ifrågavarande
963 1331 359 42 problemkomplexet
1343 1337 233 31 underkastas
1598 1349 42 20 en
1663 1341 93 29 allsi-

258 1370 58 39 dig
332 1372 172 40 prövning
521 1374 64 29 och
602 1377 50 28 att
668 1377 41 29 de
728 1378 94 29 olika
839 1379 185 31 alternativ
1042 1391 73 20 som
1133 1392 89 21 ovan
1241 1386 132 38 antytts
1391 1387 122 30 därvid
1531 1389 142 32 komma
1693 1400 62 20 un-

257 1420 61 29 der
337 1422 248 40 övervägande.

301 1471 116 40 Enligt
433 1474 189 30 utskottets
638 1477 142 40 mening
796 1478 111 31 skulle
923 1481 57 29 det
996 1491 41 19 av
1052 1483 92 29 vissa
1160 1484 75 30 skäl
1252 1494 83 21 vara
1351 1487 183 32 motiverat
1550 1492 50 27 att
1616 1491 55 30 för
1687 1491 67 30 den

255 1520 66 30 här
342 1521 159 40 åsyftade
523 1525 193 40 översynen
739 1528 148 31 tillkalla
909 1540 43 20 en
975 1533 150 29 särskild
1148 1535 199 40 utredning.
1371 1537 175 32 Utskottet
1569 1540 58 30 vill
1650 1542 104 29 emel-

257 1571 103 30 lertid
375 1573 115 30 erinra
507 1583 56 20 om
579 1577 49 28 att
644 1577 322 33 utrikesministern
982 1589 124 32 genom
1122 1584 114 30 beslut
1252 1586 67 29 den
1336 1587 37 29 21
1393 1587 155 31 februari
1567 1591 82 30 1958
1667 1601 86 30 upp-

254 1621 114 39 dragit
387 1622 34 30 åt
440 1632 43 21 en
502 1625 200 41 sakkunnig
721 1630 50 27 att
791 1630 158 30 utarbeta
969 1632 64 29 och
1053 1633 193 41 framlägga
1266 1636 131 41 förslag
1416 1639 52 29 till
1489 1639 263 33 bestämmelser

255 1671 149 31 rörande
423 1673 259 42 förvaltningen
701 1678 65 29 och
785 1680 268 41 redovisningen
1072 1693 42 20 av
1133 1684 40 30 de
1192 1685 45 39 på
1256 1686 209 33 riksstatens
1486 1690 111 39 tredje
1616 1691 136 30 huvud-

253 1721 76 29 titel
349 1723 164 31 anvisade
533 1726 136 30 medlen
689 1731 91 27 samt
800 1731 50 28 att
869 1730 180 32 inkomma
1069 1734 78 29 med
1167 1735 41 29 de
1229 1736 131 40 förslag
1380 1738 52 29 till
1452 1741 298 38 organisatoriska

252 1770 248 43 förändringar
523 1775 95 30 inom
640 1780 396 41 personalavdelningen
1060 1793 74 20 som
1157 1785 10 28 i
1191 1787 170 29 samband
1384 1789 144 30 därmed
1551 1790 121 31 kunna
1695 1793 55 29 be-

253 1821 119 31 finnas
395 1823 195 39 påkallade.
614 1827 78 30 Med
715 1828 139 41 hänsyn
878 1831 52 30 till
955 1834 50 28 att
1030 1833 141 36 således,
1197 1836 111 29 innan
1331 1838 188 40 riksdagen
1544 1842 94 28 ännu
1664 1843 85 38 tagit

252 1872 167 41 ställning
441 1874 53 30 till
517 1876 66 29 vad
606 1878 217 31 revisorerna
846 1880 10 29 i
880 1882 143 30 ärendet
1046 1884 126 35 anfört,
1197 1895 43 20 en
1265 1887 199 41 sakkunnig
1487 1890 183 31 tillkallats
1694 1893 55 29 för

250 1922 148 40 översyn
415 1933 43 20 av
473 1925 93 30 vissa
582 1927 210 32 hithörande
811 1932 171 37 spörsmål
1000 1933 116 30 finner
1133 1936 172 30 utskottet
1323 1938 56 29 det
1398 1941 88 27 mest
1505 1936 243 49 ändamålsen-

252 1972 72 39 ligt,
347 1975 50 28 att
418 1974 44 39 på
484 1975 229 33 förevarande
736 1980 141 30 område
899 1991 43 20 en
965 1985 226 39 samordning
1214 1986 91 35 sker,
1328 1988 36 29 så
1387 1990 50 28 att
1458 1990 57 29 det
1538 1990 34 30 åt
1595 1993 151 29 nämnde

252 2022 220 42 sakkunnige
489 2025 161 32 lämnade
667 2029 403 43 utredningsuppdraget
1087 2036 196 30 utsträckes
1301 2038 51 29 till
1369 2040 50 28 att
1436 2048 79 22 avse
1531 2041 131 38 jämväl
1680 2043 67 29 den

250 2080 97 22 mera
366 2073 229 40 vittsyftande
615 2079 172 40 prövning
808 2089 42 21 av
870 2081 123 40 frågan
1015 2092 73 21 som
1111 2085 171 31 utskottet
1303 2096 102 22 anser
1426 2089 158 40 befogad.
1606 2092 140 29 Utskot-

247 2123 49 28 tet
316 2122 206 33 förutsätter
542 2127 130 36 därvid,
694 2131 50 28 att
765 2130 67 29 den
853 2131 218 41 sakkunnige
1092 2135 150 30 erhåller
1262 2137 134 31 biträde
1418 2140 78 29 med
1517 2137 228 49 erforderliga

247 2172 610 47 rationaliseringsundersökningar
885 2191 43 20 av
956 2184 131 30 statens
1117 2186 402 38 organisationsnämnd.
1547 2192 65 29 Det
1641 2201 103 31 synes

246 2222 171 31 utskottet
436 2225 167 31 likaledes
623 2229 179 40 naturligt,
824 2233 50 27 att
893 2233 78 29 med
991 2233 67 30 den
1078 2244 41 20 av
1137 2236 218 32 revisorerna
1375 2239 146 31 berörda
1541 2240 125 41 frågan
1686 2252 57 20 om

245 2272 431 42 utrikesdepartementets
698 2279 217 31 instruktion
936 2283 64 29 och
1022 2284 267 42 arbetsordning
1310 2288 55 29 får
1386 2289 111 35 anstå,
1518 2291 53 30 till
1592 2292 78 30 dess
1693 2302 50 21 re-

245 2323 143 30 sultatet
409 2334 41 20 av
471 2326 66 29 den
559 2327 238 42 sakkunniges
818 2331 115 31 arbete
954 2333 184 41 föreligger
1158 2336 64 29 och
1245 2339 274 30 statsmakterna
1540 2342 85 39 tagit
1648 2343 93 30 ställ-

243 2373 85 39 ning
344 2373 127 31 därtill.
