1878 2794
249 151 17 29 6
612 151 393 37 Bevillningsutskottets
1030 150 216 30 betänkande
1269 159 40 20 nr
1330 149 52 29 48.

782 290 221 34 Utskottets
1027 289 197 43 yttrande.

298 383 14 29 I
337 382 229 30 förevarande
590 381 170 30 motioner
783 381 193 29 behandlas
999 380 93 30 olika
1117 378 169 37 spörsmål
1310 377 178 37 angående
1511 378 82 29 äkta
1618 378 140 29 makars

254 432 221 36 beskattning
495 432 65 30 och
580 433 67 29 vad
668 432 143 29 därmed
830 432 80 34 äger
930 430 179 30 samband.
1131 429 151 30 Sålunda
1302 429 105 36 yrkas
1429 429 10 29 i
1459 428 177 30 motionen
1658 428 43 29 II:
1717 427 41 29 34

255 483 164 31 skrivelse
442 483 51 30 till
514 482 122 36 Kungl.
659 481 101 37 Maj:t
781 483 80 29 med
882 481 207 30 hemställan
1111 489 57 21 om
1192 479 190 36 skyndsam
1405 478 183 36 utredning
1611 477 148 30 rörande

254 533 155 30 ändrade
428 533 149 36 grunder
595 532 56 30 för
670 531 266 36 beskattningen
954 540 42 21 av
1014 531 82 29 äkta
1114 531 133 29 makar.
1269 529 110 36 Syftet
1396 530 81 29 med
1495 529 113 29 denna
1627 527 132 30 motion

256 593 100 27 synes
378 584 156 29 närmast
554 592 83 21 vara
660 582 230 36 upphävande
913 591 42 20 av
978 580 348 35 sambeskattningen.
1351 579 14 30 I
1387 579 176 30 motionen
1584 578 45 30 II:
1644 578 51 35 33,
1718 577 43 30 de

256 634 224 35 likalydande
494 633 216 30 motionerna
726 633 26 29 I:
769 632 39 29 54
823 632 65 30 och
904 632 44 29 II:
968 632 57 29 101
1042 634 90 26 samt
1146 630 175 30 motionen
1337 629 44 30 II:
1397 630 64 29 269
1476 629 104 36 yrkas
1596 627 164 31 skrivelse

257 684 49 30 till
331 684 123 36 Kungl.
481 683 101 36 Maj:t
604 685 81 29 med
707 682 207 31 hemställan
935 691 58 20 om
1015 681 183 35 utredning
1219 678 178 38 angående
1419 680 68 29 rätt
1511 678 55 30 för
1588 677 172 31 förvärvs-

256 734 190 31 arbetande
467 733 63 37 gift
549 733 131 30 kvinna
702 733 51 29 till
773 732 129 36 avdrag
925 731 56 30 för
1000 732 44 29 de
1064 740 42 21 av
1128 730 290 30 förvärvsarbetet
1440 727 205 31 föranledda
1668 728 92 29 kost-

256 785 156 30 naderna
435 784 56 30 för
512 784 132 30 anlitad
666 782 190 36 hemhjälp.
883 781 50 31 De
957 782 10 29 i
991 781 153 30 nämnda
1167 780 168 31 motioner
1358 779 155 30 uttalade
1536 776 225 32 önskemålen

257 844 58 22 om
335 844 44 21 en
400 833 111 32 sådan
529 833 216 36 avdragsrätt
764 833 60 29 äro
845 831 190 31 emellertid
1052 830 106 37 något
1176 830 102 31 olika.
1300 829 127 31 Medan
1447 829 11 29 i
1476 829 44 30 de
1538 826 225 38 likalydande

256 884 219 31 motionerna
500 884 83 30 I:54
609 883 67 30 och
704 883 45 29 II:
766 883 58 29 101
850 890 109 26 avses,
984 883 49 27 att
1057 880 129 36 avdrag
1212 879 55 29 för
1291 878 189 30 kostnader
1503 877 55 32 för
1580 876 181 37 hemhjälp

258 936 88 29 skall
366 935 177 36 medgivas
564 934 123 30 endast
707 931 346 32 förvärvsarbetande
1075 931 64 36 gift
1159 930 130 31 kvinna
1309 930 81 30 med
1410 927 232 37 minderåriga
1664 928 98 32 barn,

259 995 100 27 synes
381 985 105 37 syftet
505 985 78 30 med
604 984 177 30 motionen
802 982 44 31 II:
862 983 63 30 269
945 991 93 26 vara,
1058 985 49 27 att
1126 982 87 29 även
1233 979 63 38 gift
1314 979 132 31 kvinna
1464 982 85 27 utan
1566 979 89 30 barn
1675 977 89 31 skall

258 1034 133 32 erhålla
424 1035 111 37 dylikt
565 1035 140 35 avdrag.
739 1033 222 31 Sistnämnda
993 1031 223 37 uppfattning
1245 1030 106 36 ligger
1383 1028 177 32 månända
1593 1029 89 29 även
1712 1027 52 30 till

260 1086 111 36 grund
391 1085 57 31 för
466 1085 175 30 motionen
662 1084 44 30 II:
721 1084 51 30 33.
793 1083 115 36 Enligt
927 1091 135 22 samma
1081 1081 132 31 motion
1233 1081 89 30 skall
1342 1079 191 31 emellertid
1552 1079 67 29 den
1637 1077 126 36 ifråga-

260 1137 153 29 varande
430 1135 260 36 avdragsrätten
708 1134 194 30 tillkomma
919 1134 88 29 även
1025 1130 260 32 ensamstående
1301 1128 349 32 förvärvsarbetande
1666 1127 98 30 kvin-

259 1196 46 21 na
333 1186 82 30 med
442 1184 232 37 minderåriga
703 1184 96 30 barn.
832 1183 14 30 I
876 1183 178 30 motionen
1083 1182 44 29 II:
1143 1182 62 30 269
1236 1181 105 36 yrkas
1372 1179 119 30 vidare
1521 1178 164 31 skrivelse
1714 1177 51 30 till

262 1236 122 37 Kungl.
414 1236 102 36 Maj:t
541 1236 79 30 med
647 1233 167 32 anhållan
840 1243 58 20 om
925 1232 129 36 förslag
1082 1232 50 29 till
1160 1230 109 31 sådan
1295 1230 149 36 ändring
1473 1239 42 20 av
1544 1228 220 30 kommunal-

261 1287 223 36 skattelagen,
512 1289 48 27 att
585 1284 221 31 beträffande
829 1283 84 30 äkta
939 1283 124 29 makar
1087 1280 301 37 familjeavdraget
1412 1279 56 30 för
1492 1279 123 29 hustru
1641 1277 89 30 skall
1754 1276 12 30 i

261 1337 108 30 likhet
391 1337 81 30 med
494 1337 67 30 vad
584 1345 76 21 som
684 1343 144 22 numera
853 1334 108 35 gäller
983 1332 103 36 enligt
1109 1330 248 37 förordningen
1380 1339 59 21 om
1462 1328 113 36 statlig
1597 1327 168 31 inkomst-

262 1388 65 30 och
355 1386 353 37 förmögenhetsskatt
735 1384 211 31 bestämmas
976 1382 51 31 till
1055 1391 135 21 samma
1218 1381 125 35 belopp
1372 1389 77 21 som
1478 1378 287 37 grundavdraget.

263 1438 167 36 Slutligen
456 1437 103 37 yrkas
589 1437 10 30 i
628 1435 176 31 motionen
833 1434 44 30 II:
893 1434 42 30 35
965 1432 146 36 ändring
1140 1432 11 30 i
1178 1431 159 36 gällande
1366 1427 361 36 skatteförfattningar
1754 1426 12 30 i

262 1487 98 37 fråga
385 1497 59 21 om
470 1487 162 36 avdraget
658 1485 57 31 för
738 1482 381 33 husföreståndarinna.
1145 1481 114 36 Enligt
1282 1480 203 31 nuvarande
1509 1477 259 32 bestämmelser

261 1539 82 36 äger
368 1537 239 36 skattskyldig,
634 1546 75 21 som
734 1535 109 30 under
867 1531 313 38 beskattningsåret
1203 1530 78 31 haft
1305 1528 372 32 husföreståndarinna
1702 1527 64 30 hos

263 1589 49 36 sig
332 1589 152 30 anställd
502 1588 64 29 och
587 1596 76 21 som
685 1585 87 31 varit
792 1584 86 37 ogift
902 1580 156 40 (varmed
1077 1582 190 36 jämställes
1286 1580 154 36 änkling,
1460 1579 92 30 änka
1571 1578 83 30 eller
1672 1576 94 31 från-

264 1636 101 39 skild)
392 1642 91 27 samt
502 1637 76 30 haft
598 1635 296 32 hemmavarande
912 1635 98 34 barn,
1031 1633 55 31 för
1104 1632 105 30 vilket
1227 1631 72 31 han
1317 1630 89 30 varit
1425 1628 192 36 berättigad
1636 1626 132 32 erhålla

264 1688 276 37 familjeavdrag,
566 1691 49 27 att
638 1686 136 36 åtnjuta
798 1684 266 37 familjeavdrag
1088 1682 56 30 för
1167 1679 395 33 husföreståndarinnan
1588 1677 58 31 vid
1670 1678 98 29 kom-

264 1738 387 36 munalbeskattningen
680 1737 79 30 med
790 1744 135 22 samma
954 1734 124 35 belopp
1107 1742 75 21 som
1211 1731 55 30 för
1293 1732 124 29 hustru
1446 1730 66 29 och
1540 1728 59 30 vid
1626 1727 141 30 statsbe-

265 1789 222 36 skattningen
504 1788 80 31 med
602 1787 135 30 hälften
756 1796 41 20 av
817 1784 156 31 nämnda
992 1784 135 35 belopp.
1148 1781 256 31 Motionärerna
1425 1789 91 25 anse,
1538 1782 48 26 att
1606 1778 164 35 avdraget

265 1840 56 31 för
343 1837 373 33 husföreståndarinna
738 1837 64 29 bör
823 1834 178 37 medgivas
1025 1833 130 37 jämväl
1178 1833 11 30 i
1213 1831 62 30 fall
1300 1829 44 32 då
1368 1828 233 36 minderåriga
1625 1828 88 29 barn
1734 1825 34 36 ej

265 1890 116 31 finnas
406 1893 91 27 samt
520 1892 48 26 att
591 1888 164 35 avdraget
776 1886 31 35 ej
832 1886 146 29 allenast
999 1884 58 29 vid
1079 1879 472 35 kommunalbeskattningen
1573 1881 86 26 utan
1682 1877 87 29 även

266 1940 58 31 vid
339 1938 350 35 statsbeskattningen
705 1937 87 30 skall
807 1936 212 30 bestämmas
1035 1934 50 29 till
1101 1942 134 21 samma
1250 1931 125 35 belopp
1392 1939 75 21 som
1483 1927 286 37 grundavdraget.

310 2039 264 31 Bestämmelser
595 2048 57 20 om
675 2036 297 37 sambeskattning
993 2045 42 20 av
1056 2035 81 30 äkta
1159 2035 123 29 makar
1304 2034 46 29 ha
1373 2032 134 31 funnits
1529 2032 11 30 i
1562 2030 61 31 vår
1645 2031 125 29 skatte-

267 2090 225 36 lagstiftning,
519 2088 170 31 alltsedan
714 2086 171 32 särskilda
912 2084 217 32 föreskrifter
1156 2084 74 30 däri
1256 2083 109 31 första
1392 2081 133 38 gången
1551 2080 220 31 meddelades

268 2150 57 21 om
346 2140 66 36 gift
431 2139 148 31 kvinnas
599 2138 165 36 taxering,
787 2136 106 31 vilket
914 2135 129 31 skedde
1065 2143 123 28 genom
1210 2143 42 21 en
1274 2132 40 31 år
1338 2133 84 30 1908
1445 2132 158 30 beslutad
1624 2129 148 36 ändring

267 2190 12 31 i
305 2191 83 30 1907
412 2189 56 31 års
492 2186 420 38 bevillningsförordning.
938 2186 112 30 Sedan
1075 2185 76 30 dess
1176 2185 46 29 ha
1245 2184 51 31 tid
1320 2182 88 31 efter
1433 2191 117 21 annan
1575 2182 86 28 krav
1686 2182 85 27 rests

268 2240 44 37 på
330 2239 359 36 sambeskattningens
711 2236 241 38 upphävande.
973 2235 100 31 Detta
1092 2230 410 39 beskattningsspörsmål
1520 2232 65 29 har
1604 2231 88 29 även
1710 2238 62 21 un-

269 2291 60 30 der
350 2292 46 30 de
419 2293 133 28 senaste
576 2288 204 31 årtiondena
804 2286 173 36 åtskilliga
1002 2285 126 37 gånger
1153 2284 88 30 varit
1267 2282 148 31 föremål
1441 2282 56 30 för
1520 2280 185 35 utredning
1730 2287 43 21 av

270 2341 172 31 särskilda
465 2339 228 36 sakkunniga,
716 2338 93 30 vilka
832 2336 225 36 utredningar
1079 2334 81 37 givit
1182 2334 50 30 till
1254 2334 152 34 resultat,
1432 2336 49 26 att
1505 2332 75 29 skäl
1604 2330 55 29 för
1684 2338 88 20 sam-

268 2391 283 36 beskattningens
570 2388 226 37 borttagande
813 2387 76 30 icke
907 2386 118 30 kunde
1042 2394 99 21 anses
1160 2383 174 36 föreligga.
1357 2381 121 32 Såsom
1497 2379 204 35 motivering
1718 2378 56 30 för

270 2442 114 30 denna
408 2440 214 37 ståndpunkt
645 2439 67 30 har
734 2439 10 30 i
768 2437 185 30 huvudsak
980 2435 142 35 anförts,
1149 2438 48 27 att
1222 2434 187 29 makarnas
1436 2428 263 37 sammanlagda
1722 2428 50 30 in-
