1876 2794
273 138 37 29 12
634 144 392 37 Bevillningsutskottets
1053 147 215 31 betänkande
1292 158 42 21 nr
1357 151 52 29 48.

1562 311 119 37 Bilaga
1705 314 26 28 1.

320 462 64 30 Till
410 462 376 37 bevillningsutskottet.

317 546 64 30 Vid
399 545 87 32 årets
504 547 140 37 riksdag
660 548 64 30 har
741 549 144 36 avgivits
902 554 47 26 ett
967 550 114 31 flertal
1100 551 170 31 motioner
1286 554 149 30 rörande
1450 554 265 37 beskattningen
1731 566 42 20 av

270 587 84 31 äkta
372 588 131 32 makar.
525 588 152 32 Sålunda
695 591 105 36 begär
819 591 125 31 fröken
964 593 196 30 Andersson
1179 604 44 21 m.
1244 594 37 31 fl.
1304 595 11 29 i
1336 596 130 30 motion
1487 597 44 29 II:
1546 597 52 36 34,
1618 602 50 26 att
1687 598 84 30 riks-

269 629 111 36 dagen
398 629 104 32 måtte
523 631 80 36 ingå
624 632 49 29 till
693 633 122 36 Kungl.
839 634 101 35 Maj:t
960 635 80 29 med
1058 635 150 36 begäran
1228 646 57 20 om
1306 637 190 36 skyndsam
1517 639 185 36 utredning
1720 641 51 28 rö-

269 673 109 30 rande
405 674 153 31 ändrade
582 676 151 35 grunder
758 676 56 30 för
838 677 264 36 beskattningen
1129 688 42 20 av
1200 679 81 31 äkta
1308 680 132 31 makar.
1469 681 13 29 I
1511 682 131 30 motion
1670 683 44 29 II:
1729 684 42 29 33

269 714 106 36 begär
397 715 56 30 fru
477 716 188 37 Nordgren,
689 721 49 27 att
760 718 186 37 riksdagen
968 719 106 31 måtte
1097 720 131 32 besluta
1255 722 165 31 skrivelse
1444 723 50 30 till
1521 724 123 36 Kungl.
1670 725 102 36 Maj:t

269 758 81 29 med
375 756 173 39 anhållan,
576 763 50 26 att
650 760 185 37 utredning
860 760 107 32 måtte
991 762 172 37 företagas
1190 764 223 31 beträffande
1438 765 133 37 frågan,
1598 767 173 31 huruvida

268 799 180 36 möjlighet
468 800 113 31 finnes
602 806 49 26 att
669 802 138 37 vidtaga
825 802 131 31 sådana
975 804 188 37 ändringar
1181 805 10 30 i
1210 807 160 35 gällande
1392 807 218 38 skattelagar,
1632 814 49 26 att
1702 809 67 31 för-

267 842 292 31 värvsarbetande
577 843 64 36 gift
660 844 130 31 kvinna
809 846 65 29 och
895 846 261 32 ensamstående
1174 847 348 34 förvärvsarbetande
1541 851 130 31 kvinna
1690 853 81 30 med

267 883 231 37 minderåriga
516 885 87 31 barn
624 885 130 31 erhålla
772 888 216 35 avdragsrätt
1008 888 78 30 från
1105 889 53 30 sin
1176 890 268 33 arbetsinkomst
1461 892 56 31 för
1536 893 233 31 kostnaderna

267 924 56 31 för
347 926 139 37 anlitad,
513 928 199 36 nödvändig
733 929 191 37 hemhjälp,
950 935 89 26 samt
1061 931 86 31 efter
1168 932 93 31 vilka
1284 935 150 34 grunder
1457 936 216 35 avdragsrätt
1698 936 11 30 i
1732 936 38 31 så

265 966 65 31 fall
345 968 110 30 skulle
469 968 120 31 kunna
604 970 185 36 medgivas.
807 972 14 29 I
837 972 222 36 likalydande
1075 974 170 31 motioner
1261 985 43 20 av
1319 976 80 30 herr
1412 977 135 30 Arrhén
1562 988 45 21 m.
1625 979 36 29 fl.
1679 983 91 26 samt

266 1008 82 31 herr
378 1010 203 36 Fagerholm
618 1011 95 37 (1:54
743 1014 65 29 och
842 1014 44 30 TI:
905 1015 71 36 101)
1012 1016 151 37 begäres,
1192 1021 50 27 att
1271 1018 184 37 riksdagen
1483 1019 11 30 i
1525 1020 163 31 skrivelse
1721 1022 47 30 till

267 1050 123 37 Kungl.
413 1052 100 36 Maj:t
533 1052 107 32 måtte
657 1054 124 36 begära
801 1056 186 37 utredning
1003 1059 81 29 med
1102 1058 128 37 förslag
1248 1060 50 30 till
1319 1059 109 32 sådan
1446 1062 148 37 ändring
1612 1063 11 29 i
1642 1063 125 31 skatte-

265 1092 304 40 författningarna,
601 1100 49 26 att
678 1096 347 34 förvärvsarbetande
1056 1100 63 36 gift
1149 1101 129 31 kvinna
1310 1104 79 29 med
1418 1104 232 38 minderåriga
1679 1106 89 30 barn

264 1135 174 36 medgives
459 1137 124 37 skäligt
605 1139 130 36 avdrag
757 1140 56 30 för
834 1141 42 30 de
897 1150 41 21 av
961 1141 290 34 förvärvsarbetet
1271 1146 323 36 nödvändiggjorda
1615 1148 151 30 omkost-

264 1177 155 31 naderna
439 1178 55 31 för
513 1180 150 31 barnens
682 1182 136 30 skötsel.
839 1183 89 30 Herr
946 1184 146 30 Persson
1112 1185 10 29 i
1143 1186 193 31 Landafors
1357 1198 44 21 m.
1424 1189 37 30 fl.
1481 1189 106 36 begär
1604 1190 11 29 i
1634 1191 133 30 motion

265 1218 44 30 II:
326 1220 73 36 269,
419 1224 49 27 att
485 1221 186 37 riksdagen
689 1222 106 32 måtte
812 1225 134 31 besluta
965 1230 48 26 att
1033 1226 10 30 i
1064 1227 163 32 skrivelse
1246 1229 50 30 till
1317 1230 121 36 Kungl.
1462 1231 102 36 Maj:t
1583 1232 183 32 hemställa

263 1270 59 21 om
341 1262 213 36 proposition
573 1266 80 29 med
671 1265 130 37 förslag
820 1276 58 21 om
900 1267 108 31 sådan
1028 1269 147 37 ändring
1193 1281 42 20 av
1256 1272 159 34 gällande
1434 1273 331 33 kommunalskatte-

263 1303 56 36 lag
337 1308 49 26 att
403 1304 61 37 gift
484 1305 140 37 kvinna,
644 1316 75 21 som
737 1309 68 30 levt
825 1309 229 32 tillsammans
1072 1313 79 29 med
1170 1312 51 30 sin
1242 1323 82 21 man
1342 1315 65 29 och
1427 1325 73 20 som
1518 1316 78 31 haft
1613 1317 153 31 inkomst

262 1353 43 21 av
332 1351 73 31 eget
431 1347 115 30 arbete
574 1349 82 30 eller
681 1352 136 35 rörelse,
846 1351 57 30 må
928 1351 136 37 åtnjuta
1091 1355 128 37 avdrag
1246 1356 56 30 för
1331 1358 43 29 de
1399 1358 153 37 verkliga
1579 1360 187 31 kostnader

261 1387 72 30 hon
363 1388 76 31 haft
470 1390 55 30 för
555 1390 70 36 lejd
656 1393 211 31 arbetskraft
897 1394 56 31 vid
986 1395 127 31 skötsel
1143 1407 43 20 av
1214 1398 152 32 hemmet
1396 1401 111 30 under
1538 1402 66 29 den
1635 1402 50 30 tid
1714 1403 49 29 in-

261 1429 160 31 komsten
448 1431 208 38 förvärvats;
685 1434 96 37 eljest
808 1435 56 31 får
893 1438 128 36 avdrag
1049 1439 61 30 ske
1135 1441 79 29 med
1242 1442 62 29 200
1331 1442 138 37 kronor,
1498 1448 90 26 samt
1616 1449 49 26 att
1691 1455 72 20 ma-

261 1470 112 32 karna
402 1473 96 31 skola
527 1476 64 34 äga
621 1477 67 30 rätt
716 1477 50 30 till
796 1479 146 31 vardera
970 1484 46 26 ett
1044 1481 71 31 helt
1146 1483 244 38 grundavdrag
1417 1485 10 29 i
1457 1486 193 36 respektive
1679 1492 84 26 orts-

261 1521 158 29 grupper.

307 1561 75 30 Den
402 1561 106 37 fråga,
530 1573 76 20 som
625 1564 99 36 tagits
743 1574 71 27 upp
834 1565 11 29 i
866 1567 245 30 ovannämnda
1130 1568 179 37 motioner,
1331 1569 66 30 har
1418 1572 201 34 upprepade
1637 1570 127 38 gånger

260 1603 90 31 varit
373 1604 145 30 föremål
543 1604 96 31 såväl
662 1606 56 31 för
739 1607 202 36 riksdagens
965 1609 171 37 prövning
1159 1620 73 20 som
1257 1611 55 30 för
1338 1612 212 37 behandling
1574 1613 12 30 i
1611 1614 151 30 sakkun-

259 1645 279 36 nigkommittéer
555 1651 84 27 utan
657 1653 48 26 att
723 1650 66 29 den
806 1649 154 37 bringats
977 1652 162 30 närmare
1158 1652 50 30 sin
1228 1653 145 36 lösning.
1393 1654 51 30 Då
1464 1656 65 29 den
1546 1665 48 21 nu
1611 1651 151 46 återigen

260 1687 241 32 aktualiserats
527 1698 124 28 genom
676 1690 233 33 ovanstående
934 1693 171 31 motioner
1129 1694 50 30 till
1205 1694 89 31 årets
1322 1696 150 37 riksdag,
1499 1707 101 27 synes
1626 1700 56 30 det
1707 1709 56 21 oss

258 1731 187 36 angeläget,
469 1736 48 26 att
538 1732 185 36 riksdagen
746 1733 78 31 icke
845 1734 136 31 avvisar
1003 1736 203 32 densamma
1228 1741 84 27 utan
1335 1738 92 31 intar
1449 1749 42 21 en
1515 1750 94 22 mera
1636 1738 125 44 posiliv

258 1771 202 38 inställning
479 1775 44 29 än
542 1774 154 36 tidigare.
720 1775 197 33 Orsakerna
937 1778 115 30 härtill
1074 1779 61 30 äro
1155 1779 95 31 flera.
1273 1781 74 30 Den
1368 1782 116 31 starka
1507 1782 190 37 höjningen
1719 1794 42 20 av

257 1813 419 39 inkomstbeskattningen
695 1818 110 30 under
824 1818 187 38 krigsåren,
1032 1830 75 20 som
1124 1822 86 29 även
1231 1822 148 32 kommit
1398 1828 49 26 att
1465 1824 174 32 kännbart
1660 1827 99 29 drab-

257 1855 45 31 ba
320 1857 43 29 de
378 1856 133 32 mindre
528 1857 309 40 inkomsttagarna,
856 1861 65 30 har
937 1862 119 36 skärpt
1072 1863 261 32 konsekvensen
1351 1876 42 20 av
1413 1867 81 30 äkta
1512 1867 140 31 makars
1671 1878 88 21 sam-

256 1897 229 37 beskattning.
514 1900 125 31 Vidare
667 1902 64 30 har
757 1903 112 30 under
895 1904 41 29 de
962 1909 135 26 senaste
1124 1906 226 32 decennierna
1380 1909 64 29 den
1472 1908 85 37 gifta
1586 1910 173 32 kvinnans

256 1938 276 34 förvärvsarbete
555 1943 142 30 utanför
718 1944 153 31 hemmet
893 1947 156 30 alltmera
1074 1947 90 37 ökat,
1188 1949 199 35 varigenom
1410 1951 41 30 de
1472 1953 79 29 med
1574 1953 57 30 det
1652 1962 106 22 nuva-

255 1982 111 30 rande
385 1983 400 38 beskattningssystemet
805 1987 157 36 följande
983 1989 263 36 olägenheterna
1269 1992 146 31 kommit
1437 1997 48 27 att
1505 1994 48 29 bli
1577 1995 180 32 kännbara

255 2022 56 31 för
332 2033 43 21 en
394 2026 106 29 större
520 2027 93 30 krets
635 2037 42 20 av
697 2028 158 31 kvinnor.
877 2030 41 29 Vi
939 2030 82 36 vilja
1043 2031 104 31 också
1168 2032 187 32 framhålla
1377 2035 65 30 den
1464 2036 77 30 icke
1560 2038 105 29 minst
1686 2039 71 29 vik-

254 2064 70 37 tiga
344 2067 307 39 omständigheten,
671 2074 48 26 att
736 2070 462 39 befolkningsutvecklingen
1218 2076 65 29 och
1304 2077 65 30 den
1387 2077 217 33 förestående
1622 2076 134 45 stagna-

255 2107 118 31 tionen
396 2109 10 29 i
431 2110 144 31 utbudet
597 2121 42 20 av
662 2112 157 37 kvinnlig
843 2114 209 32 arbetskraft
1076 2118 60 34 gör
1159 2116 122 37 frågan
1308 2129 57 20 om
1390 2120 234 36 utnyttjandet
1647 2132 43 21 av
1717 2124 41 29 de

253 2149 179 37 kvinnliga
455 2152 313 33 arbetsreserverna
791 2155 10 29 i
825 2156 69 37 hög
915 2158 85 35 grad
1024 2158 138 32 aktuell.

299 2191 255 38 Efterföljande
575 2196 80 30 data
675 2198 149 30 rörande
845 2198 463 40 befolkningsutvecklingen
1330 2205 60 29 äro
1412 2206 133 34 ägnade
1567 2210 48 27 att
1638 2207 118 36 belysa

252 2234 242 37 utvecklingen
512 2236 44 35 på
575 2238 333 32 arbetsmarknaden
927 2243 80 29 med
1025 2243 148 31 särskild
1190 2245 137 36 hänsyn
1346 2246 51 30 till
1417 2248 65 29 den
1504 2248 178 37 kvinnliga
1703 2258 52 21 ar-

253 2275 224 33 betskraften.
498 2279 116 30 Under
633 2281 41 30 de
691 2286 135 26 senaste
845 2282 95 37 tjugo
958 2283 83 31 åren
1059 2285 75 31 före
1152 2286 107 36 kriget
1277 2288 66 30 har
1362 2288 177 33 tillskottet
1559 2291 50 30 till
1628 2291 126 31 arbets-

251 2318 218 31 marknaden
494 2330 42 20 av
561 2330 163 26 personer
747 2343 44 3 —
815 2325 83 29 män
923 2327 65 28 och
1013 2327 148 31 kvinnor
1184 2346 44 3 —
1253 2329 11 29 i
1290 2331 41 30 de
1356 2332 209 34 produktiva
1591 2332 164 32 åldrarna

252 2360 130 35 utgjort
408 2371 38 21 ca
472 2363 64 29 400
550 2363 63 30 000
640 2374 60 26 per
725 2364 166 33 årtionde.
922 2367 68 31 För
1015 2370 65 29 den
1107 2371 174 31 närmaste
1310 2372 286 38 10-årsperioden,
1627 2376 128 29 1945—

254 2401 95 38 1955,
372 2404 117 31 kunna
510 2405 32 30 vi
563 2406 111 30 räkna
693 2409 79 30 med
793 2412 50 26 att
863 2410 111 31 denna
995 2419 109 28 grupp
1127 2421 41 21 av
1188 2413 246 38 befolkningen
1458 2417 157 31 kommer
1638 2422 49 26 att
1706 2418 47 31 bli

251 2442 174 34 konstant.
451 2447 62 31 Det
538 2449 39 29 är
601 2450 187 31 emellertid
813 2455 49 26 att
884 2452 123 30 märka
1031 2458 48 26 att
1102 2453 353 40 åldersfördelningen
1482 2460 89 29 dock
1596 2460 158 32 kommer
