1882 2842
465 165 129 33 Första
619 163 259 43 lagutskottets
905 162 190 34 utlåtande
1120 162 55 34 Nr
1197 164 31 31 8.
1577 163 15 30 1

781 474 68 42 Nr
876 474 38 42 8.

613 648 103 25 Ankom
743 647 39 25 till
802 647 153 32 riksdagens
975 647 84 25 kansli
1080 647 50 25 den
1152 649 31 23 16
1205 646 114 25 februari
1341 648 67 23 1937
1429 645 34 26 kl.
1485 647 14 23 5
1519 655 21 15 e.
1562 654 33 16 m.

319 791 198 35 Utlåtande
541 791 11 33 i
576 790 192 41 anledning
793 801 46 22 av
864 788 135 43 Kungl.
1024 789 127 43 Maj:ts
1174 788 226 44 proposition
1423 788 84 34 med
1529 787 66 42 för:

529 844 75 42 slag
637 843 56 34 till
726 843 56 43 lag
816 855 59 22 om
908 843 245 43 upphävande
1185 855 45 22 av
1263 846 21 30 3
1308 842 22 41 $
1355 842 102 42 lagen
1483 841 69 34 den
1575 843 21 32 9

530 897 187 34 december
750 899 87 32 1910
872 896 58 42 (nr
959 899 74 38 141,
1068 896 66 34 sid.
1169 895 59 43 35)
1264 908 59 22 om
1357 895 240 34 emeritilöner

529 951 56 42 för
608 953 149 41 präster.

148 1069 139 35 Genom
320 1081 43 22 en
397 1069 70 33 den
503 1073 42 29 22
568 1068 142 42 januari
737 1071 85 30 1937
847 1066 239 43 dagtecknad,
1111 1066 56 33 till
1191 1066 204 42 lagutskott
1418 1064 178 35 hänvisad

101 1123 235 43 proposition,
360 1135 43 21 nr
428 1126 52 36 62,
505 1123 121 33 vilken
650 1121 216 35 behandlats
892 1133 46 22 av
963 1120 113 34 första
1100 1120 253 42 lagutskottet,
1379 1119 65 34 har
1461 1118 133 43 Kungl.

100 1177 113 42 Maj:t
246 1177 113 33 under
388 1176 228 43 åberopande
641 1188 46 21 av
710 1175 272 43 propositionen
1007 1174 146 42 bilagda
1177 1173 132 42 utdrag
1333 1185 45 21 av
1403 1172 192 34 statsråds-

100 1231 227 43 protokollen
352 1233 86 31 över
462 1229 385 35 ecklesiastikärenden
872 1228 184 42 föreslagit
1080 1227 191 43 riksdagen
1296 1232 57 29 att
1377 1231 133 38 antaga
1531 1226 64 34 föl-

100 1285 110 42 jande

747 1402 207 40 Förslag

829 1481 41 25 till

788 1553 130 40 Lag

180 1641 54 21 om
253 1633 225 35 upphävande
498 1640 43 20 av
559 1633 17 27 3
594 1632 19 35 8
632 1633 102 33 lagen
754 1632 66 27 den
838 1632 18 27 9
875 1631 178 28 december
1071 1631 72 28 1910
1160 1631 56 34 (nr
1234 1630 62 34 141,
1315 1630 63 28 sid.
1396 1630 49 34 35)
1463 1637 54 21 om

612 1676 234 29 emeritilöner
863 1676 55 28 för
936 1675 146 36 präster.

147 1787 220 43 Härigenom
392 1787 197 39 förordnas,
614 1791 57 29 att
695 1790 19 30 3
740 1788 14 38 $
779 1786 103 42 lagen
907 1786 70 33 den
1001 1789 19 30 9
1046 1785 186 34 december
1258 1788 84 30 1910
1368 1796 58 22 om
1443 1783 153 35 emeriti-

102 1841 99 33 löner
225 1841 55 33 för
303 1844 141 39 präster
468 1841 90 33 skall
583 1841 164 42 upphöra
771 1844 57 29 att
853 1840 103 41 gälla.

147 2029 130 32 Denna
301 2028 58 41 lag
382 2028 122 33 träder
528 2028 10 32 i
563 2027 99 34 kraft
686 2027 114 41 dagen
826 2027 92 33 efter
942 2026 79 40 den,
1047 2026 45 33 då
1118 2026 113 42 lagen,
1257 2025 111 42 enligt
1390 2025 88 33 därå
1499 2024 97 34 med-

102 2081 105 34 delad
233 2080 154 44 uppgift,
414 2081 79 33 från
519 2081 143 43 trycket
687 2080 197 34 utkommit
909 2080 10 33 i
945 2079 137 35 Svensk
1108 2078 398 43 författningssamling.

148 2393 15 32 I
191 2392 100 40 fråga
321 2404 57 20 om
404 2392 44 33 de
473 2392 76 33 skäl
575 2404 76 20 som
676 2392 93 40 ligga
795 2391 52 33 till
875 2391 115 41 grund
1016 2391 55 32 för
1095 2391 171 40 förslaget
1291 2390 54 33 får
1371 2390 191 39 utskottet,
1588 2390 10 32 i

102 2445 67 33 den
206 2447 82 30 mån
325 2445 221 40 redogörelse
572 2445 121 32 därför
717 2444 31 41 ej
776 2445 138 32 lämnas
940 2445 64 32 här
1029 2444 128 38 nedan,
1183 2443 151 34 hänvisa
1359 2443 54 33 till
1438 2443 160 42 proposi-

103 2498 132 33 tionen.

148 2562 102 30 Bihang
271 2562 40 25 till
329 2562 154 30 riksdagens
502 2563 133 30 protokoll
658 2564 74 23 1937.
771 2565 15 21 9
806 2562 75 25 saml.
919 2565 14 22 1
955 2562 60 25 avd.
1048 2562 39 24 Nr
1107 2564 24 22 8.
1549 2563 10 22 1
