2202 2622
704 159 243 32 Statsutskottets
970 163 163 30 memorial
1157 164 53 30 Nr
1232 164 72 32 118.
1720 169 37 33 31

326 239 59 29 Vid
408 242 187 30 förestående
618 245 123 29 ärendes
764 246 244 36 slutbehandling
1030 249 80 28 inom
1134 250 146 30 utskottet
1303 252 74 28 hava
1400 256 143 27 närvarit:

325 282 65 29 från
425 284 92 29 första
541 286 186 30 kammaren:
751 288 100 29 herrar
873 289 31 28 S.
929 290 37 28 IH.
993 291 200 36 Kvarnzelius,
1217 288 37 33 A'
1279 295 28 27 C.
1332 295 158 37 Lindblad,
1516 297 30 29 C.
1569 298 29 28 J.
1625 299 32 28 G.
1683 299 117 37 Swartz,

193 322 35 28 N.
253 327 35 25 A.
313 324 128 36 Nilsson,
464 327 29 27 J.
517 328 120 28 Nilsson
659 330 9 27 i
694 329 240 37 Skottlandshus,
958 333 39 27 I.
1021 334 31 26 F.
1077 334 114 35 Lamm,
1216 336 31 27 C.
1271 337 31 27 P.
1331 337 31 29 V.
1387 338 128 36 Nilsson,
1541 339 31 28 O.
1594 341 32 27 U.
1641 342 32 27 B.
1690 341 111 37 Olsson,

193 365 29 28 J.
246 365 33 28 L.
308 366 112 37 Widell,
446 369 30 27 0.
501 369 32 28 G.
558 370 125 35 Ekman,
707 372 29 28 J.
760 372 117 29 Nilsson
906 374 4 27 i
933 374 110 28 Malmö
1066 376 55 27 och
1147 377 32 27 0.
1205 377 148 35 Bergqvist
1377 384 76 23 samt

324 408 67 28 från
425 410 90 28 andra
549 412 186 30 kammaren:
770 414 100 28 herrar
903 417 35 26 A.
977 417 154 28 Anderson
1154 419 9 26 i
1188 418 137 37 Råstock,
1349 421 29 27 J.
1403 421 33 28 B.
1460 423 141 28 Eriksson
1625 425 9 27 i
1658 424 144 35 Griängcs-

191 448 77 35 berg,
292 450 36 27 K.
358 451 31 27 V.
415 451 109 36 Rydén,
548 454 29 27 J.
601 454 127 29 Jönsson
750 456 10 27 i
783 456 142 35 Revinge,
949 458 32 27 P.
1006 458 119 29 Nilsson
1149 461 6 26 i
1179 460 127 36 Bonarp,
1332 462 32 28 O.
1389 463 93 29 II:son
1509 465 128 37 Walden,
1652 466 32 29 O.
1700 467 100 29 Olsson

189 491 9 26 i
221 490 275 38 Kullenbergstorp,
520 494 30 28 S.
575 496 161 33 Bengtsson
758 498 10 27 i
790 498 113 35 Norup,
928 500 31 27 P.
984 500 33 27 B.
1042 500 118 29 Nilsson
1184 503 8 25 i
1220 503 161 35 Landeryd,
1407 505 29 27 C.
1462 506 32 27 R.
1518 507 129 28 Jansson
1671 509 8 27 i
1694 509 105 35 Falun,

192 532 30 27 L.
245 532 29 28 J.
300 533 308 31 Carlsson-Frosterud
630 537 55 28 och
709 538 30 28 &S.
764 539 32 27 BE.
820 540 29 28 J.
872 540 124 29 Liibeck.

835 771 313 45 Reservation:

319 884 48 22 av
403 874 85 34 herr
517 874 39 35 O.
588 875 130 36 Olsson
745 878 12 33 i
784 878 353 47 Kullenbergstorp,
1166 884 124 34 vilken
1320 885 234 37 beträffande
1583 889 133 44 anslag
1742 891 55 34 till

184 921 207 36 fristående
419 925 369 45 statsbeställningar
816 930 68 32 och
913 930 310 37 kristidsarbeten
1252 934 109 34 anför
1387 931 186 53 följande:

321 998 91 44 »Jag
452 1000 68 33 har
551 1000 32 43 ej
619 1001 146 36 kunnat
793 1004 148 35 biträda
969 1006 202 35 utskottets
1199 1009 215 43 tillstyrkan
1443 1023 48 23 av
1518 1012 45 35 de
1591 1014 206 36 fristående

187 1048 418 46 statsbeställningarna
627 1053 69 34 och
724 1054 224 36 anvisandet
975 1067 48 23 av
1051 1060 53 31 ett
1136 1058 119 36 under
1282 1062 221 35 nuvarande
1531 1063 262 37 förhållanden

186 1097 41 34 så
267 1099 213 44 betydande
521 1102 136 45 belopp
698 1115 79 23 som
821 1106 220 43 15,000,000
1082 1109 136 35 kronor
1245 1110 58 35 för
1331 1111 104 36 detta
1462 1114 110 43 syfte.
1626 1116 75 44 Jag
1727 1117 67 34 vill

186 1149 79 34 icke
306 1150 176 44 bestrida,
520 1155 55 32 att
602 1154 323 45 beställningarna
953 1158 129 34 kunna
1111 1160 150 35 komma
1288 1165 57 31 att
1373 1163 159 36 omfatta
1560 1169 236 42 statsgagne-

186 1200 76 42 liga
298 1201 69 33 och
408 1202 292 46 allmännyttiga
739 1206 215 45 produkter,
1001 1220 85 23 men
1128 1210 45 35 de
1214 1212 128 35 härför
1375 1213 245 47 erforderliga
1647 1218 148 34 medlen

185 1249 125 44 borde,
344 1252 13 32 i
385 1252 71 34 den
484 1253 86 35 mån
599 1255 161 35 behovet
786 1257 167 35 befinnes
985 1260 286 45 oundgängligt,
1300 1263 99 34 hava
1427 1266 127 35 äskats
1583 1267 69 34 och
1680 1268 115 35 bevil-

183 1300 78 42 Jats
301 1301 12 33 i
353 1303 130 43 vanlig
518 1304 162 45 ordning
706 1306 49 44 på
782 1308 209 43 respektive
1020 1310 237 37 huvudtitlar
1284 1314 68 34 och
1380 1315 80 34 icke
1488 1316 49 43 på
1565 1317 126 35 denna
1718 1330 76 23 om-

184 1353 74 41 väg
297 1355 89 32 över
425 1354 451 47 arbetslöshetsanslaget,
918 1360 85 34 med
1043 1372 87 23 vars
1158 1364 168 42 uppgift:
1356 1365 199 36 lindrande
1583 1379 48 23 av
1658 1380 135 32 genom

183 1400 181 46 ofrivillig
404 1405 246 36 arbetslöshet
691 1407 254 44 uppkommen
982 1411 88 44 nöd,
1116 1411 111 36 dessa
1267 1415 188 35 maskerat
1482 1417 313 45 industriprotek-

182 1452 213 36 tionistiska
424 1454 176 45 åtgärder
629 1457 102 35 hava
756 1459 148 43 mycket
930 1461 84 34 litet
1046 1467 244 38 gemensamt.
1344 1466 192 36 Utskottet
1562 1468 74 35 kan
1661 1470 135 35 visser-

183 1502 99 44 ligen
311 1506 110 42 sägas
460 1506 116 35 redan
605 1508 99 35 hava
732 1510 94 43 tagit
853 1510 235 45 ståndpunkt
1114 1514 12 33 i
1153 1513 135 45 frågan
1320 1527 134 32 genom
1483 1521 55 32 att
1566 1520 183 36 utskottet
1781 1522 12 33 i

183 1556 53 32 ett
262 1554 226 45 föregående
516 1558 207 44 utlåtande,
751 1572 45 22 nr
826 1561 56 43 17,
911 1561 194 46 föreslagit
1133 1565 68 34 och
1230 1566 200 45 riksdagen
1456 1569 164 36 beslutat
1639 1573 56 33 att
1714 1583 80 23 som

184 1604 133 45 bidrag
360 1607 55 33 till
456 1608 406 45 vattenfallstyrelsens
902 1612 336 47 kraftverksbygge
1278 1617 65 34 vid
1383 1619 98 34 Lilla
1521 1620 99 35 Edet
1663 1623 133 34 anvisa

184 1655 197 43 3,9200,000
422 1658 136 35 kronor
598 1671 48 23 av
686 1662 400 37 arbetslöshetsmedel.
1140 1666 130 44 Enligt
1298 1668 78 34 min
1405 1670 250 46 uppfattning
1681 1673 113 35 borde

183 1706 206 35 emellertid
430 1708 109 35 dessa
567 1711 121 34 medel
717 1712 90 44 utgå
835 1724 47 23 av
910 1713 45 35 de
984 1714 137 45 många
1148 1717 186 45 miljoner,
1364 1731 79 23 som
1472 1721 150 36 komma
1650 1726 56 32 att
1732 1724 62 35 be-

182 1756 112 43 viljas
322 1757 59 35 för
408 1759 532 40 understödsverksamhetens
967 1764 177 37 fortsatta
1171 1768 230 36 bedrivande
1430 1771 120 35 under
1577 1772 90 36 året.
1709 1774 82 35 Den

181 1806 84 35 hårt
306 1809 146 42 spända
492 1811 189 44 budgeten
722 1814 69 33 och
818 1814 332 45 nödvändigheten
1179 1829 48 23 av
1259 1819 71 35 den
1359 1824 214 42 strängaste
1603 1835 189 33 sparsam-

179 1857 64 35 het
270 1858 84 35 med
383 1863 143 32 statens
554 1862 121 36 medel
704 1875 111 32 synes
844 1866 76 43 mig
948 1867 173 44 omöjligt
1149 1869 128 34 kunna
1305 1871 175 44 medgiva
1509 1876 53 32 ett
1577 1878 120 31 annat
1715 1875 75 35 för-

181 1903 170 54 farande.
1057 1951 12 12 .

315 1960 61 35 Av
415 1973 144 24 samma
599 1964 80 34 skäl
721 1965 103 35 torde
851 1966 79 36 icke
959 1967 117 36 heller
1102 1969 117 45 något
1246 1971 161 36 tillskott
1434 1985 48 23 av
1510 1975 283 37 arbetslöshets-

181 2010 121 35 medel
330 2011 145 36 behöva
502 2014 89 34 eller
618 2015 91 34 böra
728 2016 271 44 ifrågakomma
1017 2019 60 34 för
1094 2019 507 41 kommunikationsverkens
1620 2026 171 37 kristids-

181 2061 163 35 arbeten.
400 2063 142 35 Genom
570 2065 221 45 riksdagens
824 2067 105 35 bifall
957 2069 56 34 till
1042 2072 233 42 proposition
1303 2085 46 22 nr
1379 2074 43 34 12
1441 2075 98 35 hava
1554 2076 238 37 lånemedel
1770 2057 24 61 i

179 2111 200 46 tillräcklig
406 2115 224 42 myckenhet
658 2118 122 33 ställts
807 2118 57 34 till
891 2118 225 46 förfogande
1144 2121 59 35 för
1230 2122 104 36 detta
1362 2125 188 35 ändamål.
1597 2127 81 35 Den
1700 2140 92 23 mer-

178 2161 172 45 kostnad,
380 2175 80 24 som
488 2165 109 36 dessa
624 2167 307 37 kristidsarbeten
961 2181 109 25 anses
1099 2172 169 36 medföra
1295 2174 12 34 i
1334 2174 222 44 Jämförelse
1585 2178 86 35 med
1691 2179 98 35 ordi-

180 2213 103 34 narie
324 2215 164 45 arbeten,
529 2217 105 35 torde
675 2230 45 22 ur
759 2220 240 44 synpunkten
1032 2233 49 23 av
1108 2223 526 49 kapitalkontobelastningen
1663 2229 128 36 kunna
