2212 2624
706 169 242 31 Statsutskottets
972 171 162 30 memorial
1157 170 52 31 N»
1232 171 68 34 118.
1752 173 17 29 d

333 253 37 46 a)
412 260 55 32 att
508 259 235 34 arbetslönen
786 259 62 34 vid
889 259 343 44 nödhjälpsarbete,
1275 271 78 23 som
1382 260 190 34 anordnas
1600 272 47 22 av
1675 264 135 40 staten,

198 307 81 33 icke
320 307 59 35 må
420 309 187 43 överstiga
648 304 46 40 ?/3
736 320 47 23 av
823 309 71 34 den
923 310 11 33 i
964 313 105 31 orten
1097 310 63 34 vid
1188 310 103 34 tiden
1320 311 152 42 vanliga
1500 311 225 43 avlöningen
1754 312 58 34 för

199 358 168 34 arbetare
395 370 47 22 av
470 370 145 23 samma
643 359 298 44 arbetsförmåga
969 360 69 33 och
1068 361 83 33 med
1179 360 179 34 liknande
1386 362 141 41 arbete;

332 405 36 46 b)
411 412 56 31 att
507 409 206 34 understöd
750 409 39 34 åt
816 410 179 34 medellös
1024 411 180 33 arbetslös
1232 410 85 34 från
1346 411 64 33 det
1438 412 192 33 allmänna
1657 430 49 3 —
1734 415 75 31 stat

198 458 68 33 och
308 458 177 34 kommun
527 477 46 3 —
612 460 79 33 icke
724 460 116 33 heller
868 459 61 34 må
957 461 188 42 överstiga
1173 460 63 34 det
1264 461 147 42 belopp,
1441 473 78 22 som
1550 461 120 34 under
1697 474 110 21 mom.

198 505 37 45 a)
264 510 41 31 är
345 511 143 39 nämnt,
531 509 132 33 varvid
692 509 95 33 skall
816 510 201 42 iakttagas,
1048 513 56 31 att
1131 510 126 34 därest
1285 510 117 34 sådan
1432 511 182 34 arbetslös
1642 512 168 41 åtnjuter

197 557 134 43 bidrag
370 569 47 23 av
445 559 256 42 arbetsgivare
730 560 89 32 eller
846 560 392 41 arbetslöshetskassa,
1268 560 244 34 understödet
1539 560 84 34 från
1653 561 63 34 det
1743 562 66 33 all-

198 610 139 31 männa
365 612 60 29 må
454 607 91 44 utgå
573 609 110 42 högst
710 609 85 33 med
824 609 41 34 så
892 612 96 32 stort
1015 610 147 43 belopp,
1192 612 56 32 att
1276 610 210 34 detsamma
1504 610 119 43 jämte
1644 611 166 34 nämnda

197 657 133 43 bidrag
357 657 149 43 uppgår
533 658 55 34 till
619 659 72 33 vad
720 659 120 34 under
869 671 109 22 mom.
1008 656 37 46 a)
1075 662 41 31 är
1142 663 149 38 nämnt;

331 704 33 47 c)
393 711 67 40 att,
490 708 68 34 där
585 708 245 35 understödet
858 720 47 23 av
933 710 218 34 statsmedel
1179 710 112 44 utgår
1317 711 56 34 till
1402 710 178 35 medellös
1613 711 192 42 arbetslös,

196 757 219 44 detsamma,
444 759 12 33 i
484 759 72 34 den
584 759 86 34 mån
700 760 63 33 det
781 763 41 30 är
841 759 160 44 möjligt,
1027 760 65 34 bör
1111 760 90 44 utgå
1219 761 38 33 in
1278 765 136 30 natura
1434 761 68 34 och
1526 761 80 34 icke
1627 762 174 42 kontant;

331 807 39 44 d)
400 812 54 31 att
482 809 335 44 nödhjälpsarbete
846 811 89 33 eller
958 811 205 34 understöd
1191 812 80 33 icke
1300 811 60 34 må
1387 812 165 33 tilldelas
1572 812 70 33 den
1664 823 79 23 som
1763 816 45 30 är

197 858 180 35 arbetslös
417 859 48 43 på
507 860 121 43 grund
669 871 47 23 av
744 861 367 43 arbetsnedläggelse
1141 858 133 46 (strejk
1302 862 88 33 eller
1416 860 166 44 lockout)
1611 863 89 33 eller
1728 874 78 22 som

198 911 135 40 vägrar
360 912 55 31 att
442 913 170 40 mottaga
640 911 137 41 arbete,
807 922 79 22 som
916 911 151 34 anvisas
1097 912 136 32 honom
1262 923 46 22 av
1328 912 173 43 offentlig
1520 912 288 34 arbetsförmed-

196 958 80 43 ling
317 959 88 33 eller
446 959 110 42 eljest
595 959 136 43 bjudes
773 960 137 34 honom
939 960 49 43 på
1015 961 149 43 rimliga
1191 962 146 41 villkor,
1367 962 89 33 eller
1484 973 79 23 som
1592 962 216 35 underlåter

195 1008 175 44 fullgöra,
399 1009 74 34 vad
502 1021 79 22 som
611 1009 60 35 må
699 1010 100 34 hava
827 1010 121 43 ålagts
977 1010 138 35 honom
1143 1011 11 33 i
1182 1010 109 45 fråga
1319 1022 58 23 om
1407 1014 56 31 att
1490 1012 90 34 söka
1608 1013 142 41 arbete;

330 1055 34 45 e)
405 1063 57 31 att
502 1060 190 43 kommun,
726 1071 80 23 som
835 1061 191 34 anordnar
1052 1061 334 44 nödbjälpsarbete
1414 1063 69 33 och
1511 1063 134 33 därvid
1674 1064 57 33 till
1759 1063 45 35 de

196 1110 207 34 arbetslösa
430 1111 188 34 utbetalar
645 1111 190 44 avlöning,
865 1123 79 22 som
973 1112 204 43 överstiger
1205 1107 47 41 ?/3
1281 1124 47 22 av
1356 1113 72 34 den
1456 1113 12 33 i
1493 1115 105 32 orten
1618 1114 64 33 vid
1701 1113 103 35 tiden

195 1161 153 42 vanliga
367 1161 227 43 avlöningen
614 1161 58 34 för
691 1162 169 34 arbetare
880 1173 48 23 av
952 1173 145 23 samma
1117 1162 297 44 arbetsförmåga
1433 1164 69 33 och
1523 1164 84 33 med
1627 1164 178 34 liknande

196 1211 137 41 arbete,
362 1211 80 34 icke
471 1223 47 22 av
546 1212 219 34 statsmedel
793 1212 61 34 må
882 1212 160 43 beviljas
1070 1212 123 44 någon
1223 1215 211 41 ersättning
1459 1213 60 34 för
1545 1213 76 34 vad
1649 1226 80 22 som
1758 1226 47 23 av

196 1260 226 35 kommunen
451 1262 157 42 utgivits
635 1262 57 34 till
721 1262 207 34 understöd
956 1263 89 34 eller
1073 1263 247 43 hyresbidrag
1347 1263 38 34 åt
1412 1264 179 34 medellös
1620 1265 184 41 arbetare;

328 1308 31 46 f)
400 1314 56 31 att
482 1312 191 42 kommun,
703 1324 79 23 som
811 1312 101 35 utför
939 1312 333 44 nödhjälpsarbete
1299 1314 13 33 i
1340 1325 91 32 egen
1459 1314 90 43 regi,
1578 1314 80 35 icke
1678 1315 128 35 därför

196 1361 95 34 skall
319 1364 71 40 äga
418 1365 56 31 att
502 1362 239 34 utbekomma
768 1363 135 43 bidrag
929 1364 56 33 till
1015 1364 217 34 arbetarnas
1261 1364 212 35 avlönande
1501 1376 48 23 av
1569 1366 234 42 statsmedel;

329 1408 39 47 g)
398 1414 55 32 att
481 1423 45 23 en
554 1412 240 44 fortlöpande
823 1413 162 34 kontroll
1014 1414 188 34 anordnas
1231 1417 89 31 över
1347 1415 85 33 hela
1451 1418 143 32 statens
1613 1416 191 34 verksam-

195 1462 63 34 het
286 1461 58 35 för
371 1463 317 34 arbetslöshetens
715 1463 261 44 bekämpande
1006 1464 69 34 och
1103 1465 561 35 arbetslöshetskommissionen
1684 1466 119 35 förses

195 1511 84 35 med
320 1512 144 35 sådana
492 1513 268 35 arbetskrafter
787 1514 69 34 och
884 1514 118 35 sådan
1032 1515 268 43 organisation,
1329 1518 56 32 att
1413 1514 71 36 den
1512 1516 74 34 kan
1615 1519 115 32 utöva
1758 1528 44 23 en

195 1562 154 35 effektiv
385 1564 162 34 kontroll
576 1564 21 34 å
624 1565 75 33 alla
727 1564 221 35 densamma
975 1565 287 43 underlydande
1286 1566 390 45 arbetslöshetsorgan
1706 1570 98 32 samt

195 1612 22 35 å
244 1613 292 35 kommunernas
564 1615 239 34 verksamhet
829 1615 58 34 för
914 1615 137 34 sådant
1078 1616 191 42 ändamål;

329 1660 39 47 h)
410 1667 56 32 att
506 1665 562 35 arbetslöshetskommissionen
1096 1666 152 44 ålägges
1285 1670 56 31 att
1367 1666 49 44 på
1443 1667 174 44 lämpligt
1641 1671 78 32 sätt
1745 1668 59 35 för

194 1714 105 43 varje
335 1714 140 35 månad
502 1715 117 34 innan
647 1715 191 45 utgången
867 1728 48 22 av
943 1716 257 44 nästföljande
1228 1716 139 35 månad
1394 1718 193 43 publicera
1614 1718 188 44 specifice-

193 1764 90 34 rade
324 1765 194 44 uppgifter
557 1777 66 32 per
663 1766 75 44 dag
773 1767 89 34 eller
888 1767 130 34 timme
1046 1766 21 35 å
1096 1767 45 34 de
1169 1768 241 42 arbetslöner,
1439 1779 80 23 som
1547 1768 22 34 å
1598 1770 74 33 alla
1698 1769 104 34 kom-

195 1815 202 34 missionen
426 1815 287 45 underlydande
741 1817 268 43 arbetsplatser
1036 1817 119 35 under
1182 1817 187 35 månaden
1397 1819 220 41 utbetalats;

327 1877 45 22 nr
400 1866 58 42 84,
488 1877 48 23 av
563 1867 85 34 herr
677 1866 40 35 G.
746 1867 205 34 Sederholm
978 1879 45 22 m.
1052 1867 48 44 fl.,
1130 1868 80 34 vari
1237 1868 225 44 föreslagits,
1492 1872 55 31 att
1569 1870 232 44 riksdagen
1779 1862 25 56 i

193 1915 205 45 anledning
425 1927 48 23 av
500 1916 140 44 Kungl.
670 1917 128 43 Maj:ts
826 1918 235 43 proposition
1089 1930 44 22 nr
1163 1920 43 32 11
1235 1920 89 33 ville
1352 1919 156 43 besluta,
1538 1923 56 31 att
1614 1932 47 22 av
1680 1920 120 35 under

193 1966 42 34 år
265 1967 92 34 1922
387 1968 185 43 anslagna
599 1968 119 34 medel
748 1969 56 33 till
833 1969 314 34 arbetslöshetens
1167 1969 259 44 bekämpande
1448 1971 197 42 5,000,000
1665 1971 136 35 kronor

193 2017 130 34 ställas
363 2018 56 33 till
457 2018 344 43 domänstyrelsens
828 2019 224 44 förfogande
1079 2019 58 35 för
1164 2020 263 35 anordnandet
1454 2032 47 23 av
1529 2022 153 43 statliga
1709 2022 91 34 nöd-

193 2067 282 43 hjälpsarbeten
517 2068 84 34 med
643 2069 261 44 torrläggning
935 2081 49 22 av
1011 2069 298 45 odlingsmarker
1335 2071 228 34 tillhörande
1590 2074 122 32 staten
1743 2072 58 35 för

193 2120 57 32 att
289 2118 116 43 sedan
446 2119 205 43 lämpligen
680 2119 151 43 styckas
871 2120 12 33 i
916 2120 315 44 brukningsdelar
1258 2121 69 33 och
1355 2121 182 43 utbjudas
1565 2122 56 34 till
1649 2122 151 44 försälj-

192 2168 102 43 ning,
323 2168 129 35 vidare
481 2172 55 31 att
566 2170 221 42 10,000,000
816 2170 137 34 kronor
980 2171 131 34 ställas
1129 2171 57 34 till
1206 2171 500 45 hushållningssällskapens
1726 2173 74 35 för-

191 2218 163 44 fogande
382 2219 59 34 för
459 2219 263 36 anordnandet
737 2232 48 23 av
803 2220 359 45 nödhjälpsarbeten
1183 2221 85 35 med
1287 2223 262 44 torrläggning
1568 2233 47 25 av
1634 2224 165 44 odlings-
